3992 6410
210 390 342 456 ΜΒ

1212 394 1314 455 DE
1358 392 1541 457 SITU
1581 393 1684 455 ΕΤ
1726 389 2004 458 NOMIN.
2048 392 2222 454 LOC.
2267 391 2636 454 HEBRAIG.

3502 395 3625 469 94!

210 540 339 597 quo
383 523 446 581 in
502 523 673 582 libris
739 526 1134 583 Hebraicarum
1189 526 1569 593 Quaestionum
1626 523 1858 596 plenius
1887 527 1944 594 Α
1974 523 2145 579 hodie
2175 523 2318 579 Gaia
2346 525 2488 579 urbs
2519 523 2734 579 dicitur
2760 521 3099 596 Palaestinas,
3121 523 3294 596 juxta
3331 526 3635 584 civitatem

215 611 596 686 disputatum
628 617 760 682 est).

290 702 500 774 Forgo,
532 701 739 759 civitas
768 703 933 776 regni
963 703 1168 759 Edom.

290 790 512 862 Farfar,
546 790 760 847 fluvius
790 791 1083 848 Damasci.

290 879 559 951 Fatbore,
592 880 750 953 regio
786 880 1018 953 Egypti
1058 881 1228 952 juxta
1280 877 1639 937 Ezechielem
1684 881 1742 936 et
1774 878 1868 934 Je-

208 967 488 1040 remiam,
519 968 582 1023 in
613 984 733 1040 qua
761 968 993 1040 profugi
1024 967 1360 1024 habitavere
1386 967 1598 1023 Judaei.

290 1188 472 1259 Geon,
503 1187 739 1260 ﬂuvius,
775 1189 876 1261 qui
904 1190 1059 1262 apud
1089 1188 1388 1261 IEgyptios
1418 1187 1586 1244 Nilus
1604 1191 1863 1257 vocatur,

210 1276 280 1331 in
311 1275 582 1349 paradiso
612 1277 828 1348 oriens,
861 1282 919 1334 et
959 1278 1292 1335 universam
1341 1276 1693 1348 [Ethiopiam
1751 1274 1866 1329 cir-

212 1364 506 1422 cumiens.

293 1454 639 1526 Gomorrha,
690 1471 810 1510 una
856 1455 926 1510 de
969 1455 1231 1526 quinque
1289 1453 1623 1509 civitatibus
1679 1452 1869 1507 Sodo-

213 1559 480 1615 morum,
513 1559 641 1615 quae
673 1558 807 1599 cum
847 1541 1092 1615 reliquis
1116 1542 1315 1599 divina
1345 1541 1567 1598 ultione
1590 1542 1869 1597 subversa

215 1634 336 1687 est.

287 1719 522 1790 Gerara,
555 1735 622 1775 ex
652 1720 825 1791 cujus
853 1720 1089 1776 nomine
1130 1737 1286 1776 nunc
1328 1718 1646 1776 Geraritica
1696 1734 1865 1773 voca-

209 1811 315 1862 tur
343 1807 502 1880 regio
551 1811 717 1864 trans
762 1808 1033 1879 Daroma,
1075 1809 1279 1881 procul
1329 1809 1402 1865 ab
1432 1804 1866 1878 Eleutheropoli

211 1893 481 1951 millibus
510 1894 717 1967 viginti
749 1896 1011 1968 quinque
1042 1897 1115 1951 ad
1140 1897 1469 1952 meridiem.
1503 1897 1641 1951 Erat
1670 1898 1866 1950 autem
1895 1894 1943 1959 B

210 1982 357 2039 olim
388 1983 677 2040 terminus
707 1984 1173 2041 Chananeeorum
1195 1986 1266 2041 ad
1289 1984 1604 2041 australem
1628 1983 1863 2056 plagam

209 2075 271 2127 et
301 2071 511 2131 civitas
540 2072 844 2145 metroplis
875 2073 1215 2141 Palaestinas,
1247 2075 1548 2146 Scriptura
1598 2088 1863 2129 comme-

212 2164 406 2217 morat
436 2160 618 2217 fuisse
645 2177 774 2218 eam
804 2161 957 2217 inter
983 2163 1166 2218 Gades
1195 2168 1252 2219 et
1281 2164 1412 2233 Sur,
1446 2163 1556 2218 hoc
1588 2166 1677 2218 est
1708 2162 1865 2216 inter

212 2249 368 2306 duas
397 2246 743 2307 solitudines
778 2267 790 2306 :
830 2267 1080 2323 quarum
1122 2268 1241 2307 una
1281 2256 1527 2325 Egypto
1568 2251 1861 2324 jungitur,

213 2339 290 2396 ad
318 2355 496 2411 quam
528 2337 783 2411 populus
812 2342 978 2396 trans
995 2341 1209 2396 fretum
1244 2341 1426 2396 Rubri
1458 2340 1640 2396 maris
1661 2355 1862 2412 perve-

212 2426 306 2485 nit
339 2447 354 2497 ;
387 2426 571 2485 altera
609 2444 744 2484 vero
803 2428 1006 2500 Gades,
1067 2446 1256 2502 usque
1315 2430 1384 2486 ad
1443 2430 1862 2486 Saracenorum

211 2533 480 2574 eremum
509 2516 861 2573 extenditur.

291 2604 530 2676 Galaad,
562 2621 734 2661 mons
765 2605 837 2662 ad
870 2622 1043 2678 quem
1072 2606 1322 2679 septimo
1354 2607 1447 2663 die
1493 2605 1864 2680 profectionis

221 2710 257 2751 e
284 2692 522 2751 Gharris
548 2694 724 2751 Jacob
754 2695 1038 2767 profugus
1066 2695 1242 2751 venit.
1276 2696 1379 2752 Est
1417 2700 1614 2751 autem
1645 2695 1718 2750 ad
1747 2698 1863 2750 ter-

209 2798 356 2857 gum
382 2782 682 2840 Pbmnices
702 2786 759 2839 et
782 2782 1283 2854 Arabim,collibus
1309 2784 1516 2840 Libani
1548 2783 1859 2857 copulatus

218 2870 647 2945 exenditurque
675 2888 781 2943 per
807 2873 1106 2929 desertum
1138 2889 1321 2944 usque
1364 2874 1436 2929 ad
1467 2890 1601 2930 eum
1645 2873 1861 2929 locum.

220 2960 325 3017 ubi
354 2964 518 3018 trans
546 2961 859 3017 Jordanem
890 2960 1174 3018 habitavit
1217 2963 1517 3034 quondam
1564 2963 1715 3018 Seon
1766 2977 1866 3017 rex

212 3048 938 3106 Amorrhaeorumﬂecidit
966 3050 1340 3122 supradictus
1371 3067 1541 3107 mons
1561 3051 1621 3106 in
1645 3053 1864 3106 sortem

213 3136 466 3195 filiorum
498 3137 702 3194 Ruben
731 3139 1002 3210 (eLGad,
1061 3143 1119 3194 et
1173 3139 1430 3195 dimidia:
1483 3140 1674 3196 tribus
1741 3140 1863 3195 Ma-

211 3243 388 3285 nasse
421 3244 435 3296 ;
470 3227 573 3283 sed
604 3230 661 3282 et
703 3227 984 3330 Ieremias
1015 3227 1171 3299 (xm,
1205 3228 1256 3299 6)
1313 3227 1593 3301 loquitur,
1652 3211 1863 3330 Galaad
1892 3260 1936 3327 Ο

212 3324 277 3372 tu
303 3317 446 3371 mihi
473 3317 700 3372 initium
729 3316 970 3388 Libani),
1002 3334 1037 3372 a
1066 3333 1181 3388 quo
1209 3321 1406 3372 monte
1437 3321 1493 3372 et
1537 3317 1740 3373 civitas
1800 3316 1862 3373 in

194 3398 284 3462 'eo
316 3404 571 3475 condita,
606 3404 812 3461 sortita
839 3404 1192 3462 vocabulum
1220 3411 1311 3462 est
1344 3423 1357 3461 :
1392 3422 1569 3478 quam
1619 3405 1773 3478 cepit
1799 3407 1868 3461 de

213 3494 695 3550 Amorrhaaorum
727 3510 907 3549 manu
962 3493 1181 3551 Galaad
1236 3494 1393 3551 filius
1462 3494 1703 3564 Machis,
1763 3493 1870 3550 lilii

221 3582 516 3640 Manasse.

296 3672 501 3743 Gader,
535 3672 736 3743 turris,
770 3672 868 3728 ubi
892 3671 1195 3729 habitante
1222 3673 1417 3745 Jacob,
1452 3672 1655 3728 Ruben
1688 3672 1870 3744 patris

218 3758 463 3818 violavit
489 3769 683 3817 torum
716 3761 856 3832 (qszc
889 3778 1107 3833 aasque
1165 3763 1209 3816 G
1249 3761 1465 3833 littera,
1519 3762 1578 3816 in
1634 3760 1871 3817 Hebraeo

220 3850 358 3906 adcr
386 3851 540 3922 (Tm)
571 3849 891 3919 scribitur).

298 3938 611 4010 Gettbaim,
644 3955 747 4011 pro
780 3938 977 4011 quain
1013 3939 1248 3995 Hebraeo
1281 3939 1539 4011 positum
1591 3939 1746 3995 218
1787 3942 1878 3994 est

222 4026 421 4097 Avith,
455 4026 657 4083 civitas
688 4027 875 4098 Adad,
911 4026 1010 4098 qui
1038 4031 1284 4098 quartus
1328 4027 1588 4099 regnavit
1615 4028 1675 4081 in
1725 4032 1879 4083 terra

223 4116 506 4187 Idumma,
539 4131 665 4187 quae
697 4131 853 4171 nunc
884 4114 1174 4171 Gebalene
1206 4114 1439 4170 dicitur.

300 4203 531 4275 Gesem,
564 4203 723 4275 regio
756 4201 1009 4275 Egypti,
1071 4200 1134 4256 in
1193 4217 1309 4272 qua
1366 4200 1649 4257 habitavit
1701 4202 1880 4257 Jacob

227 4308 367 4350 cum
398 4290 602 4349 liberis
632 4291 778 4348 suis.

448 4415 538 4473 DE
566 4415 887 4473 NUMERIS
942 4415 1035 4471 ET
1071 4413 1666 4471 DEUTERONOMIO.

305 4515 922 4587 Gasiongaber,castra
953 4513 1013 4568 in
1046 4512 1362 4568 solitudine
1394 4511 1649 4569 filiorum
1678 4511 1880 4585 Israel,

230 4604 390 4661 sicut
414 4603 474 4659 in
533 4603 925 4659 Numerorum
982 4600 1130 4657 libro
1198 4600 1483 4673 scriptum
1541 4604 1649 4656 est.
1710 4601 1885 4657 Porro
1919 4627 1965 4692 D

221 4695 402 4765 juxta
431 4690 950 4748 Deuteronomium
982 4689 1187 4745 civitas
1217 4694 1306 4746 est
1334 4691 1690 4761 Esau,quam
1732 4706 1889 4746 nunc

230 4782 429 4839 Esiam
459 4780 791 4854 nuncupari
823 4782 1054 4851 putant,
1079 4778 1253 4850 juxta
1304 4795 1464 4834 mare
1505 4778 1772 4834 Rubrum
1835 4783 1893 4834 et

210 4926 215 4931 .
234 4868 454 4926 Ailam.

310 4959 435 5031 Gai,
469 4959 528 5015 in
555 4958 872 5016 solitudine
891 4962 1082 5014 castra
1101 4956 1357 5013 ﬁliorum
1390 4955 1568 5013 Israel
1591 4974 1611 5012 :
1635 4964 1688 5013 et
1707 4973 1894 5029 usque

313 5138 329 5171 ¹
361 5136 574 5193 Sortem
602 5138 782 5192 tribus
808 5136 1033 5193 Iudaeae.
1061 5135 1223 5191 Unus
1268 5151 1379 5191 ms.
1414 5136 1593 5191 codex
1622 5135 1896 5194 Colberti-

236 5225 355 5283 nugs
368 5224 491 5283 pro
520 5208 843 5283 Judzlegit
872 5208 1064 5280 Ioseph
1093 5211 1375 5283 Murus:

314 5277 938 5362 ’PutaHSophoniam,
989 5277 1125 5362 cap.
1189 5295 1261 5362 IL,
1321 5277 1469 5362 Hine
1523 5281 1581 5332 et
1638 5278 1696 5333 in
1745 5284 1897 5362 Apo-

236 5351 584 5423 spasmatiis
639 5349 853 5423 incesti
902 5349 1155 5423 auctoris
1212 5349 1391 5423 Graeci
1456 5352 1614 5404 tomo
1691 5349 1900 5423 quarto

236 5420 725 5496 Geographorum
758 5422 1045 5477 Minorum
1078 5422 1246 5476 Nova:
1305 5420 1467 5476 Gazae
1527 5425 1615 5475 est
1660 5420 1899 5478 mentio.

1980 613 2227 666 Petram.

2047 700 2285 755 Celmon
2336 698 2726 772 Deblathaim,
2774 704 2986 770 castra,
3033 701 3092 758 id
3140 706 3249 774 cst,
3294 701 3522 760 mansio
3552 702 3625 778 fi-

1974 788 2189 843 liorum
2223 788 2398 844 Israel
2429 788 2489 844 in
2519 790 2767 845 deserto.

2047 878 2306 949 Gadgad,
2340 894 2511 934 mons
2540 878 2602 934 in
2633 879 2879 951 deserto,
2912 879 3013 936 ubi
3042 879 3438 937 castrametati
3485 882 3625 937 sunt

1976 965 2082 1021 ﬁlii
2114 966 2312 1023 Israel.

2047 1055 2218 1126 Gaza,
2251 1055 2455 1112 civitas
2486 1057 2804 1128 Evaeorum,
2832 1056 2891 1111 in
2921 1073 3040 1129 qua
3084 1058 3419 1114 habitavere
3474 1057 3622 1130 Cap-

1975 1144 2247 1216 padoces,
2306 1143 2573 1215 pristinis
2639 1144 2967 1200 cultoribus
3024 1145 3366 1202 interfectis.
3448 1146 3620 1219 Apud

1974 1236 2195 1288 veteres
2228 1236 2354 1289 erat
2402 1233 2691 1289 terminus
2734 1233 3198 1289 Chananaeorum
3240 1234 3414 1306 juxta
3448 1235 3624 1307 Egy-

1974 1325 2162 1393 ptum,
2196 1321 2517 1392 ceciditque
2541 1322 2601 1376 in
2632 1327 2847 1377 sortem
2869 1321 3060 1377 tribus
3089 1322 3250 1378 Iudae
3275 1325 3293 1358 ¹
3320 1340 3333 1379 :
3369 1323 3470 1379 sed
3491 1337 3622 1380 eam

1974 1416 2170 1466 tenere
2196 1426 2312 1464 non
2344 1410 2553 1481 potuit,
2587 1410 2726 1481 quia
2774 1410 3033 1480 Enacim,
3076 1409 3134 1465 id
3168 1413 3284 1483 est
3331 1411 3622 1484 gigantes,

1973 1496 2421 1569 Allophylorum
2450 1498 2776 1567 fortissimi,
2812 1499 3158 1554 restiterunt
3189 1517 3202 1566 ;
3235 1502 3295 1553 et
3322 1502 3413 1554 est
3433 1513 3624 1572 usque

1976 1586 2148 1641 hodie
2177 1586 2430 1657 insignis
2455 1586 2660 1641 civitas
2686 1586 3027 1642 Palaestinae.
3062 1587 3378 1659 (Quaeritur
3424 1589 3623 1644 autem

1978 1674 2273 1745 quomodo
2303 1674 2363 1728 in
2392 1674 2650 1744 quodam
2689 1673 2972 1745 propheta
3023 1675 3045 1708 ²
3075 1674 3305 1731 dicatur
3352 1674 3505 1731 Gaza
3532 1675 3626 1730 fu-

1977 1766 2112 1817 tura
2157 1760 2218 1815 in
2267 1761 2566 1817 tumulum
2638 1761 3058 1831 sempiternum
3103 1779 3115 1818 :
3169 1763 3326 1834 quod
3382 1761 3627 1818 solvitur

1975 1850 2076 1921 ita,
2128 1850 2385 1921 antiquae
2431 1849 2683 1906 civitatis
2730 1849 2925 1905 locum
2971 1850 3066 1905 vix
3107 1851 3625 1907 fundamentorum

1977 1940 2231 2011 praebere
2286 1938 2554 2010 vestigia,
2646 1938 2794 1994 hanc
2854 1943 3051 1995 autem
3109 1955 3237 2010 qum
3290 1955 3448 1994 nunc
3497 1955 3618 1995 cer-

1973 2028 2131 2083 nitur
2180 2027 2240 2082 in
2293 2026 2406 2083 alio
2454 2027 2599 2098 loco,
2648 2044 2752 2098 pro
2801 2026 2902 2082 illa
2948 2043 3076 2099 quae
3130 2027 3370 2098 corruit,
3439 2026 3623 2083 aediﬁ-

1972 2121 2160 2172 catam
2173 2116 2210 2186 .)

2041 2204 2303 2277 Gargasi,
2337 2203 2538 2260 civitas
2571 2207 2735 2260 trans
2776 2204 3115 2274 Jordanem,
3157 2204 3367 2275 juncta
3435 2205 3623 2262 monti

1972 2294 2210 2363 Galaad,
2260 2308 2437 2365 quam
2504 2293 2694 2347 tenuit
2757 2292 2948 2348 tribus
3013 2292 3300 2348 Manasse.
3366 2293 3433 2347 Et
3498 2293 3622 2350 haec

1972 2398 2097 2438 esse
2158 2398 2315 2437 nunc
2374 2379 2588 2437 dicitur
2642 2380 2878 2451 Gerasa,
2935 2380 3078 2435 urbs
3151 2379 3401 2451 insignis
3474 2386 3620 2436 Ara-

1974 2471 2079 2526 biae
2110 2472 2150 2524 ³.
2184 2470 2433 2536 Quidam
2467 2472 2663 2525 autem
2712 2469 2904 2540 ipsam
2962 2484 3092 2524 esse
3148 2467 3437 2525 Gadaram
3468 2468 3622 2525 aesti-

1973 2564 2156 2617 mant.
2219 2560 2330 2616 Sed
2385 2564 2442 2614 et
2498 2555 2874 2630 Evangelium
2936 2556 3208 2613 meminit
3262 2556 3621 2630 Gergeseno-

1973 2665 2127 2715 rum,

2043 2738 2338 2810 Gaggada,
2372 2737 2472 2792 ubi
2497 2751 2782 2808 aquarum
2806 2738 3096 2792 torrentes
3125 2736 3395 2792 sunt.Est
3422 2739 3620 2793 autem

1974 2826 2140 2883 locus
2169 2827 2229 2881 in
2261 2824 2599 2881 solitudine.

2044 2913 2289 2984 Gaulon,
2346 2913 2464 2968 sive
2520 2911 2745 2984 Golam,
2800 2912 2861 2967 in
2890 2912 3048 2968 tribu
3106 2915 3375 2969 Manasse
3414 2913 3622 2969 civitas

1973 3001 2352 3059 sacerdotalis
2384 3005 2441 3056 et
2473 3001 2872 3073 fugitivorum,
2904 3001 2966 3055 in
2998 3001 3232 3073 regione
3262 3001 3618 3058 Basanitide.

1972 3092 2077 3147 Sed
2111 3094 2167 3146 et
2195 3106 2352 3145 nunc
2378 3088 2600 3145 Gaulon
2657 3094 2900 3145 vocatur
2946 3088 3085 3143 villa
3139 3089 3502 3161 praegrandis
3555 3088 3617 3145 in

1974 3182 2261 3249 Batanaea,
2290 3195 2358 3233 ex
2389 3179 2561 3249 cujus
2594 3178 2830 3233 nomine
2858 3182 2916 3233 et
2944 3177 3104 3249 regio
3134 3177 3343 3232 sortita
3368 3177 3619 3233 vocabu-

1972 3270 2097 3325 lum
2127 3273 2234 3324 est.

2047 3358 2244 3428 Gebal,
2274 3373 2444 3413 mons
2473 3356 2534 3411 in
2567 3361 2722 3413 terra
2751 3355 3222 3429 repromssionis,
3278 3356 3379 3413 ubi
3409 3357 3482 3412 ad
3513 3356 3623 3413 im-

1978 3448 2207 3520 perium
2239 3446 2417 3502 Mosis
2472 3444 2655 3501 altare
2687 3449 3091 3502 constructum
3145 3446 3299 3502 219
3330 3449 3438 3501 est.
3473 3446 3624 3502 Sun‘t

1979 3540 2174 3593 autem
2196 3537 2374 3607 juuta
2399 3534 2628 3591 .lericho
2658 3535 2773 3589 duo
2801 3539 3029 3590 montes
3078 3534 3258 3590 vicini
3315 3538 3520 3590 contra
3562 3550 3627 3591 se

1979 3625 2228 3681 invicem
2262 3622 2659 3696 respicientes,
2694 3639 2724 3678 e
2756 3623 2972 3695 quibus
3002 3640 3158 3679 unus
3188 3623 3461 3693 Garizim,
3485 3621 3630 3678 alter

1981 3714 2161 3770 Gebal
2233 3713 2469 3781 dicitur,
2558 3713 2727 3768 Porro
2813 3712 3166 3768 Samaritani
3249 3710 3629 3783 arbitrantur,

1984 3804 2093 3860 hos
2126 3804 2274 3858 duos
2308 3807 2538 3857 montes
2561 3802 2733 3872 juxta
2762 3800 3060 3871 Neapolim
3111 3814 3239 3855 esse
3275 3817 3288 3867 ;
3322 3800 3423 3855 sed
3453 3798 3633 3854 vehe-

1986 3897 2214 3948 menter
2242 3896 2440 3947 errant
2474 3906 2486 3945 :
2521 3889 2845 3961 plurimum
2876 3889 3032 3944 enim
3065 3887 3218 3943 inter
3273 3904 3335 3943 se
3392 3887 3636 3957 distant,

1993 3998 2101 4037 nec
2130 3984 2380 4052 possunt
2403 3978 2651 4034 invicem
2690 3976 3162 4032 benedicentium
3223 3975 3343 4031 sive
3402 3974 3643 4032 maledi-

1990 4070 2253 4125 centium
2286 4068 2438 4123 inter
2468 4083 2531 4122 se
2563 4066 2751 4122 audiri
2764 4082 2931 4122 voces
2963 4066 3139 4137 (quod
3160 4064 3463 4137 Scriptura
3490 4080 3645 4131 com-

1993 4156 2323 4228 memorat).

2065 4245 2320 4315 Garizin,
2356 4261 2523 4300 msns
2554 4260 2733 4317 super
2762 4260 2938 4316 quem
2972 4246 3261 4300 steterunt
3288 4242 3349 4298 hi
3393 4242 3496 4315 qui
3525 4257 3648 4299 ma-

1991 4334 2205 4390 ledicta
2262 4335 2638 4402 resonabant,
2669 4334 2842 4405 juxta
2886 4350 3065 4406 supra
3111 4332 3335 4388 dictum
3385 4336 3647 4390 montem

1994 4424 2167 4479 Gebal
2181 4466 2193 4478 .

2070 4511 2304 4583 Golgor,
2338 4528 2466 4582 quae
2497 4516 2555 4567 et
2584 4510 2808 4583 Galgal,
2835 4513 3007 4582 juxta
3035 4526 3215 4582 quam
3264 4511 3494 4563 montes
3519 4521 3650 4563 esse

2003 4601 2342 4657 scribuntur
2372 4600 2604 4655 Garizin
2638 4606 2698 4654 et
2725 4599 2922 4655 Gebal.
2972 4598 3172 4670 Galgal
3214 4600 3433 4663 autem,
3485 4592 3651 4649 locus

1998 4694 2086 4746 est
2103 4690 2273 4760 juxta
2315 4688 2567 4744 Jericho.
2623 4688 2825 4756 (Erant
2880 4687 3061 4759 igitur
3117 4682 3489 4752 Samaritani,
3548 4681 3653 4753 qui

1998 4780 2170 4849 juxta
2202 4776 2506 4849 Neapolim
2538 4776 2771 4832 Garizin
2802 4780 2859 4830 et
2888 4773 3071 4830 Gabal
3098 4777 3327 4837 montes
3347 4770 3655 4827 ostendam

2000 4866 2222 4937 volunt,
2257 4883 2392 4922 cum
2424 4864 2557 4921 illos
2596 4867 2767 4936 juxta
2795 4862 2997 4935 Galgal
3044 4879 3173 4918 esse
3237 4859 3538 4931 Scriptura
3566 4861 3650 4915 te-

2004 4960 2230 5025 stetur).

2082 5135 2102 5167 ³
2133 5133 2410 5201 Origenes
2431 5147 2584 5201 vero,
2618 5130 2676 5185 in
2707 5131 3063 5197 Mattbmum,
3099 5144 3240 5201 pag.)
3281 5126 3407 5201 131,
3441 5124 3654 5201 Gerge-

2010 5223 2137 5261 sam
2170 5196 2488 5259 Palaestina:
2543 5196 2579 5257 a
2631 5204 2847 5257 Gerasa
2903 5196 3128 5255 Arabia}
3180 5196 3515 5269 distinguit.
3553 5196 3658 5269 _'Ex

2012 5277 2339 5331 Piotlemaeo
2361 5291 2595 5346 quoque
2619 5273 3001 5346 discimusdu
3013 5288 3075 5327 as
3087 5267 3467 5346 cognomines
3480 5267 3657 5346 urbes

2012 5349 2327 5416 exstitisse,
2377 5341 2661 5401 'nlterum
2744 5344 2801 5398 in
2870 5343 3260 5416 Quale-Syria,
3346 5342 3518 5416 cujus
3602 5341 3660 5416 et

2012 5410 2346 5491 Stephanus
2396 5418 2632 5491 Byzant.
2703 5414 3021 5491 m_cminit_,_
3079 5410 3273 5491 Γξρᾳσα
3355 5410 3492 5491 πέλις
3529 5479 3540 5491 .
3571 5410 3660 5468 τῆς

240 5479 494 5564 lacerat;
549 5500 885 5564 Ῥινοκόρονρα
932 5504 967 5560 ὴ
1023 5500 1110 5547 νέα
1166 5499 1296 5564 Γάζα.
1351 5500 1505 5564 uitat
1588 5498 1725 5557 πόλῖς
1780 5504 1869 5553 οὔσ

2017 5479 2192 5556 Keil-mc
2221 5479 2719 5564 zupiagfalteram
2751 5486 2809 5541 in
2850 5479 3065 5564 Arabia
3111 5488 3348 5564 lfetrzea.
3403 5479 3663 5563 Denique

241 5565 333 5615 ut
361 5562 510 5623 αὐτή.
570 5567 697 5619 Post
737 5560 1187 5620 "Rhinocoruram
1233 5563 1383 5617 Nova
1439 5560 1603 5631 Gaza,

1674 5555 1800 5633 quae
1855 5574 1907 5620 et
2015 5567 2072 5633 et
2130 5555 2353 5633 Flaccus
2398 5560 2724 5633 Gerasoruin
2774 5556 3325 5633 provinciae/trahite
3384 5555 3662 5626 episcopus

244 5640 471 5715 ipsa_est
498 5636 775 5715 civitates,
798 5637 910 5693 sita
935 5642 1032 5693 est.
1058 5634 1269 5691 Vid.et.
1303 5627 1712 5693 Curtium'lib'.
1746 5653 1820 5715 iv,
1851 5640 1910 5696 et
2018 5630 2477 5691 Ghalcedonensi
2507 5629 2752 5687 concilio
2774 5627 3154 5703 subscripsit.

244 5704 579 5770 Arrianum
603 5704 706 5769 lib.
740 5724 804 5779 ,1.
