3992 6394
1660 382 1728 444 S.
1772 378 2082 444 EUSEBII
2118 377 2594 446 ΗῙΕΒΟΝΥΜῙ.

494 518 623 589 Gai;
655 519 716 574 in
748 516 941 585 Moab,
970 518 1128 590 quod
1158 517 1601 588 interpretatur,
1652 512 1822 570 vallis
1871 515 2063 579 Moab,
2085 516 2150 580 Ἀ
2252 514 2664 587 Golatbmaim,
2698 515 2859 573 locus
2890 516 2990 589 qui
3046 515 3465 587 interpretatur
3514 511 3830 586 possead!)

422 608 594 679 juxta
625 604 869 679 Phogor,
905 604 1003 661 ubi
1027 603 1294 677 sepultus
1324 607 1414 659 est
1442 607 1649 657 Moses.

973 692 1063 747 DE
1094 690 1306 748 LIBRO
1334 690 1518 746 JESU.

502 780 762 854 Galgala,
796 782 919 837 haec
948 785 1036 837 est
1066 797 1243 852 quam
1274 796 1453 850 supra
1501 777 1808 850 posuimus
1849 776 2071 849 Golgol,

445 869 884 927 adorientalem
915 868 1150 942 plagam
1180 868 1433 939 antiquae
1462 866 1733 923 Jerichus
1763 866 1847 921 cis
1876 866 2077 921 Jorda—

432 974 589 1028 nem,
622 959 725 1014 ubi
749 959 923 1016 Jesus
963 958 1220 1013 secundo
1274 955 1556 1029 populum
1605 954 1992 1019 circumcidit,
2022 956 2079 1009 et

414 1046 656 1104 “Pascha
701 1046 1033 1115 celebravit,
1077 1052 1135 1102 et
1178 1045 1482 1100 deficiente
1546 1059 1783 1114 manna,
1835 1041 2078 1098 triticeis

432 1134 686 1209 panibus
715 1140 965 1191 ususest
982 1133 1248 1190 Israel.ln
1282 1133 1409 1205 ipso
1443 1132 1568 1187 loco
1585 1131 1812 1203 lapides
1844 1147 2079 1203 quoque

418 1236 584 1295 quos
605 1224 676 1279 de
707 1223 865 1279 alveo
896 1222 1008 1295 (Al.
1040 1220 1271 1293 alveolo]
1303 1221 1578 1276 Jordanis
1630 1220 1911 1287 tulerant,
1959 1223 2076 1275 sta-

420 1315 719 1367 tuerunt:
773 1312 872 1366 ubi
915 1315 973 1366 et
1015 1309 1464 1365 tabernaculum
1515 1308 1839 1364 testimonii
1896 1308 2077 1363 fixum

432 1400 618 1455 multo
648 1403 908 1471 tempore
938 1398 1295 1453 fuit.Cecidit
1323 1402 1520 1453 autem
1543 1398 1602 1453 in
1635 1402 1857 1453 sortem
1890 1398 2080 1452 tribus

429 1487 619 1553 Judae,
649 1491 708 1542 et
737 1487 1062 1542 ostenditur
1094 1502 1284 1558 usque
1314 1486 1487 1541 hodie
1514 1485 1679 1541 locus
1712 1486 1978 1540 desertus
2020 1484 2079 1538 in

431 1574 693 1631 secundo
714 1574 986 1631 Jerichus
1017 1574 1317 1641 milliario,
1349 1576 1420 1629 ab
1446 1574 1607 1629 illius
1636 1572 1892 1645 regionis
1923 1589 2077 1628 mor-

407 1662 652 1719 -talibus
680 1662 831 1719 miro
858 1662 1022 1718 cultu
1074 1663 1335 1718 habitus.
1394 1663 1508 1718 Sed
1550 1666 1609 1718 et
1656 1664 1829 1733 juxta
1884 1660 2083 1716 Bethel

434 1751 676 1823 quidam
707 1750 885 1808 aliam
916 1750 1220 1823 Galgalam
1252 1752 1649 1824 suspicantur.

2181 619 2343 673 aquae
2376 605 2416 658 ³.

2253 691 2472 759 Gadda,
2505 693 2565 748 in
2597 694 2756 749 tribu
2811 694 2981 748 .luda.
3016 692 3116 747 Est
3145 696 3341 747 autem
3372 690 3668 762 hodieque
3686 687 3830 745 villa

2181 780 2240 834 in
2271 781 2541 836 extremis
2571 782 2786 837 ﬁnibus
2807 782 3067 837 Daromaa
3113 783 3315 836 contra
3366 779 3672 849 orientem,
3720 777 3834 832 im-

2185 868 2416 924 minens
2444 870 2593 927 mari
2625 870 2875 925 Mortuo.

2258 958 2500 1023 Gadera,
2523 956 2581 1012 in
2607 959 2761 1014 tribu
2792 959 2983 1014 Juda:
3016 974 3173 1014 nunc
3201 956 3535 1030 appellatur
3578 953 3721 1010 villa
3752 952 3835 1008 ad

2188 1046 2480 1117 regionem
2514 1047 2761 1102 civitatis
2797 1047 3067 1103 .IEliensis
3103 1046 3423 1119 pertinens,
3456 1044 3693 1100 nomine
3720 1044 3833 1097 Ga-

2187 1135 2345 1202 dora,
2380 1136 2533 1190 circa
2560 1136 3004 1191 Terebinthlm.

2258 1223 2545 1291 Cahedur,
2577 1224 2635 1279 in
2681 1224 2831 1279 iribu
2869 1225 3026 1280 Juda
3057 1242 3069 1279 :
3102 1222 3393 1295 hodieque
3438 1222 3677 1277 vocatur
3725 1220 3834 1276 Ge-

2188 1312 2519 1379 drus,vicus
2550 1312 2905 1385 praegrandis
2934 1313 2993 1367 in
3028 1312 3252 1368 decimo
3283 1309 3556 1367 milliario
3584 1306 3836 1382 Diospo-

2191 1401 2310 1455 leos
2341 1401 2723 1472 pergentibus
2758 1400 3272 1473 Eleutheropolim.

2261 1489 2447 1559 Gabli,
2472 1494 2625 1545 terra
2655 1488 3109 1561 Allophylorum.

2262 1578 2460 1645 Gison,
2493 1577 2553 1632 in
2583 1577 2739 1633 tribu
2768 1578 2945 1633 Juda.

2264 1666 2465 1733 Gelon,
2496 1666 2556 1720 in
2586 1667 2749 1721 tribu
2780 1667 2951 1721 Juda.

2263 1754 2576 1825 Gaderoth,
2610 1755 2670 1810 in
2701 1754 2818 1810 trib
2838 1755 3049 1810 uJuda.

500 1840 627 1908 Gai,
652 1841 823 1912 juxta
853 1840 1085 1936 Eethan-
1115 1845 1173 1936 et
1212 1840 1438 1936 Iietliel,
1491 1857 1708 1936 quam”
1734 1838 2087 1936 expugnavit
2116 1872 2163 1936 B
2266 1844 2419 1901 223
2448 1845 2842 1912 Getremmon,
2876 1844 2935 1898 in
2968 1842 3126 1900 tribu
3158 1842 3448 1910 Manasse,
3490 1841 3695 1898 civitas
3740 1856 3843 1898 se-

430 1930 627 1997 Jesus,
685 1944 821 2002 rege
862 1928 1024 1985 illius
1071 1930 1398 1997 interfecto,
1453 1934 1509 1985 et
1551 1929 1839 1985 habitavit
1890 1928 1951 1982 in
1984 1927 2085 1983 illa
2116 1927 2160 1936 ”
2197 1937 2399 2005 parata
2431 1932 2660 1988 Levitis.

416 2018 730 2090 quondam
761 2018 907 2073 citra
938 2017 1046 2089 (Al.
1076 2019 1247 2089 circa)
1293 2018 1605 2073 Iordanem
1655 2016 2032 2072 Amorrhaeus
2066 2034 2079 2084 ;

432 2123 589 2163 nunc
614 2107 885 2163 desertus
914 2110 1146 2162 tantum
1178 2106 1509 2161 ostenditur
1535 2105 1721 2162 locus.

504 2194 766 2263 Gabaon,
805 2195 960 2251 unde
987 2194 1321 2250 Gabaonitae
1352 2192 1647 2265 supplices
1692 2196 1977 2250 venerunt
2006 2193 2079 2248 ad

428 2286 631 2340 Iesum
667 2301 679 2339 :
713 2287 839 2339 erat
892 2283 1035 2339 olim
1095 2283 1434 2355 metropolis
1493 2286 1551 2338 et
1607 2282 1821 2355 regalis
1876 2281 2079 2337 civitas

413 2378 748 2440 -Bveeorum,
781 2372 1106 2444 ceciditque
1135 2372 1195 2428 in
1240 2377 1456 2428 sortem
1503 2372 1697 2427 tribus
1751 2369 2074 2440 Benjamin.

410 2464 499 2519 ~Et
527 2477 685 2518 nunc
714 2461 1045 2517 ostenditur
1072 2461 1210 2517 villa
1239 2462 1444 2518 eodem
1473 2460 1712 2516 nomine
1760 2459 1822 2515 in
1869 2462 2076 2531 quarto

412 2552 585 2610 '22!
614 2548 888 2607 milliario
919 2550 1191 2615 Bethelis,
1236 2555 1444 2606 contaa
1481 2547 1899 2605 occidentalem
1951 2546 2075 2620 pla-

427 2657 565 2714 gam
587 2640 761 2711 juxta
790 2639 975 2694 Rama
995 2643 1051 2694 et
1079 2639 1363 2694 Remmon
1390 2654 1403 2693 :
1436 2638 1535 2693 ubi
1570 2636 1844 2692 Salomon
1866 2636 2075 2691 hostiis

428 2726 751 2785 immolatis
774 2728 1043 2783 divinum
1073 2727 1289 2782 meruit
1325 2724 1652 2782 oraculum.
1706 2724 1835 2779 Fuit
1879 2729 2073 2779 autem

429 2821 488 2874 et
516 2817 648 2890 ipsa
672 2819 941 2888 separata
971 2815 1205 2870 Levitis.

502 2905 681 2973 Gabe,
723 2905 899 2961 sortis
929 2903 1258 2975 Benjamin,
1317 2906 1375 2958 et
1427 2900 1549 2957 haec
1602 2899 1815 2957 Levitis
1861 2900 2069 2957 civitas

418 2998 721 3068 separata.

499 3082 699 3151 Gazer,
731 3081 790 3135 in
842 3084 1000 3137 sorte
1044 3078 1235 3135 tribus
1282 3077 1559 3150 Ephrain,
1612 3078 1754 3133 urbs
1806 3080 2075 3150 separata

431 3171 650 3226 Levitis
684 3185 698 3223 :
750 3184 928 3241 quam
972 3173 1031 3225 et
1074 3169 1265 3240 ipsam
1307 3167 1664 3239 expugnavit
1703 3167 1901 3235 Jesus,
1941 3182 2073 3239 rege

2257 2021 2381 2092 Gai,
2413 2021 2581 2078 vallis
2605 2021 2722 2077 sive
2753 2026 3110 2094 pzeruptum.

2262 2111 2621 2178 Gebennom,
2655 2111 2810 2183 quod
2840 2111 3279 2181 interpretatur,
3309 2106 3476 2163 vallis
3504 2104 3754 2173 Ennom,
3774 2110 3837 2162 et

2188 2201 2259 2256 ab
2292 2200 2400 2256 hac
2432 2199 2672 2271 quidam
2704 2203 2911 2272 putant
2940 2195 3292 2271 appellatam
3340 2196 3688 2269 gehennam.
3735 2191 3839 2249 Ce-

2186 2288 2327 2345 cidit
2356 2292 2552 2345 autem
2583 2287 2642 2343 in
2674 2292 2892 2343 sortem
2942 2287 3133 2342 tribus
3165 2284 3470 2357 Benjamin
3502 2284 3673 2355 juxta
3703 2298 3837 2338 mu-

2186 2395 2315 2433 rum
2346 2376 2667 2433 Jerusalem
2698 2380 2901 2433 contra
2929 2376 3223 2431 Orientem
3250 2374 3449 2446 (super
3495 2389 3613 2445 qua
3658 2372 3719 2427 in
3744 2367 3828 2425 li-

2185 2467 2306 2522 bris
2337 2468 2729 2522 Hebraicarum
2761 2466 3129 2532 Quaestionum
3158 2462 3392 2535 plenius
3436 2460 3661 2518 dictum
3690 2458 3822 2530 est).

2255 2554 2600 2627 Gethepher,
2632 2555 2691 2609 in
2720 2554 2878 2609 tribu
2905 2552 3183 2608 Zabulon.

2253 2642 2535 2710 Hefthael,
2568 2644 2625 2698 id
2658 2647 2746 2698 est
2772 2641 2937 2699 vallis
2976 2640 3225 2707 Efthael,
3256 2639 3316 2694 in
3354 2638 3511 2695 tribu
3541 2633 3820 2693 Zabulon.

2254 2732 2575 2801 Gabatbon,
2608 2732 2667 2786 in
2700 2731 2857 2787 tribu
2886 2730 3032 2801 Dan,
3066 2728 3271 2785 civitas
3296 2730 3565 2798 separata
3584 2722 3819 2781 Levitis.

2168 2821 2284 2876 ’Est
2315 2837 2550 2892 quoque
2580 2819 2883 2892 oppidum,
2917 2817 3073 2891 quod
3104 2820 3344 2873 vocatur
3371 2814 3614 2887 Gabe,in
3664 2818 3827 2870 sexto

2183 2908 2407 2965 decimo
2479 2908 2753 2964 milliario
2783 2908 3076 2974 Caesareae,
3106 2910 3164 2962 et
3191 2905 3307 2963 alia
3333 2902 3473 2960 villa
3500 2900 3835 2960 Gabathain

2183 2998 2400 3054 ﬁnibus
2429 2997 2796 3054 Diocaesareae
2837 2998 3009 3069 juxta
3054 2994 3338 3068 grandem
3387 3008 3665 3066 campum
3707 2991 3817 3047 Le-

2181 3086 2372 3158 gionis
2408 3104 2420 3142 :
2454 3103 2679 3143 necnon
2725 3085 2887 3141 Gaba
2933 3088 2989 3141 et
3042 3082 3330 3149 Gabatha,
3387 3079 3560 3137 viculi
3616 3078 3821 3135 contra

2180 3174 2519 3231 orientalem
2551 3174 2783 3248 plagam
2830 3173 3114 3229 Daromae.
3161 3170 3273 3228 Sed
3315 3173 3371 3225 et
3399 3168 3516 3225 alia
3562 3164 3828 3224 Gabatba

432 3259 594 3314 illius
624 3235 944 3323 interfecto,
978 3235 1283 3313 jEdi—ﬁcata
1320 3235 1633 3312 estea-litem
1668 3261 1870 3327 postea
1901 3272 1936 3310 a
1961 3235 2069 3312 Sal-
2096 3235 2143 3303 (ἶ
2184 3264 2243 3319 in
2273 3264 2463 3319 tribus
2494 3235 2926 3335 Benjgminmbi
2959 3262 3069 3317 fuit
3087 3261 3299 3317 domus
3329 3257 3469 3315 Saul
3501 3274 3515 3313 :
3548 3256 3826 3329 alienige-

416 3346 668 3403 -lomone
699 3361 714 3401 :
741 3362 899 3402 nunc
929 3346 1151 3401 Gazara
1176 3344 1315 3401 villa
1344 3343 1559 3400 dicitur
1603 3344 1662 3399 in
1694 3349 1903 3415 quarto
1935 3343 2072 3399 mil-

428 3433 599 3490 liario
626 3433 970 3507 Nicopoleos
999 3439 1202 3490 contra
1233 3433 1705 3505 septentrionem.
1762 3432 2074 3490 Verumta-

429 3537 565 3578 men
594 3522 925 3593 sciendum,
957 3524 1112 3594 quod
1170 3521 1525 3595 alienigenas
1569 3538 1639 3577 ex
1681 3538 1748 3577 ea
1794 3522 2071 3592 Ephraim

428 3627 545 3667 non
574 3611 766 3684 potuit
793 3610 1100 3684 expellere.

499 3701 713 3770 Goson,
746 3705 803 3756 et
830 3700 981 3756 hanc
1011 3699 1364 3775 expugnavit
1391 3700 1587 3756 Jesus.

418 3789 592 3859 Gelh,
621 3790 682 3846 in
711 3789 821 3846 hac
851 3789 1136 3863 gigantes,
1169 3789 1269 3862 qui
1317 3790 1678 3845 vocabantur
1724 3787 1979 3857 Enacim,
2012 3793 2071 3844 et

421 3874 867 3936 Philistincrum
926 3878 1133 3935 accolas
1182 3881 1649 3951 permanserunt.
1731 3878 2071 3933 Ostenditur

417 3968 584 4025 vicus
612 3969 672 4023 in
705 3969 910 4040 quinto
931 3968 1205 4024 milliario
1236 3969 1309 4024 ab
1328 3965 1760 4039 Eleutheropoli
1791 3967 2068 4024 euntibus

386 4078 399 4085 -
420 4056 767 4129 Diospolim.

490 4142 933 4211 Gesom,eivitas
960 4143 1582 4216 alienigenarumquaa
1611 4147 1700 4198 est
1735 4142 1795 4198 in
1824 4143 2066 4217 Gargasi

417 4230 481 4285 in
531 4231 864 4288 Basanitide
905 4249 919 4287 :
968 4233 1039 4288 de
1078 4249 1195 4305 qua
1232 4231 1337 4287 lilii
1386 4232 1567 4288 Israel
1617 4230 1901 4303 expellere
1950 4249 2064 4289 non

392 4317 736 4376 valuerunt
767 4321 996 4378 Gesuri.

491 4407 703 4476 Gader,
733 4414 792 4466 et
820 4409 1000 4480 hujus
1030 4426 1226 4482 regem
1257 4409 1549 4465 interfecit
1567 4409 1756 4475 Jesus,
1790 4408 2066 4479 Legimus

416 4498 572 4569 quod
582 4499 757 4555 Iacob
778 4502 941 4554 trans
962 4498 1175 4555 turrim
1205 4498 1395 4555 Gader
1418 4496 1608 4552 fixerit
1619 4496 2064 4552 tabernaculum

380 4603 590 4644 suum
621 4588 775 4658 (Gen.
814 4604 982 4644 xxxv.
1017 4589 1107 4656 16,
1136 4587 1283 4658 apud
1314 4587 1476 4657 LXX).

384 4706 387 4713 ι
472 4675 650 4733 'Gcim
679 4675 741 4731 in
798 4676 998 4749 Gelgel
1032 4693 1045 4732 :
1082 4675 1238 4748 quod
1292 4674 1506 4745 Aquila
1561 4677 1620 4729 et
1675 4673 2067 4745 Symmachus

412 4765 896 4838 interpretantur,
929 4768 1135 4837 gentes
1164 4763 1224 4818 in
1257 4761 1476 4834 Gelgel.

500 4855 725 4930 Gelgel,
756 4858 814 4911 et
837 4854 989 4909 hanc
1015 4850 1169 4924 cepit
1195 4851 1370 4906 Jesus
1402 4865 1415 4903 :
1450 4853 1506 4904 et
1535 4864 1693 4904 nunc
1723 4848 2056 4905 ostenditur

400 4948 542 5009 villa
571 4944 809 5003 nomine
841 4940 1127 5014 Galgulis,
1158 4957 1193 4994 a
1220 4937 1589 5009 Antipatride
1618 4937 1679 4992 in
1729 4942 1893 4993 sexto
1926 4938 2061 4994 mil-

395 5039 519 5096 ario
551 5038 754 5092 contra
772 5030 1055 5103 septentri
1089 5043 1300 5083 onem.

473 5199 492 5235 ι
516 5196 622 5251 pm
649 5193 830 5262 hujus
859 5186 1124 5262 nominis
1150 5185 2058 5262 interpretatione,qme_excidee

394 5272 513 5334 rat,
546 5257 749 5321 notam
781 5274 859 5326 Ζτ,
892 5258 1080 5331 spatio
1112 5257 1453 5325 interstttio,
1507 5257 1751 5334 adnotat
1798 5259 2055 5316 Vaticani

372 5408 377 5413 .
407 5331 629 5415 codicis
659 5349 925 5420 scriptor.
960 5347 1395 5420 Rectiusporro
1428 5331 1660 5407 nim-ib:
1685 5346 2056 5403 Golathmaz‘m

405 5442 534 5499 quae
564 5439 673 5499 vox
699 5417 878 5499 Josne
900 5435 1001 5499 _xv,
1025 5417 1387 5499 libabatur,
1440 5419 1862 5499 revolutionem.
1885 5434 2055 5499 aqua;

399 5488 525 5552 fam
562 5496 720 5549 notat
751 5507 768 5575 :_
800 5506 866 5546 ac
896 5490 1043 5545 forte
1075 5490 1461 5562 Hieronymus
1479 5492 1729 5562 profusio
1752 5488 2054 5562 scripserit

405 5584 510 5639 pro
539 5577 818 5639 possesszo.

2184 3370 2392 3409 narum
2426 3370 2659 3425 quoque
2689 3353 2748 3407 in
2780 3351 3114 3424 Regnorum
3141 3348 3309 3405 libris
3331 3346 3597 3421 quaedam
3636 3344 3821 3402 Gaba-

2182 3442 2284 3497 tha
2314 3443 2590 3498 scribitur
2620 3442 2698 3514 (et
2721 3442 2894 3513 juxta
2920 3438 3216 3496 Bethleem
3250 3437 3308 3493 in
3340 3437 3496 3493 tribu
3526 3434 3724 3506 Juda).

2252 3532 2650 3599 Getremmon,
2686 3529 2801 3584 alia
2830 3528 3035 3584 civitas
3067 3529 3128 3583 in
3160 3526 3319 3583 tribu
3349 3526 3495 3596 Dan,
3556 3520 3825 3597 separata

2178 3620 2407 3676 Levitis.
2441 3620 2546 3675 Est
2575 3623 2773 3674 autem
2805 3634 2962 3673 nunc
2992 3615 3134 3671 villa
3189 3612 3555 3688 praegrandis
3588 3612 3649 3667 in
3679 3611 3821 3667 duo-

2181 3709 2408 3763 decimo
2431 3705 2703 3763 milliario
2735 3705 3073 3777 Diospoleos
3103 3702 3481 3777 pergentibus
3497 3701 3570 3757 ad
3597 3716 3725 3757 eam
3750 3699 3823 3755 de

2180 3794 2611 3868 Eleutheropoli
2642 3798 2684 3850 ³.

2250 3884 2693 3956 Galiloth,locus
2713 3884 2883 3955 juxta
2902 3883 3212 3939 Iordanem
3232 3880 3290 3936 in
3321 3879 3479 3936 tribu
3511 3876 3825 3950 Beniamin

2178 3975 2276 4031 ubi
2310 3973 2490 4031 altare
2530 3972 2781 4030 Domino
2811 3972 3245 4028 constituerunt
3274 3968 3380 4025 lilii
3412 3967 3640 4025 Ruben.

2247 4066 2419 4130 Gaas,
2454 4079 2621 4119 mons
2651 4062 2711 4117 in
2742 4061 2897 4117 tribu
2925 4060 3224 4133 Ephraim,
3277 4058 3337 4113 in
3386 4058 3555 4129 cujus
3590 4056 3824 4129 septen-

2175 4153 2408 4211 trionali
2440 4152 2611 4225 plaga
2666 4150 2932 4224 sepultus
2962 4156 3048 4206 est
3100 4148 3241 4206 Jesu
3303 4146 3459 4202 ﬁlius
3519 4145 3675 4201 Nave
3708 4162 3723 4213 ;
3756 4144 3820 4199 e't

2175 4261 2365 4317 usque
2437 4242 2610 4297 hodie
2656 4241 2829 4310 juxta
2882 4238 3077 4295 vicum
3134 4236 3450 4294 Thamna’
3481 4232 3821 4306 sepulcrum

2175 4335 2305 4404 ejus
2336 4331 2565 4403 insigne
2595 4332 2978 4384 monstratur.

2247 4418 2532 4487 Gabaath,
2565 4417 2624 4471 in
2654 4416 2812 4471 tribu
2843 4416 3170 4488 Benjamin,
3220 4414 3365 4471 urbs
3418 4413 3662 4470 Phineas
3712 4410 3822 4467 ﬁlii

2176 4509 2411 4564 Eleazar
2444 4524 2456 4560 :
2492 4506 2592 4561 ubi
2623 4505 2891 4578 sepultus
2923 4510 3014 4562 est
3069 4504 3402 4561 Eleazarus.
3461 4502 3564 4558 Est
3616 4502 3820 4557 autem

2102 4600 2150 4664 D
2183 4612 2339 4652 nunc
2369 4595 2651 4665 Gabatha,
2684 4594 2823 4651 villa
2850 4594 2911 4649 in
2942 4594 3287 4651 duodecimo
3315 4588 3508 4664 lapide
3546 4587 3820 4646 Eleuthe-

2177 4685 2462 4756 ropoleos,
2511 4684 2613 4739 ubi
2669 4689 2729 4740 et
2780 4682 3116 4756 sepulcrum
3170 4682 3467 4738 Ambacuc
3524 4678 3819 4752 prophetae

2175 4773 2508 4831 ostenditur
2534 4775 2575 4839 ⁴’ς
3699 4765 3704 4770 ’

2246 4864 2401 4920 2‘26
2452 4862 2732 4918 Gabaam.
2764 4878 2954 4934 usque
2992 4862 3064 4917 ad
3096 4861 3248 4917 hanc
3280 4859 3560 4916 bellatum
3580 4859 3671 4913 est
3699 4868 3811 4914 om

2172 4958 2263 5008 tra
2292 4952 2512 5008 tribum
2544 4952 2870 5022 Benjamin,
2894 4952 3045 5007 sicut
3075 4950 3133 5004 in
3165 4950 3311 5005 libro
3342 4947 3621 5003 Judicum
3650 4943 3804 5001 sori-

2173 5042 2332 5097 bitur
2361 5040 2506 5113 (Iud.
2539 5041 2653 5111 xx).

2167 5201 2407 5251 ἀπιόντων
2439 5199 2500 5254 εἷς
2533 5199 2944 5262 Ἐλευθερόπολιν.

2236 5266 2258 5299 ³
2287 5266 2422 5328 Quae
2454 5262 2677 5317 scilicet
2710 5259 3009 5317 Thamnalh
3038 5278 3163 5315 scre
3193 5259 3424 5326 dicitur,
3444 5261 3621 5312 Josue
3650 5270 3803 5328 xxiv,

2165 5340 2254 5393 30.
2289 5325 2400 5388 non
2435 5351 2560 5405 quae
2593 5335 2829 5389 Thamna
2890 5332 3256 5403 simpliciter,
3314 5335 3372 5385 et
3418 5329 3612 5405 tribus
3639 5325 3803 5383 Judaa

2165 5409 2294 5464 fuit.
2326 5401 2471 5460 Vide
2503 5406 2599 5460 lib.
2637 5406 2878 5460 IConlra
2906 5401 3183 5460 Jovz‘m'un.
3219 5419 3382 5457 num.
3414 5401 3503 5463 45,

2233 5481 2254 5514 5
2284 5478 2353 5532 Et
2383 5493 2563 5547 supra
2591 5477 2662 5532 ad
2696 5477 2850 5532 Cella
2880 5476 3137 5547 itemque
3159 5474 3447 5547 adiEchela
3467 5471 3621 5547 idem
3655 5474 3797 5526 Αω-

2162 5547 2365 5625 bacuci
2397 5541 2746 5625 sepulcrum
2761 5541 3074 5625 monstrari
3116 5544 3424 5625 traditur:
3453 5541 3609 5625 quod
3668 5555 3801 5625 pre-

475 5614 506 5672 ἷ
523 5614 885 5691 Emendandi
918 5633 1144 5689 codices
1173 5633 1610 5705 Hioronymiani
1630 5637 1773 5705 sunt
1801 5633 1873 5687 ab
1899 5633 2049 5705 Euse
2151 5623 2311 5705 iacta
2338 5614 2663 5705 temét'itate
2692 5619 3084 5705 (loricus'l‘ioic
3113 5617 3177 5705 in
3204 5616 3329 5705 loco
3354 5614 3802 5705 de§9§,Laq§:

397 5707 518 5780 hic,
549 5705 982 5783 legendumque
1007 5706 1356 5780 pergentibus
1384 5703 1455 5762 ab
1476 5721 1539 5764 ea
1559 5703 2044 5776 Eleutheropolim,

2160 5684 2365 5767 satque
2393 5698 2685 5769 ἀντιλογίας.
2715 5692 2931 5750 Contra
2962 5689 3258 5747 Relandus
3309 5703 3375 5745 ac
3423 5684 3791 5744 Rhenferdns
