3992 6404
646 546 649 549 -
674 509 776 570 ΒΕ
812 509 1215 570 REGNORUM
1255 510 1507 566 LIBRIS.

346 601 622 671 Geththa,
649 602 722 659 ad
761 617 937 674 quem
984 600 1179 656 locum
1246 598 1677 654 transtulerunt
1729 616 1925 654 arcam

267 690 611 750 testamenti
639 691 712 747 de
739 692 954 746 Azoto:
990 704 1148 745 nunc
1193 687 1357 743 vicus
1404 686 1644 760 grandis
1688 690 1929 743 vocatur

270 776 604 850 Giththam,
633 778 788 835 inter
814 775 1249 850 Antipatridem
1279 779 1337 832 et
1362 775 1680 831 Jamniam.
1715 776 1823 832 Sed
1871 779 1929 831 et

271 869 393 926 alia
418 867 557 925 villa
585 866 912 941 appellatur
940 864 1261 921 Geththim.

346 956 581 1026 Gallim,
612 957 771 1013 unde
799 955 913 1012 fuit
934 953 1187 1023 Phalthi,
1219 951 1319 1025 qui
1352 957 1481 1025 post
1514 953 1713 1025 fugam
1745 951 1924 1007 David

269 1046 482 1105 Michol
521 1061 762 1102 uxorem
791 1045 919 1116 ejus
942 1047 1267 1115 acceperat.
1303 1040 1571 1097 Meminit
1609 1038 1789 1113 hujus
1815 1039 1928 1097 loci

270 1142 334 1194 et
356 1135 559 1194 Isaias.
579 1133 800 1190 Dicitur
828 1137 1024 1189 autem
1055 1148 1183 1188 esse
1212 1130 1453 1204 quidam
1472 1130 1644 1201 juxta
1674 1131 1926 1186 Accaron

269 1226 461 1292 vicus,
493 1223 593 1297 qui
622 1226 862 1278 vocetur
889 1219 1109 1276 Gallae.

350 1313 681 1378 Gelamsur,
704 1310 863 1383 regio
895 1307 1358 1382 Allophylorum.

350 1401 568 1468 Gelbts,
616 1403 845 1456 montes
875 1398 1358 1471 alienigenarum,
1409 1397 1468 1453 in
1526 1401 1688 1453 sexto
1735 1395 1930 1468 lapide

274 1510 313 1549 a
341 1488 696 1564 Scythopoli,
729 1489 790 1543 in
822 1487 1037 1561 quibus
1086 1491 1143 1543 et
1185 1487 1346 1543 vicus
1385 1490 1475 1542 est
1516 1485 1778 1559 grandis,
1828 1484 1927 1555 qui

272 1585 520 1666 vocatur
545 1578 782 1635 Gelbus.

351 1661 576 1737 Gedud,
608 1668 681 1723 ad
711 1682 886 1740 quam
918 1664 1220 1721 descendit
1239 1664 1419 1720 David
1448 1680 1586 1736 :pro
1619 1679 1736 1737 quo
1751 1661 1929 1734 Aqui-

268 1757 357 1827 la,
385 1754 481 1811 τόν
516 1752 767 1826 εὔζωνον,
799 1754 858 1810 id
897 1758 1007 1823 est,
1048 1753 1381 1826 expeditum
1430 1752 1517 1809 vel
1559 1751 1927 1817 accinctum;

272 1845 688 1921 Symmachus,
763 1844 1059 1900 latronum
1132 1858 1408 1909 cuneum,
1460 1839 1927 1939 transtulerunt.
1958 1874 2006 1939 B

349 1937 587 2003 Gazera,
620 1933 723 1990 ubi
754 1931 1047 2006 percussit
1074 1930 1257 1987 David
1301 1929 1683 2002 alienigenas.
1726 1927 1929 1984 Posui-

274 2042 415 2083 mus
445 2028 502 2082 et
526 2039 704 2096 supra
741 2022 940 2078 Gazer.

350 2114 562 2181 Gesur.
604 2111 759 2185 regio
789 2108 1251 2183 alienigenarum
1280 2108 1341 2164 in
1373 2106 1557 2181 Syria.

351 2202 544 2272 Gilon,
568 2201 724 2257 unde
754 2199 865 2256 fuit
881 2196 1248 2269 Achitophel.

342 2292 499 2361 'Gob,
539 2288 641 2347 ubi
670 2287 1056 2346 commissum
1086 2290 1177 2343 est
1205 2284 1473 2359 praelium
1518 2285 1591 2357 (II
1635 2285 1764 2354 Reg.
1812 2300 1928 2350 XXI,

351 2469 620 2528 Galilzsa:
653 2468 782 2525 duas
813 2469 954 2523 sunt
980 2464 1249 2532 Galilaaae,
1280 2480 1312 2520 e
1341 2463 1558 2537 quibus
1598 2479 1716 2518 una
1773 2459 1929 2517 Gali-

270 2561 388 2618 laaa
406 2559 677 2634 gentium
709 2559 970 2623 vocatur,
1002 2554 1195 2610 vicina
1224 2553 1442 2609 ﬁnibus
1466 2552 1796 2626 Tyriorum,
1828 2549 1929 2606 ubi

268 2648 642 2708 etSalomon
679 2644 886 2719 viginti
939 2644 1198 2701 civitates
1246 2642 1481 2698 donavit
1525 2640 1758 2696 Chiram
1808 2639 1929 2711 regi

275 2738 441 2811 Tyri,
470 2738 534 2793 in
562 2740 721 2793 sorte
750 2733 939 2791 tribus
975 2731 1325 2804 Nephthali;
1378 2730 1559 2787 altera
1594 2745 1727 2784 vero
1772 2726 1929 2784 Gali-

274 2827 388 2884 laaa
417 2826 629 2882 dicitur
657 2824 811 2881 circa
839 2820 1225 2894 Tyberiadem
1257 2825 1315 2875 et
1344 2824 1620 2892 stagnum
1671 2814 1930 2874 Geneza-

274 2916 434 2985 reth,
465 2915 527 2971 in
553 2913 711 2970 tribu
743 2908 1023 2968 Zabulon.

349 3006 516 3076 Gion,
549 3003 649 3060 ubi
682 3001 957 3059 Salomon
988 3002 1077 3055 est
1104 3001 1318 3054 unctus
1350 2998 1408 3052 in
1441 3013 1658 3069 regem.

289 3096 485 3164 ..θείῃ
515 3093 682 3150 locus
709 3090 771 3146 in
802 3105 918 3162 quo
947 3086 1235 3161 percussit
1260 3086 1369 3142 Jeu
1401 3102 1499 3142 rex
1528 3084 1704 3142 Israel
1743 3084 1927 3141 Ocho-

266 3185 431 3244 ziam
460 3198 657 3255 regem
679 3179 962 3249 δυάδων]
974 3179 1111 3234 uxta
1138 3174 1427 3233 Jeblaam.

352 3268 879 3343 Gettha-Chopher,
914 3266 1070 3324 unde
1097 3265 1277 3322 Jonas
1299 3262 1586 3337 propheta
1615 3262 1745 3319 fuit.

267 3416 279 3421 -
352 3361 559 3432 Gaddi,
594 3375 774 3433 quam
803 3354 1095 3430 percussit
1122 3352 1290 3412 Azael
1335 3369 1434 3409 rex
1476 3350 1770 3408 Damasci.
1820 3346 1928 3407 Po-

278 3452 404 3510 sita
437 3454 527 3508 est
549 3453 612 3507 et
637 3464 818 3521 supra
845 3444 1062 3502 Gadda.

304 3590 307 3593 .
354 3537 614 3604 Gemala,
644 3534 801 3609 regio
840 3534 1252 3596 Idumazorum,
1293 3545 1397 3601 pro
1448 3545 1564 3600 qua
1609 3525 1819 3598 Aquila
1873 3529 1931 3582 et

270 3626 668 3704 Symmachus
696 3625 1174 3696 interpretantur,
1213 3616 1617 3704 vallem'isalis.

345 3717 550 3784 Gebin,
582 3712 851 3771 meminit
874 3710 1051 3781 hujus
1084 3708 1285 3766 Isaias.
1320 3707 1391 3762 Et
1429 3710 1518 3762 est
1567 3703 1700 3760 villa
1747 3703 1923 3771 Geba,

276 3808 340 3864 in
369 3807 574 3881 quinto
624 3801 899 3860 milliario
931 3817 965 3856 a
993 3797 1261 3871 Guphm's
1314 3795 1547 3852 entibus
1600 3792 1923 3865 Neapolim.

345 3897 496 3954 227
523 3895 738 3961 Gozan,
779 3892 840 3947 in
874 3888 1107 3962 regione
1134 3885 1382 3942 Emath:
1417 3888 1474 3940 et
1501 3884 1681 3955 hujus
1714 3881 1924 3938 memi-

267 3985 365 4053 nit
392 3985 594 4042 Isaias.
630 3983 730 4038 Est
755 3983 949 4037 autem
980 3978 1042 4032 in
1074 3975 1289 4032 ﬁnibus
1318 3972 1611 4029 Damasci.

344 4072 556 4143 Gareb,
589 4070 753 4128 collis
787 4070 958 4141 juxta
1001 4063 1349 4133 Jerusalem,
1396 4062 1549 4117 sicut
1588 4060 1793 4117 scribit
1826 4060 1924 4116 Je-

265 4162 508 4222 remias.

1268 376 1372 440 DE
1417 376 1598 441 SITU
1632 376 1744 440 ET
1787 373 2068 451 NOMIN.
2111 375 2282 441 LOC.
2330 377 2699 442 HEBRAIC.

3564 378 3692 451 950

1960 515 2009 578 Α
2110 510 2327 582 Gepha,
2358 529 2569 567 nomen
2602 512 2877 584 regionis,
2890 514 2958 571 ut
2982 511 3045 570 in
3073 511 3227 571 Isaia
3254 513 3540 586 scriptum
3571 516 3683 576 est.

2105 604 2345 666 Gamen,
2392 602 2511 656 sive
2561 602 2805 673 Gamon,
2846 602 3004 676 regio
3053 602 3470 672 Moabitarum,
3511 604 3685 676 juxta

2037 689 2276 746 Isaiam.

2558 779 2652 835 DE
2692 779 3145 837 EVANGELIIS.

2107 866 2355 933 Gadara,
2406 866 2547 923 urbs
2595 872 2761 924 trans
2806 868 3146 937 Jordanem,
3194 871 3400 926 contra
3438 867 3685 940 Scytho-

2036 953 2216 1027 polim
2268 960 2326 1010 et
2371 954 2749 1026 Tyberiadem
2794 958 2865 1013 ad
2916 956 3255 1014 orientalem
3301 956 3535 1031 plagam
3574 956 3691 1013 sita

2035 1043 2096 1099 in
2127 1047 2346 1114 monte,
2366 1044 2439 1100 ad
2466 1044 2637 1115 cujus
2662 1045 2888 1103 radices
2921 1064 3086 1119 aquae
3115 1045 3317 1103 calidis
3347 1049 3688 1118 erumpunt,

2034 1131 2264 1189 balneis
2295 1133 2546 1205 desuper
2574 1134 2896 1190 aediﬁcetis.

2108 1221 2382 1294 Gergesa,
2409 1221 2508 1277 ubi
2549 1238 2647 1277 eos
2686 1223 2787 1294 qui
2829 1240 2865 1281 a
2902 1222 3269 1281 dismonibus
3308 1223 3686 1295 vexabantur,

2038 1309 2303 1365 Salvator
2366 1310 2623 1366 restituit
2698 1311 2960 1381 sanitati,
3027 1317 3083 1368 et
3146 1312 3438 1384 hodieqhe
3512 1327 3692 1385 super

2038 1401 2299 1454 montem
2330 1398 2557 1454 viculus
2586 1401 3045 1468 demonstratur,
3071 1400 3245 1471 juxta
3264 1405 3543 1474 stagnum
3574 1402 3689 1473 Ty-

2039 1485 2314 1556 beriadis,
2348 1485 2406 1541 in
2438 1488 2595 1559 quod
2627 1487 2784 1559 porci
2816 1487 3159 1561 praecipitati
3199 1492 3357 1545 sunt.
3418 1488 3690 1546 Diximus

2039 1575 2112 1631 de
2140 1573 2249 1630 hoc
2278 1578 2336 1630 et
2364 1591 2566 1647 supra.

2111 1663 2509 1731 Gethsemani,
2536 1663 2701 1720 locus
2729 1665 2829 1721 ubi
2860 1664 3124 1722 Salvator
3162 1668 3294 1722 ante
3351 1665 3688 1737 passionem

2040 1752 2243 1808 oravit.
2276 1756 2376 1807 Est
2405 1756 2601 1809 autem
2630 1754 2705 1809 ad
2737 1753 2962 1810 radices
3009 1754 3227 1811 montis
3275 1753 3483 1814 Oliveti
3530 1770 3689 1810 nunc

2041 1840 2287 1897 ecclesia
2316 1841 2569 1913 desuper
2599 1841 2904 1898 aedificata.

2110 1927 2397 2002 Golgotha
2425 1928 2589 1986 locus
2617 1929 2915 1999 Calvariae,
2965 1930 3024 1986 in
3079 1947 3196 2002 quo
3253 1929 3521 1989 Salvator
3585 1947 3690 2003 pro

2040 2018 2229 2076 salute
2258 2019 2523 2074 omnium
2547 2019 2859 2076 cruciﬁxus
2888 2023 2996 2090 est,
3021 2024 3078 2075 et
3094 2036 3282 2093 usque
3303 2020 3478 2077 hodie
3495 2024 3691 2078 osten-

2040 2108 2200 2163 ditur
2229 2107 2287 2163 in
2319 2107 2468 2163 EElia
2513 2109 2585 2165 ad
2641 2108 3153 2181 septentrionalem
3204 2107 3441 2182 plagam
3471 2107 3691 2166 montis

2040 2195 2202 2253 Sion.

2653 2285 2744 2342 DE
2785 2286 3062 2343 GENESI.

2107 2374 2309 2441 Jaboc,
2343 2373 2578 2443 ﬂuvius,
2611 2390 2727 2447 quo
2756 2372 3128 2443 transmisso,
3161 2373 3423 2431 luctatus
3453 2378 3544 2430 est
3588 2374 3689 2431 Ja-

2039 2463 2147 2519 cob
2176 2464 2455 2519 adversus
2486 2479 2642 2532 eum,
2674 2462 2777 2535 qui
2801 2461 2913 2519 sibi
2931 2468 3300 2535 apparuerat,
3331 2466 3689 2536 vocatusque

2039 2556 2129 2608 est
2158 2552 2353 2607 Israel.
2388 2550 2543 2613 Fluit
2571 2554 2768 2607 autem
2800 2551 2954 2608 inter
2979 2553 3252 2619 Amman,
3285 2550 3344 2606 id
3383 2554 3493 2620 est,
3552 2546 3689 2609 Phi-

2039 2639 2419 2713 ladelphiam,
2450 2644 2506 2697 et
2536 2640 2791 2697 Gerazan
2833 2640 2917 2709 (in
2949 2644 3159 2712 quarto
3207 2638 3479 2696 milliario
3509 2639 3689 2710 ejus),

2039 2734 2097 2785 et
2128 2728 2285 2785 ultra
2313 2729 2653 2800 procedens,
2683 2728 2925 2785 Jordani
2959 2728 3133 2784 ﬂuvio
3163 2728 3600 2785 commiscetur.

2110 2819 2384 2887 Idumaea,
2420 2818 2579 2889 regio
2610 2819 2762 2873 Esau
2789 2834 2802 2873 :
2838 2834 2967 2889 quae
2989 2834 3058 2873 ex
3088 2833 3154 2872 eo
3187 2817 3344 2888 quod
3376 2814 3474 2872 ille
3501 2815 3688 2871 Edom

2037 2907 2374 2975 vocabatur,
2403 2923 2617 2962 nomen
2641 2905 2884 2978 accepit.
2917 2906 3019 2961 Est
3047 2909 3247 2961 autem
3273 2904 3428 2961 circa
3482 2904 3690 2960 urbem

2039 2998 2294 3062 Petram,
2328 3011 2455 3066 quae
2486 3010 2644 3050 nunc
2670 2994 2890 3050 dicitur
2916 2993 3229 3050 Gebalene.

2111 3084 2266 3141 280
2296 3083 2509 3152 Itheth,
2541 3083 2701 3157 regio
2730 3082 3063 3155 principum
3092 3082 3298 3152 Edom,
3344 3081 3405 3137 in
3463 3081 3690 3149 eadem,

2037 3172 2109 3227 de
2130 3188 2248 3244 qua
2277 3188 2457 3244 supra
2481 3170 2759 3242 diximus,
2791 3170 3097 3228 Gebalene.

2667 3299 2759 3350 DE
2796 3293 3053 3350 EXODO.

2111 3392 2268 3450 Iroth
2300 3394 2341 3461 ⁸,
2368 3391 2531 3449 locus
2562 3392 2798 3462 deserti,
2830 3390 2903 3448 ad
2933 3407 3107 3464 quem
3136 3396 3420 3450 venerunt
3442 3389 3549 3447 ﬂlii
3602 3390 3689 3448 Is-

2036 3480 2175 3551 rael,
2209 3498 2370 3538 mare
2399 3481 2665 3537 Rubrum
2704 3482 3171 3537 transfretantes.

2251 3594 2340 3653 DE
2376 3596 2696 3653 NUMERIS
2736 3601 2819 3653 ET
2857 3596 3441 3653 DEUTERONOMIO.

2104 3703 2436 3771 Jetabatha,
2467 3707 2660 3759 castra
2690 3702 2750 3758 in
2792 3701 3109 3758 solitudine
3167 3701 3426 3759 ﬁliorum
3483 3700 3682 3759 Israel.

2106 3792 2471 3860 Incendium,
2507 3792 2562 3847 id
2595 3795 2684 3847 est
2713 3788 3084 3865 ἐμπυρισμός,
3116 3789 3279 3844 locus
3310 3790 3373 3845 in
3428 3788 3685 3855 deserto,

2035 3879 2134 3936 ubi
2166 3881 2482 3952 quamdam
2515 3883 2739 3951 partem
2770 3877 2970 3950 p0puli
3010 3876 3250 3933 ﬂamma
3292 3876 3686 3949 consumpsit.

2105 3968 2398 4036 Inthaath,
2431 3972 2625 4024 castra
2654 3967 2715 4022 in
2751 3967 2979 4021 deserto
3011 3963 3270 4023 ﬁliorum
3292 3964 3488 4021 Israel.
3622 4022 3627 4025 _

2103 4057 2313 4124 Janna,
2344 4074 2470 4129 quae
2492 4060 2581 4111 est
2612 4056 2669 4109 in
2700 4070 2906 4127 campo
2936 4054 3126 4118 Moab,
3162 4054 3372 4110 subtus
3409 4053 3685 4111 verticem

2034 4142 2283 4217 Phasga,
2315 4145 2372 4201 id
2403 4148 2510 4213 est,
2543 4142 2744 4210 excisi,
2773 4143 2927 4215 quod
2985 4141 3219 4216 reapicit
3266 4144 3339 4200 ad
3388 4143 3686 4199 desertum

344 4249 595 4309 Gebarth
628 4250 684 4304 1:
718 4264 822 4321 pro
855 4262 970 4318 quo
999 4241 1210 4315 Aquila
1256 4241 1696 4313 interpretatur,
1732 4236 1790 4292 in
1827 4253 1923 4293 se-
2026 4235 2197 4306 juxta
2232 4234 2453 4288 Arnen.

269 4340 485 4415 pibus:
519 4336 908 4412 Symmachus
937 4348 1091 4401 vero,
1123 4331 1184 4386 in
1224 4327 1489 4387 coloniis.
1540 4326 1714 4400 (Lege
1762 4324 1920 4381 Jere-

270 4428 507 4501 miam.)

269 4623 422 4682 nihil
452 4625 524 4680 ab
554 4622 804 4680 Eusebio
835 4619 1333 4696 autUHieronymo
1374 4630 1513 4696 pecc

267 4698 442 4769 dunt,
490 4695 775 4769 valdeque
822 4692 1045 4769 erudite
1082 4684 1396 4769 observant
1442 4686 1557 4768 trioa
1596 4684 1926 4769 h‘aecdoca,

272 4754 445 4836 Geila',
485 4754 695 4823 Echela‘
742 4770 800 4821 et
846 4760 1092 4836 Gabuthq
1135 4758 1329 4836 fuisse
1365 4758 1426 4812 in
1474 4754 1794 4836 via__Regia
1837 4754 1927 4810 vel

269 4826 519 4897 militari
550 4839 665 4894 sita
708 4837 860 4892 inter
896 4828 1397 4908 Eleutheropolim
1438 4832 1495 4883 ct
1541 4826 1924 4908 Chebronem,

270 4911 433 4985 quod
452 4926 533 4985 ex
556 4909 651 4985 his
681 4924 808 4980 quae
840 4897 1438 4985 ad_§eita_dicuntur,
1480 4898 1800 4985 ⁸ᾳιεξὶῐξίΐφιεῒο
1852 4897 1928 4985 lif-

271 4969 435 5056 quet.
461 4969 1061 5056 Nimirumeuntibus
1093 4969 1520 5056 Eleutheropoli
1563 4969 1925 5056 Chebronem

270 5041 499 5122 versus,
532 5054 602 5109 ad
637 5051 956 5124 septimum
996 5046 1259 5124 lapidem
1309 5042 1509 5124 Echglq
1565 5041 1922 5124 occurrebat,

273 5126 347 5182 ad
401 5113 670 5181 octavum
704 5113 890 5191 'Ceila,
942 5119 1015 5175 ad
1064 5113 1360 5191 decimum
1408 5113 1687 5191 (labat/ta;
1737 5127 1925 5182 neque

273 5197 418 5254 adeo
459 5196 696 5263 mirum,
720 5194 770 5250 si
795 5183 1368 5263 duarumleucarum
1393 5183 1582 5263 spatio
1607 5183 1762 5263 idem
1795 5199 1924 5263 mo-

275 5272 631 5325 numentum
669 5255 860 5336 tribus
891 5267 995 5336 aut
1019 5259 1288 5336 pluribus
1326 5255 1927 5336 locis_monstraretur

272 5324 353 5397 ad
394 5340 714 5405 dexteram,
750 5335 839 5391 vel
886 5324 1189 5407 sinistram
1238 5328 1340 5407 viae
1393 5324 1672 5407 militaris
1719 5325 1920 5407 situm,

274 5411 533 5467 maxime
551 5410 603 5466 si
640 5398 921 5480 imposita
949 5404 1133 5460 moles
1162 5400 1331 5480 paulo
1361 5398 1534 5480 altior
1571 5398 1700 5480 fuit,
1733 5400 1834 5451 aut
1852 5398 1921 5480 in

272 5481 506 5541 editiori
538 5481 664 5538 loco
690 5468 1016 5551 exstructa,
1066 5468 1233 5551 quod
1266 5474 1399 5551 erat
1425 5470 1507 5551 ‘ad
1558 5470 1689 5551 eius
1731 5468 1923 5540 gentis

269 5539 592 5628 ingenium
610 5539 782 5626 paulo
803 5539 1099 5628 remotius
1122 5562 1154 5601 e
1182 5543 1276 5628 via
1304 5539 1567 5628 publica.
1590 5539 1760 5628 Enim
1789 5556 1922 5628 vero

274 5611 397 5685 56’s
422 5626 490 5681 in
520 5611 717 5696 aliquo
742 5622 923 5696 trium
946 5620 1159 5696 horum
1188 5611 1472 5696 locorum,
1508 5611 1722 5696 gedum
1744 5611 1805 5667 in
1824 5611 1925 5696 tri:

270 5682 391 5765 lius
417 5696 567 5757 insis
596 5682 944 5775 prophetam
964 5689 1146 5750 fuisse
1165 5682 1485 5762 sepultum.
1512 5682 1800 5742 Eusebius
1819 5699 1894 5741 au

2101 4322 2295 4389 Jassa,
2327 4321 2427 4376 ubi
2458 4321 2737 4377 adversus
2759 4320 2953 4377 Sehon
2986 4320 3461 4379 Amorrhasorum
3487 4332 3686 4393 regem

2031 4410 2366 4469 dimicetur.
2400 4410 2672 4467 Meminit
2703 4409 2883 4483 hujus
2913 4410 3096 4466 Isaias
3124 4409 3186 4466 in
3219 4409 3445 4466 visione
3483 4413 3690 4466 contra

1378 4616 1680 4688 peccatum
1730 4616 1923 4688 osten-
1955 4601 2002 4666 D
2033 4611 2425 4688 Hieronymus
2472 4609 2718 4688 docent:
2773 4608 2885 4688 sed.
2928 4600 3694 4688 tanturn-juxtahincnloca

2036 4685 2165 4754 ejus
2198 4672 2651 4754 m'onumentum
2697 4677 3014 4754 monstrari
3058 4672 3299 4754 solitum
3344 4672 3693 4754 viatoribus,

2036 4744 2136 4827 q'ui
2168 4770 2341 4827 aeque
2362 4752 2440 4827 ab‘
2466 4751 2597 4827 hoc,
2628 4765 2810 4827 quam
2838 4750 2913 4803 ab
2942 4748 3043 4827 illo
3078 4746 3410 4827 conspicere
3476 4744 3697 4815 potuis-

2037 4818 2184 4882 sent.
2219 4818 2545 4879 Adducitur
2565 4821 2624 4876 in
2646 4818 2806 4875 hanc
2830 4836 2951 4874 rem
2972 4818 3198 4890 Virgilii
3221 4818 3456 4889 quoque
3486 4831 3696 4871 versus

2036 4896 2229 4971 Eleg.
2265 4912 2349 4950 1x:

2097 5012 2232 5061 Hinc
2263 5009 2395 5059 adeo
2426 5009 2602 5059 media
2632 5009 2711 5057 est
2739 5006 2898 5056 nobis
2924 5006 3049 5060 via:
3080 5016 3317 5067 namque
3375 4999 3685 5065 sepulcrum

2095 5074 2287 5137 Incipit
2315 5086 2569 5135 apparere
2601 5070 2857 5119 Bianoris.

2106 5182 2121 5215 ¹
2158 5179 2409 5247 Gebarth,
2443 5182 2550 5232 etc.
2590 5178 2674 5233 Ita
2704 5192 2846 5231 mss.
2888 5172 3138 5247 codices,
3189 5169 3329 5226 editi
3371 5167 3697 5247 vero_lib_ri

2033 5252 2235 5323 legunt
2258 5240 2789 5323 ,GabuthLJeremiaz
2832 5240 3169 5323 capite_xv,
3230 5258 3344 5298 non
3430 5240 3696 5311 Gabarlh,

2035 5319 2136 5380 sed
2171 5320 2443 5387 Galeroth,
2477 5319 3289 5391 significatsepcs.7MAn1'1A_N.

2103 5396 2125 5429 ³
2155 5394 2232 5448 Ex
2261 5381 2606 5462 composito,
2639 5381 3027 5462 Pliilieh'iroth,
3086 5385 3242 5462 quod
3304 5381 3697 5462 Septuaginta

2034 5466 2209 5521 Num.
2242 5454 2443 5529 xxxni,
2476 5462 2530 5525 5,
2566 5454 2743 5529 σὲὺμα
2770 5458 2952 5532 siccet),
2983 5454 3039 5512 es
3096 5454 3263 5532 irolhr
3301 5454 3699 5532 interpretan-

2032 5542 2148 5604 tur,
2183 5525 2453 5591 avulsum
2484 5532 2592 5587 hoc
2624 5525 2839 5604 nomen
2898 5545 3049 5604 esse,
3110 5531 3275 5604 notat
3300 5525 3697 5604 _lioufrerius,

2032 5596 2145 5736 q‘ui'
2164 5612 2221 5661 et
2248 5607 2318 5661 de
2348 5620 2456 5660 suo
2486 5607 2619 5676 post
2647 5597 2871 5677 6ιῇλοον
2902 5596 3172 5670 verbum,
3204 5596 3369 5656 addit
3396 5598 3456 5654 in
3488 5596 3695 5655 Greece

2032 5700 2059 5736 ο
2114 5676 2221 5736 υἱοὶ
2251 5670 2493 5736 Ἰσραήλ.
3325 5734 3329 5736 _

2031 5700 2059 5736 Ο

2114 5676 2221 5737 υἱοὶ
2251 5670 2493 5759 Ἰσραῄλξ
