3992 6382
417 353 547 443 uti

1568 363 1577 375 ‘
1659 381 1723 442 s.
1771 376 2085 444 EUSEBII
2126 370 2597 445 HIERONYMI.

422 511 631 570 Moab:
665 512 764 570 sed
798 516 854 569 et
881 508 1186 571 Jeremias.
1219 514 1288 569 Et
1317 530 1503 586 usque
1533 512 1706 569 hodie
1735 514 2065 569 ostenditur
2092 523 2147 582 Α
2245 515 2448 585 Jedna,
2483 515 2543 569 in
2574 518 2734 571 sexto
2765 513 2837 570 ab
2868 510 3298 586 Eleutheropoli
3348 510 3544 586 lapide
3574 526 3831 585 pergen-

424 601 578 658 iuter
606 602 890 658 Medaban
919 606 978 657 et
1007 602 1202 658 Debus
1234 603 1272 659 ¹.

493 690 678 759 Jazer,
710 690 910 746 civitas
956 691 1445 761 Amorrhmorum,
1478 692 1539 746 in
1598 691 1822 747 decimo
1879 691 2072 764 lapide

428 777 840 850 Philadelphia:
871 780 943 835 ad
976 780 1117 835 solis
1162 797 1453 848 occasum,
1511 784 1676 835 trans
1732 782 2070 846 Jordanem,

428 884 555 939 quis
586 866 698 922 fuit
716 868 1008 925 terminus
1027 870 1219 925 tribus
1236 871 1380 934 Gab,
1410 870 1852 941 extenditurque
1886 885 2073 941 usque

423 957 622 1023 Aroer,
656 972 784 1028 quas
815 961 873 1012 et
900 957 1031 1030 ipsa
1061 958 1299 1031 respicit
1319 959 1390 1013 ad
1424 958 1641 1013 Rabba.
1677 958 1944 1013 Meminit
1973 975 2069 1013 ur-

424 1042 518 1097 bis
547 1042 717 1099 Jazer
745 1049 803 1100 et
832 1044 1015 1101 Isaias
1048 1045 1106 1100 in
1130 1045 1353 1101 visione
1385 1049 1584 1100 contra
1614 1045 1806 1113 Moab,
1858 1047 1958 1102 sed
2017 1050 2074 1101 et

422 1132 725 1188 Jeremias.
760 1133 893 1189 Fuit
929 1138 1123 1190 autem
1154 1139 1418 1207 separata
1436 1134 1666 1207 Levitis,
1700 1140 1756 1191 et
1794 1135 1972 1191 distat
1999 1135 2071 1190 ab

426 1219 650 1276 Esebon
681 1220 941 1277 millibus
963 1222 1318 1293 quindecim,
1342 1240 1373 1279 e
1402 1240 1519 1295 qua
1548 1240 1829 1296 magnum
1853 1224 2069 1279 flumen

427 1323 761 1381 erumpens,
795 1326 828 1365 a
855 1311 1105 1365 Iordane
1134 1311 1472 1383 suscipitur.

492 1396 796 1467 Jordanes,
830 1397 1041 1453 ﬂuvius
1070 1399 1336 1455 dividens
1364 1400 1649 1471 Judaaam,
1687 1401 1959 1457 Arabiam
2016 1404 2073 1455 et

423 1482 731 1556 Aulonem,
764 1486 836 1541 de
865 1502 980 1558 quo
999 1503 1180 1559 supra
1209 1488 1486 1556 diximus,
1511 1495 1569 1545 et
1600 1506 1786 1561 usque
1816 1490 1887 1545 ad
1911 1506 2071 1545 mare

430 1572 727 1629 Mortuum
758 1574 968 1644 ﬂuens,
997 1577 1097 1648 qui
1130 1582 1263 1649 post
1295 1577 1509 1633 multos
1539 1578 1882 1634 circumitus
1904 1580 2073 1650 juxta

421 1662 675 1732 Jericho,
704 1664 933 1721 Mortuo
964 1667 1316 1722 commistus
1345 1668 1516 1734 mari,
1556 1683 1771 1724 nomen
1830 1667 2068 1723 amittit.

493 1750 823 1824 Jetabatha,
854 1752 1020 1809 locus
1050 1754 1110 1809 in
1143 1755 1391 1823 deserto,
1425 1754 1527 1811 ubi
1565 1760 1852 1812 torrentes
1897 1773 2072 1829 aqua-

423 1854 553 1894 rum
583 1840 1080 1898 demonstrantur.

492 1927 744 1999 Jericho,
779 1931 920 1986 urbs
951 1947 1149 2003 quam,
1192 1932 1445 1988 Jordane
1476 1937 1867 2005 transgresso,
1926 1936 2067 1990 sub-

419 2016 593 2073 vertit
619 2016 811 2089 Jesus,
854 2035 986 2091 rege
1024 2019 1187 2076 illius
1243 2022 1573 2078 interfecto:
1634 2038 1736 2094 pro
1768 2024 1914 2079 ea]
1953 2040 2066 2099 quo

423 2107 707 2163 exstruxit
734 2107 908 2164 aliam
939 2109 1113 2165 Ozam
1137 2110 1209 2165 de
1234 2110 1451 2178 Bethel,
1484 2127 1553 2166 ex
1581 2111 1737 2166 tribu
1768 2113 2064 2183 Ephraim,

420 2214 598 2269 quam
612 2197 898 2254 Dominus
919 2203 1119 2254 noster
1147 2199 1601 2271 atqueSalvator
1629 2217 1737 2257 sua
1758 2201 2069 2273 praesentia

418 2286 717 2342 illustrare
745 2286 1022 2359 dignatus
1051 2291 1159 2343 est.
1192 2288 1304 2343 Sed
1337 2292 1393 2344 et
1413 2288 1536 2344 hinc
1567 2305 1633 2344 eo
1661 2293 2066 2362 tempore,quo

417 2375 748 2432 Jerusalem
778 2377 1230 2448 oppugnabatur
1255 2393 1289 2431 a
1318 2378 1596 2434 Romanis
1628 2384 1863 2450 propter
1894 2379 2066 2451 perfl-

420 2464 580 2522 diam
609 2464 822 2521 civium
854 2470 1023 2537 eapta
1049 2469 1225 2538 atque
1263 2466 1559 2522 destructa
1616 2471 1724 2522 est.
1784 2467 1893 2522 Pro
1951 2484 2067 2539 qua

420 2553 594 2609 tertia
622 2553 907 2610 aedificata
936 2558 1027 2610 est
1056 2554 1282 2623 civitas,
1316 2572 1443 2627 quae
1482 2572 1669 2627 usque
1711 2555 1882 2612 hodie
1935 2573 2063 2628 per-

420 2646 640 2712 manet,
673 2647 730 2698 et
758 2643 1151 2699 ostenduntur
1179 2643 1489 2716 utriusque
1518 2644 1682 2699 urbis
1711 2644 1955 2717 vestigia
1975 2662 2068 2701 us-

423 2746 540 2803 que
568 2731 627 2788 in
657 2735 1003 2804 praesentem
1035 2731 1186 2788 diem
1199 2774 1212 2786 .

965 2873 1060 2930 DE
1095 2873 1265 2930 JESU
1304 2875 1516 2931 NAVE.

487 3001 837 3069 Jerusalem,
868 2999 929 3055 in
951 3014 1070 3071 qua
1097 2999 1359 3072 regnavit
1385 3000 1765 3065 Adonibescc,
1791 3009 1845 3058 et
1866 3007 2069 3075 postea

421 3108 550 3149 eam
585 3095 822 3147 tenuere
849 3087 1123 3156 Jebusaei,
1155 3105 1186 3144 e
1216 3088 1431 3159 quibus
1471 3093 1529 3144 et
1556 3090 1762 3146 sortita
1815 3093 2067 3148 vocabu-

420 3180 545 3237 lum
575 3183 684 3250 est,
716 3194 866 3250 quos
895 3176 1080 3233 multo
1114 3182 1244 3250 post
1282 3181 1545 3250 tempore
1586 3178 1765 3235 David
1795 3181 2064 3237 extermi-

2180 604 2340 659 tibus
2369 604 2652 660 Chebron.

2250 693 2551 763 Jeconam,
2584 693 2788 749 civitas
2814 692 3085 761 Carmeli,
3109 706 3287 765 quam
3305 690 3503 763 cepitJ
3511 706 3671 756 esus,
3697 705 3838 762 rege

2182 781 2341 836 illius
2359 781 2683 839 interfecto.

2249 871 2397 937 Jair,
2432 870 2635 925 civitas
2667 871 2857 926 tribus
2886 874 3174 926 Manasse.

2250 958 2499 1025 Jamnel,
2532 958 2592 1014 in
2625 959 2775 1015 tribu
2804 959 2976 1027 Juda,
3001 974 3188 1029 usque
3209 957 3385 1013 hodie
3416 956 3704 1028 oppidum
3736 953 3841 1010 Pa-

2182 1047 2417 1102 l;estin:e
2445 1048 2700 1113 Jamnia,
2734 1048 2886 1102 inter
2914 1046 3231 1118 Diospolim
3265 1050 3323 1101 et
3343 1047 3608 1101 Azotum.

2248 1136 2432 1207 Jabir,
2466 1136 2670 1192 civitas
2689 1136 3017 1192 litterarum
3051 1135 3111 1190 in
3141 1134 3299 1190 tribu
3330 1133 3507 1190 Juda.

2251 1224 2481 1295 Jathur,
2505 1227 2564 1279 in
2598 1225 2752 1279 tribu
2783 1225 2955 1280 Juda.

2248 1313 2502 1383 Jermus,
2537 1314 2595 1369 in
2621 1314 2779 1369 tribu
2810 1313 2981 1369 Juda.
3017 1314 3118 1367 Est
3157 1316 3355 1368 autem
3413 1325 3602 1382 usque
3658 1308 3837 1365 hodie

2180 1400 2318 1457 villa
2346 1402 2679 1469 Jermucha,
2708 1403 2769 1457 in
2795 1404 3021 1458 decimo
3053 1401 3124 1456 ab
3155 1398 3588 1472 Eleutheropoli
3636 1396 3836 1470 lapide

2183 1491 2635 1546 ascendentibus
2666 1491 2896 1546 zEliam.

2250 1578 2490 1645 Jectael,
2523 1579 2581 1633 in
2611 1580 2768 1635 tribu
2799 1579 2972 1635 Juda.

2258 1668 2413 1724 284
2441 1668 2669 1735 Jectan,
2703 1668 2764 1723 in
2789 1668 2943 1723 tribu
2974 1667 3146 1723 Juda.

2251 1756 2469 1825 Jether,
2514 1756 2573 1811 in
2624 1757 2779 1812 tribu
2824 1757 3000 1826 Juda,
3053 1756 3258 1811 civitas
3307 1752 3708 1811 sacerdotalis.
3768 1755 3840 1808 Et

2100 1882 2147 1946 Β
2180 1860 2337 1899 nunc
2362 1850 2451 1899 est
2479 1844 2616 1900 villa
2653 1845 3014 1917 przegrandis
3044 1844 3269 1900 Jethira
3297 1842 3552 1911 nomine,
3587 1841 3649 1896 in
3677 1840 3837 1897 vice-

2178 1934 2327 1989 simo
2358 1933 2632 1990 milliario
2650 1932 3165 2006 Eleutheropoleos
3190 1931 3575 1988 :habitatores
3598 1944 3834 2002 quoque

2176 2026 2304 2095 ejus
2334 2040 2538 2078 omnes
2568 2022 2882 2078 Christiani
2913 2027 3071 2077 sunt.
3105 2021 3227 2076 Sita
3256 2025 3346 2076 est
3375 2024 3569 2074 autem
3594 2020 3652 2073 in
3678 2019 3835 2073 inte-

2178 2112 2313 2167 riori
2346 2112 2615 2182 Daroma,
2641 2114 2811 2183 juxta
2842 2110 3153 2167 Malathan.
3194 2110 3462 2165 Diximus
3493 2109 3563 2163 de
3610 2107 3718 2164 hac
3773 2111 3836 2163 et

2178 2218 2378 2272 supra.

2245 2290 2483 2361 Janum,
2512 2290 2573 2344 in
2604 2289 2759 2344 tribu
2785 2289 2976 2345 Juda:
3012 2293 3101 2345 est
3129 2287 3271 2343 villa
3300 2287 3513 2354 Janua,
3544 2285 3603 2340 in
3652 2284 3828 2341 tertio

2177 2378 2448 2434 milliario
2479 2378 2746 2450 Legionis
2778 2383 2981 2434 contra
3019 2376 3346 2433 meridiem.
3407 2375 3516 2430 Sed
3576 2390 3692 2430 non
3741 2372 3832 2430 vi-

2177 2468 2345 2523 detur
2375 2467 2505 2539 ipsa
2536 2484 2663 2522 esse
2697 2483 2823 2538 qua:
2854 2466 3151 2523 scribitur.

2243 2556 2435 2624 Jetan,
2470 2556 2529 2609 in
2562 2554 2712 2611 tribu
2744 2554 2915 2624 Juda,
2947 2554 3151 2609 civitas
3181 2550 3585 2623 sacerdotalis,
3616 2554 3710 2607 est
3728 2549 3832 2607 ho-

2175 2645 2385 2716 dieque
2413 2644 2575 2700 vicus
2598 2643 2957 2716 prwgrandis
2985 2644 3323 2699 Judzeorum
3347 2642 3405 2697 in
3430 2640 3654 2697 decimo
3675 2644 3830 2697 octa-

2174 2750 2242 2789 vo
2265 2733 2457 2806 lapide
2489 2735 2562 2789 ab
2592 2731 3022 2805 Eleutheropoli
3053 2733 3125 2787 ad
3160 2730 3481 2787 australem
3512 2734 3739 2803 partem
3763 2729 3823 2784 in

2176 2825 2446 2878 Daroma.

2246 2909 2469 2967 Jesrael
2499 2912 2541 2977 ³,
2576 2910 2637 2966 in
2666 2910 2824 2966 tribu
2850 2910 3041 2966 Juda:
3072 2910 3173 2966 sed
3206 2925 3323 2964 non
3370 2910 3463 2964 est
3516 2906 3647 2979 ipsa
3694 2921 3821 2979 qua

2177 3016 2486 3160 8u§::rael,
2520 3089 2579 3144 in
2615 3089 2771 3145 tribu
2802 3089 3107 3145 Manasse:
3142 3086 3433 3159 hodieque
3465 3083 3822 3158 praegrandis

2180 3178 2342 3237 vicus
2374 3178 2700 3233 ostenditur
2724 3178 2783 3232 in
2816 3182 3031 3249 Campo
3063 3176 3316 3231 maximo
3348 3174 3501 3231 inter
3516 3172 3828 3246 Scythopo-

428 3286 599 3339 nans,
655 3248 835 3323 totius
892 3283 1021 3324 eam
1076 3248 1294 3323 Judreaa
1340 3248 1644 3339 provinciae
1705 3271 2072 3343 metropolim
2103 3248 2146 3314 (ἶ
2184 3266 2289 3321 lim
2316 3271 2373 3323 et
2406 3265 2737 3338 Legionem.
2771 3265 2899 3320 Fuit
2938 3248 3133 3321 autem
3189 3263 3481 3319 terminus
3538 3260 3821 3317 Issachar.

432 3355 752 3413 fabricatus
781 3359 899 3412 est:
934 3373 1001 3411 eo
1026 3356 1179 3427 quod
1210 3356 1289 3411 ibi
1350 3355 1545 3413 locum
1603 3360 1804 3430 templi
1865 3362 2076 3417 emerit
2183 3356 2293 3411 Sed
2326 3361 2383 3412 et
2405 3373 2558 3411 unus
2589 3356 2658 3410 de
2689 3354 2937 3427 posteris
2959 3352 3406 3426 Ephratas,sicut
3436 3351 3497 3406 in
3528 3350 3823 3423 Paralipo-

427 3448 505 3515 (et
534 3444 833 3517 impensas
862 3449 1170 3501 structurae
1189 3445 1486 3501 Salomoni
1518 3446 1637 3502 {ilio
1666 3448 2067 3521 dereliquerit:

2184 3462 2394 3501 menon
2426 3447 2471 3517 (I
2498 3444 2695 3500 Paral.
2732 3461 2785 3514 v,
2805 3444 2858 3515 3)
2883 3443 3130 3514 legimus
3161 3442 3335 3513 (supp.
3370 3438 3822 3510 libris),vocatus

425 3534 580 3590 hanc
609 3550 737 3590 esse
764 3534 1058 3606 Josephus
1083 3536 1300 3603 refert),
1336 3551 1464 3606 quae
1488 3535 1545 3590 in
1568 3536 1775 3592 Genesi
1797 3538 2072 3596 scribitur
2181 3539 2269 3589 est
2298 3533 2534 3589 Jelrael.

428 3622 642 3691 Salem,
676 3623 785 3679 sub
812 3639 946 3696 rege
968 3623 1408 3680 Melchisedech.
1446 3623 1577 3680 Fuit
1605 3629 1800 3681 autem
1835 3627 1892 3682 in
1912 3628 2068 3685 tribu

428 3712 754 3785 Benjamin.

491 3803 691 3874 Jebus,
725 3803 854 3875 ipsa
882 3806 973 3858 est
1003 3819 1130 3873 quae
1161 3806 1219 3858 et
1243 3803 1591 3859 Jerusalem.

490 3893 697 3962 Jarim,
729 3892 935 3949 civitas
964 3891 1443 3949 Gabaonitarum.

495 3981 786 4038 Jarimuth
815 3982 857 4052 ’,
879 3982 1081 4036 civitas
1099 3998 1276 4052 quam
1298 3981 1582 4037 subvertit
1606 3981 1799 4052 Jesus,
1822 3982 1882 4040 in
1909 3984 2065 4041 tribu

419 4070 596 4136 Juda,
627 4073 834 4141 quarto
867 4070 1094 4126 distans
1124 4070 1197 4126 ab
1227 4069 1658 4142 Eleutheropoli
1690 4071 1901 4145 lapide,
1927 4074 2063 4144 jux-

417 4161 480 4215 ta
505 4157 704 4215 villam
733 4158 989 4215 Esthaol.

492 4247 755 4317 Isimoth,
788 4247 889 4303 ubi
916 4248 1296 4305 absconditus
1334 4253 1423 4305 est
1464 4249 1677 4306 David:
1712 4252 1780 4307 de
1838 4270 1953 4324 qua
2008 4259 2065 4311 et

418 4353 599 4410 supra
628 4336 767 4409 quid
797 4337 966 4393 nobis
990 4337 1282 4394 videretur
1296 4338 1573 4410 diximus,
1597 4345 1880 4411 ponentes
1896 4343 2065 4399 Beth-

414 4426 660 4483 simuth.
693 4426 805 4482 Sed
838 4430 894 4482 et
923 4426 982 4481 in
1008 4426 1342 4499 Regnorum
1372 4426 1521 4482 libro
1553 4428 1741 4498 primo
1782 4445 1904 4499 pro,
1956 4430 2061 4485 Isi-

414 4516 602 4588 muth,
633 4515 845 4588 Aquila
870 4516 1305 4588 inierpretatur,
1345 4515 1690 4587 dissipatam
1724 4532 1735 4569 :
1790 4518 2058 4588 Symma-

413 4606 560 4662 chus
587 4622 743 4676 vero,
777 4606 1091 4661 desertam.

484 4731 494 4765 ί
527 4733 676 4787 Inter
722 4730 1001 4786 Medabam
1040 4734 1091 4785 et
1126 4729 1331 4799 Debus.
1380 4729 1663 4799 Corrupte
1722 4728 2059 4799 legebamus

411 4801 472 4857 in
502 4807 674 4858 antea
702 4802 873 4858 editis
903 4800 1070 4856 libris
1118 4798 1443 4855 Deblatham
1493 4798 1597 4870 pro
1653 4798 1841 4867 Delus,
1901 4802 2057 4871 quod

412 4874 778 4928 Bonfrerium
811 4871 1029 4928 fefellit.
1062 4876 1343 4926 MARTIAN.

481 4945 503 4978 ²
530 4945 851 5013 Jarismuth,
883 4948 991 4998 etc.
1018 4942 1183 5013 Hunc
1214 4941 1407 4995 locum
1439 4940 1892 5013 praetermittunt
1920 4939 2055 5012 plu-

408 5031 503 5071 res
529 5032 673 5072 mss.
704 5010 933 5070 codices
964 5012 1175 5075 Latini,
1200 5027 1334 5066 cum
1366 5015 1559 5063 tamen
1580 5010 1837 5067 exstetin
1857 5010 2052 5069 Graeco

407 5085 655 5142 Eusebio
686 5087 797 5141 sub
830 5083 1065 5140 nomine
1096 5075 1312 5141 Ἰαϐεῑς.
1342 5083 1624 5136 ΜΑΒΤΙΑΝ.

477 5157 499 5192 ³
529 5156 865 5213 Bonfrerius
895 5156 1051 5209 hunc
1083 5153 1142 5207 in
1178 5152 1380 5207 Latino
1409 5151 1648 5207 titulum
1681 5153 1940 5224 proxime
1968 5171 2052 5211 se-

406 5228 608 5300 quenti
629 5228 831 5299 jungit
859 5242 976 5280 una
1003 5224 1174 5300 serie,
1203 5228 1551 5300 tantumque
1577 5227 2050 5300 suprqadverbio

404 5296 722 5372 expuncto,
744 5296 852 5352 {ton
884 5304 966 5372 est
988 5296 1262 5372 ipsang
1290 5296 1526 5372 Jesrael,
1558 5302 1667 5372 etc._
1730 5297 1915 5372 Facile
1975 5299 2048 5353 ad

404 5365 1157 5455 hu’nc'mpdumNscri‘pserit
1185 5366 1471 5455 Eusebius
1500 5366 1625 5455 ipse
1656 5366 1911 5455 Ἰεξραέλ,
1956 5388 2050 5455 Sao-

401 5435 508 5513 λῇς
537 5434 714 5491 Ἰούδα
747 5426 1057 5520 falsitati-tri
1091 5435 1206 5519 seri
1236 5436 1492 5520 llaﬁpai‘s}?
1516 5426 1626 5520 etc.
1656 5426 1876 5520 Lat'que
1899 5426 2046 5520 :ad'eo

401 5508 681 5566 occursus
714 5508 1026 5564 simillima:
1055 5509 1210 5565 vocis
1238 5508 1427 5565 fraudi
1459 5510 1629 5565 fuerit
1657 5508 1852 5566 Graeco
1882 5512 2046 5565 Anti-

400 5581 639 5654 quario.
660 5582 954 5654 Caeterum
974 5580 1117 5636 satis
1149 5580 1474 5654 luculenter
1501 5582 1570 5636 de
1600 5581 1908 5654 posteriori
1935 5582 2044 5654 hac

401 5651 544 5709 urbe
572 5652 809 5733 liieron.
842 5652 901 5707 in
931 5653 1322 5733 Commentar.
1344 5654 1415 5733 ad
1439 5653 1583 5733 Os_e_e
1603 5651 1737 5733 cap.
1761 5670 1779 5706 1
1800 5669 1813 5707 :
1831 5675 1857 5702 ί(
1882 5651 2042 5733 Dixi-’-

401 5741 535 5784 mus
562 5722 897 5802 Jezraelem,
932 5741 1056 5799 quae
1090 5741 1245 5784 nunc
1279 5725 1450 5798 juxta
1506 5722 2042 5798 Maximianopolim

2250 3623 2527 3691 Jecdaan,
2561 3621 2619 3676 in
2645 3620 2803 3676 tribu
2831 3620 3006 3676 Juda.

2249 3710 2565 3783 Jephlcthi,
2597 3710 2657 3765 in
2689 3710 2845 3765 tribu
2875 3708 3115 3780 Joseph.

2246 3801 2416 3868 Jano,
2450 3800 2509 3855 in
2540 3800 2695 3854 tribu
2726 3797 3022 3871 Ephraim.
3056 3801 3217 3852 Hanc
3247 3811 3479 3868 quoque
3518 3794 3671 3866 cepit
3726 3810 3825 3852 rex

2176 3889 2548 3959 Assyriorum
2574 3904 2587 3943 :
2616 3893 2673 3943 et
2701 3886 2990 3958 hodieque
3013 3885 3176 3941 vicus
3205 3883 3532 3940 ostenditur
3558 3884 3728 3954 Jano,
3761 3884 3820 3940 in

2175 3978 2547 4034 Acrabittena
2575 3977 2827 4049 regione,
2862 3977 2922 4030 in
2954 3975 3299 4031 duodecimo
3346 3973 3537 4046 lapide
3596 3973 3817 4046 Neapo-

2176 4066 2295 4124 leos
2325 4072 2527 4123 contra
2541 4066 2856 4122 Orientem.

2242 4156 2438 4212 Jamin
2464 4172 2477 4211 :
2512 4173 2615 4228 pro
2646 4171 2763 4226 quo
2793 4152 3006 4224 Aquila
3032 4156 3090 4208 et
3117 4150 3503 4225 Symmachus
3533 4150 3820 4222 interpre-

2174 4250 2391 4315 tantur,
2426 4245 2742 4300 dexteram.
3233 4246 3242 4259 '

2240 4334 2413 4389 Jaseb
2444 4334 2466 4367 ἰ
2497 4331 2867 4404 (ALJasen):
2906 4347 3007 4403 pro
3064 4347 3180 4403 quo
3228 4328 3471 4398 Hebraei,
3527 4327 3819 4385 habitato-

2172 4439 2263 4477 res
2293 4421 2513 4493 legunt.

2243 4510 2505 4565 Inemee:
2540 4526 2644 4582 pro
2675 4527 2789 4581 quo
2821 4507 3031 4581 Aquila
3072 4512 3130 4564 et
3182 4506 3568 4578 Symmachus
3623 4509 3820 4562 trans-

2092 4614 2139 4678 Ι)
2175 4596 2455 4669 tulerunt,
2490 4599 2550 4653 in
2579 4597 2810 4654 vallem.

2169 4728 2273 4790 est,
2306 4722 2487 4779 fuisse
2518 4723 2886 4795 metropolim
2918 4722 3079 4795 regni
3112 4719 3390 4795 Samaria:
3419 4735 3610 4795 prope
3634 4734 3816 4790 quam

2168 4800 2307 4851 sunt
2335 4796 2527 4866 campi
2550 4789 2842 4860 latissimi,
2876 4800 2933 4849 et
2951 4789 3120 4849 vallis
3144 4794 3335 4847 nimias
3357 4789 3808 4866 vastitatis,qu

2166 4866 2298 4938 plus
2324 4860 2499 4938 quam
2522 4867 2718 4922 decem
2746 4866 2993 4921 millium
3016 4866 3273 4921 tenditur
3290 4878 3597 4938 passuum:
3620 4882 3648 4938 ii
3663 4860 3732 4916 Et
3750 4860 3815 4916 in

2165 4930 2400 4993 Zachar.
2435 4954 2484 4992 c.
2502 4955 2582 4992 ΧΠ
2606 4957 2623 4992 :
2657 4960 2683 4988 ‹‹
2711 4937 3163 5001 Adadremmon,
3189 4930 3430 5008 pro-quo
3460 4930 3599 5008 LXX
3621 4937 3815 4989 trans-

2164 5009 2429 5065 tulerunt
2456 5009 2714 5079 ’Pod’woq,
2749 5010 2890 5063 urbs
2921 5015 3009 5063 est
3057 5004 3229 5079 juxta
3272 5004 3613 5079 Jezraelem,
3675 5019 3811 5076 qum

2162 5080 2269 5136 hoc
2299 5080 2439 5135 olim
2471 5068 2752 5135 vocabulo
2783 5068 3119 5150 nuncupata
3149 5083 3256 5149 est,
3309 5083 3367 5134 et
3417 5068 3609 5150 hodie
3644 5068 3816 5150 vdea-

2159 5157 2256 5207 tur
2286 5151 2791 5223 Maximianopolis
2830 5150 2890 5205 in
2948 5146 3155 5222 campo
3210 5146 3552 5221 Maggedon.
3586 5170 3609 5199 ι
3672 5146 3810 5201 Vid.

2161 5223 2510 5278 Relandum.

2213 5241 2510 5279 etanuum.

2227 5296 2249 5328 ⁴
2284 5296 2463 5356 Jasen.
2532 5298 2641 5349 etc.
2702 5294 2854 5347 Bene
2912 5291 3145 5347 monuit
3201 5290 3537 5345 Bonfrerius
3595 5302 3809 5342 nomen

2172 5365 2331 5421 istud
2355 5365 2743 5420 diversimode
2775 5365 2831 5418 in
2865 5364 3163 5419 codicibus
3202 5360 3580 5433 Septuaginta
3635 5358 3817 5433 inter-

2173 5441 2403 5508 pretum
2436 5435 2545 5505 legi
2581 5435 2814 5491 solitum
2843 5453 2856 5502 ;
2882 5452 3029 5508 nam
3087 5452 3194 5491 vox
3244 5431 3345 5488 illa
3399 5431 3523 5508 J’ohs.
3561 5446 3705 5508 _x_v1_1,
3750 5431 3813 5497 7,

2152 5500 2327 5568 fasce.
2359 5500 2555 5572 Jassib,
2589 5512 2645 5562 et
2672 5500 2852 5578 Jasem
2881 5506 3112 5578 legitur,
3146 5521 3248 5578 pro
3297 5520 3413 5576 quo
3456 5501 3530 5578 in
3559 5500 3806 5578 Hebraeo

2154 5584 2242 5633 est
2271 5587 2409 5638 πῖν’
2439 5580 2631 5649 iosebe,
2684 5577 2789 5633 hoc
2842 5571 2968 5647 est,"
3008 5571 3359 5646 habitatore},
3420 5573 3577 5629 sicut
3630 5571 3810 5637 vertit

2153 5650 2564 5722 Hieronymus.
