  <div class='ocr_page' id='page_1' title='image "/cluster/home/n/w/nwhite01/storage/ocr_20150623/23/umn.31951d034773078/486.png"; bbox 0 0 3992 6406; ppageno 0'>
   <div class='ocr_carea' id='block_1_1' title="bbox 171 404 330 474">
    <p class='ocr_par' dir='ltr' id='par_1_1' title="bbox 171 404 330 474">
     <span class='ocr_line' id='line_1_1' title="bbox 171 404 330 474; baseline 0.013 -2"><span class='ocrx_word' id='word_1_1' title='bbox 171 404 330 474; x_wconf 69' lang='lat'>983?</span> 
     </span>
    </p>
   </div>
   <div class='ocr_carea' id='block_1_2' title="bbox 245 536 1913 610">
    <p class='ocr_par' dir='ltr' id='par_1_2' title="bbox 245 536 1913 610">
     <span class='ocr_line' id='line_1_2' title="bbox 245 536 1913 610; baseline -0.006 -11"><span class='ocrx_word' id='word_1_2' title='bbox 245 539 515 610; x_wconf 82' lang='lat' dir='ltr'>Jeblaan,</span> <span class='ocrx_word' id='word_1_3' title='bbox 547 541 607 598; x_wconf 88' lang='lat' dir='ltr'>in</span> <span class='ocrx_word' id='word_1_4' title='bbox 638 541 795 598; x_wconf 82' lang='lat' dir='ltr'>tribu</span> <span class='ocrx_word' id='word_1_5' title='bbox 834 541 1123 609; x_wconf 88' lang='lat' dir='ltr'>Manasse,</span> <span class='ocrx_word' id='word_1_6' title='bbox 1171 541 1241 594; x_wconf 84' lang='lat' dir='ltr'>de</span> <span class='ocrx_word' id='word_1_7' title='bbox 1300 555 1416 610; x_wconf 88' lang='lat' dir='ltr'>qua</span> <span class='ocrx_word' id='word_1_8' title='bbox 1472 536 1832 607; x_wconf 83' lang='lat' dir='ltr'>alienigenas</span> <span class='ocrx_word' id='word_1_9' title='bbox 1860 544 1913 608; x_wconf 82' lang='grc' dir='ltr'><strong>Α</strong></span> 
     </span>
    </p>
   </div>
   <div class='ocr_carea' id='block_1_3' title="bbox 170 630 835 704">
    <p class='ocr_par' dir='ltr' id='par_1_3' title="bbox 170 630 835 704">
     <span class='ocr_line' id='line_1_3' title="bbox 170 630 835 704; baseline -0.002 -17"><span class='ocrx_word' id='word_1_10' title='bbox 170 649 296 688; x_wconf 89' lang='lat' dir='ltr'>non</span> <span class='ocrx_word' id='word_1_11' title='bbox 320 630 505 688; x_wconf 88' lang='lat' dir='ltr'>valuit</span> <span class='ocrx_word' id='word_1_12' title='bbox 532 631 835 704; x_wconf 83' lang='lat' dir='ltr'>expellere.</span> 
     </span>
    </p>
   </div>
   <div class='ocr_carea' id='block_1_4' title="bbox 248 718 1157 792">
    <p class='ocr_par' dir='ltr' id='par_1_4' title="bbox 248 718 1157 792">
     <span class='ocr_line' id='line_1_4' title="bbox 248 718 1157 792; baseline -0.006 -16"><span class='ocrx_word' id='word_1_13' title='bbox 248 719 510 792; x_wconf 85' lang='lat' dir='ltr'>Jorphel,</span> <span class='ocrx_word' id='word_1_14' title='bbox 542 720 602 776; x_wconf 92' lang='lat' dir='ltr'>in</span> <span class='ocrx_word' id='word_1_15' title='bbox 631 720 788 775; x_wconf 83' lang='lat' dir='ltr'><strong>tribu</strong></span> <span class='ocrx_word' id='word_1_16' title='bbox 828 718 1157 789; x_wconf 87' lang='lat' dir='ltr'>Benjamin.</span> 
     </span>
    </p>
   </div>
   <div class='ocr_carea' id='block_1_5' title="bbox 250 803 1832 877">
    <p class='ocr_par' dir='ltr' id='par_1_5' title="bbox 250 803 1832 877">
     <span class='ocr_line' id='line_1_5' title="bbox 250 803 1832 877; baseline -0.005 -12"><span class='ocrx_word' id='word_1_17' title='bbox 250 809 475 877; x_wconf 88' lang='lat' dir='ltr'>Jecnal,</span> <span class='ocrx_word' id='word_1_18' title='bbox 519 809 579 864; x_wconf 89' lang='lat' dir='ltr'>in</span> <span class='ocrx_word' id='word_1_19' title='bbox 631 809 790 864; x_wconf 81' lang='lat' dir='ltr'>tribu</span> <span class='ocrx_word' id='word_1_20' title='bbox 837 807 1117 874; x_wconf 87' lang='lat' dir='ltr'>Zabulon,</span> <span class='ocrx_word' id='word_1_21' title='bbox 1171 805 1383 862; x_wconf 87' lang='lat' dir='ltr'>Levitis</span> <span class='ocrx_word' id='word_1_22' title='bbox 1426 803 1630 860; x_wconf 82' lang='lat' dir='ltr'>civitas</span> <span class='ocrx_word' id='word_1_23' title='bbox 1666 819 1832 874; x_wconf 90' lang='lat' dir='ltr'>sepa-</span> 
     </span>
    </p>
   </div>
   <div class='ocr_carea' id='block_1_6' title="bbox 177 903 329 956">
    <p class='ocr_par' dir='ltr' id='par_1_6' title="bbox 177 903 329 956">
     <span class='ocr_line' id='line_1_6' title="bbox 177 903 329 956; baseline -0.007 -1"><span class='ocrx_word' id='word_1_24' title='bbox 177 903 329 956; x_wconf 87' lang='lat' dir='ltr'>rata.</span> 
     </span>
    </p>
   </div>
   <div class='ocr_carea' id='block_1_7' title="bbox 249 984 1836 1054">
    <p class='ocr_par' dir='ltr' id='par_1_7' title="bbox 249 984 1836 1054">
     <span class='ocr_line' id='line_1_7' title="bbox 249 984 1836 1054; baseline -0.006 -10"><span class='ocrx_word' id='word_1_25' title='bbox 249 988 501 1054; x_wconf 87' lang='lat' dir='ltr'>Jasthie,</span> <span class='ocrx_word' id='word_1_26' title='bbox 531 987 591 1043; x_wconf 94' lang='lat' dir='ltr'>in</span> <span class='ocrx_word' id='word_1_27' title='bbox 623 986 781 1042; x_wconf 85' lang='lat' dir='ltr'>tribu</span> <span class='ocrx_word' id='word_1_28' title='bbox 811 984 1069 1040; x_wconf 89' lang='lat' dir='ltr'>Zabulon</span> <span class='ocrx_word' id='word_1_29' title='bbox 1095 1001 1108 1038; x_wconf 89' lang='lat'>:</span> <span class='ocrx_word' id='word_1_30' title='bbox 1135 999 1293 1039; x_wconf 92' lang='lat' dir='ltr'>nunc</span> <span class='ocrx_word' id='word_1_31' title='bbox 1317 998 1508 1054; x_wconf 90' lang='lat' dir='ltr'>usque</span> <span class='ocrx_word' id='word_1_32' title='bbox 1529 986 1711 1053; x_wconf 86' lang='lat' dir='ltr'>Joppe</span> <span class='ocrx_word' id='word_1_33' title='bbox 1742 997 1836 1034; x_wconf 91' lang='lat' dir='ltr'>vo-</span> 
     </span>
    </p>
   </div>
   <div class='ocr_carea' id='block_1_8' title="bbox 176 1070 1833 1146">
    <p class='ocr_par' dir='ltr' id='par_1_8' title="bbox 176 1070 1833 1146">
     <span class='ocr_line' id='line_1_8' title="bbox 176 1070 1833 1146; baseline -0.006 -13"><span class='ocrx_word' id='word_1_34' title='bbox 176 1081 371 1141; x_wconf 81' lang='lat' dir='ltr'>catur,</span> <span class='ocrx_word' id='word_1_35' title='bbox 406 1092 688 1132; x_wconf 83' lang='lat' dir='ltr'>ascensus</span> <span class='ocrx_word' id='word_1_36' title='bbox 715 1074 1047 1146; x_wconf 87' lang='lat' dir='ltr'>Japho.Sed</span> <span class='ocrx_word' id='word_1_37' title='bbox 1077 1076 1133 1127; x_wconf 90' lang='lat' dir='ltr'>et</span> <span class='ocrx_word' id='word_1_38' title='bbox 1150 1071 1430 1142; x_wconf 83' lang='lat' dir='ltr'>oppidum</span> <span class='ocrx_word' id='word_1_39' title='bbox 1455 1070 1833 1142; x_wconf 89' lang='lat' dir='ltr'>Sycaminum</span> 
     </span>
    </p>
   </div>
   <div class='ocr_carea' id='block_1_9' title="bbox 178 1159 1836 1232">
    <p class='ocr_par' dir='ltr' id='par_1_9' title="bbox 178 1159 1836 1232">
     <span class='ocr_line' id='line_1_9' title="bbox 178 1159 1836 1232; baseline -0.005 -11"><span class='ocrx_word' id='word_1_40' title='bbox 178 1165 440 1232; x_wconf 86' lang='lat' dir='ltr'>nomine,</span> <span class='ocrx_word' id='word_1_41' title='bbox 507 1166 579 1220; x_wconf 91' lang='lat' dir='ltr'>de</span> <span class='ocrx_word' id='word_1_42' title='bbox 635 1164 896 1219; x_wconf 67' lang='lat' dir='ltr'>Caesarea</span> <span class='ocrx_word' id='word_1_43' title='bbox 963 1159 1378 1216; x_wconf 90' lang='lat' dir='ltr'>Ptolemaidem</span> <span class='ocrx_word' id='word_1_44' title='bbox 1457 1159 1836 1230; x_wconf 83' lang='lat' dir='ltr'>pergentibus</span> 
     </span>
    </p>
   </div>
   <div class='ocr_carea' id='block_1_10' title="bbox 179 1247 1838 1327">
    <p class='ocr_par' dir='ltr' id='par_1_10' title="bbox 179 1247 1838 1327">
     <span class='ocr_line' id='line_1_10' title="bbox 179 1247 1838 1327; baseline -0.005 -18"><span class='ocrx_word' id='word_1_45' title='bbox 179 1269 368 1327; x_wconf 82' lang='lat' dir='ltr'>super</span> <span class='ocrx_word' id='word_1_46' title='bbox 421 1268 600 1319; x_wconf 87' lang='lat' dir='ltr'>mare,</span> <span class='ocrx_word' id='word_1_47' title='bbox 659 1256 896 1324; x_wconf 81' lang='lat' dir='ltr'>propter</span> <span class='ocrx_word' id='word_1_48' title='bbox 953 1254 1210 1305; x_wconf 85' lang='lat' dir='ltr'>montem</span> <span class='ocrx_word' id='word_1_49' title='bbox 1284 1247 1615 1304; x_wconf 87' lang='lat' dir='ltr'>Carmelum</span> <span class='ocrx_word' id='word_1_50' title='bbox 1674 1247 1838 1319; x_wconf 90' lang='lat' dir='ltr'>Epha</span> 
     </span>
    </p>
   </div>
   <div class='ocr_carea' id='block_1_11' title="bbox 183 1343 428 1409">
    <p class='ocr_par' dir='ltr' id='par_1_11' title="bbox 183 1343 428 1409">
     <span class='ocr_line' id='line_1_11' title="bbox 183 1343 428 1409; baseline -0.008 -11"><span class='ocrx_word' id='word_1_51' title='bbox 183 1343 428 1409; x_wconf 90' lang='lat' dir='ltr'>dicitur,</span> 
     </span>
    </p>
   </div>
   <div class='ocr_carea' id='block_1_12' title="bbox 259 1425 1358 1502">
    <p class='ocr_par' dir='ltr' id='par_1_12' title="bbox 259 1425 1358 1502">
     <span class='ocr_line' id='line_1_12' title="bbox 259 1425 1358 1502; baseline -0.006 -14"><span class='ocrx_word' id='word_1_52' title='bbox 259 1430 413 1488; x_wconf 65' lang='grc' dir='ltr'>σιω</span> <span class='ocrx_word' id='word_1_53' title='bbox 443 1429 776 1502; x_wconf 85' lang='lat' dir='ltr'>Jephthael,</span> <span class='ocrx_word' id='word_1_54' title='bbox 808 1429 868 1484; x_wconf 94' lang='lat' dir='ltr'>in</span> <span class='ocrx_word' id='word_1_55' title='bbox 899 1429 1055 1484; x_wconf 90' lang='lat' dir='ltr'>tribu</span> <span class='ocrx_word' id='word_1_56' title='bbox 1081 1425 1358 1483; x_wconf 88' lang='lat' dir='ltr'>Zabulon.</span> 
     </span>
    </p>
   </div>
   <div class='ocr_carea' id='block_1_13' title="bbox 257 1516 1068 1588">
    <p class='ocr_par' dir='ltr' id='par_1_13' title="bbox 257 1516 1068 1588">
     <span class='ocr_line' id='line_1_13' title="bbox 257 1516 1068 1588; baseline -0.005 -13"><span class='ocrx_word' id='word_1_57' title='bbox 257 1519 482 1588; x_wconf 87' lang='lat' dir='ltr'>Jadela,</span> <span class='ocrx_word' id='word_1_58' title='bbox 515 1519 574 1574; x_wconf 91' lang='lat' dir='ltr'>in</span> <span class='ocrx_word' id='word_1_59' title='bbox 606 1519 760 1574; x_wconf 89' lang='lat' dir='ltr'>tribu</span> <span class='ocrx_word' id='word_1_60' title='bbox 788 1516 1068 1572; x_wconf 88' lang='lat' dir='ltr'>Zabulon.</span> 
     </span>
    </p>
   </div>
   <div class='ocr_carea' id='block_1_14' title="bbox 256 1602 1839 1672">
    <p class='ocr_par' dir='ltr' id='par_1_14' title="bbox 256 1602 1839 1672">
     <span class='ocr_line' id='line_1_14' title="bbox 256 1602 1839 1672; baseline -0.003 -10"><span class='ocrx_word' id='word_1_61' title='bbox 256 1605 544 1672; x_wconf 88' lang='lat' dir='ltr'>Jermoth,</span> <span class='ocrx_word' id='word_1_62' title='bbox 577 1605 636 1660; x_wconf 91' lang='lat' dir='ltr'>in</span> <span class='ocrx_word' id='word_1_63' title='bbox 686 1603 841 1660; x_wconf 83' lang='lat' dir='ltr'>tribu</span> <span class='ocrx_word' id='word_1_64' title='bbox 889 1603 1173 1670; x_wconf 89' lang='lat' dir='ltr'>Issachar,</span> <span class='ocrx_word' id='word_1_65' title='bbox 1229 1602 1370 1656; x_wconf 84' lang='lat' dir='ltr'>urbs</span> <span class='ocrx_word' id='word_1_66' title='bbox 1438 1602 1839 1658; x_wconf 87' lang='lat' dir='ltr'>sacerdotibus</span> 
     </span>
    </p>
   </div>
   <div class='ocr_carea' id='block_1_15' title="bbox 183 1690 1840 1767">
    <p class='ocr_par' dir='ltr' id='par_1_15' title="bbox 183 1690 1840 1767">
     <span class='ocr_line' id='line_1_15' title="bbox 183 1690 1840 1767; baseline -0.002 -16"><span class='ocrx_word' id='word_1_67' title='bbox 183 1699 479 1767; x_wconf 90' lang='lat' dir='ltr'>separata.</span> <span class='ocrx_word' id='word_1_68' title='bbox 514 1693 826 1750; x_wconf 87' lang='lat' dir='ltr'>Posuimus</span> <span class='ocrx_word' id='word_1_69' title='bbox 857 1697 915 1748; x_wconf 90' lang='lat' dir='ltr'>et</span> <span class='ocrx_word' id='word_1_70' title='bbox 935 1707 1116 1764; x_wconf 86' lang='lat' dir='ltr'>supra</span> <span class='ocrx_word' id='word_1_71' title='bbox 1143 1690 1635 1762; x_wconf 89' lang='lat' dir='ltr'>Jerimuth,eujus</span> <span class='ocrx_word' id='word_1_72' title='bbox 1657 1695 1714 1748; x_wconf 90' lang='lat' dir='ltr'>et</span> <span class='ocrx_word' id='word_1_73' title='bbox 1731 1693 1840 1747; x_wconf 91' lang='lat' dir='ltr'>Osc</span> 
     </span>
    </p>
   </div>
   <div class='ocr_carea' id='block_1_16' title="bbox 180 1783 790 1856">
    <p class='ocr_par' dir='ltr' id='par_1_16' title="bbox 180 1783 790 1856">
     <span class='ocr_line' id='line_1_16' title="bbox 180 1783 790 1856; baseline -0.003 -16"><span class='ocrx_word' id='word_1_74' title='bbox 180 1784 475 1856; x_wconf 81' lang='lat' dir='ltr'>propheta</span> <span class='ocrx_word' id='word_1_75' title='bbox 504 1783 790 1838; x_wconf 86' lang='lat' dir='ltr'>meminit.</span> 
     </span>
    </p>
   </div>
   <div class='ocr_carea' id='block_1_17' title="bbox 260 1871 1921 1970">
    <p class='ocr_par' dir='ltr' id='par_1_17' title="bbox 260 1871 1921 1970">
     <span class='ocr_line' id='line_1_17' title="bbox 260 1871 1921 1970; baseline -0.001 -42"><span class='ocrx_word' id='word_1_76' title='bbox 260 1874 406 1939; x_wconf 93' lang='lat' dir='ltr'>Icoc,</span> <span class='ocrx_word' id='word_1_77' title='bbox 441 1871 614 1928; x_wconf 83' lang='lat' dir='ltr'>sortis</span> <span class='ocrx_word' id='word_1_78' title='bbox 644 1871 977 1943; x_wconf 87' lang='lat' dir='ltr'>Nephthali,</span> <span class='ocrx_word' id='word_1_79' title='bbox 1010 1873 1068 1929; x_wconf 91' lang='lat' dir='ltr'>in</span> <span class='ocrx_word' id='word_1_80' title='bbox 1103 1873 1311 1929; x_wconf 86' lang='lat' dir='ltr'>cofinio</span> <span class='ocrx_word' id='word_1_81' title='bbox 1342 1872 1519 1927; x_wconf 89' lang='lat' dir='ltr'>trium</span> <span class='ocrx_word' id='word_1_82' title='bbox 1552 1871 1836 1927; x_wconf 88' lang='lat' dir='ltr'>tribuum:</span> <span class='ocrx_word' id='word_1_83' title='bbox 1873 1907 1921 1970; x_wconf 84' lang='lat' dir='ltr'><strong>B</strong></span> 
     </span>
    </p>
   </div>
   <div class='ocr_carea' id='block_1_18' title="bbox 182 1960 1841 2031">
    <p class='ocr_par' dir='ltr' id='par_1_18' title="bbox 182 1960 1841 2031">
     <span class='ocr_line' id='line_1_18' title="bbox 182 1960 1841 2031; baseline -0.002 -14"><span class='ocrx_word' id='word_1_84' title='bbox 182 1963 241 2017; x_wconf 87' lang='lat' dir='ltr'>id</span> <span class='ocrx_word' id='word_1_85' title='bbox 285 1965 393 2028; x_wconf 89' lang='lat' dir='ltr'>est,</span> <span class='ocrx_word' id='word_1_86' title='bbox 426 1961 485 2015; x_wconf 91' lang='lat' dir='ltr'>in</span> <span class='ocrx_word' id='word_1_87' title='bbox 517 1961 671 2016; x_wconf 91' lang='lat' dir='ltr'>tribu</span> <span class='ocrx_word' id='word_1_88' title='bbox 712 1960 967 2016; x_wconf 89' lang='lat' dir='ltr'>Zabulon</span> <span class='ocrx_word' id='word_1_89' title='bbox 1000 1963 1069 2017; x_wconf 91' lang='lat' dir='ltr'>ad</span> <span class='ocrx_word' id='word_1_90' title='bbox 1126 1961 1441 2017; x_wconf 78' lang='lat' dir='ltr'>australem</span> <span class='ocrx_word' id='word_1_91' title='bbox 1493 1960 1748 2031; x_wconf 84' lang='lat' dir='ltr'>plagam,</span> <span class='ocrx_word' id='word_1_92' title='bbox 1783 1961 1841 2014; x_wconf 89' lang='lat' dir='ltr'>in</span> 
     </span>
    </p>
   </div>
   <div class='ocr_carea' id='block_1_19' title="bbox 183 2051 1841 2124">
    <p class='ocr_par' dir='ltr' id='par_1_19' title="bbox 183 2051 1841 2124">
     <span class='ocr_line' id='line_1_19' title="bbox 183 2051 1841 2124; baseline 0 -19"><span class='ocrx_word' id='word_1_93' title='bbox 183 2051 347 2106; x_wconf 89' lang='lat' dir='ltr'>tribu</span> <span class='ocrx_word' id='word_1_94' title='bbox 379 2053 520 2106; x_wconf 87' lang='lat' dir='ltr'>Aser</span> <span class='ocrx_word' id='word_1_95' title='bbox 549 2051 621 2105; x_wconf 90' lang='lat' dir='ltr'>ad</span> <span class='ocrx_word' id='word_1_96' title='bbox 654 2051 1035 2117; x_wconf 86' lang='lat' dir='ltr'>occidentem,</span> <span class='ocrx_word' id='word_1_97' title='bbox 1091 2069 1260 2124; x_wconf 90' lang='lat' dir='ltr'>porro</span> <span class='ocrx_word' id='word_1_98' title='bbox 1311 2052 1369 2104; x_wconf 93' lang='lat' dir='ltr'>in</span> <span class='ocrx_word' id='word_1_99' title='bbox 1402 2051 1554 2104; x_wconf 90' lang='lat' dir='ltr'>tribu</span> <span class='ocrx_word' id='word_1_100' title='bbox 1584 2051 1738 2105; x_wconf 90' lang='lat' dir='ltr'>Juda</span> <span class='ocrx_word' id='word_1_101' title='bbox 1770 2051 1841 2105; x_wconf 92' lang='lat' dir='ltr'>ad</span> 
     </span>
    </p>
   </div>
   <div class='ocr_carea' id='block_1_20' title="bbox 187 2139 585 2196">
    <p class='ocr_par' dir='ltr' id='par_1_20' title="bbox 187 2139 585 2196">
     <span class='ocr_line' id='line_1_20' title="bbox 187 2139 585 2196; baseline -0.005 0"><span class='ocrx_word' id='word_1_102' title='bbox 187 2139 340 2196; x_wconf 89' lang='lat' dir='ltr'>solis</span> <span class='ocrx_word' id='word_1_103' title='bbox 369 2145 585 2195; x_wconf 89' lang='lat' dir='ltr'>ortum.</span> 
     </span>
    </p>
   </div>
   <div class='ocr_carea' id='block_1_21' title="bbox 263 2227 1144 2302">
    <p class='ocr_par' dir='ltr' id='par_1_21' title="bbox 263 2227 1144 2302">
     <span class='ocr_line' id='line_1_21' title="bbox 263 2227 1144 2302; baseline 0.001 -19"><span class='ocrx_word' id='word_1_104' title='bbox 263 2228 495 2299; x_wconf 87' lang='lat' dir='ltr'>Jabnel,</span> <span class='ocrx_word' id='word_1_105' title='bbox 527 2228 585 2283; x_wconf 92' lang='lat' dir='ltr'>in</span> <span class='ocrx_word' id='word_1_106' title='bbox 618 2227 774 2284; x_wconf 88' lang='lat' dir='ltr'>tribu</span> <span class='ocrx_word' id='word_1_107' title='bbox 807 2229 1144 2302; x_wconf 89' lang='lat' dir='ltr'>Nephthali.</span> 
     </span>
    </p>
   </div>
   <div class='ocr_carea' id='block_1_22' title="bbox 264 2316 1106 2390">
    <p class='ocr_par' dir='ltr' id='par_1_22' title="bbox 264 2316 1106 2390">
     <span class='ocr_line' id='line_1_22' title="bbox 264 2316 1106 2390; baseline 0 -17"><span class='ocrx_word' id='word_1_108' title='bbox 264 2318 468 2385; x_wconf 87' lang='lat' dir='ltr'>Jeron,</span> <span class='ocrx_word' id='word_1_109' title='bbox 499 2316 559 2373; x_wconf 91' lang='lat' dir='ltr'>in</span> <span class='ocrx_word' id='word_1_110' title='bbox 589 2317 745 2372; x_wconf 85' lang='lat' dir='ltr'>tribu</span> <span class='ocrx_word' id='word_1_111' title='bbox 775 2318 1106 2390; x_wconf 87' lang='lat' dir='ltr'>Nephthali.</span> 
     </span>
    </p>
   </div>
   <div class='ocr_carea' id='block_1_23' title="bbox 269 2405 994 2474">
    <p class='ocr_par' dir='ltr' id='par_1_23' title="bbox 269 2405 994 2474">
     <span class='ocr_line' id='line_1_23' title="bbox 269 2405 994 2474; baseline 0.003 -12"><span class='ocrx_word' id='word_1_112' title='bbox 269 2405 550 2474; x_wconf 89' lang='lat' dir='ltr'>Jethlam,</span> <span class='ocrx_word' id='word_1_113' title='bbox 583 2406 644 2461; x_wconf 93' lang='lat' dir='ltr'>in</span> <span class='ocrx_word' id='word_1_114' title='bbox 668 2407 823 2462; x_wconf 90' lang='lat' dir='ltr'>tribu</span> <span class='ocrx_word' id='word_1_115' title='bbox 851 2411 994 2464; x_wconf 89' lang='lat' dir='ltr'>Dan.</span> 
     </span>
    </p>
   </div>
   <div class='ocr_carea' id='block_1_24' title="bbox 276 2493 915 2561">
    <p class='ocr_par' dir='ltr' id='par_1_24' title="bbox 276 2493 915 2561">
     <span class='ocr_line' id='line_1_24' title="bbox 276 2493 915 2561; baseline -0.002 -11"><span class='ocrx_word' id='word_1_116' title='bbox 276 2493 465 2561; x_wconf 87' lang='lat' dir='ltr'>Jelon,</span> <span class='ocrx_word' id='word_1_117' title='bbox 493 2494 551 2550; x_wconf 90' lang='lat' dir='ltr'>in</span> <span class='ocrx_word' id='word_1_118' title='bbox 584 2495 740 2550; x_wconf 90' lang='lat' dir='ltr'>tribu</span> <span class='ocrx_word' id='word_1_119' title='bbox 773 2497 915 2551; x_wconf 90' lang='lat' dir='ltr'>Dan.</span> 
     </span>
    </p>
   </div>
   <div class='ocr_carea' id='block_1_25' title="bbox 278 2583 869 2652">
    <p class='ocr_par' dir='ltr' id='par_1_25' title="bbox 278 2583 869 2652">
     <span class='ocr_line' id='line_1_25' title="bbox 278 2583 869 2652; baseline 0 -12"><span class='ocrx_word' id='word_1_120' title='bbox 278 2585 415 2652; x_wconf 89' lang='lat' dir='ltr'>Jud,</span> <span class='ocrx_word' id='word_1_121' title='bbox 448 2583 507 2638; x_wconf 92' lang='lat' dir='ltr'>in</span> <span class='ocrx_word' id='word_1_122' title='bbox 538 2583 694 2639; x_wconf 88' lang='lat' dir='ltr'>tribu</span> <span class='ocrx_word' id='word_1_123' title='bbox 725 2584 869 2640; x_wconf 89' lang='lat' dir='ltr'>Dan.</span> 
     </span>
    </p>
   </div>
   <div class='ocr_carea' id='block_1_26' title="bbox 279 2673 1264 2744">
    <p class='ocr_par' dir='ltr' id='par_1_26' title="bbox 279 2673 1264 2744">
     <span class='ocr_line' id='line_1_26' title="bbox 279 2673 1264 2744; baseline -0.002 -15"><span class='ocrx_word' id='word_1_124' title='bbox 279 2673 590 2739; x_wconf 88' lang='lat' dir='ltr'>Jerachon,</span> <span class='ocrx_word' id='word_1_125' title='bbox 622 2689 807 2744; x_wconf 73' lang='lat' dir='ltr'>aquae,</span> <span class='ocrx_word' id='word_1_126' title='bbox 838 2673 897 2728; x_wconf 91' lang='lat' dir='ltr'>in</span> <span class='ocrx_word' id='word_1_127' title='bbox 929 2673 1086 2728; x_wconf 91' lang='lat' dir='ltr'>tribu</span> <span class='ocrx_word' id='word_1_128' title='bbox 1118 2674 1264 2729; x_wconf 91' lang='lat' dir='ltr'>Dan.</span> 
     </span>
    </p>
   </div>
   <div class='ocr_carea' id='block_1_27' title="bbox 278 2761 1852 2834">
    <p class='ocr_par' dir='ltr' id='par_1_27' title="bbox 278 2761 1852 2834">
     <span class='ocr_line' id='line_1_27' title="bbox 278 2761 1852 2834; baseline -0.001 -16"><span class='ocrx_word' id='word_1_129' title='bbox 278 2762 498 2819; x_wconf 90' lang='lat' dir='ltr'>Inlechi</span> <span class='ocrx_word' id='word_1_130' title='bbox 522 2777 646 2834; x_wconf 89' lang='lat' dir='ltr'>:pro</span> <span class='ocrx_word' id='word_1_131' title='bbox 677 2779 792 2834; x_wconf 89' lang='lat' dir='ltr'>quo</span> <span class='ocrx_word' id='word_1_132' title='bbox 822 2761 1035 2834; x_wconf 86' lang='lat' dir='ltr'>Aquila</span> <span class='ocrx_word' id='word_1_133' title='bbox 1059 2763 1561 2834; x_wconf 89' lang='lat' dir='ltr'>interpretatur,in</span> <span class='ocrx_word' id='word_1_134' title='bbox 1595 2762 1852 2819; x_wconf 82' lang='lat' dir='ltr'>maxilla.</span> 
     </span>
    </p>
   </div>
   <div class='ocr_carea' id='block_1_28' title="bbox 279 2850 1855 2924">
    <p class='ocr_par' dir='ltr' id='par_1_28' title="bbox 279 2850 1855 2924">
     <span class='ocr_line' id='line_1_28' title="bbox 279 2850 1855 2924; baseline 0 -17"><span class='ocrx_word' id='word_1_135' title='bbox 279 2852 310 2907; x_wconf 87' lang='lat' dir='ltr'><strong>J</strong></span> <span class='ocrx_word' id='word_1_136' title='bbox 319 2851 446 2907; x_wconf 90' lang='lat' dir='ltr'>abis</span> <span class='ocrx_word' id='word_1_137' title='bbox 475 2850 715 2921; x_wconf 88' lang='lat' dir='ltr'>Galaad,</span> <span class='ocrx_word' id='word_1_138' title='bbox 747 2854 804 2907; x_wconf 92' lang='lat' dir='ltr'>et</span> <span class='ocrx_word' id='word_1_139' title='bbox 830 2851 982 2906; x_wconf 90' lang='lat' dir='ltr'>hanc</span> <span class='ocrx_word' id='word_1_140' title='bbox 1013 2857 1493 2924; x_wconf 87' lang='lat' dir='ltr'>oppugnaverunt</span> <span class='ocrx_word' id='word_1_141' title='bbox 1523 2852 1625 2907; x_wconf 84' lang='lat' dir='ltr'>ﬁlii</span> <span class='ocrx_word' id='word_1_142' title='bbox 1657 2851 1855 2909; x_wconf 87' lang='lat' dir='ltr'>Israel.</span> 
     </span>
    </p>
   </div>
   <div class='ocr_carea' id='block_1_29' title="bbox 205 2939 1860 2998">
    <p class='ocr_par' dir='ltr' id='par_1_29' title="bbox 205 2939 1860 2998">
     <span class='ocr_line' id='line_1_29' title="bbox 205 2939 1860 2998; baseline -0.001 -1"><span class='ocrx_word' id='word_1_143' title='bbox 205 2941 374 2997; x_wconf 86' lang='lat' dir='ltr'>Nunc</span> <span class='ocrx_word' id='word_1_144' title='bbox 403 2945 600 2996; x_wconf 90' lang='lat' dir='ltr'>autem</span> <span class='ocrx_word' id='word_1_145' title='bbox 630 2943 720 2996; x_wconf 90' lang='lat' dir='ltr'>est</span> <span class='ocrx_word' id='word_1_146' title='bbox 746 2939 906 2996; x_wconf 88' lang='lat' dir='ltr'>vicus</span> <span class='ocrx_word' id='word_1_147' title='bbox 927 2943 1090 2996; x_wconf 92' lang='lat' dir='ltr'>trans</span> <span class='ocrx_word' id='word_1_148' title='bbox 1113 2942 1430 2997; x_wconf 87' lang='lat' dir='ltr'>Jordanem</span> <span class='ocrx_word' id='word_1_149' title='bbox 1453 2942 1512 2996; x_wconf 92' lang='lat' dir='ltr'>in</span> <span class='ocrx_word' id='word_1_150' title='bbox 1544 2945 1703 2998; x_wconf 85' lang='lat' dir='ltr'>sexto</span> <span class='ocrx_word' id='word_1_151' title='bbox 1731 2939 1860 2996; x_wconf 90' lang='lat' dir='ltr'>mil-</span> 
     </span>
    </p>
   </div>
   <div class='ocr_carea' id='block_1_30' title="bbox 209 3028 1860 3102">
    <p class='ocr_par' dir='ltr' id='par_1_30' title="bbox 209 3028 1860 3102">
     <span class='ocr_line' id='line_1_30' title="bbox 209 3028 1860 3102; baseline 0 -16"><span class='ocrx_word' id='word_1_152' title='bbox 209 3030 377 3086; x_wconf 89' lang='lat' dir='ltr'>liario</span> <span class='ocrx_word' id='word_1_153' title='bbox 435 3029 683 3085; x_wconf 87' lang='lat' dir='ltr'>civitatis</span> <span class='ocrx_word' id='word_1_154' title='bbox 739 3028 929 3101; x_wconf 68' lang='lat' dir='ltr'>Pellae,</span> <span class='ocrx_word' id='word_1_155' title='bbox 988 3045 1166 3102; x_wconf 86' lang='lat' dir='ltr'>super</span> <span class='ocrx_word' id='word_1_156' title='bbox 1237 3035 1498 3086; x_wconf 91' lang='lat' dir='ltr'>montem</span> <span class='ocrx_word' id='word_1_157' title='bbox 1579 3031 1860 3086; x_wconf 88' lang='lat' dir='ltr'>euntibus</span> 
     </span>
    </p>
   </div>
   <div class='ocr_carea' id='block_1_31' title="bbox 209 3124 451 3177">
    <p class='ocr_par' dir='ltr' id='par_1_31' title="bbox 209 3124 451 3177">
     <span class='ocr_line' id='line_1_31' title="bbox 209 3124 451 3177; baseline -0.004 -1"><span class='ocrx_word' id='word_1_158' title='bbox 209 3124 451 3177; x_wconf 88' lang='lat' dir='ltr'>Gerasa.</span> 
     </span>
    </p>
   </div>
   <div class='ocr_carea' id='block_1_32' title="bbox 603 3207 1464 3265">
    <p class='ocr_par' dir='ltr' id='par_1_32' title="bbox 603 3207 1464 3265">
     <span class='ocr_line' id='line_1_32' title="bbox 603 3207 1464 3265; baseline 0.001 -1"><span class='ocrx_word' id='word_1_159' title='bbox 603 3209 694 3264; x_wconf 87' lang='lat' dir='ltr'><strong>DE</strong></span> <span class='ocrx_word' id='word_1_160' title='bbox 763 3207 1167 3265; x_wconf 82' lang='lat' dir='ltr'>REGNORUM</span> <span class='ocrx_word' id='word_1_161' title='bbox 1209 3209 1464 3265; x_wconf 86' lang='lat' dir='ltr'>LIBRIS.</span> 
     </span>
    </p>
   </div>
   <div class='ocr_carea' id='block_1_33' title="bbox 285 3314 1534 3388">
    <p class='ocr_par' dir='ltr' id='par_1_33' title="bbox 285 3314 1534 3388">
     <span class='ocr_line' id='line_1_33' title="bbox 285 3314 1534 3388; baseline 0.002 -19"><span class='ocrx_word' id='word_1_162' title='bbox 285 3314 404 3383; x_wconf 86' lang='lat' dir='ltr'>Jor,</span> <span class='ocrx_word' id='word_1_163' title='bbox 440 3314 646 3383; x_wconf 81' lang='lat' dir='ltr'>saltus,</span> <span class='ocrx_word' id='word_1_164' title='bbox 680 3315 738 3369; x_wconf 91' lang='lat' dir='ltr'>in</span> <span class='ocrx_word' id='word_1_165' title='bbox 771 3331 885 3386; x_wconf 92' lang='lat' dir='ltr'>quo</span> <span class='ocrx_word' id='word_1_166' title='bbox 915 3331 1154 3371; x_wconf 82' lang='lat' dir='ltr'>examen</span> <span class='ocrx_word' id='word_1_167' title='bbox 1186 3332 1365 3388; x_wconf 90' lang='lat' dir='ltr'>apum</span> <span class='ocrx_word' id='word_1_168' title='bbox 1405 3316 1534 3372; x_wconf 89' lang='lat' dir='ltr'>fuit.</span> 
     </span>
    </p>
   </div>
   <div class='ocr_carea' id='block_1_34' title="bbox 285 3402 1271 3476">
    <p class='ocr_par' dir='ltr' id='par_1_34' title="bbox 285 3402 1271 3476">
     <span class='ocr_line' id='line_1_34' title="bbox 285 3402 1271 3476; baseline 0.001 -18"><span class='ocrx_word' id='word_1_169' title='bbox 285 3404 313 3459; x_wconf 87' lang='lat' dir='ltr'><strong>J</strong></span> <span class='ocrx_word' id='word_1_170' title='bbox 325 3402 582 3470; x_wconf 78' lang='lat' dir='ltr'>erameli,</span> <span class='ocrx_word' id='word_1_171' title='bbox 617 3403 774 3476; x_wconf 85' lang='lat' dir='ltr'>regio</span> <span class='ocrx_word' id='word_1_172' title='bbox 804 3402 1271 3476; x_wconf 83' lang='lat' dir='ltr'>Allophylorum.</span> 
     </span>
    </p>
   </div>
   <div class='ocr_carea' id='block_1_35' title="bbox 286 3491 1859 3564">
    <p class='ocr_par' dir='ltr' id='par_1_35' title="bbox 286 3491 1859 3564">
     <span class='ocr_line' id='line_1_35' title="bbox 286 3491 1859 3564; baseline 0.003 -18"><span class='ocrx_word' id='word_1_173' title='bbox 286 3491 503 3558; x_wconf 89' lang='lat' dir='ltr'>Jether,</span> <span class='ocrx_word' id='word_1_174' title='bbox 538 3493 607 3548; x_wconf 92' lang='lat' dir='ltr'>ad</span> <span class='ocrx_word' id='word_1_175' title='bbox 642 3509 818 3564; x_wconf 86' lang='lat' dir='ltr'>quam</span> <span class='ocrx_word' id='word_1_176' title='bbox 851 3491 1011 3548; x_wconf 88' lang='lat' dir='ltr'>misit</span> <span class='ocrx_word' id='word_1_177' title='bbox 1036 3493 1253 3548; x_wconf 89' lang='lat' dir='ltr'>David:</span> <span class='ocrx_word' id='word_1_178' title='bbox 1298 3510 1452 3549; x_wconf 90' lang='lat' dir='ltr'>nunc</span> <span class='ocrx_word' id='word_1_179' title='bbox 1484 3499 1574 3550; x_wconf 89' lang='lat' dir='ltr'>est</span> <span class='ocrx_word' id='word_1_180' title='bbox 1616 3495 1752 3550; x_wconf 91' lang='lat' dir='ltr'>villa</span> <span class='ocrx_word' id='word_1_181' title='bbox 1801 3496 1859 3550; x_wconf 91' lang='lat' dir='ltr'>in</span> 
     </span>
    </p>
   </div>
   <div class='ocr_carea' id='block_1_36' title="bbox 215 3581 1856 3655">
    <p class='ocr_par' dir='ltr' id='par_1_36' title="bbox 215 3581 1856 3655">
     <span class='ocr_line' id='line_1_36' title="bbox 215 3581 1856 3655; baseline 0.001 -18"><span class='ocrx_word' id='word_1_182' title='bbox 215 3582 489 3650; x_wconf 80' lang='lat' dir='ltr'>Daroma,</span> <span class='ocrx_word' id='word_1_183' title='bbox 519 3582 754 3637; x_wconf 89' lang='lat' dir='ltr'>nomine</span> <span class='ocrx_word' id='word_1_184' title='bbox 782 3581 1048 3650; x_wconf 85' lang='lat' dir='ltr'>Jetthira,</span> <span class='ocrx_word' id='word_1_185' title='bbox 1083 3583 1153 3637; x_wconf 92' lang='lat' dir='ltr'>de</span> <span class='ocrx_word' id='word_1_186' title='bbox 1212 3599 1328 3654; x_wconf 91' lang='lat' dir='ltr'>qua</span> <span class='ocrx_word' id='word_1_187' title='bbox 1371 3600 1551 3655; x_wconf 89' lang='lat' dir='ltr'>supra</span> <span class='ocrx_word' id='word_1_188' title='bbox 1581 3583 1856 3641; x_wconf 82' lang='lat' dir='ltr'>diximus.</span> 
     </span>
    </p>
   </div>
   <div class='ocr_carea' id='block_1_37' title="bbox 286 3669 1586 3742">
    <p class='ocr_par' dir='ltr' id='par_1_37' title="bbox 286 3669 1586 3742">
     <span class='ocr_line' id='line_1_37' title="bbox 286 3669 1586 3742; baseline 0.002 -18"><span class='ocrx_word' id='word_1_189' title='bbox 286 3670 610 3738; x_wconf 87' lang='lat' dir='ltr'>Jecmaam,</span> <span class='ocrx_word' id='word_1_190' title='bbox 640 3670 842 3725; x_wconf 86' lang='lat' dir='ltr'>civitas</span> <span class='ocrx_word' id='word_1_191' title='bbox 872 3669 1206 3742; x_wconf 90' lang='lat' dir='ltr'>principum</span> <span class='ocrx_word' id='word_1_192' title='bbox 1238 3671 1586 3728; x_wconf 87' lang='lat' dir='ltr'>Salomonis.</span> 
     </span>
    </p>
   </div>
   <div class='ocr_carea' id='block_1_38' title="bbox 291 3758 1864 3834">
    <p class='ocr_par' dir='ltr' id='par_1_38' title="bbox 291 3758 1864 3834">
     <span class='ocr_line' id='line_1_38' title="bbox 291 3758 1864 3834; baseline 0.003 -21"><span class='ocrx_word' id='word_1_193' title='bbox 291 3758 610 3832; x_wconf 88' lang='lat' dir='ltr'>Itabyrium</span> <span class='ocrx_word' id='word_1_194' title='bbox 640 3776 652 3814; x_wconf 90' lang='lat'><strong>:</strong></span> <span class='ocrx_word' id='word_1_195' title='bbox 688 3776 791 3830; x_wconf 88' lang='lat' dir='ltr'>pro</span> <span class='ocrx_word' id='word_1_196' title='bbox 843 3776 959 3831; x_wconf 88' lang='lat' dir='ltr'>quo</span> <span class='ocrx_word' id='word_1_197' title='bbox 1006 3759 1215 3831; x_wconf 90' lang='lat' dir='ltr'>Aquila</span> <span class='ocrx_word' id='word_1_198' title='bbox 1255 3765 1311 3816; x_wconf 92' lang='lat' dir='ltr'>et</span> <span class='ocrx_word' id='word_1_199' title='bbox 1358 3763 1747 3834; x_wconf 85' lang='lat' dir='ltr'>Symmachus</span> <span class='ocrx_word' id='word_1_200' title='bbox 1804 3763 1864 3818; x_wconf 90' lang='lat' dir='ltr'>in</span> 
     </span>
    </p>
   </div>
   <div class='ocr_carea' id='block_1_39' title="bbox 215 3847 1863 3920">
    <p class='ocr_par' dir='ltr' id='par_1_39' title="bbox 215 3847 1863 3920">
     <span class='ocr_line' id='line_1_39' title="bbox 215 3847 1863 3920; baseline 0.001 -16"><span class='ocrx_word' id='word_1_201' title='bbox 215 3849 363 3904; x_wconf 87' lang='lat' dir='ltr'>Osee</span> <span class='ocrx_word' id='word_1_202' title='bbox 384 3847 668 3920; x_wconf 84' lang='lat' dir='ltr'>propheta</span> <span class='ocrx_word' id='word_1_203' title='bbox 696 3847 1144 3915; x_wconf 87' lang='lat' dir='ltr'>transtulerunt,</span> <span class='ocrx_word' id='word_1_204' title='bbox 1197 3849 1450 3905; x_wconf 90' lang='lat' dir='ltr'>Thabor.</span> <span class='ocrx_word' id='word_1_205' title='bbox 1515 3852 1612 3907; x_wconf 85' lang='lat' dir='ltr'>Est</span> <span class='ocrx_word' id='word_1_206' title='bbox 1669 3856 1863 3908; x_wconf 88' lang='lat' dir='ltr'>autem</span> 
     </span>
    </p>
   </div>
   <div class='ocr_carea' id='block_1_40' title="bbox 217 3937 1864 4009">
    <p class='ocr_par' dir='ltr' id='par_1_40' title="bbox 217 3937 1864 4009">
     <span class='ocr_line' id='line_1_40' title="bbox 217 3937 1864 4009; baseline 0.002 -15"><span class='ocrx_word' id='word_1_207' title='bbox 217 3955 390 3994; x_wconf 90' lang='lat' dir='ltr'>mons</span> <span class='ocrx_word' id='word_1_208' title='bbox 425 3937 658 3993; x_wconf 91' lang='lat' dir='ltr'>Thabor</span> <span class='ocrx_word' id='word_1_209' title='bbox 714 3938 774 3992; x_wconf 91' lang='lat' dir='ltr'>in</span> <span class='ocrx_word' id='word_1_210' title='bbox 830 3941 1040 4009; x_wconf 81' lang='lat' dir='ltr'>Campo</span> <span class='ocrx_word' id='word_1_211' title='bbox 1095 3937 1348 3994; x_wconf 86' lang='lat' dir='ltr'>maximo</span> <span class='ocrx_word' id='word_1_212' title='bbox 1399 3941 1470 3995; x_wconf 90' lang='lat' dir='ltr'>ad</span> <span class='ocrx_word' id='word_1_213' title='bbox 1522 3941 1864 3998; x_wconf 86' lang='lat' dir='ltr'>orientalem</span> 
     </span>
    </p>
   </div>
   <div class='ocr_carea' id='block_1_41' title="bbox 226 4026 818 4100">
    <p class='ocr_par' dir='ltr' id='par_1_41' title="bbox 226 4026 818 4100">
     <span class='ocr_line' id='line_1_41' title="bbox 226 4026 818 4100; baseline 0 -18"><span class='ocrx_word' id='word_1_214' title='bbox 226 4027 494 4100; x_wconf 71' lang='lat' dir='ltr'>plagam1</span> <span class='ocrx_word' id='word_1_215' title='bbox 530 4026 818 4099; x_wconf 87' lang='lat' dir='ltr'>Legionis.</span> 
     </span>
    </p>
   </div>
   <div class='ocr_carea' id='block_1_42' title="bbox 288 4115 1690 4189">
    <p class='ocr_par' dir='ltr' id='par_1_42' title="bbox 288 4115 1690 4189">
     <span class='ocr_line' id='line_1_42' title="bbox 288 4115 1690 4189; baseline 0.002 -17"><span class='ocrx_word' id='word_1_216' title='bbox 288 4115 570 4187; x_wconf 83' lang='lat' dir='ltr'>Jecthoel,</span> <span class='ocrx_word' id='word_1_217' title='bbox 604 4131 814 4171; x_wconf 88' lang='lat' dir='ltr'>nomen</span> <span class='ocrx_word' id='word_1_218' title='bbox 847 4121 1020 4188; x_wconf 71' lang='lat' dir='ltr'>petra:</span> <span class='ocrx_word' id='word_1_219' title='bbox 1050 4117 1109 4171; x_wconf 91' lang='lat' dir='ltr'>in</span> <span class='ocrx_word' id='word_1_220' title='bbox 1141 4117 1473 4189; x_wconf 84' lang='lat' dir='ltr'>Regnorum</span> <span class='ocrx_word' id='word_1_221' title='bbox 1505 4118 1690 4175; x_wconf 90' lang='lat' dir='ltr'>libris.</span> 
     </span>
    </p>
   </div>
   <div class='ocr_carea' id='block_1_43' title="bbox 290 4204 1269 4276">
    <p class='ocr_par' dir='ltr' id='par_1_43' title="bbox 290 4204 1269 4276">
     <span class='ocr_line' id='line_1_43' title="bbox 290 4204 1269 4276; baseline 0 -15"><span class='ocrx_word' id='word_1_222' title='bbox 290 4205 558 4274; x_wconf 83' lang='lat' dir='ltr'>Jethaba,</span> <span class='ocrx_word' id='word_1_223' title='bbox 592 4207 732 4261; x_wconf 88' lang='lat' dir='ltr'>urbs</span> <span class='ocrx_word' id='word_1_224' title='bbox 764 4204 1005 4276; x_wconf 90' lang='lat' dir='ltr'>antiqua</span> <span class='ocrx_word' id='word_1_225' title='bbox 1033 4205 1269 4261; x_wconf 63' lang='lat' dir='ltr'>Judaaas.</span> 
     </span>
    </p>
   </div>
   <div class='ocr_carea' id='block_1_44' title="bbox 294 4294 1869 4367">
    <p class='ocr_par' dir='ltr' id='par_1_44' title="bbox 294 4294 1869 4367">
     <span class='ocr_line' id='line_1_44' title="bbox 294 4294 1869 4367; baseline 0.003 -17"><span class='ocrx_word' id='word_1_226' title='bbox 294 4294 570 4362; x_wconf 88' lang='lat' dir='ltr'>Inaczeb;</span> <span class='ocrx_word' id='word_1_227' title='bbox 606 4311 708 4366; x_wconf 91' lang='lat' dir='ltr'>pro</span> <span class='ocrx_word' id='word_1_228' title='bbox 739 4311 854 4366; x_wconf 92' lang='lat' dir='ltr'>quo</span> <span class='ocrx_word' id='word_1_229' title='bbox 885 4295 1274 4367; x_wconf 85' lang='lat' dir='ltr'>Symmachus</span> <span class='ocrx_word' id='word_1_230' title='bbox 1303 4295 1692 4362; x_wconf 87' lang='lat' dir='ltr'>transtulit,in</span> <span class='ocrx_word' id='word_1_231' title='bbox 1724 4299 1869 4355; x_wconf 86' lang='lat' dir='ltr'>valle</span> 
     </span>
    </p>
   </div>
   <div class='ocr_carea' id='block_1_45' title="bbox 225 4384 361 4440">
    <p class='ocr_par' dir='ltr' id='par_1_45' title="bbox 225 4384 361 4440">
     <span class='ocr_line' id='line_1_45' title="bbox 225 4384 361 4440; baseline -0.015 0"><span class='ocrx_word' id='word_1_232' title='bbox 225 4384 361 4440; x_wconf 87' lang='lat' dir='ltr'>Zeb.</span> 
     </span>
    </p>
   </div>
   <div class='ocr_carea' id='block_1_46' title="bbox 296 4472 1877 4547">
    <p class='ocr_par' dir='ltr' id='par_1_46' title="bbox 296 4472 1877 4547">
     <span class='ocr_line' id='line_1_46' title="bbox 296 4472 1877 4547; baseline 0.003 -19"><span class='ocrx_word' id='word_1_233' title='bbox 296 4473 577 4544; x_wconf 86' lang='lat' dir='ltr'>Inachim,</span> <span class='ocrx_word' id='word_1_234' title='bbox 638 4472 759 4529; x_wconf 91' lang='lat' dir='ltr'>sive</span> <span class='ocrx_word' id='word_1_235' title='bbox 817 4472 1158 4529; x_wconf 89' lang='lat' dir='ltr'>Inbachim:</span> <span class='ocrx_word' id='word_1_236' title='bbox 1213 4491 1316 4546; x_wconf 91' lang='lat' dir='ltr'>pro</span> <span class='ocrx_word' id='word_1_237' title='bbox 1375 4491 1490 4547; x_wconf 91' lang='lat' dir='ltr'>quo</span> <span class='ocrx_word' id='word_1_238' title='bbox 1547 4475 1760 4547; x_wconf 85' lang='lat' dir='ltr'>Aquila</span> <span class='ocrx_word' id='word_1_239' title='bbox 1820 4481 1877 4532; x_wconf 91' lang='lat' dir='ltr'>et</span> 
     </span>
    </p>
   </div>
   <div class='ocr_carea' id='block_1_47' title="bbox 221 4561 1872 4635">
    <p class='ocr_par' dir='ltr' id='par_1_47' title="bbox 221 4561 1872 4635">
     <span class='ocr_line' id='line_1_47' title="bbox 221 4561 1872 4635; baseline 0 -15"><span class='ocrx_word' id='word_1_240' title='bbox 221 4561 611 4635; x_wconf 83' lang='lat' dir='ltr'>Symmachus</span> <span class='ocrx_word' id='word_1_241' title='bbox 669 4562 1094 4618; x_wconf 89' lang='lat' dir='ltr'>transtulerunt</span> <span class='ocrx_word' id='word_1_242' title='bbox 1149 4561 1208 4617; x_wconf 92' lang='lat' dir='ltr'>in</span> <span class='ocrx_word' id='word_1_243' title='bbox 1243 4563 1408 4620; x_wconf 86' lang='lat' dir='ltr'>ﬂetu.</span> <span class='ocrx_word' id='word_1_244' title='bbox 1459 4563 1723 4620; x_wconf 90' lang='lat' dir='ltr'>Meminit</span> <span class='ocrx_word' id='word_1_245' title='bbox 1755 4564 1872 4620; x_wconf 89' lang='lat' dir='ltr'>hu-</span> 
     </span>
    </p>
   </div>
   <div class='ocr_carea' id='block_1_48' title="bbox 211 4651 1037 4726">
    <p class='ocr_par' dir='ltr' id='par_1_48' title="bbox 211 4651 1037 4726">
     <span class='ocr_line' id='line_1_48' title="bbox 211 4651 1037 4726; baseline -0.001 -18"><span class='ocrx_word' id='word_1_246' title='bbox 211 4655 316 4726; x_wconf 90' lang='lat' dir='ltr'>jus</span> <span class='ocrx_word' id='word_1_247' title='bbox 347 4657 404 4708; x_wconf 86' lang='lat' dir='ltr'>et</span> <span class='ocrx_word' id='word_1_248' title='bbox 433 4651 706 4708; x_wconf 69' lang='lat' dir='ltr'>Michaaas</span> <span class='ocrx_word' id='word_1_249' title='bbox 736 4652 1037 4724; x_wconf 88' lang='lat' dir='ltr'>propheta.</span> 
     </span>
    </p>
   </div>
   <div class='ocr_carea' id='block_1_49' title="bbox 294 4739 1870 4813">
    <p class='ocr_par' dir='ltr' id='par_1_49' title="bbox 294 4739 1870 4813">
     <span class='ocr_line' id='line_1_49' title="bbox 294 4739 1870 4813; baseline -0.001 -16"><span class='ocrx_word' id='word_1_250' title='bbox 294 4741 447 4797; x_wconf 73' lang='lat'><strong>238</strong></span> <span class='ocrx_word' id='word_1_251' title='bbox 477 4741 682 4813; x_wconf 83' lang='lat' dir='ltr'>Joppe,</span> <span class='ocrx_word' id='word_1_252' title='bbox 715 4740 995 4812; x_wconf 89' lang='lat' dir='ltr'>oppidum</span> <span class='ocrx_word' id='word_1_253' title='bbox 1053 4739 1370 4796; x_wconf 59' lang='lat' dir='ltr'>Palaestinae</span> <span class='ocrx_word' id='word_1_254' title='bbox 1413 4741 1776 4797; x_wconf 89' lang='lat' dir='ltr'>maritimum</span> <span class='ocrx_word' id='word_1_255' title='bbox 1811 4741 1870 4796; x_wconf 91' lang='lat' dir='ltr'>in</span> 
     </span>
    </p>
   </div>
   <div class='ocr_carea' id='block_1_50' title="bbox 218 4828 554 4886">
    <p class='ocr_par' dir='ltr' id='par_1_50' title="bbox 218 4828 554 4886">
     <span class='ocr_line' id='line_1_50' title="bbox 218 4828 554 4886; baseline -0.006 0"><span class='ocrx_word' id='word_1_256' title='bbox 218 4828 377 4886; x_wconf 86' lang='lat' dir='ltr'>tribu</span> <span class='ocrx_word' id='word_1_257' title='bbox 409 4829 554 4885; x_wconf 90' lang='lat' dir='ltr'>Dan.</span> 
     </span>
    </p>
   </div>
   <div class='ocr_carea' id='block_1_51' title="bbox 250 4917 1872 4990">
    <p class='ocr_par' dir='ltr' id='par_1_51' title="bbox 250 4917 1872 4990">
     <span class='ocr_line' id='line_1_51' title="bbox 250 4917 1872 4990; baseline -0.001 -17"><span class='ocrx_word' id='word_1_258' title='bbox 250 4925 253 4930; x_wconf 75' lang='lat'><em>‘</em></span> <span class='ocrx_word' id='word_1_259' title='bbox 296 4918 575 4974; x_wconf 87' lang='lat' dir='ltr'>Inaraba:</span> <span class='ocrx_word' id='word_1_260' title='bbox 608 4935 711 4990; x_wconf 91' lang='lat' dir='ltr'>pro</span> <span class='ocrx_word' id='word_1_261' title='bbox 742 4934 856 4989; x_wconf 90' lang='lat' dir='ltr'>quo</span> <span class='ocrx_word' id='word_1_262' title='bbox 888 4917 1097 4989; x_wconf 91' lang='lat' dir='ltr'>Aquila</span> <span class='ocrx_word' id='word_1_263' title='bbox 1151 4917 1474 4986; x_wconf 90' lang='lat' dir='ltr'>transtulit,</span> <span class='ocrx_word' id='word_1_264' title='bbox 1516 4919 1576 4973; x_wconf 91' lang='lat' dir='ltr'>in</span> <span class='ocrx_word' id='word_1_265' title='bbox 1634 4919 1872 4987; x_wconf 88' lang='lat' dir='ltr'>humili,</span> 
     </span>
    </p>
   </div>
   <div class='ocr_carea' id='block_1_52' title="bbox 221 5005 1664 5080">
    <p class='ocr_par' dir='ltr' id='par_1_52' title="bbox 221 5005 1664 5080">
     <span class='ocr_line' id='line_1_52' title="bbox 221 5005 1664 5080; baseline -0.001 -15"><span class='ocrx_word' id='word_1_266' title='bbox 221 5005 313 5065; x_wconf 90' lang='lat' dir='ltr'>vel</span> <span class='ocrx_word' id='word_1_267' title='bbox 348 5007 519 5080; x_wconf 90' lang='lat' dir='ltr'>plano</span> <span class='ocrx_word' id='word_1_268' title='bbox 546 5025 558 5064; x_wconf 93' lang='lat'><strong>:</strong></span> <span class='ocrx_word' id='word_1_269' title='bbox 590 5023 760 5080; x_wconf 91' lang='lat' dir='ltr'>porro</span> <span class='ocrx_word' id='word_1_270' title='bbox 793 5007 1201 5078; x_wconf 89' lang='lat' dir='ltr'>Symmachus,</span> <span class='ocrx_word' id='word_1_271' title='bbox 1237 5007 1296 5062; x_wconf 91' lang='lat' dir='ltr'>in</span> <span class='ocrx_word' id='word_1_272' title='bbox 1329 5008 1664 5079; x_wconf 88' lang='lat' dir='ltr'>campestri.</span> 
     </span>
    </p>
   </div>
   <div class='ocr_carea' id='block_1_53' title="bbox 220 5095 1874 5168">
    <p class='ocr_par' dir='ltr' id='par_1_53' title="bbox 220 5095 1874 5168">
     <span class='ocr_line' id='line_1_53' title="bbox 220 5095 1874 5168; baseline -0.001 -15"><span class='ocrx_word' id='word_1_273' title='bbox 220 5149 226 5153; x_wconf 25' lang='grc' dir='ltr'><strong>Α</strong></span> <span class='ocrx_word' id='word_1_274' title='bbox 299 5099 506 5152; x_wconf 75' lang='lat' dir='ltr'>Ituraaa</span> <span class='ocrx_word' id='word_1_275' title='bbox 536 5101 593 5152; x_wconf 89' lang='lat' dir='ltr'>et</span> <span class='ocrx_word' id='word_1_276' title='bbox 621 5095 988 5152; x_wconf 86' lang='lat' dir='ltr'>Trachonitis</span> <span class='ocrx_word' id='word_1_277' title='bbox 1020 5097 1200 5168; x_wconf 89' lang='lat' dir='ltr'>regio,</span> <span class='ocrx_word' id='word_1_278' title='bbox 1236 5097 1405 5167; x_wconf 86' lang='lat' dir='ltr'>cujus</span> <span class='ocrx_word' id='word_1_279' title='bbox 1439 5096 1732 5152; x_wconf 87' lang='lat' dir='ltr'>retrarcha</span> <span class='ocrx_word' id='word_1_280' title='bbox 1765 5096 1874 5152; x_wconf 84' lang='lat' dir='ltr'>fuit</span> 
     </span>
    </p>
   </div>
   <div class='ocr_carea' id='block_1_54' title="bbox 224 5185 1871 5258">
    <p class='ocr_par' dir='ltr' id='par_1_54' title="bbox 224 5185 1871 5258">
     <span class='ocr_line' id='line_1_54' title="bbox 224 5185 1871 5258; baseline -0.002 -14"><span class='ocrx_word' id='word_1_281' title='bbox 224 5186 569 5258; x_wconf 89' lang='lat' dir='ltr'>Philippus:</span> <span class='ocrx_word' id='word_1_282' title='bbox 605 5186 758 5241; x_wconf 90' lang='lat' dir='ltr'>sicut</span> <span class='ocrx_word' id='word_1_283' title='bbox 786 5185 847 5240; x_wconf 90' lang='lat' dir='ltr'>in</span> <span class='ocrx_word' id='word_1_284' title='bbox 874 5185 1202 5258; x_wconf 89' lang='lat' dir='ltr'>Evangeliis</span> <span class='ocrx_word' id='word_1_285' title='bbox 1237 5185 1508 5257; x_wconf 87' lang='lat' dir='ltr'>legimus.</span> <span class='ocrx_word' id='word_1_286' title='bbox 1554 5185 1871 5240; x_wconf 90' lang='lat' dir='ltr'>Trachoni-</span> 
     </span>
    </p>
   </div>
   <div class='ocr_carea' id='block_1_55' title="bbox 222 5274 1870 5345">
    <p class='ocr_par' dir='ltr' id='par_1_55' title="bbox 222 5274 1870 5345">
     <span class='ocr_line' id='line_1_55' title="bbox 222 5274 1870 5345; baseline -0.002 -13"><span class='ocrx_word' id='word_1_287' title='bbox 222 5276 301 5332; x_wconf 88' lang='lat' dir='ltr'>tis</span> <span class='ocrx_word' id='word_1_288' title='bbox 359 5280 552 5331; x_wconf 90' lang='lat' dir='ltr'>autem</span> <span class='ocrx_word' id='word_1_289' title='bbox 612 5274 826 5329; x_wconf 89' lang='lat' dir='ltr'>dicitur</span> <span class='ocrx_word' id='word_1_290' title='bbox 876 5279 1031 5329; x_wconf 91' lang='lat' dir='ltr'>terra</span> <span class='ocrx_word' id='word_1_291' title='bbox 1078 5275 1246 5345; x_wconf 83' lang='lat' dir='ltr'>juxta</span> <span class='ocrx_word' id='word_1_292' title='bbox 1301 5275 1596 5329; x_wconf 89' lang='lat' dir='ltr'>desertum</span> <span class='ocrx_word' id='word_1_293' title='bbox 1627 5274 1870 5342; x_wconf 69' lang='lat' dir='ltr'>Arabiae,</span> 
     </span>
    </p>
   </div>
   <div class='ocr_carea' id='block_1_56' title="bbox 227 5363 948 5437">
    <p class='ocr_par' dir='ltr' id='par_1_56' title="bbox 227 5363 948 5437">
     <span class='ocr_line' id='line_1_56' title="bbox 227 5363 948 5437; baseline -0.001 -17"><span class='ocrx_word' id='word_1_294' title='bbox 227 5365 385 5437; x_wconf 89' lang='lat' dir='ltr'>quod</span> <span class='ocrx_word' id='word_1_295' title='bbox 419 5366 634 5421; x_wconf 72' lang='lat' dir='ltr'>Bostraz</span> <span class='ocrx_word' id='word_1_296' title='bbox 655 5363 948 5436; x_wconf 87' lang='lat' dir='ltr'>jungitur.</span> 
     </span>
    </p>
   </div>
   <div class='ocr_carea' id='block_1_57' title="bbox 241 5651 1872 5738">
    <p class='ocr_par' dir='ltr' id='par_1_57' title="bbox 241 5651 1872 5738">
     <span class='ocr_line' id='line_1_57' title="bbox 241 5651 1872 5738; baseline -0.002 -13"><span class='ocrx_word' id='word_1_297' title='bbox 241 5651 244 5654; x_wconf 10' lang='lat' dir='ltr'>i</span> <span class='ocrx_word' id='word_1_298' title='bbox 297 5669 388 5725; x_wconf 80' lang='lat' dir='ltr'>Ad</span> <span class='ocrx_word' id='word_1_299' title='bbox 417 5669 744 5724; x_wconf 78' lang='lat' dir='ltr'>orientalem</span> <span class='ocrx_word' id='word_1_300' title='bbox 772 5667 1015 5738; x_wconf 83' lang='lat' dir='ltr'>plagam.</span> <span class='ocrx_word' id='word_1_301' title='bbox 1074 5667 1296 5738; x_wconf 72' lang='lat' dir='ltr'>Saapius</span> <span class='ocrx_word' id='word_1_302' title='bbox 1339 5666 1478 5722; x_wconf 89' lang='lat' dir='ltr'>editi</span> <span class='ocrx_word' id='word_1_303' title='bbox 1508 5670 1678 5722; x_wconf 88' lang='lat' dir='ltr'>antea</span> <span class='ocrx_word' id='word_1_304' title='bbox 1739 5665 1872 5723; x_wconf 89' lang='lat' dir='ltr'>libri</span> 
     </span>
    </p>
   </div>
   <div class='ocr_carea' id='block_1_58' title="bbox 223 5738 1872 5815">
    <p class='ocr_par' dir='ltr' id='par_1_58' title="bbox 223 5738 1872 5815">
     <span class='ocr_line' id='line_1_58' title="bbox 223 5738 1872 5815; baseline -0.002 -16"><span class='ocrx_word' id='word_1_305' title='bbox 223 5741 428 5815; x_wconf 79' lang='lat' dir='ltr'>legunt</span> <span class='ocrx_word' id='word_1_306' title='bbox 456 5739 846 5798; x_wconf 74' lang='lat' dir='ltr'>occidentalem</span> <span class='ocrx_word' id='word_1_307' title='bbox 901 5755 1004 5812; x_wconf 91' lang='lat' dir='ltr'>pro</span> <span class='ocrx_word' id='word_1_308' title='bbox 1041 5740 1329 5798; x_wconf 78' lang='lat' dir='ltr'>orientem.</span> <span class='ocrx_word' id='word_1_309' title='bbox 1389 5738 1626 5797; x_wconf 87' lang='lat' dir='ltr'>Constat</span> <span class='ocrx_word' id='word_1_310' title='bbox 1674 5742 1872 5798; x_wconf 83' lang='lat' dir='ltr'>autem</span> 
     </span>
    </p>
   </div>
   <div class='ocr_carea' id='block_1_59' title="bbox 1182 389 2600 467">
    <p class='ocr_par' dir='ltr' id='par_1_59' title="bbox 1182 389 2600 467">
     <span class='ocr_line' id='line_1_59' title="bbox 1182 389 2600 467; baseline -0.006 -2"><span class='ocrx_word' id='word_1_311' title='bbox 1182 403 1284 466; x_wconf 88' lang='lat' dir='ltr'>DE</span> <span class='ocrx_word' id='word_1_312' title='bbox 1328 402 1506 467; x_wconf 88' lang='lat' dir='ltr'>SITU</span> <span class='ocrx_word' id='word_1_313' title='bbox 1548 396 1652 464; x_wconf 82' lang='lat' dir='ltr'>ET</span> <span class='ocrx_word' id='word_1_314' title='bbox 1694 390 1971 463; x_wconf 87' lang='lat' dir='ltr'>NOMIN.</span> <span class='ocrx_word' id='word_1_315' title='bbox 2019 396 2188 460; x_wconf 88' lang='lat' dir='ltr'>LOC.</span> <span class='ocrx_word' id='word_1_316' title='bbox 2238 389 2600 459; x_wconf 81' lang='lat' dir='ltr'>HEBRAIC.</span> 
     </span>
    </p>
   </div>
   <div class='ocr_carea' id='block_1_60' title="bbox 1887 3275 1933 3374">
    <p class='ocr_par' dir='ltr' id='par_1_60' title="bbox 1887 3275 1933 3374">
     <span class='ocr_line' id='line_1_60' title="bbox 1887 3275 1933 3374; baseline 0 -33"><span class='ocrx_word' id='word_1_317' title='bbox 1887 3275 1933 3374; x_wconf 67' lang='grc' dir='ltr'>ο</span> 
     </span>
    </p>
   </div>
   <div class='ocr_carea' id='block_1_61' title="bbox 3469 389 3596 458">
    <p class='ocr_par' dir='ltr' id='par_1_61' title="bbox 3469 389 3596 458">
     <span class='ocr_line' id='line_1_61' title="bbox 3469 389 3596 458; baseline -0.016 1"><span class='ocrx_word' id='word_1_318' title='bbox 3469 389 3596 458; x_wconf 68' lang='grc'>954</span> 
     </span>
    </p>
   </div>
   <div class='ocr_carea' id='block_1_62' title="bbox 2545 526 2976 585">
    <p class='ocr_par' dir='ltr' id='par_1_62' title="bbox 2545 526 2976 585">
     <span class='ocr_line' id='line_1_62' title="bbox 2545 526 2976 585; baseline -0.002 0"><span class='ocrx_word' id='word_1_319' title='bbox 2545 529 2638 585; x_wconf 87' lang='lat' dir='ltr'>DE</span> <span class='ocrx_word' id='word_1_320' title='bbox 2697 526 2976 585; x_wconf 87' lang='lat' dir='ltr'>GENESI.</span> 
     </span>
    </p>
   </div>
   <div class='ocr_carea' id='block_1_63' title="bbox 2015 627 3578 698">
    <p class='ocr_par' dir='ltr' id='par_1_63' title="bbox 2015 627 3578 698">
     <span class='ocr_line' id='line_1_63' title="bbox 2015 627 3578 698; baseline -0.002 -13"><span class='ocrx_word' id='word_1_321' title='bbox 2015 632 2180 698; x_wconf 88' lang='lat' dir='ltr'>Laza,</span> <span class='ocrx_word' id='word_1_322' title='bbox 2211 629 2499 684; x_wconf 89' lang='lat' dir='ltr'>terminus</span> <span class='ocrx_word' id='word_1_323' title='bbox 2547 627 3008 684; x_wconf 70' lang='lat' dir='ltr'>Chananaeorum</span> <span class='ocrx_word' id='word_1_324' title='bbox 3066 627 3221 684; x_wconf 86' lang='lat' dir='ltr'>circa</span> <span class='ocrx_word' id='word_1_325' title='bbox 3277 627 3578 684; x_wconf 88' lang='lat' dir='ltr'>Sidonem.</span> 
     </span>
    </p>
   </div>
   <div class='ocr_carea' id='block_1_64' title="bbox 2015 715 3589 789">
    <p class='ocr_par' dir='ltr' id='par_1_64' title="bbox 2015 715 3589 789">
     <span class='ocr_line' id='line_1_64' title="bbox 2015 715 3589 789; baseline -0.002 -16"><span class='ocrx_word' id='word_1_326' title='bbox 2015 720 2187 788; x_wconf 71' lang='lat' dir='ltr'>Luza,</span> <span class='ocrx_word' id='word_1_327' title='bbox 2221 718 2280 772; x_wconf 91' lang='lat' dir='ltr'>in</span> <span class='ocrx_word' id='word_1_328' title='bbox 2329 718 2484 773; x_wconf 90' lang='lat' dir='ltr'>tribu</span> <span class='ocrx_word' id='word_1_329' title='bbox 2535 717 2864 788; x_wconf 89' lang='lat' dir='ltr'>Benjamin,</span> <span class='ocrx_word' id='word_1_330' title='bbox 2904 734 3082 788; x_wconf 89' lang='lat' dir='ltr'>quam</span> <span class='ocrx_word' id='word_1_331' title='bbox 3151 721 3350 789; x_wconf 88' lang='lat' dir='ltr'>postea</span> <span class='ocrx_word' id='word_1_332' title='bbox 3409 715 3589 772; x_wconf 89' lang='lat' dir='ltr'>Jacob</span> 
     </span>
    </p>
   </div>
   <div class='ocr_carea' id='block_1_65' title="bbox 1944 803 3594 879">
    <p class='ocr_par' dir='ltr' id='par_1_65' title="bbox 1944 803 3594 879">
     <span class='ocr_line' id='line_1_65' title="bbox 1944 803 3594 879; baseline -0.002 -16"><span class='ocrx_word' id='word_1_333' title='bbox 1944 805 2375 879; x_wconf 80' lang='lat' dir='ltr'>cognominavit</span> <span class='ocrx_word' id='word_1_334' title='bbox 2406 805 2623 862; x_wconf 89' lang='lat' dir='ltr'>Bethel.</span> <span class='ocrx_word' id='word_1_335' title='bbox 2657 807 2757 860; x_wconf 87' lang='lat' dir='ltr'>Est</span> <span class='ocrx_word' id='word_1_336' title='bbox 2785 810 2980 860; x_wconf 88' lang='lat' dir='ltr'>autem</span> <span class='ocrx_word' id='word_1_337' title='bbox 3012 822 3198 877; x_wconf 90' lang='lat' dir='ltr'>usque</span> <span class='ocrx_word' id='word_1_338' title='bbox 3227 805 3402 860; x_wconf 89' lang='lat' dir='ltr'>hodie</span> <span class='ocrx_word' id='word_1_339' title='bbox 3457 803 3594 860; x_wconf 87' lang='lat' dir='ltr'>villa</span> 
     </span>
    </p>
   </div>
   <div class='ocr_carea' id='block_1_66' title="bbox 1945 892 3594 966">
    <p class='ocr_par' dir='ltr' id='par_1_66' title="bbox 1945 892 3594 966">
     <span class='ocr_line' id='line_1_66' title="bbox 1945 892 3594 966; baseline -0.002 -16"><span class='ocrx_word' id='word_1_340' title='bbox 1945 897 2002 950; x_wconf 89' lang='lat' dir='ltr'>in</span> <span class='ocrx_word' id='word_1_341' title='bbox 2081 895 2325 950; x_wconf 86' lang='lat' dir='ltr'>sinistra</span> <span class='ocrx_word' id='word_1_342' title='bbox 2382 899 2544 965; x_wconf 87' lang='lat' dir='ltr'>parte</span> <span class='ocrx_word' id='word_1_343' title='bbox 2599 894 2703 948; x_wconf 67' lang='lat' dir='ltr'>vise</span> <span class='ocrx_word' id='word_1_344' title='bbox 2761 895 2830 948; x_wconf 88' lang='lat' dir='ltr'>de</span> <span class='ocrx_word' id='word_1_345' title='bbox 2906 893 3146 966; x_wconf 88' lang='lat' dir='ltr'>Neapoli</span> <span class='ocrx_word' id='word_1_346' title='bbox 3214 892 3594 966; x_wconf 87' lang='lat' dir='ltr'>pergentibus</span> 
     </span>
    </p>
   </div>
   <div class='ocr_carea' id='block_1_67' title="bbox 1946 985 2175 1038">
    <p class='ocr_par' dir='ltr' id='par_1_67' title="bbox 1946 985 2175 1038">
     <span class='ocr_line' id='line_1_67' title="bbox 1946 985 2175 1038; baseline 0.004 -1"><span class='ocrx_word' id='word_1_347' title='bbox 1946 985 2175 1038; x_wconf 63' lang='lat' dir='ltr'>zEliam.</span> 
     </span>
    </p>
   </div>
   <div class='ocr_carea' id='block_1_68' title="bbox 2017 1071 3595 1143">
    <p class='ocr_par' dir='ltr' id='par_1_68' title="bbox 2017 1071 3595 1143">
     <span class='ocr_line' id='line_1_68' title="bbox 2017 1071 3595 1143; baseline -0.001 -17"><span class='ocrx_word' id='word_1_348' title='bbox 2017 1079 2186 1142; x_wconf 87' lang='lat' dir='ltr'>Luza,</span> <span class='ocrx_word' id='word_1_349' title='bbox 2220 1072 2340 1126; x_wconf 67' lang='lat'>11180</span> <span class='ocrx_word' id='word_1_350' title='bbox 2370 1071 2551 1126; x_wconf 89' lang='lat' dir='ltr'>altera</span> <span class='ocrx_word' id='word_1_351' title='bbox 2581 1076 2688 1134; x_wconf 75' lang='lat' dir='ltr'>est.</span> <span class='ocrx_word' id='word_1_352' title='bbox 2723 1089 2848 1143; x_wconf 68' lang='lat' dir='ltr'>quae</span> <span class='ocrx_word' id='word_1_353' title='bbox 2879 1071 3088 1126; x_wconf 87' lang='lat' dir='ltr'>cecidit</span> <span class='ocrx_word' id='word_1_354' title='bbox 3136 1071 3194 1125; x_wconf 91' lang='lat' dir='ltr'>in</span> <span class='ocrx_word' id='word_1_355' title='bbox 3256 1075 3472 1127; x_wconf 89' lang='lat' dir='ltr'>sortem</span> <span class='ocrx_word' id='word_1_356' title='bbox 3533 1071 3595 1124; x_wconf 82' lang='lat' dir='ltr'>fi-</span> 
     </span>
    </p>
   </div>
   <div class='ocr_carea' id='block_1_69' title="bbox 1943 1160 3596 1233">
    <p class='ocr_par' dir='ltr' id='par_1_69' title="bbox 1943 1160 3596 1233">
     <span class='ocr_line' id='line_1_69' title="bbox 1943 1160 3596 1233; baseline -0.003 -17"><span class='ocrx_word' id='word_1_357' title='bbox 1943 1162 2158 1218; x_wconf 91' lang='lat' dir='ltr'>liorum</span> <span class='ocrx_word' id='word_1_358' title='bbox 2183 1160 2422 1233; x_wconf 87' lang='lat' dir='ltr'>Joseph,</span> <span class='ocrx_word' id='word_1_359' title='bbox 2449 1161 2618 1231; x_wconf 83' lang='lat' dir='ltr'>juxta</span> <span class='ocrx_word' id='word_1_360' title='bbox 2650 1160 2880 1216; x_wconf 85' lang='lat' dir='ltr'>Sichem</span> <span class='ocrx_word' id='word_1_361' title='bbox 2924 1161 2982 1215; x_wconf 89' lang='lat' dir='ltr'>in</span> <span class='ocrx_word' id='word_1_362' title='bbox 3017 1161 3184 1216; x_wconf 88' lang='lat' dir='ltr'>tertio</span> <span class='ocrx_word' id='word_1_363' title='bbox 3211 1160 3403 1232; x_wconf 88' lang='lat' dir='ltr'>lapide</span> <span class='ocrx_word' id='word_1_364' title='bbox 3463 1165 3596 1212; x_wconf 79' lang='grc' dir='ltr'>Νεα-</span> 
     </span>
    </p>
   </div>
   <div class='ocr_carea' id='block_1_70' title="bbox 1947 1248 2185 1310">
    <p class='ocr_par' dir='ltr' id='par_1_70' title="bbox 1947 1248 2185 1310">
     <span class='ocr_line' id='line_1_70' title="bbox 1947 1248 2185 1310; baseline 0.008 -7"><span class='ocrx_word' id='word_1_365' title='bbox 1947 1248 2185 1310; x_wconf 75' lang='grc' dir='ltr'>πόλεως.</span> 
     </span>
    </p>
   </div>
   <div class='ocr_carea' id='block_1_71' title="bbox 2018 1337 2873 1405">
    <p class='ocr_par' dir='ltr' id='par_1_71' title="bbox 2018 1337 2873 1405">
     <span class='ocr_line' id='line_1_71' title="bbox 2018 1337 2873 1405; baseline -0.002 -11"><span class='ocrx_word' id='word_1_366' title='bbox 2018 1341 2217 1405; x_wconf 85' lang='lat' dir='ltr'>Lotan,</span> <span class='ocrx_word' id='word_1_367' title='bbox 2251 1339 2393 1394; x_wconf 91' lang='lat' dir='ltr'>urbs</span> <span class='ocrx_word' id='word_1_368' title='bbox 2423 1339 2637 1393; x_wconf 86' lang='lat' dir='ltr'>ducum</span> <span class='ocrx_word' id='word_1_369' title='bbox 2668 1337 2873 1392; x_wconf 90' lang='lat' dir='ltr'>Edom.</span> 
     </span>
    </p>
   </div>
   <div class='ocr_carea' id='block_1_72' title="bbox 2166 1469 3400 1528">
    <p class='ocr_par' dir='ltr' id='par_1_72' title="bbox 2166 1469 3400 1528">
     <span class='ocr_line' id='line_1_72' title="bbox 2166 1469 3400 1528; baseline -0.001 -2"><span class='ocrx_word' id='word_1_370' title='bbox 2166 1474 2250 1528; x_wconf 91' lang='lat' dir='ltr'><strong>DE</strong></span> <span class='ocrx_word' id='word_1_371' title='bbox 2283 1472 2595 1528; x_wconf 76' lang='lat' dir='ltr'>NUMERIS</span> <span class='ocrx_word' id='word_1_372' title='bbox 2656 1472 2744 1525; x_wconf 86' lang='lat' dir='ltr'><strong>ET</strong></span> <span class='ocrx_word' id='word_1_373' title='bbox 2792 1469 3400 1527; x_wconf 73' lang='lat' dir='ltr'>DEUTERONOMIO.‘</span> 
     </span>
    </p>
   </div>
   <div class='ocr_carea' id='block_1_73' title="bbox 2023 1576 3381 1647">
    <p class='ocr_par' dir='ltr' id='par_1_73' title="bbox 2023 1576 3381 1647">
     <span class='ocr_line' id='line_1_73' title="bbox 2023 1576 3381 1647; baseline -0.003 -11"><span class='ocrx_word' id='word_1_374' title='bbox 2023 1580 2252 1636; x_wconf 90' lang='lat' dir='ltr'>Lebona</span> <span class='ocrx_word' id='word_1_375' title='bbox 2282 1579 2341 1633; x_wconf 91' lang='lat' dir='ltr'>in</span> <span class='ocrx_word' id='word_1_376' title='bbox 2374 1579 2622 1647; x_wconf 79' lang='lat' dir='ltr'>deserto,</span> <span class='ocrx_word' id='word_1_377' title='bbox 2669 1583 2861 1633; x_wconf 86' lang='lat' dir='ltr'>castra</span> <span class='ocrx_word' id='word_1_378' title='bbox 2893 1576 3147 1632; x_wconf 79' lang='lat' dir='ltr'>filiorum</span> <span class='ocrx_word' id='word_1_379' title='bbox 3181 1576 3381 1633; x_wconf 90' lang='lat' dir='ltr'>Israel.</span> 
     </span>
    </p>
   </div>
   <div class='ocr_carea' id='block_1_74' title="bbox 2023 1665 3601 1736">
    <p class='ocr_par' dir='ltr' id='par_1_74' title="bbox 2023 1665 3601 1736">
     <span class='ocr_line' id='line_1_74' title="bbox 2023 1665 3601 1736; baseline -0.001 -14"><span class='ocrx_word' id='word_1_380' title='bbox 2023 1669 2234 1736; x_wconf 86' lang='lat' dir='ltr'>Lebon,</span> <span class='ocrx_word' id='word_1_381' title='bbox 2276 1668 2436 1722; x_wconf 90' lang='lat' dir='ltr'>locus</span> <span class='ocrx_word' id='word_1_382' title='bbox 2469 1665 2800 1722; x_wconf 86' lang='lat' dir='ltr'>solitudinis</span> <span class='ocrx_word' id='word_1_383' title='bbox 2832 1673 2992 1721; x_wconf 87' lang='lat' dir='ltr'>trans</span> <span class='ocrx_word' id='word_1_384' title='bbox 3031 1666 3369 1733; x_wconf 89' lang='lat' dir='ltr'>Jordanem,</span> <span class='ocrx_word' id='word_1_385' title='bbox 3396 1665 3451 1720; x_wconf 91' lang='lat' dir='ltr'>in</span> <span class='ocrx_word' id='word_1_386' title='bbox 3485 1681 3601 1736; x_wconf 89' lang='lat' dir='ltr'>quo</span> 
     </span>
    </p>
   </div>
   <div class='ocr_carea' id='block_1_75' title="bbox 1953 1754 2921 1830">
    <p class='ocr_par' dir='ltr' id='par_1_75' title="bbox 1953 1754 2921 1830">
     <span class='ocr_line' id='line_1_75' title="bbox 1953 1754 2921 1830; baseline -0.006 -16"><span class='ocrx_word' id='word_1_387' title='bbox 1953 1759 2177 1830; x_wconf 76' lang='lat' dir='ltr'>Moyses</span> <span class='ocrx_word' id='word_1_388' title='bbox 2211 1754 2729 1811; x_wconf 89' lang='lat' dir='ltr'>Deuteronomium</span> <span class='ocrx_word' id='word_1_389' title='bbox 2762 1754 2921 1826; x_wconf 88' lang='lat' dir='ltr'>legit.</span> 
     </span>
    </p>
   </div>
   <div class='ocr_carea' id='block_1_76' title="bbox 2506 1887 3036 1943">
    <p class='ocr_par' dir='ltr' id='par_1_76' title="bbox 2506 1887 3036 1943">
     <span class='ocr_line' id='line_1_76' title="bbox 2506 1887 3036 1943; baseline -0.002 0"><span class='ocrx_word' id='word_1_390' title='bbox 2506 1889 2598 1943; x_wconf 91' lang='lat' dir='ltr'>DE</span> <span class='ocrx_word' id='word_1_391' title='bbox 2629 1887 2838 1943; x_wconf 85' lang='lat' dir='ltr'>LIBRO</span> <span class='ocrx_word' id='word_1_392' title='bbox 2868 1887 3036 1943; x_wconf 85' lang='lat' dir='ltr'>JESU</span> 
     </span>
    </p>
   </div>
   <div class='ocr_carea' id='block_1_77' title="bbox 2028 1995 3605 2067">
    <p class='ocr_par' dir='ltr' id='par_1_77' title="bbox 2028 1995 3605 2067">
     <span class='ocr_line' id='line_1_77' title="bbox 2028 1995 3605 2067; baseline -0.002 -15"><span class='ocrx_word' id='word_1_393' title='bbox 2028 1997 2250 2067; x_wconf 80' lang='lat' dir='ltr'>Lochis,</span> <span class='ocrx_word' id='word_1_394' title='bbox 2286 1997 2343 2051; x_wconf 87' lang='lat' dir='ltr'>in</span> <span class='ocrx_word' id='word_1_395' title='bbox 2379 1997 2533 2051; x_wconf 88' lang='lat' dir='ltr'>tribu</span> <span class='ocrx_word' id='word_1_396' title='bbox 2564 1996 2749 2050; x_wconf 89' lang='lat' dir='ltr'>Juda:</span> <span class='ocrx_word' id='word_1_397' title='bbox 2786 1995 2886 2050; x_wconf 82' lang='lat' dir='ltr'>sed</span> <span class='ocrx_word' id='word_1_398' title='bbox 2918 1999 2974 2049; x_wconf 90' lang='lat' dir='ltr'>et</span> <span class='ocrx_word' id='word_1_399' title='bbox 3017 1995 3167 2050; x_wconf 89' lang='lat' dir='ltr'>hanc</span> <span class='ocrx_word' id='word_1_400' title='bbox 3217 1995 3368 2066; x_wconf 90' lang='lat' dir='ltr'>cepit</span> <span class='ocrx_word' id='word_1_401' title='bbox 3413 1998 3605 2062; x_wconf 84' lang='lat' dir='ltr'>Jesus,</span> 
     </span>
    </p>
   </div>
   <div class='ocr_carea' id='block_1_78' title="bbox 1955 2083 3610 2160">
    <p class='ocr_par' dir='ltr' id='par_1_78' title="bbox 1955 2083 3610 2160">
     <span class='ocr_line' id='line_1_78' title="bbox 1955 2083 3610 2160; baseline -0.002 -18"><span class='ocrx_word' id='word_1_402' title='bbox 1955 2104 2087 2160; x_wconf 88' lang='lat' dir='ltr'>rege</span> <span class='ocrx_word' id='word_1_403' title='bbox 2144 2086 2328 2157; x_wconf 86' lang='lat' dir='ltr'>ipsius</span> <span class='ocrx_word' id='word_1_404' title='bbox 2371 2084 2695 2139; x_wconf 81' lang='lat' dir='ltr'>interiecto.</span> <span class='ocrx_word' id='word_1_405' title='bbox 2753 2083 3018 2138; x_wconf 83' lang='lat' dir='ltr'>Meminit</span> <span class='ocrx_word' id='word_1_406' title='bbox 3066 2083 3243 2154; x_wconf 90' lang='lat' dir='ltr'>hujus</span> <span class='ocrx_word' id='word_1_407' title='bbox 3311 2083 3492 2139; x_wconf 89' lang='lat' dir='ltr'>Isaias</span> <span class='ocrx_word' id='word_1_408' title='bbox 3553 2087 3610 2138; x_wconf 90' lang='lat' dir='ltr'>et</span> 
     </span>
    </p>
   </div>
   <div class='ocr_carea' id='block_1_79' title="bbox 1883 2170 3607 2243">
    <p class='ocr_par' dir='ltr' id='par_1_79' title="bbox 1883 2170 3607 2243">
     <span class='ocr_line' id='line_1_79' title="bbox 1883 2170 3607 2243; baseline -0.003 -12"><span class='ocrx_word' id='word_1_409' title='bbox 1883 2171 1886 2173; x_wconf 12' lang='grc' dir='ltr'><strong>Α</strong></span> <span class='ocrx_word' id='word_1_410' title='bbox 1953 2175 2277 2231; x_wconf 87' lang='lat' dir='ltr'>Jeremias:</span> <span class='ocrx_word' id='word_1_411' title='bbox 2308 2178 2364 2229; x_wconf 91' lang='lat' dir='ltr'>et</span> <span class='ocrx_word' id='word_1_412' title='bbox 2396 2190 2552 2228; x_wconf 90' lang='lat' dir='ltr'>nunc</span> <span class='ocrx_word' id='word_1_413' title='bbox 2581 2178 2670 2227; x_wconf 90' lang='lat' dir='ltr'>est</span> <span class='ocrx_word' id='word_1_414' title='bbox 2695 2170 2830 2226; x_wconf 89' lang='lat' dir='ltr'>villa</span> <span class='ocrx_word' id='word_1_415' title='bbox 2857 2172 2916 2226; x_wconf 93' lang='lat' dir='ltr'>in</span> <span class='ocrx_word' id='word_1_416' title='bbox 2949 2171 3200 2243; x_wconf 91' lang='lat' dir='ltr'>septimo</span> <span class='ocrx_word' id='word_1_417' title='bbox 3230 2172 3505 2228; x_wconf 88' lang='lat' dir='ltr'>milliario</span> <span class='ocrx_word' id='word_1_418' title='bbox 3537 2171 3607 2228; x_wconf 91' lang='lat' dir='ltr'>ab</span> 
     </span>
    </p>
   </div>
   <div class='ocr_carea' id='block_1_80' title="bbox 1957 2261 3047 2335">
    <p class='ocr_par' dir='ltr' id='par_1_80' title="bbox 1957 2261 3047 2335">
     <span class='ocr_line' id='line_1_80' title="bbox 1957 2261 3047 2335; baseline -0.005 -15"><span class='ocrx_word' id='word_1_419' title='bbox 1957 2262 2385 2335; x_wconf 82' lang='lat' dir='ltr'>Eleutheropoli</span> <span class='ocrx_word' id='word_1_420' title='bbox 2416 2261 2691 2318; x_wconf 90' lang='lat' dir='ltr'>euntibus</span> <span class='ocrx_word' id='word_1_421' title='bbox 2719 2265 3047 2316; x_wconf 87' lang='lat' dir='ltr'>Daromam.</span> 
     </span>
    </p>
   </div>
   <div class='ocr_carea' id='block_1_81' title="bbox 2030 2343 3608 2420">
    <p class='ocr_par' dir='ltr' id='par_1_81' title="bbox 2030 2343 3608 2420">
     <span class='ocr_line' id='line_1_81' title="bbox 2030 2343 3608 2420; baseline -0.003 -12"><span class='ocrx_word' id='word_1_422' title='bbox 2030 2354 2247 2417; x_wconf 89' lang='lat' dir='ltr'>Lebna,</span> <span class='ocrx_word' id='word_1_423' title='bbox 2280 2352 2336 2406; x_wconf 90' lang='lat' dir='ltr'>in</span> <span class='ocrx_word' id='word_1_424' title='bbox 2367 2351 2522 2405; x_wconf 91' lang='lat' dir='ltr'>tribu</span> <span class='ocrx_word' id='word_1_425' title='bbox 2547 2350 2723 2417; x_wconf 85' lang='lat' dir='ltr'>Juda,</span> <span class='ocrx_word' id='word_1_426' title='bbox 2757 2348 2959 2403; x_wconf 88' lang='lat' dir='ltr'>civitas</span> <span class='ocrx_word' id='word_1_427' title='bbox 2992 2343 3394 2419; x_wconf 84' lang='lat' dir='ltr'>sacerdotalis,</span> <span class='ocrx_word' id='word_1_428' title='bbox 3429 2365 3608 2420; x_wconf 86' lang='lat' dir='ltr'>quam</span> 
     </span>
    </p>
   </div>
   <div class='ocr_carea' id='block_1_82' title="bbox 1959 2437 3612 2511">
    <p class='ocr_par' dir='ltr' id='par_1_82' title="bbox 1959 2437 3612 2511">
     <span class='ocr_line' id='line_1_82' title="bbox 1959 2437 3612 2511; baseline -0.002 -14"><span class='ocrx_word' id='word_1_429' title='bbox 1959 2443 2149 2498; x_wconf 87' lang='lat' dir='ltr'>tenuit</span> <span class='ocrx_word' id='word_1_430' title='bbox 2173 2441 2364 2510; x_wconf 90' lang='lat' dir='ltr'>Jesus,</span> <span class='ocrx_word' id='word_1_431' title='bbox 2395 2457 2527 2511; x_wconf 85' lang='lat' dir='ltr'>rege</span> <span class='ocrx_word' id='word_1_432' title='bbox 2561 2437 2720 2494; x_wconf 89' lang='lat' dir='ltr'>illius</span> <span class='ocrx_word' id='word_1_433' title='bbox 2747 2437 3082 2493; x_wconf 80' lang='lat' dir='ltr'>interfecto:</span> <span class='ocrx_word' id='word_1_434' title='bbox 3119 2454 3275 2492; x_wconf 89' lang='lat' dir='ltr'>nunc</span> <span class='ocrx_word' id='word_1_435' title='bbox 3330 2441 3420 2492; x_wconf 89' lang='lat' dir='ltr'>est</span> <span class='ocrx_word' id='word_1_436' title='bbox 3474 2437 3612 2493; x_wconf 85' lang='lat' dir='ltr'>villa</span> 
     </span>
    </p>
   </div>
   <div class='ocr_carea' id='block_1_83' title="bbox 1961 2525 3610 2602">
    <p class='ocr_par' dir='ltr' id='par_1_83' title="bbox 1961 2525 3610 2602">
     <span class='ocr_line' id='line_1_83' title="bbox 1961 2525 3610 2602; baseline -0.002 -16"><span class='ocrx_word' id='word_1_437' title='bbox 1961 2533 2019 2586; x_wconf 91' lang='lat' dir='ltr'>in</span> <span class='ocrx_word' id='word_1_438' title='bbox 2054 2531 2288 2602; x_wconf 87' lang='lat' dir='ltr'>regione</span> <span class='ocrx_word' id='word_1_439' title='bbox 2319 2526 2906 2599; x_wconf 88' lang='lat' dir='ltr'>Eleutheropolitana,</span> <span class='ocrx_word' id='word_1_440' title='bbox 2940 2543 3066 2598; x_wconf 61' lang='lat' dir='ltr'>qua</span> <span class='ocrx_word' id='word_1_441' title='bbox 3107 2525 3434 2599; x_wconf 88' lang='lat' dir='ltr'>appellatur</span> <span class='ocrx_word' id='word_1_442' title='bbox 3465 2526 3610 2582; x_wconf 91' lang='lat' dir='ltr'>Loh-</span> 
     </span>
    </p>
   </div>
   <div class='ocr_carea' id='block_1_84' title="bbox 1963 2617 2862 2676">
    <p class='ocr_par' dir='ltr' id='par_1_84' title="bbox 1963 2617 2862 2676">
     <span class='ocr_line' id='line_1_84' title="bbox 1963 2617 2862 2676; baseline -0.004 0"><span class='ocrx_word' id='word_1_443' title='bbox 1963 2638 2056 2676; x_wconf 90' lang='lat' dir='ltr'>na.</span> <span class='ocrx_word' id='word_1_444' title='bbox 2089 2618 2301 2675; x_wconf 90' lang='lat' dir='ltr'>Scribit</span> <span class='ocrx_word' id='word_1_445' title='bbox 2329 2619 2399 2674; x_wconf 89' lang='lat' dir='ltr'>de</span> <span class='ocrx_word' id='word_1_446' title='bbox 2430 2617 2538 2673; x_wconf 89' lang='lat' dir='ltr'>hac</span> <span class='ocrx_word' id='word_1_447' title='bbox 2578 2622 2633 2672; x_wconf 92' lang='lat' dir='ltr'>et</span> <span class='ocrx_word' id='word_1_448' title='bbox 2663 2617 2862 2672; x_wconf 88' lang='lat' dir='ltr'>Isaias.</span> 
     </span>
    </p>
   </div>
   <div class='ocr_carea' id='block_1_85' title="bbox 2037 2703 3610 2778">
    <p class='ocr_par' dir='ltr' id='par_1_85' title="bbox 2037 2703 3610 2778">
     <span class='ocr_line' id='line_1_85' title="bbox 2037 2703 3610 2778; baseline -0.004 -13"><span class='ocrx_word' id='word_1_449' title='bbox 2037 2712 2309 2776; x_wconf 87' lang='lat' dir='ltr'>[.asaron,</span> <span class='ocrx_word' id='word_1_450' title='bbox 2342 2711 2399 2763; x_wconf 89' lang='lat' dir='ltr'>et</span> <span class='ocrx_word' id='word_1_451' title='bbox 2428 2707 2578 2762; x_wconf 90' lang='lat' dir='ltr'>hanc</span> <span class='ocrx_word' id='word_1_452' title='bbox 2609 2706 2765 2778; x_wconf 90' lang='lat' dir='ltr'>cepit</span> <span class='ocrx_word' id='word_1_453' title='bbox 2790 2705 2982 2775; x_wconf 82' lang='lat' dir='ltr'>Jesus,</span> <span class='ocrx_word' id='word_1_454' title='bbox 3025 2721 3158 2777; x_wconf 89' lang='lat' dir='ltr'>rege</span> <span class='ocrx_word' id='word_1_455' title='bbox 3209 2703 3370 2760; x_wconf 90' lang='lat' dir='ltr'>illius</span> <span class='ocrx_word' id='word_1_456' title='bbox 3429 2705 3610 2760; x_wconf 90' lang='lat' dir='ltr'>inter-</span> 
     </span>
    </p>
   </div>
   <div class='ocr_carea' id='block_1_86' title="bbox 1966 2801 2134 2856">
    <p class='ocr_par' dir='ltr' id='par_1_86' title="bbox 1966 2801 2134 2856">
     <span class='ocr_line' id='line_1_86' title="bbox 1966 2801 2134 2856; baseline 0.006 -3"><span class='ocrx_word' id='word_1_457' title='bbox 1966 2801 2134 2856; x_wconf 82' lang='lat' dir='ltr'>fecto.</span> 
     </span>
    </p>
   </div>
   <div class='ocr_carea' id='block_1_87' title="bbox 2039 2881 3614 2960">
    <p class='ocr_par' dir='ltr' id='par_1_87' title="bbox 2039 2881 3614 2960">
     <span class='ocr_line' id='line_1_87' title="bbox 2039 2881 3614 2960; baseline -0.004 -16"><span class='ocrx_word' id='word_1_458' title='bbox 2039 2888 2204 2960; x_wconf 88' lang='lat' dir='ltr'>Lapis</span> <span class='ocrx_word' id='word_1_459' title='bbox 2234 2888 2406 2957; x_wconf 82' lang='lat' dir='ltr'>Boen,</span> <span class='ocrx_word' id='word_1_460' title='bbox 2441 2885 2697 2942; x_wconf 83' lang='lat' dir='ltr'>ﬁliorum</span> <span class='ocrx_word' id='word_1_461' title='bbox 2728 2885 2929 2941; x_wconf 86' lang='lat' dir='ltr'>Ruben</span> <span class='ocrx_word' id='word_1_462' title='bbox 2957 2900 2969 2938; x_wconf 92' lang='lat'><strong>:</strong></span> <span class='ocrx_word' id='word_1_463' title='bbox 2997 2886 3086 2939; x_wconf 90' lang='lat' dir='ltr'>est</span> <span class='ocrx_word' id='word_1_464' title='bbox 3105 2887 3300 2940; x_wconf 86' lang='lat' dir='ltr'>autem</span> <span class='ocrx_word' id='word_1_465' title='bbox 3322 2881 3614 2940; x_wconf 88' lang='lat' dir='ltr'>terminus</span> 
     </span>
    </p>
   </div>
   <div class='ocr_carea' id='block_1_88' title="bbox 1965 2977 2368 3034">
    <p class='ocr_par' dir='ltr' id='par_1_88' title="bbox 1965 2977 2368 3034">
     <span class='ocr_line' id='line_1_88' title="bbox 1965 2977 2368 3034; baseline -0.007 -1"><span class='ocrx_word' id='word_1_466' title='bbox 1965 2978 2154 3034; x_wconf 86' lang='lat' dir='ltr'>tribus</span> <span class='ocrx_word' id='word_1_467' title='bbox 2183 2977 2368 3032; x_wconf 67' lang='lat' dir='ltr'>Judaz.</span> 
     </span>
    </p>
   </div>
   <div class='ocr_carea' id='block_1_89' title="bbox 2040 3063 2758 3134">
    <p class='ocr_par' dir='ltr' id='par_1_89' title="bbox 2040 3063 2758 3134">
     <span class='ocr_line' id='line_1_89' title="bbox 2040 3063 2758 3134; baseline -0.006 -12"><span class='ocrx_word' id='word_1_468' title='bbox 2040 3065 2284 3134; x_wconf 89' lang='lat' dir='ltr'>Laboth,</span> <span class='ocrx_word' id='word_1_469' title='bbox 2316 3065 2376 3120; x_wconf 90' lang='lat' dir='ltr'>in</span> <span class='ocrx_word' id='word_1_470' title='bbox 2407 3063 2564 3120; x_wconf 91' lang='lat' dir='ltr'>tribu</span> <span class='ocrx_word' id='word_1_471' title='bbox 2585 3063 2758 3119; x_wconf 89' lang='lat' dir='ltr'>Juda.</span> 
     </span>
    </p>
   </div>
   <div class='ocr_carea' id='block_1_90' title="bbox 2041 3153 2761 3220">
    <p class='ocr_par' dir='ltr' id='par_1_90' title="bbox 2041 3153 2761 3220">
     <span class='ocr_line' id='line_1_90' title="bbox 2041 3153 2761 3220; baseline -0.006 -10"><span class='ocrx_word' id='word_1_472' title='bbox 2041 3156 2269 3220; x_wconf 91' lang='lat' dir='ltr'>Lamas,</span> <span class='ocrx_word' id='word_1_473' title='bbox 2307 3153 2367 3208; x_wconf 89' lang='lat' dir='ltr'>in</span> <span class='ocrx_word' id='word_1_474' title='bbox 2402 3153 2557 3207; x_wconf 91' lang='lat' dir='ltr'>tribu</span> <span class='ocrx_word' id='word_1_475' title='bbox 2588 3153 2761 3207; x_wconf 89' lang='lat' dir='ltr'>Juda.</span> 
     </span>
    </p>
   </div>
   <div class='ocr_carea' id='block_1_91' title="bbox 2043 3239 3155 3312">
    <p class='ocr_par' dir='ltr' id='par_1_91' title="bbox 2043 3239 3155 3312">
     <span class='ocr_line' id='line_1_91' title="bbox 2043 3239 3155 3312; baseline -0.006 -12"><span class='ocrx_word' id='word_1_476' title='bbox 2043 3245 2195 3300; x_wconf 72' lang='lat'>239</span> <span class='ocrx_word' id='word_1_477' title='bbox 2227 3241 2505 3312; x_wconf 81' lang='lat' dir='ltr'>Labaoth,</span> <span class='ocrx_word' id='word_1_478' title='bbox 2547 3242 2609 3296; x_wconf 91' lang='lat' dir='ltr'>in</span> <span class='ocrx_word' id='word_1_479' title='bbox 2639 3241 2798 3296; x_wconf 91' lang='lat' dir='ltr'>tribu</span> <span class='ocrx_word' id='word_1_480' title='bbox 2829 3239 3155 3312; x_wconf 89' lang='lat' dir='ltr'>Symeonis.</span> 
     </span>
    </p>
   </div>
   <div class='ocr_carea' id='block_1_92' title="bbox 2042 3331 2830 3397">
    <p class='ocr_par' dir='ltr' id='par_1_92' title="bbox 2042 3331 2830 3397">
     <span class='ocr_line' id='line_1_92' title="bbox 2042 3331 2830 3397; baseline -0.005 -10"><span class='ocrx_word' id='word_1_481' title='bbox 2042 3331 2361 3397; x_wconf 89' lang='lat' dir='ltr'>Labanath,</span> <span class='ocrx_word' id='word_1_482' title='bbox 2390 3331 2450 3386; x_wconf 90' lang='lat' dir='ltr'>in</span> <span class='ocrx_word' id='word_1_483' title='bbox 2480 3331 2638 3385; x_wconf 92' lang='lat' dir='ltr'>tribu</span> <span class='ocrx_word' id='word_1_484' title='bbox 2668 3337 2830 3384; x_wconf 85' lang='lat' dir='ltr'>Aser.</span> 
     </span>
    </p>
   </div>
   <div class='ocr_carea' id='block_1_93' title="bbox 2045 3417 3058 3490">
    <p class='ocr_par' dir='ltr' id='par_1_93' title="bbox 2045 3417 3058 3490">
     <span class='ocr_line' id='line_1_93' title="bbox 2045 3417 3058 3490; baseline -0.004 -14"><span class='ocrx_word' id='word_1_485' title='bbox 2045 3423 2282 3490; x_wconf 89' lang='lat' dir='ltr'>Lacum,</span> <span class='ocrx_word' id='word_1_486' title='bbox 2332 3421 2620 3476; x_wconf 78' lang='lat' dir='ltr'>terminus</span> <span class='ocrx_word' id='word_1_487' title='bbox 2660 3417 3058 3490; x_wconf 85' lang='lat' dir='ltr'>Nephthalim.</span> 
     </span>
    </p>
   </div>
   <div class='ocr_carea' id='block_1_94' title="bbox 2424 3551 3163 3610">
    <p class='ocr_par' dir='ltr' id='par_1_94' title="bbox 2424 3551 3163 3610">
     <span class='ocr_line' id='line_1_94' title="bbox 2424 3551 3163 3610; baseline -0.007 0"><span class='ocrx_word' id='word_1_488' title='bbox 2424 3555 2514 3610; x_wconf 85' lang='lat' dir='ltr'>DE</span> <span class='ocrx_word' id='word_1_489' title='bbox 2559 3552 2870 3608; x_wconf 87' lang='lat' dir='ltr'>JUDICUM</span> <span class='ocrx_word' id='word_1_490' title='bbox 2929 3551 3163 3606; x_wconf 84' lang='lat' dir='ltr'>LIBRO.</span> 
     </span>
    </p>
   </div>
   <div class='ocr_carea' id='block_1_95' title="bbox 2047 3657 3618 3733">
    <p class='ocr_par' dir='ltr' id='par_1_95' title="bbox 2047 3657 3618 3733">
     <span class='ocr_line' id='line_1_95' title="bbox 2047 3657 3618 3733; baseline -0.004 -15"><span class='ocrx_word' id='word_1_491' title='bbox 2047 3662 2428 3720; x_wconf 86' lang='lat' dir='ltr'>Laboemath:</span> <span class='ocrx_word' id='word_1_492' title='bbox 2461 3677 2565 3733; x_wconf 90' lang='lat' dir='ltr'>pro</span> <span class='ocrx_word' id='word_1_493' title='bbox 2622 3677 2736 3732; x_wconf 89' lang='lat' dir='ltr'>quo</span> <span class='ocrx_word' id='word_1_494' title='bbox 2789 3658 2999 3730; x_wconf 89' lang='lat' dir='ltr'>Aquila</span> <span class='ocrx_word' id='word_1_495' title='bbox 3054 3658 3493 3729; x_wconf 87' lang='lat' dir='ltr'>interpretatur,</span> <span class='ocrx_word' id='word_1_496' title='bbox 3532 3657 3618 3712; x_wconf 89' lang='lat' dir='ltr'>in-</span> 
     </span>
    </p>
   </div>
   <div class='ocr_carea' id='block_1_96' title="bbox 1974 3751 2472 3826">
    <p class='ocr_par' dir='ltr' id='par_1_96' title="bbox 1974 3751 2472 3826">
     <span class='ocr_line' id='line_1_96' title="bbox 1974 3751 2472 3826; baseline -0.008 -17"><span class='ocrx_word' id='word_1_497' title='bbox 1974 3771 2214 3826; x_wconf 83' lang='lat' dir='ltr'>gressus</span> <span class='ocrx_word' id='word_1_498' title='bbox 2245 3751 2472 3807; x_wconf 83' lang='lat' dir='ltr'>Emath.</span> 
     </span>
    </p>
   </div>
   <div class='ocr_carea' id='block_1_97' title="bbox 2046 3836 3620 3910">
    <p class='ocr_par' dir='ltr' id='par_1_97' title="bbox 2046 3836 3620 3910">
     <span class='ocr_line' id='line_1_97' title="bbox 2046 3836 3620 3910; baseline -0.005 -11"><span class='ocrx_word' id='word_1_499' title='bbox 2046 3845 2245 3899; x_wconf 89' lang='lat' dir='ltr'>Lesem</span> <span class='ocrx_word' id='word_1_500' title='bbox 2273 3860 2284 3897; x_wconf 94' lang='lat'><strong>:</strong></span> <span class='ocrx_word' id='word_1_501' title='bbox 2320 3841 2469 3896; x_wconf 92' lang='lat' dir='ltr'>hanc</span> <span class='ocrx_word' id='word_1_502' title='bbox 2498 3839 2602 3894; x_wconf 78' lang='lat' dir='ltr'>filii</span> <span class='ocrx_word' id='word_1_503' title='bbox 2635 3839 2758 3894; x_wconf 91' lang='lat' dir='ltr'>Dan</span> <span class='ocrx_word' id='word_1_504' title='bbox 2791 3839 2844 3894; x_wconf 91' lang='lat' dir='ltr'>vi</span> <span class='ocrx_word' id='word_1_505' title='bbox 2883 3842 3135 3910; x_wconf 90' lang='lat' dir='ltr'>captam,</span> <span class='ocrx_word' id='word_1_506' title='bbox 3169 3836 3620 3907; x_wconf 83' lang='lat' dir='ltr'>cognominave-</span> 
     </span>
    </p>
   </div>
   <div class='ocr_carea' id='block_1_98' title="bbox 1979 3935 2286 3990">
    <p class='ocr_par' dir='ltr' id='par_1_98' title="bbox 1979 3935 2286 3990">
     <span class='ocr_line' id='line_1_98' title="bbox 1979 3935 2286 3990; baseline -0.02 0"><span class='ocrx_word' id='word_1_507' title='bbox 1979 3938 2114 3990; x_wconf 83' lang='lat' dir='ltr'>runt</span> <span class='ocrx_word' id='word_1_508' title='bbox 2147 3935 2286 3987; x_wconf 89' lang='lat' dir='ltr'>Dan.</span> 
     </span>
    </p>
   </div>
   <div class='ocr_carea' id='block_1_99' title="bbox 2051 4013 3618 4089">
    <p class='ocr_par' dir='ltr' id='par_1_99' title="bbox 2051 4013 3618 4089">
     <span class='ocr_line' id='line_1_99' title="bbox 2051 4013 3618 4089; baseline -0.006 -12"><span class='ocrx_word' id='word_1_509' title='bbox 2051 4018 2458 4089; x_wconf 53' lang='lat' dir='ltr'>Luzaialtera,</span> <span class='ocrx_word' id='word_1_510' title='bbox 2501 4019 2673 4088; x_wconf 82' lang='lat' dir='ltr'>juxta</span> <span class='ocrx_word' id='word_1_511' title='bbox 2723 4017 2942 4085; x_wconf 77' lang='lat' dir='ltr'>Bethel,</span> <span class='ocrx_word' id='word_1_512' title='bbox 3005 4017 3064 4071; x_wconf 87' lang='lat' dir='ltr'>in</span> <span class='ocrx_word' id='word_1_513' title='bbox 3124 4022 3277 4072; x_wconf 90' lang='lat' dir='ltr'>terra</span> <span class='ocrx_word' id='word_1_514' title='bbox 3344 4013 3618 4082; x_wconf 83' lang='lat' dir='ltr'>Getthim,</span> 
     </span>
    </p>
   </div>
   <div class='ocr_carea' id='block_1_100' title="bbox 1979 4104 3630 4184">
    <p class='ocr_par' dir='ltr' id='par_1_100' title="bbox 1979 4104 3630 4184">
     <span class='ocr_line' id='line_1_100' title="bbox 1979 4104 3630 4184; baseline -0.006 -17"><span class='ocrx_word' id='word_1_515' title='bbox 1979 4127 2156 4184; x_wconf 86' lang='lat' dir='ltr'>quam</span> <span class='ocrx_word' id='word_1_516' title='bbox 2183 4107 2443 4164; x_wconf 90' lang='lat' dir='ltr'>condidit</span> <span class='ocrx_word' id='word_1_517' title='bbox 2474 4105 2570 4160; x_wconf 90' lang='lat' dir='ltr'>ille</span> <span class='ocrx_word' id='word_1_518' title='bbox 2595 4106 2693 4176; x_wconf 90' lang='lat' dir='ltr'>qui</span> <span class='ocrx_word' id='word_1_519' title='bbox 2727 4106 2949 4160; x_wconf 91' lang='lat' dir='ltr'>abierat</span> <span class='ocrx_word' id='word_1_520' title='bbox 2977 4106 3047 4161; x_wconf 91' lang='lat' dir='ltr'>de</span> <span class='ocrx_word' id='word_1_521' title='bbox 3075 4105 3295 4176; x_wconf 88' lang='lat' dir='ltr'>Bethel,</span> <span class='ocrx_word' id='word_1_522' title='bbox 3318 4104 3468 4160; x_wconf 88' lang='lat' dir='ltr'>sicut</span> <span class='ocrx_word' id='word_1_523' title='bbox 3500 4118 3630 4157; x_wconf 89' lang='lat' dir='ltr'>nar-</span> 
     </span>
    </p>
   </div>
   <div class='ocr_carea' id='block_1_101' title="bbox 1982 4197 2364 4256">
    <p class='ocr_par' dir='ltr' id='par_1_101' title="bbox 1982 4197 2364 4256">
     <span class='ocr_line' id='line_1_101' title="bbox 1982 4197 2364 4256; baseline -0.016 0"><span class='ocrx_word' id='word_1_524' title='bbox 1982 4205 2071 4256; x_wconf 89' lang='lat' dir='ltr'>rat</span> <span class='ocrx_word' id='word_1_525' title='bbox 2100 4197 2364 4254; x_wconf 89' lang='lat' dir='ltr'>historia.</span> 
     </span>
    </p>
   </div>
   <div class='ocr_carea' id='block_1_102' title="bbox 2054 4281 3629 4356">
    <p class='ocr_par' dir='ltr' id='par_1_102' title="bbox 2054 4281 3629 4356">
     <span class='ocr_line' id='line_1_102' title="bbox 2054 4281 3629 4356; baseline -0.005 -13"><span class='ocrx_word' id='word_1_526' title='bbox 2054 4286 2263 4343; x_wconf 90' lang='lat' dir='ltr'>Lechi:</span> <span class='ocrx_word' id='word_1_527' title='bbox 2312 4302 2414 4356; x_wconf 89' lang='lat' dir='ltr'>pro</span> <span class='ocrx_word' id='word_1_528' title='bbox 2458 4300 2573 4354; x_wconf 92' lang='lat' dir='ltr'>quo</span> <span class='ocrx_word' id='word_1_529' title='bbox 2616 4281 2830 4353; x_wconf 87' lang='lat' dir='ltr'>Aquila</span> <span class='ocrx_word' id='word_1_530' title='bbox 2881 4286 2936 4336; x_wconf 91' lang='lat' dir='ltr'>et</span> <span class='ocrx_word' id='word_1_531' title='bbox 2983 4281 3301 4337; x_wconf 82' lang='lat' dir='ltr'>Theodotio</span> <span class='ocrx_word' id='word_1_532' title='bbox 3351 4282 3629 4352; x_wconf 89' lang='lat' dir='ltr'>interpre-</span> 
     </span>
    </p>
   </div>
   <div class='ocr_carea' id='block_1_103' title="bbox 1983 4369 3591 4445">
    <p class='ocr_par' dir='ltr' id='par_1_103' title="bbox 1983 4369 3591 4445">
     <span class='ocr_line' id='line_1_103' title="bbox 1983 4369 3591 4445; baseline -0.006 -11"><span class='ocrx_word' id='word_1_533' title='bbox 1983 4383 2200 4445; x_wconf 77' lang='lat' dir='ltr'>tantur,</span> <span class='ocrx_word' id='word_1_534' title='bbox 2233 4372 2530 4429; x_wconf 82' lang='lat' dir='ltr'>maxillam</span> <span class='ocrx_word' id='word_1_535' title='bbox 2563 4372 2656 4442; x_wconf 91' lang='lat' dir='ltr'>(de</span> <span class='ocrx_word' id='word_1_536' title='bbox 2687 4371 2949 4442; x_wconf 89' lang='lat' dir='ltr'>quajam</span> <span class='ocrx_word' id='word_1_537' title='bbox 2981 4375 3038 4425; x_wconf 86' lang='lat' dir='ltr'>et</span> <span class='ocrx_word' id='word_1_538' title='bbox 3065 4387 3247 4441; x_wconf 89' lang='lat' dir='ltr'>supra</span> <span class='ocrx_word' id='word_1_539' title='bbox 3289 4369 3591 4439; x_wconf 82' lang='lat' dir='ltr'>diximus).</span> 
     </span>
    </p>
   </div>
   <div class='ocr_carea' id='block_1_104' title="bbox 2057 4457 3626 4536">
    <p class='ocr_par' dir='ltr' id='par_1_104' title="bbox 2057 4457 3626 4536">
     <span class='ocr_line' id='line_1_104' title="bbox 2057 4457 3626 4536; baseline -0.006 -15"><span class='ocrx_word' id='word_1_540' title='bbox 2057 4467 2242 4536; x_wconf 84' lang='lat' dir='ltr'>Laisa,</span> <span class='ocrx_word' id='word_1_541' title='bbox 2277 4466 2427 4519; x_wconf 91' lang='lat' dir='ltr'>hanc</span> <span class='ocrx_word' id='word_1_542' title='bbox 2461 4462 2564 4516; x_wconf 83' lang='lat' dir='ltr'>lilii</span> <span class='ocrx_word' id='word_1_543' title='bbox 2598 4461 2720 4516; x_wconf 87' lang='lat' dir='ltr'>Dan</span> <span class='ocrx_word' id='word_1_544' title='bbox 2751 4463 2979 4531; x_wconf 90' lang='lat' dir='ltr'>captam</span> <span class='ocrx_word' id='word_1_545' title='bbox 3005 4457 3626 4529; x_wconf 85' lang='lat' dir='ltr'>manu,possederunt,</span> 
     </span>
    </p>
   </div>
   <div class='ocr_carea' id='block_1_105' title="bbox 1985 4544 3626 4626">
    <p class='ocr_par' dir='ltr' id='par_1_105' title="bbox 1985 4544 3626 4626">
     <span class='ocr_line' id='line_1_105' title="bbox 1985 4544 3626 4626; baseline -0.008 -13"><span class='ocrx_word' id='word_1_546' title='bbox 1985 4574 2117 4612; x_wconf 90' lang='lat' dir='ltr'>cum</span> <span class='ocrx_word' id='word_1_547' title='bbox 2147 4559 2303 4612; x_wconf 89' lang='lat' dir='ltr'>esset</span> <span class='ocrx_word' id='word_1_548' title='bbox 2334 4551 2534 4626; x_wconf 88' lang='lat' dir='ltr'>procul</span> <span class='ocrx_word' id='word_1_549' title='bbox 2564 4568 2598 4605; x_wconf 87' lang='lat' dir='ltr'>a</span> <span class='ocrx_word' id='word_1_550' title='bbox 2619 4549 2913 4617; x_wconf 87' lang='lat' dir='ltr'>Sidone,et</span> <span class='ocrx_word' id='word_1_551' title='bbox 2944 4549 3293 4602; x_wconf 88' lang='lat' dir='ltr'>vocaverunt</span> <span class='ocrx_word' id='word_1_552' title='bbox 3323 4561 3451 4601; x_wconf 87' lang='lat' dir='ltr'>eam</span> <span class='ocrx_word' id='word_1_553' title='bbox 3481 4544 3626 4600; x_wconf 86' lang='lat' dir='ltr'>Dan.</span> 
     </span>
    </p>
   </div>
   <div class='ocr_carea' id='block_1_106' title="bbox 1900 4636 3632 4712">
    <p class='ocr_par' dir='ltr' id='par_1_106' title="bbox 1900 4636 3632 4712">
     <span class='ocr_line' id='line_1_106' title="bbox 1900 4636 3632 4712; baseline -0.01 -9"><span class='ocrx_word' id='word_1_554' title='bbox 1900 4649 1946 4712; x_wconf 88' lang='grc' dir='ltr'>Ι)</span> <span class='ocrx_word' id='word_1_555' title='bbox 1980 4646 2111 4702; x_wconf 86' lang='lat' dir='ltr'>Fuit</span> <span class='ocrx_word' id='word_1_556' title='bbox 2141 4649 2338 4701; x_wconf 90' lang='lat' dir='ltr'>autem</span> <span class='ocrx_word' id='word_1_557' title='bbox 2364 4642 2650 4698; x_wconf 88' lang='lat' dir='ltr'>terminus</span> <span class='ocrx_word' id='word_1_558' title='bbox 2677 4644 2840 4694; x_wconf 75' lang='lat' dir='ltr'>terra:</span> <span class='ocrx_word' id='word_1_559' title='bbox 2865 4636 3105 4702; x_wconf 64' lang='lat' dir='ltr'>Judaiae,</span> <span class='ocrx_word' id='word_1_560' title='bbox 3139 4637 3345 4689; x_wconf 89' lang='lat' dir='ltr'>contra</span> <span class='ocrx_word' id='word_1_561' title='bbox 3391 4639 3632 4704; x_wconf 80' lang='lat' dir='ltr'>septen-</span> 
     </span>
    </p>
   </div>
   <div class='ocr_carea' id='block_1_107' title="bbox 1983 4719 3628 4800">
    <p class='ocr_par' dir='ltr' id='par_1_107' title="bbox 1983 4719 3628 4800">
     <span class='ocr_line' id='line_1_107' title="bbox 1983 4719 3628 4800; baseline -0.008 -10"><span class='ocrx_word' id='word_1_562' title='bbox 1983 4733 2228 4790; x_wconf 87' lang='lat' dir='ltr'>trionem</span> <span class='ocrx_word' id='word_1_563' title='bbox 2262 4750 2294 4788; x_wconf 90' lang='lat' dir='ltr'>a</span> <span class='ocrx_word' id='word_1_564' title='bbox 2325 4733 2446 4787; x_wconf 91' lang='lat' dir='ltr'>Dan</span> <span class='ocrx_word' id='word_1_565' title='bbox 2507 4745 2695 4800; x_wconf 87' lang='lat' dir='ltr'>usque</span> <span class='ocrx_word' id='word_1_566' title='bbox 2748 4727 2820 4782; x_wconf 88' lang='lat' dir='ltr'>ad</span> <span class='ocrx_word' id='word_1_567' title='bbox 2873 4724 3154 4780; x_wconf 88' lang='lat' dir='ltr'>Bersabee</span> <span class='ocrx_word' id='word_1_568' title='bbox 3211 4739 3272 4778; x_wconf 89' lang='lat' dir='ltr'>se</span> <span class='ocrx_word' id='word_1_569' title='bbox 3312 4719 3628 4777; x_wconf 88' lang='lat' dir='ltr'>tendentis.</span> 
     </span>
    </p>
   </div>
   <div class='ocr_carea' id='block_1_108' title="bbox 1985 4810 3631 4891">
    <p class='ocr_par' dir='ltr' id='par_1_108' title="bbox 1985 4810 3631 4891">
     <span class='ocr_line' id='line_1_108' title="bbox 1985 4810 3631 4891; baseline -0.009 -12"><span class='ocrx_word' id='word_1_570' title='bbox 1985 4822 2252 4878; x_wconf 90' lang='lat' dir='ltr'>Meminit</span> <span class='ocrx_word' id='word_1_571' title='bbox 2281 4821 2459 4891; x_wconf 86' lang='lat' dir='ltr'>hujus</span> <span class='ocrx_word' id='word_1_572' title='bbox 2490 4819 2690 4874; x_wconf 87' lang='lat' dir='ltr'>Isaias.</span> <span class='ocrx_word' id='word_1_573' title='bbox 2732 4815 2854 4872; x_wconf 89' lang='lat' dir='ltr'>Sita</span> <span class='ocrx_word' id='word_1_574' title='bbox 2901 4819 2990 4870; x_wconf 89' lang='lat' dir='ltr'>est</span> <span class='ocrx_word' id='word_1_575' title='bbox 3049 4816 3248 4868; x_wconf 87' lang='lat' dir='ltr'>autem</span> <span class='ocrx_word' id='word_1_576' title='bbox 3298 4811 3469 4882; x_wconf 88' lang='lat' dir='ltr'>juxta</span> <span class='ocrx_word' id='word_1_577' title='bbox 3525 4810 3631 4865; x_wconf 87' lang='lat' dir='ltr'>Pa-</span> 
     </span>
    </p>
   </div>
   <div class='ocr_carea' id='block_1_109' title="bbox 1983 4899 3366 4980">
    <p class='ocr_par' dir='ltr' id='par_1_109' title="bbox 1983 4899 3366 4980">
     <span class='ocr_line' id='line_1_109' title="bbox 1983 4899 3366 4980; baseline -0.009 -13"><span class='ocrx_word' id='word_1_578' title='bbox 1983 4912 2248 4978; x_wconf 80' lang='lat' dir='ltr'>neadcm,</span> <span class='ocrx_word' id='word_1_579' title='bbox 2284 4911 2353 4964; x_wconf 90' lang='lat' dir='ltr'>de</span> <span class='ocrx_word' id='word_1_580' title='bbox 2384 4926 2500 4980; x_wconf 89' lang='lat' dir='ltr'>qua</span> <span class='ocrx_word' id='word_1_581' title='bbox 2529 4905 2804 4963; x_wconf 86' lang='lat' dir='ltr'>Jordanis</span> <span class='ocrx_word' id='word_1_582' title='bbox 2832 4904 3044 4959; x_wconf 84' lang='lat' dir='ltr'>ﬂuvius</span> <span class='ocrx_word' id='word_1_583' title='bbox 3078 4899 3366 4972; x_wconf 91' lang='lat' dir='ltr'>erumpit.</span> 
     </span>
    </p>
   </div>
   <div class='ocr_carea' id='block_1_110' title="bbox 2055 4985 3630 5066">
    <p class='ocr_par' dir='ltr' id='par_1_110' title="bbox 2055 4985 3630 5066">
     <span class='ocr_line' id='line_1_110' title="bbox 2055 4985 3630 5066; baseline -0.008 -12"><span class='ocrx_word' id='word_1_584' title='bbox 2055 4999 2448 5066; x_wconf 81' lang='lat' dir='ltr'>Lamatthara,</span> <span class='ocrx_word' id='word_1_585' title='bbox 2484 4998 2554 5051; x_wconf 91' lang='lat' dir='ltr'>ad</span> <span class='ocrx_word' id='word_1_586' title='bbox 2588 5011 2762 5066; x_wconf 92' lang='lat' dir='ltr'>quem</span> <span class='ocrx_word' id='word_1_587' title='bbox 2787 4994 2978 5049; x_wconf 90' lang='lat' dir='ltr'>locum</span> <span class='ocrx_word' id='word_1_588' title='bbox 3000 4985 3521 5059; x_wconf 86' lang='lat' dir='ltr'>Jonathamjacula</span> <span class='ocrx_word' id='word_1_589' title='bbox 3542 4985 3630 5041; x_wconf 89' lang='lat' dir='ltr'>di-</span> 
     </span>
    </p>
   </div>
   <div class='ocr_carea' id='block_1_111' title="bbox 1983 5076 3627 5162">
    <p class='ocr_par' dir='ltr' id='par_1_111' title="bbox 1983 5076 3627 5162">
     <span class='ocr_line' id='line_1_111' title="bbox 1983 5076 3627 5162; baseline -0.007 -18"><span class='ocrx_word' id='word_1_590' title='bbox 1983 5090 2228 5162; x_wconf 87' lang='lat' dir='ltr'>rigebat,</span> <span class='ocrx_word' id='word_1_591' title='bbox 2262 5103 2376 5158; x_wconf 89' lang='lat' dir='ltr'>quo</span> <span class='ocrx_word' id='word_1_592' title='bbox 2436 5085 2674 5157; x_wconf 76' lang='lat' dir='ltr'>Aquilla</span> <span class='ocrx_word' id='word_1_593' title='bbox 2731 5083 3165 5146; x_wconf 87' lang='lat' dir='ltr'>interbretatur,</span> <span class='ocrx_word' id='word_1_594' title='bbox 3227 5078 3296 5133; x_wconf 89' lang='lat' dir='ltr'>ad</span> <span class='ocrx_word' id='word_1_595' title='bbox 3351 5076 3627 5148; x_wconf 83' lang='lat' dir='ltr'>signum:</span> 
     </span>
    </p>
   </div>
   <div class='ocr_carea' id='block_1_112' title="bbox 1984 5173 2892 5248">
    <p class='ocr_par' dir='ltr' id='par_1_112' title="bbox 1984 5173 2892 5248">
     <span class='ocr_line' id='line_1_112' title="bbox 1984 5173 2892 5248; baseline -0.004 -17"><span class='ocrx_word' id='word_1_596' title='bbox 1984 5176 2392 5248; x_wconf 88' lang='lat' dir='ltr'>Symmachus,</span> <span class='ocrx_word' id='word_1_597' title='bbox 2431 5176 2500 5229; x_wconf 91' lang='lat' dir='ltr'>ad</span> <span class='ocrx_word' id='word_1_598' title='bbox 2535 5173 2892 5229; x_wconf 89' lang='lat' dir='ltr'>condictum.</span> 
     </span>
    </p>
   </div>
   <div class='ocr_carea' id='block_1_113' title="bbox 2058 5259 3068 5332">
    <p class='ocr_par' dir='ltr' id='par_1_113' title="bbox 2058 5259 3068 5332">
     <span class='ocr_line' id='line_1_113' title="bbox 2058 5259 3068 5332; baseline -0.005 -12"><span class='ocrx_word' id='word_1_599' title='bbox 2058 5265 2340 5332; x_wconf 82' lang='lat' dir='ltr'>Ladabar,</span> <span class='ocrx_word' id='word_1_600' title='bbox 2376 5263 2474 5317; x_wconf 91' lang='lat' dir='ltr'>ubi</span> <span class='ocrx_word' id='word_1_601' title='bbox 2509 5267 2632 5318; x_wconf 90' lang='lat' dir='ltr'>erat</span> <span class='ocrx_word' id='word_1_602' title='bbox 2660 5259 3068 5331; x_wconf 86' lang='lat' dir='ltr'>Miphiboseth.</span> 
     </span>
    </p>
   </div>
   <div class='ocr_carea' id='block_1_114' title="bbox 2059 5349 2941 5423">
    <p class='ocr_par' dir='ltr' id='par_1_114' title="bbox 2059 5349 2941 5423">
     <span class='ocr_line' id='line_1_114' title="bbox 2059 5349 2941 5423; baseline -0.008 -15"><span class='ocrx_word' id='word_1_603' title='bbox 2059 5353 2342 5423; x_wconf 82' lang='lat' dir='ltr'>Lodabar,</span> <span class='ocrx_word' id='word_1_604' title='bbox 2378 5352 2533 5406; x_wconf 93' lang='lat' dir='ltr'>unde</span> <span class='ocrx_word' id='word_1_605' title='bbox 2564 5350 2673 5405; x_wconf 90' lang='lat' dir='ltr'>fuit</span> <span class='ocrx_word' id='word_1_606' title='bbox 2702 5349 2941 5406; x_wconf 86' lang='lat' dir='ltr'>Machir.</span> 
     </span>
    </p>
   </div>
   <div class='ocr_carea' id='block_1_115' title="bbox 2056 5435 3220 5509">
    <p class='ocr_par' dir='ltr' id='par_1_115' title="bbox 2056 5435 3220 5509">
     <span class='ocr_line' id='line_1_115' title="bbox 2056 5435 3220 5509; baseline -0.006 -12"><span class='ocrx_word' id='word_1_607' title='bbox 2056 5443 2331 5509; x_wconf 86' lang='lat' dir='ltr'>Libanus,</span> <span class='ocrx_word' id='word_1_608' title='bbox 2358 5457 2527 5496; x_wconf 91' lang='lat' dir='ltr'>mons</span> <span class='ocrx_word' id='word_1_609' title='bbox 2556 5437 2844 5494; x_wconf 67' lang='lat' dir='ltr'>Phoenicis</span> <span class='ocrx_word' id='word_1_610' title='bbox 2874 5435 3220 5492; x_wconf 90' lang='lat' dir='ltr'>altissimus.</span> 
     </span>
    </p>
   </div>
   <div class='ocr_carea' id='block_1_116' title="bbox 1983 5648 3637 5726">
    <p class='ocr_par' dir='ltr' id='par_1_116' title="bbox 1983 5648 3637 5726">
     <span class='ocr_line' id='line_1_116' title="bbox 1983 5648 3637 5726; baseline -0.008 -7"><span class='ocrx_word' id='word_1_611' title='bbox 1983 5680 2049 5719; x_wconf 86' lang='lat' dir='ltr'>ex</span> <span class='ocrx_word' id='word_1_612' title='bbox 2089 5659 2330 5716; x_wconf 90' lang='lat' dir='ltr'>Tabulis</span> <span class='ocrx_word' id='word_1_613' title='bbox 2376 5653 2792 5726; x_wconf 87' lang='lat' dir='ltr'>Geographicis</span> <span class='ocrx_word' id='word_1_614' title='bbox 2848 5652 3112 5726; x_wconf 74' lang='lat' dir='ltr'>Thabor__</span> <span class='ocrx_word' id='word_1_615' title='bbox 3140 5648 3637 5726; x_wconf 81' lang='lat' dir='ltr'>positum__fuisse</span> 
     </span>
    </p>
   </div>
   <div class='ocr_carea' id='block_1_117' title="bbox 1985 5720 3633 5804">
    <p class='ocr_par' dir='ltr' id='par_1_117' title="bbox 1985 5720 3633 5804">
     <span class='ocr_line' id='line_1_117' title="bbox 1985 5720 3633 5804; baseline -0.009 -12"><span class='ocrx_word' id='word_1_616' title='bbox 1985 5737 2055 5792; x_wconf 91' lang='lat' dir='ltr'>ad</span> <span class='ocrx_word' id='word_1_617' title='bbox 2087 5731 2427 5793; x_wconf 85' lang='lat' dir='ltr'>orientalem</span> <span class='ocrx_word' id='word_1_618' title='bbox 2459 5720 2693 5804; x_wconf 74' lang='lat' dir='ltr'>plagam</span> <span class='ocrx_word' id='word_1_619' title='bbox 2727 5723 3016 5798; x_wconf 81' lang='lat' dir='ltr'>Legionis.</span> <span class='ocrx_word' id='word_1_620' title='bbox 3049 5720 3192 5782; x_wconf 83' lang='lat' dir='ltr'>Vide</span> <span class='ocrx_word' id='word_1_621' title='bbox 3221 5721 3376 5779; x_wconf 86' lang='lat' dir='ltr'>intra</span> <span class='ocrx_word' id='word_1_622' title='bbox 3407 5720 3633 5786; x_wconf 66' lang='lat' dir='ltr'>Thabor.</span> 
     </span>
    </p>
   </div>
  </div>
