3992 6400
307 521 582 590 Merrom,
641 531 806 594 aqua!
864 515 938 577 ad
997 536 1165 591 quas,
1223 520 1477 574 exercitu
1537 521 1877 590 praeparato,
1913 529 1964 592 Α

232 613 431 666 castra
454 615 595 666 sunt
627 611 836 683 posita,
864 611 965 665 Est
992 613 1189 664 autem
1232 625 1386 663 nunc
1441 607 1605 662 vicus
1663 611 1884 662 Merrus

227 699 472 755 nemine
500 700 560 755 in
579 699 961 756 douodecimo
984 696 1259 753 milliario
1286 697 1449 752 urbis
1482 695 1738 752 Sebastaz
1754 695 1887 766 juta

230 785 532 842 D'othaim.

308 875 888 948 Massephothmaim,
921 893 1025 948 pro
1071 892 1186 947 quo
1232 874 1474 947 Aquila.
1511 873 1885 945 Massephoth

232 981 403 1036 aqua:
437 981 450 1020 :
484 965 893 1037 Symmachus,
925 965 1262 1037 Massephot
1292 963 1492 1030 maris,
1526 961 1888 1036 interpretati

235 1056 401 1107 sunt

316 1141 590 1209 Machati,
641 1143 782 1197 urbs
831 1143 1304 1198 Amorrhaeorum
1349 1159 1526 1214 super
1569 1143 1888 1198 Jordanem

232 1229 411 1299 juxta
440 1234 700 1285 montem
730 1237 1006 1298 Aermon,
1059 1232 1130 1287 de
1177 1247 1295 1302 qua
1333 1229 1720 1286 exterminare
1774 1247 1890 1284 non

242 1315 556 1373 valuerunt
580 1318 683 1372 filii
720 1319 896 1375 Israel
929 1320 1380 1376 Machathzeum.

316 1408 558 1476 Marem,
591 1411 648 1462 et
676 1407 826 1462 hanc
857 1407 1012 1479 cepit
1040 1408 1234 1477 Jesus,
1263 1424 1396 1480 rege
1427 1407 1588 1462 illius
1617 1407 1770 1464 246
1801 1405 1888 1461 in-

245 1493 510 1550 terfecto.
545 1494 762 1565 (Posita
788 1501 878 1552 est
906 1501 963 1552 et
993 1513 1173 1568 supra
1202 1497 1495 1566 Marrus.).

323 1582 606 1654 Mageddo
647 1584 728 1653 (et
782 1583 933 1639 hanc
991 1584 1144 1656 cepit
1193 1585 1388 1650 Jesus,
1450 1600 1582 1656 rege
1611 1582 1771 1638 illius
1803 1582 1891 1638 in-

243 1671 512 1741 terfecto)
546 1689 558 1726 :
591 1688 720 1744 quae
760 1689 895 1727 cum
952 1673 1259 1728 cecidisset
1316 1673 1374 1728 in
1432 1678 1649 1728 sortem
1704 1671 1892 1726 tribus

241 1759 536 1825 Manasse,
569 1777 943 1832 nequaquam
975 1762 1235 1834 possedit
1263 1778 1413 1827 eam,
1447 1761 1586 1833 quia
1615 1760 1893 1834 pristinos

244 1847 607 1904 habitatores
636 1849 900 1921 nequivit
928 1850 1232 1922 expellere.

320 1936 500 1992 Miser
532 1953 544 1992 :
576 1955 678 2010 pro
710 1955 823 2010 quo
846 1939 1065 2010 Aquila
1096 1943 1152 1995 et
1173 1939 1581 2011 Symmachus,
1607 1938 1891 1994 humilem

246 2024 616 2097 interpretati
647 2032 805 2083 sunt.
838 2029 942 2083 Est
970 2033 1168 2084 autem
1200 2028 1403 2085 civitas
1446 2029 1638 2083 tribus
1670 2028 1898 2096 Ruben,

247 2120 530 2186 separata
563 2115 778 2171 Levitis
808 2117 866 2170 in
899 2117 1132 2189 regione
1163 2117 1474 2173 Gebalena.

326 2203 592 2275 Medaba,
626 2221 814 2276 usque
856 2205 1029 2261 hodie
1086 2207 1226 2262 urbs
1282 2207 1528 2277 Arabia),
1590 2205 1900 2279 antiquum

256 2306 475 2347 nomen
508 2291 769 2350 retinens
792 2295 966 2364 juxta
997 2294 1243 2352 Esebon.

330 2379 666 2452 Maphaath,
700 2381 758 2437 in
791 2382 948 2437 tribu
992 2383 1316 2454 Benjamin.
1372 2384 1481 2439 Sed
1536 2389 1592 2439 et
1648 2382 1763 2439 alia
1817 2386 1902 2438 est

243 2473 426 2525 'trans
453 2471 789 2540 Jordanem,
832 2472 892 2526 in
949 2489 1066 2544 qua
1123 2472 1457 2544 praesidium
1508 2477 1904 2528 Romanorum

259 2557 519 2614 militum
549 2561 711 2616 sedet
735 2565 970 2634 propter
994 2561 1267 2617 viciniam
1299 2561 1654 2618 solitudinis.

333 2648 632 2722 Masapha.
662 2650 721 2706 in
770 2650 925 2705 triliu
982 2651 1126 2718 Gad,
1186 2657 1455 2723 separata
1513 2651 1744 2707 Levitis.
1807 2651 1908 2707 Est

256 2741 458 2793 autem
488 2743 546 2794 et
573 2738 688 2794 alia
716 2756 872 2794 nunc
903 2741 1168 2812 Maspha,
1202 2740 1261 2795 in
1293 2741 1510 2795 finibus
1567 2741 1906 2796 Eleuthero-

259 2825 462 2898 poleos
493 2832 695 2883 cont-ra
739 2829 1196 2900 septentrionem
1248 2829 1626 2902 pergentibus
1673 2828 1903 2896 zEliam,

257 2916 560 2986 pertinens
592 2917 662 2971 ad
693 2917 915 2972 tribum
944 2917 1128 2974 Judrc.

333 3004 629 3062 Maanaim
659 3006 717 3061 in
751 3007 909 3062 tribu
940 3007 1084 3073 Gad,
1139 3011 1405 3079 separata
1462 3007 1695 3074 Levitis,
1724 3008 1782 3064 in
1815 3024 1902 3063 re-

243 3093 430 3165 gione
462 3093 841 3152 Galaaditide.

331 3182 603 3239 Moladab
635 3185 673 3252 ί,
707 3183 768 3239 in
797 3183 953 3240 tribu
1011 3185 1176 3241 Judw
1237 3185 1356 3241 sive
1415 3185 1740 3257 Symeonis.
1785 3185 1900 3241 Me-

1239 387 1342 448 DE
1384 386 1564 449 SI'I‘U
1605 385 1707 448 ET
1750 381 2022 448 NOMIN.
2073 385 2242 447 ωε.
2289 385 2656 450 HEBRAIG.

2070 517 2283 572 Meelcb
2317 519 2604 574 terminus
2633 518 3024 592 Nephthalim.

2064 607 2393 677 Magdiel,in
2427 609 2584 662 tribu
2617 609 2972 680 Nephtalim,
3007 615 3062 666 ct
3101 611 3395 685 hodieque
3424 631 3640 686 parvus

1993 694 2154 750 vicus
2184 697 2514 752 ostenditur
2544 697 2602 752 in
2634 699 2838 769 quinto
2871 699 3143 757 milllario
3165 701 3347 772 DOI‘EB,
3397 719 3640 778 pergen-

1995 784 2152 838 tibus
2193 783 2636 841 Ptolemaidem.

2069 872 2234 926 Mons
2264 872 2582 940 Olivarum,
2614 875 2686 930 ad
2713 876 2994 934 orientem
3037 878 3383 951 Jerusalem,
3416 881 3476 936 in
3525 898 3639 953 quo

1995 959 2318 1033 discipulos
2348 963 2650 1019 erudiebat
2677 965 2872 1021 Jesus.

2451 1086 2542 1141 DE
2565 1082 2774 1143 LIBRO
2804 1085 3134 1147 J‘UDICUM.

2069 1173 2457 1246 Mosphetaim
2487 1191 2498 1230 :
2533 1192 2635 1247 pro
2668 1194 2783 1248 quo
2813 1179 3025 1249 Aquila
3072 1180 3486 1252 inerpretatur,
3527 1195 3645 1238 sor-

1999 1261 2143 1316 tium
2180 1280 2192 1317 :
2229 1263 2638 1334 Symmachus,
2669 1266 3037 1322 viciniarum.

2068 1355 2241 1416 More,
2274 1368 2487 1406 nomen
2519 1357 2608 1408 est
2637 1354 2797 1409 collis
2829 1356 2925 1423 (do
2954 1371 3070 1426 quo
3094 1357 3151 1411 in
3211 1357 3378 1414 libris
3415 1359 3646 1415 Hebrai-

1999 1456 2192 1495 carum
2223 1440 2593 1508 Quaestionum
2628 1441 2858 1513 plenius
2887 1443 3252 1516 disputatum
3283 1449 3418 1515 est).

2072 1529 2352 1598 Mennith,
2385 1529 2483 1583 ubi
2513 1530 2722 1601 Jephte
2751 1531 3045 1603 praeliatus
3073 1537 3164 1590 est
3197 1551 3209 1588 :
3245 1551 3401 1590 nunc
3447 1539 3644 1591 autem

2001 1615 2334 1670 ostenditur
2376 1616 2598 1672 Manith
2622 1619 2758 1674 villa
2788 1620 2846 1674 in
2878 1626 3085 1691 quarto
3121 1621 3312 1693 lapide
3341 1623 3528 1679 Esbus
3547 1638 3650 1694 per

2001 1705 2275 1776 gentibus
2309 1705 2798 1777 Philadelphiam.

2074 1794 2389 1861 Machmas,
2424 1810 2612 1866 usque
2643 1796 2813 1851 hodie
2841 1797 3003 1853 vicus
3037 1799 3278 1870 grandis
3319 1800 3652 1855 ostenditur

1923 1893 1970 1957 Β
2002 1882 2061 1936 in
2095 1882 2313 1936 ﬁnibus
2356 1882 2532 1951 zEliac,
2567 1884 2876 1956 antiquum
2909 1901 3121 1942 nomen
3158 1888 3650 1958 retinens,novem

2009 1972 2081 2028 ab
2118 1988 2185 2026 ea
2216 1970 2488 2027 millibus
2518 1973 2746 2028 distans
2775 1975 2938 2043 iuxta
2958 1973 3156 2030 villam
3180 1977 3380 2033 Rama.

2421 2099 2508 2152 DE
2542 2098 2942 2155 REGNORUM
2984 2100 3236 2157 LIBRIS.

2085 2203 2342 2271 Messab,
2375 2203 2585 2260 hostile
2617 2205 2897 2278 oppidum
2921 2207 3096 2277 juxta
3118 2209 3297 2264 Gaba.

2084 2295 2352 2366 Magdon,
2385 2294 2504 2350 sive
2535 2293 2797 2366 Magron,
2831 2294 2930 2349 ubi
2963 2295 3114 2350 sedit
3141 2295 3300 2352 Saul.

2084 2382 2410 2455 Massepha,
2445 2382 2504 2437 in
2536 2383 2719 2452 Mrab,
2768 2382 2837 2437 ad
2893 2399 3070 2454 quam
3115 2385 3397 2456 profugus
3445 2375 3650 2460 David,

2016 2489 2146 2528 cum
2176 2471 2364 2527 Saulis
2393 2471 2637 2527 insidias
2669 2471 3004 2539 declinaret,
3038 2473 3216 2528 venit.

2087 2561 2395 2628 Masereth,
2428 2561 2486 2615 in
2519 2577 2637 2631 qua
2657 2560 2808 2616 sedit
2836 2561 3033 2628 David,
3067 2578 3221 2616 nunc
3243 2561 3476 2618 deserta
3503 2580 3516 2618 :
3551 2581 3656 2635 pro

2016 2669 2131 2723 quo
2160 2650 2804 2722 Aquilainterpretatur
2824 2649 3182 2706 munitiones
3215 2667 3228 2706 :
3261 2650 3656 2724 Symmachus

2015 2741 2240 2812 refugia
2272 2758 2284 2794 :
2317 2739 2662 2806 Theodotio,
2694 2737 3026 2811 speluncas.

2087 2828 2383 2894 Masbach,
2416 2827 2647 2884 hostilis
2678 2827 2881 2883 civitas
2911 2828 3064 2900 regis
3095 2829 3373 2884 Adrazar.

2088 2918 2258 2986 Mela,
2289 2919 2346 2972 id
2379 2923 2486 2986 est,
2519 2916 2754 2972 Gemela
2783 2934 2802 2971 :
2829 2933 3006 2988 quam
3037 2917 3248 2990 Aquila
3277 2923 3333 2974 et
3382 2919 3658 2992 Symma-

2013 3009 2160 3064 chus
2191 3006 2570 3072 transferunt,
2603 3005 2814 3061 vallem
2847 3005 2997 3062 Salis
3029 3006 3310 3076 (diximus
3338 3007 3409 3064 de
3459 3007 3569 3064 hac
3599 3014 3658 3066 et

2012 3099 2234 3171 supra).

2082 3186 2340 3255 Maacha,
2374 3183 2532 3257 regio
2565 3184 2718 3257 regis
2747 3185 2950 3240 Gesur.

255 3272 508 3326 demena
556 3272 615 3326 in
673 3272 830 3328 tribu
879 3273 1065 3340 Judze,
1123 3274 1294 3344 cujus
1344 3274 1612 3329 meminit
1670 3273 1850 3330 Isaias
1884 3291 1896 3329 :
1929 3261 1973 3328 C
2083 3277 2333 3332 Modeim
2363 3274 2782 3345 ‘,vicusjuxta
2819 3271 3159 3344 Diospolim,
3210 3273 3365 3329 unde
3409 3273 3652 3333 fuerunt

251 3365 315 3414 et
342 3375 499 3416 nunc
531 3365 620 3416 est
649 3361 869 3418 Menois
899 3362 1181 3436 oppidum
1222 3363 1394 3434 juxta
1449 3363 1738 3418 civitatem
1799 3364 1900 3419 Ga-

258 3465 412 3504 zam.

332 3537 628 3609 Magdala,
669 3539 727 3594 in
749 3539 904 3596 tribu
933 3542 1101 3598 Juda.

327 3630 573 3695 Maresa,
607 3628 666 3684 in
698 3629 854 3685 tribu
872 3631 1068 3687 Juda:
1119 3631 1290 3702 cujus
1344 3648 1502 3686 nunc
1558 3631 1901 3688 tantumodo

253 3722 398 3772 sunt
421 3717 602 3773 ruinae
634 3718 693 3774 in
726 3721 982 3775 secundo
1015 3719 1205 3792 lapide
1237 3719 1766 3792 Eleutheropoleos,

327 3805 521 3874 Maon,
553 3807 612 3862 in
645 3807 802 3862 tribu
834 3809 1212 3876 Juda,contra
1239 3809 1380 3864 solis
1411 3813 1606 3866 ortum
1639 3809 1901 3865 Daroma:

323 3895 571 3968 Maroth,
603 3896 663 3952 in
692 3897 848 3952 tribu
878 3899 1045 3954 Juda.

325 3985 546 4052 Maddi,
581 3986 639 4041 in
671 3988 828 4042 tribu
858 3988 1025 4043 Juda.

329 4075 532 4144 Maera,
565 4075 628 4130 in
657 4075 812 4131 tribu
848 4077 1169 4146 Benjamin.

331 4161 620 4236 Macaoth,
653 4163 712 4220 in
743 4164 900 4220 tribu
934 4166 1222 4222 Manasse.

327 4252 570 4323 Marala,
606 4270 887 4310 ascensus
916 4255 1170 4310 Zabulon
1204 4257 1245 4310 ³.

319 4341 551 4413 Masan,
583 4341 642 4398 in
672 4344 826 4399 tribu
858 4349 1023 4411 Aser,
1049 4345 1221 4415 juxta
1249 4345 1580 4402 Carmelum
1617 4345 1688 4402 ad
1739 4361 1900 4402 mare

251 4430 460 4486 civitas
491 4436 760 4504 separata
790 4433 1025 4488 Levitis.

325 4519 475 4576 247
515 4521 670 4577 Mare
700 4520 1055 4588 Salinarum,
1090 4524 1242 4594 quod
1287 4529 1528 4581 vocatur
1577 4525 1895 4596 Mortuum,

2011 3365 2356 3422 Macchabzei
2398 3381 2410 3418 :
2462 3379 2713 3435 quorum
2756 3361 3042 3434 hodieque
3096 3362 3250 3419 250
3297 3363 3512 3420 ibidem
3558 3381 3652 3421 se-

2005 3455 2215 3528 pulcra
2242 3456 2650 3509 monstrantur
2681 3469 2694 3515 ;
2726 3452 2871 3507 satis
2898 3451 3099 3523 itaque
3131 3452 3334 3520 miror,
3358 3455 3652 3524 quomodo

2011 3543 2326 3598 Antiochiae
2357 3557 2557 3597 eorum
2589 3540 2868 3612 reliquias
2899 3541 3242 3612 ostendunt,
3276 3545 3379 3597 aut
3408 3558 3526 3614 quo
3547 3542 3656 3600 hoc

2012 3638 2168 3689 certo
2197 3638 2431 3688 auctore
2462 3631 2540 3686 sit
2569 3629 2879 3686 creditum.

2084 3723 2319 3779 Mabsar
2349 3722 2482 3794 Tyri
2519 3738 2532 3777 :
2566 3738 2668 3794 pro
2699 3737 2814 3792 quo
2837 3718 3047 3793 Aquila
3077 3725 3133 3775 et
3152 3721 3545 3792 Symmachus
3568 3722 3660 3778 in-o

2013 3817 2410 3884 terpretantur
2440 3810 2726 3865 munitam
2760 3810 3000 3880 Tyrum.

2083 3903 2312 3974 Magau,
2348 3900 2487 3955 urbs
2519 3915 2696 3971 quam
2728 3897 3033 3952 aedificavit
3060 3896 3356 3954 Salomon.

2082 3992 2307 4046 Meeber
2339 4005 2350 4042 :
2386 4006 2488 4061 pro
2519 4005 2632 4060 quo
2665 3986 2878 4058 Aquila
2913 3985 3216 4042 transtulit
3271 3985 3374 4040 ἀπὸ
3422 3987 3590 4062 πὲρτκν
3633 4005 3648 4042 :

2012 4077 2421 4152 Symmachus,
2455 4074 2770 4146 ἐξεναντιας,
2807 4075 2863 4130 id
2895 4079 3173 4143 est,trans
3199 4076 3290 4132 vel
3322 4077 3392 4133 de
3423 4081 3650 4134 contra.

2083 4168 2294 4233 Maces,
2328 4167 2470 4221 urbs
2501 4164 2675 4219 unius
2705 4165 3038 4236 principum
3070 4163 3425 4222 Salomonis.

2079 4255 2271 4319 Mello,
2303 4254 2509 4310 civitas
2540 4269 2717 4324 quam
2747 4253 3048 4308 aediﬁcavit
3093 4253 3388 4312 Salomon.
3450 4256 3648 4327 (Pam

1999 4343 2397 4418 Symmachus
2428 4347 2484 4398 et
2505 4341 2843 4408 Theodotio,
2879 4342 3355 4413 adimpletionem
3387 4348 3652 4401 transtu-

2002 4437 2202 4493 lerunt
2231 4435 2270 4490 δ.
2303 4435 2372 4488 Et
2398 4432 2468 4487 de
2499 4431 2607 4486 hac
2636 4430 2696 4484 in
2727 4429 2892 4484 libris
2924 4431 3330 4488 Hebraicarum
3378 4433 3646 4500 Quaestio-

2007 4542 2141 4582 num
2172 4522 2400 4596 plenius
2434 4520 2686 4590 dicitur).

250 4609 376 4665 sive
399 4626 562 4667 mare
593 4609 885 4683 Asphalti,
917 4612 974 4666 id
1006 4616 1114 4680 est,
1149 4613 1637 4680 bituminis,inter
1673 4613 1900 4671 Jericho
1928 4629 1976 4694 Β
2078 4614 2360 4681 Maedam,
2395 4609 2594 4665 civitas
2615 4623 2793 4678 quam
2824 4606 3130 4662 aediﬁcavit
3158 4605 3456 4663 Salomon.

250 4702 310 4754 et
337 4698 601 4755 Zoaram.

325 4860 627 4937 ‘Moladgzb
658 4866 766 4919 etc.
803 4863 951 4919 Editi
1002 4865 1110 4919 hoc
1169 4881 1381 4920 nomen
1441 4865 1707 4921 scribunt
1764 4870 1896 4937 post

245 4932 458 4988 Marala
493 4950 505 4988 :
538 4934 768 4990 Gracus
798 4941 991 4991 autem
1024 4937 1310 4992 Eusebius
1339 4943 1395 4992 et
1439 4937 1624 4992 Latini
1665 4932 1893 4994 codices

247 5020 395 5080 mss,
427 5004 884 5080 eodemgordine,
918 5024 1034 5079 quo
1067 5026 1101 5064 a
1128 5007 1296 5063 nobis
1328 5010 1630 5080 reponitur

320 5077 870 5152 ’lterumAdissenti
929 5077 1000 5134 ab
1061 5080 1327 5145 Eusebio,
1387 5077 1488 5151 qui
1545 5080 1709 5151 ponit
1737 5088 1892 5152 φψλῆς

240 5159 534 5224 ’μανγαᾳσῇ
563 5149 971 5224 Hieronymus,
997 5153 1097 5206 sed
1129 5149 1890 5224 verius_judicat.Maralam

243 5220 308 5274 in
339 5219 556 5282 ﬁnibus
588 5219 847 5278 Zabulon
878 5219 1378 5284 exstitisse.tradit
1417 5224 1442 5277 .l
1468 5221 1724 5294 osephus
1754 5239 1894 5293 quo-

247 5307 362 5416 aue
395 5307 408 5346 :
444 5303 596 5353 certe
629 5296 700 5350 ab
730 5296 804 5350 iis
832 5312 944 5350 non
980 5298 1148 5366 longe
1188 5299 1332 5359 erat,
1385 5295 1553 5364 cujus
1601 5296 1890 5349 terminus

291 5363 470 5416 icitur
499 5367 835 5416 ascendisse
866 5383 1050 5416 versus
1078 5383 1231 5416 mare
1258 5374 1308 5416 et
1361 5367 1598 5416 Maraia.
1655 5365 1890 5416 Minime

291 5363 470 5418 icitur
499 5367 835 5424 ascendisse
866 5383 1050 5422 versus
1078 5363 1231 5420 fnare
1258 5374 1308 5421 et
1361 5367 1598 5420 Marala.
1655 5365 1890 5420 Minime

240 5448 381 5510 gero
406 5439 478 5510 ad
515 5455 675 5496 mare
706 5439 899 5510 ipsum
933 5454 994 5493 se
1050 5453 1238 5508 usque
1296 5438 1680 5510 protendebat
1733 5436 1889 5507 regio

223 5503 520 5574 Zahulond
606 5503 824 5581 alioqui
856 5510 1046 5565 tribus
1067 5503 1212 5564 Aser
1239 5503 1569 5564 et'dimidia
1624 5503 1889 5581 Mranas'se

247 5594 368 5639 non
399 5597 462 5654 se
493 5588 698 5638 mutuo
727 5580 1093 5654 attigissent,
1131 5581 1283 5654 quod
1339 5580 1888 5654 Josue_testimoni_o

240 5663 382 5726 xvii,
416 5653 508 5722 -ΙΘ,
541 5649 1258 5726 compertu'mzest._lgi:tur
1287 5651 1501 5726 Marala
1521 5649 1684 5726 locus
1717 5650 1891 5706 fuerit

233 5722 310 5781 ad
334 5723 482 5784 ﬁnes
503 5722 891 5785 occidentales
913 5722 1387 5783 “sortis’Zabulon
1413 5723 1619 5796 ;cnjns
1638 5739 1887 5782 ascensu

2076 4701 2386 4774 Memphis,
2419 4700 2620 4756 civitas
2666 4696 2915 4768 1Egypti,
2957 4696 3125 4766 cujus
3172 4696 3340 4762 Osee,
3397 4701 3454 4753 et
3506 4699 3646 4753 Eze-

2005 4865 2395 4935 Hieronymus
2425 4862 2651 4935 tribuit,
2687 4853 3276 4935 EusebiusManassi.

2073 4939 2093 4971 ³
2123 4939 2181 4991 In
2217 4929 2410 4990 mente
2442 4933 2609 4989 facile
2641 4931 2911 4986 habuerit
2935 4930 3321 5000 Hieronymus
3350 4929 3637 4985 Mathatia’a

2005 5015 2287 5080 posteros,
2318 5022 2567 5078 quorum
2602 5012 2760 5058 certa
2789 5001 3054 5073 sepulcra
3076 4999 3241 5056 erant
3297 4999 3356 5054 in
3415 5000 3634 5058 Modin.

2002 5081 2109 5135 Sed
2142 5094 2393 5146 quorum
2444 5076 2698 5146 reliquiae
2756 5073 3076 5146 Antiochia:
3136 5071 3634 5146 monstrabantur,

2002 5097 2109 5135 seu
2142 5097 2393 5150 quorum
2444 5097 2698 5146 reliqum:
2756 5097 3076 5128 ADLIUCUHU
3137 5097 3642 5137 muuuiruuuutur,

2001 5158 2224 5223 septem
2255 5153 2421 5205 erant
2447 5145 2892 5223 celebratissimi
2926 5147 3131 5223 fratres
3163 5142 3644 5223 Ma_cchaba:i.qui

2002 5214 2096 5276 alii
2131 5221 2299 5293 plane
2332 5225 2468 5274 sunt
2491 5236 2529 5293 Aa
2563 5217 2811 5293 posteris
2839 5214 3338 5293 Ma_t_hathi_za.lllos
3367 5231 3500 5293 vero
3515 5214 3637 5293 Kn-

2003 5285 2618 5369 tiocliiq:_martyrium_
2634 5288 2894 5369 subiisse
2926 5287 3089 5369 (licet
3111 5285 3405 5369 Jpsephus
3450 5290 3635 5369 4mm.

1999 5383 2099 5419 xu.
2134 5370 2188 5419 et
2219 5358 2435 5417 libello'
2471 5361 2541 5433 (le
2599 5358 2996 5433 Macchabajis,
3055 5359 3370 5433 Cedrenus,
3425 5358 3642 5433 aliique

2000 5437 2165 5507 pauci
2199 5436 2397 5488 dicant
2424 5430 2863 5507 Hierosolymis)
2878 5429 3307 5507 AMartyrologia
3322 5446 3389 5485 ac
3422 5429 3641 5488 veteres

2001 5502 2218 5579 passim
2250 5510 2517 5560 auctores
2563 5503 2821 5579 tradunt.
2857 5502 3122 5579 Sanctus
3171 5516 3402 5579 quoque
3441 5508 3640 5579 Augur

1997 5572 2188 5633 stinus
2219 5591 2474 5632 sermon.
2507 5579 2583 5627 De
2618 5572 3015 5640 Macchabmis,
3049 5572 3335 5643 templum
3367 5572 3640 5632 Antiochi

1995 5649 2114 5704 illis
2138 5649 2472 5704 dedicatum
2506 5648 2810 5699 memorat.

2066 5723 2086 5758 ⁶
2133 5717 2464 5796 Symmachi
2520 5714 3084 5791 interpretationem,
3137 5729 3266 5792 quae
3324 5715 3532 5780 eadem
3567 5727 3639 5786 ιο
