3992 6404
235 365 365 450 961,

315 505 572 579 Nepsam
602 505 662 563 in
694 507 853 565 tribu
879 508 1050 566 Juda.

315 595 629 662 Naarathr,
691 597 750 651 in
775 597 931 652 tribu
981 596 1282 669 Ephraimr
1312 600 1368 651 et
1398 613 1553 651 nunc
1604 599 1692 650 est
1748 595 1890 652 Ναο-

239 684 376 741 rath
433 683 637 741 villula
687 685 1046 754 Judzeorum,
1092 687 1149 739 in
1197 685 1399 756 quinto
1459 684 1730 740 milliario
1755 683 1898 739 Jeri-

323 790 414 829 118.

241 773 609 934 chllgliamheth,
643 862 704 917 in
736 861 894 917 tribu
927 863 1217 918 Manasse.

315 950 537 1020 Naalol,
571 952 630 1006 in
690 950 848 1006 tribu
896 951 1175 1018 Zabulon,
1210 950 1412 1007 civitas
1442 955 1707 1022 separata
1737 950 1896 1005 Levi-

244 1039 347 1095 tis.

274 1057 528 1197 1slileceb,
555 1129 614 1183 in
647 1128 802 1184 tribu
833 1128 1184 1200 Nephtalim.

716 1263 808 1318 DE
852 1263 1064 1318 LIBRO
1094 1262 1431 1318 JUDICUM.

265 1361 272 1366 ’
320 1360 514 1431 Neela,
547 1361 618 1416 de
648 1360 755 1416 hac
792 1360 1152 1433 alienigenas
1181 1359 1433 1416 Zebulon
1457 1378 1572 1415 non
1595 1361 1776 1415 valuit
1806 1378 1897 1416 ex-

1244 373 1346 434 DE
1389 369 1568 434 SITU
1610 370 1713 434 ET
1756 367 2032 435 ΝΟΜῙΝ.
2075 356 2240 431 LDC.
2287 364 2648 430 HEBRAIC.

1919 505 1977 571 A

3529 360 3654 430 962

2536 501 2630 556 DE
2676 499 2887 557 LIBRO
2919 496 3109 557 JESU.

2077 593 2290 664 Opher,
2324 592 2475 647 hanc
2501 592 2654 664 cepit
2680 594 2868 658 Jesus,
2902 607 3035 662 rege
3064 589 3222 645 illius
3253 589 3573 646 interfecto.

2079 681 2224 747 Ooli,
2259 681 2460 738 civitas
2491 681 2549 735 in
2578 681 2733 736 tribu
2759 682 2920 736 Aser.

2078 770 2293 841 Opbra,
2322 770 2416 824 via
2443 769 2659 841 Ophra,
2691 770 2911 825 ducens
2947 771 3017 824 ad
3059 773 3273 824 terram
3306 768 3463 826 Soal.

2007 862 2290 931 [lucusque
2314 875 2414 931 per
2438 862 2482 913 Ο
2542 860 2753 914 brevem
2813 859 3058 913 litteram
3101 860 3363 928 legimus:
3395 860 3527 914 exin.
3553 873 3654 930 per

2353 956 2633 1003 extensum
2675 956 2930 1016 legamus
2960 951 3304 1003 elementum.

2397 1064 2551 1121 258
2605 1065 2689 1118 DE
2729 1061 3264 1119 PENTATEUCHO.

2080 1175 2190 1241 On,
2223 1173 2364 1228 urbs
2399 1172 2458 1226 in
2489 1172 2752 1244 Egypto,
2789 1187 2915 1242 qua:
2947 1168 3264 1241 Heliopolis
3294 1169 3487 1224 Graace
3520 1168 3659 1224 dici-

2008 1267 2126 1331 tur,
2163 1264 2220 1317 id
2290 1267 2379 1318 est
2409 1261 2610 1316 civitas
2644 1260 2805 1331 solis,
2839 1277 3016 1332 quam
3065 1259 3498 1314 aediﬁcaverunt
3555 1257 3658 1312 lilii

2012 1351 2210 1419 Israel,
2261 1351 2414 1406 sicut
2460 1349 2842 1422 Septuaginta
2885 1348 3231 1419 interpretes
3265 1347 3648 1403 arbitrantur.

248 1448 486 1523 pellere.
517 1450 622 1505 Est
648 1449 935 1521 hodieque
965 1449 1024 1504 in
1057 1449 1291 1522 regione
1350 1450 1618 1505 Batanaea
1673 1449 1902 1506 viculus
2011 1439 2285 1513 Alioquin
2319 1440 2376 1494 in
2407 1438 2700 1494 Hebraicis
2732 1437 3129 1493 voluminibus
3157 1454 3272 1492 non
3303 1436 3571 1491 habetur.
3596 1439 3662 1490 Et

247 1539 489 1595 nomine
518 1538 696 1594 Neila.

322 1628 544 1698 Nabbe,
577 1627 697 1683 sive
753 1627 976 1694 Nobba,
1035 1627 1102 1682 ad
1141 1643 1319 1698 quam
1351 1629 1616 1683 ascendit
1645 1629 1903 1694 Gedeon,

2012 1535 2206 1586 recte:
2265 1528 2557 1600 siquidem
2625 1531 2942 1598 antequam
3004 1526 3184 1582 Jacob
3254 1525 3662 1597 ingrederetur

2014 1621 2350 1692 Egyptum,
2383 1621 2506 1672 erat
2532 1619 2826 1672 exstructa
2872 1617 2996 1686 jam
3030 1614 3255 1681 civitas,
3292 1630 3419 1685 quae
3451 1620 3507 1669 et
3561 1630 3660 1669 sa-

249 1716 397 1771 urbs
429 1715 832 1771 sacerdotibus
863 1718 1150 1787 separata,
1183 1732 1358 1786 quam
1403 1720 1606 1788 postea
1653 1717 1904 1790 legimus
2014 1708 2303 1764 cerdotem
2334 1705 2543 1760 habUit
2577 1706 2882 1770 Pctcrl‘em,
2911 1707 3137 1774 Patrem
3167 1701 3446 1758 Asencth.

246 1803 445 1861 Saulis
476 1804 668 1860 furore
690 1805 1056 1860 subversam.

2086 1797 2180 1868 Or,
2215 1812 2385 1850 mons
2425 1795 2483 1848 in
2516 1810 2629 1865 quo
2657 1797 2926 1849 mortuus
2976 1796 3064 1847 est
3120 1791 3520 1861 Aaron,juxta
3584 1790 3664 1845 ci-

323 1894 557 1960 Nemra,
583 1893 787 1948 civitas
810 1894 1001 1948 tribus
1033 1893 1238 1948 Ruben
1272 1894 1330 1948 in
1363 1899 1517 1950 terra
1557 1895 1771 1951 Galaad
1808 1914 1819 1951 :
1856 1900 1912 1952 et
1939 1877 1988 1942 Β
2017 1887 2253 1942 vitatem
2287 1886 2538 1952 Petram,
2575 1882 2674 1938 ubi
2728 1898 2915 1953 usque
2971 1881 3040 1936 ad
3102 1883 3450 1952 praesentem
3509 1879 3664 1934 diem

250 1998 444 2054 usque
482 1983 553 2037 ad
586 1998 840 2054 prensans
868 1981 1030 2037 vicus
1056 1982 1295 2055 grandis
1313 1983 1650 2052 Namara,in
1673 1985 1908 2057 regione
2019 1975 2349 2032 ostenditur
2377 1989 2574 2045 rupes:
2618 1989 2732 2044 qua
2773 1986 3071 2043 ρθτοιιεεει,
3121 1970 3310 2026 M0863
3351 1985 3534 2040 aquas
3565 1985 3665 2041 P0-

252 2072 548 2128 Batanaaa.

666 2161 758 2215 DE
798 2159 1201 2216 REGNORUM
1243 2161 1499 2217 LIBRIS.

327 2257 594 2327 Navioth,
656 2259 820 2313 locus
864 2257 923 2312 in
973 2259 1170 2326 Sama,
1225 2259 1324 2314 ubi
1384 2259 1535 2315 sedit
1587 2261 1765 2317 David
1815 2263 1913 2333 (et
1966 2253 1972 2255 Ἀ

257 2347 333 2403 de
379 2345 488 2402 hoc
549 2346 608 2401 in
659 2345 828 2402 libris
882 2347 1287 2404 Hebraz‘carum
1347 2350 1722 2416 Quaestionum
1771 2350 1913 2406 dixi-

271 2437 455 2508 mus.)

330 2525 591 2590 Nachon,
625 2541 757 2580 area
777 2524 1054 2580 Nachon:
1088 2543 1191 2597 pro
1225 2542 1338 2600 quo
1368 2525 1579 2598 Aquila
1628 2528 1910 2601 interpre-

254 2616 436 2680 tatur,
471 2631 605 2670 area
634 2617 979 2686 praeparata.

329 2703 618 2775 Nephath,
647 2702 849 2758 civitas
884 2703 1060 2760 unius
1091 2703 1421 2776 principum
1444 2704 1799 2762 Salomonis.

331 2790 581 2864 Nerigel,
677 2796 734 2846 et
819 2792 970 2848 hanc
1057 2797 1470 2850 exstruxerunt
1543 2794 1602 2849 in
1679 2795 1915 2869 regione

249 2880 459 2936 Judaea
500 2880 877 2948 Samaritani,
957 2881 1058 2952 qui
1091 2883 1161 2937 de
1216 2882 1536 2956 Babylonia
1591 2889 1733 2940 sunt
1781 2903 1912 2958 pro-

253 2969 414 3026 fecti.

325 3057 538 3128 Nezab,
591 3073 769 3128 quam
831 3059 1222 3115 condiderunt
1267 3061 1417 3116 Evasi
1476 3061 1532 3115 in
1594 3065 1751 3117 terra
1806 3063 1914 3118 Ju-

256 3147 404 3203 daea.

326 3236 634 3304 Nazareth,
668 3236 893 3293 idolum
930 3239 1325 3310 Assyriorum.

328 3325 480 3382 255
516 3325 833 3390 Nemerim,
866 3327 1037 3397 cujus
1070 3328 1335 3383 meminit
1369 3329 1550 3383 Isaias
1599 3329 1658 3384 in
1689 3330 1914 3386 visione

252 3420 460 3472 contra
486 3415 672 3483 Moab,
707 3418 764 3470 et
790 3415 1116 3472 Jeremias:
1160 3433 1315 3472 nunc
1365 3422 1561 3473 autem
1614 3423 1704 3474 est
1750 3420 1914 3476 vicus

250 3503 494 3559 nomine
525 3504 936 3560 Bennamarim
988 3505 1060 3561 ad
1111 3505 1626 3577 septentrionalem
1677 3507 1913 3581 plagam

250 3593 470 3649 Zoarae.

327 3681 613 3750 Nebeoth,
641 3682 800 3754 regio
830 3683 902 3739 de
927 3700 1046 3756 qua
1085 3683 1289 3739 scribit
1322 3683 1526 3740 Isaias.

794 3798 886 3853 DE
926 3799 1375 3856 EVANGELIIS.

327 3894 610 3951 Nazareth
644 3913 657 3950 :
694 3896 850 3952 unde
882 3900 939 3952 et
969 3897 1254 3953 Dominus
1287 3902 1487 3954 noster
1515 3903 1691 3970 atque
1721 3901 1915 3956 Salva-

251 3987 352 4040 tor
378 3983 686 4040 Nazaraaus
713 3990 959 4042 vocatus
989 3992 1080 4042 est
1105 4005 1116 4043 :
1152 3988 1251 4043 sed
1287 3993 1345 4042 et
1375 4004 1481 4042 nos
1513 3991 1667 4060 apud
1690 3995 1914 4046 veteres

253 4073 429 4144 quasi
477 4073 791 4145 opprobrio
837 4075 1094 4131 Nazaraei
1143 4077 1504 4144 dicebamur,
1559 4094 1705 4148 quos
1754 4096 1912 4134 nunc

253 4161 622 4219 Christianos
650 4169 877 4220 vocant.
913 4167 1012 4220 Est
1041 4170 1236 4221 autem
1262 4181 1452 4237 usque
1483 4166 1656 4220 hodie
1683 4167 1737 4220 in
1797 4168 1915 4222 Ga-

252 4249 414 4308 lilaza
466 4251 695 4308 viculus
744 4257 950 4309 contra
1002 4254 1335 4325 Legionem,
1388 4254 1448 4308 in
1474 4254 1912 4326 quintodecimo

256 4339 392 4410 ejus
421 4338 697 4396 milliario
719 4341 791 4396 ad
827 4341 1165 4398 orientalem
1195 4341 1429 4415 plagam
1452 4344 1624 4415 juxta
1653 4348 1912 4400 montem

255 4427 497 4484 Thabor
527 4430 762 4486 nomine
792 4431 1032 4487 Nazara.

253 4516 447 4584 Naim,
479 4519 852 4591 oppidulum,
887 4520 944 4575 in
980 4537 1094 4592 quo
1127 4520 1312 4577 lilium
1361 4523 1546 4578 vidua:
1578 4541 1612 4578 a
1663 4525 1913 4580 mortuis

250 4605 542 4664 Dominus
572 4608 960 4674 suscitavit,et
994 4627 1178 4681 usque
1207 4610 1378 4666 hodie
1404 4611 1466 4666 in
1500 4614 1754 4668 secundo
1790 4613 1919 4669 mil-
1946 4609 1994 4674 D
2027 4594 2262 4681 “Bimae
2297 4578 2518 4633 Bard“

251 4694 426 4751 liario
457 4695 692 4752 Thabor
729 4699 949 4755 montis
979 4699 1329 4769 ostenditur,
1365 4705 1564 4757 contra
1614 4703 1916 4758 meridiem

243 4785 424 4857 juxta
450 4785 685 4842 IEndor.

882 4896 970 4950 DE
1019 4895 1298 4952 GENESI.

331 5017 539 5086 Orech,
574 5018 779 5076 civitas
812 5020 976 5092 regni
1007 5020 1258 5077 Nemrod
1292 5022 1350 5076 in
1397 5021 1710 5094 Babylone.

330 5105 654 5180 Oolibama,
689 5108 891 5166 civitas
923 5110 1254 5182 principum
1296 5109 1496 5166 Edom.

332 5194 618 5266 Odollam,
654 5196 912 5254 diximus
942 5199 1014 5255 de
1045 5199 1154 5256 hoc
1186 5203 1243 5255 et
1271 5216 1470 5271 supra,
1507 5199 1680 5271 cujus
1711 5201 1917 5258 memi-

258 5283 353 5340 nit
380 5288 439 5340 et
467 5285 672 5343 Isaias.

934 5395 1024 5452 DE
1059 5395 1314 5453 EXODO.

333 5505 581 5577 Cothon,
625 5509 724 5564 ubi
748 5512 1004 5567 secundo
1029 5512 1133 5567 filii
1154 5513 1329 5569 Israel
1363 5514 1756 5569 castrametati
1779 5519 1919 5570 sunt

252 5596 623 5669 egredientes
655 5598 726 5654 de
755 5600 994 5657 Soccoth
1018 5603 1188 5672 juxta
1221 5603 1543 5670 desertum,
1579 5603 1814 5673 quando
1845 5605 1914 5660 de

249 5685 504 5759 Egypto
543 5687 783 5758 profecti
815 5693 973 5768 sunt.

2019 3293 2186 3362 ptum
2245 3291 2332 3343 est
2386 3301 2500 3340 aun

2019 2064 2156 2138 pulo
2187 2063 2365 2119 dedit.

2092 2153 2302 2219 Oboth,
2336 2152 2396 2206 in
2428 2153 2655 2206 deserto
2684 2153 2876 2206 castra
2902 2147 3156 2203 filiorum
3218 2147 3414 2203 Israel.

2262 2288 2349 2342 DE
2395 2285 2566 2342 JESU
2605 2285 2695 2340 ET
2727 2282 3121 2340 REGNORUM
3171 2281 3424 2338 LIBRIS.

2092 2396 2225 2465 Osa,
2261 2393 2320 2448 in
2350 2393 2507 2448 tribu
2538 2393 2698 2447 Aser.

2092 2485 2287 2554 Oram,
2320 2483 2380 2537 in
2411 2481 2566 2537 tribu
2601 2477 3000 2552 Nephthalim.

2093 2573 2292 2646 Ophir,
2327 2571 2481 2626 unde
2513 2570 2666 2625 sicut
2719 2569 2779 2623 in
2827 2568 3161 2640 Regnorum
3193 2564 3362 2620 libris
3388 2562 3663 2636 legimus,

2023 2680 2234 2720 aurum
2261 2662 2614 2717 alferebatur
2643 2657 2960 2715 Salomoni.
2995 2655 3128 2712 Fuit
3159 2659 3357 2710 autem
3415 2669 3570 2708 unus
3598 2651 3670 2708 de

2024 2751 2274 2826 posteris
2306 2751 2509 2821 Heber,
2544 2748 2779 2804 nomine
2811 2746 3012 2819 Ophir,
3056 2762 3126 2801 ex
3163 2745 3336 2815 cujus
3364 2743 3545 2814 stirpe
3573 2756 3670 2797 ve-

2024 2843 2251 2899 nientes
2310 2858 2344 2896 a
2400 2839 2572 2894 ﬂuvio
2649 2836 2938 2909 Cophene,
2998 2851 3186 2906 usque
3238 2833 3309 2888 ad
3368 2830 3666 2904 regionem

2023 2931 2222 3002 Indim,
2257 2947 2384 3002 quae
2412 2931 2651 2985 vocatur
2684 2925 2894 2992 Hieria,
2922 2924 3238 2993 habitasse,
3287 2921 3460 2978 refert
3503 2921 3669 2976 Jose—

2023 3021 2197 3096 phus,
2229 3037 2263 3075 a
2292 3036 2406 3090 quo
2437 3021 2579 3091 puto
2608 3021 2666 3072 et
2722 3015 3018 3088 regionem
3057 3010 3406 3069 vocabulum
3463 3025 3672 3066 conse-

2024 3129 2093 3168 cu
2105 3116 2243 3166 tam.

2095 3201 2200 3269 0n,
2234 3198 2438 3253 civitas
2468 3193 2764 3261 Samaria},
2796 3209 2898 3264 pro
2931 3208 3049 3263 qua
3079 3191 3137 3246 in
3195 3187 3474 3244 Hebraico
3523 3184 3664 3242 scri-

2580 3293 2646 3342 ἾΝ
2706 3281 2860 3354 quod
2918 3284 2976 3336 et
3031 3278 3242 3350 Aquila
3297 3281 3354 3332 et
3396 3277 3662 3349 Symma-

2022 3378 2169 3433 chus
2197 3376 2675 3448 interpretantur,
2716 3370 2960 3438 inutile;
3007 3367 3387 3435 Theodotion,
3444 3364 3665 3436 iniqui-

2023 3471 2220 3523 tatem.

2094 3553 2270 3622 Ocho,
2296 3552 2498 3608 civitas
2520 3548 2918 3607 sacerdotalis.

2094 3643 2390 3708 Oroniam,
2452 3641 2591 3697 urbs
2650 3637 3060 3719 Moabitarum,
3116 3636 3269 3692 sicut
3323 3635 3382 3690 in
3421 3633 3676 3691 Ieremia

2026 3733 2315 3806 scripturn
2346 3735 2458 3787 est.

2636 3845 2722 3900 DE
2785 3842 3062 3899 GENESI.

2098 3956 2310 4010 Puteus
2335 3951 2678 4024 jurameuti,
2714 3965 2887 4022 quem
2921 3947 3065 4004 fodit
3094 3947 3413 4018 Abraham,
3447 3946 3505 4001 id
3559 3950 3668 4017 est,

2025 4045 2328 4113 Bersabee,
2365 4043 2423 4097 in
2454 4040 2686 4112 regione
2717 4036 3055 4094 Geraritica.
3089 4035 3355 4092 Diximus
3390 4036 3462 4092 de
3485 4035 3595 4093 hoc
3620 4037 3679 4091 et

2027 4149 2224 4204 supra.

2096 4217 2602 4292 Puteusyisionis,
2634 4217 2693 4273 in
2725 4218 2976 4286 deserto,
3010 4217 3164 4289 apud
3213 4233 3390 4289 quem
3447 4216 3678 4273 habita-

2021 4311 2105 4366 vit
2136 4312 2317 4367 Isaac.

2094 4401 2310 4455 Puteus
2374 4397 2606 4470 judicii,
2702 4413 2889 4469 usque
2968 4397 3026 4451 in
3105 4400 3448 4468 praesentem
3518 4394 3675 4452 diem

2022 4491 2082 4545 in
2117 4489 2349 4561 regione
2378 4487 2716 4543 Geraritica.
2750 4486 3002 4543 Vocatur
3060 4489 3255 4540 autem
3314 4484 3468 4541 259
3525 4482 3663 4539 villa

2550 4577 2726 4648 (quod
2781 4576 2984 4631 Latine
3032 4574 3247 4630 dicitur
3279 4572 3674 4643 Puteusjudi-

2029 4668 2148 4737 cii).

2100 4760 2320 4812 Puteus
2347 4754 2688 4826 juramenti,
2721 4753 2820 4808 ubi
2845 4755 3192 4824 juraverunt
3229 4752 3390 4806 Isaac
3419 4752 3475 4804 et
3539 4749 3675 4804 Abi-

2031 4846 2276 4914 melech,
2309 4849 2660 4915 vocaturque
2690 4841 2968 4913 oppidum
3001 4841 3182 4896 Isaac.
3217 4840 3365 4895 Sunt
3395 4841 3590 4892 autem
3621 4841 3679 4892 et

2030 4935 2130 4992 alii
2160 4935 2356 5007 plures
2386 4933 2543 5006 putei
2575 4931 2635 4987 in
2663 4931 2882 4987 sanctis
2909 4928 3351 5002 Scripturis,qui
3383 4926 3674 4998 hodieque

2028 5025 2090 5081 in
2116 5023 2429 5081 Geraritica
2467 5021 2700 5094 regione
2728 5024 2785 5076 et
2798 5020 2968 5091 juxta
3009 5017 3352 5074 Ascalonem
3397 5015 3676 5072 demons-

2028 5119 2223 5170 trantu
2234 5132 2260 5168 r
2271 5155 2284 5171 .

2100 5205 2286 5273 Petra,
2319 5201 2522 5257 civitas
2542 5198 2763 5256 Arabiae
2795 5199 2854 5254 in
2885 5203 3040 5254 terra
3105 5197 3309 5265 Edom,
3352 5211 3478 5268 quae
3541 5210 3675 5267 cog-

2029 5293 2331 5350 nominata
2377 5294 2467 5345 est
2516 5287 2757 5358 Jectael,
2817 5291 2874 5343 et
2926 5304 2959 5341 a
3004 5285 3162 5358 Syris
3194 5286 3399 5340 Recem
3440 5283 3674 5340 dicitur.

2517 5493 2606 5548 DE
2640 5491 3182 5548 PENTATEUCHO.

2099 5601 2383 5670 Rooboth,
2444 5599 2647 5654 civitas
2696 5598 3090 5669 Assyriorum,
3138 5615 3316 5671 quam
3374 5595 3678 5653 azdificavit

2023 5696 2208 5752 Assur
2263 5689 2568 5764 egrediens
2621 5688 2693 5743 de
2740 5691 2890 5744 terra
2945 5692 3204 5747 Sennaar
3257 5691 3337 5760 (et
3410 5687 3483 5743 de
3567 5685 3674 5746 hac
