3992 6400
1636 361 1701 423 S.
1748 361 2063 427 EUSEBII
2105 363 2576 437 913080le.

3687 363 3831 436 ﬁ

404 492 466 551 in
495 492 664 551 libris
693 494 1085 552 Hebraicorm
1134 494 1515 565 Quaestionum
1536 495 1554 531 ¹
1612 493 1873 569 plenius";
1902 496 2047 553 dixi-
2075 499 2133 566 Α
2232 502 2411 575 Roob,
2443 504 2501 560 in
2532 505 2689 562 tribu
2712 506 2874 579 Aser,
2906 504 3117 565 civitas
3141 506 3423 582 separata
3448 503 3657 565 Levila.

404 586 589 657 mus).

398 764 603 835 Edom,
636 768 693 820 et
720 780 909 836 usque
940 764 1111 821 hodie
1160 769 1248 820 est
1296 764 1633 837 praesidium
1684 764 1744 821 in
1809 767 2045 839 regione

399 852 692 909 Gabalena
716 855 795 926 (et
824 853 986 910 vicus
1016 853 1257 927 grandis
1304 853 1404 927 qui
1436 855 1544 909 hoc
1586 856 1867 913 vocabulo
1899 873 2045 912 nun-

398 957 467 998 cu
474 946 610 1014 patu
620 943 667 1014 r)
682 984 693 999 .

466 1035 765 1103 Ramesse,
825 1033 967 1090 urbs
1023 1050 1199 1106 quam
1260 1034 1688 1089 aadiﬁcaverunt
1729 1034 1832 1089 filii
1868 1035 2040 1091 Israel

395 1120 457 1189 in
486 1120 771 1195 (Egypto:
803 1122 938 1180 olim
972 1128 1169 1178 autem
1198 1127 1255 1179 et
1300 1123 1572 1178 universa
1620 1123 1918 1195 provincia
1955 1125 2040 1181 sic

392 1209 728 1278 vocabatur,
758 1211 817 1271 in
839 1228 955 1290 qua
993 1211 1274 1269 habitavit
1300 1211 1475 1268 Jacob
1528 1228 1645 1269 una
1674 1229 1806 1269 cum
1839 1213 2040 1271 liberis

394 1314 539 1359 81118.

465 1390 645 1461 Roob,
704 1406 879 1461 quam
937 1390 1297 1448 transierunt
1351 1390 1763 1465 exploratores,
1817 1390 1916 1463 qui
1962 1391 2036 1448 ab

388 1477 533 1537 Jesu
563 1476 679 1534 ﬁlio
710 1479 903 1537 Nave'
933 1479 1098 1537 missi
1131 1485 1289 1546 sunt,
1323 1484 1381 1537 et
1409 1496 1596 1552 usque
1645 1479 1816 1536 hodie
1872 1480 2036 1536 vicus

390 1564 593 1633 Bebba
640 1566 701 1625 in
750 1572 959 1639 quarto
991 1560 1182 1640 lapide
1214 1568 1629 1641 ScythOpoleos
1663 1568 1747 1623 sic
1777 1572 2031 1639 vocatur,

386 1654 487 1727 qui
508 1658 568 1711 et
597 1655 811 1713 Levitis
841 1660 1147 1730 separatus
1176 1656 1305 1713 fuit.

456 1743 757 1819 Raphaca,
774 1744 833 1801 in
864 1745 1092 1803 deserto
1124 1744 1223 1803 ubi
1253 1744 1357 1801 filii
1399 1743 1577 1802 Israel
1628 1745 2031 1803 castrametati

383 1835 548 1897 sunt.

453 1920 789 1994 Baphidim,
821 1921 986 1979 locus
1014 1922 1075 1980 in
1107 1923 1334 1981 deserto
1356 1924 1527 1994 juxta
1557 1926 1813 1979 montem
1876 1923 2028 1978 Cho-

382 2008 506 2081 reh,
538 2008 599 2065 in
630 2027 744 2083 quo
774 2012 845 2067 de
876 2017 1039 2082 petra
1069 2014 1285 2068 [luxere
1316 2028 1498 2083 aquae,
1558 2011 2029 2083 cognominatus-

382 2114 496 2171 que
526 2104 616 2156 est
633 2100 897 2157 Tentatio
923 2117 936 2156 :
972 2100 1071 2157 ubi
1101 2104 1157 2157 et
1176 2102 1344 2158 Iesus
1367 2101 1646 2157 adversus
1675 2098 2024 2172 Amalecdi-

378 2186 556 2242 micat
583 2205 762 2263 prope
783 2190 1027 2246 Pbaran.

452 2282 705 2338 Rathma-
733 2279 813 2351 (in
843 2280 1116 2351 deserto),
1150 2281 1343 2335 castra
1371 2276 1624 2334 filiorum
1661 2276 1857 2334 Israel.

448 2373 734 2429 Remmon
775 2370 1008 2441 Phares,
1067 2369 1168 2425 ubi
1227 2368 1331 2424 ﬁlii
1389 2368 1566 2425 Israel
1623 2367 2019 2425 castrametati

377 2466 541 2518 sunt.

447 2551 647 2621 Bassa,
679 2553 872 2606 castra
897 2546 1151 2604 ﬁliorum
1182 2546 1379 2614 Israel;

446 2637 781 2708 Rammoth,
816 2638 877 2693 in
904 2636 1062 2694 tribu
1088 2637 1231 2707 Gad,
1274 2636 1481 2694 civitas
1526 2634 1904 2693 sacerdotalis
1961 2638 2025 2692 et

374 2727 755 2800 fugitivorum
786 2726 847 2781 in
878 2729 1033 2783 terra
1060 2724 1446 2782 Galaaditide.
1488 2724 1653 2779 Nunc
1683 2729 1877 2781 autem
1932 2728 2024 2780 est

374 2816 540 2872 vicus
567 2815 626 2871 in
658 2815 1053 2887 quinto-202
1121 2814 1345 2871 decimo
1406 2812 1675 2870 milliario
1735 2812 2023 2869 Philadel-

376 2904 531 2980 phiie
544 2909 750 2961 contra
774 2903 1066 2960 Orientem
1077 2904 1125 2961 ³σ.

447 2996 673 3066 Recem,
705 2994 826 3050 hac
854 3000 945 3051 est
972 2996 1141 3051 Petra
1163 2993 1363 3049 civit'is
1383 2991 1628 3063 Arabia,
1662 2991 1719 3047 in
1747 3008 1863 3063 qua
1891 3008 2021 3064 reg-

378 3085 538 3141 navit
575 3083 784 3141 Recem
801 3085 841 3153 ‘,
876 3100 1050 3156 quem
1082 3083 1500 3139 interfecerunt
1528 3080 1632 3136 lilii
1666 3079 1871 3137 Isaael.
1922 3080 2016 3136 Di-

377 3172 531 3231 citur
558 3172 684 3247 ipse
713 3189 813 3231 rex
840 3189 1075 3246 quoque
1103 3171 1358 3229 Madian.

894 3316 987 3375 DE
1030 3314 1246 3381 LIBRO
1281 3313 1450 3370 JESU
1465 3356 1477 3370 .

440 3442 748 3512 Remmon,
809 3441 869 3497 in
928 3440 1085 3497 tribu
1158 3440 1469 3509 Simeonis,
1522 3439 1608 3495 vel
1649 3439 1856 3494 Judze:
1906 3437 2017 3494 ho-

370 3531 582 3602 dieque
637 3536 729 3588 est
772 3529 936 3587 vicus
991 3530 1227 3586 nomine
1269 3530 1571 3600 Remmon,
1607 3529 1778 3600 juxta
1805 3526 2015 3582 Eliam

370 3625 577 3678 contra
604 3618 951 3693 Aquilonem
1008 3619 1068 3675 in
1128 3618 1335 3691 quinto
1385 3618 1612 3677 decimo
1644 3618 1773 3689 ejus
1801 3615 2017 3673 millia-

368 3725 476 3769 1'10.

440 3800 638 3875 Rogel,
688 3814 902 3856 nomen
930 3798 1108 3856 fontis
1135 3797 1196 3853 in
1225 3796 1381 3855 tribu
1411 3794 1737 3869 Benjamin.

440 3895 642 3962 Rama,
673 3890 733 3945 in
764 3889 923 3946 tribu
954 3888 1257 3960 Benjamin
1285 3887 1492 3943 civitas
1522 3886 1715 3943 Saulis
1745 3885 1805 3942 in
1855 3890 2016 3942 sexto

372 3979 646 4041 milliaria
678 3980 752 4036 ab
781 3978 929 4034 (Elia
955 3978 1027 4034 ad
1055 3975 1571 4050 septentrionalem
1618 3976 1851 4048 plagam
1882 3992 2016 4032 con-

371 4073 464 4126 tra
491 4068 711 4124 Bethel.
744 4066 1008 4123 Meminit
1035 4066 1214 4138 hujus
1249 4069 1305 4122 et
1332 4066 1642 4122 Jeremias.

445 4159 677 4229 Recem,
712 4157 768 4211 in
800 4156 954 4213 tribu
989 4154 1313 4228 Benjamin.

445 4248 748 4317 Remmon,
784 4249 947 4318 petra
975 4248 1277 4315 Remmon,
1304 4245 1361 4300 in
1394 4245 1549 4301 tribu
1573 4245 1876 4318 Symeonis
1898 4245 2019 4301 sive

372 4336 652 4403 Zabulon.

444 4423 733 4497 Rabboth,
793 4423 849 4480 in
908 4422 1064 4480 tribu
1096 4422 1398 4481 Issachar:
1460 4426 1547 4480 est
1604 4438 1790 4495 usque
1847 4422 2020 4478 hodie

372 4516 489 4581 alia
515 4515 652 4571 villa
683 4514 879 4573 Rebbo
910 4513 970 4570 in
1001 4512 1219 4568 ﬁnibus
1270 4510 1782 4584 Eleutheropoleos
1820 4511 1892 4566 ad
1925 4526 2019 4566 so-

375 4606 450 4665 lis
477 4609 690 4662 ortum.

449 4694 718 4765 Rethom,
743 4693 804 4750 in
829 4692 986 4751 tribu
1018 4693 1308 4748 Issachar.

449 4861 561 4916 'In
591 4858 748 4914 libris
802 4854 1193 4911 Hebraicarum
1248 4851 1647 4919 Quaestionum.
1697 4848 1839 4904 Vide
1885 4867 2020 4905 con-

376 4935 689 5004 sequenter
732 4928 1091 4992 Qumstiones
1119 4922 1432 4979 Hebraicas
1453 4921 1510 4975 in
1532 4920 1825 4976 Gcnesim.
1859 4921 2026 4977 Msa-

373 5021 528 5061 ἩΑΝ.

445 5077 468 5111 ³
497 5075 603 5143 Qui
629 5070 857 5143 ab_Jesu
885 5069 1001 5143 ﬁlio
1029 5068 1194 5123 Nave.
1219 5062 1526 5143 _M_e_m.orih
1560 5061 1761 5143 lapsus
1792 5062 1908 5143 h_ic_
1940 5063 2021 5119 vi,-

376 5134 580 5213 detuwr;
607 5141 718 5198 nisi
750 5134 1164 5213 iexscriptores
1219 5134 1408 5213 Latini
1448 5134 1750 5207 posuerint
1776 5135 1847 5190 ab
1875 5136 2021 5213 Iesu,

376 5208 481 5290 pro
512 5208 765 5290 ecquod
797 5215 905 5279 est,
937 5208 1063 5290 eum
1090 5211 1238 5290 Iesu.
1278 5208 1509 5290 Certum
1544 5223 1798 5290 namque
1838 5211 2026 5290 exstat

377 5278 570 5361 ΪίοὸοιξΔ
588 5278 768 5339 Num.
806 5278 1049 5361 xui,__22.
1082 5279 1327 5361 aditamn
1344 5279 1524 5361 fuisse
1554 5279 1627 5333 ab
1657 5278 1774 5334 illis
1822 5278 2023 5361 exple,

379 5354 821 5425 ratoribus,qni
858 5370 891 5410 a
917 5356 1074 5412 Mose
1104 5350 1266 5425 missi
1291 5349 1547 5425 fuerant,
1566 5366 1816 5421 quorum
1846 5349 2022 5406 etiam

375 5432 557 5487 Josue
586 5422 1200 5497 exploratorumunus
1222 5423 1349 5497 fuit.
1385 5422 1665 5497 libari“.

449 5529 518 5540 --
548 5490 907 5553 Emendandi
932 5512 1001 5551 ex
1026 5494 1274 5550 Eusebio
1305 5494 1472 5549 codd.
1496 5490 2025 5563 Hieronymiani,ut

380 5577 534 5628 recte
562 5567 853 5631 Victorius
879 5573 935 5623 et
966 5568 1228 5623 Martian.
1252 5566 1523 5636 judicent
1574 5563 2021 5635 legendumque,

379 5645 478 5727 qui
506 5658 655 5727 cuml
680 5640 823 5727 lese,
863 5637 933 5727 "oi
987 5637 1123 5727 μξτᾴξ
1184 5637 1383 5727 Ἰησοξιέ
1416 5642 1546 5707 Ipse
1571 5636 1751 5716 Josue
1775 5652 1927 5727 u‘n'gs
1957 5653 2025 5693 ex

381 5706 499 5775 illis
529 5706 997 5786 exploratoribus
1021 5710 1307 5783 fuit,quos
1328 5706 1516 5765 Moses
1549 5706 2021 5779 emiserat,Num;

2060 1872 2109 1937 B

2229 595 2430 663 Bama,
2464 593 2524 648 in
2555 594 2711 651 tribu
2735 601 2902 668 Asor,
2938 613 3125 669 usque
3155 596 3229 654 ad
3261 596 3557 654 civitatem
3603 593 3807 650 muni-

475 636 761 745 Rooboth,
812 675 953 731 urbs
1000 674 1115 731 alia
1163 676 1335 747 juxta
1382 675 1622 731 fluvium
1663 676 1761 731 ubi
1794 682 1918 733 erat
1947 693 2047 734 rex
2156 636 2641 754 maligna;

2225 772 2412 826 Rama
2441 771 2501 827 in
2531 772 2686 828 tribu
2716 773 3069 845 Nephtalim.

2154 857 2362 915 Idcirco
2421 860 2611 916 eadem
2674 865 2905 918 nomina
2954 863 3257 919 viculorum
3311 866 3574 921 tribubus
3631 866 3805 921 vatiu

2152 949 2523 1019 assignantur,
2557 953 2688 1021 quia
2723 967 2847 1006 cum
2899 952 3045 1023 apud
3072 969 3169 1008 nos
3198 969 3370 1007 unum
3397 969 3597 1010 nomen
3623 969 3800 1009 sona-

2150 1052 2210 1091 re
2230 1038 2546 1110 videantur,
2597 1042 2749 1112 apud
2778 1044 3032 1099 Hebraeos
3060 1042 3292 1097 diversis
3318 1044 3525 1115 scripta
3552 1045 3681 1098 sunt
3709 1044 3806 1098 ια-

2150 1128 2301 1181 teris.

2220 1215 2489 1285 Reccath,
2524 1216 2583 1271 in
2607 1218 2765 1273 tribu
2790 1218 3190 1292 Nephthalim.

2218 1304 2409 1360 Ruma
2446 1322 2572 1377 qua:
2600 1306 2829 1377 etAria,
2863 1306 2963 1363 ubi
2984 1308 3137 1363 sedit
3155 1306 3513 1378 Abimelech,
3546 1306 3702 1364 sicut
3728 1307 3793 1364 in

2145 1389 2293 1447 libro
2316 1392 2589 1448 Judicum
2617 1395 2716 1466 (1x,
2748 1395 2837 1466 41)
2869 1395 3153 1468 scriptum
3185 1400 3292 1467 est,
3338 1412 3465 1468 quis
3496 1412 3654 1452 nunc
3683 1413 3795 1471 ap-

2145 1478 2396 1552 pellatur
2429 1482 2730 1555 Remphis.
2764 1484 2861 1539 Est
2889 1488 3084 1540 autem
3114 1483 3175 1539 in
3204 1484 3425 1540 ﬁnibus
3452 1483 3797 1558 Diospoleos

2145 1572 2202 1623 et
2222 1584 2256 1624 a
2287 1568 2584 1644 plerisque
2611 1571 2965 1628 Arimathaea
2992 1589 3147 1628 nunc
3185 1572 3425 1631 dicitur.

2534 1769 2621 1823 DE
2682 1768 3079 1826 REGNORUM
3134 1769 3363 1826 LIBRIS
3376 1811 3388 1825 .

2209 1928 2540 1995 Remmath,
2566 1930 2637 1985 ad
2674 1946 2853 2001 quam
2883 1929 3063 1985 David
3089 1930 3293 2001 praedm
3324 1933 3550 2002 partem
3600 1930 3786 1987 misit.

2208 2017 2443 2087 Rachel,
2479 2022 2536 2073 et
2565 2018 2637 2074 ad
2669 2018 2821 2074 hanc
2851 2018 3027 2074 David
3058 2017 3381 2091 spoliorum
3418 2022 3640 2091 partem
3670 2020 3787 2076 mi-

2135 2106 2232 2163 sit.

2206 2194 2517 2251 Remmoth
2552 2195 2791 2268 Galaad,
2845 2194 2983 2251 villa
3035 2199 3198 2253 trans
3252 2193 3564 2252 Jordanem
3614 2195 3785 2269 juxta

2132 2284 2371 2340 ﬂuvium
2401 2285 2602 2340 Jaboc.
2640 2284 2904 2340 Diximus
2935 2284 3005 2340 de
3036 2283 3145 2343 hac
3174 2287 3229 2339 et
3258 2299 3455 2355 supra.

2204 2374 2357 2431 τοι
2394 2373 2683 2443 Rabboth,
2718 2373 2920 2429 civitas
2950 2373 3112 2444 regni
3145 2373 3415 2443 Ammon,
3457 2387 3614 2429 nunc
3641 2372 3782 2427 Phi-

2129 2461 2445 2535 ladelphia,
2478 2463 2648 2533 cujus
2678 2461 2946 2517 meminit
2967 2461 3275 2517 Jeremias.

2202 2551 2375 2619 Roos,
2406 2566 2586 2624 quam
2617 2551 2990 2623 pertransivit
3019 2550 3193 2606 David
3219 2566 3231 2605 :
3266 2566 3368 2623 pro
3393 2565 3508 2621 quo
3568 2547 3783 2620 Aquila

2128 2644 2183 2696 et
2203 2639 2591 2713 Symmachus
2621 2640 3097 2713 interpretantur,
3137 2656 3351 2699 arcem.

2202 2729 2503 2801 Rogellim,
2540 2729 2693 2784 unde
2723 2728 2835 2784 fuit
2862 2727 3137 2784 Berzellai
3175 2727 3503 2784 Galaadites
3526 2725 3774 2799 (amicus

2133 2819 2354 2889 David).

2202 2906 2507 2977 Raphaim,
2540 2905 2705 2962 vallis
2752 2904 3195 2978 Allophylorum
3238 2904 3310 2960 ad
3354 2902 3779 2976 septentriona-

2128 2994 2241 3051 lem
2275 2995 2505 3067 plagam
2526 2994 2876 3051 Jesusalem.

2202 3085 2526 3153 Remmam,
2581 3083 2783 3140 civitas
2869 3098 3072 3155 regum
3148 3081 3325 3154 Syriis
3347 3081 3517 3153 juxta
3544 3080 3781 3137 Damas-

2127 3190 2283 3230 cum.

2046 3244 2090 3311 (ἶ
2201 3264 2369 3335 Reth,
2396 3263 2547 3319 hanc
2568 3262 2859 3336 percussit
2887 3263 3003 3318 Asa
3032 3276 3151 3317 rex.

2198 3354 2467 3423 Rothem,
2500 3369 2606 3425 pro
2638 3368 2754 3422 quo
2784 3351 2999 3423 Aquila
3028 3350 3443 3424 interpretatur
3496 3344 3771 3424 ἄρκενθον,

2127 3443 2184 3499 id
2215 3447 2324 3513 est,
2349 3443 2691 3515 juniperum
2722 3458 2735 3496 :
2769 3439 3181 3514 Symmachus,
3213 3438 3644 3496 umbraculum.

2197 3533 2505 3603 Remmon,
2538 3532 2719 3604 hujus
2749 3530 3022 3587 meminit
3050 3528 3231 3586 Isaias
3251 3529 3311 3585 in
3334 3528 3553 3587 visione
3568 3530 3783 3591 contra

2125 3622 2314 3680 Moab.

2197 3711 2448 3783 Raseph,
2483 3710 2684 3767 civitas
2704 3708 2912 3782 Syriae.

2197 3799 2443 3873 Raphet,
2476 3800 2620 3855 urbs
2675 3799 3049 3871 Assyriorum
3081 3797 3142 3852 in
3201 3795 3434 3869 regione
3487 3795 3771 3865 Theman,

2126 3892 2198 3947 de
2223 3906 2341 3963 qua
2365 3889 2425 3943 in
2452 3888 2601 3945 Isaia
2630 3888 2928 3944 scribitur.

2197 3979 2395 4045 Rebla,
2453 3977 2514 4032 in
2572 3982 2727 4033 terra
2784 3975 3030 4032 Emath:
3085 3975 3242 4031 unde
3296 3974 3524 4046 (victor)
3551 3972 3783 4030 Pharas

2126 4067 2490 4141 (adductum)
2515 4065 2735 4121 Joaoha
2763 4063 3067 4121 transtulit
3092 4064 3176 4135 (in
3205 4063 3557 4137 Egyptum).

2198 4159 2465 4223 Remma,
2510 4172 2683 4211 mons
2716 4154 2777 4209 in
2802 4153 2988 4210 Isaia:
3022 4170 3126 4226 pro
3156 4169 3273 4226 quo
3328 4150 3546 4225 Aquila
3592 4150 3780 4207 inten-

2127 4250 2410 4320 pretatur,
2446 4261 2617 4301 mons
2642 4244 2931 4299 Emmona
2955 4261 2968 4313 ;
2994 4241 3382 4315 Symmachus
3401 4240 3463 4297 in
3483 4239 3783 4297 Armenia.

2126 4337 2229 4391 Est
2256 4340 2314 4391 et
2342 4334 2477 4391 villa
2507 4334 2787 4389 Remmus
2816 4331 2878 4388 in
2910 4334 3177 4389 Daroma.
3219 4331 3393 4388 Porro
3433 4330 3495 4386 in
3542 4330 3784 4403 Regno-

2128 4441 2260 4479 rum
2292 4422 2459 4480 libris
2491 4423 2818 4491 Remmam,
2854 4422 3069 4478 domus
3098 4420 3316 4477 dicitur
3339 4417 3480 4476 idoli
3534 4417 3783 4476 Damae.

2128 4529 2251 4569 cent
2262 4556 2276 4569 .

2048 4611 2095 4676 1)
2198 4601 2500 4669 Reblatha,
2535 4599 2695 4673 regio
2727 4598 3180 4671 Babyloniorum
3209 4568 3361 4669 (sive
3408 4596 3550 4654 urbs
3601 4611 3787 4669 quam

2131 4707 2289 4748 nunc
2320 4688 2688 4747 Antiochiam
2718 4691 2971 4758 vocant.)

2132 4870 2256 4913 xm.
2290 4854 2379 4905 22.

2202 4925 2223 4957 ³
2256 4921 2625 4978 Martianasus
2658 4922 2727 4975 ad
2753 4918 3262 4992 Hieronymianam
3289 4915 3594 4974 lectionem
3620 4916 3780 4992 exigi

2133 4994 2450 5050 Eusebium
2473 4993 2680 5064 jubet;
2714 4987 3289 5064 fallitur_vero,_nam
3316 5004 3348 5044 e
3382 4987 3673 5045 contrario
3699 4987 3784 5064 le:

2173 5067 2389 5122 emtum
2426 5059 2602 5136 atque
2632 5059 3181 5136 emendandum,’_in
3215 5059 3574 5136 Hieronqu
3591 5063 3684 5118 est
3706 5060 3783 5136 ad

2132 5084 2389 5195 genuum
2426 5084 2602 5136 atque
2632 5084 3091 5145 emenuanuum,
3124 5084 3181 5117 ΙΙ]
3220 5084 3684 5149 ηιυινυιιχωυκρδι
3706 5084 3780 5115 δια

2182 5137 2524 5193 usebiauum
2558 5134 2853 5208 exemplar
2872 5134 2941 5189 ad
2967 5133 3302 5208 Occidentem
3339 5130 3780 5208 _1tpOC___O_ucp.¢'c'

2131 5209 2403 5280 Alioquin
2436 5201 2749 5280 Rammoth
2772 5206 3309 5280 extraﬁnesterris
3339 5201 3666 5280 lsraeiiticie
3690 5217 3789 5258 ex-

2133 5274 2395 5349 stitisset,
2429 5295 2559 5405 qpaa
2588 5276 2741 5333 ultra
2772 5276 3233 5350 Philadelphiam
3263 5274 3784 5331 Orientemversua

2133 5368 2247 5405 non
2277 5353 2448 5405 tende
2493 5355 2642 5405 atur.

2131 5368 2247 5407 non
2277 5353 2642 5405 tendebatur.

2203 5423 2225 5457 ‘
2255 5423 2484 5494 Reginae
2511 5493 2519 5494 ί
2545 5438 2655 5475 ms.
2713 5420 2994 5494 Roqcam:
3044 5417 3481 5494 nosterhllocam
3526 5415 3763 5494 praefert

2132 5459 2631 5571 quemafdmodum
2662 5495 2719 5571 et
2734 5489 3009 5571 vulgares
3037 5488 3221 5571 graeci.
3248 5487 3385 5571 libri
3421 5459 3646 5571 'qu’dv;
3676 5459 3782 5543 sed

2130 5558 2330 5636 'i’oxop.
2359 5566 2575 5620 habent
2604 5558 3027 5636 castigationes.
3060 5560 3466 5636 Epiphanius,_
3481 5560 3551 5636 de
3596 5558 3783 5636 hatrev

2134 5637 2181 5693 si
2218 5625 2786 5709 Melchisedech‘ianf
2818 5629 2869 5709 of
2904 5625 3473 5709 p‘svxﬁ‘ipaﬁqﬂﬁ
3503 5627 3781 5703 Πετρᾳῖων

2132 5707 2331 5782 Ῥοκόμ
2356 5727 2416 5763 τε
2443 5706 2535 5763 καὶ
2563 5702 2751 5780 Ἐδὼμ
2780 5699 3111 5777 καλόυμὲνῂ.
3212 5699 3223 5709 “
3355 5699 3365 5705 ⁷
3612 5699 3622 5703 ⁷
3702 5736 3711 5739 -
