3992 6396
1180 380 1283 443 DE
1328 380 1508 444 SITU
1551 379 1653 443 ET
1698 372 1976 443 NOMIN.
2022 370 2192 442 LOC.
2239 376 2608 443 HEBRAIG.

3481 358 3619 439 ωδ

259 507 583 568 Ηεωειθίε
618 526 723 585 pro
754 527 869 586 quo
898 511 1107 586 Aquila
1156 512 1590 585 interpretatur,
1623 512 1840 570 exalta—
1869 527 1925 595 Α
1955 511 2291 579 Jeroboam,
2324 516 2390 568 ut
2435 512 2771 585 Regnorum
2817 512 3018 569 narrat
3069 507 3319 568 historia
3349 510 3452 582 (II!
3474 510 3608 584 Reg.

184 599 386 656 hitur:
423 601 713 673 scriptum
743 610 829 659 est
862 602 920 657 in
970 602 1247 658 Zacharia
1289 602 1428 674 (xxv,
1471 602 1582 673 40).
1617 604 1716 659 Est
1743 619 1843 659 au-

183 692 306 746 tem
337 694 396 745 et
427 688 582 745 alius
613 690 778 747 locus
809 692 869 746 in
918 690 1076 746 tribu
1127 691 1430 763 Benjamin
1472 693 1642 763 juxta
1671 692 1841 748 Beth-

184 777 363 847 leem,
395 778 467 835 de
525 794 639 850 quo
697 778 952 836 dicitur:
1014 782 1123 836 νοω
1180 783 1241 836 in
1296 785 1469 836 Roma
1520 782 1714 837 audita
1768 783 1846 837 est

184 866 404 943 (Matth.
445 884 506 937 ιι,
540 868 650 941 18).
696 868 785 939 (Et
843 870 915 925 de
974 868 1083 925 hoc
1135 870 1193 924 in
1254 868 1420 926 libris
1453 871 1843 926 IIebraicarum

188 956 571 1037 Qumstionum
596 956 829 1029 plenius
859 957 1123 1029 dicitur.)

260 1045 683 1113 Rhinocorura,
760 1046 966 1103 civitas
1023 1048 1274 1120 Egypti,
1346 1047 1517 1117 cujus
1576 1047 1847 1103 meminit

183 1134 392 1190 Isaias.
426 1133 775 1205 (Sciendum
797 1138 1016 1203 autem,
1066 1136 1220 1208 quod
1268 1136 1377 1192 hoc
1406 1136 1753 1192 vocabulum
1784 1136 1844 1191 in

1951 618 2054 672 xn,
2084 601 2200 672 25),
2234 605 2290 658 et
2319 602 2433 657 sita
2463 607 2553 658 est
2580 602 2641 658 in
2672 602 2893 659 ﬁnibus
2921 602 3112 658 tribus
3156 599 3457 674 Ephraim.
3489 600 3601 658 Sed

1953 695 2010 746 et
2038 689 2197 747 ﬁlius
2228 691 2465 746 Emmor
2494 690 2903 763 appellabatur
2929 690 3185 757 Sichem,
3219 707 3253 744 a
3282 705 3398 761 quo
3432 692 3495 746 et
3517 688 3606 747 lo-

1953 795 2059 835 cus
2090 796 2303 835 nomen
2335 784 2654 851 acceperat.
2692 780 2821 836 Fuit
2849 783 3044 836 autem
3073 782 3131 835 et
3159 777 3340 834 altera
3367 777 3600 835 Sichem

1952 862 2015 923 in
2045 872 2247 924 monte
2275 867 2574 940 Ephraim,
2608 868 2812 924 civitas
2845 867 3244 941 fugitivorum.

2029 955 2312 1023 Sennaar,
2345 957 2498 1013 unde
2528 957 2638 1012 fuit
2668 956 2948 1029 Ameria],
2983 956 3084 1029 qui
3130 956 3408 1013 adversus
3438 972 3606 1030 reges

1954 1047 2338 1101 Sodomorum
2368 1045 2591 1102 bellum
2622 1048 2819 1120 gessit.

2029 1134 2515 1202 Sodoma,civitas
2535 1134 2852 1209 impiorum
2869 1133 3066 1191 divino
3083 1135 3218 1209 igne
3235 1138 3605 1207 consumpta.

185 1222 361 1279 libris
388 1223 688 1280 Hebraicis
728 1241 845 1279 non
896 1224 1168 1291 habetur,
1216 1224 1318 1280 sed
1379 1242 1414 1280 a
1466 1225 1849 1299 Septuaginta
1948 1224 2117 1295 juxta
2150 1239 2311 1280 mare
2342 1227 2656 1281 Mortuum.

90 1299 99 1307 ’
183 1312 610 1384 Interpretibus
641 1316 878 1385 propter
904 1313 1173 1369 notitiam
1204 1313 1312 1369 loci
1345 1313 1614 1370 additum
1640 1316 1774 1388 est.)

186 1401 348 1458 266
377 1402 536 1472 Quod
565 1403 626 1457 in
656 1401 796 1457 libro
825 1404 1222 1459 Hebraicorum
1248 1403 1537 1458 nominum
1582 1402 1847 1475 diximus,

264 1490 364 1545 hoc
390 1492 557 1546 etiam
584 1506 734 1545 nunc
762 1492 824 1545 in
854 1490 891 1545 S
919 1490 1124 1548 litterae
1165 1491 1378 1547 videtur
1421 1493 1584 1548 titulo
1626 1507 1848 1564 praeno-

264 1578 534 1635 tandum:
567 1579 713 1651 apud
740 1579 985 1636 Hebraeos
1016 1582 1127 1636 tria
1155 1596 1267 1636 esse
1309 1582 1366 1651 S,
1420 1580 1518 1637 hoc
1546 1585 1622 1637 est
1648 1599 1845 1652 samec,

262 1668 417 1738 sude,
471 1671 523 1723 et
577 1670 687 1723 sin.
742 1669 877 1737 Quae
927 1686 1054 1724 cum
1095 1669 1243 1741 apud
1300 1669 1507 1725 Graecos
1549 1678 1600 1726 et
1626 1673 1850 1727 Latinas

263 1773 396 1813 sono
419 1757 597 1812 simili
620 1760 1002 1830 proferantur,
1030 1760 1091 1813 in
1119 1775 1222 1813 sua
1271 1759 1465 1830 lingua
1493 1760 1662 1815 aliter
1689 1768 1854 1831 atque

263 1846 431 1901 aliter
479 1849 757 1902 resonant.
811 1847 957 1904 Unde
1004 1848 1230 1913 accidit,
1273 1855 1334 1902 ut
1386 1847 1572 1903 eadem
1624 1849 1854 1904 nomina

263 1933 413 2006 apud
441 1949 539 1989 nos
571 1935 853 1990 diversum
883 1951 1080 1991 sonare
1100 1936 1422 2003 videantur,
1455 1944 1505 1991 et
1530 1937 1657 2008 plus
1683 1952 1850 2008 quam

262 2032 477 2081 caeteras
497 2024 702 2080 titterae
727 2025 848 2080 haec
874 2025 1093 2081 habeat.
1122 2026 1242 2080 Non
1288 2026 1437 2080 enim
1486 2041 1556 2080 ea:
1583 2042 1725 2092 una,
1756 2026 1849 2082 sed

264 2113 535 2169 extribus
564 2114 787 2184 litteris,
818 2112 936 2169 loca
964 2118 1016 2169 et
1044 2113 1206 2169 urbes
1234 2118 1286 2170 et
1332 2115 1505 2169 viculi
1532 2114 1848 2170 describun-

264 2205 379 2259 tur.

812 2291 915 2346 DE~
946 2291 1227 2348 GENESI.

269 2378 474 2448 Sidon,
514 2379 657 2435 urbs
699 2379 1003 2437 Phoenices
1051 2380 1324 2454 insignis,
1381 2380 1523 2437 olim
1562 2380 1850 2438 terminus

192 2468 659 2525 Chananaeorum
695 2470 766 2523 ad
812 2467 1161 2540 Aquilonem
1194 2468 1535 2541 respiciens,
1564 2474 1623 2524 et
1651 2474 1852 2542 postea

192 2556 458 2630 regionis
488 2557 722 2613 Judme.
784 2556 1004 2629 Cecidit
1061 2561 1257 2613 autem
1309 2558 1368 2613 in
1411 2562 1628 2614 sortem
1659 2559 1851 2615 tribus

192 2649 360 2715 Aser,
385 2646 627 2703 sed-non
649 2661 778 2702 eam
801 2647 1082 2719 possedit,
1101 2647 1240 2719 quia
1255 2646 1454 2703 hostes
1475 2663 1850 2720 nequaquam

192 2734 385 2793 valuit
412 2733 717 2807 expellere.

266 2824 548 2889 Sennaar,
597 2839 844 2896 campus
893 2823 1227 2896 Babylonis,
1272 2824 1334 2879 in
1383 2841 1499 2896 quo
1542 2825 1726 2881 turris
1755 2841 1853 2881 ex-

191 2916 420 2969 structa
449 2915 558 2968 est.
592 2910 755 2967 Unde
793 2928 1066 2984 egressus
1112 2914 1298 2968 Assur
1342 2914 1648 2970 aediﬁcavit
1676 2914 1850 2970 Nine-

189 3018 343 3059 vem.
377 2999 644 3057 Meminit
672 3001 852 3073 hujus
883 3000 995 3057 loci
1024 3001 1322 3074 Josephus
1362 3002 1421 3058 in
1466 3004 1659 3075 primo
1689 3003 1853 3059 Anti,-

192 3091 489 3165 quitatum
520 3089 692 3157 libro,
725 3090 809 3146 ita
862 3090 1160 3146 scribens:
1231 3110 1252 3141 α
1315 3093 1392 3147 De
1423 3108 1629 3165 campo
1660 3093 1761 3166 qui
1792 3094 1852 3149 in

193 3178 512 3253 Babylonia
531 3178 767 3252 regione
787 3183 1030 3235 vocatur
1045 3183 1324 3246 Sennaar,
1346 3185 1548 3236 narrat
1569 3180 1853 3238 Hestiaeus

2030 1312 2179 1368 261
2213 1312 2479 1385 Seboim,
2503 1322 2560 1368 et
2588 1313 2709 1368 hinc
2738 1312 2939 1368 civitas
2993 1311 3311 1385 impiorum
3352 1311 3412 1367 in
3443 1314 3615 1368 aster-

1958 1416 2065 1456 nos
2095 1401 2321 1457 cineres
2352 1401 2659 1470 dissoluta,
2701 1402 2873 1474 juxta
2917 1401 3123 1457 urbem
3166 1401 3464 1473 quondam
3496 1400 3601 1457 So-

1959 1489 2217 1545 domum.

2032 1578 2309 1649 Sophera,
2343 1578 2787 1649 mons’orientis
2809 1580 2868 1634 in
2893 1578 3265 1650 India,juxta
3293 1593 3473 1650 quem
3502 1577 3613 1635 hac

1961 1666 2296 1723 bitaverunt
2326 1667 2431 1722 filii
2462 1669 2687 1737 Jectan,
2722 1667 2826 1723 ﬁlii
2871 1668 3079 1723 Heber.
3126 1670 3281 1734 Quos
3319 1666 3614 1738 Josephus

1963 1755 2142 1811 refert
2170 1773 2205 1811 a
2233 1756 2501 1829 Cophene
2522 1757 2765 1812 ﬂumine
2788 1761 2847 1812 et
2866 1755 3043 1811 Indiae
3067 1754 3405 1828 regionibus
3426 1770 3617 1827 usque

1966 1845 2039 1899 ad
2074 1844 2132 1899 id
2161 1844 2421 1901 locorum
2442 1846 2797 1918 pervenisse,
2825 1845 2924 1900 ubi
2946 1844 3277 1917 appellatur
3294 1843 3455 1917 regio
3484 1839 3617 1900 Hie-

1961 1931 2086 1988 ria:
2122 1935 2221 1990 sed
2256 1940 2314 1990 et
2347 1935 2551 1991 classis
2599 1935 2931 1992 Salomonis
2978 1950 3081 2006 per
3124 1933 3449 1989 triennium
3477 1931 3616 1990 hinc

1961 2023 2228 2093 quaedam
2260 2024 2613 2080 commercia
2639 2024 3006 2096 deportabat.

2030 2110 2230 2183 Soora,
2265 2113 2406 2169 urbs
2429 2114 2601 2184 juxta
2630 2113 2969 2179 Sodomam,
3030 2128 3159 2184 quas
3217 2114 3276 2167 et
3330 2110 3521 2184 Segur
3559 2113 3619 2166 et

1958 2200 2140 2256 Zoara
2168 2201 2262 2273 (de
2290 2217 2411 2273 qua
2439 2206 2497 2257 et
2521 2219 2703 2275 supra
2732 2200 3033 2272 diximus).

2031 2290 2196 2361 Save,
2230 2289 2433 2346 civitas
2463 2282 2706 2363 antiqua
2734 2290 2793 2345 in
2825 2306 2943 2363 qua
2967 2288 3374 2345 habitaverunt
3398 2291 3615 2344 Amor-

1960 2377 2121 2446 rhesi,
2153 2394 2299 2453 gens
2326 2379 2539 2449 valida,
2572 2396 2752 2452 super
2778 2379 3078 2452 regionem
3110 2377 3398 2447 Sodoma),
3431 2382 3611 2448 quam

1958 2466 2175 2522 excidit
2194 2467 2678 2541 Cbodologomor.

2033 2556 2179 2623 Seir,
2212 2574 2383 2615 mons
2410 2557 2470 2613 in
2512 2562 2669 2614 terra
2690 2557 2897 2623 Edom,
2920 2556 2980 2611 in
3007 2571 3125 2628 qua
3145 2553 3431 2611 habitavit
3454 2553 3608 2610 Esau

1961 2644 2021 2699 in
2051 2646 2287 2719 regione
2316 2647 2642 2704 Gebalena:
2677 2663 2804 2719 quas
2835 2663 2898 2702 ex
2927 2662 2994 2701 eo
3015 2645 3175 2717 quod
3203 2644 3355 2700 Esau
3387 2642 3611 2716 pilosus

1961 2739 2116 2790 esset
2144 2740 2202 2791 et
2230 2736 2523 2809 hispidus,
2551 2736 2695 2808 Seir,
2719 2736 2777 2791 id
2802 2740 2909 2803 est,
2935 2734 3105 2808 pilosi
3129 2749 3342 2789 nomen
3373 2730 3608 2804 accipit.

1961 2827 2025 2877 In
2057 2825 2275 2895 quibus
2304 2825 2449 2882 locis
2501 2830 2674 2882 antea
2730 2823 3016 2881 habitavit
3070 2823 3398 2889 Chorrazus,
3432 2837 3608 2893 quem

1962 2911 2254 2969 interfecit
2300 2914 2785 2987 Cbodologomor.
2842 2912 3109 2970 Meminit
3156 2911 3376 2967 montis
3404 2911 3531 2967 Seir
3557 2914 3613 2967 et

1964 3001 2148 3059 Isaias
2178 3002 2235 3057 in
2265 3003 2488 3060 visione
2518 3005 2807 3060 Idumaeas.

2035 3090 2249 3162 Salem,
2283 3092 2486 3148 civitas
2517 3092 2892 3162 Sicimorum,
2925 3106 3052 3162 quas
3081 3092 3171 3145 est
3200 3087 3475 3155 Sichem;
3507 3087 3611 3142 sed

1962 3182 2021 3235 et
2050 3178 2164 3235 alia
2193 3179 2333 3237 villa
2363 3180 2698 3236 ostenditur
2724 3195 2915 3252 usque
2962 3179 3020 3233 in
3078 3179 3427 3249 praesentem
3457 3175 3615 3231 diem

193 3268 535 3332 historicus,
567 3268 805 3325 dicens:
839 3268 1090 3333 Quidam
1118 3268 1489 3325 sacerdotum
1517 3270 1748 3342 profugi
1779 3271 1851 3326 de
1881 3271 1925 3339 (ζ’,
1962 3267 2153 3338 (juxta
2180 3268 2385 3324 Eliam
2417 3273 2622 3325 contra
2650 3266 3067 3325 occidentalem
3098 3264 3333 3339 plagam
3377 3264 3488 3321 hoc
3518 3280 3617 3321 no-

194 3357 417 3432 templo
445 3356 670 3431 Enyalii
690 3358 714 3392 ²
739 3356 899 3414 Jovis
928 3374 1095 3414 sacra
1124 3357 1442 3431 rapientes,
1475 3360 1534 3413 in
1591 3359 1854 3415 Sennaar

195 3464 476 3521 campum
508 3445 838 3521 Babyloniae
868 3436 1200 3519 pervenere.
1237 3468 1261 3498 ι

269 3536 511 3593 εἰοὴθω
533 3539 600 3591 et
621 3535 837 3604 Salem,
869 3552 999 3607 quas
1047 3536 1275 3607 (Latine
1303 3539 1361 3591 et
1389 3535 1603 3608 Graece)
1636 3537 1853 3594 Sicima

188 3628 399 3683 vocata
427 3628 537 3694 est,
570 3623 776 3681 civitas
801 3624 1005 3695 Jacob,
1038 3641 1197 3680 nunc
1226 3625 1479 3681 deserta.
1513 3625 1854 3683 Ostenditur

190 3718 392 3771 autem
422 3712 588 3770 locus
616 3713 677 3769 in
707 3713 1066 3770 suburbanis
1112 3712 1437 3786 Neapoleos
1458 3715 1629 3786 juxta
1658 3716 1850 3789 sepul-

188 3820 358 3860 crum
385 3801 644 3874 Joseph;
677 3818 855 3874 quam
889 3802 1176 3859 subvertit
1221 3802 1544 3869 Abimelec,
1576 3809 1634 3859 et
1673 3806 1847 3862 semi-

186 3892 352 3949 navit
378 3892 440 3947 in
469 3907 539 3947 ea
569 3887 777 3960 salem,
811 3892 965 3947 sicut
994 3892 1054 3946 in
1091 3890 1240 3947 libro
1269 3891 1549 3947 Judicum
1592 3894 1735 3966 (cap.
1766 3911 1845 3962 ιχ,

182 3997 329 4040 vers;
362 3981 451 4053 45)
481 3977 767 4053 scriptum
798 3984 908 4037 est.
940 3981 1153 4037 Postea
1178 3994 1314 4036 vero
1344 3979 1676 4037 instaurata
1705 3986 1794 4039 est
1814 4000 1849 4038 a

263 4157 279 4191 ¹
309 4156 562 4223 Ramale,
595 4159 708 4211 etc.
745 4155 889 4212 Puto
920 4157 1074 4215 hanc
1100 4172 1303 4212 vocem
1335 4173 1366 4211 θ
1396 4156 1594 4212 Graeca
1626 4153 1844 4214 Ῥαϐεδὲ

186 4234 514 4301 sumptam,
548 4228 923 4301 depravatam
954 4228 1139 4284 fuisse
1164 4229 1238 4283 ab
1260 4229 1717 4301 exscriptoribus
1742 4233 1844 4289 La-

182 4298 351 4369 tinis,
383 4298 639 4425 quipro
696 4299 967 4367 Ramade,
1026 4304 1350 4371 posuerunt
1406 4298 1672 4369 Ramale;
1706 4320 1841 4359 nam

186 4371 345 4425 anud
378 4371 521 4425 LXX
575 4370 805 4425 egimus
836 4370 1007 4425 Ῥαιιά
1054 4366 1130 4425 δὲ.
1180 4371 1336 4425 quod
1385 4373 1671 4425 Eusebius
1702 4391 1841 4425 con-

186 4366 521 4447 ﬂandi-lxii
535 4366 805 4447 legimus
836 4366 1007 4447 Ῥαμὰ
1027 4366 1130 4447 "et,
1180 4371 1336 4447 quod
1385 4366 1671 4428 Eusebius
1702 4391 1842 4431 con-

176 4438 445 4517 junctim
478 4438 880 4517 [Ortalegebat
912 4438 1163 4517 Ῥςίιμισιέἓὲζ
1195 4438 1480 4517 Maurus.

259 4513 515 4589 —_Ni_hil
538 4513 788 4589 dubium
810 4514 962 4570 hanc
983 4530 1111 4589 esse
1134 4514 1403 4589 ﬂamma,
1422 4516 1492 4571 de
1513 4531 1630 4589 qua
1652 4516 1840 4589 loqui-

183 4588 285 4661 ως
311 4585 624 4661 Zatzharias
672 4601 802 4658 cap.
836 4602 973 4661 xlv,
1019 4586 1109 4661 {9.
1152 4585 1372 4661 Graeca
1398 4585 1623 4661 nomini
1670 4585 1840 4661 Ῥᾶμὰ

1963 3357 2160 3425 mine;
2206 3358 2267 3413 in
2314 3362 2515 3414 octavo
2564 3374 2799 3431 quoque
2846 3356 3041 3429 lapide
3088 3372 3123 3411 a
3168 3352 3504 3427 Scythopoli
3550 3354 3613 3409 in

1961 3462 2168 3518 campo
2197 3447 2363 3503 vicus
2392 3446 2687 3504 Salumias
2744 3445 3104 3519 appellatur:
3157 3442 3453 3516 Josephus
3481 3458 3616 3500 vere

1961 3535 2155 3592 Salem
2201 3552 2332 3593 esse
2387 3537 2646 3593 affirmat
2702 3536 2938 3609 (Antiqq.
3001 3534 3101 3591 lib.
3151 3551 3190 3605 ι,
3249 3548 3369 3605 cap.
3409 3532 3522 3604 41),
3554 3532 3615 3589 in

1959 3641 2079 3697 qua
2119 3626 2384 3699 regnavit
2437 3625 2840 3696 Melohisedec,
2899 3640 3027 3698 quae
3083 3626 3286 3695 postea
3340 3622 3497 3678 dicta
3522 3625 3617 3678 est

1960 3712 2303 3787 Solyma,,’et
2331 3716 2404 3772 ad
2437 3721 2783 3787 extremum,
2815 3712 3228 3784 Hierosolymis
3273 3725 3489 3769 nomen
3515 3725 3613 3767 ace

1957 3804 2156 3876 cepit.)

2029 3892 2203 3961 Sur3,
2236 3893 2337 3948 ubi
2367 3891 2589 3949 invenit
2646 3891 2887 3966 angelus
2935 3888 3209 3947 ancillam
3253 3891 3407 3945 Sam
3434 3889 3610 3962 Agar,

1958 3979 2114 4037 inter
2143 3981 2328 4037 Gades
2358 3986 2415 4037 et
2443 3982 2652 4038 Barad.
2684 3980 3028 4037 Extenditur
3077 3981 3275 4035 autem
3314 3977 3613 4034 desertum

1955 4158 2099 4232 Quis
2130 4158 2207 4214 sit
2237 4158 2420 4230 igitur
2450 4161 2735 4217 conﬁctas
2760 4160 2858 4217 ille
2874 4160 3107 4232 Jupiter
3130 4158 3425 4232 Gemolius,
3454 4173 3613 4232 pror-

1954 4248 2072 4306 sus
2090 4229 2296 4303 ignoro
2324 4233 2468 4306 :_sed
2504 4233 2574 4289 de
2603 4233 2742 4306 .iove
2767 4229 3002 4306 Enyalio
3022 4231 3277 4306 plurima
3306 4229 3421 4306 legi
3452 4229 3609 4306 apud

1955 4298 2211 4376 Optimos
2232 4302 2577 4376 scriptores.
2613 4298 2874 4361 Primum
2902 4298 3117 4360 nomen
3144 4298 3446 4376 ΑἘνυάλῖος
3468 4298 3609 4376 Παν-

1952 4373 2063 4430 lem
2091 4373 2405 4448 signiﬁcat,
2441 4381 2499 4431 et
2528 4393 2631 4448 pro
2662 4378 2829 4441 Marte
2858 4391 2960 4433 seu
2990 4376 3097 4432 Deo
3137 4373 3613 4448 bellieo__sumitur

1953 4390 2063 4430 tem
2092 4390 2405 4501 sngmncat,
2441 4390 2499 4431 et
2528 4393 2631 4448 pro
2662 4390 2829 4441 marte
2858 4391 2960 4433 seu
2990 4390 3097 4432 ueo
3137 4390 3326 4433 oeuwo
3356 4390 3608 4439 sumitur

1953 4445 2160 4530 apud“
2192 4462 2377 4530 neces
2425 4454 2712 4530 auctores.
2755 4448 3165 4530 “Dis‘tinguitur
3220 4444 3608 4530 nihilominus

1951 4511 2218 4592 Enyalios
2248 4524 2502 4592 ayarle
2550 4521 2705 4592 apud
2753 4519 2928 4592 Soph.
2962 4511 3278 4592 ‘inAAjace,
3330 4514 3372 4592 ᾖ
3401 4511 3611 4592 χαλκοῖ

1957 4585 2095 4657 eaea
2126 4588 2161 4655 ἢ
2196 4585 2466 4655 ἐνυάλιος,
2499 4585 2605 4647 νθΓ
2628 4585 3008 4659 Calcotliorax,
3058 4585 3272 4659 id'est,
3322 4585 3483 4659 Mars,
3512 4586 3607 4659 vel
3678 4646 3687 4651 ,

182 4646 592 4734 subsequitur,
624 4646 804 4734 penes
836 4646 994 4734 LX_X,
1014 4652 1089 4734 6%
1128 4656 1416 4734 particula
1444 4660 1675 4734 :_fitque
1706 4646 1847 4734 adeo
1879 4646 1927 4711 D
1956 4646 2557 4734 Enyalios._Sim_iliter
2583 4646 2739 4734 apud
2761 4646 2771 4648 ⁷
2794 4646 3091 4734 Plutarch.
3126 4660 3187 4734 in
3216 4646 3383 4734 Horn.
3417 4646 3606 4734 Quiri-

179 4728 492 4804 probabile
522 4728 882 4804 Martianaio,
918 4728 1133 4804 lectum
1172 4728 1267 4804 _ab
1320 4728 1844 4804 Eusebio'conjun-

180 4794 325 4859 Etim
354 4794 611 4871 Ῥαμαδέ.
643 4794 878 4859 Hieron;
913 4800 972 4855 in
1006 4816 1141 4856 eum
1172 4798 1388 4871 locum,
1420 4801 1632 4857 Rhama
1660 4794 1845 4859 autem

179 4888 245 4933 ιη
275 4873 387 4933 loco
415 4870 512 4929 suo
559 4872 937 4945 permanebit:
986 4872 1205 4937 melius,
1257 4870 1468 4942 inquit,
1513 4875 1843 4945 interpreta-

181 4951 271 5015 tus
300 4952 382 4999 est
410 4944 633 5015 Aquila,
664 4947 716 5003 et
744 4945 926 5015 creteri
954 4944 1051 5015 qui
1090 4949 1422 5014 posuerunt,
1454 4944 1843 5009 excitabitur;

177 5013 403 5087 Bhama,
429 5013 631 5087 quippe
659 5014 930 5071 exaltatio
960 5013 1185 5069 dicitur.

253 5086 380 5159 ’δρα
407 5085 614 5159 templo
642 5087 889 5159 Enyalii,
923 5090 1034 5159 etc.
1068 5087 1191 5151 Quo
1221 5088 1458 5159 auctore
1486 5085 1717 5159 Jupiter
1745 5091 1842 5145 Ge-

175 5157 397 5221 maliua
414 5158 501 5213 vel
520 5156 818 5221 ‘Gemelius
847 5157 908 5212 in
941 5156 1360 5230 Hieronymum
1394 5156 1714 5230 irrepserit,
1753 5160 1840 5215 di-

176 5243 312 5301 cere
343 5230 624 5301 erubesco
649 5245 885 5301 tneque
934 5244 1066 5284 vero
1124 5227 1546 5301 exscriptorum
1578 5235 1838 5287 veterum

177 5300 568 5374 supinitatem
596 5299 1101 5374 vellignorantiam
1125 5299 1220 5354 hic
1242 5299 1841 5374 coarguendampati-

174 5370 281 5439 tur
308 5372 478 5444 testis
508 5370 902 5440 conscientia;
934 5370 1072 5444 quia
1120 5388 1266 5426 mss.
1317 5370 1549 5444 codices
1587 5370 1842 5430 retinent

170 5458 377 5503 veram
408 5442 718 5515 lectionem
751 5442 999 5515 Enyalii,
1033 5442 1169 5498 licet
1197 5459 1329 5497 cum
1362 5442 1471 5499 hoc
1498 5443 1838 5503 discrimine

172 5530 394 5587 nomen
448 5514 679 5587 innillis
731 5514 904 5587 fuerit
952 5515 1260 5587 scriptum,
1312 5515 1489 5587 anial,
1531 5517 1748 5583 enz’alii,
1783 5523 1840 5572 et

170 5586 491 5660 ENYALll.
524 5585 718 5660 Unum
775 5603 821 5649 e,
850 5586 1046 5660 Regiis
1075 5585 1535 5660 exemplaribus
1565 5593 1836 5644 neutram

169 5658 376 5732 posuit
403 5657 721 5732 dictionem
749 5674 763 5727 ;
798 5659 898 5732 sed
922 5656 1031 5714 Hoc
1053 5656 1555 5732 modolectionem
1589 5661 1838 5715 mutavit

169 5729 241 5789 ac
275 5745 560 5790 sensum:
592 5729 661 5787 de
691 5731 891 5804 templo
928 5731 1145 5789 Veneris
1188 5729 1291 5785 alii
1327 5730 1473 5787 lovis
1502 5746 1686 5802 sacra,
1721 5736 1832 5790 etc.

1956 4724 2070 4787 nus
2102 4748 2135 4787 a
2156 4730 2512 4803 quibusdam
2535 4724 2729 4789 dictus
2756 4734 2939 4790 fertur
2959 4732 2986 4785 ὁ
3009 4724 3312 4789 Ἐνυάλιος.
3335 4729 3604 4803 Secundo

1955 4797 2464 4900 apud‘J'ose‘php‘m
2498 4803 2600 4900 l’i'b.
2634 4804 2916 4900 rmAntiq'q.
2951 4819 3077 4874 cap.
3110 4797 3604 4900 53.119222:

1955 4866 2240 4957 scriptum
2272 4866 2486 4946 legitur
2512 4872 2783 4936 Ἐνυέλιος
2808 4866 2914 4943 {in
2938 4866 3049 4930 ms’.
3074 4872 3270 4929 codice
3293 4870 3471 4953 Regio
3495 4866 3605 4926 Eu-

1954 4946 2102 5019 sebii
2132 4942 2424 5019 ἐγνυὲλιος,
2459 4963 2592 5019 cum
2626 4946 2843 5019 duplici
2893 4966 2918 4999 ν
2950 4951 3029 5019 et
3060 4963 3084 4997 ε
3121 4945 3181 5019 in
3213 4943 3406 5019 medio
3437 4958 3606 5019 preat

1954 5018 2109 5089 quod
2142 5017 2530 5091 Hieronymus
2561 5011 2810 5091 legebat,
2844 5017 3112 5091 utpfidem
3145 5011 3606 5091 faciuntcmnia

1951 5083 2310 5172 exemplaria
2338 5083 2396 5144 ς.
2429 5083 2714 5172 Βορῐοῆβ,
2744 5083 2804 5146 in
2833 5089 3196 5172 quibuses‘t.
3217 5083 3605 5172 eayalii.non

1950 5154 2179 5232 enyelii.
2215 5162 2403 5225 Quare
2433 5168 2628 5218 autem
2659 5154 2718 5217 in
2751 5154 2922 5218 antea
2941 5158 3113 5217 editis
3138 5154 3305 5232 libris
3328 5154 3609 5227 legamus.

1949 5227 2191 5288 Ge'malii
2223 5248 2325 5304 pro
2371 5234 2615 5304 Enyalii,
2673 5251 2789 5289 non
2849 5232 3024 5289 aliam
3083 5227 3328 5304 coniicio
3357 5243 3598 5304 causam

1951 5310 2159 5385 praeter
2176 5299 2517 5427 .tﬁologia'm
2541 5304 2874 5387 Hieronymi
2899 5304 3177 5359 adversus
3194 5299 3594 5384 Jovinianum,

1951 5392 2010 5427 1n
2043 5391 2159 5427 uua
2189 5374 2227 5427 Ιι
2279 5415 2290 5427 .
2326 5391 2345 5427 1
2375 5377 2662 5427 Gametzus
2718 5379 2934 5427 Jumter
2962 5380 3018 5427 et
3068 5372 3381 5427 Genethltus
3408 5387 3594 5427 nomi-

1951 5372 2010 5429 in
2043 5391 2159 5445 qua
2182 5372 2290 5447 lib.
2326 5391 2345 5428 1
2366 5372 2662 5432 wGamelias
2718 5372 2934 5447 Jupiter
2962 5380 3018 5430 et
3068 5372 3381 5447 Genetlilius
3408 5372 3595 5447 nomi-

1950 5442 2145 5519 natur.
2180 5445 2468 5519 Putarunt
2518 5448 2714 5519 itaque
2761 5442 3078 5519 Erasm.ret
3115 5443 3356 5501 Marian.
3390 5442 3592 5519 eodem

1951 5518 2122 5572 modo
2153 5534 2385 5589 semper
2412 5513 2721 5589 legendum
2767 5519 2917 5589 apud
2970 5518 3410 5589 Hieronymu_m.
3447 5513 3599 5589 Hinc

1949 5588 2246 5661 Gamelius,
2284 5586 2410 5644 'sive
2466 5586 2738 5646 Gemelius
2793 5586 2903 5648 hoc
2960 5591 3107 5653 loco,
3166 5586 3270 5661 pro
3301 5586 3591 5658 Enyalius.

1948 5660 2268 5803 M31333,
2302 5734 2368 5789 ut
2397 5730 2671 5809 diximus,
2704 5733 2766 5791 in
2794 5734 2927 5792 Vat.
2961 5747 3194 5807 quoque
3223 5738 3370 5790 mss.
3401 5727 3497 5787 hic
3525 5726 3596 5787 ti-
