3992 6384
410 337 566 417 εθοτ
1658 342 1751 431 ιε.
1798 346 2053 412 ausus

2198 346 2622 411 HERONYMI.
3681 332 3867 416 εἷκε

406 477 540 547 ,Sur
568 496 759 553 usque
784 478 859 537 ad
899 494 1065 538 mare
1094 478 1383 550 Rubrum,
1407 480 1562 554 quod
1594 480 1666 538 ad
1695 480 2083 555 Egypticon-
2114 480 2172 547 Α
2205 480 2353 541 2.11
2416 478 2733 552 Sephama,
2780 476 3069 535 terminus
3112 474 3277 533 Juda;
3314 470 3396 533 ad
3442 469 3586 533 solis
3632 475 3861 530 ortam.

438 569 586 627 ﬁnia
616 570 901 643 pervenit.
933 574 1112 628 Porro
1142 572 1348 640 Cades,
1383 570 1636 627 solitudo
1667 576 1755 627 est
1800 588 1977 644 super
2007 589 2099 627 ur-
2212 569 2463 635 Sadada,
2499 568 2783 625 terminus
2811 567 2997 623 Judm.
3510 612 3515 617 .
3782 589 3789 595 -

431 659 582 717 -bem
626 660 894 715 Petram:
957 660 1059 715 sed
1118 664 1175 716 et
1220 660 1523 733 Scriptura
1570 661 1867 717 desertum
1917 662 2097 718 Cades
2741 656 2831 712 DE
2885 655 3098 711 LIBRO
3148 654 3317 711 JESU

435 752 646 804 contra
677 748 885 803 faciem
917 748 1148 821 Egypti
1207 748 1441 804 extendi
1496 754 1802 820 memorat,
1836 750 1907 804 ad
1939 751 2092 821 quod
2279 749 2579 814 Someron,
2613 750 2670 802 et
2699 744 2851 801 hanc
2881 743 3033 817 cepit
3059 744 3256 810 Jesus,
3298 757 3433 815 rege
3480 741 3642 799 illius
3671 743 3854 801 interh

438 835 698 907 primum
726 853 937 892 venere
967 836 1211 906 Hebraei,
1248 838 1443 893 Rubro
1493 837 1639 892 mari
1698 839 2091 894 transvadato.
2205 836 2373 892 fecto.
2403 836 2616 891 Dicunt
2644 840 2838 890 autem
2870 848 3025 887 nunc
3072 849 3179 904 pro
3228 848 3294 886 eo
3347 831 3628 887 Sebasten
3658 830 3853 889 vocari

502 925 658 981 270
687 926 887 998 Segor,
925 942 1051 997 quae
1082 931 1140 981 et
1167 926 1307 982 Bala
1330 932 1387 982 et
1433 928 1629 997 Zoara,
1665 943 1783 982 una
1818 928 1889 983 de
1920 928 2091 1000 quin-
2203 926 2486 998 oppidum
2518 923 2861 988 Palaestinae,
2892 922 2991 977 ubi
3024 922 3084 977 S.
3116 919 3364 977 Joannis
3410 919 3684 992 Baptistae
3714 920 3850 976 reli-

426 1029 539 1085 que
580 1012 918 1070 civitatibus
943 1016 1331 1071 Sodomorum
1384 1016 1453 1070 ad
1500 1032 1701 1087 preces
1752 1017 1850 1072 Lot
1895 1018 1968 1073 de
2010 1018 2093 1071 in-
2202 1014 2351 1087 quia
2383 1014 2625 1070 condita
2647 1015 2805 1069 sunt.
2829 1010 3178 1083 Legimusin
3204 1009 3539 1081 Regnorum
3563 1008 3732 1065 libris
3752 1011 3854 1081 (111

421 1102 630 1159 cendio
674 1108 989 1168 reservata,
1023 1122 1150 1175 qua;
1182 1120 1370 1177 usque
1400 1120 1557 1159 nunc
1598 1105 1945 1160 ostenditur.
1980 1106 2089 1162 Me-

421 1188 609 1244 minit
638 1188 823 1261 hujus
866 1194 922 1245 et
955 1191 1133 1246 Isaias
1181 1192 1240 1246 in
1283 1191 1507 1247 visione
1554 1197 1755 1248 contra
1794 1193 1982 1263 Moab,
2017 1195 2088 1250 de

425 1292 547 1348 qua
579 1282 638 1332 et
668 1294 849 1349 supra
874 1278 1155 1335 diximus.

506 1365 675 1429 Sene,
709 1364 767 1421 id
793 1370 903 1432 est,
938 1366 1333 1437 tabernacula,
1384 1368 1548 1426 locus
1592 1370 1649 1424 in
1700 1387 1816 1442 quo
1866 1372 2086 1429 habita-

426 1452 509 1507 vit
555 1453 735 1508 Jacob
794 1470 1099 1526 regressus
1158 1456 1229 1511 de
1281 1458 1701 1531 MeSOpotamia
1730 1459 1851 1531 (qui
1882 1459 2084 1533 lingua

416 1540 704 1598 Hebraica
741 1542 1074 1615 appellatur
1101 1543 1363 1614 Soccoth).

1062 1686 1153 1744 DE
1195 1686 1449 1744 EXODO.

491 1810 764 1882 Soccoth,
792 1811 985 1884 prima
1006 1812 1235 1868 mansio
1260 1812 1514 1870 ﬁliorum
1541 1812 1718 1870 Israel
1743 1815 1801 1869 in
1825 1816 2073 1884 deserto,

410 1901 736 1972 postquam
760 1899 833 1954 de
861 1904 1102 1974 Egypto
1125 1905 1266 1956 sunt
1290 1901 1553 1973 profecti,
1578 1907 1893 1976 antequam
1914 1922 2073 1962 mare

423 1986 744 2043 transirent
775 1987 1062 2043 Rubrum.

412 2138 417 2143 ,
491 2074 614 2144 Sin,
649 2076 949 2132 desertum
974 2077 1128 2133 inter
1148 2095 1307 2134 mare
1330 2080 1594 2137 Rubrum
1616 2086 1673 2137 et
1693 2082 2071 2140 solitudinem

418 2163 578 2222 Sina.
612 2165 758 2221 Nam
790 2167 861 2221 de
890 2166 999 2222 hoc
1033 2168 1262 2224 deserto
1315 2168 1419 2224 filii
1466 2171 1639 2227 Israel
1689 2178 1975 2229 venerunt
2013 2174 2071 2229 in

418 2252 757 2326 Raphidim,
790 2259 848 2311 et
878 2271 912 2310 a
942 2255 1253 2329 Raphidim
1283 2257 1342 2313 in
1374 2259 1669 2316 desertum
1717 2261 1878 2331 Sina,
1901 2263 2073 2334 juxta

418 2346 681 2399 montem
716 2343 876 2414 Sina,
938 2343 1036 2400 ubi
1096 2346 1321 2419 Moyses
1379 2348 1613 2405 tabulas
1656 2349 1801 2424 legis
1827 2354 2069 2424 accepit.

418 2430 728 2488 Desertum
760 2437 954 2489 autem
980 2433 1081 2490 Sin
1104 2435 1258 2491 idem
1280 2436 1420 2494 dicit
1442 2454 1570 2494 esse
1590 2440 1891 2511 Scriptura
1915 2442 2069 2514 quod

418 2522 479 2591 et
508 2519 714 2591 Gades,
746 2524 847 2578 sed
876 2528 933 2577 et
989 2523 1097 2579 hoc
1147 2526 1319 2595 juxta
1370 2526 1661 2584 Hebrzros.
1694 2528 1977 2586 Caeterum
2009 2531 2070 2587 in

420 2609 811 2683 Septuaginta
838 2611 1267 2685 Interpretibus
1296 2631 1413 2670 non
1442 2615 1710 2672 habetur.

631 2748 722 2805 DE
762 2751 1084 2809 NUMERIS
1136 2754 1224 2811 ET
1270 2755 1852 2815 DEUTERONOMIO.

494 2873 789 2946 Selmona,
823 2881 1018 2934 castra
1046 2878 1302 2936 ﬁliorum
1331 2881 1507 2938 Israel
1539 2883 1598 2937 in
1630 2883 1878 2941 deserto.

422 3052 445 3107 Ι
497 2963 744 3107 Saphar,
777 2983 948 3023 mons
977 2968 1204 3041 Saphar
1234 2969 1292 3026 in
1324 2971 1575 3043 deserto,
1599 2978 1791 3029 castra
1813 2974 2067 3032 ﬁliorum

450 3068 579 3107 srae
609 3095 623 3107 .

450 3068 623 3110 εῖδει.

489 3142 722 3212 Sattim,
783 3145 883 3202 ubi
937 3145 1188 3219 populus
1238 3146 1498 3220 pollutus
1548 3155 1639 3206 est
1688 3152 2068 3210 fornicatione

2200 1106 2325 1175 Reg.
2358 1120 2471 1171 xvr,
2505 1103 2635 1174 24),
2668 1101 2823 1174 quod
2852 1099 3041 1156 Zamri
3094 1115 3192 1154 rex
3239 1096 3415 1153 Israel
3445 1097 3652 1153 emerit
3678 1114 3847 1154 mon-

2198 1198 2314 1249 tem
2348 1195 2648 1259 Semeron,
2682 1207 2716 1246 a
2745 1190 3002 1262 quodam
3041 1188 3263 1257 Semer,
3296 1190 3354 1242 et
3383 1185 3755 1242 aedificaverit
3783 1186 3844 1242 in

2195 1282 2406 1338 vertice
2432 1283 2561 1353 ejus
2589 1280 2901 1349 civitatem,
2936 1293 3116 1350 quam
3136 1292 3205 1333 ex
3221 1274 3459 1332 nomine
3488 1273 3713 1332 domini
3740 1291 3843 1348 ap-

2195 1370 2497 1443 pellaverit
2527 1371 2828 1425 Semeron.

2266 1458 2448 1526 Seira,
2481 1462 2538 1514 et
2566 1458 2716 1512 hanc
2747 1455 2901 1528 cepit
2925 1455 3117 1511 Jesus.

2264 1547 2474 1604 Selchu
2488 1548 2530 1615 ³,
2563 1546 2768 1603 civitas
2800 1545 2859 1600 in
2889 1544 3123 1616 regione
3153 1542 3508 1600 Basanitide.

2260 1637 2406 1703 Sior,
2439 1636 2602 1692 locus
2634 1640 2837 1692 contra
2890 1634 3098 1690 faciem
3156 1632 3400 1705 Egypti.
3433 1632 3548 1688 Sed
3578 1635 3637 1687 et
3664 1632 3840 1688 hodie

2187 1726 2521 1782 ostenditur
2594 1724 2731 1780 villa
2807 1722 3044 1779 nomine
3110 1721 3241 1778 Sior
3315 1721 3469 1776 inter
3516 1719 3725 1777 Etiam
3780 1724 3841 1776 et

2187 1814 2683 1887 Eleutheropolim
2745 1814 2804 1867 in
2856 1811 3010 1867 tribu
3067 1810 3243 1867 Juda.
3318 1810 3529 1881 (Super
3582 1809 3691 1866 hoc
3772 1809 3835 1865 in

2183 1903 2351 1960 libris
2380 1905 2774 1959 Hebraicarum
2807 1902 3177 1970 Quaestionum
3204 1898 3437 1971 plenius
3461 1897 3761 1970 diximus.)

2252 1993 2485 2061 Saorth,
2520 1993 2580 2048 in
2610 1992 2771 2047 tribu
2804 1992 3031 2057 Ruben,
3064 2004 3243 2060 super
3278 1987 3615 2044 Jordanem.

2251 2081 2507 2138 Sochoth
2528 2082 2569 2151 ‘,
2604 2081 2663 2136 in
2692 2080 2851 2136 tribu
2885 2079 3033 2146 Gad,
3065 2092 3243 2149 super
3278 2076 3613 2133 Jordanem.

2251 2171 2511 2243 Syphon,
2542 2170 2602 2225 in
2633 2169 2789 2225 tribu
2822 2168 2966 2237 Gad,
3002 2182 3181 2238 super
3206 2164 3542 2222 Jordanem.

2248 2261 2627 2322 Sacharoma.
2661 2260 2718 2315 in
2749 2258 2908 2314 tribu
2940 2257 3114 2314 Juda.

2251 2352 2508 2417 Samem,
2543 2350 2601 2405 in
2633 2348 2791 2405 tribu
2819 2347 2994 2405 Juda.

2248 2438 2406 2505 Saal,
2438 2439 2499 2493 in
2528 2437 2684 2493 tribu
2715 2436 2870 2492 Juda
2896 2434 2986 2490 vel
3017 2434 3288 2506 Symeon.

2250 2526 2529 2595 Sicelech,
2561 2541 2740 2597 quam
2794 2523 2964 2580 Acbis
3010 2540 3109 2578 rex
3165 2521 3625 2594 alienigenarum
3663 2518 3825 2576 dedit

2178 2616 2252 2672 ad
2285 2615 2736 2671 inhabitandum
2768 2612 2972 2669 David.
3004 2613 3109 2668 Est
3127 2614 3325 2667 autem
3345 2609 3407 2666 in
3427 2610 3681 2666 Daroma
3696 2624 3822 2666 sor-

2178 2705 2257 2761 tis
2286 2704 2452 2760 Judaa
2482 2702 2572 2760 vel
2604 2701 2933 2776 Symeonis.

2248 2794 2534 2860 Sansana,
2564 2792 2625 2848 in
2654 2792 2808 2848 tribu
2838 2791 2870 2847 J
2879 2790 3016 2846 uda.

2249 2881 2421 2951 Selei,
2453 2882 2512 2938 in
2542 2881 2698 2938 tribu
2720 2881 2896 2937 Juda.

2247 2973 2447 3037 Saara,
2479 2971 2643 3027 vicus
2694 2971 2753 3026 in
2798 2969 3017 3025 ﬁnibus
3074 2964 3588 3039 Eleutheropoleos
3614 2969 3820 3022 contra

2176 3060 2632 3132 septentrionem
2665 3058 3043 3132 pergentibus
3075 3055 3422 3127 Nicopolim,
3454 3054 3624 3126 quasi
3647 3054 3708 3110 in
3729 3054 3826 3109 de-

2175 3148 2327 3204 cimo
2360 3148 2656 3219 milliaria,
2687 3148 2746 3203 in
2778 3146 2936 3202 tribu
2957 3145 3081 3201 Dan
3107 3144 3227 3201 sive
3256 3144 3429 3200 Juda.

415 3228 675 3289 ﬁliarum
703 3234 893 3290 Moab.
926 3235 1027 3291 Est
1056 3240 1253 3292 autem
1277 3238 1450 3308 juxta
1489 3244 1748 3295 montem
1796 3241 2063 3314 Phogor:
2097 3226 2141 3294 (ἶ
2248 3238 2466 3294 Soccho
2497 3238 2578 3309 (in
2608 3237 2764 3293 tribu
2792 3236 2988 3305 Juda).
3023 3234 3173 3290 Sunt
3201 3237 3398 3289 autem
3427 3247 3615 3305 usque
3650 3232 3822 3290 hodie

414 3319 573 3375 unde
621 3324 679 3377 et
722 3321 897 3379 Jesus
946 3322 1339 3395 exploratores
1387 3328 1459 3383 ad
1510 3328 1976 3402 investigandam
2008 3337 2067 3388 et

416 3409 778 3473 noscendam
811 3410 977 3468 misit
1002 3412 1259 3470 Jericho.

489 3496 762 3566 Sabama,
795 3499 1002 3559 civitas
1035 3503 1219 3571 Moab,
1241 3503 1300 3559 in
1329 3508 1479 3560 terra
1499 3505 1739 3574 Galaad,
1766 3524 1895 3581 quae
1925 3510 2068 3566 ceci-

338 3634 341 3637 λ
416 3582 505 3684 dit
532 3583 839 3687 insortem
864 3588 1055 3646 tribus
1078 3590 1302 3649 Ruben.
1328 3592 1591 3650 Meminit
1611 3599 1669 3652 et
1688 3595 1867 3669 hujus
1885 3598 2065 3657 Isaias

415 3679 476 3732 in
508 3679 731 3733 visione
756 3681 959 3734 contra
984 3679 1173 3736 Moab.

416 3763 694 3910 tidSelcha
723 3766 764 3835 ¹,
816 3766 1020 3825 civitas
1070 3769 1224 3842 regis
1271 3771 1380 3844 0g,
1424 3772 1486 3828 in
1535 3772 1772 3846 regione
1827 3775 2065 3834 Basani-

504 3870 555 3910 e.

504 3870 555 3911 ϐ.

482 3944 699 4013 Senna,
729 3945 1021 4004 terminus
1049 3948 1263 4005 Judeze
1285 3950 1326 4018 ³,
1361 3954 1418 4006 et
1448 3968 1636 4024 usque
1670 3952 1840 4009 hodie
1874 3959 2064 4012 osten-

412 4031 574 4088 ditur
602 4033 661 4088 in
693 4035 943 4106 septimo
975 4036 1166 4108 lapide
1195 4038 1465 4095 Jerichus
1495 4047 1695 4097 contra
1724 4045 2062 4114 septentrio-

412 4120 605 4177 nalem
636 4120 870 4195 plagam
901 4124 1039 4181 villa
1068 4127 1338 4198 quaedam
1394 4130 1630 4188 nomine
1684 4132 2064 4205 Magdalsena

408 4208 591 4281 (quod
622 4210 1060 4284 interpretatur,
1084 4215 1267 4272 turris
1289 4220 1521 4287 Senna).

408 4386 608 4444 tutus:
647 4389 718 4445 ad
749 4388 881 4447 libri
917 4397 1115 4450 autem
1147 4410 1311 4451 oram
1342 4395 1463 4452 haec
1494 4397 1850 4454 adnotantur
1870 4402 2059 4457 nomi-

410 4476 553 4539 nu_m
594 4462 768 4539 Agar,
801 4463 1004 4539 Gades,
1037 4472 1095 4522 et
1127 4467 1310 4522 Barad
1343 4466 1735 4539 glossemata:

787 4532 1049 4624 πάροξκὸς
1276 4541 1318 4624 :1
1318 4532 1438 4624 gdr,
1461 4542 1584 4623 ipsa
1612 4548 1691 4595 est
1705 4540 1948 4624 ladvena.

409 4606 624 4681 pauc
664 4606 792 4681 ᾁγία
824 4606 969 4681 αὐτὴν
1094 4678 1102 4681 _
1279 4606 1621 4681 Chdekfipsa
1638 4614 1717 4665 est
1744 4620 1953 4667 sancta.

407 4678 637 4753 BaEAA,
674 4674 986 4753 ᾆζᾶριακρῖςὴ
1016 4678 1211 4753 κτίσις.
1279 4674 1482 4753 Barad,
1507 4674 1752 4753 {amatis
1780 4685 2061 4753 possessio.

451 4745 570 4828 .Ex
593 4747 811 4828 quibus
844 4745 1070 4821 liquido
1098 4758 1360 4828 apparet,
1386 4745 1755 4828 descriptum
1780 4745 1860 4807 'ab
1896 4755 2066 4810 Euse-

408 4815 504 4894 bio
536 4815 679 4894 Sur,
702 4821 773 4875 de
805 4815 923 4891 qua
954 4815 1301 4894 margi'n'alis
1330 4815 1631 4894 adnotati'o
1671 4831 1931 4894 superat,
1965 4843 2065 4881 so-

408 4885 589 5015 ἓξ,ωηὶ
622 4885 743 4962 illa,
766 4885 945 4963 quam
972 4885 1300 4959 innuimus,
1324 4892 1549 4949 librarii
1573 4885 1883 4952 oscitantis
1913 4885 2064 4953 exci-

457 4975 597 5015 Isse.

457 4975 597 5015 1888.

406 5070 437 5107 λ
479 5032 505 5107 ιν
522 5031 675 5107 _Huic
706 5030 878 5088 titulo
912 5034 1370 5107 subsequentem
1400 5036 1771 5107 praeponebat
1794 5038 2062 5095 Martian.

411 5099 601 5183 I_.atini
635 5119 779 5183 mss.
815 5104 996 5183 nostri
1028 5099 1726 5183 adﬁrmata-exemplar
1751 5114 2067 5183 utrumque

407 5171 709 5297 digerant.
742 5176 807 5230 In
837 5179 1034 5230 Gmco
1066 5180 1263 5231 autem
1292 5176 1497 5234 vitiose
1528 5171 1702 5236 habet
1732 5184 1860 5237 Vat.
1890 5171 2064 5244 οὕὲως

459 5261 522 5297 ro
622 5265 677 5297 γ.

413 5259 522 5315 pro
554 5259 677 5315 ηυγ.

490 5265 522 5299 Ο
577 5265 617 5297 υ
664 5288 677 5300 .

486 5316 508 5351 ²
535 5265 827 5371 Eusebius
850 5314 1106 5372 Idummm
1126 5317 1298 5372 dixit:
1324 5336 1427 5374 nec
1445 5324 1638 5377 tamen
1660 5328 1812 5378 errat
1828 5325 2061 5381 Hieron.

413 5386 788 5460 substituens
815 5386 1088 5460 Iudaeam,
1123 5406 1251 5460 qua:
1284 5391 1435 5447 enim
1457 5391 1609 5448 intra
1631 5395 1775 5449 ﬁnes
1802 5397 2065 5451 Idumaeas

407 5458 809 5533 erat_.__Senna,
864 5457 1041 5533 totius
1099 5457 1265 5533 terra:
1322 5462 1535 5518 Judzeze
1583 5473 1707 5521 erat
1754 5468 2063 5524 terminus.

411 5526 553 5581 LXX
568 5526 735 5611 hunc
760 5526 952 5611 locum
980 5531 1355 5611 in_ple_risque
1380 5537 1658 5611 omnibus
1680 5537 1846 5611 libris
1878 5538 2068 5591 ’Ewa‘zx

411 5602 663 5683 vocant}
701 5602 895 5683 minus
943 5602 1092 5683 male
1142 5605 1197 5661 in
1240 5602 1363 5683 uno
1415 5607 1595 5664 Oxon.
1645 5610 1845 5683 ξεγὰχ,
1890 5611 2065 5683 Num.

405 5684 600 5740 xxxiv,
635 5671 691 5728 4.
750 5670 1001 5734 Peccant
1053 5692 1187 5734 vero
1240 5677 1527 5738 hactenus
1570 5681 1755 5751 editi,
1791 5670 1905 5755 'El'ui
1935 5698 2069 5741 mox

2174 3327 2349 3385 viculi
2381 3328 2497 3383 duo
2528 3325 2909 3399 pergentibus
2938 3322 3145 3379 {Eliam
3176 3323 3248 3378 de
3279 3320 3726 3394 Eleutheropoli,
3759 3320 3817 3377 in

2176 3434 2328 3473 nono
2360 3415 2633 3472 milliario
2661 3414 2765 3470 viae
2797 3412 3046 3487 publicas
3073 3428 3088 3469 :
3146 3428 3302 3467 unus
3333 3412 3393 3466 in
3425 3414 3645 3481 monte,
3675 3410 3823 3467 alter

2176 3505 2235 3563 in
2266 3522 2473 3578 campo
2511 3505 2685 3572 situs,
2717 3502 2819 3577 qui
2845 3501 3100 3558 Sochoth
3133 3505 3571 3572 nuncupantur.

2246 3595 2475 3664 Sarain,
2511 3593 2571 3650 in
2602 3593 2758 3649 tribu
2788 3592 2962 3648 Juda.

2245 3684 2482 3752 Senam,
2514 3682 2574 3737 in
2606 3681 2763 3737 tribu
2792 3680 2965 3736 Juda.
3234 3736 3237 3739 _

2245 3772 2478 3844 Sapbir,
2508 3770 2648 3827 villa
2683 3769 2745 3825 in
2804 3767 3100 3825 montanis
3146 3768 3259 3824 sita
3306 3765 3460 3822 inter
3488 3765 3825 3823 Eleuthero-

2172 3860 2355 3933 polim
2385 3866 2444 3917 et
2472 3859 2844 3930 Ascalonem,
2876 3858 2936 3913 in
2967 3857 3126 3913 tribu
3153 3856 3330 3913 Juda.

2244 3951 2393 4007 274
2428 3950 2671 4015 Soccho,
2723 3949 2795 4003 de
2841 3964 2960 4019 qua
2999 3950 3058 4001 et
3105 3961 3284 4017 supra
3330 3943 3552 4000 dictum
3592 3946 3700 4000 est.
3736 3941 3827 3998 Di-

2171 4044 2385 4096 cdntur
2413 4045 2608 4095 autem
2639 4034 3013 4101 Samaritani,
3046 4034 3146 4105 qui
3169 4034 3241 4090 de
3261 4031 3551 4106 Babylone
3576 4031 3821 4106 profecti

2170 4132 2334 4197 sunt,
2367 4127 2525 4183 hunc
2553 4126 2814 4181 viculum
2847 4123 3200 4205 con’didisse.

2241 4216 2461 4273 Scacba
2481 4216 2524 4285 ⁵,
2556 4215 2616 4270 in
2647 4213 2804 4269 tribu
2836 4213 2867 4270 J
2877 4214 3010 4269 uda.

2169 4394 2378 4465 legunt
2411 4388 2623 4465 μξγᾴλη
2664 4391 2850 4465 Σεννά,
2873 4392 3067 4465 Magna
3085 4392 3272 4465 Senna
3292 4405 3395 4465 pro
3421 4382 3823 4465 MqBaleewd,

2167 4458 2261 4521 vel
2333 4458 2739 4536 Μόγδᾷλᾳέννὰ,
2812 4458 3023 4536 Μιιῃίῐαι
3090 4458 3313 4530 Samia,—
3371 4458 3542 4515 ιω·νά
3614 4458 3821 4527 Samia,

2174 4536 2331 4609 quod
2361 4534 2828 4609 restituimusex
2863 4534 3043 4609 Yatic.

2093 4595 2141 4660 D
2191 4595 2211 4609 ⁸
2248 4607 2270 4642 ³
2301 4606 2512 4674 Selcha,
2554 4612 2661 4662 etc.
2720 4605 2825 4661 Hic
2881 4605 3046 4661 locus
3095 4619 3276 4677 supra
3330 4601 3559 4675 positus
3585 4600 3823 4674 legitur,

2173 4679 2366 4735 civitas
2396 4681 2541 4747 regis
2572 4680 2666 4749 0g.
2699 4682 2983 4733 Manum.

2245 4781 2314 4791 ——-
2344 4743 2510 4805 Hunc
2540 4743 2834 4805 in'Graaco
2883 4747 3121 4804 titulum
3170 4762 3325 4802 nunc
3372 4743 3827 4818 primumgsut‘ﬁ-

2176 4821 2255 4876 cit
2280 4821 2463 4877 Vatic.
2498 4822 2618 4877 Etsi
2648 4822 2804 4877 enim
2836 4822 2956 4876 haec
2988 4820 3177 4875 Selcha
3206 4814 3574 4890 neutiquam
3594 4814 3826 4871 diversa

2171 4892 2440 4949 videatur
2468 4894 2539 4949 ab
2569 4891 2847 4965 illa,quaz
2880 4893 2939 4947 in
2971 4890 3319 4964 praecedenti
3375 4886 3526 4965 s'eri_e_
3558 4886 3823 4965 locorum

2174 4965 2246 5020 de
2277 4965 2552 5020 Numeris
2582 4969 2639 5019 et
2676 4958 2991 5019 Déuteron:
3044 4966 3414 5017 recensetur:
3449 4958 3597 5016 nihil
3627 4963 3822 5014 tamen

2174 5041 2264 5093 est
2300 5035 2547 5092 dubium
2579 5036 2651 5090 ab
2682 5036 2928 5092 Eusebio
2968 5050 3037 5091 ac
3083 5033 3433 5105 Hieronymo
3462 5031 3560 5087 hic
3589 5045 3823 5103 quoque

2174 5107 2356 5164 fuisse
2389 5106 2765 5179 descriptam.

2244 5180 2267 5214 ‘
2295 5179 2399 5234 Hic
2446 5171 2602 5234 vero-
2636 5177 2869 5245 titulus,
2927 5175 3145 5231 nedum
3196 5174 3256 5230 in
3304 5174 3523 5241 Graaco,
3554 5172 3732 5229 etiam
3761 5171 3821 5227 in

2174 5251 2385 5323 Latino
2406 5266 2440 5305 a
2472 5250 2704 5323 Reginae
2733 5266 2846 5323 ms.
2899 5248 3241 5323 ignoratur:
3273 5244 3595 5323 in__nostro
3626 5247 3821 5300 autem

2175 5322 2436 5378 secunda
2468 5317 2647 5377 mahu
2678 5322 2749 5376 ad
2780 5319 2911 5375 libri
2930 5317 3143 5374 'album
3168 5317 3539 5374 describitur.

2246 5395 2267 5427 ⁵
2297 5394 2519 5459 Scacha,
2569 5398 2677 5447 etc.
2727 5394 2913 5447 Antea
2957 5390 3098 5446 editi
3149 5389 3350 5461 legunt
3398 5387 3622 5461 Scatha,
3668 5384 3818 5461 quod

2177 5465 2435 5543 multum
2466 5456 2637 5520 torsit
2659 5465 2957 5543 eruditum
2988 5456 3378 5543 Bont'rernium,
3426 5460 3525 5543 qui
3582 5456 3827 5543 nescivit

2177 5537 2377 5591 omnia
2408 5537 2523 5591 fere
2572 5536 2813 5591 nomina
2855 5535 3171 5606 depravata
3220 5532 3402 5589 fuisse
3442 5529 3501 5588 in
3530 5529 3824 5588 veteribus

2176 5607 2533 5665 editionibus
2563 5606 2921 5680 Hieronymi.
2955 5606 3245 5663 Man-run.
