3992 6408
162 386 317 458 ’κθ

1193 389 1296 453 es
1338 390 1517 454 SITU
1559 390 1662 453 ET
1703 382 1981 454 IN.
2025 388 2198 454 Lee.-
2243 374 2615 454 aneane.

3474 357 3600 453 sit

190 564 198 571 .
262 523 416 596 Seio,
443 522 515 580 in
531 518 690 580 tribu
719 520 1017 597 Eph‘raim,
1052 523 1111 578 in
1141 540 1258 595 quo
1316 523 1442 579 loco
1474 540 1607 579 arca
1659 528 1836 580 testa-
1868 529 1921 594 Α
2024 524 2261 595 Saalim,
2294 523 2431 580 villa
2459 539 2635 596 quam
2691 522 3027 598 pertransiit
3090 523 3226 579 Sanl
3258 521 3319 581 in
3378 522 3601 581 finibus

188 613 377 670 menti
408 613 646 683 mansit,
676 616 735 669 et
777 612 1219 670 tabernaculum
1269 612 1501 667 Domini
1550 629 1736 684 usque
1766 613 1838 667 ad

186 698 459 776 tempore
488 702 801 759 Samuelis.
836 702 935 758 Est
971 706 1169 758 autem
1199 701 1259 756 in
1294 702 1520 757 decimo
1567 701 1839 756 milliario

188 790 516 865 Neapoleos
562 792 623 846 in
671 790 908 863 regione
973 790 1369 846 Aorabittena.
1421 791 1533 846 Sed
1576 794 1633 845 et
1677 790 1841 847 Juda:

186 880 538 953 patriarchas
568 879 758 935 filium
790 879 962 936 Selon
995 878 1353 953 appellatum
1390 878 1661 952 legimus.

265 969 512 1025 Sechem
565 969 625 1023 in
673 968 829 1024 tribu
861 968 1183 1037 Manasses,
1226 967 1430 1023 civitas
1463 966 1842 1024 sacerdotalis

189 1062 253 1115 et
281 1057 680 1131 fugitivorum,
713 1057 772 1112 in
805 1060 1003 1113 monte
1032 1056 1330 1129 Ephraim,
1365 1056 1465 1112 ubi
1494 1056 1844 1129 sepelierant

189 1162 333 1204 ossa
359 1146 599 1219 Joseph,
627 1146 699 1202 de
728 1162 848 1218 qua
875 1150 932 1201 et
962 1162 1143 1218 supra
1172 1146 1449 1201 diximus.

265 1239 489 1306 Samen,
519 1235 579 1290 id
611 1239 701 1291 est
741 1235 873 1291 fons
902 1236 1126 1305 Sames,
1176 1234 1236 1290 in
1280 1234 1438 1289 tribu
1489 1234 1791 1305 Benjamin
1826 1250 1839 1289 :

190 1340 302 1398 pro
328 1340 443 1398 quo
465 1324 682 1397 Aquila
708 1324 1144 1397 interpretatur,
1172 1326 1391 1380 fontem
1423 1322 1585 1380 solis.

269 1413 478 1483 Semri,
509 1412 570 1468 in
600 1412 759 1468 tribu
793 1412 1117 1483 Benjamin.

266 1501 414 1573 Sela,
447 1503 506 1558 in
531 1501 689 1557 tribu
720 1501 1044 1571 Benjamin.

268 1590 473 1661 Sabee,
506 1590 567 1647 in
596 1590 751 1646 tribu
783 1590 1053 1662 Symeon.

268 1678 486 1750 Sarith,
518 1678 805 1735 terminus
834 1677 1111 1734 Zabulon.

264 1772 434 1824 Sams
467 1784 480 1823 :
516 1783 620 1840 pro
652 1783 769 1841 quo
796 1766 1112 1824 Theodotio
1142 1769 1200 1822 et
1246 1764 1635 1839 Symmachus
1677 1767 1841 1820 trans

190 1857 480 1928 tulerunt,
512 1855 675 1913 solis.

269 1946 590 2016 Sameram,
624 1947 681 2001 in
716 1946 871 2001 tribu
903 1945 1180 2003 Zabulon.

265 2039 502 2106 Sunem,
534 2035 591 2091 in
624 2034 780 2091 tribu
815 2034 1097 2103 lssacbar,
1125 2040 1182 2088 et
1231 2048 1419 2105 usque
1475 2032 1651 2088 hodie
1682 2031 1846 2089 vicus

191 2125 526 2181 ostenditur
554 2124 792 2180 nomine
821 2123 1041 2194 Sulem,
1077 2124 1136 2178 in
1168 2122 1372 2195 quinto
1405 2120 1655 2177 milliaro
1682 2137 1847 2177 mon-

192 2214 275 2270 tis
306 2213 540 2269 Thabor
567 2217 768 2269 contra
805 2212 1125 2269 australem
1158 2211 1411 2283 plagam.

269 2303 440 2373 Seon,
494 2302 613 2359 sive
672 2294 843 2371 Soen,
892 2301 953 2357 in
1002 2300 1160 2356 tribu
1210 2300 1476 2356 Issachar
1509 2316 1521 2355 :
1558 2298 1850 2371 hodieque

190 2391 526 2448 ostenditur
554 2389 693 2447 villa
713 2391 887 2462 juxta
906 2394 1165 2445 montem
1198 2389 1449 2445 Thabor.

266 2481 513 2553 Sasima,
546 2480 835 2537 terminus
857 2480 1147 2536 Issachar.

266 2569 414 2641 Sier,
448 2570 509 2625 in
537 2570 696 2625 tribu
734 2573 901 2625 Aser.

266 2659 609 2730 Sennanim,
641 2674 893 2732 quercus
944 2658 1243 2730 pertinens
1272 2659 1344 2713 ad
1376 2656 1693 2713 terminum
1732 2654 1849 2711 Ne-

191 2747 512 2821 phthalim.

269 2836 504 2907 Sorecb,
537 2837 595 2893 in
627 2836 787 2893 tribu
832 2836 979 2906 Dan,
1015 2834 1111 2891 ubi
1163 2835 1408 2891 Samson
1459 2833 1641 2890 fuisse
1701 2833 1847 2902 legi-

194 2943 354 2997 mus,
379 2926 549 2997 juxta
576 2925 767 2982 Estaol
801 2925 896 2997 (de
923 2941 1039 2997 quo
1062 2924 1188 2995 jam
1219 2939 1400 2996 supra
1438 2922 1738 2994 diximus).

268 3015 492 3085 Samer,
523 3014 583 3069 in
614 3015 770 3070 tribu
803 3015 920 3069 Dan
955 3029 968 3070 :
999 3014 1072 3068 de
1104 3026 1221 3084 qua
1256 3016 1315 3068 et
1342 3028 1522 3084 supra
1554 3027 1848 3067 memora-

194 3104 277 3174 vi,
309 3103 422 3160 sub
452 3102 690 3159 nomine
719 3101 1069 3158 Betbsamis.

268 3190 548 3262 Salabim,
582 3192 641 3248 in
673 3191 830 3247 tribu
862 3190 1007 3260 Dan,
1045 3206 1230 3262 usque
1268 3189 1444 3245 hodie
1488 3189 1732 3261 grandis
1763 3188 1846 3243 vi-

2022 612 2528 684 Eleutheropolcos
2548 615 2753 668 contra
2780 611 3405 684 Occidentem,septem
3435 609 3508 668 ab
3530 626 3600 668 ea

1951 700 2214 756 millibus
2244 700 2491 756 distans.

2021 790 2165 861 Sim,
2198 790 2297 846 ubi
2323 789 2557 846 Samuel
2586 789 2808 847 invenit
2828 788 3082 847 Saulem.

2022 879 2241 951 Sabim,
2274 878 2376 935 ubi
2405 878 2500 936 Sal
2533 878 2827 953 praeliatus
2858 885 2969 936 est.

2022 987 2259 1057 Sonam,
2302 986 2458 1042 unde
2507 986 2523 1020 ¹
2574 986 2685 1042 fuit
2731 985 2835 1043 illa
2863 985 3076 1042 mulier
3119 978 3464 1041 Sunamitis.
3499 978 3600 1041 Est

1952 1080 2148 1131 autem
2179 1092 2367 1147 usque
2396 1074 2569 1131 hodie
2598 1075 2762 1131 vicus
2797 1075 2856 1130 in
2888 1073 3103 1131 ﬁnibus
3134 1074 3386 1131 Sebasta
3415 1071 3475 1129 in
3507 1089 3598 1129 ra-

1950 1165 2120 1237 gione
2148 1164 2545 1235 Acrabittena,
2576 1163 2858 1221 vocabulo
2888 1163 3113 1221 Sauim.

2024 1270 2407 1345 Sophamoth,
2439 1271 2511 1328 ad
2543 1287 2717 1344 quem
2751 1271 2946 1328 locum
2979 1271 3144 1328 misit
3172 1270 3373 1329 David.

2024 1362 2208 1431 Seira,
2262 1376 2474 1416 nomen
2517 1360 2701 1432 putei,
2766 1377 2800 1418 a
2846 1377 2961 1433 quo
3008 1360 3151 1417 Joab
3201 1360 3336 1417 fecit
3383 1358 3598 1417 reverti

1954 1450 2275 1525 principem
2305 1449 2592 1506 exercitus
2616 1450 2902 1506 Abenner.

2022 1557 2195 1628 Suba,
2220 1556 2389 1626 cujus
2419 1571 2614 1628 regem
2646 1556 2938 1628 percussit
2965 1556 3173 1613 David.

2025 1646 2299 1716 Sarthan,
2332 1662 2459 1717 quae
2489 1649 2579 1701 est
2606 1646 2679 1702 ad
2710 1645 2934 1702 radices
2963 1644 3253 1702 Jezraelaa.

2026 1753 2305 1827 Sopbera,
2339 1768 2466 1824 qua
2493 1756 2582 1808 est
2611 1755 2669 1808 et
2707 1751 2936 1824 Sophir,
2980 1753 3138 1808 unde
3165 1749 3476 1809 veniebant
3506 1766 3606 1809 na-

1952 1859 2051 1900 ves
2079 1840 2407 1898 Salomonis
2441 1859 2453 1897 :
2489 1840 2561 1897 de
2590 1857 2708 1913 qua
2733 1847 2789 1897 et
2843 1856 3026 1914 supra
3054 1840 3331 1898 diximus.
3364 1840 3467 1897 Est
3495 1856 3606 1897 au-

1958 1938 2074 1989 tem
2107 1947 2276 1987 mons
2323 1928 2576 1986 Orientis
2606 1930 2902 2001 pertinens
2950 1931 3023 1985 ad
3073 1930 3249 1987 Indiae
3282 1930 3604 2003 regionem.

2028 2023 2255 2089 Serora,
2289 2018 2493 2075 civitas
2522 2019 2903 2091 pergentibus
2933 2020 3139 2076 Edom.

2027 2126 2200 2198 Saba,
2235 2126 2438 2181 civitas
2469 2123 2683 2197 regalis
2711 2123 3032 2198 Ethiopim,
3095 2142 3272 2199 quam
3312 2126 3613 2201 Josephus

1958 2234 1992 2274 a
2020 2217 2301 2288 Cambyse
2331 2230 2464 2287 rege
2492 2217 2720 2270 Meroen
2750 2214 3221 2286 cognominatam
3280 2232 3350 2271 ex
3387 2215 3606 2273 sororis

1958 2304 2257 2375 vocabulo,
2290 2303 2484 2360 refert.

2032 2394 2185 2451 278
2215 2392 2363 2462 Sela,
2401 2392 2501 2447 ubi
2532 2408 2846 2465 percussus
2876 2396 2967 2448 est
2992 2390 3152 2448 Joas.

2030 2483 2391 2551 Saii‘arvaim,
2409 2482 2479 2537 de
2510 2480 2726 2553 quibus
2746 2480 2890 2537 locis
2920 2481 3144 2555 Assyrii
3172 2481 3600 2555 transmigran-

1958 2577 2065 2643 tes,
2100 2571 2512 2628 habitaverunt
2555 2569 2615 2625 in
2643 2569 2910 2626 Samaria
2968 2587 2981 2625 :
3040 2574 3097 2626 et
3125 2569 3197 2625 ab
3226 2568 3372 2643 ipsis
3402 2570 3610 2627 Sama-

1958 2661 2285 2717 ritanorum
2307 2675 2451 2732 gens
2472 2658 2728 2731 sumpsit
2748 2656 3071 2715 exordium.
3102 2657 3369 2714 Meminit
3391 2656 3605 2715 horam

1959 2762 2013 2807 et
2046 2750 2251 2806 Isaias.

2029 2837 2364 2909 Sademoth,
2395 2837 2495 2894 ubi
2526 2838 2716 2894 Josias
2745 2852 2845 2894 rex
2873 2837 2897 2872 ³
2923 2834 3212 2895 idolorum
3243 2836 3416 2909 signa
3446 2851 3607 2893 com-

1959 2926 2170 2984 bussit.

2030 3018 2282 3086 Saresta,
2317 3016 2597 3088 oppidum
2629 3013 3003 3071 Sidoniorum
3051 3014 3111 3071 in
3141 3013 3233 3071 via
3262 3014 3499 3088 publica
3522 3014 3605 3072 si-

1957 3110 2081 3161 tum
2122 3122 2134 3162 :
2168 3105 2269 3160 ubi
2299 3104 2580 3161 habitavit
2607 3105 2905 3176 quondam
2935 3103 3115 3159 Elias.

2030 3214 2235 3283 Saron,
2269 3213 2440 3282 cujus
2471 3215 2529 3267 et
2562 3212 2739 3267 Isaias
2787 3209 3074 3281 meminit,
3108 3210 3330 3282 dicens,
3354 3212 3416 3266 In
3442 3210 3605 3283 palu-

199 3297 309 3377 ⁰ξ²ξ
337 3280 667 3377 οδιθτξάίίιξν
815 3280 1032 3335 ﬁnibus
1079 3279 1425 3335 sebasmnes
1455 3280 1538 3334 ΑΙ*
1576 3278 1846 3334 sebaste‘
1878 3267 1920 3335 Ο
1956 3267 2261 3359 dea
2284 3267 2367 3357 res}
2398 3301 2570 3356 Saron
2610 3301 2944 3371 (lsa.xxx1u,
2979 3267 3074 3372 9).,
3113 3267 3329 3372 Usque)
3363 3267 3607 3377 impra-

193 3371 314 3439 nis)
346 3370 580 3426 nomine
610 3368 840 3426 Salaba.

266 3458 541 3532 Sepbetb,
576 3458 738 3514 locus
768 3458 1249 3514 Chananmorum.

579 3603 729 3659 275
766 3602 850 3657 DE
881 3601 1189 3658 JUDICUM
1222 3600 1453 3656 LIBRO.

268 3727 520 3798 Sirotha,
568 3728 734 3800 quod
780 3726 1244 3799 confugitjudex
1264 3725 1455 3782 Ahud.
1479 3725 1740 3781 Diximus
1784 3728 1843 3780 et

193 3832 380 3890 supra
404 3817 476 3873 de
503 3816 684 3873 Seira.

269 3906 384 3961 Sur
411 3904 829 3977 Gboreb,quod
858 3905 1464 3976 interpretatur,petra
1492 3904 1735 3960 Choreb.

269 3991 525 4061 Selmon,
576 4010 747 4050 mons
792 4009 966 4066 quem
1014 3992 1355 4049 conscendit
1394 3991 1687 4049 Abimelec
1744 3992 1844 4049 ad-

196 4097 406 4139 versus
437 4082 713 4139 Sicimam
744 4082 1052 4139 dimicans.

272 4170 530 4245 Sephina
561 4189 575 4228 :
608 4188 711 4244 pro
751 4187 867 4242 quo
897 4169 1112 4243 Aquila
1159 4176 1217 4227 et
1253 4169 1641 4242 Symmachus
1670 4170 1849 4226 inter-

202 4264 530 4334 pretantur,
562 4259 922 4332 aquilonem.

275 4348 512 4419 Sorech,
546 4366 757 4406 nomen
788 4348 1084 4417 torrentis,
1135 4348 1207 4404 de
1238 4365 1353 4420 quo
1402 4347 1529 4405 loco
1579 4347 1694 4404 fuit
1746 4351 1851 4405 Da-

200 4437 326 4509 lila,
361 4437 461 4496 illa
490 4439 797 4496 Samsonis
831 4456 846 4507 ;
878 4438 978 4494 sed
1009 4444 1068 4494 et
1096 4454 1282 4510 usque
1312 4438 1483 4494 hodie
1513 4438 1585 4494 ad
1617 4443 1855 4510 septen-

204 4527 519 4585 trionalem
551 4527 785 4600 plagam
833 4527 1343 4600 EleutherOpoleos
1395 4528 1557 4584 vicus
1598 4526 1854 4583 ostendi-

204 4623 322 4687 tur,
357 4616 593 4673 nomine
612 4616 1068 4689 Capharsorecb,
1094 4618 1265 4688 juxta
1300 4616 1499 4673 villam
1532 4617 1857 4687 Saar,unde

206 4711 267 4764 et
296 4706 545 4763 Samson
577 4706 706 4763 fuit.

632 4848 719 4905 DE
752 4847 1153 4907 REGNORUM
1201 4848 1440 4905 LIBRIS.

289 4974 553 5048 Sophim,
587 4991 758 5031 mons
787 4972 1063 5048 Ephraim
1086 4974 1145 5029 in
1180 4978 1376 5029 monte
1404 4974 1762 5031 Armathem.

290 5062 496 5137 Salisa,
530 5080 709 5138 quam
740 5063 1079 5137 pertransiit
1110 5063 1267 5120 Saul.

292 5155 507 5227 Senna,
540 5171 752 5212 nomen
785 5160 979 5228 petrae.

295 5298 313 5333 ¹
364 5298 660 5368 Martian._
701 5297 904 5354 vitiose
951 5298 1011 5353 in
1064 5298 1268 5353 Latino
1315 5298 1409 5351 ubi
1449 5312 1552 5368 pro
1600 5297 1761 5368 unde,
1812 5298 1872 5353 in

220 5371 423 5428 Greco
471 5363 851 5445 Ἀκριϐαττινῇ
896 5369 1035 5443 legit
1089 5374 1349 5445 et_mox_
1393 5363 1719 5445 Ecbpmirnv
1748 5363 1755 5367 ’
1771 5386 1875 5443 pro

223 5445 514 5513 Σωανῖτιν,
543 5440 718 5513 quem
749 5440 1004 5497 errorem
1036 5440 1259 5513 saepius
1283 5440 1542 5495 admisit.

295 5515 318 5548 ²
350 5513 452 5571 Ubi
477 5511 654 5570 [oxias
685 5529 802 5581 rem,
838 5518 947 5568 etc.
985 5511 1171 5568 [labes
1206 5511 1298 5566 hic
1331 5525 1564 5583 quoque
1616 5511 1675 5566 in
1706 5516 1879 5569 antea

220 5584 404 5644 editis
432 5586 659 5641 Erasmi
691 5584 983 5655 insignem
1036 5584 1506 5658 depravationem
1536 5600 1550 5650 ;
1584 5599 1721 5639 nam
1775 5602 1880 5658 pro

228 5658 404 5727 Josia,
430 5662 775 5728 supponunt
814 5658 1023 5728 ()ziam.
1056 5656 1344 5710 Murrum.

304 5729 326 5764 ⁸
356 5724 460 5785 Hic
498 5724 712 5785 Isaiam
744 5745 849 5800 pro
877 5726 1064 5782 Abdia
1117 5724 1368 5801 supponi
1426 5724 1700 5799 opinatur
1735 5730 1881 5785 Dru-

561 5855 837 5922 Paraoa.
878 5852 1106 5921 XXIII.

1950 3396 2176 3447 sentem
2210 3398 2402 3446 aulem
2451 3389 2625 3460 diem,
2680 3389 2839 3462 regio
2871 3388 3022 3445 inter
3078 3393 3336 3446 montem
3366 3389 3608 3445 Thabor

1947 3485 2004 3537 et
2032 3485 2306 3552 stagnum
2336 3477 2693 3551 'I‘yberiadis,
2725 3484 2975 3535 Saronas
3006 3477 3353 3551 appellatur.
3395 3478 3507 3535 Sed
3540 3480 3599 3534 et

1946 3587 1982 3627 a
2024 3570 2317 3626 Caesarcea
2360 3567 2688 3639 Palestinae,
2714 3584 2901 3640 usque
2947 3568 3020 3623 ad
3065 3568 3347 3641 oppidum
3389 3569 3592 3641 Joppe,

1949 3658 2144 3715 omnis
2170 3662 2328 3714 terra
2356 3674 2484 3731 quae
2515 3657 2790 3727 cernitur,
2821 3656 3038 3712 dicitur
3065 3657 3338 3740 Saronas.

2022 3765 2290 3839 Sephela,
2324 3763 2476 3823 sicut
2504 3764 2709 3821 scribit
2764 3763 2945 3821 Isaias
2976 3764 2997 3797 ³
3030 3781 3043 3820 :
3077 3780 3181 3836 pro
3212 3780 3331 3835 quo
3360 3760 3594 3835 Aquila,

1952 3859 2339 3926 campestrem
2382 3871 2396 3922 ;
2455 3852 2865 3925 Symmachus,
2898 3851 3107 3908 vallem
3142 3852 3579 3922 interpretatur.

1956 3944 2154 4015 Usque
2208 3942 2380 3999 hodie
2423 3941 2616 3998 omnis
2674 3940 2830 4014 regio
2880 3942 3051 4013 juxta
3107 3937 3602 4012 Eleutheropolim

1956 4031 2302 4104 campestris
2333 4035 2390 4087 et
2419 4030 2612 4102 plana,
2645 4046 2773 4101 quas
2830 4028 3016 4102 vergit
3046 4029 3119 4085 ad
3169 4027 3518 4103 Aquilonem
3547 4030 3609 4085 et

1957 4120 2350 4191 Occidentem,
2380 4118 2628 4192 Sephela
2656 4117 2891 4175 dicitur.

2031 4233 2289 4283 Sennaar
2320 4243 2334 4281 :
2372 4242 2476 4299 pro
2507 4242 2623 4298 quo
2650 4225 3144 4297 Aquila,Sennam
3176 4244 3191 4283 :
3222 4224 3615 4299 Symmachus

1959 4300 2393 4388 interpretatur,
2428 4316 2689 4372 uberem.
2723 4315 2991 4371 Meminit
3037 4316 3220 4388 hujus
3252 4320 3311 4372 et
3340 4315 3615 4373 Michazas

1964 4405 2269 4479 propheta.

2034 4494 2309 4561 Sedrach,
2356 4498 2507 4551 terra
2564 4495 2829 4552 Damasci
2889 4511 2903 4551 :

1967 4590 2065 4654 (Ix,
2116 4586 2139 4639 1
2168 4602 2184 4649 ;
2215 4582 2323 4639 vid.
2357 4584 2669 4656 liadrach).

2038 4673 2197 4743 Sion,
2232 4688 2401 4728 mons
2430 4672 2594 4729 urbis
2628 4672 2976 4729 Jerusalem.

2962 4494 3215 4568 legimus
3243 4494 3304 4549 in
3335 4491 3616 4550 Zacharia

2039 4778 2323 4849 Samaria,
2356 4777 2561 4834 civitas
2592 4778 2801 4851 regalis
2841 4778 2900 4833 in
2932 4776 3131 4850 Israel,
3163 4794 3294 4850 quas
3328 4777 3495 4835 Nunc
3522 4777 3625 4834 Se-

1970 4870 2133 4924 baste
2163 4868 2396 4923 dicitur.
2429 4867 2539 4923 Sed
2570 4871 2628 4923 et
2648 4866 2842 4923 omnis
2872 4866 3029 4939 regio
3060 4884 3189 4940 quae
3220 4866 3463 4923 circirca
3492 4880 3623 4923 eam

1988 4957 2121 5025 fuit,
2156 4973 2191 5012 a
2243 4956 2475 5012 civitate
2505 4956 2803 5027 quondam
2837 4973 3048 5013 nomen
3079 4960 3401 5028 acceperat.

2044 5065 2172 5135 Sor,
2204 5063 2414 5137 Tyrus,
2448 5063 2787 5137 metropolis
2818 5063 3124 5135 Phoenicis,
3157 5063 3217 5119 in
3248 5061 3403 5118 tribu
3437 5058 3633 5134 Neph-

1984 5152 2212 5209 thalim.

1985 5296 2129 5353 sius.
2162 5295 2231 5351 Et
2260 5299 2349 5367 est
2382 5294 2621 5367 quidem
2655 5296 2815 5351 Isaia:
2847 5314 3022 5367 xxxu,
3062 5297 3144 5367 19,
3203 5280 3419 5359 {155131
3453 5312 3466 5365 ;
3528 5293 3635 5367 83d

1986 5369 2067 5423 ibi
2100 5367 2236 5422 LXX
2267 5365 2317 5420 ἐν
2456 5364 2646 5439 πεδινῇ
2688 5368 2838 5423 inter
2884 5361 3188 5440 reta'tatu'r,
3223 5385 3337 5424 non
3387 5361 3461 5420 Σὲ
3503 5361 3635 5438 ηλᾶ,

1990 5438 2486 5494 quemadmodum
2520 5440 2577 5493 in
2601 5439 2806 5494 Abdia.
2838 5386 3048 5494 eorum
3071 5446 3127 5494 et
3157 5386 3635 5494 coniicere‘iicet.

1990 5438 2486 5512 quemadmodum
2520 5440 2577 5493 in
2601 5439 2814 5512 Abdia.
2838 5438 3447 5512 VerumietACOnjicere
3474 5438 3639 5512 licet,

1991 5507 2217 5587 saepe
2238 5510 2395 5587 olim_
2412 5510 2640 5587 Eusebii
2662 5526 2779 5587 aevo
2803 5510 3019 5587 lectum
3043 5510 3202 5567 Isairs
3235 5507 3360 5587 loco
3383 5507 3640 5587 laudato,

1994 5585 2051 5657 in
2071 5580 2281 5657 aliun
2314 5580 2523 5657 saltem
2554 5581 2869 5657 exemplari
2903 5599 2915 5638 :
2952 5599 3054 5657 pro
3110 5598 3226 5657 quo
3252 5582 3645 5657 substitutum

1993 5650 2201 5735 deinde
2232 5653 2315 5735 sit
2339 5650 2389 5735 ἐγ
2431 5656 2499 5726 τῇ
2526 5650 2824 5735 ξτεσςιγῇβξ
2850 5650 3084 5735 aquila,
3117 5650 3643 5735 Quemadmodum,

1992 5725 2131 5784 alibi
2162 5724 2483 5799 contigisse
2509 5725 2665 5783 docti
2698 5724 2804 5783 viri
2836 5724 3168 5785 observant.
3608 5742 3624 5752 '

3250 5852 3327 5920 3i
