3992 6392
385 345 514 445 an

1641 349 1706 411 s.
1752 344 2063 428 EUSEBII
2106 344 2573 409 HIERONYMI.

3675 342 3821 421 879'

398 538 407 547 ,
460 482 667 555 Scene,
699 480 904 539 civitas
935 481 1272 553 Thebaidis,
1332 483 1483 537 sicut
1512 482 1716 537 scribit
1744 480 2025 537 Ezechiel.
2058 484 2114 547 Α
2141 479 2318 541 litica,
2347 497 2378 533 a
2410 478 2671 533 Theman
2732 477 2851 534 ﬁlio
2911 475 3149 549 Eliphaz
3212 474 3318 531 ﬁlii
3372 474 3537 537 Esau,
3583 477 3799 534 sortita

402 568 407 573 ’
450 570 602 643 Sais,
639 571 844 628 civitas
871 572 1129 644 Egypti,
1165 572 1338 643 cujus
1399 572 1670 626 meminit
1699 570 1959 626 Ezechiel
2016 587 2029 626 :

388 653 425 725 ἐν,
454 676 570 732 qua
593 664 650 715 et
680 659 858 716 Saitis
887 676 1097 732 pagus.

455 747 683 819 Sadala,
706 748 999 805 terminus
1018 749 1254 819 Iudaeae,
1279 748 1430 805 sicut
1449 752 1505 803 et
1529 748 1732 803 scribit
1754 747 2031 803 Ezechiel.

457 837 745 909 Sabarim,
778 838 931 895 inter
958 843 1309 894 Damascum
1341 841 1398 893 et
1424 836 1678 906 Emath,
1712 836 1868 891 sicut
1897 836 2039 893 scri-

390 925 477 983 bit
504 925 789 983 Ezechiel.

459 1014 650 1072 Salisa
676 1032 781 1087 pro
813 1032 929 1088 quo
958 1014 1169 1087 Aquila
1199 1015 1632 1086 interpretatur,
1664 1012 2033 1069 triennalem.

393 1100 659 1160 Meminit
688 1103 868 1175 hujus
896 1104 1202 1160 Jeremias.

462 1193 616 1250 279
646 1192 867 1264 Sichar,
900 1198 1033 1248 ante
1062 1191 1385 1263 Neapolim,
1428 1192 1600 1262 juxta
1628 1207 1832 1263 agrum
1861 1207 2036 1263 quem

393 1281 555 1338 dedit
573 1281 753 1337 Iacob
779 1281 898 1337 ﬁlio
920 1297 1027 1337 suo
1050 1280 1290 1352 Ioseph,
1314 1279 1375 1334 in
1400 1297 1514 1351 quo
1537 1279 1821 1335 Dominus
1843 1286 2041 1335 noster

391 1374 563 1441 atque
593 1369 856 1425 Salvator
884 1370 1210 1425 secundum
1241 1369 1617 1440 Evangelium
1652 1369 1914 1438 Joannis,
1936 1374 2036 1423 Sa-

392 1458 693 1513 maritana:
724 1457 953 1514 mulieri
980 1458 1051 1513 ad
1084 1462 1328 1529 puteum
1388 1457 1668 1528 loquitur,
1730 1457 1829 1512 ubi
1885 1474 2041 1512 nunc

390 1547 644 1602 Ecclesia
675 1546 958 1604 fabricata
986 1550 1093 1602 est.

1014 1635 1107 1691 DE
1134 1635 1413 1690 GENESI.

401 1780 411 1789 ,
460 1722 674 1795 Tigris,
707 1723 919 1779 ﬂuvius
949 1724 1021 1779 de
1075 1723 1349 1796 paradiso
1387 1723 1606 1792 exiens,
1660 1724 1831 1792 juxta
1884 1725 2039 1779 Scri-

392 1814 578 1915 ptura
609 1811 1206 1909 ﬁdemtpergensque
1237 1816 1441 1868 contra
1470 1812 1736 1884 Assyrios
1770 1830 1782 1868 :
1816 1817 1868 1868 et
1911 1816 2042 1885 post
2076 1851 2123 1915 Β

392 1898 612 1955 multos
652 1898 953 1970 circuitus,
988 1904 1052 1954 ut
1080 1900 1206 1956 vult
1232 1900 1521 1973 Iosephus
1578 1903 1593 1935 ³
1650 1901 1709 1956 in
1744 1919 1897 1957 mare
1925 1903 2044 1957 Ru-

390 1987 871 2043 bruminﬁuens.
929 1988 1177 2044 Vocatur
1232 1994 1424 2045 autem
1480 1990 1589 2045 hoc
1644 1990 1879 2046 nomine
1908 2008 2045 2063 pro-

388 2080 518 2148 pter
552 2075 939 2149 velocitatem,
972 2078 1160 2134 instar
1216 2078 1416 2134 bestia:
1475 2078 1659 2135 nimia
1700 2080 2044 2151 pernicitate

389 2165 703 2233 currentis.

461 2253 950 2325 Terebinthus,in
982 2254 1356 2326 Sicimis,sub
1389 2273 1506 2328 qua
1532 2256 1842 2313 abscondit
1862 2258 2043 2313 Iacob

390 2341 571 2414 idola,
596 2343 768 2414 juxta
798 2343 1121 2416 Neapolim.

947 2431 1037 2487 DE
1069 2431 1281 2488 LIBRO
1311 2433 1338 2489 J
1351 2434 1499 2489 ESU.

434 2519 625 2591 .Tina,
668 2520 729 2576 in
758 2520 917 2576 tribu
946 2521 1114 2576 Iuda.

461 2607 683 2680 Talem,
710 2609 773 2664 in
802 2608 963 2665 tribu
992 2609 1164 2666 Juda.

460 2697 671 2767 Tesan,
703 2696 764 2753 in
795 2697 950 2753 tribu
981 2699 1155 2753 Juda.

461 2785 671 2857 Tyrus,
702 2784 765 2840 in
794 2785 951 2841 tribu
981 2785 1335 2858 Nepbtalim.

867 2873 961 2929 DE
999 2874 1213 2931 LIBRO
1243 2875 1596 2935 JUDlCIUM.

465 2962 713 3034 Tabath,
747 2962 847 3019 ubi
875 2968 1206 3037 pugnatum
1238 2970 1329 3021 est
1358 2966 1638 3023 adversus
1664 2969 1941 3024 Madian..

459 3051 603 3124 Tob,
631 3055 785 3108 terra
814 3051 873 3107 in
904 3070 1023 3125 qua
1050 3052 1342 3109 habitavit
1370 3054 1596 3126 Iephte.

456 3141 739 3217 Topheth,
775 3141 834 3197 in
863 3140 1014 3197 valle
1044 3141 1300 3198 ﬁliorum
1363 3143 1605 3215 Ennom,
1647 3146 1746 3201 ubi
1781 3146 2032 3219 populus

2142 566 2513 623 vocabulum.
2549 568 2658 622 Sed
2691 570 2748 621 et
2777 583 2966 637 usque
2996 565 3167 620 hodie
3218 568 3308 620 est
3345 563 3482 620 villa
3508 564 3799 648 Themam

2145 655 2637 725 nomine,distans
2659 656 2731 711 ab
2759 656 2903 710 urbe
2924 658 3096 709 Petra
3118 654 3379 726 quinque
3402 653 3801 725 millibus,ubi

2145 749 2202 799 et
2231 748 2628 799 Romanorum
2690 744 2945 798 militum
2977 743 3317 814 praesidium
3365 743 3546 813 sedet,
3579 744 3652 797 de
3683 759 3803 814 quo

2145 832 2268 888 loco
2304 832 2412 887 fuit
2443 831 2679 904 Eliphaz
2724 848 2822 887 rex
2879 831 3332 887 'l‘hemanorum.
3370 830 3532 887 Unus
3563 847 3807 903 quoque

2147 921 2404 977 ﬁliorum
2435 921 2642 976 Ismael
2676 920 3080 993 appellabatur
3130 920 3417 976 Theman.
3484 920 3803 977 Sciendum

2148 1014 2364 1080 autem,
2399 1010 2555 1082 quod
2587 1010 2778 1065 omnis
2813 1009 3101 1065 Australis
3154 1009 3312 1081 regio
3343 1008 3621 1065 Hebraice
3651 1008 3804 1066 The-

2149 1115 2287 1154 man
2321 1100 2554 1155 dicitur.

2218 1187 2631 1258 Thamma,ubi
2657 1204 2791 1242 oves
2823 1205 2962 1242 suas
2992 1187 3244 1242 totondit
3272 1187 3459 1243 Iudas
3492 1204 3504 1242 :
3540 1187 3802 1243 ostendi-

2149 1287 2241 1331 lur
2272 1277 2553 1346 hodieque
2584 1277 2746 1331 vicus
2806 1276 3166 1348 yrzegrandis
3214 1277 3270 1330 in
3304 1276 3523 1331 ﬁnibus
3554 1276 3803 1349 Diospo-

2149 1365 2268 1421 leos
2300 1366 2575 1421 euntibus
2603 1364 2828 1423 Eliam.
2866 1366 2920 1419 in
2957 1365 3113 1420 tribu
3147 1365 3291 1433 Dan,
3327 1365 3447 1421 sive
3475 1366 3660 1421 Judze.

2218 1455 2499 1523 ’l‘hamna,
2534 1454 2649 1508 alia
2673 1454 2874 1508 civitas
2939 1454 3271 1524 principum
3303 1453 3524 1521 Edom;
3584 1454 3685 1510 sed
3744 1458 3803 1510 et

2150 1544 2475 1599 concubina
2504 1542 2740 1614 Eliphaz
2771 1542 2873 1597 ﬁlii
2907 1543 3077 1607 Esau,
3113 1544 3337 1597 Tamna
3367 1542 3660 1615 appellata
3686 1548 3801 1613 est,

2150 1649 2277 1704 quae
2310 1632 2536 1703 peperit
2566 1632 2615 1687 ei
2647 1630 2908 1701 Amalec,
2944 1633 3099 1686 unde
3126 1630 3482 1687 Amalecitse.

2607 1747 2698 1802 DE
2749 1747 3341 1804 DEUTERONOMIO.

2225 1853 2516 1925 Thaphot,
2551 1852 2714 1908 locus
2744 1853 2800 1908 in
2865 1855 3091 1909 deserto
3145 1858 3307 1909 trans
3368 1854 3701 1925 Iordanem,
3736 1855 3801 1910 in

2157 1960 2270 2015 quo
2301 1942 2817 1998 Deuteronomium
2852 1943 3055 1998 scribit
3112 1944 3355 2015 Moyses,
3420 1948 3621 1999 contra
3648 1942 3806 1998 Jeri-

2156 2032 2284 2087 cbo.

2227 2120 2475 2189 Thaath,
2509 2124 2702 2175 castra
2731 2120 2985 2175 ﬁliorum
3016 2119 3213 2175 Israel.

2226 2209 2434 2275 Thara,
2468 2213 2660 2264 castra
2689 2208 2942 2265 ﬁliorum
2978 2209 3173 2265 Israel.

2685 2325 2777 2380 DE
2807 2324 3017 2380 LIBRO
3046 2325 3240 2381 JESU.

2226 2431 2455 2497 Thaﬁ‘u,
2488 2432 2546 2486 in
2578 2432 2735 2487 tribu
2764 2432 2919 2487 Juda
2947 2432 3169 2501 civitas,
3223 2448 3401 2504 quam
3445 2432 3801 2507 expugnavit

2153 2521 2340 2591 Iesus,
2377 2538 2507 2590 rege
2539 2521 2695 2576 illius
2724 2520 3045 2576 interiecto.
3079 2520 3342 2577 Diximus
3399 2524 3457 2577 et
3511 2538 3694 2595 supra
3720 2522 3793 2578 de

2153 2609 2401 2665 termino
2426 2609 2743 2665 Palaestina:
2773 2615 2830 2664 et
2858 2610 3083 2683 zEgypti
3115 2610 3213 2682 qui
3267 2609 3596 2683 appellatur
3624 2611 3795 2668 Beth-

2151 2698 2355 2769 taphu.
3430 2764 3447 2783 .

2223 2788 2533 2842 Thaanach
2568 2787 2772 2844 civitas
2802 2805 2979 2860 quam
3032 2790 3386 2862 expugnavit
3438 2790 3608 2846 Iesus
3666 2806 3801 2862 rege

2155 2878 2326 2933 istius
2360 2878 2678 2933 interfecto.
2712 2878 2843 2933 Fuit
2874 2882 3068 2933 autem
3117 2879 3174 2933 in
3208 2880 3364 2934 tribu
3415 2879 3683 2936 Manasse
3709 2896 3801 2935 se-

2153 2970 2355 3036 parata
2382 2966 2612 3035 Levitis,
2646 2970 2701 3020 et
2732 2984 2885 3022 nunc
2918 2966 2975 3021 in
3035 2972 3243 3038 quarto
3272 2967 3544 3025 milliaria
3581 2967 3779 3040 oppidi

2155 3056 2423 3125 Legionis
2456 3054 2563 3110 hoc
2596 3055 2833 3111 nomine
2860 3057 3021 3111 vicus
3054 3058 3404 3114 ostenditur.

2224 3143 2509 3213 Thenath,
2546 3144 2603 3198 in
2663 3142 2817 3199 tribu
2847 3146 3061 3217 Ioseph
3115 3162 3133 3199 :
3192 3145 3478 3218 hodieque
3526 3146 3680 3203 288
3712 3150 3802 3203 est

385 3226 568 3288 Israel
593 3229 858 3303 gentium
889 3230 1207 3287 simulacra
1236 3239 1565 3290 veneratur.
1601 3234 1701 3291 Est
1731 3241 1929 3292 autem
1962 3236 2045 3292 lo-
2077 3221 2120 3287 C
2156 3232 2293 3289 villa
2323 3232 2524 3288 Thena
2554 3232 2612 3287 in
2644 3232 2869 3288 decimo
2916 3233 3164 3290 miliario
3222 3234 3541 3308 Neapoleos
3600 3240 3804 3291 contra

403 3334 509 3375 cus
538 3318 600 3373 in
632 3317 989 3375 suburbanis
1016 3319 1365 3376 Jerusalem.

465 3406 667 3478 Tanis,
700 3406 903 3463 civitas
934 3407 1182 3481 Egypti,
1245 3409 1400 3466 sicut
1455 3411 1637 3468 Isaias
1677 3417 1733 3468 et
1786 3413 2049 3469 Ezechiel

403 3495 694 3551 scribunt.

476 3583 777 3657 Taphnas,
809 3585 1012 3641 civitas
1049 3586 1299 3660 Egypti.
1336 3589 1482 3661 Lege
1513 3592 1676 3662 Osee,
1707 3592 1964 3648 Ezechiel
1996 3597 2053 3649 et

411 3672 756 3732 Jeremiam.
789 3675 851 3729 In
884 3674 994 3730 hac
1022 3674 1434 3734 habitaverunt
1459 3680 1666 3750 Judaei,
1700 3683 1797 3753 qui
1831 3682 1903 3737 ob
1933 3700 2052 3738 me-

403 3768 531 3822 tum
560 3762 1014 3836 Babyloniorum
1046 3782 1179 3821 cum
1209 3766 1463 3823 Ieremia
1494 3769 1788 3841 fugerunt.

934 3853 1025 3909 DE
1087 3854 1513 3912 ENANGELIO.

469 3941 842 3999 Trachonitis
872 3942 1049 4016 regio,
1100 3944 1220 4000 sive
1261 3946 1486 4017 Ituraea,
1547 3949 1720 4019 cujus
1756 3950 2053 4008 tetrarcha

402 4030 517 4087 fuit
544 4029 873 4103 Philippus,
904 4032 1074 4103 juxta
1130 4033 1506 4106 Evangelium
1568 4037 1753 4093 Lucae.
1791 4040 2050 4097 Diximus

402 4120 475 4174 de
504 4118 615 4175 hac
644 4123 703 4175 et
732 4136 932 4192 supra.
970 4120 1070 4177 Est
1099 4127 1294 4179 autem
1326 4128 1490 4181 trans
1522 4126 1786 4183 Bostram
1823 4130 2049 4185 Arabiae

409 4208 563 4265 282
594 4208 885 4274 civitatem
916 4209 975 4264 in
1006 4210 1254 4282 deserto,
1311 4218 1514 4270 contra
1568 4216 1885 4273 australem
1934 4219 2053 4291 pla-

403 4313 561 4370 gam,
593 4297 762 4369 quasi
794 4298 865 4352 ad
896 4297 1248 4356 Damascum
1280 4303 1618 4374 respiciens.

401 4387 689 4457 [lucusque
710 4402 812 4458 per
841 4388 886 4441 T
911 4389 1219 4461 simplicem
1241 4390 1484 4447 litteram
1505 4393 1815 4463 legerimus.
1856 4398 2052 4453 Verum

473 4477 734 4547 quoniam
763 4492 884 4546 qua:
912 4485 1215 4548 sequuntur
1243 4479 1390 4550 aqud
1418 4481 1685 4549 Hebraeos,
1707 4501 1819 4539 non
1849 4502 1921 4540 ea:
1941 4485 2052 4539 teth

2163 3321 2536 3391 Orientalem,
2569 3322 3056 3378 descendentibus
3087 3324 3145 3379 in
3185 3326 3515 3380 Iordanem.

2234 3410 2494 3479 Thaﬁ‘ue,
2530 3411 2588 3465 in
2618 3411 2776 3466 tribu
2805 3410 3045 3484 Ioseph.
3082 3428 3089 3435 ‘

2233 3499 2569 3571 Thaphuth,
2603 3499 2662 3553 in
2696 3498 2849 3553 tribu
2882 3500 3169 3556 Manasse.

2234 3588 2443 3657 Theco,
2506 3605 2693 3659 usque
2750 3588 2921 3644 hodie
2968 3590 3141 3660 juxta
3193 3590 3487 3647 desertum
3547 3593 3803 3650 civitatis

2160 3677 2315 3731 zElize
2373 3678 2535 3733 vicus
2568 3677 2915 3747 ostenditur,
2967 3680 3121 3734 unde
3178 3686 3236 3735 et
3288 3682 3464 3738 Amos
3522 3683 3805 3755 propheta

2162 3768 2289 3822 fuit.

2232 3864 2536 3935 Thesram,
2568 3870 2625 3921 et
2644 3864 2795 3920 hanc
2826 3882 2959 3922 cum
2990 3883 3123 3939 rege
3152 3884 3258 3923 suo
3290 3870 3441 3941 cepit
3466 3870 3664 3927 Jesus.

2223 3955 2531 4023 Therama,
2566 3954 2624 4009 in
2654 3954 2809 4010 tribu
2832 3956 3165 4028 Benjamin.

2232 4044 2476 4115 Tholad,
2511 4044 2571 4099 in
2603 4045 2756 4099 tribu
2788 4045 2958 4109 Iuda,
2993 4045 3113 4102 sive
3133 4046 3445 4103 Simeonis.

2229 4133 2481 4204 Thabor,
2514 4133 2798 4188 terminus
2828 4134 3105 4191 Zabulon.
3166 4137 3267 4190 Est
3316 4141 3509 4193 autem
3542 4153 3712 4194 mons
3739 4139 3799 4194 in

2162 4223 2350 4277 medio
2371 4221 2616 4277 Galilmze
2643 4221 2849 4293 campo
2872 4225 2892 4256 ²
2913 4224 3089 4291 (mira
3107 4225 3463 4281 rotunditate
3485 4225 3801 4296 sublimis),

2160 4310 2388 4366 distans
2419 4308 2826 4365 aDiocmsarea
2849 4311 3045 4366 deeem
3080 4312 3361 4381 millibus,
3386 4318 3588 4370 contra
3617 4316 3804 4372 orien-

2159 4398 2337 4453 talem
2371 4398 2603 4470 plagam
2630 4417 2642 4454 :
2669 4398 2767 4469 qui
2789 4401 3108 4456 conﬁnium
3130 4418 3360 4473 quoque
3404 4403 3553 4459 inter
3580 4405 3803 4461 tribum

2162 4485 2428 4541 Issachar
2456 4492 2511 4541 et
2541 4488 2849 4559 Neptalim,
2885 4490 3010 4545 fuit.

472 4564 567 4621 sed
592 4581 665 4656 ea:
693 4565 943 4656 lhau,rid
970 4574 1090 4656 est,
1130 4566 1273 4656 theta
1303 4566 1503 4637 Grreco,
1560 4571 1896 4642 scribuntur,
1930 4589 2053 4627 cum
2087 4593 2132 4656 Ι)
2236 4574 2513 4645 Thalcha,
2546 4576 2605 4631 in
2640 4576 2794 4632 tribu
2821 4577 3053 4634 Simeon
3085 4596 3097 4634 :
3128 4597 3285 4636 nunc
3342 4581 3502 4638 vicus
3558 4582 3803 4654 grandis

475 4655 822 4726 aspiratione
855 4655 1029 4726 legere
1057 4654 1327 4711 debemus.

414 4806 427 4810 _
1029 4743 1120 4798 DE
1153 4744 1437 4801 GENESI.

478 4830 765 4902 Theman,
799 4830 958 4903 regio
990 4831 1325 4905 principum
1355 4833 1538 4888 Edam
1569 4833 1627 4888 in
1687 4838 1840 4891 terra
1870 4837 2055 4893 Geba-

481 4956 495 4990 ¹
535 4956 751 5029 υι-υαμ
776 4955 1053 5029 Iosephus,
1096 4960 1204 5011 etc.
1256 4955 1513 5029 Consule
1537 4973 1662 5028 qua:
1694 4976 1870 5029 supra
1900 4962 2055 5018 dicta

406 5026 661 5101 ,suntgde
690 5025 1131 5101 Tigriﬂumine,
1158 5026 1313 5101 etde
1336 5025 1569 5101 tigride
1584 5025 1844 5101 animali,
1877 5034 1933 5088 in
1959 5052 2057 5089 no-

415 5099 493 5154 tis
522 5098 595 5153 ad
627 5095 821 5152 Graeca
848 5098 1172 5169 fragmenta
1217 5095 1347 5151 libri
1396 5095 1732 5156 Nominum.
1768 5095 2051 5162 MARTIAN.

483 5170 505 5203 ³
536 5172 659 5224 Vox
687 5185 875 5240 campo
905 5167 1229 5240 iniﬁeginae
1264 5185 1372 5224 ms.
1408 5186 1519 5224 non
1554 5178 1661 5227 est.

481 5242 503 5275 ⁸
534 5240 736 5296 Contra
787 5239 1084 5310 australem
1138 5240 1376 5310 plagam.
1429 5241 1572 5298 Male
1647 5244 1705 5298 in
1763 5248 2055 5304 veteribus

414 5310 771 5389 editionibus
802 5310 943 5389 etin
978 5308 1199 5381 aliquot
1231 5308 1373 5367 mss.
1409 5314 1703 5389 codicibus
1736 5325 2057 5389 posuerunt

413 5380 811 5453 occidentalem
836 5380 1203 5453 plagam,’pro
1235 5387 1508 5446 australi;
1536 5403 1671 5442 nam
1704 5380 1961 5446 Thalcha
1995 5392 2051 5446 in

414 5458 611 5529 Graeco
642 5451 857 5529 dicitur
885 5468 1013 5507 esse
1048 5451 1116 5508 iri
1136 5458 1394 5529 Qaroma,
1454 5474 1578 5527 quae
1612 5461 1767 5529 regio
1800 5466 1923 5516 tota
1951 5481 2053 5518 au-

416 5521 614 5604 stralis
643 5525 731 5576 est
758 5540 771 5578 :
801 5539 1118 5604 vocemque
1148 5527 1347 5604 Darem
1376 5521 1588 5600 saepius
1642 5521 2057 5604 interpretatur

414 5600 802 5681 llierpnjfmus
854 5597 1472 5681 australen‘zhplagamf
1504 5597 1813 5681 Caeterum'
1843 5622 2051 5661 nomen

417 5664 619 5739 Talcha
638 5664 860 5742 legitur
889 5669 1042 5743 apud
1076 5664 1231 5744 LXX,
1263 5664 1438 5730 Iosue
1466 5690 1579 5745 nx,
1608 5675 1662 5732 7.
1696 5675 1979 5734 Mennim.

2163 4664 2496 4719 Iudaeorum
2546 4669 2783 4720 vocatur
2821 4666 3040 4737 Thella,
3101 4669 3270 4739 quasi
3300 4669 3359 4724 in
3417 4670 3809 4728 sextodecimo

2166 4751 2438 4809 milliaria
2452 4753 2961 4827 Eleutheropolcos
2975 4773 3076 4811 con
3090 4761 3171 4810 trn
3189 4758 3504 4815 australem
3520 4759 3751 4833 plagam
3765 4763 3809 4818 ³.

2235 4842 2704 4899 Thamnathsara
2732 4845 2773 4913 ‘,
2807 4844 3009 4900 civitas
3035 4846 3175 4901 Iesu
3208 4848 3311 4902 lilii
3337 4848 3575 4919 Nave,in
3608 4855 3809 4906 monte

2235 4996 2303 5044 ——_
2336 4966 2542 5044 Noster
2568 4985 2677 5044 ms.
2711 4972 2901 5044 contra
2930 4972 3257 5044 orientalem
3279 4973 3507 5044 plagam
3535 4992 3548 5041 ;
3584 4974 3642 5029 in
3675 4974 3810 5031 aliis

2167 5042 2230 5091 ut
2257 5038 2395 5092 etin
2424 5039 2681 5108 antiquis
2712 5039 3089 5101 editionibus.
3122 5038 3343 5098 invenit
3372 5038 3662 5107 Martian..
3686 5062 3809 5102 con-

2163 5118 2250 5190 tra
2278 5110 2681 5190 occidentalem:
2720 5112 2951 5190 Verum.
2990 5116 3143 5183 quod
3188 5116 3290 5190 ait_
3314 5116 3599 5190 Eusebius
3647 5110 3697 5170 ἐν
3725 5122 3808 5190 τῷ

2163 5185 2418 5261 Δθαρωμᾷ,
2467 5183 2850 5261 meridianam
2906 5184 3025 5239 sive
3076 5185 3391 5242 australem
3446 5188 3679 5261 plagam
3710 5183 3809 5246 de;

2163 5253 2535 5355 signlare‘non
2566 5255 3059 5355 est‘quil'ilgnorret.

2290 5324 2738 5403 Ilacltenusediti
2773 5326 2903 5403 libri
2938 5327 3009 5403 ad
3069 5328 3313 5403 monstri
3354 5329 3555 5403 instar
3605 5330 3809 5403 legunt

2164 5394 2604 5465 Θαμνασῢιχρᾶβῐ
2635 5398 2691 5449 in
2718 5398 2919 5451 Latino
2942 5398 3310 5456 Martianaaus
3349 5402 3645 5457 Thamnath
3661 5394 3805 5457 tan-

2162 5450 2311 5545 tum,
2348 5450 2487 5521 LXX
2516 5450 2829 5538 praal'erunt

2168 5537 2440 5592 Hebraeus
2472 5537 2587 5599 me
2626 5550 2819 5599 man.
2856 5537 3247 5597 EuSebianuih
3280 5537 3501 5600 textum
3532 5537 3810 5601 emendat

2163 5607 2347 5690 Yatic.
2381 5626 2492 5666 ms.
2528 5610 3045 5690 Ilieronymianum
3105 5614 3383 5687 supplent
3439 5616 3552 5671 duo
3586 5617 3803 5690 Latini,

2166 5679 2413 5755 Reginae,
2457 5698 2524 5739 ac
2554 5679 2774 5740 noster.
3180 5679 3197 5687 ’
3221 5679 3238 5687 “
3788 5679 3802 5690 ’
3838 5700 3843 5707 ‘
