3992 6406
198 378 355 453 φη

1211 395 1312 458 DE
1357 395 1542 460 SITU
1582 396 1685 460 ΕΤ
1728 395 2003 462 ΝΟΜΙΝ.
2036 397 2208 461 LOC.
2249 396 2622 463 HEBRAIC.

3496 403 3634 469 978³

202 525 359 593 sita;
392 524 466 582 de
495 539 615 597 qua
657 540 839 598 supra
883 526 994 582 sub
1043 527 1279 584 nomine
1325 529 1626 596 Thamnae,
1657 532 1674 565 ι
1707 529 1854 585 dixi-
1886 533 1938 597 Α
2041 530 2375 602 Thalassar,
2409 531 2568 603 regio
2597 529 2797 604 Syriae.

201 630 379 672 mus:
412 613 474 669 in
505 622 623 686 qua
651 630 847 688 usque
867 614 927 671 in
958 621 1304 688 praesentem
1337 619 1492 674 diem
1524 619 1852 691 sepulcrum

200 704 335 776 ejus
373 703 705 761 ostenditur
738 702 802 758 in
833 703 991 760 tribu
1022 704 1145 761 Dan
1175 707 1218 763 ³.

686 881 779 937 DE
812 881 1027 938 LIBRO
1065 882 1400 939 JUDICUM.

274 970 611 1042 Thaanach,
643 969 848 1027 civitas
870 972 1041 1041 juxta
1062 987 1238 1043 quam
1263 973 1525 1029 Debbora
1546 973 1855 1030 adversum

200 1059 463 1116 Sisaram
498 1058 818 1129 dimicavit,
853 1059 914 1114 in
944 1058 1100 1115 tribu
1134 1061 1420 1131 Manasse,
1456 1065 1725 1134 separata
1752 1063 1854 1118 Le-

195 1147 359 1219 vitis,
388 1164 566 1221 quam
597 1152 795 1204 tenere
825 1164 941 1203 non
975 1148 1185 1220 potuit,
1218 1149 1484 1221 pristinis
1532 1148 1857 1208 cultoribus

197 1253 578 1310 nequaquam
608 1236 833 1309 ejectis.
865 1238 968 1292 Est
997 1243 1193 1292 autem
1225 1255 1381 1294 nunc
1405 1238 1540 1294 villa
1568 1256 1857 1311 praegran-

198 1326 296 1381 dis
325 1326 553 1382 distans
584 1343 619 1382 a
648 1325 900 1399 Legione
928 1324 1193 1381 millibus
1223 1326 1434 1385 tribus.

271 1413 495 1470 Thebes
525 1414 668 1470 urbs
698 1430 877 1486 quam
907 1430 1041 1469 cum
1091 1421 1459 1488 oppugnaret
1493 1416 1852 1486 Abimeleoh,

195 1503 490 1576 fragmine
539 1502 704 1558 molae
763 1502 915 1558 ictus
966 1503 1205 1559 interiit.
1257 1505 1356 1561 Est
1411 1510 1606 1561 autem
1669 1521 1856 1578 usque

194 1591 374 1647 hodie
400 1592 564 1648 vicus
591 1590 828 1647 nomine
858 1590 1012 1648 286
1058 1591 1304 1661 Thebes,
1357 1594 1415 1648 in
1459 1594 1678 1650 finibus
1706 1594 1852 1650 Nea-

193 1680 400 1753 poleos
445 1680 825 1753 pergentibus
872 1680 1295 1753 Scythopolim,
1348 1682 1515 1753 quasi
1571 1684 1628 1737 in
1683 1683 1854 1738 tertio

190 1769 423 1825 decimo
452 1769 582 1840 ejus
609 1768 821 1841 lapide.

268 1856 681 1914 Thamnatha:
717 1856 1025 1930 posuimus
1073 1862 1131 1914 et
1178 1875 1361 1931 supra
1405 1858 1757 1932 Thamnam,
1792 1860 1852 1916 in

192 1946 357 2004 tribu
392 1946 565 2003 Juda.

617 2036 708 2091 DE
750 2036 1147 2092 REGNORUM
1180 2036 1437 2093 LIBRIS.

262 2125 644 2197 Thelamuge,
675 2124 839 2181 locus
867 2124 927 2180 in
960 2142 1076 2197 quo
1104 2125 1376 2181 Abenner
1427 2126 1592 2183 misit
1638 2128 1711 2182 ad
1742 2127 1849 2182 Da-

188 2215 315 2271 vid.
364 2215 475 2271 Sed
532 2214 837 2271 sciendum
896 2215 1051 2287 quod
1109 2231 1214 2287 pro
1263 2214 1373 2269 hoc
1422 2216 1597 2271 verbo
1637 2215 1848 2286 Aquila

188 2304 633 2377 interpretatur,
684 2303 1010 2375 extemplo:
1045 2303 1459 2375 Symmachus,
1492 2322 1597 2378 pro
1628 2309 1846 2362 semet-

190 2409 348 2466 ipso.

261 2481 487 2548 Thaad,
511 2481 684 2552 juxta
711 2479 953 2538 Galaad.

258 2571 539 2639 Thamsa,
566 2570 857 2627 terminus
894 2570 1060 2643 regni
1092 2570 1448 2628 Salomonis.

259 2658 561 2725 Termoth,
583 2659 789 2715 civitas
810 2676 989 2731 quam
1019 2659 1328 2716 aedificavit
1349 2660 1622 2717 Salomon
1657 2662 1717 2717 in
1749 2663 1844 2718 de-

184 2752 345 2805 serto
388 2748 582 2819 (cujus
640 2747 699 2803 in
748 2747 917 2804 libris
966 2749 1359 2805 Hebraicarum
1407 2751 1793 2820 Quaestionum
1821 2752 1844 2786 ³

182 2837 437 2895 fecimus
470 2837 877 2908 mentionem).

255 2926 519 2996 Tharsis,
538 2926 694 2982 unde
713 2942 921 2981 aurum
945 2925 1240 2982 Salomoni
1264 2928 1663 2986 deferebatur:
1687 2930 1841 2987 hanc

178 3019 353 3088 putat
378 3014 673 3088 Josephus
705 3016 957 3070 Tarsum
988 3016 1194 3072 urbem
1227 3033 1355 3074 esse
1397 3017 1628 3074 Ciliciae.
1663 3018 1838 3075 Porro

168 3105 350 3175 juxta
378 3102 640 3159 Ezechiel
672 3102 1019 3176 prophetam
1040 3104 1327 3178 Carthago
1350 3105 1620 3162 sentitur.
1645 3107 1837 3180 Siqui-

179 3193 318 3249 dem
348 3193 406 3248 i'n
438 3209 504 3248 eo
545 3191 692 3263 loco,
727 3193 828 3249 ubi
859 3193 1014 3266 apud
1068 3193 1451 3267 Septuaginta
1493 3196 1838 3269 Interpretes

2036 620 2386 691 Thogarma,
2418 618 2669 692 legimus
2698 618 2758 676 in
2789 619 3072 679 Ezechiel.

2038 708 2281 780 Taphet,
2321 708 2571 782 legimus
2602 709 2661 764 in
2707 709 2962 766 Jeremia
3008 710 3129 783 (vn,
3162 713 3253 779 ‘22)
3284 726 3446 769 aram
3478 712 3620 769 Tha-

1839 839 1853 853 .
1960 797 2108 868 phet.
2147 799 2245 854 Est
2272 801 2468 853 autem
2506 798 2568 853 in
2611 799 2967 856 suburbanis
3007 800 3162 856 Elia
3211 818 3400 874 usque
3446 801 3625 859 hodie

1964 885 2148 957 locus,
2182 885 2281 959 qui
2322 887 2406 942 sic
2453 891 2695 943 vocatur
2726 889 2901 960 juxta
2942 888 3231 962 piscinam
3277 889 3535 948 Fullonis
3564 897 3624 948 et

1963 990 2169 1047 agrum
2198 974 2584 1032 Acheldema.
3061 998 3071 1006 ο

2584 1065 2674 1120 DE
2717 1065 2991 1123 GENESI.

2035 1152 2113 1208 Ur
2142 1152 2565 1221 Chaldaeorum,
2611 1153 2713 1209 ubi
2766 1161 3039 1213 mortuus
3079 1165 3168 1214 est
3212 1159 3402 1226 Aram,
3434 1158 3614 1215 frater

1961 1240 2248 1298 Abrahae:
2299 1243 2469 1313 cujus
2515 1242 2826 1315 hodieque,
2876 1245 3031 1302 sicut
3073 1246 3370 1318 Josephus
3417 1247 3618 1319 refert,

1964 1329 2230 1386 tumulus
2261 1331 2609 1388 ostenditur.
2643 1332 2733 1404 (Et
2779 1350 2961 1406 super
3001 1334 3112 1391 hoc
3157 1335 3300 1407 quid
3331 1337 3501 1393 nobis
3528 1335 3614 1392 vi-

1965 1419 2171 1474 deatur
2197 1418 2257 1474 in
2306 1418 2475 1475 libris
2519 1422 2913 1477 Hebraicarum
2962 1424 3333 1491 Quaestionum
3379 1424 3614 1497 plenius

1964 1505 2268 1579 diximus.)

2034 1595 2395 1663 Ulammaus,
2428 1613 2533 1669 pro
2564 1614 2680 1670 quo
2713 1598 2772 1654 in
2827 1600 3063 1656 Hebraeo
3107 1601 3394 1674 scriptum
3426 1601 3609 1658 habet

1962 1687 2130 1740 Luza.
2165 1685 2378 1741 Eadem
2410 1692 2501 1741 est
2529 1691 2723 1743 autem
2756 1705 2881 1760 quae
2914 1692 2972 1745 et
3002 1689 3221 1759 Bethel,
3254 1689 3409 1747 sicut
3432 1706 3616 1764 supra

1963 1773 2240 1829 diximus.
2275 1775 2387 1830 Sed
2422 1778 2480 1830 et
2509 1776 2778 1847 quaedam
2808 1776 2945 1833 villa
2985 1778 3222 1836 nomine
3250 1778 3523 1835 Ulamma
3547 1779 3611 1836 in

1963 1862 2308 1917 duodecimo
2330 1861 2698 1920 Diocsesareze
2720 1862 2915 1937 lapide
2941 1865 3271 1923 ostenditur
3292 1870 3497 1924 contra
3523 1882 3616 1924 so-

1960 1949 2035 2007 lis
2066 1954 2288 2006 ortum.

2030 2038 2128 2109 Us,
2162 2038 2317 2095 unde
2345 2039 2456 2095 fuit
2511 2040 2621 2096 Job
2679 2041 2751 2097 de
2802 2041 3041 2115 regione
3095 2043 3371 2115 Ausitidi,
3426 2043 3529 2100 sed
3558 2046 3618 2100 et

1956 2144 2113 2183 unus
2143 2129 2213 2183 de
2253 2129 2503 2200 posteris
2553 2130 2705 2185 Esau
2755 2129 3163 2203 appellabatur
3206 2131 3306 2188 Us.
3360 2132 3465 2204 (De
3496 2149 3615 2205 quo

1954 2216 2013 2272 in
2045 2215 2210 2273 libris
2240 2218 2641 2274 Hebraicarum
2672 2218 3041 2287 Quaestionum
3067 2221 3089 2254 ⁸
3131 2220 3435 2293 diximus.)

2433 2306 2526 2362 DE
2558 2307 2773 2364 LIBRO
2814 2307 3127 2366 JUDICUM

2025 2394 2135 2467 Xil,
2169 2395 2227 2450 in
2257 2394 2414 2452 tribu
2439 2395 2616 2452 Juda.

2577 2484 2669 2541 DE
2699 2485 2975 2542 GENESI.

2023 2574 2323 2647 Zaphoim,
2372 2574 2531 2646 regio
2578 2574 2762 2630 Edom
2806 2575 3162 2648 principum,
3193 2574 3254 2632 in
3286 2580 3443 2633 terra
3471 2592 3603 2650 qua

1955 2679 2112 2719 nunc
2140 2667 2381 2719 vocatur
2416 2663 2732 2719 Gebalena.

2185 2752 2275 2808 DE
2308 2752 2631 2808 NUMERIS
2660 2752 2753 2808 ET
2785 2752 3372 2811 DEUTERONOMIO.

2024 2841 2198 2909 Zoob,
2232 2839 2438 2897 civitas
2466 2840 2944 2899 Amorrhazorum
2972 2842 3084 2898 sita
3129 2841 3190 2897 in
3234 2848 3505 2899 Arnone:
3537 2843 3612 2900 de

1912 2977 1917 2981 .
1946 2946 2065 3001 qua
2093 2930 2376 3001 scriptum
2408 2933 2534 2985 est:
2569 2930 2723 3013 πρυ
2749 2932 3044 3002 Propterea
3091 2931 3299 2988 dicitur
3344 2933 3408 2987 in
3459 2931 3609 2987 libro

1945 3018 2227 3074 Bellorum
2290 3019 2546 3073 Domini:
2597 3019 2734 3074 Zoob
2793 3020 3165 3090 inﬂammavit
3223 3024 3275 3077 et
3331 3024 3604 3076 torrentes

1944 3111 2134 3163 Arnen
2164 3106 2327 3179 (Num
2360 3148 2373 3161 .
2404 3124 2519 3174 xxx,
2556 3108 2623 3163 14
2659 3107 2806 3179 apud
2836 3108 2994 3163 LXX.

2014 3195 2341 3267 Zephrona,
2368 3196 2658 3252 terminus
2681 3197 2899 3253 Judaam
2926 3195 3038 3268 (Al.
3070 3196 3249 3269 Ιαάοτ)
3273 3198 3345 3254 ad
3369 3201 3602 3271 septen-

177 3281 434 3354 legimus
473 3281 904 3355 Carthaginem,
954 3282 1015 3337 in
1064 3266 1311 3339 Hebraeo
1348 3266 1842 3355 scriptum‘habet
1871 3266 1914 3333 Ε
1950 3266 2219 3340 ινὶοηίθω.

184 3370 424 3426 Tharsis.
455 3369 735 3426 Nonnulli
794 3371 1021 3427 Indiam
1062 3375 1416 3443 putaverunt
1463 3374 1543 3443 (et
1599 3373 1670 3428 de
1727 3374 1835 3430 hoc

181 3463 305 3516 tam
327 3459 388 3514 in
418 3458 567 3516 libro
597 3458 990 3532 Epistolarum
1023 3461 1216 3532 (Epist.
1251 3477 1415 3518 num.
1446 3461 1560 3530 37),
1593 3478 1742 3533 quas
1763 3462 1835 3518 ad

175 3546 511 3604 Marcellam
543 3548 913 3622 scripsimus,
945 3565 1127 3621 quam
1158 3547 1409 3606 inlibris
1438 3551 1835 3606 Hebraicarum

181 3639 558 3707 Quaestionum
586 3636 818 3710 plenius
848 3638 1072 3695 dictum
1105 3640 1239 3709 est).

248 3727 489 3799 Thersa,
522 3727 622 3783 ubi
653 3735 675 3769 ἰ
701 3728 818 3784 Asa
842 3744 941 3783 rex
973 3727 1146 3783 Israel
1181 3727 1319 3784 fuit.

251 3815 539 3887 Thersila,
588 3816 743 3872 unde
802 3816 913 3872 fuit
968 3817 1253 3873 Manaen:
1307 3833 1495 3889 usque
1544 3817 1717 3874 hodie
1745 3822 1836 3875 est

170 3904 407 3963 viculus
452 3904 958 3962 Samaritanorum
1006 3905 1066 3961 in
1116 3904 1350 3978 regione
1398 3906 1686 3976 Batanaza,
1733 3908 1834 3979 qui

170 3992 446 4051 Thersila
473 3993 703 4049 dicitur.

250 4082 503 4151 Thesba,
523 4083 680 4138 unde
701 4086 865 4139 ortus
884 4087 975 4139 est
990 4082 1145 4139 Elias
1164 4082 1471 4155 propheta,
1498 4083 1831 4140 Thesbites.

249 4171 534 4239 Theman,
601 4172 772 4243 juxta
843 4171 1201 4228 Ezechielem
1280 4171 1485 4227 civitas
1543 4171 1833 4229 Idumam.

175 4266 358 4319 Porro
391 4260 575 4317 Isaias
604 4261 665 4318 in
694 4261 917 4317 visione
947 4277 1076 4316 eam
1108 4260 1272 4334 ponit
1304 4260 1548 4316 Arabiae.
1574 4261 1838 4317 Meminit

173 4350 363 4422 hujus
392 4355 451 4407 et
477 4350 788 4408 Jeremias.
827 4350 1044 4405 Abdias
1076 4355 1271 4407 autem
1304 4350 1511 4406 scribit
1542 4350 1834 4406 civitatem

174 4442 353 4497 Esau.
399 4441 508 4497 Sed
542 4445 600 4496 et
629 4457 784 4496 unus
814 4439 1068 4496 ﬁliorum
1100 4440 1229 4510 ejus
1279 4439 1541 4495 Theman
1574 4438 1835 4512 appella-

176 4531 357 4587 batur
383 4527 538 4584 sicut
566 4545 749 4601 supra
777 4528 1057 4583 diximus.

2017 3373 2217 3441 Zared,
2248 3371 2419 3429 vallis
2447 3373 2627 3430 Zared
2658 3374 2680 3409 ⁸
2709 3372 2769 3429 in
2796 3378 2961 3447 parte
3001 3375 3265 3432 deserti:

2489 3463 2577 3517 DE
2612 3463 2827 3520 LIBRO
2854 3462 3047 3521 JESU.

2014 3550 2191 3623 Zeph,
2223 3549 2284 3605 in
2316 3550 2477 3606 tribu
2508 3551 2681 3607 Juda.

2015 3639 2356 3710 Zannohua,
2389 3640 2448 3695 in
2479 3640 2638 3697 tribu
2668 3640 2843 3709 Juda,
2870 3657 3059 3713 usque
3079 3640 3253 3697 hodie
3283 3640 3342 3696 in
3371 3640 3599 3709 ﬁnibus

1945 3726 2455 3801 Eleutheropoleos
2502 3730 2882 3801 pergentibus
2936 3728 3165 3799 Eliam,
3215 3727 3352 3785 villa
3399 3729 3600 3785 Zanua

1946 3822 2340 3891 nuncupatur.
3378 3818 3383 3847 ⁵

2016 3906 2136 3971 Zib,
2170 3906 2230 3961 in
2262 3909 2499 3962 octavoo
2531 3905 2804 3962 milliario
2848 3904 3112 3962 Chebron
3158 3908 3362 3961 contra
3390 3903 3599 3961 Orien-

1947 4000 2063 4052 tem
2085 4011 2272 4066 usque
2292 3994 2351 4049 in
2372 4010 2625 4066 praesens
2654 3996 2821 4050 vicus
2848 3993 3195 4063 ostenditur,
3223 3994 3325 4049 ubi
3354 3993 3598 4050 abscon-

1943 4083 2101 4139 ditus
2132 4088 2223 4139 est
2242 4082 2443 4138 David.
2468 4082 2601 4138 Fuit
2621 4087 2815 4139 autem
2836 4083 3025 4139 tribus
3040 4083 3207 4140 Judae
3228 4083 3287 4139 in
3317 4084 3595 4155 Daroma,

1944 4173 2003 4227 in
2037 4172 2253 4227 finibus
2281 4170 2809 4244 Eleutheropoleos.

2368 4260 2459 4316 DE
2493 4261 2728 4317 LIBRIS
2755 4261 3171 4319 REGNORUM.
3288 4256 3289 4259 “

2015 4348 2137 4421 Zip,
2172 4365 2341 4404 mons
2373 4348 2706 4422 squalidus,
2731 4350 2820 4406 vel
2862 4350 3147 4424 caligans,
3194 4352 3316 4408 sive
3349 4349 3599 4407 nebulo-

1943 4456 2067 4509 sus,
2093 4440 2263 4509 juxta
2291 4438 2457 4511 Zipb,
2500 4438 2559 4494 in
2610 4455 2725 4511 quo
2778 4438 2931 4495 sedit
2976 4439 3157 4495 David
3204 4454 3385 4512 prope
3415 4438 3598 4494 Cher-

1944 4527 2179 4594 melam,
2213 4527 2415 4599 quaein
2446 4528 2764 4600 Scripturis
2796 4528 3017 4585 sanctis
3059 4527 3361 4585 Carmelus
3394 4525 3595 4599 appel-

249 4618 399 4676 287
436 4616 967 4690 Tharac,quamin
990 4616 1325 4675 terraJudm
1346 4616 1830 4673 Evaeiconditere.
1868 4641 1910 4704 D
1942 4616 2115 4681 latur,
2172 4616 2337 4672 vicus
2396 4615 2567 4672 hodie
2623 4615 2981 4685 Judsaorum,
3039 4617 3196 4673 unde
3252 4615 3362 4672 fuit
3409 4613 3593 4674 Nabal

247 4798 265 4832 ¹
299 4797 420 4853 Imo
451 4796 779 4853 luculenter
806 4798 916 4853 sub
947 4797 1185 4853 nomine
1223 4796 1383 4867 Gaas,
1432 4799 1495 4853 in
1523 4799 1703 4868 cujus,
1737 4797 1827 4853 in-

217 4868 324 4939 uit,
357 4871 558 4942 montis
607 4869 1028 4942 septentrionali
1067 4877 1225 4939 parte
1269 4869 1516 4939 sepultus
1561 4873 1638 4942 est
1663 4875 1828 4928 Jesus

217 4887 324 4939 uit,
357 4887 558 4925 manus
607 4887 1025 4942 septentrionali
1067 4887 1225 4939 parte
1269 4887 1516 4939 sepultus
1561 4887 1828 4928 esuesus

170 4887 337 5024 ﬁlius.
358 4941 522 5010 Nave,
553 4946 607 5024 et
648 4956 816 5024 usque
870 4940 1029 4996 hodie
1070 4942 1238 5024 justo
1293 4943 1475 4997 vicum
1534 4941 1829 4997 Thamnam

818 5029 886 5066 ne
912 5028 1272 5066 monstratur.

170 5012 496 5084 sepulcrum
524 5013 641 5084 ejus
670 5014 886 5082 insigne
912 5016 1272 5067 monstratur.

246 5085 270 5119 ²
297 5083 527 5153 Verius,
605 5083 886 5155 inquiunt
952 5083 1289 5138 Bonfrerius
1347 5087 1404 5137 et
1428 5154 1434 5155 ί
1459 5082 1738 5151 Clericus,
1768 5085 1829 5139 in

173 5155 340 5228 tribu
382 5155 670 5228 Ephraim.
691 5154 869 5211 ’Certe
900 5155 959 5209 in
988 5156 1094 5209 hac
1124 5155 1278 5209 tribu
1319 5155 1391 5228 ab
1422 5154 1550 5228 ipso
1577 5156 1828 5210 Eusebio

174 5243 247 5282 ac
277 5226 626 5298 Hieranymo
657 5227 895 5298 ponitur
916 5240 1108 5291 mons,
1132 5242 1303 5297 quem
1327 5226 1550 5280 dudum
1573 5242 1829 5283 comme-

174 5297 561 5364 moravimus,
597 5297 757 5367 Gaas,
788 5301 847 5354 in
870 5300 1027 5369 cujus
1045 5298 1459 5369 septentrionali
1475 5305 1631 5368 parte
1648 5299 1829 5370 sepul-

174 5379 268 5427 tus
296 5372 374 5424 est
399 5372 571 5426 Iesus.

249 5441 274 5477 ³
302 5442 361 5495 In
422 5442 580 5496 libris
657 5440 1048 5496 Hebraicarum
1115 5440 1507 5508 Quaestionum.
1562 5438 1831 5495 Diximus

174 5528 363 5585 supra
390 5513 734 5585 Quaestione:
765 5512 1068 5585 Hebraicas
1097 5510 1453 5582 Hieronymi,
1495 5514 1702 5582 praeter
1730 5527 1830 5567 eas

174 5582 481 5658 quiesuht
508 5584 570 5658 in
599 5582 893 5658 Genesim,
924 5601 1040 5658 non
1072 5598 1399 5658 superesse.
1435 5586 1719 5658 MARTIAN.

245 5655 581 5712 l>Fortassis
627 5654 774 5711 unde
819 5655 1261 5711 rescribendum
1306 5669 1375 5709 ex
1421 5654 1670 5709 Eusebio
1720 5655 1828 5710 est.

172 5728 396 5788 Contra
423 5729 486 5787 in
517 5727 733 5799 Graeco,
768 5744 872 5803 pro
895 5725 1065 5811 ’Δσάφ
1119 5724 1321 5784 malim
1363 5741 1433 5784 ex
1476 5725 1831 5813 Hieronymo

1934 4795 2085 4864 ’Aaa‘z,
2134 4792 2528 4867 Asatﬁli‘um
2577 4810 2788 4866 nempe
2833 4793 3179 4867 Davidsqui
3230 4793 3590 4867 regnavitin

1937 4867 2181 4922 Tharsa.
2213 4865 2345 4920 Vid.
2382 4865 2457 4920 ΙΙΙ
2486 4864 2833 4937 Regum—xv,
2856 4866 2909 4935 2,
2934 4870 2992 4922 et
3015 4866 3064 4921 Il
3092 4864 3337 4937 Paralip.
3360 4864 3588 4937 xxv,45.

1940 4938 2531 5009 Boni‘reriusquoque
2576 4935 2707 4989 ‘Aea‘t
2758 4936 2918 5009 legit.
2952 4938 3052 4993 sed
3108 4954 3193 5009 ex
3236 4935 3493 5009 ingenio,
3526 4940 3593 4992 ut

1978 5010 2214 5081 leraque
2245 5008 2394 5063 alia:
2438 5009 2712 5081 quodque
2759 5008 2950 5081 magis
2990 5008 3453 5081 improbandurn
3477 5011 3588 5081 est,

1985 5077 2176 5152 ectore
2224 5077 2528 5152 nunquam
2609 5077 2928 5136 admonito.
2979 5077 3241 5152 Denique
3270 5096 3365 5152 _ex
3408 5077 3588 5152 vatio.

1940 5150 2236 5226 Σαμαρέων
2280 5148 2669 5226 ισθεὶῇιιξωυε,
2716 5168 2819 5223 pro
2869 5168 2985 5224 quo
3036 5148 3358 5224 Σαείαρείων
3391 5149 3591 5206 minus

1938 5222 2083 5280 bene
2104 5222 2282 5278 antea
2311 5222 2697 5277 scribebatur.

2009 5297 2030 5329 ⁵
2069 5297 2129 5351 In
2161 5295 2320 5349 libris
2362 5295 2759 5349 Hebraicarum
2789 5294 3185 5361 Quaestionum.
3208 5292 3354 5348 Vide
3384 5304 3587 5348 conse-

1940 5364 2431 5439 quenterlibrum
2462 5365 2871 5439 Eebraicarum
2901 5365 3301 5439 Quaestionum
3328 5364 3386 5439 in
3409 5364 3592 5439 G_ene-

1940 5435 2073 5507 sim,
2111 5436 2207 5491 ubi
2238 5437 2310 5491 de
2335 5437 2426 5505 Ur,
2463 5436 2795 5505 Ulummaus,
2833 5440 2891 5492 et
2942 5436 3009 5492 Us
3059 5437 3322 5509 disputat
3351 5436 3410 5491 S.
3444 5435 3589 5491 Doc-

1938 5516 2048 5565 tor.
2086 5509 2370 5563 MARTIAN.

2010 5582 2031 5615 ⁶
2060 5579 2343 5653 Emendat
2365 5594 2530 5634 meus
2561 5594 2671 5635 ms.
2705 5576 2852 5635 liber
2878 5576 3069 5647 vallis,
3101 5594 3205 5653 pro
3236 5594 3354 5652 quo
3381 5576 3587 5635 vitiose

1943 5651 2209 5709 Martian.
2244 5649 2397 5707 villa.
