3992 6438
2242 248 2258 277 Ι

446 370 573 435 πο
1697 387 1762 449 S.
1810 388 2121 452 EUSEBH
2163 390 2630 460 HIERONYMI.

452 525 796 584 Carmelius.
830 528 940 584 Sed
983 534 1041 586 et
1090 548 1248 590 unus
1298 532 1368 590 de
1416 537 1663 607 posteris
1710 536 1880 594 Caleb
1907 539 2098 596 dictus
2128 527 2182 592 A
2211 526 2341 587 Zcb.
2394 529 2598 587 civitas
2647 534 2921 602 Amman,
2982 534 3277 606 hodieque
3330 534 3470 591 villa
3514 535 3617 593 Zia
3660 541 3862 596 catam

453 618 542 668 est
569 614 734 686 Ziph.
769 618 917 690 Lege
947 618 1433 694 Paralipomenon
1466 625 1512 696 (ι
1542 626 1724 681 parat,
1753 643 1813 694 ιι,
1847 628 1957 698 42),
2211 616 2371 671 ditur
2400 618 2458 672 in
2490 623 2936 691 quentodeeimc
2965 622 3159 695 lapide
3187 623 3626 697 Philadelphia,
3659 631 3862 687 contra

446 710 455 715 ‘
522 703 765 776 Zogora,
795 706 855 761 in
885 708 1141 766 Jeremia
1165 711 1363 769 civitas
1394 713 1813 772 Moabitarum:
1866 716 1986 772 haec
2016 739 2022 768 t

1866 716 1986 772 haec
2016 724 2103 773 εει
2212 705 2602 777 Occidentem,
2638 711 2707 765 de
2738 728 2855 782 qua
2884 712 3086 769 scribit
3123 714 3427 770 Jeremtas.

451 805 580 861 quae
612 809 771 869 nunc
797 800 1043 854 vocatur
1065 799 1266 868 Zoara,
1299 802 1417 857 sive
1447 804 1645 874 Segor,
1677 821 1795 858 una
1822 805 1893 859 de
1928 807 2099 877 quin-
2208 833 2215 841 ρ
2279 796 2532 867 Zeoleth,
2562 816 2774 854 nomen
2806 800 3035 872 lapidis,
3084 802 3181 857 ubi
3233 803 3490 860 Adonias
3534 792 3861 863 immolavit

450 894 564 950 que
593 880 1369 959 civitatibuggsodomopum,
2210 883 2477 940 victimas
2500 888 2672 957 juxta
2702 889 2921 944 fontem
2954 890 3131 962 Rogel
3166 892 3207 946 ¹.
3834 878 3839 883 ἢ

485 1114 495 1124 _
523 1044 539 1076 ¹
572 1044 942 1125 subuectant
965 1052 1185 1106 veteres
1222 1050 1474 1107 editores
1529 1054 1751 1109 Erasm.
1809 1071 1875 1109 ac
1906 1054 2098 1109 Victo-
2209 1051 2493 1111 stolarum.
2525 1064 2633 1125 non
2658 1068 2697 1125 γα
2739 1051 3085 1125 ιΙίοΓφηΗητίὲ,
3112 1052 3221 1125 sed,
3244 1053 3311 1106 ab
3359 1052 3477 1108 αιίο
3508 1054 3745 1125 quodam
3770 1056 3858 1111 ἀε-

451 1116 867 1206 ςξιξίιὲἱδᾳίιιιω
899 1121 1157 1176 Locorum
1185 1139 1258 1178 ea!
1293 1130 1459 1204 zicus,
1506 1141 1681 1206 quem
1730 1125 1787 1180 in
1815 1126 2099 1206 ‘H‘iero‘nyt
2209 1124 2428 1206 scripto:
2463 1126 2528 1175 Et
2559 1122 2723 1206 Bedce
2753 1116 3103 1206 quidem,
3132 1124 3303 1205 cujus
3326 1116 3558 1206 quoque
3580 1125 3854 1206 operibus

452 1193 670 1268 mianis
699 1205 1115 1268 quoquemss.
1166 1195 1385 1265 passim
1438 1193 1696 1251 invenire
1744 1201 1834 1251 est
1862 1196 1957 1251 hic
1988 1193 2095 1251 lo'ci
2211 1193 2521 1249 invenitur.
2556 1193 2857 1268 ascribunt
2884 1194 3113 1268 eruditi
3139 1194 3266 1263 viri,
3299 1193 3399 1266 qui
3430 1193 3675 1268 dignum
3706 1196 3856 1255 lecta

452 1258 869 1336 subjunctum:
893 1258 1303 1336 Hieronymum
1325 1270 1522 1321 tamen
1542 1272 1837 1323 auctorem
1861 1284 1977 1322 non
2001 1268 2028 1321 h

2278 1280 2374 1336 .us
2424 1280 2551 1319 esse
2598 1263 2887 1336 judicent,
2949 1258 3334 1320 Martianze'us'
3373 1258 3562 1323 totum
3617 1271 3854 1325 omnino

448 1328 612 1409 bere,
642 1337 1006 1409 compertum
1037 1328 1146 1390 est.
1182 1338 1243 1390 In
1267 1354 1378 1393 ms.
1404 1343 1609 1394 nostro
1630 1338 2094 1404 itainscribitur,
2211 1328 2446 1406 rejecit:
2483 1328 2678 1409 nosfin
2719 1335 2984 1409 hujusce,
3009 1337 3175 1409 Tomi
3223 1339 3555 1409 Appendice
3604 1341 3677 1396 ad
3711 1357 3853 1398 mss.

449 1400 685 1459 Nomina
734 1400 1040 1477 regionum,
1086 1411 1248 1505 atque
1296 1409 1535 1464 locorum
1580 1410 1646 1464 de
1702 1411 1921 1466 Actibus
1960 1400 2097 1480 ApoL
2210 1400 2441 1478 quoque
2472 1407 2703 1461 codices
2734 1400 3190 1463 recensebimus.

957 1722 1035 1782 ΙΝ
1080 1722 1717 1795 CONSEQUENTEM
1762 1721 2368 1785 GEOGRAPHICAM
2414 1720 2792 1782 TABULAM
2836 1721 3347 1783 PALZESTINxE.

1809 1889 2487 1980 ADMONITIO-

517 2179 777 2237 Perlecto
808 2177 1164 2250 Hieronymi,
1196 2176 1316 2233 sive
1350 2175 1587 2237 Eusebii
1621 2177 1692 2231 de
1720 2176 2040 2232 Palaestina:
2072 2176 2318 2231 urbibus
2350 2179 2406 2229 et
2433 2173 2574 2228 vicis
2608 2173 2773 2240 libro,
2808 2174 2953 2230 nihil
2986 2174 3211 2245 utilius,
3246 2176 3512 2249 nihilque
3542 2178 3613 2235 ad
3642 2195 3849 2235 eorum

447 2272 698 2325 mentem
729 2268 907 2340 probe
939 2267 1324 2337 retinendam,
1359 2267 1731 2337 fructumque
1754 2282 1822 2320 ex
1844 2266 1916 2321 iis
1947 2264 2210 2320 debitum
2233 2262 2381 2320 lectu
2409 2262 2871 2334 percipiendum,
2904 2265 3298 2319 necessarium
3324 2270 3416 2321 est
3438 2267 3648 2339 magis,
3673 2285 3856 2341 quam

441 2356 830 2431 geographica
859 2372 1070 2429 mappa
1098 2356 1278 2410 totius
1309 2360 1496 2422 terrae,
1533 2372 1710 2426 quam
1744 2354 2105 2420 describunt,
2139 2353 2290 2407 situs
2322 2358 2378 2409 et
2408 2352 2532 2408 loca
2562 2352 2632 2407 ad
2667 2369 2728 2407 se
2762 2352 3005 2407 invicem
3038 2371 3154 2409 uno
3186 2360 3500 2426 conspectu
3536 2372 3862 2429 repraesen-

440 2452 603 2504 tare:
633 2447 768 2511 Quae
824 2445 1001 2501 veluti
1036 2444 1452 2500 Commentarii
1484 2444 1669 2499 vicem
1701 2443 1989 2515 suppleat,
2022 2443 2139 2497 imo
2181 2443 2352 2513 cujus
2399 2459 2525 2513 cpe,
2570 2443 2723 2512 quod
2771 2442 3006 2513 prolixis
3082 2445 3525 2502 commentariis
3572 2463 3721 2519 aegre
3753 2448 3861 2502 ad-

442 2536 683 2593 modum
714 2535 999 2602 obtineas,
1033 2536 1404 2607 percurrente
1434 2532 1723 2605 picturam
1754 2531 1922 2588 oculo
1953 2531 2357 2602 consequaris.

1466 2675 1693 2738 Segnius
1740 2674 1951 2723 irritant
1991 2673 2199 2723 animos
2246 2673 2475 2721 demissa
2517 2686 2612 2735 per
2640 2686 2817 2734 aures,

1463 2755 1633 2813 Quam
1660 2768 1779 2818 quae
1808 2757 1933 2804 sunt
1960 2754 2130 2803 oculis
2155 2753 2394 2817 subjecta
2421 2753 2684 2804 ﬁdelibus.
2714 2758 2765 2804 et
2799 2767 2917 2818 quas

1468 2836 1583 2898 Ipse
1611 2835 1711 2885 sibi
1740 2835 1901 2885 tradit
1929 2838 2213 2898 spectator.

2342 2898 2551 2952 (Hoan.
2582 2895 2644 2944 de
2666 2897 2789 2946 Arte
2819 2896 2992 2946 Pcrtic.
3022 2910 3057 2944 v
3084 2898 3171 2947 180
3202 2900 3249 2947 et
3280 2900 3457 2963 seqq.)

436 3049 653 3107 Verum
685 3049 734 3105 si
765 3050 837 3106 ad
870 3049 1081 3106 horum
1113 3050 1286 3105 modo
1318 3049 1552 3104 Patrum
1586 3049 1935 3105 documenta
1962 3049 2245 3105 Tabulam
2277 3049 2627 3105 adumbrare
2656 3053 2940 3121 oporteat,
2974 3048 3234 3121 solisque
3255 3066 3458 3105 eorum
3481 3051 3560 3107 sit
3578 3050 3851 3118 vestigiis

436 3139 853 3206 insistendum,
881 3138 973 3194 vix
1001 3139 1464 3211 uniuscujusque
1497 3138 1752 3211 regionis
1784 3139 2029 3195 seorsim
2062 3139 2278 3194 multas
2308 3138 2625 3206 describas,
2650 3154 2827 3194 unam
2855 3155 2983 3210 quae
2998 3137 3174 3194 simul
3199 3139 3533 3195 universam
3556 3136 3851 3216 ἐγγραφῆς

435 3226 593 3299 τύπῳ
623 3233 689 3283 ut
718 3228 1004 3283 Eusebius
1037 3227 1317 3299 loquitur,
1352 3226 1719 3283 Palaestinam
1749 3227 2038 3295 exhibeat,
2071 3244 2143 3283 ne
2171 3228 2264 3283 vix
2288 3228 2545 3299 quidem.
2571 3228 2716 3283 Nam
2741 3226 2892 3299 quod
2918 3227 2989 3282 cl.
3015 3226 3270 3283 Relandc
3310 3227 3533 3299 pridem
3576 3228 3852 3284 observa-

440 3321 566 3372 tum
591 3321 699 3387 est,
723 3315 1033 3381 Eusebius,
1056 3317 1302 3388 ejusque
1323 3316 1609 3389 interpres
1631 3317 2105 3389 Hieronymus,in
2148 3334 2266 3372 una
2290 3333 2522 3389 quaque
2571 3317 2802 3389 regione
2825 3320 2987 3371 terrm
3012 3314 3338 3371 Israeliticae
3362 3316 3663 3373 intervalla
3683 3316 3849 3373 loco-

441 3421 573 3459 rum
604 3405 677 3460 ab
709 3405 853 3460 urbe
873 3403 1032 3459 illius
1054 3403 1310 3476 regionis
1332 3404 1623 3476 prmcipua
1644 3405 1934 3461 definiunt
1957 3422 1969 3458 :
1994 3406 2181 3477 ipsam
2204 3422 2335 3461 vero
2359 3406 2585 3471 urbem,
2611 3422 2725 3477 quo
2748 3404 2871 3461 loco
2894 3405 3006 3460 sita
3029 3405 3124 3471 sit,
3148 3403 3337 3460 dicere
3359 3404 3843 3477 pratermittunt.

439 3491 719 3565 Exemplo
751 3493 845 3561 sit,
881 3494 1037 3564 quod
1068 3494 1142 3549 ab
1160 3491 1587 3566 Eleutheropoli
1612 3494 1938 3550 metiuntur
1962 3492 2094 3566 plus
2117 3511 2293 3565 quam
2315 3494 2517 3566 viginti
2538 3495 2801 3550 locorum
2824 3494 3027 3560 situm,
3045 3493 3174 3565 ipsa
3194 3509 3326 3548 vero
3348 3491 3843 3565 Eleutheropolis,

439 3585 640 3655 utpote
670 3599 797 3654 qua)
829 3582 888 3637 in
921 3582 1241 3655 Scripturis
1270 3600 1387 3638 non
1422 3587 1797 3650 memoratur,
1833 3599 2008 3655 quem
2038 3588 2291 3638 tractum
2323 3589 2584 3656 occupet,
2612 3599 2905 3654 nusquam
2930 3583 3155 3637 docent.
3180 3582 3338 3637 Idem
3362 3583 3432 3638 de
3457 3580 3702 3654 reliquis
3723 3582 3844 3638 fere

434 3672 680 3728 urbibus
711 3689 823 3727 usu
852 3672 1030 3739 venit,
1065 3689 1212 3744 quas
1244 3672 1301 3728 in
1333 3672 1554 3740 Judzca,
1588 3691 1621 3728 a
1649 3672 1909 3740 Nicopoli
1944 3671 2350 3735 dimetiuntur,
2382 3670 2469 3727 vel
2502 3670 2759 3744 Diospcli
2798 3687 2809 3725 :
2843 3671 2901 3725 in
2934 3669 3303 3740 Samaritide,
3336 3688 3369 3726 a
3398 3668 3631 3743 Neapoli
3655 3662 3841 3726 etse-

432 3760 635 3817 baste:
668 3760 727 3816 in
761 3758 1018 3828 Galilzea,
1050 3777 1084 3815 a
1110 3761 1465 3818 Diocmsarea
1495 3766 1551 3817 et
1582 3761 1867 3833 Legione:
1904 3761 2156 3833 denique
2182 3764 2342 3815 trans
2387 3761 2729 3826 Jordanem,
2784 3777 2816 3815 a
2855 3759 3014 3814 Pella
3060 3764 3115 3814 et
3163 3758 3583 3833 Philadelphia.
3612 3758 3841 3830 Nempe

430 3865 924 3922 supervacaneam
957 3850 1251 3906 duxerunt
1269 3866 1398 3907 esse
1415 3867 1674 3923 operam,
1703 3849 2011 3921 primariae
2040 3866 2137 3904 eas
2162 3850 2360 3915 urbes,
2392 3850 2629 3920 suisque
2651 3847 3015 3920 temporibus
3036 3847 3206 3920 longe
3230 3848 3589 3915 notissimas,
3615 3847 3842 3918 quibus

428 3937 785 3997 haberentur
813 3938 1131 4009 distantiis,
1165 3940 1496 4011 designare,
1531 3956 1745 4012 easque
1776 3939 1918 3994 adeo
1948 3937 2035 3994 vel
2068 3939 2307 3994 omnino
2331 3938 2727 4005 dissimulant,
2750 3936 2838 3992 vel
2858 3934 3047 3997 πόλεις
3070 3934 3396 4008 ἐπισήμους,
3418 3938 3578 3993 urbes
3600 3937 3834 4008 nobiles,

428 4024 645 4083 dixisse
672 4028 928 4083 contenti
962 4031 1116 4085 sunt.
1152 4028 1317 4083 Nunc
1346 4045 1479 4084 vero
1510 4029 1745 4101 quando
1776 4028 2003 4083 nobiles
2028 4044 2155 4083 csse
2179 4028 2502 4095 desierunt,
2527 4028 2652 4082 suis
2679 4025 3148 4098 quasqueloeare
3168 4027 3427 4092 sedibus,
3451 4025 3652 4081 habito
3674 4026 3836 4081 ad’se
3940 4026 3943 4039 ⁴

426 4113 673 4170 invicem
705 4121 993 4188 respectu,
1026 4116 1075 4172 si
1102 4132 1306 4174 eorum
1334 4121 1563 4173 tantum
1595 4116 1829 4173 indiciis
1859 4116 2125 4181 nitimur,
2171 4133 2285 4171 non
2328 4121 2416 4171 est
2444 4116 2804 4189 expeditum.

498 4202 761 4259 Alterum
794 4205 1015 4260 accedit
1042 4205 1180 4261 huic
1209 4204 1363 4261 male
1392 4205 1856 4272 incommodum,
1889 4206 2045 4277 quod
2078 4205 2469 4275 ipsarummet
2500 4204 2759 4274 urbium,
2795 4221 2941 4275 quas
2973 4222 3006 4259 a
3035 4204 3327 4276 praecipua
3357 4203 3836 4277 uniuscujusque

424 4291 682 4364 regionis
699 4293 947 4349 deducto
965 4294 1269 4351 intervallo
1289 4296 1493 4352 Patres
1514 4296 1820 4362 collocant,
1844 4311 1959 4350 non
1984 4311 2169 4365 usque
2193 4296 2335 4349 adeo
2358 4293 2610 4364 diligens
2638 4293 2856 4348 notatio
2880 4293 2957 4348 sit
2979 4297 3241 4365 respectu
3268 4292 3571 4365 plagarum
3600 4293 3830 4364 mundi,

426 4396 559 4435 cum
591 4385 842 4452 quatuor
872 4382 1156 4437 duntaxat
1184 4380 1525 4455 vulgaribus
1553 4382 1670 4437 illis
1702 4382 1865 4447 Ortu,
1899 4382 2146 4448 Occasu,
2174 4380 2594 4452 Septentrione,
2628 4388 2681 4435 et
2724 4380 2958 4436 Meridie
3003 4385 3259 4447 utantur,
3294 4381 3549 4452 reliquas
3578 4380 3831 4454 singulis

424 4467 585 4526 hisce
614 4469 994 4527 intermedias
1024 4469 1342 4544 negligant.
1373 4470 1614 4525 Minime
1646 4476 1839 4525 autem
1874 4470 2149 4524 credibile
2185 4470 2265 4533 lit,
2299 4486 2501 4524 omnes
2532 4471 2707 4525 urbes
2732 4471 2980 4526 Eusebio
3003 4475 3355 4525 memoratas
3379 4475 3535 4526 recta
3555 4485 3687 4526 eam
3709 4469 3832 4543 pla.

421 4574 556 4633 gum
590 4558 937 4632 respexisse,
968 4559 1042 4614 ad
1074 4576 1251 4630 quam
1275 4561 1625 4625 referuntur,
1650 4574 1973 4628 omnesque
1993 4557 2064 4611 ad
2089 4558 2355 4611 eamdem
2379 4558 2551 4612 veluti
2576 4557 2789 4613 lineam
2819 4563 3071 4614 remotas
3095 4558 3273 4614 luisse
3295 4559 3366 4614 ab
3388 4575 3456 4614 ea
3476 4558 3642 4625 urbe,
3669 4559 3829 4613 unde

421 4647 702 4703 distantia
731 4665 933 4704 earum
966 4651 1201 4721 petitur.
1235 4647 1392 4704 Nihil
1415 4648 1542 4717 jam
1576 4647 1647 4701 de
1679 4644 1901 4701 czeteris
1933 4645 2081 4713 dico,
2107 4662 2233 4717 qum
2256 4646 2311 4701 in
2336 4646 2443 4701 hoc
2467 4648 2818 4719 scriptorum
2861 4648 2985 4720 pari
3008 4647 3594 4704 desideratlandatus
3616 4647 3825 4704 Relan—

420 4737 554 4804 d-us,
587 4753 653 4792 ac
682 4736 887 4793 multis
919 4741 1247 4811 exaggerat,
1275 4737 1522 4791 fortasse
1552 4734 1728 4790 etiam
1761 4750 1941 4805 supra
1971 4751 2168 4789 verum
2198 4752 2210 4789 :
2243 4735 2436 4806 reipsa
2466 4736 2621 4790 enim
2640 4741 2741 4791 aut
2762 4753 2969 4808 parum
2992 4737 3207 4807 negotii
3237 4738 3556 4803 facessunt,
3581 4741 3685 4792 aut
3702 4753 3827 4792 rec-

409 4825 647 4884 tissime
677 4843 739 4883 se
769 4826 1008 4894 habent,
1040 4824 1542 4897 quemadmodum
1574 4822 1632 4877 in
1667 4822 1899 4893 praefixa
1918 4822 2057 4878 huic
2079 4828 2235 4879 temo
2259 4824 2376 4878 Praz
2390 4824 2603 4879 fatione
2630 4824 3015 4880 ostendimus.
3044 4826 3195 4880 Satis
3218 4826 3393 4881 exhis
3417 4825 3667 4893 duobus,
3692 4836 3823 4898 quae

414 4916 788 4981 adduximus,
817 4916 1019 4987 liquet,
1054 4914 1344 4969 universa:
1372 4910 1695 4966 Palaestinae
1736 4910 2050 4983 imaginem
2086 4913 2156 4967 ad
2190 4914 2422 4969 Eusebii
2458 4931 2523 4968 ac
2576 4913 2908 4986 Hieronymi
2956 4914 3258 4986 ingenium
3304 4932 3371 4971 ex
3423 4914 3582 4971 hisce
3613 4929 3819 4970 eorum

411 5002 812 5069 monimentis,
832 5001 1064 5057 tametsi
1081 4999 1346 5055 omnium
1372 4996 1540 5067 longe
1556 4995 2060 5067 luculentissimis,
2086 5018 2196 5056 non
2224 5019 2395 5073 posse
2417 5000 2728 5068 delineari;
2757 5002 2855 5056 sed
2873 5003 3139 5072 qumdam
3164 5019 3400 5059 necesse
3420 5020 3550 5059 esse
3566 5002 3733 5074 prius
3748 5017 3819 5057 ex

407 5091 657 5148 aliorum
686 5090 1157 5163 geographorum
1190 5086 1443 5142 maxime
1472 5089 1733 5141 veterum
1760 5088 2101 5144 auctoritate
2133 5092 2509 5160 constituere,
2558 5090 2774 5161 quibus
2825 5091 3060 5145 demum
3112 5091 3259 5163 ipsa,
3311 5109 3439 5163 quae
3497 5091 3558 5146 in
3589 5091 3813 5147 incerto

407 5181 560 5252 apud
592 5178 910 5235 Eusebium
941 5177 1062 5232 sive
1092 5175 1509 5247 Hieronymum
1544 5176 1778 5242 haerent,
1810 5183 2169 5233 asseruntur.
2730 5191 2737 5199 '

402 5287 417 5294 -
476 5268 595 5325 Hoc
622 5283 795 5339 porro
825 5269 934 5330 est,
957 5263 1113 5335 quod
1137 5264 1194 5319 in
1213 5264 1321 5320 hac
1341 5266 1694 5320 exstruenda
1710 5264 1921 5337 Mappa
1942 5267 2218 5339 supplere
2239 5268 2442 5337 debui,
2465 5267 2757 5339 siquidem
2783 5268 2840 5323 in
2870 5273 3144 5340 promptu
3193 5273 3316 5325 erat
3335 5286 3403 5324 ex
3423 5266 3629 5325 alienis
3650 5267 3813 5324 testi-

404 5356 620 5413 moniis
652 5355 788 5411 huic
814 5352 1186 5425 descriptioni
1219 5353 1520 5426 suppetias
1553 5354 1738 5422 ferre;
1764 5370 1869 5409 nec
1893 5358 2021 5425 erit,
2050 5356 2277 5427 opinor,
2314 5358 2413 5428 qui
2442 5357 2634 5412 studio
2659 5373 2786 5411 meo
2808 5356 2983 5411 veluti
3009 5357 3370 5429 propositum
3395 5362 3806 5430 praetergresso

402 5447 742 5502 succenseat
775 5442 949 5498 homo
979 5456 1155 5497 sacrm
1185 5443 1549 5515 geographiae
1579 5442 1849 5514 cupidus,
1880 5446 2157 5515 quoniam
2182 5452 2246 5500 ut
2268 5450 2349 5500 tot
2371 5444 2698 5517 singulares
2716 5445 2948 5501 tabulas
2974 5447 3278 5517 regionum
3301 5446 3745 5510 adumbrarem,
3768 5461 3806 5500 a

402 5549 495 5588 me
524 5531 653 5603 ipso
714 5530 1024 5602 imper-tare
1052 5547 1167 5588 non
1196 5532 1379 5604 potui,
1402 5530 1611 5601 vixque
1635 5530 1802 5587 aliter
1844 5532 2068 5588 fruetus
2091 5534 2161 5588 ab
2185 5534 2397 5589 eximio
2419 5532 2692 5588 hoclibro
2715 5536 2939 5605 poterat
2965 5534 3234 5589 obtineri.
3260 5533 3541 5589 Recensui
3563 5537 3761 5589 autem
3783 5548 3803 5601 ς

402 5636 468 5676 ac
499 5618 766 5691 disposui
797 5618 922 5676 suis
953 5636 1196 5692 quaeque
1228 5619 1568 5676 nominibus
1598 5619 1745 5687 loca,
1778 5626 1952 5692 prout
1982 5639 2048 5677 ex
2077 5621 2627 5695 Septuagintavirali
2660 5621 2910 5676 editione
2940 5622 3049 5677 hoc
3092 5623 3241 5679 libro
3259 5623 3660 5693 enuntientur,
3693 5632 3805 5678 nec

399 5710 580 5766 ferme
598 5706 712 5767 alia
726 5710 1089 5785 praetermisi,
1114 5728 1290 5786 quam
1314 5727 1443 5785 qua:
1467 5708 1849 5784 appellativae,
1874 5718 1937 5767 ut
1955 5716 2184 5785 vocant,
2208 5711 2676 5786 significationis,
2699 5728 2813 5768 non
2832 5711 3077 5785 propriae
3098 5717 3257 5784 sunt,
3272 5717 3375 5770 aut
3395 5716 3548 5770 certe
3568 5712 3802 5791 ignobi-
