3992 6418
194 412 321 493 ως

1436 428 1545 490 DE
1585 424 2073 491 PAL/ESTINIE
2116 428 2366 493 LthIS.

3483 407 3609 491 es

195 563 349 622 lium
380 562 522 620 sunt
547 557 897 635 viculorum,
931 566 1059 636 quas
1089 557 1269 618 nullis
1296 557 1594 617 distantiis
1621 566 1995 633 annotantur,
2030 567 2085 618 et
2114 562 2237 634 quin
2267 565 2410 619 adeo
2442 562 2628 619 satius
2653 567 2778 621 erat
2803 566 3172 639 praeteriisse,
3191 579 3371 639 quam
3402 561 3603 623 fucum

195 651 518 710 lectoribus
541 652 749 721 facere,
785 652 833 708 si
866 652 1038 708 cer‘is
1066 650 1288 707 incerta
1319 652 1722 707 miscerentur.
1759 652 1969 707 Praesto
2000 656 2192 707 autem
2222 652 2331 707 fuit
2360 653 2485 725 ipse
2515 653 2902 727 Hieronymus
2932 655 3057 712 suis
3087 654 3217 711 aliis
3249 654 3503 728 scriptis,
3549 659 3607 715 et

196 758 336 801 cum
368 741 577 815 primis
608 741 668 796 in
700 742 948 812 epistola
978 741 1049 795 ad
1083 740 1443 805 Dardanum,
1491 740 1551 794 in
1584 745 1783 795 nostra
1828 741 2164 796 recensione
2196 743 2316 811 129,
2368 742 2467 797 ubi
2516 742 2797 799 universa:
2849 743 3237 814 possessionis
3263 744 3604 807 Judmorum

194 829 627 904 longitudinem
661 830 900 903 quidem
932 830 1172 884 metitur
1199 847 1229 882 ιι
1263 834 1385 884 Dan
1415 846 1588 899 usque
1616 830 1892 898 Bersabee,
1935 847 2054 900 quae
2084 833 2180 885 via:
2223 840 2440 886 centum
2466 834 2754 903 se.raginta
2799 834 3048 888 millium
3077 834 3138 888 in
3178 834 3402 906 longum
3428 836 3606 906 spatio

191 921 482 982 tunditur;
511 919 884 975 latitudinem
912 935 1045 974 vero
1074 936 1108 973 a
1131 924 1309 989 Joppe
1338 935 1507 989 usque
1537 920 1607 973 ad
1638 920 1877 973 cicutam
1906 919 2177 974 Bethleem
2211 920 2577 991 quadraginta
2604 936 2702 974 sea:
2724 922 2991 991 millium,
3012 923 3105 976 cui
3131 921 3369 978 succedit
3406 924 3606 979 vastis-

190 1012 341 1066 sima
368 1009 606 1066 solitudo
631 1009 801 1081 plena
831 1010 1098 1078 feracium
1130 1010 1533 1063 Barbarorum.
1572 1007 1759 1062 Licuit
1789 1007 1883 1061 hic
1914 1006 2239 1079 intelligere
2270 1007 2512 1063 totidem
2544 1009 2796 1065 millium
2825 1010 3124 1081 regionem
3170 1014 3371 1066 contra
3398 1010 3604 1068 Orien-

191 1104 317 1156 tem
348 1101 504 1154 recto
535 1098 608 1153 ad
637 1097 953 1152 Jordanem
988 1096 1239 1165 tramite,
1273 1101 1448 1167 atque
1473 1114 1506 1150 a
1533 1096 1789 1151 Jordane
1820 1097 1889 1150 ad
1923 1096 2209 1166 Chesbon,
2248 1096 2444 1153 Perzeae
2476 1098 2702 1168 urdem,
2737 1098 2875 1169 sive,
2911 1102 2975 1152 ut
3006 1098 3254 1154 Eusebio
3286 1098 3492 1172 placet,
3530 1100 3602 1155 ad

192 1203 386 1259 usque
414 1185 902 1258 Philadelphiam,
938 1202 1063 1255 quae
1095 1186 1294 1239 decem
1327 1202 1506 1257 supra
1551 1184 1817 1240 Chesbon
1850 1184 2115 1241 millibus
2163 1203 2196 1240 a
2224 1186 2477 1242 Jordane
2522 1188 3001 1260 protendebatur.
3035 1188 3182 1243 Nam
3226 1193 3282 1244 et
3312 1188 3362 1244 si
3391 1189 3603 1245 Judaem

192 1276 447 1332 latitudo
479 1274 654 1348 paulo
684 1280 774 1330 est
811 1274 1103 1343 incertior,
1158 1274 1313 1344 quod
1346 1281 1630 1345 quantum
1687 1274 1840 1329 ultra
1868 1274 2180 1330 Jordanem
2228 1282 2575 1345 excurreret,
2609 1294 2725 1333 non
2780 1277 2926 1333 satis
2957 1277 3108 1334 inter
3163 1282 3429 1335 auctores
3467 1286 3604 1336 con~

192 1365 424 1421 veniat:
459 1364 781 1420 sentiebam
816 1367 1033 1432 tamen,
1068 1379 1183 1418 non
1215 1380 1283 1417 ex
1310 1362 1625 1425 variorum,
1659 1366 1715 1417 et
1742 1364 2084 1435 plerumque
2111 1364 2432 1419 recentium
2464 1365 2776 1435 viatorum,
2835 1365 3125 1437 opinione,
3184 1382 3259 1422 ne
3314 1366 3505 1424 dicam
3536 1384 3604 1423 ex

192 1454 545 1523 Thalmude,
593 1470 660 1509 ac
699 1453 1036 1508 Judaeorum
1082 1451 1328 1508 somniis
1360 1452 1505 1506 mihi
1554 1452 1734 1507 fuisse
1765 1452 2179 1508 describendos
2230 1453 2531 1509 Palestina:
2564 1456 2731 1526 lines,
2780 1455 2881 1510 sed
2910 1471 2979 1510 ex
3032 1454 3374 1526 hujusmodi
3403 1470 3603 1512 rerum

193 1542 606 1612 solertissimo,
640 1546 765 1596 tum
800 1542 871 1595 ob
903 1539 1248 1597 eruditionis
1276 1539 1533 1609 laudem,
1569 1545 1694 1594 tum
1727 1541 1798 1595 ob
1827 1540 1935 1595 loci
1969 1541 2241 1595 viciniam
2272 1542 2611 1598 Caesariensi
2665 1542 2955 1614 episcopo,
3000 1544 3247 1614 ejusque
3289 1542 3605 1623 interprete

194 1648 415 1704 magno
465 1630 835 1702 Hieronymo,
892 1631 993 1701 qui
1037 1630 1205 1685 sedes
1253 1629 1383 1684 illas
1433 1633 1489 1685 et
1517 1629 1806 1685 curiosius
1839 1629 2183 1701 peragravit,
2217 1634 2273 1685 et
2320 1630 2536 1686 multos
2585 1647 2772 1689 annos
2828 1629 3090 1686 incoluit.
3122 1618 3513 1695 Quamobrem
3546 1634 3604 1686 et

190 1720 367 1777 multi
396 1719 659 1776 facienda
688 1736 819 1776 sum
855 1720 1177 1774 arbitratus
1210 1718 1339 1790 ipsa
1368 1736 1435 1773 ex
1468 1718 1815 1790 Hieronymo
1839 1720 2122 1791 Excerpta,
2146 1736 2272 1789 quae
2296 1720 2368 1774 ad
2392 1718 2653 1774 locorum
2674 1718 2980 1774 intervalla
3002 1719 3242 1790 iaciunt,
3267 1724 3326 1776 et
3345 1719 3430 1775 sic
3460 1719 3602 1776 satis

190 1809 458 1866 studiose
489 1814 622 1881 post
649 1808 1049 1864 Martianazum
1083 1806 1307 1879 collegi,
1343 1812 1406 1863 ut
1426 1808 1552 1878 jam
1585 1807 1704 1862 sint
1732 1809 2049 1864 maximam
2083 1812 2308 1879 partem
2340 1807 2619 1880 auctiora,
2661 1807 3012 1864 Praetermisi
3061 1812 3257 1864 autem
3305 1808 3440 1879 alia,
3473 1825 3600 1881 quae

189 1915 263 1954 ex
291 1898 600 1971 temetipso
632 1897 853 1953 recolas
885 1913 953 1952 ex
983 1895 1231 1968 cpistola
1261 1896 1381 1965 108,
1412 1896 1529 1951 sive
1561 1896 1618 1951 S.
1654 1896 1841 1952 Paula}
1875 1896 2188 1969 epitaphio,
2241 1913 2274 1951 a
2304 1914 2361 1951 n.
2395 1898 2429 1951 8
2480 1898 2551 1952 ad
2587 1898 2672 1967 15,
2703 1900 2877 1969 atque
2924 1913 2993 1952 ex
3022 1895 3142 1967 illa,
3193 1913 3320 1968 quae
3350 1897 3422 1952 de
3448 1897 3601 1953 Man-

185 1988 437 2045 sionibus
466 1987 537 2042 ad
558 1988 835 2043 Fabiolam
868 1984 1230 2053 inscribitur,
1265 1985 1323 2040 in
1364 1989 1566 2040 nostra
1613 1986 1951 2040 recensione
1996 1987 2086 2055 78,
2134 2001 2260 2056 quae
2303 1989 2471 2041 erant
2520 1985 2698 2042 ferme
2729 2002 2797 2042 ex
2845 1984 3072 2058 integro
3102 1984 3517 2058 describendae,
3550 1986 3603 2042 si

187 2093 320 2149 quas
352 2075 435 2133 ibi
466 2076 539 2133 de
562 2076 748 2132 Terrae
790 2079 1005 2131 sanctae
1035 2073 1281 2130 urbibus
1312 2073 1643 2142 traduntur,
1679 2073 1885 2129 fuisset
1917 2073 2151 2129 animus
2181 2072 2473 2129 exhibere.

194 2282 3604 2313 Mm

1145 2480 1325 2585 EX
1418 2477 2142 2586 HIERONYMI
2243 2477 2640 2585 LIBRIS

1596 2709 2200 2800 EXCEBPTA

492 2941 709 3064 DE
800 2934 1539 3083 ALIQUOT
1628 2930 2685 3056 PALZESTINfE
2769 2929 3286 3055 LOCIS.

292 3369 872 3432 zﬁlldrademmon
926 3365 1066 3420 urbs
1125 3367 1215 3418 est
1236 3363 1407 3434 juxta
1458 3358 1837 3428 Jezraelem‘,
1871 3360 1925 3426 Α
1955 3358 2217 3431 plerique
2265 3357 2577 3425 aestimant,
2646 3357 2803 3429 quod
2854 3357 3071 3431 Ἄρεος,
3116 3356 3175 3413 id
3245 3360 3335 3414 est
3388 3358 3598 3431 Martis,

188 3478 324 3536 quae
382 3460 491 3519 hoc
546 3457 688 3515 olim
742 3454 1025 3511 vocabulo
1082 3456 1424 3523 nuncupata
1480 3454 1586 3518 est,
1664 3448 1835 3503 hodie

186 3553 432 3610 vocatur
459 3542 982 3616 MaximianOpolis,
1044 3541 1102 3596 in
1157 3557 1361 3612 campo
1396 3539 1736 3610 Mageddon,
1772 3536 1830 3591 in

182 3657 303 3714 quo
334 3637 528 3696 Josias
548 3653 645 3692 rex
672 3653 706 3691 a
727 3633 1027 3689 Pharaone
1053 3632 1440 3703 cognomento
1457 3626 1685 3683 Nechao
1715 3625 1834 3680 vul-

182 3730 427 3785 neratus
459 3730 550 3793 est
577 3724 741 3797 (Zach
770 3724 897 3790 xu.)

256 3817 460 3883 Ahila.
494 3819 648 3871 Mare
680 3812 966 3879 Rubrum,
998 3810 1057 3865 in
1082 3810 1251 3880 cujus
1302 3807 1497 3861 littore
1530 3804 1697 3860 Abila
1728 3822 1831 3877 po-

175 3906 298 3964 sita
327 3910 435 3976 est,
470 3903 568 3962 ubi
600 3919 756 3958 nunc
787 3902 1048 3955 moratur
1075 3897 1244 3970 legio,
1278 3900 1334 3951 ct
1362 3895 1701 3967 praesidium
1726 3894 1832 3948 Ro-

179 4010 505 4053 manorum
537 3992 747 4066 (Ezech.
782 3988 976 4059 XLVII).

250 4084 491 4141 Anathol
520 4086 608 4138 est
636 4081 865 4137 viculus
916 4077 974 4131 in
1027 4074 1197 4131 tertio
1247 4072 1525 4129 milliario
1582 4072 1654 4127 ab
1690 4071 1831 4127 urbe

181 4172 534 4247 (Jerusalem)
588 4170 736 4227 situs
793 4170 1048 4240 (Prowm.
1110 4167 1171 4218 in
1229 4163 1325 4217 lib.
1381 4164 1713 4216 iComment
1772 4162 1827 4215 in

178 4260 336 4331 Osee)
395 4262 599 4315 contra
654 4252 1111 4328 septentrionem
1168 4248 1494 4305 Jerusalem
1545 4248 1603 4303 in
1664 4247 1831 4302 tertio

185 4347 489 4406 milliaria.
523 4347 740 4418 (Jerem.
776 4349 837 4411 1).

255 4436 492 4510 Apedno.
526 4436 695 4508 Figat
753 4428 1199 4487 tabernaculum
1233 4443 1408 4483 suum
1466 4426 1525 4480 in
1594 4425 1832 4497 Apedno
1884 4478 1887 4481 Α

173 4526 358 4599 juxta
411 4522 739 4597 Nicopolin,
796 4538 923 4592 qua:
966 4517 1130 4590 prius
1186 4517 1466 4572 Emmaus
1495 4515 1830 4579 vocabatur,

177 4614 288 4672 ubi
308 4614 600 4687 incipiunt
621 4614 904 4667 montana
923 4608 1136 4662 Judzeaa
1161 4621 1517 4677 consurgere
1542 4604 1702 4675 (Dan.
1731 4603 1831 4673 XI).

1946 3447 2151 3503 civitas
2184 3448 2260 3503 sit
2290 3448 2405 3519 (ιδα
2434 3448 2550 3517 xv).

2013 3537 2221 3603 Arnen,
2255 3540 2345 3593 est
2372 3535 2660 3592 terminus
2690 3534 3168 3591 Amorrhaeorum
3214 3539 3275 3592 et
3296 3536 3579 3593 Moabita-

1945 3642 2075 3681 rum
2104 3626 2286 3697 (Ibid).

2014 3717 2213 3770 Aeolus
2270 3716 2425 3770 Mare
2474 3717 2670 3769 autem
2719 3712 3107 3768 novissimum
3166 3711 3428 3785 intelligo
3476 3712 3588 3769 hoc

1942 3804 2097 3875 quod
2130 3804 2201 3859 ad
2226 3803 2589 3859 occidentem
2611 3805 2718 3868 est,
2739 3804 2796 3857 ct
2811 3801 2967 3873 quod
2987 3801 3149 3856 ducit
3168 3801 3229 3856 in
3249 3805 3587 3873 IEgyptum,

1940 3892 2000 3947 in
2051 3894 2224 3964 cujus
2268 3892 2461 3947 littore
2508 3892 2662 3947 Gaza
2706 3894 2763 3945 et
2810 3889 3083 3958 Ascalon,
3153 3891 3491 3962 Azotusque
3528 3893 3590 3946 et

1939 3982 2145 4054 Joppe,
2173 3986 2230 4037 et
2260 3980 2539 4048 Caesarea,
2574 3984 2631 4036 et
2658 3983 2877 4035 caetera:
2908 3979 3085 4033 urbes
3117 3978 3425 4036 maritim
3465 3978 3593 4035 site

1942 4074 2081 4126 sunt
2112 4071 2251 4141 (Joel
2282 4073 2371 4139 ιι).

2011 4159 2297 4214 Bersabee.
2332 4158 2441 4214 Ubi
2471 4162 2528 4213 et
2555 4158 2852 4214 Bersabee
2880 4173 3070 4229 usque
3098 4157 3273 4214 hodie
3311 4157 3597 4231 oppidum

1941 4253 2062 4304 est:
2099 4265 2227 4320 quae
2258 4248 2555 4320 provincia
2585 4251 2720 4303 ante
2748 4247 2905 4303 295
2941 4264 3059 4303 non
3107 4247 3329 4319 grande
3362 4250 3599 4320 tempus

1942 4354 2010 4391 ex
2056 4335 2345 4392 divisione
2392 4336 2716 4391 Prazsidum
2772 4335 3104 4405 Palestina,
3166 4336 3453 4393 Salutaris
3508 4341 3600 4393 est

1942 4425 2100 4481 dicta
2133 4426 2353 4497 (Quaest.
2387 4424 2458 4480 ad
2489 4424 2619 4479 Gen.
2653 4440 2794 4493 χχιι,
2827 4425 2941 4495 30).

2014 4515 2342 4571 Betti-aven.
2383 4513 2519 4577 Quae
2553 4513 2850 4584 quondam
2882 4512 3200 4568 vocabatur
3247 4512 3469 4582 Bethel,
3508 4516 3600 4568 est

1943 4605 2086 4659 urbs
2120 4604 2175 4659 in
2204 4603 2359 4658 tribu
2391 4601 2670 4674 Ephraim
2726 4606 2855 4673 post
2905 4600 3207 4671 Benjamin
3238 4618 3252 4668 ;
3303 4600 3404 4655 ubi
3436 4601 3595 4655 enim

254 4703 479 4760 Arabia.
505 4703 625 4759 Rex
653 4697 1034 4771 Babylonis...
1070 4694 1404 4767 egredietur
1447 4694 1683 4764 quidem
1717 4709 1833 4747 uno
1876 4738 1920 4802 Β
1951 4694 2152 4748 linitur
2179 4692 2507 4762 Bcnjamin,
2552 4689 2710 4745 haud
2762 4687 2965 4761 procul
3002 4688 3061 4743 in
3111 4687 3268 4744 tribu
3317 4687 3595 4760 Ephraim

192 4792 404 4851 itinere
431 4790 856 4855 Chaldaorum,
915 4787 1016 4842 sed
1072 4801 1205 4839 cum
1246 4783 1470 4838 venerit
1519 4800 1621 4853 per
1649 4782 1841 4837 deser-

176 4887 313 4939 tum
342 4885 399 4938 et
427 4879 809 4937 solitudinem
844 4876 1000 4933 294
1029 4875 1099 4930 ad
1132 4872 1294 4927 biviu
1313 4889 1369 4927 m
1403 4877 1567 4926 terrm
1598 4871 1839 4937 Arabim,

187 4987 322 5045 quae
356 4968 686 5044 appellatur
722 4966 977 5021 liliorum
1010 4969 1283 5029 Ammon,
1318 4977 1564 5032 quarum
1601 4977 1717 5015 una
1752 4960 1843 5014 via

181 5058 516 5119 Jerusalem
544 5056 709 5112 ducit
737 5055 806 5109 ad
842 5056 1137 5109 dexteram
1175 5055 1423 5123 partem,
1448 5049 1689 5105 sinistra
1708 5066 1842 5105 vero

184 5150 263 5207 ad
323 5146 591 5205 Rabbath
624 5144 881 5200 ﬁliorum
911 5150 1185 5207 Ammon,
1220 5156 1344 5210 qure
1374 5144 1462 5193 est
1488 5138 1689 5193 civitas
1721 5156 1840 5193 me-

181 5236 456 5311 tropolis,
515 5240 573 5293 et
625 5234 801 5290 hodie
856 5228 1268 5301 Philadelphia
1326 5228 1688 5295 nominatur,
1728 5232 1840 5283 etc.

198 5325 400 5401 (Ezech
428 5326 567 5397 xxx).

262 5419 362 5485 Ar,
392 5414 596 5471 civitas
649 5411 989 5484 metropolis
1032 5409 1291 5480 regionis
1336 5406 1527 5473 Moab,
1552 5422 1677 5477 quae
1710 5423 1838 5477 pro-

181 5504 384 5565 vincia
413 5508 502 5561 est
532 5504 815 5559 Arabum.
850 5501 1030 5557 Hodie
1064 5517 1133 5554 ex
1164 5498 1399 5553 Hebraeo
1424 5500 1480 5549 et
1509 5495 1704 5549 Graeco
1727 5511 1843 5550 ser-

184 5611 368 5654 mone
413 5592 756 5665 oomposita,
808 5588 1115 5662 Areopolis
1165 5589 1579 5657 nuncupatur;
1631 5601 1744 5639 non
1779 5589 1843 5639 ut

266 5776 288 5813 ²
317 5772 547 5832 Vitiosa
577 5770 849 5833 Μαι-τίω).
879 5769 1212 5832 Jerusalem.

1952 4783 2074 4838 haec
2104 4783 2245 4837 urbs
2275 4780 2509 4836 condita
2537 4783 2626 4833 est
2658 4778 2813 4845 (Osee
2841 4779 2915 4847 v).

2026 4873 2301 4928 Bethutia.
2351 4871 2494 4925 Cum
2547 4866 2776 4922 inﬁnito
2824 4865 3061 4936 agmine
3118 4865 3598 4937 prosequentium

1951 4960 2108 5016 venit
2136 4958 2531 5016 Bethuliam...
2565 4955 2775 5027 quinto
2822 4954 2917 5009 die
2968 4953 3128 5009 venit
3178 4952 3475 5009 Pelusium
3518 4953 3604 5025 (In

1956 5051 2056 5106 Vit.
2092 5049 2144 5103 S.
2180 5048 2549 5114 Hilarionis).

2025 5139 2383 5193 Cadesbarne.
2423 5137 2477 5191 ln
2512 5137 2745 5190 deserto
2796 5138 2907 5201 est,
2958 5133 3113 5205 quod
3159 5130 3504 5188 extenditur
3533 5128 3605 5186 ad

1953 5228 2158 5284 urbem
2192 5230 2422 5282 Petram
2454 5223 2675 5294 (Ezech.
2706 5221 2927 5293 XLVIII.)

2025 5317 2321 5373 Carmelus.
2373 5315 2499 5370 Duo
2548 5317 2691 5370 sunt
2741 5316 2976 5368 montes
3024 5310 3125 5383 qui
3177 5312 3462 5366 vocantur
3498 5308 3609 5365 hoc

1951 5406 2185 5462 nomine
2210 5423 2223 5472 ;
2258 5403 2479 5460 alterin
2506 5419 2619 5473 quo
2646 5401 2760 5457 fuit
2781 5400 2967 5457 Nabal
2990 5400 3334 5469 Carmelius,
3357 5398 3609 5454 maritus

1952 5494 2200 5565 Abigail,
2235 5493 2305 5548 ad
2337 5490 2670 5546 Australem
2724 5490 2997 5562 plagam:
3034 5489 3183 5545 alter
3220 5489 3392 5560 juxta
3420 5485 3608 5543 Ptole-

1953 5584 2207 5638 maidem
2241 5583 2425 5652 (juxta
2460 5580 2732 5633 Pha’nicis
2764 5579 3074 5649 terminos),
3119 5595 3246 5651 quas
3299 5576 3465 5650 prius
3507 5591 3607 5632 voc
