3992 6384
424 381 547 447 179

1659 387 1724 449 S.
1771 383 2085 450 EUSEBII
2127 383 2595 450 HIERONYMI.

430 516 676 575 cabatur
701 517 881 592 Acho,
915 518 1062 576 mari
1092 518 1434 588 imminens,
1483 520 1544 576 in
1592 536 1708 592 quo
1751 519 1909 576 Elias
1940 536 2073 592 pro-
2101 522 2159 588 Α
2260 519 2491 593 Galaad,
2524 538 2702 594 quam
2734 522 2994 596 possedit
3022 520 3267 579 dimidia
3316 518 3504 578 tribus
3531 519 3828 590 Manasse,

428 606 607 680 pheta
637 608 799 665 ﬂexis
829 610 1081 681 genibus
1112 611 1342 682 pluvias
1373 610 1705 682 impetravit
1731 611 1910 676 (Amos
1940 610 2001 680 ι).

504 715 802 771 Carmelus.
837 715 897 771 Si
948 716 1277 773 absconditi
1327 716 1543 772 fuerint
1590 716 1651 771 in
1697 716 1909 771 vertice
1938 719 2077 771 Car-

430 800 591 869 meli,
621 801 708 857 vel
732 803 903 873 juxta
931 803 1228 861 Phaenices
1281 804 1558 860 terminos
1620 804 1678 857 in
1730 803 2076 875 septentrio-

428 888 547 946 nali
579 889 752 962 plaga
780 892 854 947 ad
886 892 1191 949 meridiem
1224 898 1459 965 propter
1511 892 1691 947 eremi
1720 892 2072 957 vastitatem,

430 977 531 1035 ubi
548 979 836 1035 habitavit
851 982 1151 1052 quondam
1172 981 1354 1037 Nabal
1377 981 1701 1037 Carmelius
1730 981 1909 1051 (Amos
1929 980 2072 1051 vm).

502 1086 787 1143 Carmelus
815 1104 971 1143 mons
1002 1088 1060 1143 in
1110 1088 1360 1144 confinio
1408 1087 1718 1143 Palestina:
1764 1091 1820 1142 et
1850 1086 2075 1141 Phoeni-

430 1190 528 1232 ces
559 1174 898 1233 Ptolemaidi
931 1177 1222 1243 imminet,
1253 1175 1387 1231 licet
1415 1180 1473 1232 et
1501 1176 1652 1232 alius
1675 1176 1734 1231 in
1758 1174 2076 1247 Scripturis

430 1263 655 1320 sanctis
687 1282 857 1321 mons
885 1264 1187 1320 Carmelus
1215 1264 1567 1336 appellatur,
1601 1265 1660 1320 in
1691 1281 1805 1337 quo
1836 1264 1948 1318 fuit
1968 1263 2077 1319 Na-

428 1351 527 1409 bal
556 1352 879 1408 Carmelius
910 1354 1017 1424 (Isa
1041 1354 1219 1423 xxxx).

502 1440 696 1512 Cedar,
747 1458 875 1513 quas
924 1442 1220 1513 quondam
1274 1440 1675 1498 inhabitabilis
1721 1441 1852 1509 fuit,
1919 1439 2076 1512 regio

425 1530 592 1586 trans
619 1530 897 1586 Arabiam
928 1531 1357 1587 Saracenorum
1390 1534 1533 1600 (Isa.
1565 1532 1725 1602 XLII).

500 1620 625 1677 Dan
655 1619 716 1674 in
749 1619 1018 1676 terminis
1046 1624 1213 1676 terrae
1237 1620 1517 1689 Judaicae,
1543 1620 1643 1675 ubi
1672 1635 1828 1676 nunc
1852 1623 2073 1675 Paneas

426 1711 519 1765 est
549 1708 732 1780 (Amos
757 1708 903 1779 VIII).

502 1800 647 1852 Dan.
679 1796 940 1869 Septima
968 1798 1091 1853 Dan
1123 1814 1311 1869 usque
1362 1799 1434 1855 ad
1484 1798 1752 1870 Joppem,
1807 1796 1905 1851 ubi
1936 1800 2075 1852 sunt

2185 612 2351 665 trans
2391 612 2702 681 jordanem
2756 613 3059 685 Scriptura
3105 614 3538 668 commemorat.
3595 610 3661 667 In
3710 627 3827 682 quo

2188 702 2383 753 monte
2410 699 2603 756 Laban
2632 700 2948 773 fugientem
2997 703 3350 756 consecutus
3395 703 3487 755 est
3523 698 3729 769 Jacob,
3773 702 3830 754 et

2186 803 2358 842 mons
2389 788 2552 858 juxta
2582 789 2853 845 Genesim
2885 806 3099 846 nomen
3131 789 3355 861 accepit
3383 787 3581 863 σωρὸς,
3628 787 3689 844 id
3718 791 3826 858 est,

2186 877 2453 931 tumultus
2482 878 2825 949 testimonii,
2857 895 2924 934 eo
2974 880 3129 951 quod
3162 878 3243 934 ibi
3292 878 3471 934 Jacob
3519 877 3834 949 Labanque

2179 963 2508 1034 juraverint
2536 966 2593 1021 in
2626 983 2899 1023 acervum
2947 966 3242 1039 lapidibus
3294 964 3683 1039 congregatis.
3732 966 3835 1021 Est

2185 1057 2381 1108 autem
2411 1060 2607 1126 caput,
2659 1056 2778 1111 sive
2827 1055 3181 1128 principium
3229 1054 3433 1110 Libani
3485 1053 3705 1110 montis
3735 1069 3831 1110 ex-

2185 1140 2345 1211 celsi,
2374 1142 2475 1214 qui
2505 1143 2814 1200 universus
2842 1143 3032 1199 cedris
3062 1142 3325 1199 consitus
3354 1146 3443 1198 est
3472 1143 3828 1214 (Hieronym.

2187 1232 2248 1285 in
2274 1246 2321 1285 ο.
2353 1248 2467 1287 xm
2492 1233 2769 1289 Ieremia.

2254 1322 2604 1377 Genesar-eth.
2636 1322 2824 1377 Lacus
2852 1320 3109 1377 Jordane
3137 1319 3416 1376 inﬂuente
3463 1318 3738 1385 efficitur,
3767 1318 3827 1373 in

2185 1409 2355 1479 cujus
2386 1408 2581 1465 littore
2612 1409 3061 1481 Chaphanaum,
3109 1413 3167 1464 et
3212 1408 3496 1474 Tiberias,
3546 1412 3604 1463 et
3650 1406 3828 1462 Deth-

2183 1497 2365 1568 saida,
2400 1503 2456 1553 et
2485 1498 2826 1555 Chorozaim
2859 1499 2983 1554 sita:
3016 1503 3156 1553 sunt
3184 1498 3310 1570 (Isa.
3344 1498 3444 1567 Ix).

2256 1604 2501 1661 Cereris.
2534 1605 2891 1674 Notandum,
2926 1605 3078 1676 quod
3131 1605 3201 1660 de
3249 1604 3478 1660 Geraris
3528 1618 3716 1676 usque
3756 1603 3829 1657 ad

2184 1698 2445 1749 montem
2476 1694 2674 1763 Moria,
2710 1694 2767 1748 id
2801 1697 2891 1749 est
2922 1694 3123 1749 sedem
3170 1692 3394 1764 templi,
3443 1692 3554 1748 iter
3597 1691 3830 1747 dierum

2179 1785 2360 1839 trium
2391 1784 2467 1839 sit
2498 1785 2723 1854 (Quaest.
2757 1785 2815 1837 in
2853 1782 3003 1851 Gem,
3037 1798 3087 1847 c,
3121 1799 3288 1851 xxiii,
3320 1783 3399 1852 5).

425 1888 621 1942 turres
650 1885 843 1956 Ailon,
876 1890 934 1942 et
960 1886 1172 1953 Selebi,
1204 1891 1261 1941 et
1290 1890 1589 1952 Emmaus,
1625 1903 1750 1958 quae
1778 1902 1934 1941 nunc
1974 1903 2073 1958 ap-
2105 1890 2154 1956 Β
2257 1888 2387 1945 Geth
2436 1890 2525 1961 (ut
2583 1889 2919 1962 Regnorum
2980 1903 3211 1960 quoque
3266 1890 3515 1943 testatur
3560 1886 3830 1953 historia)

424 1973 685 2047 pellatur
730 1973 1044 2046 Nicopolis,
1098 1974 1234 2031 licet
1281 1980 1483 2047 postea
1530 1975 1865 2047 legerimus,
1918 1976 2071 2047 quod

426 2062 686 2135 ceperint
716 2062 1216 2134 sibi,transcensis
1246 2064 1378 2120 aliis
1406 2065 1714 2135 tribubus,
1751 2065 1956 2119 urbem
1980 2064 2078 2119 Le-

424 2165 552 2207 sem
581 2150 642 2207 in
670 2152 829 2207 tribu
882 2153 1021 2223 Dan,
1070 2169 1195 2225 quae
1245 2152 1419 2209 hodie
1477 2153 1809 2226 appellatur
1852 2156 2074 2208 Paneas

426 2239 651 2309 (Ezech.
673 2241 895 2313 vam).

502 2331 701 2386 Dimon
728 2338 784 2386 et
813 2332 1013 2387 Dibon.
1047 2332 1128 2387 Ne
1158 2332 1293 2404 quis
1322 2332 1637 2405 Scriptoris
1659 2332 1866 2387 vitium
1891 2336 2072 2403 putet,

427 2419 488 2474 et
511 2434 767 2475 errorem
797 2421 1111 2477 emendare
1142 2422 1283 2476 dum
1314 2420 1459 2491 vult,
1508 2421 1683 2477 faciat
1709 2439 1722 2489 ;
1773 2438 1893 2476 una
1936 2420 2076 2475 urbs

428 2510 487 2563 et
516 2524 621 2580 per
647 2524 704 2562 m
732 2513 789 2563 et
818 2526 920 2581 per
950 2510 979 2564 b
1009 2510 1263 2566 litteram
1295 2510 1611 2565 scribitur:
1643 2527 1675 2565 e
1717 2510 1934 2580 quibus
1981 2509 2077 2563 Di-

429 2610 589 2666 mon,
620 2597 1342 2670 silentiuminterpretatur
1378 2615 1391 2665 ;
1417 2598 1626 2669 Dibon,
1649 2601 1823 2669 [luens
1844 2616 1865 2659 ;
1892 2598 2077 2653 indito

429 2686 682 2755 utroque
713 2686 949 2741 nomine
980 2691 1218 2759 propter
1247 2686 1466 2758 latices,
1502 2686 1603 2759 qui
1652 2687 1826 2743 tacite
1871 2688 2073 2742 fluant.

430 2770 628 2843 Usque
654 2771 829 2829 hodie
853 2774 1256 2831 indifferenter
1284 2779 1341 2831 et
1388 2775 1597 2831 Dimon
1647 2780 1705 2832 et
1754 2776 1937 2832 Dibon
1969 2776 2078 2832 hoc

430 2860 782 2933 oppidulum
812 2864 1029 2919 dicitur
1057 2865 1185 2936 (lsa.
1210 2865 1327 2935 xv).

501 2953 682 3005 Dama
714 2951 889 3024 Regio
923 2953 1195 3021 ldumaea,
1229 2969 1357 3024 quae
1389 2953 1460 3008 ad
1496 2958 1776 3009 Austrum
1807 2954 1993 3026 vergit
2023 2958 2080 3009 et

431 3038 506 3094 ab
566 3040 709 3096 urbe
738 3040 1199 3114 Palestine,qua3
1232 3042 1405 3098 hodie
1432 3042 1646 3098 dicitur
1670 3042 2075 3116 Eleutheropo-

429 3125 504 3184 lis
532 3129 605 3183 20
624 3128 809 3186 distat
837 3129 1104 3187 millibus
1139 3134 1244 3202 (lsa
1265 3133 1404 3203 xxx).

498 3217 755 3274 Edomia.
789 3218 952 3275 Unus
981 3237 1120 3292 ergo
1143 3225 1320 3292 atque
1338 3220 1493 3275 idem
1518 3220 1710 3277 tribus
1737 3220 2076 3277 nominibus

433 3305 777 3379 appellatur,
834 3309 1006 3379 Esau,
1058 3310 1258 3380 Edom,
1303 3310 1458 3366 290
1508 3309 1650 3377 Seir,
1703 3310 2078 3381 posseditque

435 3410 566 3451 eam
596 3394 913 3467 regionem,
946 3413 1073 3468 quas
1107 3414 1259 3453 nunc
1310 3397 1603 3454 Gebalena
1645 3397 1880 3469 dicitur,
1914 3402 1972 3453 et
2019 3399 2078 3452 in

437 3481 657 3539 ﬁnibus
687 3488 779 3540 est
810 3484 1340 3557 Eleutheropoleos,
1378 3485 1476 3541 ubi
1508 3491 1639 3542 ante
1679 3486 2082 3542 habitaverunt

435 3569 674 3641 Horrtei,
708 3572 809 3645 qui
842 3574 1303 3645 interpretantur
1331 3576 1516 3639 liberi,
1569 3575 1724 3630 unde
1778 3574 1907 3646 ipsa
1937 3575 2079 3631 urbs

433 3663 639 3733 postea
670 3661 876 3718 sortita
904 3663 1252 3719 vocabulum
1285 3668 1393 3719 est.
1428 3664 1592 3729 Quod
1624 3680 1760 3735 ergo
1801 3663 2080 3719 Hebraice

430 3749 634 3821 Edom,
687 3757 744 3808 et
790 3752 981 3807 Graece
1028 3752 1244 3808 dicitur
1289 3748 1585 3823 Ἰδουμαία,
1639 3768 1793 3807 nunc
1851 3753 2077 3808 viculus

430 3837 732 3895 Palestina:
783 3846 891 3911 est,
942 3859 977 3897 υ.
1022 3842 1318 3898 conditore
1373 3842 1458 3897 sic
1516 3840 1793 3913 imposito
1841 3841 2077 3897 nomine

432 3927 652 3999 (Αὺάίαε
681 3930 747 4000 ι).

495 4017 698 4072 Emath
723 4020 929 4089 minor,
958 4020 1028 4074 ad
1080 4019 1515 4076 distinctionem
1567 4019 1774 4075 Emath
1826 4035 2071 4092 magnae,

426 4120 557 4176 qua:
589 4112 749 4162 nunc
775 4107 1086 4163 Antiochia
1108 4112 1367 4177 vocatur,
1398 4108 1541 4164 urbs
1572 4112 1661 4163 est
1709 4108 1767 4163 in
1804 4108 2075 4165 terminis

424 4193 618 4250 Terrae
647 4199 886 4266 Sanctae,
921 4196 1021 4268 qui
1045 4196 1228 4252 solem
1280 4197 1625 4269 respiciunt.
1682 4202 1888 4253 Postea
1920 4197 2076 4254 dicta

427 4286 519 4338 est
584 4282 908 4356 Epiphania
954 4286 1025 4341 ab
1077 4285 1385 4353 Antiocho,
1458 4287 1553 4342 cui
1620 4290 2071 4358 oo;nomentum

423 4370 756 4443 Epiphanes
788 4375 969 4444 (Amos
989 4378 1092 4443 vx).

493 4462 773 4531 Emmaus,
799 4465 970 4535 juxta
1015 4464 1362 4537 Nicopolim,
1410 4482 1538 4537 quae
1590 4465 1754 4537 prius
1790 4465 2072 4519 Emmaus

420 4551 757 4623 vocabatur,
791 4554 891 4609 ubi
920 4553 1210 4626 incipiunt
1241 4557 1521 4609 montana
1567 4553 1782 4608 Judane
1827 4569 2069 4608 consur-

421 4654 557 4711 gere
578 4641 741 4714 (Dan.
756 4644 860 4712 xu)
875 4684 887 4697 .

489 4731 767 4787 Emmaus.
813 4732 977 4787 Juda:
1025 4730 1373 4788 Macchahaei
1423 4730 1713 4803 significat
1777 4732 2059 4801 tempora,

419 4818 541 4892 qui,
573 4821 645 4876 de
676 4820 800 4876 vico
833 4820 1052 4886 Modin,
1088 4822 1365 4877 fratribus
1398 4835 1463 4873 ac
1494 4817 1841 4890 propinquis
1863 4834 2063 4874 secum

416 4907 841 4977 annitentibus,
861 4912 918 4963 et
939 4908 1142 4964 multis
1163 4910 1233 4963 de
1252 4906 1465 4979 populo
1485 4906 1843 4978 Judmorum,
1869 4907 2066 4963 Antio-

415 4995 510 5051 chi
539 4998 719 5051 duces
752 4997 1125 5069 suprajuxta
1171 4997 1475 5063 Emmaus,
1525 5011 1652 5066 quas
1706 5012 1864 5051 nunc
1894 4996 2059 5052 Nico-

413 5083 567 5155 polis
596 5084 815 5141 dicitur
842 5086 1004 5155 (Dan.
1046 5085 1192 5155 vm).

480 5173 770 5246 Engallim
800 5173 858 5227 in
890 5172 1177 5245 principio
1202 5177 1291 5228 est
1320 5173 1510 5251 maris
1539 5173 1770 5245 Morini,
1801 5175 1901 5230 ubi
1932 5178 2061 5229 Jor-

413 5260 604 5317 danus
678 5261 1023 5331 ingreditur.
1078 5261 1341 5333 Engaddi
1419 5279 1572 5335 vero,
1660 5263 1759 5318 ubi
1836 5264 2058 5337 ﬁnitur,

414 5353 591 5422 atque
624 5348 992 5404 consumitur
1017 5350 1228 5420 (Ezech.
1260 5352 1451 5423 XLVII).

487 5437 711 5493 Esehon.
744 5435 901 5490 Inter
953 5438 1178 5494 Esehon
1222 5446 1278 5495 et
1326 5442 1581 5497 Sabama
1622 5441 1715 5495 vix
1755 5441 2059 5515 quingenti

418 5540 633 5596 passus
654 5528 791 5578 sunt
811 5524 969 5594 (Ibid.
992 5528 1127 5599 xvx).

412 5611 687 5772 (θϐαὸαςι.
723 5612 871 5669 Urbs
902 5620 990 5672 est
1019 5617 1077 5673 in
1110 5618 1263 5675 tribu
1296 5620 1623 5690 Benjamin,
1667 5622 1833 5691 juxta
1877 5621 2060 5677 Rama

479 5715 564 5758 see
593 5718 627 5757 v
659 5742 670 5755 .

479 5715 564 5758 886
593 5715 670 5758 Vl.

2184 1994 2303 2033 una
2332 1982 2421 2033 est
2450 1978 2521 2032 de
2553 1977 2817 2050 quinque
2848 1977 3098 2033 urbibus
3128 1976 3453 2047 Palestina,
3505 1975 3694 2031 vicina
3717 1975 3829 2031 Ju-

2185 2069 2317 2124 daaa:
2351 2068 2623 2135 conﬁnio,
2658 2072 2715 2123 et
2744 2067 2814 2123 de
2832 2065 3262 2139 Eleutheropoli
3294 2065 3568 2122 euntibus
3589 2065 3826 2129 Gazam.

2186 2174 2342 2212 nunc
2372 2174 2559 2228 usque
2585 2157 2747 2212 vicus
2776 2155 2865 2212 vel
2897 2156 3230 2222 maximus;
3274 2154 3429 2211 unde
3475 2154 3587 2210 fuit
3624 2159 3682 2209 et
3707 2154 3829 2210 Go-

2183 2244 2302 2301 liad
2332 2245 2431 2301 ille
2462 2246 2777 2309 Getthasus,
2812 2260 2986 2316 quem
3038 2243 3222 2299 Dauid
3274 2243 3484 2299 occidit
3528 2242 3587 2298 in
3625 2242 3827 2314 praelio

2185 2335 2270 2405 (In
2299 2351 2422 2405 cap.
2455 2351 2473 2388 ι
2512 2334 2667 2389 Mich.
2702 2334 2815 2388 haec
2843 2334 2974 2388 urbs
3002 2334 3106 2388 ubs
3135 2333 3463 2405 Hieronymo
3492 2331 3620 2388 ibid.
3664 2347 3829 2387 voca-

2186 2426 2279 2477 tur
2306 2424 2621 2478 Palaestinae
2652 2423 3009 2494 metropolis).

2260 2531 2408 2586 297
2446 2529 2592 2599 Geth,
2629 2547 2755 2601 qua:
2787 2532 2876 2585 est
2905 2528 2963 2583 in
2993 2528 3206 2600 Opher,
3257 2528 3412 2584 haud
3458 2527 3697 2600 grandis
3734 2530 3828 2582 est

2187 2617 2415 2674 viculus
2449 2619 2507 2673 in
2548 2618 2804 2674 secundo
2835 2616 3139 2689 Sephorim
3171 2615 3462 2685 milliario,
3496 2632 3622 2688 quas
3652 2614 3827 2671 hodie

2188 2706 2514 2779 appellatur
2542 2706 2900 2762 Diocaesarea
2929 2704 3207 2761 euntibus
3224 2703 3601 2777 Tyberiadem
3627 2721 3640 2770 ;
3663 2702 3829 2758 addi-

2189 2800 2287 2851 tur
2333 2795 2543 2866 Opher,
2601 2796 2671 2851 ad
2722 2793 3160 2849 distinctionem
3220 2792 3467 2849 aliarum
3511 2793 3679 2849 Getth
3727 2810 3830 2847 ur-

2190 2885 2353 2940 bium
2386 2884 2643 2954 (Hieron.
2677 2886 2908 2939 Proa'm.
2942 2884 3007 2938 in
3034 2884 3248 2957 loriam.

2263 2973 2412 3029 Geth.
2467 2973 2657 3028 vicina
2705 2977 2880 3044 atque
2927 2971 3174 3027 confinis
3223 2988 3291 3026 ex
3328 2974 3503 3026 Azoto
3554 2987 3678 3043 quae
3719 2969 3833 3026 He-

2191 3062 2384 3118 braice
2414 3061 2629 3117 dicitur
2654 3061 2827 3116 Esdod
2858 3061 3080 3131 (Jerem.
3116 3063 3269 3129 xxv).

2260 3168 2477 3223 Helkesi
2508 3183 2697 3239 usque
2724 3166 2896 3223 hodie
2922 3167 2981 3221 in
3008 3165 3245 3222 Galilaea
3271 3164 3499 3222 vicinus
3544 3168 3650 3233 est,
3696 3181 3833 3237 par-

2109 3259 2151 3325 C
2187 3274 2296 3313 vus
2327 3258 2563 3329 quidem
2596 3262 2654 3313 et
2682 3257 2775 3311 vix
2807 3255 2993 3312 ruinis
3020 3260 3277 3311 veterum
3322 3254 3696 3310 aedificiorum
3736 3254 3832 3309 in-

2191 3346 2394 3403 dicans
2420 3346 2706 3419 vestigia;
2741 3345 2839 3401 sed
2873 3349 3066 3400 tamen
3100 3348 3274 3400 notus
3301 3343 3538 3413 Judaais,
3587 3346 3644 3398 et
3680 3343 3832 3398 mihi

2189 3451 2423 3507 quoque
2468 3451 2502 3491 a
2550 3434 3023 3491 circumducente
3071 3436 3434 3488 monstratus
3479 3433 3737 3504 (Prowm.
3765 3434 3834 3487 in

2188 3523 2458 3595 Nahum.)

2256 3614 2404 3683 lam,
2439 3612 2579 3667 urbs
2628 3629 2753 3683 quae
2802 3611 3029 3667 Mortuo
3075 3611 3223 3666 mori
3273 3608 3559 3680 imminet,
3610 3610 3711 3665 ubi
3740 3616 3837 3667 est

2186 3701 2477 3757 terminus
2507 3700 2816 3773 provinciae
2849 3700 3235 3755 Moabitarum
3269 3700 3393 3769 (Isa.
3425 3700 3541 3767 xv).

2257 3809 2521 3864 Idumam.
2555 3808 2841 3863 Idumaeos
2870 3822 3104 3879 quoque
3135 3823 3167 3861 a
3198 3805 3512 3861 Meridiana
3540 3802 3716 3878 plaga
3734 3805 3834 3861 vix

2186 3896 2558 3968 septuaginta
2587 3896 2848 3968 quinque
2878 3894 3141 3951 millibus
3161 3894 3234 3950 ab
3255 3892 3654 3965 Hierosolyma
3667 3909 3837 3965 sepa-

2185 3990 2347 4042 ratos
2379 3987 2457 4057 (In
2491 3988 2662 4057 Epist.
2685 3984 2755 4040 ad
2773 3984 3043 4054 Dardan.)
3066 4002 3085 4038 :

2252 4094 2521 4150 Idumzea.
2551 4092 2755 4148 Omnis
2784 4089 3077 4147 Australis
3124 4089 3281 4162 regio
3330 4088 3719 4145 Idumaeorum
3750 4089 3827 4145 de

2184 4181 2614 4254 Eleutheropoli
2661 4196 2848 4253 usque
2889 4180 3136 4249 Petram,
3187 4184 3246 4234 et
3286 4177 3516 4233 Ahilam
3567 4178 3714 4249 (hac
3744 4182 3837 4235 est

2183 4273 2337 4327 enim
2372 4270 2666 4342 possessio
2697 4270 2869 4341 Esau)
2902 4269 2962 4325 in
3009 4268 3302 4341 specubus
3328 4266 3833 4324 habitatiunculas

2182 4360 2357 4415 habet
2387 4358 2594 4429 (Abdim
2627 4359 2690 4429 1).

2251 4448 2552 4503 Jerusalem
2581 4445 2639 4500 in
2672 4447 2827 4502 tribu
2880 4446 3179 4517 Benjamin
3210 4444 3382 4501 sitam
3430 4443 3631 4500 nullus
3660 4444 3829 4518 igno-

2183 4541 2291 4591 rat.
2325 4535 2621 4591 Thecuam
2646 4552 2877 4607 quoque
2897 4534 3155 4590 viculum
3185 4550 3313 4591 esse
3337 4534 3397 4589 in
3418 4538 3615 4590 monte
3636 4534 3820 4590 situm

2096 4626 2143 4690 D
2174 4629 2231 4680 et
2261 4624 2567 4679 duodecim
2619 4623 2883 4679 millibus
2935 4625 3006 4679 ab
3052 4622 3430 4695 Jerosolymis
3477 4626 3820 4695 separatum

2178 4712 2436 4786 quotidie
2468 4712 2653 4768 oculis
2683 4713 2981 4768 cernimus
3013 4714 3232 4784 (Jerem.
3265 4728 3316 4767 c.
3351 4711 3454 4782 v1.)

2241 4821 2475 4889 Jezrael,
2531 4836 2657 4891 quae
2710 4836 2866 4875 nunc
2908 4819 3079 4890 juxta
3121 4815 3658 4890 Maximianopolim
3697 4821 3813 4887 est,

2174 4909 2283 4964 fuit
2313 4909 2652 4981 metropolis
2690 4908 2853 4981 regni
2904 4907 3181 4964 Samaria;
3209 4926 3223 4975 ;
3259 4923 3436 4980 prope
3467 4923 3644 4978 quam
3676 4911 3826 4961 sunt

2172 4998 2364 5070 campi
2409 4998 2707 5065 latissimi,
2754 5003 2812 5053 et
2860 4996 3031 5054 vallis
3079 4996 3272 5053 nimiae
3322 4995 3630 5065 vastitatis,
3689 5011 3827 5067 quae

2171 5086 2487 5161 plusquam
2554 5087 2754 5141 decem
2803 5084 3057 5141 millium
3103 5085 3362 5141 tenditur
3408 5083 3702 5157 passibus.
3754 5083 3822 5137 In

2170 5177 2279 5233 hac
2326 5176 2641 5232 commisso
2690 5174 3009 5230 certamine
3058 5175 3129 5230 ab
3177 5174 3430 5248 Assyriis
3493 5189 3680 5229 casus
3721 5176 3814 5228 est

2172 5265 2346 5322 Israel
2380 5265 2531 5335 (Osee
2562 5266 2623 5335 1).

2239 5358 2424 5426 Joppe.
2453 5356 2701 5426 J0ppem
2733 5356 2967 5424 portum
3000 5370 3131 5410 esse
3158 5354 3371 5410 Judaeae
3402 5356 3459 5409 et
3485 5352 3545 5407 in
3578 5351 3814 5424 Regno-

2168 5461 2301 5499 rum
2352 5449 2409 5498 et
2448 5443 2929 5513 Paralipomenon
2981 5442 3148 5499 libris
3197 5442 3470 5516 legimus,
3523 5442 3594 5496 ad
3636 5455 3812 5512 quem

2168 5534 2365 5588 Hiram
2400 5548 2634 5603 quoque
2668 5531 2784 5585 Rex
2832 5530 2962 5601 Tyri
3015 5530 3176 5605 ligna
3217 5532 3287 5586 de
3331 5530 3540 5586 Libano
3582 5529 3812 5584 ratibus

2168 5622 2576 5691 transferebat,
2613 5636 2739 5690 quae
2768 5619 3096 5677 Jerusalem
3126 5625 3352 5677 terreno
3385 5620 3589 5675 itinere
3618 5632 3817 5689 perve-

2166 5710 2514 5767 herentur...
2551 5709 2651 5765 sed
2683 5713 2739 5764 et
2763 5708 2932 5779 juxta
2962 5708 3215 5781 regionis
3245 5712 3516 5769 naturam
3546 5706 3619 5764 de
3649 5722 3817 5763 mon-
