3992 6408
182 408 205 463 ἶ
254 408 381 482 981

1510 414 1613 478 DE
1656 410 2145 479 PALIESTINE
2184 414 2431 480 LOCIS.

3555 380 3683 483 eis

262 552 423 611 tanis
479 555 537 611 et
565 551 725 611 ardia
782 552 853 611 ad
881 552 1108 626 Joppen
1172 553 1229 609 et
1284 551 1635 624 campestria
1683 550 1919 607 veniens
1946 552 2005 621 Α
2105 551 2316 609 Thabor
2352 556 2442 608 est
2472 568 2643 609 mons
2667 551 2726 608 in
2757 550 3013 625 Galilma,
3040 552 3192 611 situs
3218 550 3281 611 in
3336 514 3681 627 campestri-

264 643 572 718 propheta,
606 648 759 700 recte
789 644 1005 698 dicitur
1033 641 1405 697 descendisse
1434 641 1609 711 (Jonas
1640 640 1701 710 ι).

338 733 585 791 Madian.
621 732 775 788 Nulli
826 730 1069 787 dubium
1117 735 1224 798 est,
1274 728 1619 784 Madianitas
1651 733 1707 783 et
1736 732 1917 783 totam

264 823 445 880 eremi
496 821 831 879 vastitatem
891 821 1157 891 adjacere
1217 825 1383 875 terrm
1440 817 1664 874 Arabia:
1697 816 1913 887 (Επειδὴ.

262 915 417 983 xxv).

336 1002 596 1058 Humbre.
630 1006 678 1054 A
707 999 968 1056 Mambre
998 1014 1188 1069 usque
1218 997 1287 1052 ad
1330 1000 1580 1051 Montem
1615 995 1797 1051 Moria
1825 994 1919 1049 vix

263 1090 442 1147 unius
491 1089 606 1146 diei
654 1088 763 1144 iter
822 1086 1060 1158 plenum
1129 1089 1219 1141 est
1278 1086 1497 1157 (Qmst.
1560 1087 1620 1138 in
1679 1084 1807 1139 Gen.
1864 1100 1913 1138 c.

264 1198 403 1248 xxn,
435 1180 514 1249 3).

336 1268 597 1325 Morasthi
629 1283 814 1339 neque
846 1266 1018 1321 hodie
1068 1266 1238 1334 juxta
1275 1261 1761 1332 Eleutheropolim
1819 1278 1915 1315 ur-

262 1360 398 1414 bem
429 1355 768 1422 Palaestinae,
802 1355 959 1409 haud
990 1354 1228 1426 grandis
1267 1357 1356 1407 est
1397 1350 1624 1406 viculus
1655 1352 1911 1418 (Proazm.

265 1447 472 1504 Comm.
508 1449 567 1503 in
596 1444 925 1515 Michzeam).

336 1537 598 1602 Nemrim,
616 1533 896 1606 oppidum
929 1549 1105 1605 super
1136 1549 1293 1587 mare
1325 1532 1776 1597 MortuumUsa.
1798 1533 1911 1597 xv).

339 1626 493 1682 298
518 1626 701 1680 Petra.
732 1622 867 1686 Quae
900 1625 956 1676 et
985 1621 1113 1692 ipsa
1150 1621 1291 1675 urbs
1346 1618 1647 1674 Palestina:
1691 1623 1780 1673 est
1809 1618 1918 1688 (Isa

259 1715 581 1859 XLlilium".
611 1800 866 1856 Vicimus
882 1803 969 1856 est
992 1799 1153 1855 locus
1176 1798 1357 1854 monti
1382 1798 1523 1853 Sina
1552 1796 1774 1869 (Habac.
1810 1796 1911 1866 ιιι).

334 1892 596 1949 Rabbath.
628 1888 963 1991 metrppolis
996 1888 1231 1943 nomine
1260 1887 1710 1991 Rabbath,‘qpae
1742 1884 1914 1991 hodie
1945 1926 1994 1991 B

259 1997 296 2038 a
324 1997 457 2054 rege
486 1979 716 2053 {Egypti
750 1977 1478 2048 Ptolemzeo,cognomento
1511 1972 1909 2044 Philadelpho,

259 2070 362 2142 qui
396 2069 670 2125 Arabiam
700 2066 906 2132 tenuit,
941 2082 1074 2120 cum
1101 2066 1304 2121 Judiea
1326 2061 1732 2134 Philadelphia
1767 2077 1913 2115 nun-

259 2164 475 2232 cupata
503 2162 593 2214 est
619 2156 837 2226 (Ezech
864 2154 1017 2226 xxv).

333 2253 517 2305 Roma
545 2250 634 2303 est
663 2245 802 2300 urbs
857 2244 917 2298 in
958 2244 1111 2298 tribu
1172 2241 1502 2314 llenjamin,
1562 2240 1620 2294 in
1663 2240 1910 2311 septimo

258 2336 458 2411 lapide
488 2337 559 2393 ab
588 2332 1005 2406 Hierosolymis
1038 2333 1150 2387 sita
1177 2332 1329 2402 (Osee
1357 2332 1436 2402 v).

332 2424 561 2482 Ramoth
590 2423 817 2480 Galaad.
856 2422 1001 2477 Urbs
1030 2425 1194 2477 trans
1223 2421 1537 2477 Jordanem
1592 2419 1649 2473 in
1679 2434 1909 2489 posses-

257 2516 425 2572 sione
454 2515 645 2570 tribus
672 2512 792 2569 Gad
822 2512 982 2592 {Ipsa
1011 2509 1389 2582 fugitivorum
1422 2508 1623 2563 civitas
1656 2507 1783 2562 fuit.

331 2605 707 2661 Rhinocorura
734 2606 825 2656 est
853 2599 1136 2672 oppidum
1196 2600 1255 2654 in
1287 2598 1514 2671 iEgypti
1562 2595 1908 2652 Palaestinis-

259 2710 376 2766 que
407 2692 659 2750 conﬁnio
691 2693 819 2762 (lsa.
852 2692 1053 2755 xxvn).

335 2785 725 2839 Rhinocorura.
787 2778 935 2833 Urbs
994 2778 1064 2832 ad
1118 2781 1432 2833 torrentem
1494 2775 1728 2840 deserti,
1790 2774 1909 2829 sive

258 2872 598 2940 occidentis,
655 2873 720 2923 ut
768 2864 913 2921 LXX
960 2865 1428 2931 transtulerunt;
1463 2863 1615 2917 inter
1672 2879 1800 2917 eam
1854 2865 1910 2916 et

258 2961 559 3017 Pelusium
591 2960 753 3015 rivus
781 2960 895 3015 Nill
920 2950 1293 3013 sive’torrens
1324 2955 1395 3009 de
1420 2969 1614 3009 eremo
1646 2951 1905 3017 veniens,

260 3066 424 3107 mare
453 3050 781 3123 ingreditur
811 3052 990 3121 (Amos
1020 3050 1120 3121 vr).

330 3139 605 3196 Samaria.
637 3140 835 3195 Altera
859 3140 1000 3196 urbs
1059 3137 1168 3193 fuit
1208 3131 1544 3205 metropolis
1574 3132 1771 3185 decem
1804 3128 1905 3183 tri-

257 3228 466 3294 buum,
500 3245 632 3301 quae
660 3234 863 3302 postea
919 3230 993 3283 ab
1030 3229 1292 3298 Augusto
1349 3223 1573 3278 Cmsare
1615 3217 1908 3291 appellata

256 3320 349 3373 est
375 3295 754 3390 Angusta,-id
785 3322 892 3387 est,
926 3295 1166 3372 Sebaste
1200 3330 1213 3369 :
1244 3313 1303 3367 in
1337 3328 1455 3383 qua
1484 3315 1541 3365 et
1571 3326 1706 3364 ossa
1734 3309 1904 3363 Joan-
1935 3295 1977 3360 C

254 3406 350 3462 nis
374 3406 647 3478 Baptista
679 3407 914 3462 condita
942 3410 1079 3461 sunt
1119 3405 1275 3459 (Osee
1308 3402 1366 3472 1).

331 3495 506 3551 Saron
536 3496 730 3551 omnis
753 3497 922 3567 juxta
950 3496 1175 3565 Joppen
1224 3490 1585 3560 Liddamque
1642 3485 1900 3558 appella-

251 3588 351 3639 tur
381 3584 559 3656 regio,
593 3584 653 3638 in
686 3600 803 3655 qua
834 3582 1101 3638 latissimi
1166 3580 1356 3651 campi
1416 3576 1747 3646 fertilesque
1776 3579 1901 3629 ten-

254 3672 480 3727 duntur
507 3674 632 3743 (Isa.
665 3673 884 3744 χχχιιι).

326 3764 495 3831 Seqor
523 3762 583 3816 in
624 3762 840 3817 finibus
899 3760 1288 3815 Moabitarum
1338 3757 1452 3811 sita
1492 3758 1601 3824 est,
1632 3752 1898 3808 dividens

254 3851 331 3907 ab
358 3850 430 3905 iis
460 3856 675 3906 terram
708 3850 999 3905 Pilistiim.

330 3939 576 3995 Sochoth.
609 3940 712 3995 Est
738 3956 926 4010 usque
956 3938 1129 3994 hodie
1160 3937 1364 3992 civitas
1395 3939 1558 3989 trans
1586 3932 1898 3987 Iordanem

258 4030 370 4083 hoc
396 4027 677 4084 vocabulo
698 4028 756 4083 in
790 4034 950 4100 parte
973 4024 1386 4099 Scythopoleos
1408 4020 1896 4094 (Gen.xxx1n,l7).

329 4117 591 4173 Solitudo.
624 4119 756 4181 Qua:
788 4135 823 4173 a
852 4118 1123 4186 Majoma,
1158 4115 1319 4170 Gazae
1352 4110 1631 4182 emporio,
1668 4126 1770 4180 per
1798 4108 1899 4163 lit-

249 4210 348 4262 tus
376 4205 657 4262 euntibus
676 4207 983 4278 Aigyptum
1013 4205 1085 4260 ad
1116 4203 1318 4258 laevam
1368 4198 1620 4255 ﬂectitur
1649 4198 1734 4268 (In
1788 4199 1895 4252 Vit.

250 4295 307 4351 S.
339 4295 687 4366 Hilarionis).

327 4385 635 4440 Thabatha.
691 4382 950 4439 Hilarion
1010 4387 1174 4437 ortus
1242 4381 1366 4436 vico
1421 4375 1746 4438 Thabatha,
1797 4376 1897 4447 qui

247 4473 478 4531 circiter
507 4474 773 4546 quinque
803 4472 990 4528 millia
1018 4489 1053 4528 a
1082 4476 1233 4527 Gaza
1281 4470 1423 4525 urbe
1454 4465 1773 4522 Palaestinae
1825 4465 1896 4520 ad

242 4567 518 4651 austrum
551 4562 704 4620 situs
735 4566 824 4618 est
845 4562 1051 4635 (Ibid).

2028 641 2160 710 bus,
2188 641 2479 697 rotundus
2509 645 2687 714 atque
2732 642 3026 715 sublimis,
3060 646 3118 700 et
3172 660 3241 700 ex
3298 643 3459 701 omni
3518 647 3681 718 parte

2028 729 2232 785 ﬁnitur
2260 730 2561 799 aequaliter
2588 731 2744 802 (Osee
2774 733 2853 804 v).

2100 819 2316 875 Tharsis
2344 818 2431 875 vel
2486 820 2642 893 regio
2692 821 2868 877 India:
2915 826 3027 889 est,
3082 826 3145 877 ut
3189 821 3314 878 vult
3339 822 3682 895 Josephus:

2028 907 2114 963 vel
2147 913 2298 965 certe
2331 926 2503 965 omne
2535 909 2778 982 pelagus
2809 909 3051 966 Tharsis
3077 908 3427 983 appellatur,
3471 915 3529 967 et
3557 909 3684 967 θαιιί

2028 996 2202 1054 habet
2232 997 2683 1055 similitudinem
2716 1000 2934 1072 (Jerem.
2968 1000 3046 1069 x).

2103 1104 2317 1160 Thecue
2346 1109 2434 1161 est
2463 1107 2745 1178 oppidum
2777 1107 2933 1179 quod
2969 1123 3070 1162 sex
3100 1105 3363 1163 millibus
3393 1107 3465 1162 ad
3501 1105 3681 1162 mori-

2028 1193 2263 1249 dianam
2298 1194 2533 1266 plagam
2552 1196 2716 1250 abest
2744 1211 2777 1251 a
2807 1199 3012 1250 sancta
3037 1194 3490 1268 Bethleem,quze
3514 1212 3682 1252 mun-

2025 1282 2085 1337 di
2116 1284 2317 1354 genuit
2345 1282 2701 1340 Salvatorem
2760 1301 2775 1352 ;
2806 1287 2864 1339 et
2892 1282 3048 1339 ultra
3079 1282 3276 1340 nullus
3306 1289 3397 1340 est
3423 1284 3677 1354 viculus,

2028 1387 2099 1425 ne
2129 1376 2389 1443 agrestes
2420 1372 2660 1443 quidem
2691 1388 2857 1428 casas.
2880 1376 3069 1427 Tanta
3084 1375 3174 1428 est
3200 1371 3381 1428 eremi
3408 1372 3672 1444 vastitas,

2027 1475 2153 1530 quae
2202 1476 2389 1531 usque
2434 1460 2506 1515 ad
2557 1477 2717 1516 mare
2779 1460 3080 1528 Rubrum,
3143 1464 3576 1533 Persarumque
3622 1465 3683 1519 et

2028 1548 2360 1619 xEthiopum
2388 1552 2562 1620 atque
2608 1549 2883 1604 Indorum
2941 1548 3223 1606 terminos
3279 1548 3558 1606 dilatatur
3585 1550 3677 1622 (In

2025 1637 2260 1691 Pratum.
2296 1636 2442 1692 Com.
2474 1638 2534 1692 in
2564 1637 2767 1706 Amos).

2098 1725 2365 1781 Thecuam
2411 1724 2669 1781 viculum
2699 1741 2826 1782 esse
2856 1725 2916 1781 in
2953 1730 3152 1782 monte
3182 1725 3384 1794 situm,
3418 1726 3573 1783 299
3621 1729 3680 1782 et

2025 1814 2331 1871 duodecim
2366 1813 2625 1870 millibus
2656 1815 2727 1870 ab
2756 1813 3137 1887 Jerosolymis
3168 1818 3506 1887 separatum
3538 1830 3683 1888 quo-

2027 1902 2167 1958 tidie
2196 1902 2384 1959 oculis
2414 1903 2713 1960 cernimus
2744 1903 2961 1975 (Jerem.
2995 1921 3059 1974 11,
3093 1903 3174 1975 7).

2096 2009 2347 2065 Themam
2402 2010 2796 2065 Idumaeorum
2864 2009 3024 2083 regio
3081 2013 3189 2078 est,
3248 2014 3306 2066 et
3360 2010 3550 2083 vergit
3604 2010 3675 2067 ad

2023 2098 2351 2154 Australem
2381 2098 2616 2171 plagam
2637 2115 2804 2170 pquae
2837 2098 3135 2171 provincia
3164 2115 3280 2154 non
3311 2098 3506 2155 solum
3536 2099 3679 2156 The-

2021 2203 2201 2253 mam,
2233 2187 2335 2242 sed
2370 2192 2427 2243 et
2450 2188 2665 2258 Daron,
2695 2192 2753 2243 et
2786 2187 2981 2259 Nageb
3005 2187 3241 2255 dicitur,
3275 2203 3341 2243 eo
3371 2188 3530 2259 quod
3562 2188 3678 2244 Eu-

2021 2292 2158 2330 nom
2190 2280 2248 2331 et
2276 2280 2580 2345 Austrum,
2604 2276 2986 2348 Africamque
3041 2275 3318 2348 respiciat
3345 2276 3528 2347 (Ibid).

2094 2384 2338 2455 Thophet,
2379 2400 2481 2439 ara
2509 2382 2794 2455 Thophet,
2829 2399 2956 2454 quas
3008 2387 3099 2438 est
3151 2382 3212 2437 in
3243 2381 3392 2438 valle
3421 2380 3526 2437 filil
3557 2382 3673 2439 En-

2021 2488 2179 2538 nom,
2238 2471 2406 2528 illum
2458 2473 2651 2528 locum
2706 2472 3020 2544 significat,
3068 2470 3168 2544 qui
3222 2469 3376 2527 Siloe
3406 2470 3670 2528 fontibus

2020 2557 2337 2630 irrigatur;
2369 2563 2426 2615 et
2453 2563 2541 2615 est
2600 2558 3040 2614 amoenissimus
3071 2562 3247 2629 atque
3299 2573 3670 2629 nemorosus,

2018 2646 2309 2719 hodieque
2359 2648 2661 2703 hortorum
2714 2648 2931 2719 praebet
2995 2646 3253 2703 delicias.
3307 2646 3406 2704 llic
3472 2651 3670 2704 autem

2018 2735 2360 2807 gentilitatis
2385 2752 2544 2792 error
2574 2753 2778 2792 omnes
2837 2735 3164 2807 provincias
3215 2736 3539 2809 occupavit,
3593 2740 3660 2792 ut

2019 2826 2090 2880 ad
2120 2824 2310 2897 capita
2341 2826 2587 2881 fontium
2619 2824 2899 2898 lucosque
2928 2825 3364 2882 amoenissimos
3393 2824 3663 2882 victimas

2026 2913 2432 2982 immolarent,
2461 2919 2517 2970 et
2539 2915 2732 2972 omnis
2763 2931 2951 2987 pravae
3004 2913 3441 2986 superstitionis
3469 2912 3672 2985 religio

2017 3008 2362 3059 servaretur.
2396 3003 2704 3076 Thopheth
2738 3002 2940 3076 lingua
2976 3004 3213 3059 Hebraea
3238 3003 3668 3075 interpretatur

2016 3090 2264 3148 latitudo
2297 3111 2310 3148 :
2341 3093 2747 3165 scriptumque
2797 3094 2984 3147 fertur
3026 3092 3086 3147 in
3135 3092 3287 3147 libro
3331 3093 3507 3147 Josue
3561 3090 3668 3148 ﬁlii

2018 3180 2249 3250 Nun,de
2279 3181 2387 3237 hoc
2414 3181 2540 3237 loco
2572 3182 2672 3253 qui
2704 3181 2862 3237 300
2892 3184 2983 3235 est
3011 3179 3073 3235 in
3102 3179 3253 3235 valle
3273 3178 3380 3234 filii
3408 3180 3657 3251 Ennom,

2016 3274 2073 3324 et
2106 3270 2378 3326 Hebraice
2408 3270 2622 3325 dicitur
2677 3286 2741 3341 ge
2796 3271 3025 3325 Ennom.
3082 3268 3155 3325 Ge
3188 3267 3405 3341 quippe
3452 3268 3662 3345 φάραγ-

2015 3378 2105 3430 γα,
2140 3358 2247 3414 hoc
2279 3364 2368 3414 est
2398 3360 2600 3413 vallem
2626 3377 2639 3426 ;
2673 3362 2730 3414 et
2759 3360 2969 3413 Ennom
3014 3356 3106 3413 vel
3136 3357 3394 3413 hominis
3424 3373 3657 3428 nomen,

2011 3446 2099 3502 vel
2130 3449 2371 3518 gratiam
2402 3453 2590 3503 sonat.
2623 3448 3003 3518 Traduntque
3055 3446 3279 3502 Hebrai
3334 3461 3404 3502 ex
3431 3445 3542 3502 hoc
3570 3444 3661 3501 loc

2013 3536 2365 3609 appellatam
2389 3536 2912 3608 Gehennam,quod
2940 3534 3161 3592 scilicet
3182 3536 3376 3591 omnis
3404 3533 3659 3607 populus

2010 3626 2343 3681 Judaeorum
2376 3625 2456 3680 ibi
2516 3625 2773 3697 perierit,
2845 3625 3147 3681 offendens
3180 3629 3383 3680 Deum.
3446 3624 3509 3678 In
3540 3634 3659 3695 quo

2011 3715 2135 3770 loco
2190 3715 2366 3770 etiam
2398 3714 2548 3771 filios
2579 3731 2720 3769 suos
2751 3714 2809 3769 in
2862 3714 2997 3787 igne
3029 3712 3204 3769 idolis
3260 3711 3660 3767 consecrarint

2012 3804 2133 3859 sive
2187 3803 2594 3861 holocaustum
2628 3803 2967 3873 obtulerint,
2999 3802 3153 3874 quod
3186 3816 3302 3856 non
3325 3800 3665 3872 preceperit

2009 3892 2114 3964 eis,
2147 3909 2251 3948 nec
2279 3893 2400 3948 ulla
2427 3892 2573 3963 legis
2596 3891 2846 3963 jusserit
2875 3890 3176 3947 sanctione
3206 3889 3421 3959 (Jerem.
3463 3890 3591 3959 vn).

2088 4003 2258 4071 Tyrus
2315 4006 2371 4055 et
2428 3998 2594 4054 Sidon
2662 3997 2719 4052 in
2772 3995 3063 4052 thnicis
3118 3993 3311 4051 littore
3367 3992 3664 4066 principes

2009 4089 2340 4145 civitates...
2375 4103 2625 4158 quarum
2657 4085 2944 4157 Carthago
2999 4082 3229 4141 colonia
3257 4084 3476 4152 (Jerem.
3510 4081 3663 4153 xxv).

2086 4195 2273 4258 Vallis,
2306 4209 2407 4249 seu
2438 4192 2687 4248 Torrens
2747 4192 3074 4264 spinarum,
3129 4195 3219 4247 est
3274 4188 3440 4246 locus
3489 4189 3663 4260 juxta

2010 4282 2304 4339 Liviadem
2334 4285 2498 4337 trans
2526 4297 2685 4336 mare
2711 4280 3198 4351 Mortuum,sexto
3229 4279 3302 4335 ab
3333 4295 3402 4335 ea
3430 4277 3659 4334 distans

2012 4370 2305 4441 milliario,
2340 4370 2439 4425 ubi
2470 4370 2768 4442 quondam
2800 4386 2935 4427 cum
2968 4368 3304 4427 Madianitis
3345 4367 3631 4424 fornicata

2008 4465 2099 4518 est
2128 4460 2303 4518 Israel
2334 4460 2467 4531 (Joel
2497 4459 2608 4531 ιιι).
