3992 6434
304 407 493 509 τω

1576 406 1647 466 6.
1688 402 1998 468 EUSEBH
2016 398 2509 467 ‘BIERONYMI.

3628 376 3799 453 ηἷῖ

640 610 643 615 ’
750 584 755 589 ’
1045 667 1169 768 s.
1263 661 1943 771 susum:
2035 654 3055 762 EIBRONYMI

1486 897 2061 967 STRlDONENSIS
2103 897 2606 961 PRESBYTER]

733 1082 1049 1233 LIBER
1107 1078 1867 1228 HEBRAICARUM
1932 1072 2650 1249 QUIESTIONUM
2710 1070 2810 1220 IN
2873 1068 3395 1267 GENESIM.

1742 1457 2356 1552 PBEFATIO.

422 1772 776 1840 301-802
806 1780 915 1849 Qui
944 1779 1005 1836 in
1035 1778 1340 1852 principiis
1396 1776 1678 1833 librorum
1722 1775 2004 1833 debebam
2034 1774 2091 1841 Α
2191 1774 2281 1830 Me
2308 1788 2442 1829 vero
2472 1770 2673 1847 procul
2703 1771 2777 1828 ad
2809 1772 3076 1839 urbibus,
3109 1770 3253 1837 foro,
3284 1769 3509 1843 litibus,
3565 1770 3762 1827 turbis

350 1871 609 1929 secuturi
637 1870 830 1943 operis
862 1873 1213 1942 argumenta
1248 1881 1592 1940 proponere,
1642 1880 1815 1937 cogor
1844 1863 2009 1937 prius

354 1959 713 2033 respondere
735 1956 1342 2024 maledictis,Terentii
1364 1954 1665 2027 quippiam
1687 1952 2006 2018 sustinens,

358 2048 465 2122 qui
492 2046 914 2106 oomcsdiarum
943 2044 1215 2117 prologos
1271 2046 1292 2079 ³
1353 2044 1412 2098 in
1470 2042 1867 2099 defensionem
1919 2040 2009 2097 sui

357 2136 555 2196 scenis
595 2136 788 2191 dabat.
823 2134 1078 2207 Urgebat
1125 2134 1281 2189 enim
1343 2148 1477 2188 eum
1518 2131 1765 2187 Luscius
1805 2130 2014 2186 Lanui-

360 2242 477 2284 nus
503 2226 547 2291 ³,
575 2227 774 2281 nostro
805 2224 1011 2279 Luscio
1037 2222 1272 2294 similis,
1301 2226 1358 2277 et
1378 2220 1547 2293 quasi
1571 2219 1789 2292 publici
1819 2219 2007 2275 aerarii

363 2317 597 2389 poetam
629 2313 818 2368 iurem
851 2312 1297 2367 criminabatur.
1334 2312 1449 2365 Hoc
1478 2309 1635 2365 idem
1682 2325 1896 2381 passus
1925 2312 2016 2363 est

364 2405 440 2465 ab
468 2401 699 2463 aemulis
726 2406 784 2457 et
813 2401 1172 2457 Mantuanus
1200 2403 1384 2467 vates,
1437 2402 1502 2454 ut
1548 2415 1682 2454 cum
1727 2397 2015 2468 quosdam

356 2508 568 2551 versus
587 2490 822 2549 Homeri
853 2488 1258 2546 transtulisset
1282 2488 1355 2543 ad
1385 2487 1650 2553 verbum,
1673 2484 2018 2557 compilator

360 2585 624 2642 veterum
655 2579 967 2635 diceretur.
999 2576 1224 2642 Quibus
1256 2575 1354 2632 ille
1403 2575 1723 2648 respondit,
1770 2589 2017 2645 magna-

364 2687 499 2731 !um
529 2684 662 2725 esse
696 2668 934 2729 virium,
999 2665 1222 2722 clavam
1281 2663 1515 2720 Herculi
1575 2668 1915 2734 extorquere
1947 2663 2020 2718 de

366 2774 569 2818 manu.
631 2756 744 2812 Sed
802 2760 860 2812 et
915 2754 1167 2822 Tullius,
1209 2754 1311 2825 qui
1375 2752 1434 2807 in
1487 2770 1618 2808 arce
1673 2752 2021 2823 eloquentiae

368 2848 646 2907 Romanae
672 2843 853 2909 stetit,
908 2858 1006 2900 rex
1054 2846 1377 2910 oratorum,
1434 2845 1493 2897 et
1546 2840 1760 2896 Latinas
1809 2840 2018 2912 lingua:

374 2934 724 3001 illustrator,
757 2932 1215 3005 repetudanrum
1237 2935 1548 2987 accusatur
1571 2947 1604 2986 a
1634 2928 1865 2984 Graecis.
1897 2929 2019 2983 Non

373 3021 595 3085 mirum
626 3036 763 3093 ergo
794 3020 844 3078 si
899 3023 1103 3077 contra
1155 3036 1248 3075 me
1304 3036 1551 3092 parvum
1598 3017 2020 3074 homunculum

2116 1866 2428 1929 remotum,
2459 1861 2542 1918 sic
2564 1877 2797 1933 quoque
2817 1862 2905 1932 (ut
2934 1859 3333 1927 Quintilianus
3352 1861 3455 1931 ait)
3482 1859 3766 1919 latentem

2117 1951 2337 2008 invenit
2366 1950 2601 2007 invidia.
2634 1950 2794 2006 Unde
2826 1949 3100 2006 lectorem
3130 1949 3393 2020 obsecro,

2247 2130 2259 2143 .
2301 2123 2321 2143 .-
2352 2131 2363 2143 .
2406 2131 2418 2143 .
2457 2131 2468 2143 .
2500 2093 2543 2142 si
2574 2094 2695 2157 quis
2724 2096 2903 2142 tamen
2931 2092 3044 2143 haec
3074 2094 3095 2128 ι
3122 2106 3352 2157 quoque,
3386 2093 3429 2143 si
3458 2093 3576 2157 quis

2243 2157 2439 2220 Captus
2469 2170 2647 2205 amore
2677 2156 2834 2220 leget.
2871 2190 2887 2205 .
2924 2193 2936 2205 .
2977 2192 2990 2204 .
3028 2193 3040 2205 .
3077 2190 3093 2205 .
3129 2191 3144 2205 .

2123 2311 2187 2363 ut
2265 2306 2324 2361 in
2410 2306 2577 2362 libris
2660 2307 3051 2363 Hebraicarum
3135 2308 3526 2376 Quintianum,
3613 2326 3768 2382 quas

2122 2397 2183 2452 in
2242 2412 2478 2452 omnem
2534 2396 2895 2468 Scripturam
2953 2401 3218 2454 sanctam
3299 2397 3563 2471 disposui
3617 2400 3769 2456 scri-

2124 2485 2277 2562 bere,
2312 2502 2427 2540 non
2458 2488 2679 2557 quaerat
2718 2484 3134 2557 eloquentiam,
3177 2502 3292 2541 non
3322 2490 3618 2544 oratorum
3684 2489 3773 2545 le-

2126 2589 2363 2647 porem;
2411 2574 2513 2629 sed
2571 2574 2759 2647 magis
2817 2574 3073 2630 inimicis
3129 2591 3231 2646 pro
3290 2575 3459 2633 nobis
3508 2576 3633 2648 ipse
3680 2594 3772 2633 res

2127 2662 2432 2734 spondeat,
2490 2663 2645 2718 Novo
2705 2661 2865 2734 operi
2921 2662 3148 2719 veniam
3207 2666 3656 2723 concedendam.
3699 2667 3777 2723 Ut

2127 2751 2282 2807 enim
2315 2768 2420 2806 nos
2471 2749 2750 2806 humilles
2805 2754 2978 2823 atque
3035 2751 3395 2825 pauperculi,
3450 2754 3776 2813 nec'habe-

2129 2857 2262 2896 mus
2293 2839 2548 2909 divitias,
2582 2856 2687 2895 nec
2718 2839 2944 2896 oblatas
2991 2840 3306 2913 dignamur
3342 2842 3600 2915 accipere
3630 2862 3644 2900 :
3690 2846 3777 2901 ita

2129 2934 2186 2987 et
2215 2928 2301 2984 illi
2358 2928 2644 2996 noverint,
2701 2946 2818 2985 non
2849 2946 3019 3001 posse
3065 2947 3127 2986 se
3184 2931 3393 2987 notitia
3440 2932 3777 3006 Scriptura-

2131 3018 2350 3087 rum,id
2382 3023 2490 3085 est,
2510 3020 2866 3075 808-804
2887 3018 3121 3076 divitias
3142 3019 3379 3087 Christi,
3397 3037 3547 3078 cum
3566 3022 3777 3079 mundi

372 3109 693 3174 immunda
725 3126 861 3167 sues
892 3108 1233 3181 grunniant,
1267 3113 1325 3163 et
1376 3108 1623 3180 pedibus
1676 3108 2024 3179 margaritas
2052 3150 2101 3215 B
2130 3107 2349 3180 pariter
2378 3108 2399 3140 ⁸
2428 3108 2642 3163 habere
2672 3107 2914 3163 divitiis.
2974 3106 3166 3163 Studii
3211 3124 3349 3181 ergo
3406 3110 3591 3166 nostri
3639 3111 3778 3178 erit,

381 3195 747 3262 oonoulcent,
798 3214 933 3254 cum
984 3197 1266 3255 adversus
1317 3194 1690 3251 doctissimos
1736 3195 1914 3261 viros,
1971 3201 2028 3251 et
2054 3194 2101 3215 ¹“’
2136 3196 2223 3253 vel
2252 3213 2477 3264 eorum,
2512 3197 2612 3269 qui
2642 3197 2713 3252 de
2744 3195 2910 3252 libris
2942 3196 3235 3253 Hebraicis
3264 3198 3425 3259 varia
3464 3199 3780 3272 suspican-

377 3285 481 3367 qui
511 3285 698 3359 gloria
725 3285 1008 3342 invidiam
1038 3300 1317 3357 superare
1341 3283 1838 3350 debuerant,livor
1865 3301 2027 3340 exar-

2135 3289 2253 3353 tur,
2285 3302 2507 3342 errores
2554 3285 2860 3342 refellere:
2919 3284 3008 3340 vel
3065 3301 3134 3342 ea
3161 3302 3289 3358 quis
3350 3287 3408 3342 in
3468 3288 3692 3347 Latinis
3723 3294 3783 3347 et

378 3374 543 3439 serit.
584 3373 800 3431 Verum
848 3373 959 3431 hoc
1006 3372 1126 3429 illis
1178 3373 1384 3429 merito
1425 3371 1655 3443 accidit,
1689 3390 1939 3444 quorum
1970 3373 2031 3429 in
2140 3374 2355 3432 Graecis
2384 3374 2685 3431 codicibus
2712 3379 2936 3431 scatere
2964 3375 3259 3446 videntur,
3290 3376 3618 3433 auctoritati
3655 3395 3785 3437 sua

384 3461 655 3527 theatris.
712 3461 894 3530 curia,
926 3461 1222 3530 concione,
1286 3478 1389 3534 pro
1446 3460 1650 3519 rostris
1702 3460 2034 3533 eloquentia

392 3550 758 3624 pertonabat.
802 3550 1046 3623 Semper
1086 3550 1241 3607 enim
1292 3550 1350 3605 in
1405 3549 1713 3622 propatulo
1756 3551 2033 3606 fortitudo

396 3638 643 3703 amulos
673 3638 866 3705 habet,

655 3763 979 3828 Feriuntque
1007 3777 1245 3828 summos
1274 3764 1517 3828 Fulmina
1545 3768 1771 3828 montes.

1095 3825 1244 3888 (Hos.
1267 3827 1438 3877 Carm.
1468 3840 1521 3886 ii,
1554 3827 1656 3877 ode
1685 3841 1719 3875 x
1752 3829 1849 3889 19).

458 3961 475 3994 ¹
516 3960 730 4016 Totum
751 3960 909 4015 hunc
931 3960 1150 4016 librum
1173 3961 1475 4086 exegimus
1495 3960 1567 4017 ad
1599 3958 1857 4034 quinque
1888 3978 2031 4017 mss.

461 4032 622 4086 dices
652 4047 667 4086 :
702 4032 851 4086 duos
878 4032 1214 4086 Vaticanos.
1245 4050 1277 4086 ο
1306 4034 1384 4086 im
1427 4033 1747 4086 Succorum
1781 4033 2031 4086 Reginae.

388 4032 622 4091 codices
652 4047 667 4086 :
702 4032 851 4087 duos
878 4032 1214 4099 Vaticanos,
1245 4050 1277 4087 ο

454 4120 500 4177 aa
525 4105 755 4177 notatos
788 4103 1051 4177 numeris
1070 4104 1139 4159 39
1159 4110 1216 4159 et
1234 4104 1490 4177 2l5;tum
1514 4103 1697 4177 alium
1719 4103 2029 4177 antiq’uiss.

427 4173 737 4242 alatinum,
794 4176 854 4230 in
905 4175 1107 4231 eadem
1138 4176 1414 4230 Vaticana
1470 4175 1825 4232 bibliotheca
1863 4173 1983 4234 ’183
2019 4220 2034 4245 ,

380 4248 560 4316 atque
591 4261 775 4301 unum
798 4246 1288 4303 Mediolanensem
1307 4246 1367 4302 in
1391 4247 1782 4304 Ambrosiana
1812 4248 1921 4304 sub
1945 4248 2034 4304 lit-

372 4319 503 4373 tera
533 4332 591 4381 D,
624 4333 789 4373 num.
821 4319 930 4386 88;
980 4319 1230 4390 denique
1281 4323 1571 4388 nostrum,
1648 4335 1822 4390 quem
1870 4320 2029 4375 domi

390 4403 787 4461 “servamus,
821 4406 937 4447 non
976 4388 1151 4445 illum
1172 4390 1411 4461 quidem
1442 4388 1851 4447 remotissimae
1879 4391 2027 4447 anti-

383 4458 644 4533 quitatis,
669 4461 770 4516 sed
803 4461 1035 4533 optimm
1068 4458 1247 4517 ferme
1296 4479 1410 4533 pra:
1468 4461 1690 4517 ceteris
1725 4468 1893 4533 notae.
1914 4463 2018 4533 pln-

372 4531 654 4587 seribitur
682 4531 876 4587 autem
909 4532 969 4587 in
1002 4537 1203 4588 nostro
1234 4549 1266 4587 a

369 4605 458 4658 nii
484 4603 708 4659 Eusebii
736 4605 1055 4675 Hieronymi
1110 4605 1171 4658 in
1201 4604 1370 4658 libros
1428 4606 1825 4675 Hebraicarumr
1868 4604 2023 4669 Qum-

367 4676 607 4730 stionum
635 4679 763 4730 ante
788 4691 846 4731 se
873 4674 1150 4730 inauditos
1206 4679 1317 4731 tam
1365 4676 1573 4731 Grarcis
1611 4690 1777 4743 quam
1808 4674 2021 4727 Latinis

372 4746 645 4809 omnibus,
680 4747 878 4814 incipit
906 4748 1178 4817 protegas.
1215 4747 1276 4802 In
1306 4746 1534 4816 Reginis
1563 4743 1742 4798 altero
1766 4759 1789 4817 Δτ
1820 4745 2017 4817 Incipit

368 4817 541 4889 brevis
566 4817 842 4873 adnotatio
871 4814 1191 4889 Hieronymi
1218 4819 1278 4871 in.
1310 4814 1593 4889 Gqﬁesima
1614 4814 1905 4886 Prazﬁztio.

433 4888 595 4959 θρίιὶ
630 4889 1024 4944 σονηωάίανωη
1051 4878 1329 4958 βνοίοςιοδ.
1362 4884 1672 4959 Terentius
1704 4878 2015 4959 respondet

363 4955 698 5015 maledictis
728 4960 939 5016 veteris
971 4965 1149 5028 poetae
1181 4955 1241 5013 in
1269 4956 1514 5028 Prologo
1549 4955 1886 5023 Andriae,’et
1915 4974 2014 5012 ar-

448 4978 698 5015 ueaicus
728 4978 939 5016 veteris
969 4978 1149 5086 sociae
1181 4978 1241 5013 ιιι
1269 4978 1514 5038 rromgo
1549 4978 1794 5023 auarae,
1829 4978 1886 5011 BL
1915 4978 2008 5012 ar-

448 5034 714 5087 mentum
772 5034 964 5087 Comoe
1013 5031 1075 5085 ia:
1134 5031 1192 5083 in
1249 5043 1442 5099 prima
1495 5043 1670 5083 scena
1714 5028 2008 5099 proponit.

422 5119 653 5158 ARTIAN.

428 5173 452 5208 ³
480 5173 575 5229 Sic
598 5173 791 5228 ferunt
816 5189 959 5228 mss.
981 5168 1166 5226 nostri
1190 5167 1639 5242 omnes,aliique
1663 5186 1841 5242 penes
1864 5171 2010 5226 Mar-

357 5243 526 5313 tian.,
557 5249 684 5299 tum
714 5248 881 5299 vetus
929 5243 1066 5298 edit.
1128 5257 1223 5295 an.
1284 5239 1443 5307 4496,
1486 5239 1567 5313 ac
1615 5239 1852 5297 demum
1883 5244 2007 5313 ipse

355 5311 517 5371 Hier.
543 5315 703 5382 alibi,
737 5315 837 5385 qui
867 5313 1292 5385 et_Lamiarum_
1331 5311 1608 5385 (amulum
1666 5330 1840 5369 suum
1875 5311 2005 5369 aliis

355 5385 418 5441 in
468 5386 613 5442 locis
671 5383 1394 5455 cognominat.rMartian.
1455 5383 1671 5455 aliique
1727 5386 2002 5455 editores,

356 5402 418 5441 in
468 5402 613 5442 lOClS
671 5403 738 5439 co
785 5402 1068 5440 nominat.
1128 5402 1394 5439 maruan.
1455 5402 1552 5439 am
1603 5402 1671 5439 ue
1727 5402 1750 5440 ε

356 5459 639 5515 Lavinius.
674 5402 805 5510 Vigi.
841 5453 1060 5526 prolog.
1094 5454 1344 5509 Terentii
1376 5455 1432 5508 in
1464 5402 1750 5510 Angriam.

427 5560 495 5568 —
519 5531 745 5582 Luscius
763 5526 1041 5580 Lavinius.
1069 5526 1129 5581 In
1155 5526 1376 5597 aliquot
1396 5527 1824 5598 exemplaribus
1856 5545 1999 5582 mss.

354 5598 608 5671 legimus
653 5598 1169 5671 Lucius_Larvinas,
1202 5598 1287 5652 vel
1322 5602 1625 5668 Lanuinus,
1663 5599 1999 5671 Lanuvium.

352 5668 521 5743 épud
555 5668 981 5743 Grammaticos
1004 5670 1323 5743 scriptorcs
1354 5674 1522 5743 vetus
1558 5669 2001 5743 poetawmulus

1306 4034 1384 4117 ire
1427 4033 2033 4117 Sueepwm’ﬁesiaw,

1337 4533 1495 4587 hunc
1526 4517 2024 4602 modum:Sophro-
2053 4517 2095 4583 C

2112 5601 2212 5652 nia
2240 5616 2619 5669 proponemus,
2650 5617 2719 5655 ea:
2773 5602 3061 5657 collatione
3119 5619 3310 5657 eorum

2143 3463 2420 3531 reddere;
2469 3462 2850 3536 etymologias
2907 3478 3139 3535 quoque
3195 3478 3412 3531 rerum,
3470 3465 3782 3522 nominum

2144 3556 2319 3626 atque
2345 3551 2671 3625 regionum,
2706 3567 2832 3623 qua:
2863 3550 2923 3606 in
2955 3555 3154 3607 nostro
3179 3566 3445 3608 sermone
3475 3570 3590 3609 non
3629 3569 3787 3611 reso—

2146 3645 2308 3709 nant,
2339 3639 2660 3697 vernaculaa
2690 3639 2902 3713 linguae
2933 3639 3242 3712 explanare
3290 3641 3534 3699 ratione.
3565 3643 3635 3703 Et
3664 3659 3785 3715 quo

2145 3729 2376 3787 facilius
2405 3729 2734 3787 emendatio
2773 3733 3176 3801 cognoscatur,
3226 3730 3353 3803 ipsa
3407 3731 3688 3802 primum,
3722 3736 3791 3788 ut

2145 3820 2302 3892 apud
2331 3835 2437 3875 nos
2478 3823 2619 3875 sunt
2672 3820 2714 3885 δ,
2774 3818 3109 3875 testimonia
3161 3834 3547 3892 poponemus,
3604 3824 3662 3878 et
3718 3838 3789 3881 ex

2146 3960 2475 4033 Hieronymi
2505 3959 2681 4035 fuerit
2705 3960 3041 4035 mmuluset
3068 3962 3579 4035 Luscius,iquando
3608 3962 3788 4021 hasce

2141 4035 2482 4104 Quwstimws
2511 4032 2817 4107 Hebraicas
2838 4032 3147 4107 scribebat,
3183 4032 3453 4107 nondum,
3489 4040 3737 4107 apparet
3765 4052 3779 4107 ξ

2142 4122 2281 4178 quia
2308 4108 2451 4178 tunc
2481 4104 2765 4178 temporis
2787 4104 3035 4161 Ruﬁnus
3056 4105 3355 4178 presbyter
3370 4104 3781 4178 Anihil‘dissidii

2142 4122 2281 4177 qum
2310 4122 2451 4159 tunc
2481 4122 2765 4231 temﬁoris
2788 4122 3035 4161 nuunus
3056 4122 3355 4178 presoyter
3377 4122 3524 4161 mnu
3550 4122 3777 4162 (11381011

2142 4175 2373 4249 habuit,
2406 4192 2541 4231 cum
2632 4175 2949 4249 _ieronymo
3005 4180 3241 4249 propter
3286 4176 3616 4249 Origenem,
3673 4178 3777 4249 qui

2142 4193 2349 4233 naouit
2406 4193 2541 4231 cum
2599 4193 2810 4231 nieron
2855 4193 2949 4230 mo
3005 4193 3241 4247 propter
3286 4193 3379 4232 uri
3425 4193 3616 4244 enem,
3673 4194 3777 4249 qui

2140 4238 2332 4303 adhuc
2363 4247 2509 4318 bene
2538 4247 2701 4318 audit
2729 4249 2787 4301 in
2814 4193 2927 4302 liae
2957 4247 3317 4318 Praefatione,
3370 4193 3562 4306 gods:
3609 4249 3782 4309 deni—

2140 4316 2660 4390 queCorbeicnsis
2703 4317 3155 4390 antiquissimus
3184 4316 3364 4374 alium
3397 4336 3511 4390 prae
3567 4337 3631 4376 se
3668 4320 3782 4377 fert

2140 4387 2521 4471 intellectum,
2552 4387 2693 4471 legit
2721 4387 2879 4471 enim
2912 4406 2925 4445 :
2964 4390 3195 4471 Urgs_b_at
3238 4406 3359 4446 eum
3390 4387 3587 4447 Lucius
3614 4390 3775 4448 Lavi-

2137 4464 2232 4516 nio
2259 4462 2443 4516 nostra
2473 4460 2665 4517 Luscio
2689 4462 2909 4527 simil-2s,
2939 4460 3055 4517 etc.
3096 4462 3385 4518 Manum.

2202 4531 2523 4603 ‘ASitamcn
2577 4532 2715 4601 haec,
2748 4538 2857 4587 etc.
2916 4532 3171 4603 Maronis
3228 4550 3463 4591 carmen
3510 4549 3581 4593 ex
3607 4534 3779 4603 Geor-

2131 4601 2795 4675 gicis,gquod_integrum
2828 4620 2943 4659 non
2975 4602 3178 4675 legunt
3198 4609 3416 4661 veteres
3446 4601 3768 4673 editiones;

2132 4672 2357 4748 qamv'is
2389 4672 2671 4748 scriptum
2704 4674 2932 4748 legatur
2962 4675 3019 4730 in
3035 4672 3195 4731 'mss.
3228 4674 3674 4748 exemplaribus,
3708 4672 3773 4733 ut

2128 4761 2162 4798 a
2189 4745 2358 4799 nobis
2398 4744 2620 4800 editum
2650 4744 3069 4801 estIMAB'rIAN.

2196 4848 2264 4890 —_—
2295 4815 2421 4890 Non
2452 4832 2521 4870 ex
2550 4817 2866 4890 Georgicis,
2903 4822 2968 4873 ut
3023 4818 3398 4890 Martianaaus
3445 4822 3631 4890 putat,
3663 4819 3767 4875 sed

2123 4904 2193 4962 ei:
2221 4886 2432 4962 Ecloga
2460 4904 2541 4962 v1,
2573 4888 2665 4962 cui
2706 4886 2925 4944 nomen
2985 4888 3237 4958 Silenus,
3273 4886 3521 4962 Virgilii
3562 4886 3765 4947 versus

2124 4958 2455 5034 bicestfln
2487 4959 2783 5031 plerisque
2813 4965 3009 5015 autem
3042 4977 3187 5017 mss.
3228 4958 3487 5017 Alterum
3533 4964 3586 5018 si
3642 4964 3763 5034 quis

2122 5030 2510 5085 desideratur.

2191 5102 2212 5135 ⁵
2243 5101 2379 5173 Cum
2404 5101 2604 5173 mundi
2621 5103 2859 5173 pariter,
2889 5105 2999 5158 etc.
3032 5102 3310 5158 Nonnulli
3356 5120 3499 5159 mss.
3533 5104 3760 5161 codices

2159 5171 2210 5228 ic
2243 5171 2464 5246 legunt,
2499 5171 2635 5227 Cani
2660 5175 2780 5227 suis
2803 5175 3019 5245 pariter
3073 5175 3277 5231 habere
3331 5175 3559 5231 divitiis.
3600 5176 3759 5232 MAR-

2114 5261 2268 5306 TIAN.

2178 5315 2528 5390 Nosterms.
2574 5314 2706 5370 Cum
2763 5316 2981 5385 mundi,
3041 5317 3127 5372 vel
3182 5334 3327 5388 cum,
3382 5320 3499 5374 suis
3549 5321 3759 5390 pariter

2117 5387 2316 5441 habere
2343 5386 2579 5441 divitiis.

2185 5458 2206 5490 ⁶
2233 5457 2393 5512 Alter
2421 5458 2650 5527 Reginae
2684 5474 2793 5512 ms.
2828 5458 3012 5513 ferme
3043 5475 3179 5514 cum
3207 5464 3425 5525 nostro,
3457 5464 3515 5515 et
3546 5458 3753 5515 Palati-

2114 5544 2208 5595 no,
2241 5533 2299 5582 et
2326 5529 2499 5583 veteri
2531 5529 2800 5591 editione,
2834 5530 2988 5599 Apud
3013 5535 3222 5586 nostros
3249 5536 3394 5598 sunt,
3424 5533 3754 5587 testimonio-

3367 5620 3483 5673 qua:
3519 5619 3750 5675 sequan-

2113 5618 2212 5652 ητα
2240 5618 2337 5669 pro
2356 5618 2619 5665 )oncmus,
2650 5618 2719 5655 es
2773 5618 3061 5657 couatzonc
3119 5619 3310 5657 eorum
3367 5620 3483 5673 qua:
3519 5619 3749 5675 sequun-

2113 5674 2272 5744 tur...
2332 5618 2551 5740 (noster
2622 5673 3006 5744 sequentur)...
3077 5678 3172 5729 aut
3248 5675 3411 5731 aliter
3465 5676 3555 5742 sit,
3606 5672 3749 5731 indi-

353 5738 605 5799 Terentii
636 5738 849 5797 dicitur
878 5741 1096 5810 Lucius,
1131 5738 1274 5798 'non
1338 5738 1581 5797 Luscius'.
1633 5739 1774 5805 Qnis
1805 5746 2000 5798 autem
2108 5742 2311 5796 cantio.
