3992 6414
234 410 363 482 089

1283 421 1521 485 LIBER
1563 420 1803 485 HEBB.
1834 414 2150 495 ‘QUEST.
2193 414 2274 483 ΙΝ
2320 417 2598 484 GENES.

3521 405 3652 489 890

236 548 430 627 πρώτη
443 554 579 622 c,'et
606 551 988 622 Theodotion,
1031 550 1085 609 ἓν
1125 553 1388 630 πρώτοις,
1420 558 1575 628 quod
1607 561 1664 613 et
1689 557 1886 629 ipsum
1914 556 1973 624 Α
1999 571 2179 627 super
2232 554 2439 612 Adam.
2469 575 2498 606 »
2532 558 2642 611 Pro
2671 553 2875 625 extasi,
2906 552 2966 612 id
2991 557 3099 622 est,
3134 558 3350 614 mentis
3377 572 3641 629 excessu,

240 655 360 698 non
391 644 678 714 orientem,
721 645 823 700 sed
865 645 1206 716 principium
1262 645 1573 717 signiﬁcat.
1630 647 1710 701 Ex
1774 662 1890 718 quo

238 730 727 788 manifestissime
785 734 1202 805 comprobatur
1258 735 1298 800 ¹,
1358 735 1512 805 quod
1545 735 1891 807 priusquam

238 819 452 878 cmlum
485 825 543 876 et
570 825 785 877 terram
837 822 991 878 Deus
1056 823 1295 893 faceret,
1354 825 1695 895 paradisum
1756 829 1892 880 ante

238 909 601 976 condiderat,
633 910 787 966 sicut
815 915 872 966 et
895 910 1109 983 legitur
1131 912 1191 966 in
1226 913 1459 968 ﬂebrzeo
1495 930 1507 967 :
1542 914 1892 968 Plantaverat

235 1001 423 1055 autem
453 999 863 1055 DominusDeus
904 1000 1229 1072 paradisum
1286 1003 1345 1056 in
1402 1002 1549 1057 Eden
1596 1019 1630 1056 a
1674 1004 1891 1073 princi-

233 1103 349 1160 pio.

309 1177 494 1249 (Vers.
529 1178 642 1250 li.)
677 1201 703 1228 ‹‹
739 1179 958 1235 Nomen
990 1181 1091 1234 uni
1125 1179 1363 1236 Phison.
1399 1202 1427 1229 ››
1460 1180 1624 1236 Hunc
1654 1197 1782 1237 esse
1804 1183 1891 1236 In-

237 1265 350 1322 diae
383 1265 627 1323 ﬂuvium
658 1270 899 1340 Gangen
929 1272 1159 1338 putant.

314 1356 477 1412 808
506 1356 689 1427 (Vers.
725 1356 839 1423 12.)
870 1379 898 1406 ‹‹
931 1356 1039 1412 Ubi
1070 1356 1174 1427 (Al.
1214 1357 1319 1427 Ibi)
1362 1363 1451 1413 est
1501 1358 1889 1414 carbunculus

236 1446 296 1499 et
323 1442 474 1517 lapis
504 1443 798 1517 prasinus.
833 1465 861 1494 »
917 1449 1028 1501 Pro
1080 1445 1414 1501 carbunculo
1443 1454 1500 1502 et
1546 1447 1725 1519 lapide
1758 1464 1890 1519 pra-

234 1534 381 1601 sino,
415 1528 672 1606 βδέλλιον
704 1537 762 1589 et
790 1527 963 1607 ὄνυχα
992 1535 1014 1568 ³
1041 1532 1141 1589 alii
1173 1534 1619 1591 transtulerunt.

314 1622 497 1693 (Vors.
520 1622 631 1693 15.)
662 1645 689 1671 ‹‹
725 1623 794 1678 Et
814 1623 1070 1695 sumpsit
1086 1623 1371 1679 Dominus
1393 1624 1546 1680 Deus
1570 1624 1887 1693 hominem,

237 1710 293 1765 et
326 1708 525 1780 posuit
552 1724 685 1764 eum
718 1709 777 1764 in
809 1709 1083 1780 paradiso
1112 1710 1448 1782 voluptatis.
1512 1734 1539 1760 ››
1587 1716 1695 1767 Pro
1725 1714 1890 1768 volu-

237 1800 421 1869 ptate,
445 1796 505 1852 in
540 1798 772 1853 Hebraeo
802 1797 978 1854 habet
1040 1816 1205 1855 ausu.
1244 1800 1356 1871 Ipsi
1398 1800 1578 1873 igitur
1608 1818 1763 1857 nunc
1792 1807 1892 1857 Se-

236 1885 550 1958 ptuaginta
576 1903 724 1942 suam
754 1886 1121 1959 interpretati
1153 1890 1294 1943 sunt
1338 1890 1688 1960 voluptatem.
1723 1891 1888 1963 Sym-

239 1974 486 2031 machus
517 1991 650 2031 vero
680 1975 782 2047 qui
815 1976 1115 2032 florentem
1178 1976 1352 2049 paulo
1383 1983 1517 2033 ante
1548 1979 1888 2050 paradisum

238 2063 643 2133 transtulerat,
703 2063 797 2120 hic
828 2064 1027 2137 posuit
1083 2062 1135 2118 ἐν
1164 2069 1243 2135 τῷ
1299 2063 1610 2141 παραδείσῳ
1665 2073 1764 2135 τῆς
1795 2067 1889 2121 ἀκ-

236 2157 339 2221 τῆς
368 2154 412 2221 ³,
445 2153 601 2225 quod
632 2156 689 2208 et
718 2152 914 2226 ipsum
936 2156 1303 2210 omnitatem
1330 2160 1386 2211 et
1406 2156 1631 2212 delicias
1662 2173 1823 2212 sona.

311 2241 500 2313 (Vers,
527 2242 641 2309 l7.)
677 2262 705 2293 ‹‹
733 2241 798 2297 In
830 2258 1179 2314 quacunque
1218 2248 1412 2301 autem
1445 2245 1537 2300 die
1568 2245 1891 2302 comederis

237 2347 310 2387 ex
338 2347 427 2397 eo,
455 2334 642 2386 morte
673 2331 940 2388 morieris
970 2332 1009 2386 ‘.
1048 2354 1074 2380 ››
1104 2332 1309 2388 Melius
1352 2333 1772 2405 interpretatus
1800 2340 1891 2391 est

240 2418 632 2492 Symmachus
662 2418 885 2484 dicens,
913 2420 1163 2476 mortalis
1190 2422 1320 2476 eris.

312 2507 497 2578 (Vers.
556 2507 673 2579 21.)
707 2529 734 2557 ››
766 2509 837 2564 Et
884 2508 1046 2564 misit
1075 2509 1361 2565 Dominus
1420 2510 1574 2567 Deus
1613 2512 1890 2568 exstasim

240 2632 436 2709 ferme
473 2632 814 2709 adverbium
868 2635 1301 2709 contentiosum
1371 2636 1499 2709 ejus
1558 2637 1895 2709 interpretis

238 2704 545 2781 ingenium
564 2705 765 2781 magis
794 2706 987 2781 refert.
1020 2707 1111 2760 Sic
1136 2706 1314 2781 habet
1342 2704 1639 2779 antiquior
1662 2704 1892 2781 Reginae

239 2774 390 2831 liber
437 2778 652 2851 :nAHO
680 2774 703 2778 ⁷
735 2779 1092 2851 APXHGEN,
1157 2777 1303 2833 alter
1358 2774 1627 2851 corrupte
1690 2798 1703 2833 :
1744 2774 1898 2835 "AHO

240 2850 591 2936 ΔιξξΝΗΗΝ.
630 2848 1215 2936 ρεοξῳδθραξεξῐὶηυε
1250 2867 1263 2905 :
1298 2853 1436 2902 AHO
1486 2848 1801 2905 APXNEEN
1863 2869 1894 2908 e

238 2918 458 2991 quibus
486 2919 709 2973 excudo
741 2918 844 2971 ἀπὸ
878 2918 1136 2993 ἀρχῆθεν.

239 3059 255 3067 ⁸
314 2990 330 3023 ¹
362 2991 446 3045 Ea:
496 3005 599 3061 quo
684 2991 1129 3067 manifestissime
1204 2992 1595 3067 comprobatur.
1657 2994 1736 3054 Ex
1789 2993 1898 3051 hoc

239 3059 369 3138 loco
400 3059 891 3138 argumentantur
910 3062 1095 3117 critici
1119 3059 1430 3138 scriptores
1462 3081 1669 3138 parum
1703 3067 1910 3126 mode-.

240 3132 342 3207 sti,
374 3132 1103 3207 aiuhtqueﬂieronymum
1127 3132 1431 3207 indulgere
1463 3132 1677 3191 fabulis
1699 3138 1897 3193 Judai-

243 3202 351 3260 cis.
384 3203 494 3259 Sed
526 3202 609 3277 de
629 3202 723 3259 bis
753 3220 820 3277 ac
849 3202 1143 3261 similibus
1173 3202 1326 3261 locis
1374 3206 1504 3262 vide
1558 3207 1898 3277 prolixiores

2001 644 2061 699 in
2096 644 2330 699 Hebraeo
2362 644 2609 700 habetur
2625 661 2934 701 ramosam
2955 646 3404 719 (nn'tﬁn),quod
3435 648 3645 721 Aquila

1999 731 2328 807 καταφορὰν,
2370 734 2757 806 Symmachus
2808 733 2995 808 κάρον,
3053 734 3110 789 id
3168 738 3276 803 est,
3337 754 3565 806 gravem
3594 741 3644 794 et

1997 821 2335 893 profundum
2361 838 2605 894 soporem
2636 823 2998 896 interpretati
3021 828 3161 880 sunt
3188 825 3229 879 ⁸.
3263 825 3524 899 Denique
3555 842 3645 882 se-

2001 910 2202 982 quitur
2233 927 2246 965 :
2280 912 2345 966 Et
2370 911 2647 966 dormivit.
2686 912 2946 984 Idipsum
2989 912 3226 968 verbum
3274 918 3332 970 et
3384 914 3443 970 in
3499 915 3648 971 Jona

2001 1000 2068 1068 (ι,
2102 1000 2156 1068 5)
2185 999 2482 1055 stertentis
2515 1016 2723 1055 somno
2753 1002 3013 1072 positum
3044 1006 3152 1057 est.

2073 1086 2258 1158 (Vers.
2290 1088 2403 1154 23.)
2441 1112 2461 1138 (ι
2500 1090 2615 1144 Hoc
2646 1106 2802 1145 nunc
2828 1107 2894 1145 os
2949 1106 3018 1146 ex
3071 1090 3307 1147 ossibus
3365 1092 3533 1159 meis,
3593 1097 3651 1148 et

2000 1193 2133 1232 caro
2164 1177 2237 1231 de
2253 1193 2424 1233 carne
2447 1194 2577 1233 mea
2611 1194 2624 1232 :
2659 1178 2777 1233 haec
2806 1180 3110 1235 vocabitur
3130 1180 3647 1253 mulier,quoniam

1998 1281 2066 1321 ex
2120 1265 2243 1320 viro
2300 1272 2538 1338 sumpta
2567 1272 2673 1323 ost.
2704 1289 2731 1315 ››
2763 1267 2889 1323 Non
2920 1267 3151 1324 videtur
3183 1269 3242 1323 in
3274 1270 3469 1325 Graeco
3500 1274 3557 1326 et
3584 1271 3647 1325 in

2000 1353 2226 1422 Latino,
2259 1371 2485 1422 sonare,
2514 1372 2616 1411 cur
2646 1355 2855 1412 mulier
2882 1356 3228 1429 appelletur,
3262 1359 3403 1430 quia
3431 1375 3501 1417 ex
3521 1360 3647 1415 viro

1999 1448 2236 1515 sumpta
2264 1444 2376 1499 sit:
2413 1446 2512 1501 sed
2561 1444 2915 1518 etymologia
2971 1445 3032 1501 in
3067 1446 3330 1502 Hebraeo
3376 1464 3650 1504 sermone

2000 1535 2281 1587 servatur.
2319 1533 2414 1587 Vir
2444 1535 2660 1607 quippe
2690 1539 2928 1590 vocatur
2985 1535 3037 1591 is
3093 1536 3281 1607 (φησι),
3340 1540 3398 1592 et
3440 1537 3652 1593 mulier

1999 1637 2123 1677 188A
2152 1622 2381 1693 (mem).
2418 1623 2590 1678 Recte
2621 1623 2803 1694 igitur
2833 1624 2905 1678 ab
2938 1640 3009 1691 IS,
3062 1623 3358 1696 appellata
3387 1631 3476 1681 est
3518 1641 3649 1681 mu-

2000 1708 2110 1765 lier
2130 1727 2273 1765 ISSA.
2298 1710 2460 1766 Unde
2478 1717 2535 1766 et
2562 1711 2949 1783 Symmachus
2971 1711 3213 1784 pulchre
3241 1714 3649 1788 etymologiam

2001 1799 2179 1854 etiam
2210 1799 2271 1854 in
2303 1800 2498 1855 Grazco
2542 1800 2725 1855 voluit
2752 1801 3049 1856 custodire
3080 1801 3280 1859 dicens
3312 1818 3326 1856 :
3361 1802 3496 1858 Haec
3552 1820 3652 1859 vo-

2001 1887 2229 1943 cabitur
2258 1884 2463 1961 ἀνδρὶς,
2496 1890 2517 1923 ²
2544 1886 2628 1941 ὅτι
2660 1888 2763 1941 ἀπὸ
2796 1884 2992 1964 ἀνδρὸς
3045 1885 3283 1966 ἐλήφθη.
3325 1892 3487 1957 Quod
3545 1909 3653 1949 nos

1999 1976 2197 2031 Latine
2228 1993 2545 2048 possumus
2575 1978 2767 2033 dicere
2803 1995 2815 2033 :
2850 2000 2878 2027 ‹‹
2914 1977 3045 2033 Haec
3073 1978 3374 2035 vocabitur
3430 1980 3650 2055 virago,

2003 2065 2142 2136 quia
2170 2081 2238 2119 ex
2267 2065 2390 2120 viro
2423 2070 2663 2137 sumpta
2692 2071 2803 2121 est.
2844 2088 2872 2116 ››
2906 2070 3085 2123 Porro
3119 2067 3441 2125 Theodotio
3473 2069 3649 2126 aliam

1996 2153 2408 2226 etymologiam
2440 2154 2775 2225 suspicatus
2805 2158 2913 2221 est,
2948 2154 3150 2210 dicens
3194 2172 3207 2209 :
3249 2179 3278 2205 ‹‹
3327 2157 3454 2213 Haec
3485 2159 3648 2215 συθ

1994 2242 2300 2299 vocabitur
2327 2244 2653 2315 assumptio
2688 2259 2701 2297 :
2736 2243 2874 2315 quia
2929 2259 2997 2299 ex
3037 2244 3160 2299 viro
3208 2250 3447 2318 sumpta
3475 2250 3584 2303 est.
3621 2270 3649 2296 »

1998 2335 2198 2388 Potest
2227 2332 2442 2404 quippe
2463 2347 2585 2389 ISSA
2614 2333 2801 2403 (non)
2832 2332 3158 2388 secundum
3182 2334 3524 2392 varietatem
3556 2353 3645 2392 ac-

2000 2426 2205 2476 centus
2234 2422 2256 2455 τ
2294 2426 2351 2477 et
2379 2424 2683 2491 assumptio
2711 2420 2983 2494 intelligi.

2073 2512 2232 2582 (Cap.
2267 2510 2362 2565 IIl.
2398 2541 2464 2551 —
2494 2510 2659 2565 Vere.
2700 2511 2777 2581 1.)
2811 2531 2838 2559 ‹‹
2872 2511 3124 2582 Serpens
3176 2513 3372 2567 autem
3404 2516 3532 2569 erat
3557 2529 3651 2569 sa-

2073 2634 2094 2667 ¹⁵
2127 2634 2246 2690 lluc
2294 2634 2444 2689 refer
2485 2633 2779 2690 Plutarchi
2811 2633 3005 2689 locum
3036 2633 3095 2688 in
3127 2636 3374 2691 Antonio
3399 2637 3470 2693 de
3495 2637 3652 2693 Cleo-

2000 2708 2180 2793 patra,
2200 2724 2234 2761 a
2272 2707 2475 2787 Drusio
2507 2705 2832 2793 laudatum,
2865 2705 3169 2793 υδίυκάροι
3231 2712 3289 2793 et
3312 2708 3649 2793 κκναταφορὰν

2005 2775 2184 2865 simul
2243 2779 2551 2861 nominat:
2585 2775 2887 2862 Kai~poyov
2941 2775 3161 2866 εἶξριώξε
3200 2777 3261 2830 τὸ
3308 2775 3508 2866 δεῖγμά
3551 2775 3653 2847 ἑῆς
3762 2808 3769 2811 -

2006 2844 2243 2923 timidae
2282 2845 2404 2923 ἄγευ
2466 2844 2924 2923 σπασμοΰκάρον
2978 2844 3197 2923 ὗπγώδη
3268 2849 3358 2903 καὶ
3404 2844 3651 2923 ’δὶαταφὸ-

2006 2921 2099 2996 ρᾲν
2134 2916 2517 2996 ἐφελκόμενον.
2551 2916 2844 2991 solumque
2873 2922 3078 2991 reperit
3130 2937 3374 2978 morsum
3423 2916 3652 2996 aspidis,

2004 2993 2124 3066 sine
2153 2993 2503 3066 convu_lsione
2530 3007 2775 3064 soporem
2802 3007 3025 3064 gravem
3053 2998 3104 3047 et
3130 3008 3385 3049 somnum
3427 2993 3659 3066 pro/un-

2004 3061 2137 3117 dum
2165 3063 2549 3118 attrahentem.

2078 3134 2099 3166 ⁶
2130 3130 2509 3208 Ἀνδρῖςλθῐθ.
2541 3134 2858 3208 Coptictam
2890 3133 3224 3208 Symmachi
3269 3132 3527 3208 Graecam
3567 3134 3654 3192 le-

2006 3203 2271 3274 ctionem'
2288 3206 2541 3260 retinent
2567 3204 2705 3274 editi
2737 3210 2905 3274 antea
2932 3203 3066 3260 libri
3096 3203 3154 3259 in
3188 3204 3345 3274 hunc
3387 3207 3651 3274 modum,

240 3277 477 3332 nostras
530 3275 953 3332 Adnotationes
1012 3282 1069 3332 et
1118 3276 1463 3349 Apologiam
1522 3270 1580 3333 S'.
1640 3280 1891 3337 doctoris

245 3362 447 3401 supra.
481 3345 756 3401 Murum.

2011 3272 2140 3343 αὕτη
2183 3271 2251 3328 κλ
2299 3276 2517 3345 ϐήσεται
2575 3271 2779 3349 ἀνδρὶς,
2838 3272 2921 3328 ὅτι
2979 3274 3037 3329 ἐκ
3090 3278 3187 3328 τοῦ
3244 3270 3435 3350 ἀνδρὸς
3483 3270 3650 3345 αὐτῆς

2011 3296 2387 3401 ἐλήφθη.⁷ἰ]οο
2416 3353 2523 3401 est.
2557 3349 2678 3401 "(eo
2698 3348 2979 3401 vocabitur
3021 3348 3163 3401 vim.
3224 3349 3355 3401 auia
3409 3347 3475 3401 de
3532 3351 3650 3401 viro

245 3362 447 3418 supra.
481 3345 756 3418 Murus.

316 3416 387 3459 ἔ-
412 3416 645 3474 Scilicet
665 3418 1102 3491 Aexhdudzeorum
1136 3418 1449 3484 sententia.
1473 3435 1651 3491 quam
1686 3421 1899 3479 invexit
1937 3431 1942 3435 '

248 3494 454 3545 auctor
482 3489 677 3561 quarti
726 3488 859 3544 libri
917 3490 1112 3546 Esdrae
1172 3506 1221 3545 c.
1254 3507 1340 3555 ιιι,
1372 3507 1427 3544 ν.
1472 3488 1508 3545 6
1548 3507 1561 3546 :
1596 3492 1893 3561 Induxisli,

245 3577 373 3617 eum
402 3561 631 3631 (Adam)
673 3562 732 3615 in
762 3561 1040 3632 paradiso,
1091 3577 1249 3633 quem
1296 3563 1643 3632 plantaverat
1671 3564 1898 3622 dextera

248 3636 348 3705 tua
405 3636 700 3705 antequam
727 3635 879 3705 terra
923 3632 1263 3705 adventaret.
1325 3634 1538 3689 Contra
1592 3650 1726 3690 vero
1758 3654 1896 3693 sen-

243 3704 403 3776 tiunt
424 3703 771 3776 interpretes
792 3703 1056 3776 plerique
1085 3720 1289 3759 omnes
1315 3748 1327 3772 ,
1360 3710 1416 3761 et
1438 3721 1577 3760 sane
1602 3709 1893 3765 consitum

246 3774 483 3853 hortum
511 3774 681 3853 illum
710 3775 769 3829 in
800 3774 1018 3853 ’A‘da‘mi
1075 3776 1347 3849 gratiam,
1409 3783 1712 3834 contextus
1770 3782 1896 3853 ipse

243 3845 562 3918 Scriptura:
593 3847 977 3918 demonstrat:

318 3918 342 4005 ἢ
370 3913 583 3989 Aquila
611 3921 807 3974 tamen
844 3913 1166 4005 Σξιρδόνυχα
1195 3917 1385 4005 vertit,
1440 3920 1597 4005 quod
1649 3921 1896 4005 fortasse

242 3988 636 4077 Hieqony‘mus
667 4006 771 4077 pro
801 3988 1005 4077 eodem
1052 3988 1129 4077 ad
1173 3989 1422 4077 simplex
1451 3988 1624 4064 ὄνυχα
1649 3993 1891 4077 accepit.

317 4059 341 4093 ³
370 4057 839 4117 Hactenus—falso
871 4059 1126 4116 obtinuit
1151 4066 1252 4127 τῆς
1285 4057 1481 4129 ἅλα-ης,
1518 4057 1687 4133 quod
1718 4057 1893 4119 inter-

240 4134 555 4258 gretantur
581 4135 843 4188 nemoris.
876 4133 947 4187 Et
973 4146 1107 4187 vero
1149 4137 1482 4204 suspectam
1514 4132 1666 4189 hanc
1693 4152 1892 4191 vocem

288 4202 454 4258 abuit
481 4203 751 4258 Drusius.
775 4219 951 4258 auem
985 4203 1276 4258 immerito
1311 4204 1681 4258 reprehendit
1712 4207 1892 4258 Mont-

288 4202 751 4275 abuit‘Drusius,
775 4219 951 4275 quem
985 4202 1276 4275 immerito
1311 4204 1681 4275 reprehendit
1712 4207 1896 4262 Mont-

242 4272 575 4349 fauconius.
608 4276 682 4330 At
712 4272 829 4329 non
860 4274 1346 4349 tamen‘sicsatis
1375 4272 1622 4349 feliciter
1648 4275 1895 4349 ille_opi-

239 4348 420 4418 natus
474 4350 566 4401 est
592 4346 994 4418 reponendum
1025 4340 1318 4416 ἀλοσύνης.
1379 4347 1495 4403 Vox
1534 4352 1687 4403 certe
1718 4340 1893 4417 ἅλςὶης

241 4414 428 4499 plane
482 4414 887 4499 commentitia
943 4421 1081 4499 est",
1129 4420 1186 4472 et
1240 4414 1453 4499 Graecis
1510 4414 1894 4499 scriptoribus

238 4483 460 4560 ignota,
491 4497 546 4561 et
569 4489 860 4561 siquidem
893 4506 996 4561 pro
1026 4483 1193 4549 ἄλσος
1226 4490 1528 4561 accipitur,
1561 4483 1741 4546 ρι’τοῦ
1794 4488 1892 4545 ἄλ-

238 4559 369 4620 σους
399 4559 779 4617 scribendum
820 4559 995 4625 esset,
1027 4561 1277 4616 necdum
1312 4559 1507 4617 tamen
1528 4579 1597 4617 ex
1627 4578 1695 4618 ea
1722 4562 1895 4619 inter-

238 4630 625 4706 pretationem
662 4634 1027 4706 amtenitatis,
1089 4647 1157 4687 ac
1211 4632 1539 4706 deliciarum
1598 4639 1895 4706 utcunque

237 4700 434 4776 valeas
463 4704 801 4776 extundere.
836 4704 1059 4776 Contra
1077 4720 1184 4776 vox
1213 4702 1431 4776 ῘΑκτῇς,
1464 4721 1640 4776 quam
1674 4700 1892 4762 substi-

234 4773 488 4844 tuimus,
519 4776 737 4830 nedum
767 4774 1004 4841 Graecis,
1039 4774 1262 4830 Latinis
1292 4773 1526 4849 quoque
1556 4777 1890 4834 auctoribus

114 4906 133 4916 -
231 4850 562 4919 usurpatur
589 4862 694 4919 pro
725 4861 938 4919 amomo
968 4861 1217 4919 secessu;
1270 4847 1527 4919 maxime
1582 4849 1654 4904 ad
1709 4851 1892 4906 maris

230 4913 428 4992 littus,
459 4934 560 4992 seu
589 4913 851 4992 propter
882 4917 1111 4985 ﬂuvios,
1171 4916 1375 4989 quales
1432 4924 1572 4992 sunt
1615 4925 1887 4992 quatuor,

231 5002 389 5061 quos
415 4986 507 5044 hic
537 4986 648 5061 loci
679 4986 989 5061 scriptura,
1004 4986 1444 5061 commemorat.
1478 4986 1676 5047 Graeca
1703 4986 1892 5048 exem-

230 5058 352 5133 pla
375 5058 634 5133 invenire
658 5064 748 5117 est
767 5058 827 5116 in
858 5059 1084 5133 Lexicis
1108 5059 1489 5133 innumeram
1512 5061 1735 5118 Latinis
1755 5081 1889 5121 vero

229 5130 545 5189 notissima
568 5130 669 5188 illa
697 5136 837 5188 sunt
863 5130 1156 5188 Ciceronis
1185 5131 1244 5187 in
1274 5130 1513 5189 Verrem
1568 5150 1648 5188 vn
1678 5136 1749 5189 25
1779 5151 1793 5191 :
1826 5138 1889 5192 In

230 5210 358 5330 ἔω
386 5218 511 5329 edam
567 5204 908 5260 mulierculis
954 5203 1170 5275 jaccbat
1224 5203 1408 5259 ebrius
1438 5222 1457 5258 :
1499 5208 1556 5259 et
1597 5203 1799 5278 Virgil.
1831 5224 1889 5263 vx

304 5290 396 5330 ne:
442 5316 454 5329 .

304 5290 454 5331 nexa.

308 5350 381 5417 At
409 5345 608 5417 procul
640 5346 699 5402 in
732 5345 857 5402 sola
885 5349 1118 5403 secretae
1149 5345 1407 5401 Troades
1436 5350 1583 5409 acta,
1614 5352 1724 5405 etc.

231 5414 921 5508 εεάέῐιξοάρνεεοίρξωω
940 5419 1641 5508 εεξξιξεξι,ιξε>ξξξυξῑιμίίει
1693 5422 1889 5508 Paete-

231 5490 375 5547 runt
394 5487 625 5559 Ἆκτῆς,
649 5487 903 5563 quatuor
933 5487 1577 5563 quiqus'utimurmss.
1600 5508 1641 5563 Ac
1671 5487 1885 5563 quibus

228 5575 391 5616 unus
421 5559 895 5618 tantum‘vitiosa
924 5559 1205 5631 scriptura
1235 5560 1463 5616 abludit
1492 5559 1711 5628 ’Λκθῆςζ

304 5632 329 5666 ⁵
355 5631 525 5715 Unus
549 5632 789 5715 Reginae
814 5633 1277 5715 Ipso-moriemini
1299 5632 1472 5715 juxta
1489 5632 1670 5715 “LXX.
1706 5639 1883 5715 Porro

202 5702 715 5778 -S_ymmacbusi_n
748 5703 982 5761 Catenis
1012 5703 1207 5776 Regiis
1238 5720 1273 5758 a
1302 5702 1715 5762 'Montfaucon.
1751 5706 1882 5765 lau-

228 5770 410 5850 datis,
441 5775 638 5847 θνητος
658 5770 774 5850 ἔσῃ.
828 5810 833 5815 -

1922 4667 1971 4732 D

2008 3341 2240 3422 ἐᾎήφθη,
2278 3341 2387 3403 hoc
2416 3353 2523 3413 est,
2557 3341 2979 3422 "(revocabitur
3021 3348 3164 3422 vim,
3224 3341 3355 3422 quia
3409 3347 3489 3422 de_
3532 3341 3651 3405 viro

2004 3418 2135 3488 ejus
2149 3421 2361 3488 sumpta
2392 3422 2492 3491 est.
2526 3418 2744 3491 Partim
2776 3418 2956 3491 igitur
3001 3434 3032 3473 e
3062 3418 3444 3491 Septuaginta
3468 3419 3657 3476 Inter-'

2006 3493 2236 3563 pratum
2260 3490 2673 3563 translatione,
2709 3490 2921 3562 partim
2942 3506 3039 3563 ex
3077 3490 3153 3546 ea
3173 3490 3353 3563 quam
3383 3490 3651 3563 Symma-

2006 3560 2154 3615 chus
2208 3561 2489 3627 ediderat,
2544 3560 2881 3633 corruptam
2941 3560 3283 3632 hujusmodi
3340 3560 3652 3620 lectionem

2002 3635 2263 3705 Graecam
2295 3638 2715 3705 repraesentant
2769 3637 3047 3688 Erasmus
3077 3638 3133 3687 et
3188 3633 3502 3688 Marianus.
3536 3635 3655 3690 Nos

2004 3704 2321 3777 genuinam
2353 3704 2723 3777 restituimus
2754 3705 2823 3759 ad
2856 3705 3031 3759 ﬁdem
3062 3705 3327 3759 omnium
3358 3704 3651 3777 exempla-

2005 3774 2159 3830 rium
2189 3792 2331 3831 mss.
2365 3776 2716 3847 Ilieronymi.
2762 3776 3044 3831 Murrum.

2075 3879 2146 3889 -—-
2176 3848 2460 3929 Legerant
2487 3845 2706 3929 veteres
2726 3848 2978 3929 editores
2989 3862 3144 3929 βαρεῖ
3163 3845 3531 3929 Μαινῐίᾳιιέεᾳε
3551 3863 3651 3929 ενα-

2046 3935 2112 3975 ra
2142 3911 2418 3991 meritum
2446 3920 2715 3991 castigat,
2766 3916 2898 3991 ᾳβτη
2924 3911 3287 3991 Ακλῖηθῄσεται
3319 3911 3518 3991 *ἀνδρὶς
3567 3911 3652 3991 ἤτε

2032 4009 2081 4065 πιιΔ
2120 3992 2216 4040 τοῦ
2270 3985 2461 4065 ἀνᾷρὸς
2519 3985 2706 4065 nec}:
2770 3985 3003 4065 ἐξήφθη.
3055 3988 3227 4065 Δ(ΞΡ-ει)
3280 3985 3650 4065 Αβγῐῐῆῐηᾶοξιί

2004 4060 2404 4131 interpretatio
2433 4060 2672 4115 totidem
2705 4059 2917 4129 verbis",
2958 4061 3103 4114 teste
3137 4059 3529 4131 Montfaucon.
3589 4060 3649 4116 in

2004 4130 2237 4187 Catenis
2278 4130 2704 4203 mss.habetur
2730 4131 2790 4186 in
2825 4133 2948 4187 loco
3001 4131 3100 4203 qui
3131 4130 3475 4203 Apollinarii
3521 4147 3650 4188 esse

2004 4203 2238 4293 dicitur;
2253 4202 2740 4293 Noetri‘equidem
2762 4221 2905 4260 mss.
2903 4202 3055 4293 ,ςυῲ
3088 4202 3652 4293 impressa‘lectione

2003 4274 2379 4351 consentiunt
2409 4291 2421 4329 :
2456 4270 2684 4351 tantum
2717 4292 2872 4331 unus
2903 4275 3134 4351 Regina:
3177 4270 3460 4351 ’ᾼνδρηὶς,
3486 4277 3648 4351 quod

2003 4347 2336 4420 virilitatem
2351 4351 2539 4413 sonat,
2573 4346 2749 4403 habet
2778 4365 2881 4420 pro
2910 4345 3123 4418 Ἀνδρὶς
3153 4348 3275 4420 vim
3305 4345 3409 4420 aut
3438 4345 3647 4420 virago.

2074 4418 2093 4452 ⁷
2126 4417 2434 4473 Secundum
2466 4417 2797 4475 varietatem'
2836 4427 3107 4475 accentus.
3167 4418 3302 4481 Quae
3358 4417 3437 4474 sit
3463 4417 3650 4474 diver-

2004 4488 2147 4544 sitas
2178 4488 2278 4544 illa
2307 4494 2677 4558 accentuum,
2724 4490 2855 4547 vide
2882 4491 3036 4546 intra
3064 4491 3389 4545 Comment.
3452 4488 3513 4542 in
3545 4488 3646 4543 lib.

2002 4561 2161 4617 Hebr.
2192 4562 2409 4616 Nomin.
2443 4561 2544 4615 ubi
2601 4562 2969 4617 ostendimus
2996 4560 3334 4616 varietatem
3373 4563 3650 4615 accentus

2002 4631 2062 4687 in
2094 4631 2331 4687 nomine
2358 4632 2611 4687 Damesec
2639 4637 2696 4687 et
2725 4631 2911 4698 Sabee,
2945 4630 3090 4687 nihil
3122 4629 3279 4685 aliud
3310 4646 3438 4686 esse
3469 4646 3647 4701 quam

2001 4703 2291 4775 diversam
2314 4702 2852 4775 pronuntiationem
2876 4703 3159 4775 litterariis
3179 4703 3289 4756 sin.
3325 4702 3471 4775 llinc
3491 4702 3648 4757 enim

1998 4774 2184 4847 liquet
2215 4771 2424 4830 nomen
2449 4786 2588 4833 nm:
2615 4775 2961 4847 issa,soua_re
2980 4774 3269 4847 mulierem
3289 4771 3337 4827 si
3360 4771 3645 4844 scriptum

1999 4843 2230 4917 legatur
2249 4862 2381 4901 cum
2412 4859 2465 4904 te
2494 4848 2632 4917 scin,
2665 4844 2784 4899 sive
2831 4845 2992 4900 schin
3024 4862 3038 4910 ;
3072 4843 3402 4917 significare
3444 4843 3641 4899 autem

1998 4914 2446 4989 asEumptionem,
2492 4915 2540 4971 si
2574 4917 2898 4971 derivatum
2931 4917 3106 4971 fuerit
3134 4914 3489 4989 vocabulum
3520 4924 3643 4989 rma

1999 4991 2133 5056 issu,
2156 4985 2195 5045 εί
2218 4988 2392 5044 verbo
2423 4997 2552 5048 ne:
2580 5005 2771 5059 nassa,
2831 4988 3001 5059 cujus
3030 5001 3083 5046 τε
3114 4986 3309 5059 media
3340 4985 3533 5041 littera
3564 4985 3644 5059 le-

1998 5061 2157 5133 gitur
2187 5077 2321 5116 cum
2370 5058 2648 5132 punctulo
2678 5057 2953 5133 sinistrd.
2976 5060 3126 5133 [scina
3155 5057 3541 5133 igitur‘viram
3572 5058 3647 5113 si-

2040 5132 2266 5198 niiicat,
2300 5128 2410 5187 issu
2438 5134 2883 5202 assumptionem.
2908 5128 3031 5196 Vel,
3056 5135 3122 5185 ut
3141 5128 3274 5184 cum
3300 5128 3647 5202 Hieronymo

2040 5149 2266 5198 uincat,
2300 5149 2410 5187 assa
2438 5149 2883 5202 assumpuonem.
2918 5149 3031 5196 νθι,
3056 5149 3122 5185 ιη
3141 5149 3274 5184 cum
3300 5149 3647 5201 uieronymo

1997 5149 2287 5273 gicamus,
2320 5203 2427 5258 ἕδεα
2458 5219 2591 5259 cum
2622 5205 2717 5259 Sin
2754 5202 2999 5259 stridulo
3033 5202 3398 5257 Hebraeorum
3430 5200 3648 5256 intelli-

2038 5276 2158 5330 itur
2186 5275 2345 5341 vim;
2382 5291 2515 5329 cum
2549 5292 2693 5330 sono
2724 5279 2920 5330 autem
2952 5272 3135 5331 Grzeci
3164 5273 3369 5341 Sigma,
3402 5289 3504 5328 seu
3542 5273 3647 5328 lle-

2038 5293 2158 5330 itur
2186 5293 2345 5341 vim;
2382 5293 2515 5329 cum
2549 5293 2693 5330 sono
2724 5293 2920 5330 autem
2952 5293 3135 5331 uraeci
3164 5293 3369 5341 Dlgma,
3402 5293 3504 5328 seu
3542 5293 3647 5328 ue-

1996 5293 2133 5403 ἐνεοί
2168 5346 2413 5413 Samech,
2448 5347 2650 5401 eadem
2684 5363 2789 5402 vox
2821 5349 2932 5401 issu
2962 5346 3382 5417 interpretatur
3434 5361 3648 5399 assum-

1992 5421 2127 5490 ptio.
2164 5417 2378 5490 Confer
2425 5416 2536 5473 ista
2565 5434 2698 5474 cum
2732 5418 2803 5473 iis
2834 5435 2959 5490 quae
3004 5417 3644 5490 leguntur_Comment.

2000 5487 2329 5561 Hieronymi
2368 5488 2424 5542 in
2457 5506 2583 5560 cap.
2617 5506 2694 5543 χιι
2726 5487 3112 5555 Ecclesiastis,
3145 5488 3241 5543 ubi
3275 5487 3346 5541 de
3376 5487 3537 5544 varia
3566 5488 3649 5543 in-

1993 5560 2408 5631 terpretatione
2461 5560 2717 5615 nominis
2773 5573 2916 5621 172w
2991 5560 3167 5629 soked,
3253 5568 3645 5619 ex.accenlus

1993 5633 2271 5708 varietate
2302 5632 2643 5708 disputavit.
2678 5631 2963 5708 Maurum.
3106 5702 3116 5708 _
3246 5702 3256 5708 _
3314 5705 3320 5708 _
3472 5702 3484 5708 _
3581 5697 3615 5708 _,

2063 5735 2131 5744 —
2166 5702 2327 5759 Haud
2356 5700 2477 5757 scio
2497 5703 2638 5773 quid
2667 5707 2943 5774 accentus
2962 5702 3198 5759 nomine
3243 5700 3488 5774 intelligi
3510 5700 3645 5770 velit

1991 5777 2401 5848 Hieronymus,
2433 5771 2588 5846 quod
2611 5773 2768 5830 enim
2791 5773 2963 5849 vulgo
2985 5775 3259 5840 creditur,
3281 5776 3339 5829 et
3367 5771 3635 5842 Martian.
