3992 6386
378 364 503 445 αἱ

1619 376 1687 437 3.
1722 367 2045 441 EUSE‘BII‘
2070 368 2544 445 HIERONYMI.

3670 356 3794 451 si

378 506 633 583 pientior
662 507 893 566 cunctis
911 506 1117 567 bestiis
1135 522 1313 583 super
1340 512 1616 566 terram.»
1639 511 1748 564 Pro
1768 506 2031 578 sapiente
2058 506 2113 577 Α
2214 512 2395 579 (Vers.
2429 513 2514 568 17.
2550 537 2577 566 ‹‹
2606 514 2913 573 Maledicta
2939 518 3093 575 terra
3115 516 3177 574 in
3206 514 3482 592 operibus
3507 516 3629 579 tuis
3646 519 3702 575 ί.
3756 538 3785 571 υ

380 599 441 655 in
472 598 710 655 Hebraeo
736 598 990 654 habetur
1012 617 1171 655 anon:
1202 602 1391 671 (D111!)
1423 601 1461 667 ',
1495 598 1648 670 quod
1705 596 1915 668 Aquila
1966 600 2024 651 et

378 686 736 745 Theodotion
768 690 1070 760 πανοῦργον
1124 688 1484 760 interpretati
1518 692 1653 743 sunt
1714 703 1726 741 :
1783 686 1891 739 hoc
1935 688 2025 739 est

375 792 613 849 nequam
641 780 697 831 et
725 777 1087 848 versipellem.
1122 777 1307 850 Magis
1338 777 1534 848 itaque
1590 793 1658 831 ex
1689 775 1799 831 hoc
1846 774 2021 830 verbo

375 864 662 925 calliditas
691 868 749 921 et
774 866 1035 922 versutia
1075 882 1255 937 quam
1313 864 1602 937 sapientia
1655 865 2020 919 demonstra-

375 958 492 1010 tur.

443 1043 632 1113 (Vers.
671 1044 756 1114 8.)
788 1064 818 1093 «
852 1044 921 1098 Et
949 1043 1264 1099 audierunt
1302 1059 1499 1100 vocem
1532 1042 1762 1098 Domini
1784 1041 1883 1098 Dei
1904 1059 2020 1097 am-

369 1131 635 1191 balantis
666 1131 726 1188 in
757 1132 1027 1205 paradiso
1058 1134 1128 1189 ad
1189 1149 1514 1204 vesperam.
1554 1154 1580 1180 ››
1623 1132 1685 1188 1n
1729 1131 2020 1203 plerisque

372 1221 674 1280 codicibus
706 1222 1066 1285 Latinorum,
1107 1239 1212 1293 pro
1258 1238 1325 1277 eo
1357 1222 1511 1293 quod
1561 1221 1654 1277 hic
1712 1220 2022 1291 posuimus

369 1312 447 1369 ad
495 1315 915 1382 vesperam,post
943 1310 1231 1366 meridiem
1281 1311 1457 1366 habet
1537 1310 1676 1381 quia
1700 1309 1762 1363 τὸ
1786 1305 2017 1362 δειλινὸν

371 1401 637 1460 Graecum
669 1416 1001 1457 sermonem
1032 1401 1104 1456 ad
1128 1401 1371 1457 verbum
1400 1401 1719 1456 transferre
1748 1416 1863 1456 non
1894 1416 2023 1471 pos-

369 1505 578 1549 sumus
611 1507 623 1545 :
657 1505 759 1561 pro
790 1504 906 1560 quo
937 1488 996 1543 in
1030 1489 1268 1544 Hebraeo
1301 1489 1587 1558 scriptum
1619 1493 1708 1544 est
1763 1490 1804 1553 ε,
1840 1505 2022 1544 unus

366 1594 508 1636 non
537 1582 699 1647 (cum
743 1563 921 1649 rm‘a),
955 1578 1110 1649 quod
1144 1577 1357 1649 Aquila
1378 1577 1803 1651 interpretatus
1859 1586 1943 1632 est
1965 1575 2016 1630 ἐν

364 1667 662 1739 τῷιάνὲμῳ
683 1672 786 1734 τῆς
818 1665 1034 1741 ἡμέρας
1089 1667 1146 1722 id
1191 1670 1300 1733 est,
1360 1669 1420 1721 in
1476 1675 1631 1721 vento
1686 1666 1817 1721 diei.
1851 1668 2017 1739 Sym-

367 1756 617 1815 machus
654 1772 786 1813 vero
820 1752 909 1808 διὰ
940 1754 1247 1825 πνεύματος
1280 1754 1518 1829 ἡμέρας,
1550 1756 1606 1810 id
1639 1761 1747 1823 est,
1779 1772 1878 1828 per
1905 1758 2019 1826 spi-

2132 600 2321 673 Opera
2343 602 2437 659 hic
2469 620 2584 660 non
2615 604 2770 662 ruris
2793 606 3042 675 colendi,
3064 612 3128 663 ut
3151 607 3413 682 plerique
3442 612 3785 683 putant,sed

2131 694 2367 762 peccata
2396 693 2805 765 signiﬁcantur
2831 697 2853 730 ⁸
2886 714 2899 751 :
2937 700 3002 752 ut
3028 696 3089 753 in
3141 698 3378 754 Hebraeo
3409 698 3680 755 habetur.
3712 701 3785 756 Et

2131 780 2343 851 Aquila
2374 799 2486 837 non
2516 783 2830 851 discordat,
2866 785 3064 841 dicens
3098 802 3111 842 :
3146 809 3175 837 ‹‹
3208 788 3515 844 Maledicta
3560 788 3786 845 humus

2131 875 2367 942 propter
2394 877 2466 927 te.
2504 896 2526 925 ι
2563 874 2632 927 Et
2661 873 3018 930 Theodotion
3053 891 3066 929 :
3131 898 3159 925 ‹‹
3217 876 3517 933 Maledicta
3569 877 3783 935 adama

2133 958 2191 1014 in
2224 961 2690 1032 transgressione
2720 966 2841 1017 tua.
2879 986 2899 1012 ο

2202 1048 2381 1118 (Vers.
2413 1052 2571 1118 20.)‹‹
2596 1052 2666 1106 Et
2692 1052 2916 1107 vocavit
2944 1054 3127 1109 Adam
3148 1072 3359 1112 nomen
3379 1056 3596 1120 uxoris,
3633 1074 3773 1125 suae,

2129 1136 2309 1192 vitam
2355 1138 2455 1209 qui
2505 1139 2634 1211 ipsa
2688 1144 2745 1196 et
2805 1146 2991 1197 mater
3046 1143 3311 1199 omnium
3367 1145 3709 1202 viventium.
3750 1168 3771 1196 ο

2129 1228 2316 1289 Quare
2337 1244 2442 1282 EVA
2472 1229 2649 1300 (mn),
2675 1228 2730 1284 id
2761 1234 2850 1285 est
2879 1232 2898 1264 ⁷
2926 1233 3060 1299 vita,
3085 1230 3162 1286 sit
3203 1232 3509 1305 appellata,
3538 1236 3779 1292 demon-

2130 1319 2296 1383 strat,
2332 1331 2398 1371 eo
2429 1318 2584 1387 quod
2617 1317 2696 1373 sit
2744 1329 2925 1374 mater
2979 1323 3228 1376 omnium
3286 1324 3598 1380 virentium.
3658 1326 3779 1382 Eva

2132 1403 2350 1475 quippe
2372 1406 2723 1461 transfertur
2751 1406 2810 1462 in
2841 1410 3036 1463 vitam.

2203 1492 2384 1563 (Vers.
2416 1494 2531 1563 34.)
2562 1516 2590 1543 ‹‹
2622 1495 2689 1550 Et
2745 1496 2914 1567 ejecit
2939 1497 3146 1564 Adam,
3206 1502 3262 1554 et
3319 1500 3582 1558 habitare
3640 1504 3781 1561 fecit

2135 1585 2341 1636 contra
2369 1581 2709 1652 paradisum
2740 1582 3077 1655 voluptatis.
3110 1589 3178 1642 Et
3207 1589 3411 1645 statuit
3459 1589 3779 1649 Cberubim

2129 1674 2187 1725 et
2218 1671 2552 1727 ﬂammeam
2586 1672 2970 1743 romphaeam,
3028 1691 3155 1747 qua:
3201 1678 3444 1734 vertitur
3501 1681 3573 1735 ad
3604 1686 3777 1738 ousto

2130 1758 2406 1815 diendam
2437 1760 2590 1815 viam
2610 1760 2753 1832 ligni
2783 1762 2934 1817 vitae.
2970 1785 2997 1812 »
3032 1764 3199 1821 Alius
3233 1766 3420 1822 multo
3451 1764 3659 1826 sensus
3688 1775 3779 1826 est

368 1846 543 1902 ritum
578 1845 710 1902 diei.
770 1845 942 1900 Porro
981 1844 1345 1901 Theodotion
1403 1844 1772 1901 manifestius
1832 1843 1881 1898 ἐν
1940 1849 2019 1915 τῷ
2051 1875 2100 1941 Β
2130 1848 2189 1903 in
2220 1848 2456 1903 Hebraeo
2489 1865 2667 1920 quam
2697 1849 2791 1905 hic
2826 1851 3175 1924 intelligitur
3201 1855 3247 1911 ⁸.
3278 1856 3376 1911 Ait
3403 1856 3559 1914 enim
3590 1875 3605 1913 :
3641 1881 3669 1908 ››
3700 1861 3775 1916 Et

368 1932 636 2006 πνεύματι
676 1930 815 2006 πρὸς
853 1932 1143 2005 κατάψυξιν
1194 1935 1216 1967 ³
1271 1939 1371 2000 τῆς
1427 1933 1661 2008 ἡμέρας,
1723 1938 1787 1989 ut
1843 1934 2021 1989 meri-

370 2024 547 2083 diano
576 2022 768 2080 calore
797 2026 1112 2090 transacto,
1148 2021 1511 2095 refrigerium
1553 2039 1706 2078 aurea
1738 2022 2017 2094 spirantis

369 2113 723 2175 ostenderet.

386 2240 391 2251 ι
440 2202 628 2273 (Vers.
659 2201 774 2272 Μ.)
800 2223 822 2249 ε
887 2201 1085 2272 Super
1113 2204 1317 2272 pectus
1348 2204 1539 2266 tuum,
1574 2206 1630 2257 et
1657 2205 2010 2258 ventremtu-

373 2308 474 2349 um
506 2289 867 2350 ambulabis.
896 2311 925 2341 ››
959 2289 1232 2345 Ventrem
1264 2289 1649 2363 Septuaginta
1672 2290 2018 2362 interpretes

368 2380 762 2439 addiderunt:
796 2378 1151 2435 caterumin
1183 2379 1416 2435 Hebraeo
1442 2382 1626 2451 pectus
1654 2384 1885 2439 tant-um
1917 2384 2016 2441 ha-

365 2471 500 2527 bet:
534 2474 601 2527 ut
630 2468 1011 2526 calliditatem
1033 2472 1091 2524 et
1117 2469 1406 2526 versutias
1436 2469 1856 2542 cogitationum
1887 2475 2015 2545 ejus

366 2558 621 2633 aperiret
645 2575 657 2613 :
683 2557 841 2629 quod
871 2572 1077 2614 omnes
1095 2572 1333 2629 gressus
1351 2559 1480 2629 ejus
1503 2558 1771 2631 nequitiae
1792 2567 2009 2632 essent,

362 2651 425 2706 et
451 2646 707 2704 fraudes.
740 2646 850 2702 Sed
882 2648 941 2702 et
968 2645 1027 2701 id
1087 2647 1241 2718 quod
1300 2646 1567 2717 sequitur
1616 2665 1631 2702 :
1689 2671 1718 2698 «
1775 2650 2013 2707 Terram

363 2735 753 2795 manduoabis
783 2736 824 2802 ‘,
856 2756 884 2783 »
917 2750 1021 2806 pro
1070 2739 1223 2791 terra
1269 2752 1460 2791 arma
1505 2738 1665 2805 (πεν)
1723 2739 2009 2812 scriptum

363 2829 472 2895 est,
504 2824 803 2896 quod-nos
833 2822 1087 2878 favillam
1116 2827 1176 2879 et
1233 2823 1526 2896 pulverem
1571 2842 1889 2898 possumus
1919 2830 2010 2885 di-

367 2930 519 2972 cere.

435 3002 754 3076 (νει-845.)
790 3024 811 3050 ι
848 3003 977 3074 Ipse
1005 3000 1260 3057 servabit
1316 3007 1493 3075 caput
1521 3008 1711 3074 tuum,
1774 3010 1835 3062 tu
1895 3024 2015 3065 ser-

361 3092 529 3151 vabis
558 3092 689 3163 ejus
719 3090 1079 3148 calcaneum.
1129 3113 1157 3143 ››
1214 3090 1419 3148 Melius
1478 3092 1655 3150 habet
1713 3096 1945 3153 Hebraeo
1998 3114 2011 3153 :

2129 1937 2301 2008 ejecit
2332 1938 2540 2004 Adam,
2579 1960 2605 1987 ››
2638 1938 2795 1994 haud
2827 1940 3077 1997 dubium
3108 1943 3250 2014 quin
3282 1945 3561 2002 Dominus
3593 1965 3607 2003 ε
3642 1972 3669 1997 ‹‹
3700 1949 3777 2004 Et

2128 2024 2390 2082 habitare
2422 2025 2556 2082 fecit
2575 2032 2708 2083 ante
2731 2029 3071 2099 paradisum
3096 2031 3408 2105 voluptatis
3437 2034 3771 2105 Cherubim,

2126 2118 2184 2171 et
2212 2115 2550 2171 ﬂammeum
2580 2115 2864 2188 gladium,
2897 2118 2998 2189 qui
3027 2123 3366 2187 verteretur,
3419 2127 3477 2178 et
3513 2124 3774 2180 custodi-

2127 2207 2213 2259 ret
2239 2202 2391 2259 viam
2418 2202 2556 2275 ligni
2581 2204 2727 2259 vitae.
2764 2226 2793 2255 »
2824 2206 2949 2261 Non
2972 2207 3129 2278 quod
3149 2208 3345 2280 ipsum
3375 2211 3769 2285 Adam,quem

2126 2292 2374 2363 ejccerat
2406 2297 2579 2359 Deus,
2635 2291 2898 2350 habitare
2948 2296 3145 2351 fecerit
3198 2302 3400 2355 contra
3428 2301 3771 2371 paradisum

2123 2380 2439 2453 voluptatis
2464 2398 2476 2436 :
2510 2381 2612 2437 sed
2639 2383 2794 2453 quod
2830 2382 2930 2438 illo
2961 2384 3144 2454 ejecto
3173 2390 3308 2443 ante
3333 2386 3484 2444 iores
3512 2389 3767 2460 paradisi

2125 2469 2462 2537 Cherubim,
2492 2474 2549 2525 et
2578 2470 2919 2527 ﬂammeum
2977 2474 3239 2545 gladium
3284 2477 3545 2549 posuerit
3568 2480 3640 2534 ad
3665 2495 3768 2535 cu-

2122 2559 2498 2617 stodiendum
2527 2560 2786 2634 paradisi
2815 2563 3272 2633 vestibulum,ne
3300 2566 3431 2639 quis
3455 2573 3652 2643 posset
3678 2568 3769 2625 in-

2122 2653 2298 2705 trare.

2196 2740 2354 2810 (Cap.
2397 2739 2490 2794 IV.
2523 2769 2590 2778 ——
2635 2738 2801 2795 Vers.
2846 2741 2975 2811 1.)‹‹
3006 2742 3075 2798 Et
3123 2745 3387 2818 concepit
3441 2754 3495 2801 et
3547 2747 3773 2820 peperit

2123 2827 2284 2895 Cain,
2312 2831 2369 2883 et
2406 2828 2570 2894 dixit,
2604 2828 2885 2901 acquisivi
2917 2830 3036 2886 sive
3065 2834 3298 2905 possedi
3338 2834 3635 2892 hominem
3666 2852 3774 2910 per

2126 2918 2328 2974 Deum.
2362 2938 2390 2967 »
2423 2917 2563 2973 Cain
2594 2919 2749 3007 (Vp),
2782 2919 3112 2991 acquisitio,
3169 2922 3289 2979 sive
3342 2926 3634 2996 possessio
3679 2926 3771 2981 in-

2125 3006 2494 3078 terpretatur,
2535 3006 2593 3061 id
2625 3006 2716 3062 est
2764 3012 2977 3077 κτῆσις,
3036 3011 3191 3067 unde
3246 3017 3304 3067 et
3356 3012 3764 3086 etymologiam

2123 3093 2313 3166 ipsius
2343 3094 2674 3166 exprimens
2704 3096 2805 3164 ait,
2832 3113 3058 3153 cmrrm
3086 3100 3316 3189 (πτωρ),
3349 3101 3408 3157 id
3437 3107 3544 3172 est,
3575 3125 3604 3154 «
3632 3107 3779 3161 Pos-

369 3204 393 3233 «ι
429 3183 558 3255 Ipse
586 3184 845 3238 conteret
873 3184 1050 3253 caput
1076 3183 1267 3249 tuum,
1301 3186 1358 3236 et
1413 3186 1471 3237 et
1499 3186 1560 3238 tu
1593 3188 1856 3241 conteres
1884 3188 2013 3258 ejus
2049 3246 2084 3258 Α
2124 3181 2249 3238 sedi
2278 3181 2576 3238 hominem
2609 3200 2712 3255 per
2739 3184 2946 3241 Deum.
2980 3208 3009 3237 ››

368 3246 709 3327 calcaneum
735 3286 748 3338 ;
783 3268 922 3341 quia
951 3273 1008 3325 et
1034 3269 1219 3325 nostri
1249 3286 1487 3343 gressus
1520 3273 1956 3345 praepediuntur
1980 3293 2015 3333 a
2043 3246 2085 3315 θ

369 3358 611 3415 colubro
645 3374 659 3413 ε
691 3362 750 3414 et
776 3357 1065 3414 Dominus
1095 3362 1353 3415 conteret
1399 3360 1678 3418 Satanam
1707 3364 1819 3420 sub
1850 3365 2015 3437 pedi-

365 3448 481 3506 bus
507 3446 725 3503 nostris
749 3446 1035 3502 velociter.

441 3538 624 3610 (Vers.
659 3536 770 3607 16.)
801 3538 819 3571 ¹
852 3535 1251 3608 Multiplicans
1295 3538 1700 3610 multiplicabo
1728 3541 2005 3601 tristitiae

363 3629 501 3682 tuas
532 3628 589 3681 et
615 3625 871 3699 gemitus
900 3629 1050 3680 tuos.
1090 3647 1117 3674 »
1148 3630 1257 3680 Pro
1289 3626 1525 3682 tristitia
1554 3631 1611 3683 et
1667 3629 1912 3703 gemitu,
1949 3632 2011 3689 in

365 3715 603 3771 Hebraeo
632 3713 849 3771 dolores
880 3716 929 3769 et
958 3722 1241 3789 conceptus
1270 3714 1469 3773 habet.

465 3826 493 3855 ‹‹
525 3804 597 3861 Et
624 3804 696 3861 ad
729 3802 922 3859 virum
954 3803 1250 3859 conversio
1280 3806 1402 3860 tua.
1439 3825 1468 3853 ››
1511 3807 1621 3861 Pro
1651 3807 2024 3863 conversione

373 3894 534 3952 ιω
560 3892 795 3966 Aquila,
853 3895 1165 3950 societatem
1197 3910 1210 3948 :
1242 3893 1654 3966 Symmachus,
1711 3899 2018 3967 appetitum

375 3983 465 4040 vel
494 3986 762 4054 impetum
789 3981 1234 4039 transtulerunt.

406 4096 727 4163 utat,innui
749 4099 1033 4168 punctum
1057 4096 1423 4154 diacriticum
1437 4098 1700 4155 alterutri
1733 4117 2019 4158 cornuum

412 4172 658 4252 ttermy
687 4168 1055 4252 impositum,
1096 4171 1594 4252 quemadmodum
1635 4177 1690 4252 et
1737 4174 2019 4252 recentio-

380 4239 679 4322 reshujus
708 4239 923 4322 lingua?
978 4239 1245 4322 magistri
1285 4240 1676 4322 distinguunt,
1730 4245 1933 4322 multis
1957 4261 2026 4322 ex

369 4313 501 4387 ipso
536 4311 767 4387 Hieron.
800 4311 1389 4387 adductisﬁxemplis
1432 4311 1695 4387 Clericus
1725 4318 2024 4387 redarguit

368 4382 544 4467 falsi;
566 4383 680 4465 qui.
699 4400 906 4467 rursus
926 4382 1174 4467 lineolae
1193 4382 1444 4467 intelligi
1465 4386 1742 4467 opinatur
1771 4382 2022 4467 vpcabu-

366 4455 441 4539 lis
471 4453 684 4539 diversi
714 4453 1084 4539 significatus.
1101 4460 1284 4539 atque
1314 4453 1757 4539 enuntiationis,
1808 4459 2019 4539 iisdem

368 4531 569 4609 tamen
598 4526 808 4609 litteris
838 4527 1149 4608 descriptis
1191 4526 1521 4609 impositas,
1545 4528 1781 4609 "quales
1830 4531 2024 4609 in_Sa-

368 4598 633 4671 maritico
663 4598 862 4671 codice
893 4598 1115 4671 passim
1162 4598 1496 4671 occurrunt.
1545 4598 1779 4671 Videtur
1823 4604 2019 4655 autem

369 4670 668 4743 proposito
722 4670 781 4724 in
820 4669 947 4743 loco
1005 4670 1368 4743 diﬂ‘erentem
1427 4670 2018 4743 ipsamiscripturam

368 4741 680 4814 utriusque
709 4741 866 4796 vocis
894 4752 1056 4814 nisa,
1076 4746 1135 4798 et
1149 4752 1314 4800 maia
1336 4741 1612 4814 denotare
1637 4742 2020 4814 Hieronymus

366 4811 645 4878 voluisse,
677 4829 809 4868 cum
844 4813 1001 4867 enim
1031 4830 1066 4868 a
1114 4826 1239 4872 NW:
1298 4828 1409 4867 vox
1464 4811 1665 4867 isthaac
1713 4811 2022 4869 deducitur

368 4885 591 4967 absque
605 4885 710 4955 jod
740 4883 1056 4967 scribituc:
1080 4883 1318 4967 tametsi
1341 4881 1779 4967 hiecpusquam
1804 4884 2016 4967 habes-

367 4960 466 5013 tur
492 4954 553 5011 in
585 4954 751 5011 sacro
779 4960 961 5010 textu.
994 4958 1278 5009 Caeterum
1306 4954 1436 5008 vide
1466 4956 1929 5013 Commentarios
1958 4957 2018 5013 in

368 5045 495 5101 cap.
529 5044 607 5082 κη
637 5026 1018 5095 Ecclesiastes,
1049 5030 1107 5080 et
1138 5025 1196 5079 in
1227 5040 1355 5095 cap.
1391 5041 1408 5077 ι
1437 5025 1719 5081 Jeremiae.

492 5109 799 5163 (rt-Hebraeo
838 5106 1070 5161 habetur
1098 5104 1281 5176 Aram.
1318 5103 1695 5176 Antiquiores
1727 5124 1870 5164 mss.
1932 5125 2020 5164 co-

369 5179 530 5235 dices
560 5178 647 5234 sio
674 5177 877 5247 legunt
909 5194 921 5231 :
956 5176 1057 5232 sed
1108 5174 1508 5247 indifferenter
1562 5193 1721 5232 arum
1777 5184 1833 5235 et
1861 5197 2017 5236 arom

370 5249 548 5307 scribi
582 5246 793 5321 potest,
823 5247 965 5318 quia
995 5246 1152 5317 apud
1186 5246 1421 5321 Latinos
1470 5249 1820 5320 excriptores
1870 5267 1907 5306 u
1962 5257 2021 5307 et

368 5340 399 5378 ο
428 5319 765 5395 promiscue
797 5322 1177 5395 usurpentur.
1226 5319 1452 5395 Nonest
1478 5319 1674 5395 seruos,
1716 5329 1773 5377 et
1799 5340 1912 5377 non
1941 5328 2021 5379 est

367 5389 557 5449 minus
587 5391 789 5462 eodem
813 5406 989 5445 sensu
1018 5389 1236 5461 saepius
1270 5389 1479 5462 legitur
1510 5392 1567 5447 in
1600 5395 2020 5451 vetustissimis

371 5460 829 5533 exemplaribus.
865 5460 1147 5517 MARTIAN.

440 5545 463 5578 ²
487 5541 727 5598 Codices
758 5541 961 5603 nostri.
996 5542 1095 5614 qui
1131 5542 1407 5598 Hebraica
1458 5545 1629 5599 verba
1660 5547 1872 5602 Graecis
1906 5547 2017 5602 ele-

372 5614 757 5687 mentis,inon
792 5615 1027 5687 Latinis,
1091 5616 1433 5687 plerumque
1465 5617 1735 5683 efferunt,
1770 5619 1865 5674 hic
1900 5624 2019 5670 AA-

374 5688 507 5811 ΞΟΠ
565 5686 731 5811 1131th
789 5686 1024 5756 habent,
1076 5687 1579 5758 quemadmodum
1635 5690 1695 5744 in
1740 5690 2020 5747 Hebraico

425 5771 567 5811 exan
594 5772 698 5811 ari.

372 5759 698 5827 Hexaplari.

2197 3272 2384 3342 (Vers.
2418 3273 2495 3343 4.)
2530 3295 2557 3322 ‹‹
2588 3272 2655 3327 Et
2681 3273 2933 3345 respexit
2961 3274 3119 3331 Deus
3150 3293 3327 3349 super
3359 3278 3526 3342 Abel,
3580 3284 3638 3337 et
3666 3298 3767 3338 su-

2123 3377 2227 3432 per
2257 3376 2503 3417 munera
2532 3362 2660 3433 ejus
2695 3378 2707 3417 :
2741 3379 2918 3433 super
2946 3363 3084 3420 Cain
3116 3369 3314 3423 autem
3344 3372 3402 3423 et
3439 3386 3614 3442 super
3664 3388 3764 3427 sa-

2124 3449 2343 3506 crificia
2371 3451 2499 3520 ejus
2529 3467 2645 3505 non
2677 3451 2949 3523 respexit,
2996 3456 3056 3509 et
3102 3455 3483 3513 contristatus
3511 3462 3598 3514 est
3624 3459 3769 3516 Cain

2123 3539 2310 3594 valde.
2349 3561 2370 3588 ι
2406 3539 2565 3595 Unde
2597 3539 2744 3595 scire
2773 3544 3001 3611 poterat
3028 3541 3189 3609 Cain,
3223 3545 3377 3615 quod
3417 3545 3612 3603 fratris
3639 3564 3771 3603 mu-

2126 3645 2268 3685 nera
2298 3629 2654 3700 suscepisset
2674 3630 2847 3697 Deus,
2879 3634 2937 3686 et
2967 3647 3074 3687 sua
3105 3633 3507 3704 repudiasset:
3532 3635 3643 3692 nisi
3664 3636 3771 3694 illa

2125 3718 2526 3790 interpretatio
2554 3735 2690 3773 vera
2736 3724 2825 3775 est
2863 3720 2904 3789 θ,
2963 3736 3141 3792 quam
3198 3721 3555 3781 Theodotion
3610 3726 3761 3783 811

2128 3809 2325 3880 posuit
2359 3824 2371 3861 :
2410 3830 2431 3856 α
2468 3808 2537 3861 Et
2578 3806 2969 3864 inﬂammavit
2999 3809 3280 3868 Dominus
3309 3828 3487 3885 super
3521 3813 3688 3880 Abel,
3718 3818 3778 3871 et

2129 3912 2309 3968 super
2339 3895 2691 3952 sacrificium
2725 3897 2852 3966 ejus
2880 3913 2892 3952 ε
2927 3914 3105 3969 super
3157 3899 3295 3955 Cain
3325 3917 3478 3969 vero,
3510 3906 3569 3957 et
3596 3918 3779 3976 super

2130 3983 2482 4041 sacriﬁcium
2534 3985 2663 4055 ejus
2694 4002 2809 4039 non
2844 3985 3247 4044 inﬂammavit.
3282 4011 3310 4038 »
3342 3991 3543 4063 Ignem
3573 3995 3770 4047 autem

2200 4099 2504 4183 3_.Pala‘t_in.‘
2535 4099 2808 4183 κατάρξιγ..
2875 4101 3133 4183 Reginae
3163 4104 3677 4183 alterum'gatpuﬁiv,
3706 4123 3778 4163 ex

2131 4172 2348 4246 quibus
2378 4172 2524 4251 licet
2543 4172 2834 4251 corruptis
2864 4172 3100 4231 vocibus
3118 4175 3256 4231 boni
3287 4172 3778 4251 aliquid'criticus

2133 4242 2425 4301 nonnemo
2454 4242 2666 4297 eliciat.

2202 4315 2425 4369 ‘Addit
2452 4314 2700 4368 Palatin.
2735 4314 2999 4371 Omnibus
3024 4316 3214 4373 diebus
3242 4320 3373 4377 vitae
3402 4323 3532 4377 ιυθε.

2203 4386 2224 4421 ⁵
2252 4384 2554 4464 Maledicta
2586 4394 2735 4464 terra
2783 4390 2850 4464 ίηἒ
2891 4389 3141 4464 operibus
3167 4392 3322 4464 _tuis.
3381 4390 3773 4464 Qnamplures

2134 4455 2513 4535 mss-legunt
2540 4455 2600 4510 iu
2661 4455 2966 4535 singulari,
2997 4461 3295 4535 maledicta
3331 4466 3486 4535 terra
3528 4455 3594 4518 τίἱ
3620 4480 3780 4535 opera

2137 4534 2249 4583 tua.
2283 4525 2450 4601 Hunc
2488 4525 3158 4601 locumrcprehendunt
3208 4532 3421 4601 Critici,
3482 4551 3590 4590 nos
3643 4525 3780 4591 vero

2053 4618 2100 4685 Ι)
2134 4615 2269 4654 eum
2300 4598 2668 4655 defendimus
2698 4598 2851 4656 infra
2878 4601 2939 4657 in
2971 4602 3136 4661 Notis
3165 4598 3596 4677 prolixioribus.
3632 4610 3781 4664 Mn—

2128 4687 2440 4822 ΤυέΝᾸηῐθξι
2468 4748 2594 4822 erat
2619 4746 2956 4822 signiﬁcem.
3007 4745 3241 4822 _Legeri_t
3295 4763 3465 4822 porge
3495 4748 3780 4822 Hierony-

2130 4830 2287 4883 mus,
2319 4814 2461 4885 quin
2515 4814 2690 4887 etiam
2744 4817 2955 4887 Aquila
2998 4814 3265 4873 fortassis
3294 4814 3352 4874 et
3394 4814 3779 4886 Theodotius,

2127 4896 2349 4971 quam:
2380 4902 2515 4940 cum
2554 4898 2585 4946 '1
2618 4886 2941 4960 littera’pro
2974 4901 3027 4956 Ἰ,
3071 4906 3200 4962 qum
3224 4888 3501 4947 facillime
3538 4892 3694 4948 inter
3720 4908 3783 4947 se

2130 4978 2589 5031 commutantur.

2202 5049 2220 5132 ξ
2252 5046 2525 5132 Χορυὶδω
2558 5048 2615 5101 id
2644 5055 2724 5103 est
2751 5047 3028 5132 supplent
3055 5066 3198 5106 mss.
3232 5048 3365 5105 libri

2199 5119 2219 5153 ⁸
2252 5118 2375 5175 Duo
2408 5135 2549 5174 mss.
2583 5136 2749 5190 quam
2778 5118 2885 5175 hic
2898 5121 3119 5190 legitur.

2199 5139 2219 5153 "
2252 5139 2375 5175 UllO
2408 5139 2549 5174 IIISS.
2583 5139 2749 5190 quam
2778 5139 2867 5175 lllC
2898 5139 2946 5177 ιε
2988 5139 3119 5177 παν.

2146 5218 2149 5223 λ
2200 5191 2221 5225 ⁹
2254 5191 2383 5266 Haec
2401 5194 2553 5245 certe
2584 5190 2878 5266 plerisque
2910 5139 3042 5266 ciliis
3070 5192 3779 5266 antiquisinterpretibus

2133 5262 2427 5339 sententia
2465 5262 2791 5339 persuasit.
2824 5263 2972 5330 Quin
3046 5262 3234 5339 etiam
3283 5262 3529 5339 ethnici:
3554 5265 3781 5339 aliquot

2131 5333 2444 5403 scriptores
2474 5350 2542 5388 ex
2574 5335 2962 5402 llebrazorum,
2997 5341 3062 5391 ut
3088 5336 3337 5402 videtur,
3365 5336 3624 5393 fontibus
3651 5333 3776 5395 tra-

2132 5405 2653 5480 dun_t,vetustiores
2672 5405 2867 5480 ignem
2889 5408 3006 5462 aris
3029 5424 3143 5463 non
3167 5408 3573 5480 supposuisse,
3602 5424 3777 5480 quem

2131 5475 2566 5551 scilicetuDeo
2623 5475 2891 5551 precibus
2944 5475 3344 5551 impetrarent.
3403 5475 3660 5549 Servius,
3719 5485 3780 5538 in

2130 5548 2476 5631 l/Enez'dqyr
2510 5566 2523 5602 :
2561 5570 2588 5597 α
2612 5549 2778 5631 apud
2813 5548 3207 5631 majoresarae
3240 5567 3356 5631 non
3384 5548 3783 5631 incendeban-

2130 5619 2378 5696 tur,_sed
2410 5620 2605 5696 ignem
2624 5619 2893 5696 divinum
2912 5619 3201 5696 precibus,
3216 5622 3545 5696 eliciebant,
3561 5626 3663 5696 qui
3688 5624 3782 5681 in-

2132 5690 2456 5746 cendebant
2484 5690 2711 5748 altaria.
2763 5714 2786 5746 ι
2839 5690 3067 5751 Similia
3114 5694 3375 5752 referunt
3400 5690 3636 5755 Solinus
3666 5701 3778 5756 Po-

2131 5760 2352 5835 lyhist.,
2385 5778 2437 5821 c.
2472 5763 2557 5833 12,
2590 5766 2649 5822 et
2676 5767 3000 5828 Pausanias
3025 5765 3086 5825 in
3116 5765 3294 5824 Eliac.
