  <div class='ocr_page' id='page_1' title='image "/cluster/home/n/w/nwhite01/storage/ocr_20150623/23/umn.31951d034773078/506.png"; bbox 0 0 3992 6398; ppageno 0'>
   <div class='ocr_carea' id='block_1_1' title="bbox 216 376 342 461">
    <p class='ocr_par' dir='ltr' id='par_1_1' title="bbox 216 376 342 461">
     <span class='ocr_line' id='line_1_1' title="bbox 216 376 342 461; baseline 0 -13"><span class='ocrx_word' id='word_1_1' title='bbox 216 376 342 461; x_wconf 68' lang='lat'><strong>003</strong></span> 
     </span>
    </p>
   </div>
   <div class='ocr_carea' id='block_1_2' title="bbox 1264 378 2585 454">
    <p class='ocr_par' dir='ltr' id='par_1_2' title="bbox 1264 378 2585 454">
     <span class='ocr_line' id='line_1_2' title="bbox 1264 378 2585 454; baseline -0.001 -10"><span class='ocrx_word' id='word_1_2' title='bbox 1264 382 1497 445; x_wconf 79' lang='lat' dir='ltr'><strong>LIBER</strong></span> <span class='ocrx_word' id='word_1_3' title='bbox 1541 380 1779 444; x_wconf 72' lang='lat' dir='ltr'><strong>HEBR.</strong></span> <span class='ocrx_word' id='word_1_4' title='bbox 1823 380 2131 454; x_wconf 58' lang='lat' dir='ltr'><strong>QUIES&#39;I‘.</strong></span> <span class='ocrx_word' id='word_1_5' title='bbox 2178 380 2258 443; x_wconf 77' lang='grc' dir='ltr'><strong>ΙΝ</strong></span> <span class='ocrx_word' id='word_1_6' title='bbox 2304 378 2585 445; x_wconf 86' lang='lat' dir='ltr'><strong>GENES.</strong></span> 
     </span>
    </p>
   </div>
   <div class='ocr_carea' id='block_1_3' title="bbox 3510 377 3635 447">
    <p class='ocr_par' dir='ltr' id='par_1_3' title="bbox 3510 377 3635 447">
     <span class='ocr_line' id='line_1_3' title="bbox 3510 377 3635 447; baseline 0 0"><span class='ocrx_word' id='word_1_7' title='bbox 3510 377 3635 447; x_wconf 68' lang='grc' dir='ltr'><strong>θοι</strong></span> 
     </span>
    </p>
   </div>
   <div class='ocr_carea' id='block_1_4' title="bbox 148 495 3635 589">
    <p class='ocr_par' dir='ltr' id='par_1_4' title="bbox 148 495 3635 589">
     <span class='ocr_line' id='line_1_4' title="bbox 148 495 3635 589; baseline 0 -16"><span class='ocrx_word' id='word_1_8' title='bbox 148 495 150 497; x_wconf 0' lang='grc'><strong>2</strong></span> <span class='ocrx_word' id='word_1_9' title='bbox 224 516 301 573; x_wconf 85' lang='lat' dir='ltr'><strong>ad</strong></span> <span class='ocrx_word' id='word_1_10' title='bbox 332 515 693 573; x_wconf 83' lang='lat' dir='ltr'><strong>sacriﬁcium</strong></span> <span class='ocrx_word' id='word_1_11' title='bbox 714 514 1113 573; x_wconf 83' lang='lat' dir='ltr'><strong>devorandum</strong></span> <span class='ocrx_word' id='word_1_12' title='bbox 1131 515 1370 572; x_wconf 90' lang='lat' dir='ltr'><strong>solitum</strong></span> <span class='ocrx_word' id='word_1_13' title='bbox 1392 516 1587 572; x_wconf 89' lang='lat' dir='ltr'><strong>venire</strong></span> <span class='ocrx_word' id='word_1_14' title='bbox 1609 516 1680 571; x_wconf 91' lang='lat' dir='ltr'><strong>de</strong></span> <span class='ocrx_word' id='word_1_15' title='bbox 1710 513 1875 589; x_wconf 86' lang='lat' dir='ltr'><strong>ccelo,</strong></span> <span class='ocrx_word' id='word_1_16' title='bbox 1902 514 1962 586; x_wconf 71' lang='grc' dir='ltr'><strong>Α</strong></span> <span class='ocrx_word' id='word_1_17' title='bbox 1987 516 2362 588; x_wconf 82' lang='lat' dir='ltr'><strong>Superﬂuum</strong></span> <span class='ocrx_word' id='word_1_18' title='bbox 2389 530 2525 587; x_wconf 90' lang='lat' dir='ltr'><strong>ergo</strong></span> <span class='ocrx_word' id='word_1_19' title='bbox 2554 517 2645 571; x_wconf 88' lang='lat' dir='ltr'><strong>est</strong></span> <span class='ocrx_word' id='word_1_20' title='bbox 2662 515 2705 584; x_wconf 84' lang='grc'>³,</span> <span class='ocrx_word' id='word_1_21' title='bbox 2738 514 2894 587; x_wconf 89' lang='lat' dir='ltr'><strong>quod</strong></span> <span class='ocrx_word' id='word_1_22' title='bbox 2925 513 2984 569; x_wconf 90' lang='lat' dir='ltr'><strong>in</strong></span> <span class='ocrx_word' id='word_1_23' title='bbox 3032 513 3536 572; x_wconf 70' lang='lat' dir='ltr'><strong>Samaritanorum</strong></span> <span class='ocrx_word' id='word_1_24' title='bbox 3575 518 3635 573; x_wconf 83' lang='lat' dir='ltr'><strong>et</strong></span> 
     </span>
    </p>
   </div>
   <div class='ocr_carea' id='block_1_5' title="bbox 220 604 1881 678">
    <p class='ocr_par' dir='ltr' id='par_1_5' title="bbox 220 604 1881 678">
     <span class='ocr_line' id='line_1_5' title="bbox 220 604 1881 678; baseline -0.002 -15"><span class='ocrx_word' id='word_1_25' title='bbox 220 610 284 663; x_wconf 88' lang='lat' dir='ltr'><strong>et</strong></span> <span class='ocrx_word' id='word_1_26' title='bbox 312 604 373 660; x_wconf 88' lang='lat' dir='ltr'><strong>in</strong></span> <span class='ocrx_word' id='word_1_27' title='bbox 408 606 775 662; x_wconf 75' lang='lat' dir='ltr'><strong>dedicatione</strong></span> <span class='ocrx_word' id='word_1_28' title='bbox 803 605 1008 678; x_wconf 83' lang='lat' dir='ltr'><strong>templi</strong></span> <span class='ocrx_word' id='word_1_29' title='bbox 1039 606 1147 661; x_wconf 89' lang='lat' dir='ltr'><strong>sub</strong></span> <span class='ocrx_word' id='word_1_30' title='bbox 1181 604 1494 661; x_wconf 91' lang='lat' dir='ltr'><strong>Salomone</strong></span> <span class='ocrx_word' id='word_1_31' title='bbox 1519 604 1792 677; x_wconf 84' lang='lat' dir='ltr'><strong>legimus,</strong></span> <span class='ocrx_word' id='word_1_32' title='bbox 1824 608 1881 660; x_wconf 91' lang='lat' dir='ltr'><strong>et</strong></span> 
     </span>
    </p>
   </div>
   <div class='ocr_carea' id='block_1_6' title="bbox 226 692 1881 768">
    <p class='ocr_par' dir='ltr' id='par_1_6' title="bbox 226 692 1881 768">
     <span class='ocr_line' id='line_1_6' title="bbox 226 692 1881 768; baseline -0.002 -18"><span class='ocrx_word' id='word_1_33' title='bbox 226 695 468 768; x_wconf 82' lang='lat' dir='ltr'><strong>quando</strong></span> <span class='ocrx_word' id='word_1_34' title='bbox 497 694 659 751; x_wconf 87' lang='lat' dir='ltr'><strong>Elias</strong></span> <span class='ocrx_word' id='word_1_35' title='bbox 689 694 751 749; x_wconf 88' lang='lat' dir='ltr'><strong>in</strong></span> <span class='ocrx_word' id='word_1_36' title='bbox 783 698 980 750; x_wconf 90' lang='lat' dir='ltr'><strong>monte</strong></span> <span class='ocrx_word' id='word_1_37' title='bbox 1030 694 1295 749; x_wconf 89' lang='lat' dir='ltr'><strong>Carmelo</strong></span> <span class='ocrx_word' id='word_1_38' title='bbox 1344 693 1671 749; x_wconf 78' lang='lat' dir='ltr'><strong>construxit</strong></span> <span class='ocrx_word' id='word_1_39' title='bbox 1697 692 1881 748; x_wconf 90' lang='lat' dir='ltr'><strong>altare</strong></span> 
     </span>
    </p>
   </div>
   <div class='ocr_carea' id='block_1_7' title="bbox 228 784 1332 857">
    <p class='ocr_par' dir='ltr' id='par_1_7' title="bbox 228 784 1332 857">
     <span class='ocr_line' id='line_1_7' title="bbox 228 784 1332 857; baseline -0.004 -17"><span class='ocrx_word' id='word_1_40' title='bbox 228 784 313 857; x_wconf 87' lang='lat' dir='ltr'><strong>(II</strong></span> <span class='ocrx_word' id='word_1_41' title='bbox 333 785 467 838; x_wconf 87' lang='lat' dir='ltr'><strong>Par.</strong></span> <span class='ocrx_word' id='word_1_42' title='bbox 499 799 623 853; x_wconf 82' lang='lat' dir='ltr'><strong>VIII,</strong></span> <span class='ocrx_word' id='word_1_43' title='bbox 659 784 683 837; x_wconf 91' lang='grc'><strong>1</strong></span> <span class='ocrx_word' id='word_1_44' title='bbox 716 801 728 851; x_wconf 90' lang='grc'>;</span> <span class='ocrx_word' id='word_1_45' title='bbox 761 784 838 838; x_wconf 87' lang='lat' dir='ltr'><strong><em>III</em></strong></span> <span class='ocrx_word' id='word_1_46' title='bbox 867 784 995 854; x_wconf 86' lang='lat' dir='ltr'><strong>Reg.</strong></span> <span class='ocrx_word' id='word_1_47' title='bbox 1025 798 1188 852; x_wconf 80' lang='lat' dir='ltr'><strong>xvm,</strong></span> <span class='ocrx_word' id='word_1_48' title='bbox 1222 784 1332 852; x_wconf 87' lang='lat'><strong>38).</strong></span> 
     </span>
    </p>
   </div>
   <div class='ocr_carea' id='block_1_8' title="bbox 299 870 1882 942">
    <p class='ocr_par' dir='ltr' id='par_1_8' title="bbox 299 870 1882 942">
     <span class='ocr_line' id='line_1_8' title="bbox 299 870 1882 942; baseline 0.001 -17"><span class='ocrx_word' id='word_1_49' title='bbox 299 871 488 942; x_wconf 91' lang='lat' dir='ltr'><strong>(Vers.</strong></span> <span class='ocrx_word' id='word_1_50' title='bbox 519 872 601 942; x_wconf 86' lang='lat'><strong>6.)</strong></span> <span class='ocrx_word' id='word_1_51' title='bbox 631 893 660 921; x_wconf 89' lang='grc'><strong>‹‹</strong></span> <span class='ocrx_word' id='word_1_52' title='bbox 694 871 763 927; x_wconf 90' lang='lat' dir='ltr'><strong>Et</strong></span> <span class='ocrx_word' id='word_1_53' title='bbox 790 870 936 926; x_wconf 79' lang='lat' dir='ltr'><strong>dixit</strong></span> <span class='ocrx_word' id='word_1_54' title='bbox 980 870 1264 927; x_wconf 85' lang='lat' dir='ltr'><strong>Dominus</strong></span> <span class='ocrx_word' id='word_1_55' title='bbox 1314 871 1384 925; x_wconf 89' lang='lat' dir='ltr'><strong>ad</strong></span> <span class='ocrx_word' id='word_1_56' title='bbox 1430 870 1567 926; x_wconf 85' lang='lat' dir='ltr'><strong>Cain</strong></span> <span class='ocrx_word' id='word_1_57' title='bbox 1599 873 1610 906; x_wconf 86' lang='grc'><strong>¹</strong></span> <span class='ocrx_word' id='word_1_58' title='bbox 1639 888 1651 924; x_wconf 90' lang='lat'><strong>:</strong></span> <span class='ocrx_word' id='word_1_59' title='bbox 1694 872 1882 935; x_wconf 84' lang='lat' dir='ltr'><strong>Quare</strong></span> 
     </span>
    </p>
   </div>
   <div class='ocr_carea' id='block_1_9' title="bbox 226 958 1881 1029">
    <p class='ocr_par' dir='ltr' id='par_1_9' title="bbox 226 958 1881 1029">
     <span class='ocr_line' id='line_1_9' title="bbox 226 958 1881 1029; baseline -0.001 -12"><span class='ocrx_word' id='word_1_60' title='bbox 226 960 486 1017; x_wconf 86' lang='lat' dir='ltr'><strong>concidit</strong></span> <span class='ocrx_word' id='word_1_61' title='bbox 511 958 713 1015; x_wconf 87' lang='lat' dir='ltr'><strong>vultus</strong></span> <span class='ocrx_word' id='word_1_62' title='bbox 734 963 875 1015; x_wconf 89' lang='lat' dir='ltr'><strong>tuus</strong></span> <span class='ocrx_word' id='word_1_63' title='bbox 895 960 923 1015; x_wconf 73' lang='lat'><strong>‘2</strong></span> <span class='ocrx_word' id='word_1_64' title='bbox 951 960 1156 1016; x_wconf 85' lang='lat' dir='ltr'><strong>Nonne</strong></span> <span class='ocrx_word' id='word_1_65' title='bbox 1204 959 1257 1014; x_wconf 88' lang='lat' dir='ltr'><strong>si</strong></span> <span class='ocrx_word' id='word_1_66' title='bbox 1298 963 1453 1015; x_wconf 90' lang='lat' dir='ltr'><strong>recte</strong></span> <span class='ocrx_word' id='word_1_67' title='bbox 1498 959 1728 1029; x_wconf 85' lang='lat' dir='ltr'><strong>oli‘eras,</strong></span> <span class='ocrx_word' id='word_1_68' title='bbox 1765 976 1881 1015; x_wconf 90' lang='lat' dir='ltr'><strong>non</strong></span> 
     </span>
    </p>
   </div>
   <div class='ocr_carea' id='block_1_10' title="bbox 225 1048 1881 1121">
    <p class='ocr_par' dir='ltr' id='par_1_10' title="bbox 225 1048 1881 1121">
     <span class='ocr_line' id='line_1_10' title="bbox 225 1048 1881 1121; baseline -0.002 -15"><span class='ocrx_word' id='word_1_69' title='bbox 225 1054 383 1107; x_wconf 87' lang='lat' dir='ltr'><strong>recte</strong></span> <span class='ocrx_word' id='word_1_70' title='bbox 410 1053 607 1105; x_wconf 90' lang='lat' dir='ltr'><strong>autem</strong></span> <span class='ocrx_word' id='word_1_71' title='bbox 637 1048 884 1119; x_wconf 88' lang='lat' dir='ltr'><strong>dividas,</strong></span> <span class='ocrx_word' id='word_1_72' title='bbox 921 1048 1175 1121; x_wconf 90' lang='lat' dir='ltr'><strong>peccasti</strong></span> <span class='ocrx_word' id='word_1_73' title='bbox 1194 1048 1222 1103; x_wconf 77' lang='grc'>⁸2</span> <span class='ocrx_word' id='word_1_74' title='bbox 1252 1048 1514 1115; x_wconf 81' lang='lat' dir='ltr'><strong>Quiesce,</strong></span> <span class='ocrx_word' id='word_1_75' title='bbox 1546 1049 1619 1104; x_wconf 90' lang='lat' dir='ltr'><strong>ad</strong></span> <span class='ocrx_word' id='word_1_76' title='bbox 1649 1053 1705 1103; x_wconf 89' lang='lat' dir='ltr'><strong>te</strong></span> <span class='ocrx_word' id='word_1_77' title='bbox 1744 1065 1881 1104; x_wconf 91' lang='lat' dir='ltr'><strong>con-</strong></span> 
     </span>
    </p>
   </div>
   <div class='ocr_carea' id='block_1_11' title="bbox 226 1136 1884 1210">
    <p class='ocr_par' dir='ltr' id='par_1_11' title="bbox 226 1136 1884 1210">
     <span class='ocr_line' id='line_1_11' title="bbox 226 1136 1884 1210; baseline 0 -17"><span class='ocrx_word' id='word_1_78' title='bbox 226 1139 415 1195; x_wconf 88' lang='lat' dir='ltr'><strong>versio</strong></span> <span class='ocrx_word' id='word_1_79' title='bbox 445 1139 596 1210; x_wconf 86' lang='lat' dir='ltr'><strong>ejus,</strong></span> <span class='ocrx_word' id='word_1_80' title='bbox 623 1144 681 1193; x_wconf 87' lang='lat' dir='ltr'><strong>et</strong></span> <span class='ocrx_word' id='word_1_81' title='bbox 729 1141 793 1193; x_wconf 90' lang='lat' dir='ltr'><strong>tu</strong></span> <span class='ocrx_word' id='word_1_82' title='bbox 842 1136 1240 1194; x_wconf 82' lang='lat' dir='ltr'><strong>duminaberis</strong></span> <span class='ocrx_word' id='word_1_83' title='bbox 1288 1138 1437 1209; x_wconf 85' lang='lat' dir='ltr'>ejus.</span> <span class='ocrx_word' id='word_1_84' title='bbox 1473 1160 1501 1187; x_wconf 87' lang='grc'><strong>››</strong></span> <span class='ocrx_word' id='word_1_85' title='bbox 1532 1138 1884 1193; x_wconf 85' lang='lat' dir='ltr'><strong>Necessitate</strong></span> 
     </span>
    </p>
   </div>
   <div class='ocr_carea' id='block_1_12' title="bbox 230 1224 1883 1299">
    <p class='ocr_par' dir='ltr' id='par_1_12' title="bbox 230 1224 1883 1299">
     <span class='ocr_line' id='line_1_12' title="bbox 230 1224 1883 1299; baseline -0.002 -17"><span class='ocrx_word' id='word_1_86' title='bbox 230 1225 643 1299; x_wconf 80' lang='lat' dir='ltr'><strong>compellimur</strong></span> <span class='ocrx_word' id='word_1_87' title='bbox 672 1226 731 1281; x_wconf 92' lang='lat' dir='ltr'><strong>in</strong></span> <span class='ocrx_word' id='word_1_88' title='bbox 758 1224 1011 1298; x_wconf 87' lang='lat' dir='ltr'><strong>singulis</strong></span> <span class='ocrx_word' id='word_1_89' title='bbox 1056 1224 1284 1280; x_wconf 90' lang='lat' dir='ltr'><strong>diutius</strong></span> <span class='ocrx_word' id='word_1_90' title='bbox 1332 1224 1653 1280; x_wconf 82' lang='lat' dir='ltr'><strong>immorari.</strong></span> <span class='ocrx_word' id='word_1_91' title='bbox 1689 1224 1883 1296; x_wconf 90' lang='lat' dir='ltr'><strong>Siqui-</strong></span> 
     </span>
    </p>
   </div>
   <div class='ocr_carea' id='block_1_13' title="bbox 233 1313 1884 1385">
    <p class='ocr_par' dir='ltr' id='par_1_13' title="bbox 233 1313 1884 1385">
     <span class='ocr_line' id='line_1_13' title="bbox 233 1313 1884 1385; baseline -0.001 -14"><span class='ocrx_word' id='word_1_92' title='bbox 233 1316 368 1371; x_wconf 89' lang='lat' dir='ltr'>dem</span> <span class='ocrx_word' id='word_1_93' title='bbox 399 1318 455 1371; x_wconf 90' lang='lat' dir='ltr'>et</span> <span class='ocrx_word' id='word_1_94' title='bbox 482 1331 638 1369; x_wconf 90' lang='lat' dir='ltr'><strong>nunc</strong></span> <span class='ocrx_word' id='word_1_95' title='bbox 671 1314 855 1369; x_wconf 90' lang='lat' dir='ltr'><strong>multo</strong></span> <span class='ocrx_word' id='word_1_96' title='bbox 884 1313 1037 1369; x_wconf 88' lang='lat' dir='ltr'><strong>alius</strong></span> <span class='ocrx_word' id='word_1_97' title='bbox 1070 1314 1127 1369; x_wconf 87' lang='lat' dir='ltr'><strong>in</strong></span> <span class='ocrx_word' id='word_1_98' title='bbox 1156 1314 1413 1385; x_wconf 69' lang='lat' dir='ltr'><strong>Hebraeo,</strong></span> <span class='ocrx_word' id='word_1_99' title='bbox 1463 1330 1641 1385; x_wconf 89' lang='lat' dir='ltr'><strong>quam</strong></span> <span class='ocrx_word' id='word_1_100' title='bbox 1692 1314 1753 1367; x_wconf 92' lang='lat' dir='ltr'><strong>in</strong></span> <span class='ocrx_word' id='word_1_101' title='bbox 1784 1313 1884 1369; x_wconf 90' lang='lat' dir='ltr'><strong>Se-</strong></span> 
     </span>
    </p>
   </div>
   <div class='ocr_carea' id='block_1_14' title="bbox 233 1401 1883 1477">
    <p class='ocr_par' dir='ltr' id='par_1_14' title="bbox 233 1401 1883 1477">
     <span class='ocr_line' id='line_1_14' title="bbox 233 1401 1883 1477; baseline -0.002 -18"><span class='ocrx_word' id='word_1_102' title='bbox 233 1404 543 1477; x_wconf 88' lang='lat' dir='ltr'><strong>ptuaginta</strong></span> <span class='ocrx_word' id='word_1_103' title='bbox 570 1402 1043 1471; x_wconf 88' lang='lat' dir='ltr'><strong>translatoribus,</strong></span> <span class='ocrx_word' id='word_1_104' title='bbox 1079 1418 1292 1458; x_wconf 89' lang='lat' dir='ltr'><strong>sensus</strong></span> <span class='ocrx_word' id='word_1_105' title='bbox 1321 1407 1427 1459; x_wconf 89' lang='lat' dir='ltr'><strong>est.</strong></span> <span class='ocrx_word' id='word_1_106' title='bbox 1453 1401 1547 1457; x_wconf 88' lang='lat' dir='ltr'><strong>Ait</strong></span> <span class='ocrx_word' id='word_1_107' title='bbox 1576 1402 1732 1457; x_wconf 85' lang='lat' dir='ltr'><strong>enim</strong></span> <span class='ocrx_word' id='word_1_108' title='bbox 1772 1401 1883 1456; x_wconf 92' lang='lat' dir='ltr'><strong>Do-</strong></span> 
     </span>
    </p>
   </div>
   <div class='ocr_carea' id='block_1_15' title="bbox 233 1489 1885 1563">
    <p class='ocr_par' dir='ltr' id='par_1_15' title="bbox 233 1489 1885 1563">
     <span class='ocr_line' id='line_1_15' title="bbox 233 1489 1885 1563; baseline -0.002 -15"><span class='ocrx_word' id='word_1_109' title='bbox 233 1493 435 1549; x_wconf 85' lang='lat' dir='ltr'><strong>minus</strong></span> <span class='ocrx_word' id='word_1_110' title='bbox 466 1493 538 1549; x_wconf 90' lang='lat' dir='ltr'><strong>ad</strong></span> <span class='ocrx_word' id='word_1_111' title='bbox 567 1491 705 1548; x_wconf 76' lang='lat' dir='ltr'><strong>Cain</strong></span> <span class='ocrx_word' id='word_1_112' title='bbox 730 1510 744 1548; x_wconf 92' lang='lat'><strong>:</strong></span> <span class='ocrx_word' id='word_1_113' title='bbox 778 1512 807 1542; x_wconf 85' lang='lat'><strong>«</strong></span> <span class='ocrx_word' id='word_1_114' title='bbox 839 1493 1027 1557; x_wconf 81' lang='lat' dir='ltr'><strong>Quare</strong></span> <span class='ocrx_word' id='word_1_115' title='bbox 1066 1490 1359 1561; x_wconf 81' lang='lat' dir='ltr'><strong>irasceris,</strong></span> <span class='ocrx_word' id='word_1_116' title='bbox 1390 1494 1448 1546; x_wconf 90' lang='lat' dir='ltr'><strong>et</strong></span> <span class='ocrx_word' id='word_1_117' title='bbox 1476 1507 1657 1563; x_wconf 88' lang='lat' dir='ltr'><strong>quare</strong></span> <span class='ocrx_word' id='word_1_118' title='bbox 1692 1489 1885 1546; x_wconf 89' lang='lat' dir='ltr'><strong>conci-</strong></span> 
     </span>
    </p>
   </div>
   <div class='ocr_carea' id='block_1_16' title="bbox 234 1580 1889 1653">
    <p class='ocr_par' dir='ltr' id='par_1_16' title="bbox 234 1580 1889 1653">
     <span class='ocr_line' id='line_1_16' title="bbox 234 1580 1889 1653; baseline -0.002 -16"><span class='ocrx_word' id='word_1_119' title='bbox 234 1582 324 1638; x_wconf 87' lang='lat' dir='ltr'><strong>dit</strong></span> <span class='ocrx_word' id='word_1_120' title='bbox 349 1581 549 1638; x_wconf 83' lang='lat' dir='ltr'><strong>vultus</strong></span> <span class='ocrx_word' id='word_1_121' title='bbox 580 1586 719 1638; x_wconf 89' lang='lat' dir='ltr'><strong>tuus</strong></span> <span class='ocrx_word' id='word_1_122' title='bbox 741 1582 768 1636; x_wconf 77' lang='lat' dir='ltr'><strong>‘P</strong></span> <span class='ocrx_word' id='word_1_123' title='bbox 794 1581 998 1637; x_wconf 87' lang='lat' dir='ltr'><strong>Nonne</strong></span> <span class='ocrx_word' id='word_1_124' title='bbox 1028 1580 1078 1638; x_wconf 90' lang='lat' dir='ltr'><strong>si</strong></span> <span class='ocrx_word' id='word_1_125' title='bbox 1110 1581 1259 1637; x_wconf 89' lang='lat' dir='ltr'><strong>bene</strong></span> <span class='ocrx_word' id='word_1_126' title='bbox 1314 1580 1523 1653; x_wconf 75' lang='lat' dir='ltr'><strong>egeris,</strong></span> <span class='ocrx_word' id='word_1_127' title='bbox 1556 1580 1889 1635; x_wconf 85' lang='lat' dir='ltr'><strong>dimittetur</strong></span> 
     </span>
    </p>
   </div>
   <div class='ocr_carea' id='block_1_17' title="bbox 232 1669 1886 1742">
    <p class='ocr_par' dir='ltr' id='par_1_17' title="bbox 232 1669 1886 1742">
     <span class='ocr_line' id='line_1_17' title="bbox 232 1669 1886 1742; baseline -0.002 -16"><span class='ocrx_word' id='word_1_128' title='bbox 232 1670 365 1741; x_wconf 86' lang='lat' dir='ltr'><strong>tibi,</strong></span> <span class='ocrx_word' id='word_1_129' title='bbox 397 1674 455 1726; x_wconf 90' lang='lat' dir='ltr'><strong>et</strong></span> <span class='ocrx_word' id='word_1_130' title='bbox 483 1670 531 1726; x_wconf 90' lang='lat' dir='ltr'><strong>si</strong></span> <span class='ocrx_word' id='word_1_131' title='bbox 583 1687 694 1725; x_wconf 89' lang='lat' dir='ltr'><strong>non</strong></span> <span class='ocrx_word' id='word_1_132' title='bbox 745 1671 891 1726; x_wconf 89' lang='lat' dir='ltr'><strong>bene</strong></span> <span class='ocrx_word' id='word_1_133' title='bbox 941 1669 1150 1742; x_wconf 88' lang='lat' dir='ltr'><strong>egeris,</strong></span> <span class='ocrx_word' id='word_1_134' title='bbox 1207 1673 1342 1725; x_wconf 89' lang='lat' dir='ltr'><strong>ante</strong></span> <span class='ocrx_word' id='word_1_135' title='bbox 1385 1669 1539 1724; x_wconf 83' lang='lat' dir='ltr'><strong>fores</strong></span> <span class='ocrx_word' id='word_1_136' title='bbox 1580 1672 1886 1740; x_wconf 86' lang='lat' dir='ltr'><strong>peccatum</strong></span> 
     </span>
    </p>
   </div>
   <div class='ocr_carea' id='block_1_18' title="bbox 232 1757 1888 1829">
    <p class='ocr_par' dir='ltr' id='par_1_18' title="bbox 232 1757 1888 1829">
     <span class='ocr_line' id='line_1_18' title="bbox 232 1757 1888 1829; baseline -0.001 -15"><span class='ocrx_word' id='word_1_137' title='bbox 232 1764 406 1814; x_wconf 87' lang='lat' dir='ltr'><strong>tuum</strong></span> <span class='ocrx_word' id='word_1_138' title='bbox 436 1758 704 1815; x_wconf 70' lang='lat' dir='ltr'><strong>sedebit?</strong></span> <span class='ocrx_word' id='word_1_139' title='bbox 733 1762 792 1814; x_wconf 91' lang='lat' dir='ltr'><strong>et</strong></span> <span class='ocrx_word' id='word_1_140' title='bbox 818 1759 891 1814; x_wconf 91' lang='lat' dir='ltr'><strong>ad</strong></span> <span class='ocrx_word' id='word_1_141' title='bbox 921 1762 979 1814; x_wconf 89' lang='lat' dir='ltr'><strong>te</strong></span> <span class='ocrx_word' id='word_1_142' title='bbox 1011 1758 1259 1814; x_wconf 85' lang='lat' dir='ltr'><strong>societas</strong></span> <span class='ocrx_word' id='word_1_143' title='bbox 1291 1758 1456 1828; x_wconf 88' lang='lat' dir='ltr'><strong>ejus;</strong></span> <span class='ocrx_word' id='word_1_144' title='bbox 1491 1758 1592 1814; x_wconf 89' lang='lat' dir='ltr'><strong>sed</strong></span> <span class='ocrx_word' id='word_1_145' title='bbox 1615 1763 1675 1813; x_wconf 91' lang='lat' dir='ltr'><strong>tu</strong></span> <span class='ocrx_word' id='word_1_146' title='bbox 1698 1757 1888 1829; x_wconf 85' lang='lat' dir='ltr'><strong>magis</strong></span> 
     </span>
    </p>
   </div>
   <div class='ocr_carea' id='block_1_19' title="bbox 233 1846 1966 1943">
    <p class='ocr_par' dir='ltr' id='par_1_19' title="bbox 233 1846 1966 1943">
     <span class='ocr_line' id='line_1_19' title="bbox 233 1846 1966 1943; baseline -0.002 -38"><span class='ocrx_word' id='word_1_147' title='bbox 233 1847 538 1943; x_wconf 81' lang='lat' dir='ltr'><strong>dominare</strong></span> <span class='ocrx_word' id='word_1_148' title='bbox 555 1848 703 1920; x_wconf 89' lang='lat' dir='ltr'><strong>ejus.</strong></span> <span class='ocrx_word' id='word_1_149' title='bbox 730 1870 759 1898; x_wconf 85' lang='lat'>»</span> <span class='ocrx_word' id='word_1_150' title='bbox 781 1848 945 1914; x_wconf 84' lang='lat' dir='ltr'><strong>Quod</strong></span> <span class='ocrx_word' id='word_1_151' title='bbox 965 1851 1163 1904; x_wconf 90' lang='lat' dir='ltr'><strong>autem</strong></span> <span class='ocrx_word' id='word_1_152' title='bbox 1181 1847 1482 1943; x_wconf 29' lang='lat' dir='ltr'><strong>dicitihoc</strong></span> <span class='ocrx_word' id='word_1_153' title='bbox 1495 1851 1585 1902; x_wconf 91' lang='lat' dir='ltr'><strong>est</strong></span> <span class='ocrx_word' id='word_1_154' title='bbox 1607 1864 1620 1902; x_wconf 96' lang='lat'><strong>:</strong></span> <span class='ocrx_word' id='word_1_155' title='bbox 1646 1868 1675 1897; x_wconf 84' lang='lat'><strong>«</strong></span> <span class='ocrx_word' id='word_1_156' title='bbox 1698 1846 1888 1943; x_wconf 79' lang='lat' dir='ltr'><strong>Quare</strong></span> <span class='ocrx_word' id='word_1_157' title='bbox 1918 1878 1966 1943; x_wconf 78' lang='grc' dir='ltr'>Β</span> 
     </span>
    </p>
   </div>
   <div class='ocr_carea' id='block_1_20' title="bbox 236 1934 1884 2005">
    <p class='ocr_par' dir='ltr' id='par_1_20' title="bbox 236 1934 1884 2005">
     <span class='ocr_line' id='line_1_20' title="bbox 236 1934 1884 2005; baseline -0.001 -13"><span class='ocrx_word' id='word_1_158' title='bbox 236 1936 530 2005; x_wconf 89' lang='lat' dir='ltr'><strong>irasceris,</strong></span> <span class='ocrx_word' id='word_1_159' title='bbox 565 1959 595 1989; x_wconf 83' lang='lat'><strong><em>«</em></strong></span> <span class='ocrx_word' id='word_1_160' title='bbox 627 1941 684 1993; x_wconf 91' lang='lat' dir='ltr'><strong>et</strong></span> <span class='ocrx_word' id='word_1_161' title='bbox 702 1936 933 1993; x_wconf 63' lang='lat' dir='ltr'><strong>invidia;</strong></span> <span class='ocrx_word' id='word_1_162' title='bbox 962 1936 1024 1992; x_wconf 91' lang='lat' dir='ltr'><strong>in</strong></span> <span class='ocrx_word' id='word_1_163' title='bbox 1057 1936 1297 1991; x_wconf 81' lang='lat' dir='ltr'><strong>fratrem</strong></span> <span class='ocrx_word' id='word_1_164' title='bbox 1347 1935 1525 1992; x_wconf 89' lang='lat' dir='ltr'><strong>livore</strong></span> <span class='ocrx_word' id='word_1_165' title='bbox 1563 1934 1884 2003; x_wconf 81' lang='lat' dir='ltr'><strong>cruciatus,</strong></span> 
     </span>
    </p>
   </div>
   <div class='ocr_carea' id='block_1_21' title="bbox 234 2024 1889 2082">
    <p class='ocr_par' dir='ltr' id='par_1_21' title="bbox 234 2024 1889 2082">
     <span class='ocr_line' id='line_1_21' title="bbox 234 2024 1889 2082; baseline -0.001 -1"><span class='ocrx_word' id='word_1_166' title='bbox 234 2025 469 2082; x_wconf 81' lang='lat' dir='ltr'><strong>vultum</strong></span> <span class='ocrx_word' id='word_1_167' title='bbox 501 2024 751 2081; x_wconf 87' lang='lat' dir='ltr'><strong>dimittis</strong></span> <span class='ocrx_word' id='word_1_168' title='bbox 779 2025 839 2079; x_wconf 89' lang='lat' dir='ltr'><strong>in</strong></span> <span class='ocrx_word' id='word_1_169' title='bbox 870 2029 1087 2081; x_wconf 87' lang='lat' dir='ltr'><strong>terram</strong></span> <span class='ocrx_word' id='word_1_170' title='bbox 1110 2024 1138 2079; x_wconf 70' lang='grc' dir='ltr'>ἱ)</span> <span class='ocrx_word' id='word_1_171' title='bbox 1162 2047 1190 2075; x_wconf 91' lang='grc'><strong>‹‹</strong></span> <span class='ocrx_word' id='word_1_172' title='bbox 1217 2025 1421 2080; x_wconf 88' lang='lat' dir='ltr'><strong>Nonne</strong></span> <span class='ocrx_word' id='word_1_173' title='bbox 1442 2025 1491 2080; x_wconf 91' lang='lat' dir='ltr'><strong>si</strong></span> <span class='ocrx_word' id='word_1_174' title='bbox 1515 2025 1660 2080; x_wconf 89' lang='lat' dir='ltr'><strong>bene</strong></span> <span class='ocrx_word' id='word_1_175' title='bbox 1683 2024 1889 2080; x_wconf 84' lang='lat' dir='ltr'><strong>feceris</strong></span> 
     </span>
    </p>
   </div>
   <div class='ocr_carea' id='block_1_22' title="bbox 240 2111 1892 2182">
    <p class='ocr_par' dir='ltr' id='par_1_22' title="bbox 240 2111 1892 2182">
     <span class='ocr_line' id='line_1_22' title="bbox 240 2111 1892 2182; baseline -0.001 -14"><span class='ocrx_word' id='word_1_176' title='bbox 240 2113 572 2169; x_wconf 85' lang='lat' dir='ltr'><strong>dimittetur</strong></span> <span class='ocrx_word' id='word_1_177' title='bbox 616 2112 723 2168; x_wconf 88' lang='lat' dir='ltr'><strong>tibi</strong></span> <span class='ocrx_word' id='word_1_178' title='bbox 768 2128 940 2168; x_wconf 89' lang='lat' dir='ltr'><strong>omne</strong></span> <span class='ocrx_word' id='word_1_179' title='bbox 982 2111 1260 2167; x_wconf 88' lang='lat' dir='ltr'><strong>delictum</strong></span> <span class='ocrx_word' id='word_1_180' title='bbox 1310 2116 1575 2169; x_wconf 83' lang='lat' dir='ltr'><strong>tuum:»</strong></span> <span class='ocrx_word' id='word_1_181' title='bbox 1634 2112 1775 2182; x_wconf 88' lang='lat' dir='ltr'><strong>sive,</strong></span> <span class='ocrx_word' id='word_1_182' title='bbox 1824 2116 1892 2167; x_wconf 88' lang='lat' dir='ltr'><strong>ut</strong></span> 
     </span>
    </p>
   </div>
   <div class='ocr_carea' id='block_1_23' title="bbox 240 2201 1891 2273">
    <p class='ocr_par' dir='ltr' id='par_1_23' title="bbox 240 2201 1891 2273">
     <span class='ocr_line' id='line_1_23' title="bbox 240 2201 1891 2273; baseline -0.002 -15"><span class='ocrx_word' id='word_1_183' title='bbox 240 2202 606 2259; x_wconf 89' lang='lat' dir='ltr'><strong>Theodotion</strong></span> <span class='ocrx_word' id='word_1_184' title='bbox 657 2202 739 2257; x_wconf 87' lang='lat' dir='ltr'><strong>ait</strong></span> <span class='ocrx_word' id='word_1_185' title='bbox 788 2202 1128 2273; x_wconf 83' lang='lat' dir='ltr'><strong>acceptabile</strong></span> <span class='ocrx_word' id='word_1_186' title='bbox 1174 2203 1323 2257; x_wconf 81' lang='lat' dir='ltr'><strong>erit:</strong></span> <span class='ocrx_word' id='word_1_187' title='bbox 1375 2201 1434 2256; x_wconf 87' lang='lat' dir='ltr'><strong>id</strong></span> <span class='ocrx_word' id='word_1_188' title='bbox 1484 2206 1609 2257; x_wconf 91' lang='lat' dir='ltr'><strong>est:</strong></span> <span class='ocrx_word' id='word_1_189' title='bbox 1671 2218 1891 2256; x_wconf 92' lang='lat' dir='ltr'><strong>munus</strong></span> 
     </span>
    </p>
   </div>
   <div class='ocr_carea' id='block_1_24' title="bbox 241 2289 1891 2363">
    <p class='ocr_par' dir='ltr' id='par_1_24' title="bbox 241 2289 1891 2363">
     <span class='ocr_line' id='line_1_24' title="bbox 241 2289 1891 2363; baseline -0.001 -17"><span class='ocrx_word' id='word_1_190' title='bbox 241 2296 414 2347; x_wconf 89' lang='lat' dir='ltr'><strong>tuum</strong></span> <span class='ocrx_word' id='word_1_191' title='bbox 445 2291 787 2363; x_wconf 86' lang='lat' dir='ltr'><strong>suscipiam,</strong></span> <span class='ocrx_word' id='word_1_192' title='bbox 821 2295 887 2346; x_wconf 91' lang='lat' dir='ltr'><strong>ut</strong></span> <span class='ocrx_word' id='word_1_193' title='bbox 924 2291 1155 2362; x_wconf 88' lang='lat' dir='ltr'><strong>suscepi</strong></span> <span class='ocrx_word' id='word_1_194' title='bbox 1189 2290 1382 2346; x_wconf 75' lang='lat' dir='ltr'><strong>fratris</strong></span> <span class='ocrx_word' id='word_1_195' title='bbox 1419 2291 1552 2346; x_wconf 82' lang='lat' dir='ltr'><strong>tui?</strong></span> <span class='ocrx_word' id='word_1_196' title='bbox 1585 2314 1611 2341; x_wconf 93' lang='grc'><strong>‹‹</strong></span> <span class='ocrx_word' id='word_1_197' title='bbox 1646 2291 1807 2355; x_wconf 88' lang='lat' dir='ltr'><strong>Quod</strong></span> <span class='ocrx_word' id='word_1_198' title='bbox 1841 2289 1891 2345; x_wconf 89' lang='lat' dir='ltr'><strong>si</strong></span> 
     </span>
    </p>
   </div>
   <div class='ocr_carea' id='block_1_25' title="bbox 242 2378 1891 2452">
    <p class='ocr_par' dir='ltr' id='par_1_25' title="bbox 242 2378 1891 2452">
     <span class='ocr_line' id='line_1_25' title="bbox 242 2378 1891 2452; baseline -0.001 -16"><span class='ocrx_word' id='word_1_199' title='bbox 242 2379 398 2436; x_wconf 87' lang='lat' dir='ltr'><strong>male</strong></span> <span class='ocrx_word' id='word_1_200' title='bbox 425 2379 635 2452; x_wconf 87' lang='lat' dir='ltr'><strong>egeris,</strong></span> <span class='ocrx_word' id='word_1_201' title='bbox 668 2378 823 2434; x_wconf 87' lang='lat' dir='ltr'><strong>illico</strong></span> <span class='ocrx_word' id='word_1_202' title='bbox 846 2383 1153 2452; x_wconf 89' lang='lat' dir='ltr'><strong>peccatum</strong></span> <span class='ocrx_word' id='word_1_203' title='bbox 1171 2383 1306 2435; x_wconf 85' lang='lat' dir='ltr'><strong>aute</strong></span> <span class='ocrx_word' id='word_1_204' title='bbox 1335 2379 1693 2435; x_wconf 89' lang='lat' dir='ltr'><strong>vestibulum</strong></span> <span class='ocrx_word' id='word_1_205' title='bbox 1722 2384 1891 2435; x_wconf 91' lang='lat' dir='ltr'><strong>tuum</strong></span> 
     </span>
    </p>
   </div>
   <div class='ocr_carea' id='block_1_26' title="bbox 241 2467 1894 2540">
    <p class='ocr_par' dir='ltr' id='par_1_26' title="bbox 241 2467 1894 2540">
     <span class='ocr_line' id='line_1_26' title="bbox 241 2467 1894 2540; baseline -0.001 -15"><span class='ocrx_word' id='word_1_206' title='bbox 241 2469 491 2526; x_wconf 88' lang='lat' dir='ltr'><strong>sedebit.</strong></span> <span class='ocrx_word' id='word_1_207' title='bbox 522 2491 551 2521; x_wconf 85' lang='lat'><strong><em>»</em></strong></span> <span class='ocrx_word' id='word_1_208' title='bbox 585 2476 641 2524; x_wconf 82' lang='lat' dir='ltr'><strong>et</strong></span> <span class='ocrx_word' id='word_1_209' title='bbox 669 2468 773 2524; x_wconf 90' lang='lat' dir='ltr'><strong>tali</strong></span> <span class='ocrx_word' id='word_1_210' title='bbox 798 2468 1054 2540; x_wconf 86' lang='lat' dir='ltr'><strong>janitore</strong></span> <span class='ocrx_word' id='word_1_211' title='bbox 1085 2467 1479 2525; x_wconf 89' lang='lat' dir='ltr'><strong>comitaberis.</strong></span> <span class='ocrx_word' id='word_1_212' title='bbox 1503 2469 1721 2524; x_wconf 88' lang='lat' dir='ltr'><strong>Verum</strong></span> <span class='ocrx_word' id='word_1_213' title='bbox 1755 2469 1894 2540; x_wconf 88' lang='lat' dir='ltr'><strong>quia</strong></span> 
     </span>
    </p>
   </div>
   <div class='ocr_carea' id='block_1_27' title="bbox 243 2556 1893 2631">
    <p class='ocr_par' dir='ltr' id='par_1_27' title="bbox 243 2556 1893 2631">
     <span class='ocr_line' id='line_1_27' title="bbox 243 2556 1893 2631; baseline -0.001 -16"><span class='ocrx_word' id='word_1_214' title='bbox 243 2557 414 2615; x_wconf 88' lang='lat' dir='ltr'><strong>liberi</strong></span> <span class='ocrx_word' id='word_1_215' title='bbox 481 2556 707 2614; x_wconf 89' lang='lat' dir='ltr'><strong>arbitrii</strong></span> <span class='ocrx_word' id='word_1_216' title='bbox 750 2574 853 2613; x_wconf 91' lang='lat' dir='ltr'><strong>es:</strong></span> <span class='ocrx_word' id='word_1_217' title='bbox 887 2572 1096 2613; x_wconf 89' lang='lat' dir='ltr'><strong>moneo</strong></span> <span class='ocrx_word' id='word_1_218' title='bbox 1155 2562 1221 2613; x_wconf 87' lang='lat' dir='ltr'><strong>ut</strong></span> <span class='ocrx_word' id='word_1_219' title='bbox 1276 2575 1392 2613; x_wconf 92' lang='lat' dir='ltr'><strong>non</strong></span> <span class='ocrx_word' id='word_1_220' title='bbox 1450 2557 1557 2613; x_wconf 88' lang='lat' dir='ltr'><strong>tibi</strong></span> <span class='ocrx_word' id='word_1_221' title='bbox 1589 2562 1893 2631; x_wconf 89' lang='lat' dir='ltr'><strong>peccatum</strong></span> 
     </span>
    </p>
   </div>
   <div class='ocr_carea' id='block_1_28' title="bbox 241 2645 1893 2720">
    <p class='ocr_par' dir='ltr' id='par_1_28' title="bbox 241 2645 1893 2720">
     <span class='ocr_line' id='line_1_28' title="bbox 241 2645 1893 2720; baseline -0.002 -14"><span class='ocrx_word' id='word_1_222' title='bbox 241 2647 347 2707; x_wconf 73' lang='lat' dir='ltr'><strong>sed</strong></span> <span class='ocrx_word' id='word_1_223' title='bbox 370 2646 443 2703; x_wconf 84' lang='lat' dir='ltr'><strong>tu</strong></span> <span class='ocrx_word' id='word_1_224' title='bbox 475 2650 711 2720; x_wconf 90' lang='lat' dir='ltr'><strong>peccato</strong></span> <span class='ocrx_word' id='word_1_225' title='bbox 735 2645 1077 2703; x_wconf 89' lang='lat' dir='ltr'><strong>domineris.</strong></span> <span class='ocrx_word' id='word_1_226' title='bbox 1110 2646 1274 2712; x_wconf 90' lang='lat' dir='ltr'><strong>Quod</strong></span> <span class='ocrx_word' id='word_1_227' title='bbox 1307 2650 1503 2702; x_wconf 90' lang='lat' dir='ltr'><strong>autem</strong></span> <span class='ocrx_word' id='word_1_228' title='bbox 1550 2648 1615 2702; x_wconf 85' lang='lat' dir='ltr'><strong>in</strong></span> <span class='ocrx_word' id='word_1_229' title='bbox 1648 2648 1893 2719; x_wconf 86' lang='lat' dir='ltr'><strong>Septua-</strong></span> 
     </span>
    </p>
   </div>
   <div class='ocr_carea' id='block_1_29' title="bbox 244 2734 1896 2815">
    <p class='ocr_par' dir='ltr' id='par_1_29' title="bbox 244 2734 1896 2815">
     <span class='ocr_line' id='line_1_29' title="bbox 244 2734 1896 2815; baseline 0.002 -24"><span class='ocrx_word' id='word_1_230' title='bbox 244 2736 412 2810; x_wconf 88' lang='lat' dir='ltr'><strong>ginta</strong></span> <span class='ocrx_word' id='word_1_231' title='bbox 436 2734 860 2815; x_wconf 84' lang='lat' dir='ltr'><strong>interpretibus</strong></span> <span class='ocrx_word' id='word_1_232' title='bbox 891 2735 1028 2792; x_wconf 91' lang='lat' dir='ltr'><strong>fecit</strong></span> <span class='ocrx_word' id='word_1_233' title='bbox 1073 2752 1354 2803; x_wconf 91' lang='lat' dir='ltr'><strong>errorem,</strong></span> <span class='ocrx_word' id='word_1_234' title='bbox 1399 2735 1544 2791; x_wconf 91' lang='lat' dir='ltr'><strong>illud</strong></span> <span class='ocrx_word' id='word_1_235' title='bbox 1596 2740 1721 2792; x_wconf 88' lang='lat' dir='ltr'><strong>est:</strong></span> <span class='ocrx_word' id='word_1_236' title='bbox 1757 2736 1896 2809; x_wconf 84' lang='lat' dir='ltr'><strong>quia</strong></span> 
     </span>
    </p>
   </div>
   <div class='ocr_carea' id='block_1_30' title="bbox 236 2823 1892 2898">
    <p class='ocr_par' dir='ltr' id='par_1_30' title="bbox 236 2823 1892 2898">
     <span class='ocr_line' id='line_1_30' title="bbox 236 2823 1892 2898; baseline 0 -16"><span class='ocrx_word' id='word_1_237' title='bbox 236 2827 551 2897; x_wconf 80' lang='lat' dir='ltr'><strong>peccatum,</strong></span> <span class='ocrx_word' id='word_1_238' title='bbox 585 2823 645 2879; x_wconf 91' lang='lat' dir='ltr'><strong>id</strong></span> <span class='ocrx_word' id='word_1_239' title='bbox 677 2828 792 2892; x_wconf 89' lang='lat' dir='ltr'><strong>est,</strong></span> <span class='ocrx_word' id='word_1_240' title='bbox 821 2841 1036 2880; x_wconf 77' lang='lat' dir='ltr'><strong>A&#39;l&#39;l‘ATH</strong></span> <span class='ocrx_word' id='word_1_241' title='bbox 1067 2824 1300 2896; x_wconf 68' lang='lat' dir='ltr'><strong>(nmen)</strong></span> <span class='ocrx_word' id='word_1_242' title='bbox 1330 2826 1388 2881; x_wconf 91' lang='lat' dir='ltr'><strong>in</strong></span> <span class='ocrx_word' id='word_1_243' title='bbox 1437 2825 1677 2881; x_wconf 82' lang='lat' dir='ltr'><strong>Hebraeo</strong></span> <span class='ocrx_word' id='word_1_244' title='bbox 1720 2842 1892 2898; x_wconf 89' lang='lat' dir='ltr'><strong>gene-</strong></span> 
     </span>
    </p>
   </div>
   <div class='ocr_carea' id='block_1_31' title="bbox 243 2913 1894 2987">
    <p class='ocr_par' dir='ltr' id='par_1_31' title="bbox 243 2913 1894 2987">
     <span class='ocr_line' id='line_1_31' title="bbox 243 2913 1894 2987; baseline 0 -17"><span class='ocrx_word' id='word_1_245' title='bbox 243 2915 329 2970; x_wconf 89' lang='lat' dir='ltr'><strong>ris</strong></span> <span class='ocrx_word' id='word_1_246' title='bbox 377 2913 693 2970; x_wconf 86' lang='lat' dir='ltr'><strong>masculini</strong></span> <span class='ocrx_word' id='word_1_247' title='bbox 743 2919 833 2970; x_wconf 90' lang='lat' dir='ltr'><strong>est</strong></span> <span class='ocrx_word' id='word_1_248' title='bbox 852 2916 895 2979; x_wconf 63' lang='lat'><strong>9,</strong></span> <span class='ocrx_word' id='word_1_249' title='bbox 937 2914 997 2969; x_wconf 91' lang='lat' dir='ltr'><strong>in</strong></span> <span class='ocrx_word' id='word_1_250' title='bbox 1045 2914 1242 2970; x_wconf 74' lang='lat' dir='ltr'><strong>Graeco</strong></span> <span class='ocrx_word' id='word_1_251' title='bbox 1294 2913 1520 2970; x_wconf 85' lang='lat' dir='ltr'><strong>femini.</strong></span> <span class='ocrx_word' id='word_1_252' title='bbox 1575 2915 1645 2970; x_wconf 86' lang='lat' dir='ltr'><strong>Et</strong></span> <span class='ocrx_word' id='word_1_253' title='bbox 1674 2915 1775 2987; x_wconf 89' lang='lat' dir='ltr'><strong>qui</strong></span> <span class='ocrx_word' id='word_1_254' title='bbox 1806 2915 1894 2971; x_wconf 88' lang='lat' dir='ltr'><strong>in-</strong></span> 
     </span>
    </p>
   </div>
   <div class='ocr_carea' id='block_1_32' title="bbox 242 3002 1893 3076">
    <p class='ocr_par' dir='ltr' id='par_1_32' title="bbox 242 3002 1893 3076">
     <span class='ocr_line' id='line_1_32' title="bbox 242 3002 1893 3076; baseline 0.001 -18"><span class='ocrx_word' id='word_1_255' title='bbox 242 3003 543 3076; x_wconf 85' lang='lat' dir='ltr'><strong>terpretati</strong></span> <span class='ocrx_word' id='word_1_256' title='bbox 575 3006 735 3070; x_wconf 86' lang='lat' dir='ltr'><strong>sunt,</strong></span> <span class='ocrx_word' id='word_1_257' title='bbox 770 3002 1258 3059; x_wconf 89' lang='lat' dir='ltr'><strong>masculinoillud</strong></span> <span class='ocrx_word' id='word_1_258' title='bbox 1292 3004 1380 3074; x_wconf 88' lang='lat' dir='ltr'><strong>(ut</strong></span> <span class='ocrx_word' id='word_1_259' title='bbox 1410 3008 1532 3059; x_wconf 90' lang='lat' dir='ltr'><strong>erat</strong></span> <span class='ocrx_word' id='word_1_260' title='bbox 1552 3004 1610 3059; x_wconf 90' lang='lat' dir='ltr'><strong>in</strong></span> <span class='ocrx_word' id='word_1_261' title='bbox 1632 3004 1893 3076; x_wconf 62' lang='lat' dir='ltr'><strong>Hebrao)</strong></span> 
     </span>
    </p>
   </div>
   <div class='ocr_carea' id='block_1_33' title="bbox 244 3091 931 3166">
    <p class='ocr_par' dir='ltr' id='par_1_33' title="bbox 244 3091 931 3166">
     <span class='ocr_line' id='line_1_33' title="bbox 244 3091 931 3166; baseline -0.006 -17"><span class='ocrx_word' id='word_1_262' title='bbox 244 3108 456 3166; x_wconf 82' lang='lat' dir='ltr'><strong>genere</strong></span> <span class='ocrx_word' id='word_1_263' title='bbox 484 3091 931 3149; x_wconf 84' lang='lat' dir='ltr'><strong>transtulerunt.</strong></span> 
     </span>
    </p>
   </div>
   <div class='ocr_carea' id='block_1_34' title="bbox 316 3170 1891 3252">
    <p class='ocr_par' dir='ltr' id='par_1_34' title="bbox 316 3170 1891 3252">
     <span class='ocr_line' id='line_1_34' title="bbox 316 3170 1891 3252; baseline 0.001 -15"><span class='ocrx_word' id='word_1_264' title='bbox 316 3170 510 3251; x_wconf 78' lang='lat' dir='ltr'><strong>(Vere.</strong></span> <span class='ocrx_word' id='word_1_265' title='bbox 537 3182 616 3252; x_wconf 90' lang='lat'><strong>8.]</strong></span> <span class='ocrx_word' id='word_1_266' title='bbox 649 3181 804 3237; x_wconf 68' lang='grc'><strong>312</strong></span> <span class='ocrx_word' id='word_1_267' title='bbox 837 3203 864 3230; x_wconf 90' lang='grc'><strong>‹‹</strong></span> <span class='ocrx_word' id='word_1_268' title='bbox 901 3181 971 3235; x_wconf 85' lang='lat' dir='ltr'><strong>Et</strong></span> <span class='ocrx_word' id='word_1_269' title='bbox 1000 3180 1147 3237; x_wconf 84' lang='lat' dir='ltr'><strong>dixit</strong></span> <span class='ocrx_word' id='word_1_270' title='bbox 1177 3182 1317 3237; x_wconf 82' lang='lat' dir='ltr'><strong>Cain</strong></span> <span class='ocrx_word' id='word_1_271' title='bbox 1362 3182 1432 3237; x_wconf 90' lang='lat' dir='ltr'><strong>ad</strong></span> <span class='ocrx_word' id='word_1_272' title='bbox 1484 3181 1623 3237; x_wconf 87' lang='lat' dir='ltr'><strong>Abel</strong></span> <span class='ocrx_word' id='word_1_273' title='bbox 1656 3183 1891 3238; x_wconf 87' lang='lat' dir='ltr'><strong>fratrem</strong></span> 
     </span>
    </p>
   </div>
   <div class='ocr_carea' id='block_1_35' title="bbox 245 3245 1966 3342">
    <p class='ocr_par' dir='ltr' id='par_1_35' title="bbox 245 3245 1966 3342">
     <span class='ocr_line' id='line_1_35' title="bbox 245 3245 1966 3342; baseline 0.001 -14"><span class='ocrx_word' id='word_1_274' title='bbox 245 3245 446 3328; x_wconf 78' lang='lat' dir='ltr'><strong>suum.</strong></span> <span class='ocrx_word' id='word_1_275' title='bbox 483 3292 511 3319; x_wconf 87' lang='grc'><strong>››</strong></span> <span class='ocrx_word' id='word_1_276' title='bbox 541 3245 903 3326; x_wconf 77' lang='lat' dir='ltr'><strong>subauditur</strong></span> <span class='ocrx_word' id='word_1_277' title='bbox 932 3287 1019 3339; x_wconf 84' lang='lat' dir='ltr'><strong>ea,</strong></span> <span class='ocrx_word' id='word_1_278' title='bbox 1054 3286 1182 3342; x_wconf 64' lang='lat' dir='ltr'><strong>quae</strong></span> <span class='ocrx_word' id='word_1_279' title='bbox 1212 3270 1446 3326; x_wconf 91' lang='lat' dir='ltr'><strong>locutus</strong></span> <span class='ocrx_word' id='word_1_280' title='bbox 1467 3275 1557 3326; x_wconf 90' lang='lat' dir='ltr'><strong>est</strong></span> <span class='ocrx_word' id='word_1_281' title='bbox 1587 3270 1889 3329; x_wconf 86' lang='lat' dir='ltr'><strong>Dominus.</strong></span> <span class='ocrx_word' id='word_1_282' title='bbox 1922 3245 1966 3314; x_wconf 59' lang='grc' dir='ltr'><strong>(ἶ</strong></span> 
     </span>
    </p>
   </div>
   <div class='ocr_carea' id='block_1_36' title="bbox 322 3412 1892 3484">
    <p class='ocr_par' dir='ltr' id='par_1_36' title="bbox 322 3412 1892 3484">
     <span class='ocr_line' id='line_1_36' title="bbox 322 3412 1892 3484; baseline 0.001 -16"><span class='ocrx_word' id='word_1_283' title='bbox 322 3414 340 3448; x_wconf 85' lang='grc'>¹</span> <span class='ocrx_word' id='word_1_284' title='bbox 373 3412 537 3468; x_wconf 90' lang='lat' dir='ltr'><strong>Unus</strong></span> <span class='ocrx_word' id='word_1_285' title='bbox 565 3412 797 3484; x_wconf 64' lang='lat' dir='ltr'><strong>Reginis</strong></span> <span class='ocrx_word' id='word_1_286' title='bbox 830 3428 940 3467; x_wconf 91' lang='lat' dir='ltr'><strong>ms.</strong></span> <span class='ocrx_word' id='word_1_287' title='bbox 969 3412 1115 3468; x_wconf 70' lang='lat' dir='ltr'><strong>dixit</strong></span> <span class='ocrx_word' id='word_1_288' title='bbox 1145 3414 1406 3469; x_wconf 82' lang='lat' dir='ltr'><strong>Dominus</strong></span> <span class='ocrx_word' id='word_1_289' title='bbox 1435 3414 1574 3469; x_wconf 76' lang='lat' dir='ltr'><strong>Deus</strong></span> <span class='ocrx_word' id='word_1_290' title='bbox 1597 3412 1668 3468; x_wconf 85' lang='lat' dir='ltr'><strong>ad</strong></span> <span class='ocrx_word' id='word_1_291' title='bbox 1713 3413 1851 3469; x_wconf 83' lang='lat' dir='ltr'><strong>Cain</strong></span> <span class='ocrx_word' id='word_1_292' title='bbox 1878 3431 1892 3470; x_wconf 94' lang='lat'><strong>:</strong></span> 
     </span>
    </p>
   </div>
   <div class='ocr_carea' id='block_1_37' title="bbox 247 3482 1086 3556">
    <p class='ocr_par' dir='ltr' id='par_1_37' title="bbox 247 3482 1086 3556">
     <span class='ocr_line' id='line_1_37' title="bbox 247 3482 1086 3556; baseline -0.005 -15"><span class='ocrx_word' id='word_1_293' title='bbox 247 3486 324 3545; x_wconf 81' lang='lat' dir='ltr'><strong>ad</strong></span> <span class='ocrx_word' id='word_1_294' title='bbox 356 3484 622 3541; x_wconf 62' lang='lat' dir='ltr'><strong>Grecam</strong></span> <span class='ocrx_word' id='word_1_295' title='bbox 646 3482 843 3556; x_wconf 70' lang='grc' dir='ltr'><strong>Κύριος</strong></span> <span class='ocrx_word' id='word_1_296' title='bbox 875 3484 902 3536; x_wconf 93' lang='grc' dir='ltr'>ὁ</span> <span class='ocrx_word' id='word_1_297' title='bbox 934 3490 1086 3545; x_wconf 80' lang='grc' dir='ltr'>θεος.</span> 
     </span>
    </p>
   </div>
   <div class='ocr_carea' id='block_1_38' title="bbox 322 3563 1895 3633">
    <p class='ocr_par' dir='ltr' id='par_1_38' title="bbox 322 3563 1895 3633">
     <span class='ocr_line' id='line_1_38' title="bbox 322 3563 1895 3633; baseline 0.001 -15"><span class='ocrx_word' id='word_1_298' title='bbox 322 3566 344 3599; x_wconf 84' lang='grc'>²</span> <span class='ocrx_word' id='word_1_299' title='bbox 403 3564 463 3619; x_wconf 86' lang='lat' dir='ltr'><strong>In</strong></span> <span class='ocrx_word' id='word_1_300' title='bbox 516 3564 740 3619; x_wconf 75' lang='lat' dir='ltr'><strong>Hebraeo</strong></span> <span class='ocrx_word' id='word_1_301' title='bbox 787 3566 1007 3633; x_wconf 75' lang='lat' dir='ltr'><strong>generis</strong></span> <span class='ocrx_word' id='word_1_302' title='bbox 1056 3564 1354 3619; x_wconf 80' lang='lat' dir='ltr'><strong>masculini</strong></span> <span class='ocrx_word' id='word_1_303' title='bbox 1410 3572 1515 3619; x_wconf 81' lang='lat' dir='ltr'><strong>est.</strong></span> <span class='ocrx_word' id='word_1_304' title='bbox 1572 3563 1776 3619; x_wconf 87' lang='lat' dir='ltr'><strong>Nescio</strong></span> <span class='ocrx_word' id='word_1_305' title='bbox 1821 3580 1895 3620; x_wconf 88' lang='lat' dir='ltr'><strong>an</strong></span> 
     </span>
    </p>
   </div>
   <div class='ocr_carea' id='block_1_39' title="bbox 248 3634 1894 3708">
    <p class='ocr_par' dir='ltr' id='par_1_39' title="bbox 248 3634 1894 3708">
     <span class='ocr_line' id='line_1_39' title="bbox 248 3634 1894 3708; baseline 0 -17"><span class='ocrx_word' id='word_1_306' title='bbox 248 3635 771 3708; x_wconf 80' lang='lat' dir='ltr'><strong>aliquisantenos</strong></span> <span class='ocrx_word' id='word_1_307' title='bbox 801 3635 956 3708; x_wconf 80' lang='lat' dir='ltr'><strong>hunc</strong></span> <span class='ocrx_word' id='word_1_308' title='bbox 988 3635 1321 3708; x_wconf 84' lang='lat' dir='ltr'><strong>Hieronymi</strong></span> <span class='ocrx_word' id='word_1_309' title='bbox 1352 3634 1545 3690; x_wconf 91' lang='lat' dir='ltr'><strong>locum</strong></span> <span class='ocrx_word' id='word_1_310' title='bbox 1568 3634 1766 3690; x_wconf 89' lang='lat' dir='ltr'><strong>lectori</strong></span> <span class='ocrx_word' id='word_1_311' title='bbox 1798 3652 1894 3691; x_wconf 79' lang='lat' dir='ltr'><strong>ex-</strong></span> 
     </span>
    </p>
   </div>
   <div class='ocr_carea' id='block_1_40' title="bbox 251 3705 1891 3782">
    <p class='ocr_par' dir='ltr' id='par_1_40' title="bbox 251 3705 1891 3782">
     <span class='ocr_line' id='line_1_40' title="bbox 251 3705 1891 3782; baseline -0.001 -18"><span class='ocrx_word' id='word_1_312' title='bbox 251 3705 544 3782; x_wconf 61' lang='lat' dir='ltr'><strong>posuerit.</strong></span> <span class='ocrx_word' id='word_1_313' title='bbox 590 3706 872 3782; x_wconf 73' lang='lat' dir='ltr'><strong>observat</strong></span> <span class='ocrx_word' id='word_1_314' title='bbox 920 3705 1099 3778; x_wconf 83' lang='lat' dir='ltr'><strong>igitur</strong></span> <span class='ocrx_word' id='word_1_315' title='bbox 1146 3705 1891 3782; x_wconf 69' lang='lat' dir='ltr'><strong>san_ctus__Doctor,_quod</strong></span> 
     </span>
    </p>
   </div>
   <div class='ocr_carea' id='block_1_41' title="bbox 252 3777 1894 3849">
    <p class='ocr_par' dir='ltr' id='par_1_41' title="bbox 252 3777 1894 3849">
     <span class='ocr_line' id='line_1_41' title="bbox 252 3777 1894 3849; baseline -0.001 -15"><span class='ocrx_word' id='word_1_316' title='bbox 252 3777 440 3834; x_wconf 76' lang='lat' dir='ltr'><strong>inulto</strong></span> <span class='ocrx_word' id='word_1_317' title='bbox 473 3779 626 3833; x_wconf 90' lang='lat' dir='ltr'><strong>alius</strong></span> <span class='ocrx_word' id='word_1_318' title='bbox 654 3778 713 3832; x_wconf 92' lang='lat' dir='ltr'><strong>in</strong></span> <span class='ocrx_word' id='word_1_319' title='bbox 745 3777 1003 3844; x_wconf 68' lang='lat' dir='ltr'><strong>Hebraeo,</strong></span> <span class='ocrx_word' id='word_1_320' title='bbox 1037 3794 1214 3849; x_wconf 88' lang='lat' dir='ltr'><strong>quam</strong></span> <span class='ocrx_word' id='word_1_321' title='bbox 1246 3779 1304 3832; x_wconf 91' lang='lat' dir='ltr'><strong>in</strong></span> <span class='ocrx_word' id='word_1_322' title='bbox 1329 3777 1515 3832; x_wconf 84' lang='lat' dir='ltr'>LXXX</span> <span class='ocrx_word' id='word_1_323' title='bbox 1536 3777 1894 3834; x_wconf 77' lang='lat' dir='ltr'><strong>translatori-</strong></span> 
     </span>
    </p>
   </div>
   <div class='ocr_carea' id='block_1_42' title="bbox 251 3849 1892 3921">
    <p class='ocr_par' dir='ltr' id='par_1_42' title="bbox 251 3849 1892 3921">
     <span class='ocr_line' id='line_1_42' title="bbox 251 3849 1892 3921; baseline -0.001 -15"><span class='ocrx_word' id='word_1_324' title='bbox 251 3851 389 3916; x_wconf 90' lang='lat' dir='ltr'><strong>bus,</strong></span> <span class='ocrx_word' id='word_1_325' title='bbox 421 3865 636 3905; x_wconf 88' lang='lat' dir='ltr'><strong>sensus</strong></span> <span class='ocrx_word' id='word_1_326' title='bbox 666 3849 787 3916; x_wconf 86' lang='lat' dir='ltr'><strong>sit;</strong></span> <span class='ocrx_word' id='word_1_327' title='bbox 820 3866 1178 3920; x_wconf 87' lang='lat' dir='ltr'><strong>causamque</strong></span> <span class='ocrx_word' id='word_1_328' title='bbox 1211 3850 1426 3905; x_wconf 89' lang='lat' dir='ltr'><strong>erroris</strong></span> <span class='ocrx_word' id='word_1_329' title='bbox 1455 3849 1609 3921; x_wconf 92' lang='lat' dir='ltr'><strong>apud</strong></span> <span class='ocrx_word' id='word_1_330' title='bbox 1651 3851 1892 3920; x_wconf 88' lang='lat' dir='ltr'><strong>Septua-</strong></span> 
     </span>
    </p>
   </div>
   <div class='ocr_carea' id='block_1_43' title="bbox 246 3920 1894 3993">
    <p class='ocr_par' dir='ltr' id='par_1_43' title="bbox 246 3920 1894 3993">
     <span class='ocr_line' id='line_1_43' title="bbox 246 3920 1894 3993; baseline 0.004 -17"><span class='ocrx_word' id='word_1_331' title='bbox 246 3923 418 3992; x_wconf 81' lang='lat' dir='ltr'><strong>ginta</strong></span> <span class='ocrx_word' id='word_1_332' title='bbox 459 3922 713 3993; x_wconf 84' lang='lat' dir='ltr'><strong>positam</strong></span> <span class='ocrx_word' id='word_1_333' title='bbox 761 3936 890 3993; x_wconf 86' lang='lat' dir='ltr'><strong>esse</strong></span> <span class='ocrx_word' id='word_1_334' title='bbox 937 3920 1080 3976; x_wconf 90' lang='lat' dir='ltr'><strong>dicit</strong></span> <span class='ocrx_word' id='word_1_335' title='bbox 1126 3921 1185 3975; x_wconf 93' lang='lat' dir='ltr'><strong>in</strong></span> <span class='ocrx_word' id='word_1_336' title='bbox 1230 3938 1369 3977; x_wconf 89' lang='lat' dir='ltr'><strong>voce</strong></span> <span class='ocrx_word' id='word_1_337' title='bbox 1415 3921 1661 3993; x_wconf 64' lang='lat' dir='ltr'><strong>Hebraea</strong></span> <span class='ocrx_word' id='word_1_338' title='bbox 1708 3933 1894 3983; x_wconf 72' lang='lat' dir='ltr'><strong>nmen</strong></span> 
     </span>
    </p>
   </div>
   <div class='ocr_carea' id='block_1_44' title="bbox 246 3992 1895 4064">
    <p class='ocr_par' dir='ltr' id='par_1_44' title="bbox 246 3992 1895 4064">
     <span class='ocr_line' id='line_1_44' title="bbox 246 3992 1895 4064; baseline -0.001 -16"><span class='ocrx_word' id='word_1_339' title='bbox 246 3992 564 4059; x_wconf 32' lang='lat' dir='ltr'><strong>attach,’vel</strong></span> <span class='ocrx_word' id='word_1_340' title='bbox 598 3992 877 4064; x_wconf 77' lang='lat' dir='ltr'><strong>hhattach,</strong></span> <span class='ocrx_word' id='word_1_341' title='bbox 911 3996 1348 4064; x_wconf 12' lang='lat' dir='ltr'><strong>quaerpeccatum</strong></span> <span class='ocrx_word' id='word_1_342' title='bbox 1377 3992 1689 4064; x_wconf 75' lang='lat' dir='ltr'><strong>significat,</strong></span> <span class='ocrx_word' id='word_1_343' title='bbox 1721 3997 1778 4064; x_wconf 85' lang='lat' dir='ltr'><strong>et</strong></span> <span class='ocrx_word' id='word_1_344' title='bbox 1807 3997 1895 4047; x_wconf 81' lang='lat' dir='ltr'><strong>est</strong></span> 
     </span>
    </p>
   </div>
   <div class='ocr_carea' id='block_1_45' title="bbox 248 4062 1891 4136">
    <p class='ocr_par' dir='ltr' id='par_1_45' title="bbox 248 4062 1891 4136">
     <span class='ocr_line' id='line_1_45' title="bbox 248 4062 1891 4136; baseline 0 -17"><span class='ocrx_word' id='word_1_345' title='bbox 248 4064 483 4136; x_wconf 87' lang='lat' dir='ltr'><strong>generis</strong></span> <span class='ocrx_word' id='word_1_346' title='bbox 515 4063 827 4119; x_wconf 88' lang='lat' dir='ltr'><strong>masculini</strong></span> <span class='ocrx_word' id='word_1_347' title='bbox 861 4062 1013 4135; x_wconf 85' lang='lat' dir='ltr'><strong>apud</strong></span> <span class='ocrx_word' id='word_1_348' title='bbox 1046 4062 1337 4136; x_wconf 80' lang='lat' dir='ltr'><strong>Hebraeos,</strong></span> <span class='ocrx_word' id='word_1_349' title='bbox 1388 4079 1543 4136; x_wconf 84' lang='lat' dir='ltr'><strong>cum_</strong></span> <span class='ocrx_word' id='word_1_350' title='bbox 1567 4062 1805 4136; x_wconf 62' lang='grc' dir='ltr'>ἁμᾳρτία</span> <span class='ocrx_word' id='word_1_351' title='bbox 1834 4064 1891 4119; x_wconf 89' lang='lat' dir='ltr'><strong>id</strong></span> 
     </span>
    </p>
   </div>
   <div class='ocr_carea' id='block_1_46' title="bbox 242 4132 1887 4207">
    <p class='ocr_par' dir='ltr' id='par_1_46' title="bbox 242 4132 1887 4207">
     <span class='ocr_line' id='line_1_46' title="bbox 242 4132 1887 4207; baseline -0.001 -16"><span class='ocrx_word' id='word_1_352' title='bbox 242 4132 354 4203; x_wconf 65' lang='lat' dir='ltr'><strong>Est,</strong></span> <span class='ocrx_word' id='word_1_353' title='bbox 401 4150 556 4191; x_wconf 79' lang='lat' dir='ltr'><strong>error</strong></span> <span class='ocrx_word' id='word_1_354' title='bbox 599 4139 660 4192; x_wconf 84' lang='lat' dir='ltr'><strong>et</strong></span> <span class='ocrx_word' id='word_1_355' title='bbox 700 4132 1000 4207; x_wconf 77' lang='lat' dir='ltr'><strong>peccatum,</strong></span> <span class='ocrx_word' id='word_1_356' title='bbox 1030 4135 1111 4190; x_wconf 85' lang='lat' dir='ltr'><strong>sit</strong></span> <span class='ocrx_word' id='word_1_357' title='bbox 1148 4134 1376 4207; x_wconf 85' lang='lat' dir='ltr'><strong>generis</strong></span> <span class='ocrx_word' id='word_1_358' title='bbox 1409 4132 1692 4207; x_wconf 73' lang='lat' dir='ltr'><strong>feminini</strong></span> <span class='ocrx_word' id='word_1_359' title='bbox 1730 4136 1887 4206; x_wconf 89' lang='lat' dir='ltr'><strong>apud</strong></span> 
     </span>
    </p>
   </div>
   <div class='ocr_carea' id='block_1_47' title="bbox 247 4203 1895 4278">
    <p class='ocr_par' dir='ltr' id='par_1_47' title="bbox 247 4203 1895 4278">
     <span class='ocr_line' id='line_1_47' title="bbox 247 4203 1895 4278; baseline -0.002 -15"><span class='ocrx_word' id='word_1_360' title='bbox 247 4207 521 4278; x_wconf 67' lang='lat' dir='ltr'><strong>Greece:</strong></span> <span class='ocrx_word' id='word_1_361' title='bbox 554 4207 648 4262; x_wconf 91' lang='lat' dir='ltr'><strong>cui</strong></span> <span class='ocrx_word' id='word_1_362' title='bbox 678 4203 1269 4278; x_wconf 50' lang='lat' dir='ltr'><strong>nihilominusve&#39;rbo</strong></span> <span class='ocrx_word' id='word_1_363' title='bbox 1302 4203 1541 4278; x_wconf 66' lang='grc' dir='ltr'><strong>άμᾳρτίᾳ</strong></span> <span class='ocrx_word' id='word_1_364' title='bbox 1582 4203 1895 4278; x_wconf 80' lang='lat' dir='ltr'><strong>respondet</strong></span> 
     </span>
    </p>
   </div>
   <div class='ocr_carea' id='block_1_48' title="bbox 248 4275 1889 4346">
    <p class='ocr_par' dir='ltr' id='par_1_48' title="bbox 248 4275 1889 4346">
     <span class='ocr_line' id='line_1_48' title="bbox 248 4275 1889 4346; baseline -0.001 -12"><span class='ocrx_word' id='word_1_365' title='bbox 248 4277 557 4334; x_wconf 85' lang='lat' dir='ltr'><strong>relativum</strong></span> <span class='ocrx_word' id='word_1_366' title='bbox 590 4277 986 4333; x_wconf 89' lang='lat' dir='ltr'><strong>masculinum</strong></span> <span class='ocrx_word' id='word_1_367' title='bbox 1030 4275 1213 4331; x_wconf 73' lang='grc' dir='ltr'>αὐτοῦ.</span> <span class='ocrx_word' id='word_1_368' title='bbox 1266 4275 1349 4331; x_wconf 90' lang='lat' dir='ltr'><strong>Et</strong></span> <span class='ocrx_word' id='word_1_369' title='bbox 1382 4275 1491 4332; x_wconf 82' lang='lat' dir='ltr'><strong>hoc</strong></span> <span class='ocrx_word' id='word_1_370' title='bbox 1521 4275 1889 4346; x_wconf 89' lang='lat' dir='ltr'><strong>ipsissimum</strong></span> 
     </span>
    </p>
   </div>
   <div class='ocr_carea' id='block_1_49' title="bbox 249 4346 1894 4421">
    <p class='ocr_par' dir='ltr' id='par_1_49' title="bbox 249 4346 1894 4421">
     <span class='ocr_line' id='line_1_49' title="bbox 249 4346 1894 4421; baseline -0.001 -17"><span class='ocrx_word' id='word_1_371' title='bbox 249 4354 342 4404; x_wconf 89' lang='lat' dir='ltr'><strong>est</strong></span> <span class='ocrx_word' id='word_1_372' title='bbox 371 4350 526 4421; x_wconf 89' lang='lat' dir='ltr'><strong>quod</strong></span> <span class='ocrx_word' id='word_1_373' title='bbox 557 4350 726 4405; x_wconf 89' lang='lat' dir='ltr'><strong>docet</strong></span> <span class='ocrx_word' id='word_1_374' title='bbox 754 4349 1143 4421; x_wconf 82' lang='lat' dir='ltr'><strong>Hieronymus</strong></span> <span class='ocrx_word' id='word_1_375' title='bbox 1165 4348 1402 4421; x_wconf 83' lang='lat' dir='ltr'><strong>dicens:</strong></span> <span class='ocrx_word' id='word_1_376' title='bbox 1437 4348 1566 4421; x_wconf 55' lang='lat' dir='ltr'><strong>«Et</strong></span> <span class='ocrx_word' id='word_1_377' title='bbox 1587 4347 1685 4421; x_wconf 86' lang='lat' dir='ltr'><strong>qui</strong></span> <span class='ocrx_word' id='word_1_378' title='bbox 1719 4346 1894 4403; x_wconf 90' lang='lat' dir='ltr'><strong>inter-</strong></span> 
     </span>
    </p>
   </div>
   <div class='ocr_carea' id='block_1_50' title="bbox 248 4418 1894 4503">
    <p class='ocr_par' dir='ltr' id='par_1_50' title="bbox 248 4418 1894 4503">
     <span class='ocr_line' id='line_1_50' title="bbox 248 4418 1894 4503; baseline -0.001 -28"><span class='ocrx_word' id='word_1_379' title='bbox 248 4418 462 4503; x_wconf 66' lang='lat' dir='ltr'><strong>pretati</strong></span> <span class='ocrx_word' id='word_1_380' title='bbox 491 4425 637 4476; x_wconf 86' lang='lat' dir='ltr'><strong>sunt</strong></span> <span class='ocrx_word' id='word_1_381' title='bbox 660 4421 894 4503; x_wconf 82' lang='lat' dir='ltr'><strong>(nempe</strong></span> <span class='ocrx_word' id='word_1_382' title='bbox 926 4418 1452 4503; x_wconf 35' lang='lat' dir='ltr'><strong>LXXLmasc-ulinq</strong></span> <span class='ocrx_word' id='word_1_383' title='bbox 1476 4418 1651 4500; x_wconf 67' lang='lat' dir='ltr'><strong>illud,</strong></span> <span class='ocrx_word' id='word_1_384' title='bbox 1677 4424 1741 4474; x_wconf 89' lang='lat' dir='ltr'><strong>ut</strong></span> <span class='ocrx_word' id='word_1_385' title='bbox 1771 4424 1894 4501; x_wconf 80' lang='lat' dir='ltr'><strong>erat</strong></span> 
     </span>
    </p>
   </div>
   <div class='ocr_carea' id='block_1_51' title="bbox 244 4490 1891 4564">
    <p class='ocr_par' dir='ltr' id='par_1_51' title="bbox 244 4490 1891 4564">
     <span class='ocr_line' id='line_1_51' title="bbox 244 4490 1891 4564; baseline -0.002 -16"><span class='ocrx_word' id='word_1_386' title='bbox 244 4490 308 4548; x_wconf 82' lang='lat' dir='ltr'><strong>in</strong></span> <span class='ocrx_word' id='word_1_387' title='bbox 340 4491 597 4559; x_wconf 59' lang='lat' dir='ltr'><strong>Hebraeo,</strong></span> <span class='ocrx_word' id='word_1_388' title='bbox 629 4490 841 4564; x_wconf 73' lang='lat' dir='ltr'><strong>genere</strong></span> <span class='ocrx_word' id='word_1_389' title='bbox 867 4490 1316 4546; x_wconf 88' lang='lat' dir='ltr'><strong>transtulerunt.</strong></span> <span class='ocrx_word' id='word_1_390' title='bbox 1340 4513 1381 4564; x_wconf 55' lang='lat'><strong>33</strong></span> <span class='ocrx_word' id='word_1_391' title='bbox 1413 4490 1689 4564; x_wconf 88' lang='lat' dir='ltr'><strong>Quamvis</strong></span> <span class='ocrx_word' id='word_1_392' title='bbox 1735 4490 1891 4546; x_wconf 90' lang='lat' dir='ltr'><strong>enim</strong></span> 
     </span>
    </p>
   </div>
   <div class='ocr_carea' id='block_1_52' title="bbox 1989 602 3632 676">
    <p class='ocr_par' dir='ltr' id='par_1_52' title="bbox 1989 602 3632 676">
     <span class='ocr_line' id='line_1_52' title="bbox 1989 602 3632 676; baseline 0.001 -17"><span class='ocrx_word' id='word_1_393' title='bbox 1989 609 2188 660; x_wconf 85' lang='lat' dir='ltr'><strong>nostro</strong></span> <span class='ocrx_word' id='word_1_394' title='bbox 2219 603 2512 660; x_wconf 80' lang='lat' dir='ltr'><strong>volumine</strong></span> <span class='ocrx_word' id='word_1_395' title='bbox 2542 602 2847 676; x_wconf 90' lang='lat' dir='ltr'><strong>reperitur,</strong></span> <span class='ocrx_word' id='word_1_396' title='bbox 2880 625 2908 653; x_wconf 92' lang='grc'><strong>‹‹</strong></span> <span class='ocrx_word' id='word_1_397' title='bbox 2940 603 3334 661; x_wconf 86' lang='lat' dir='ltr'><strong>Transeamus</strong></span> <span class='ocrx_word' id='word_1_398' title='bbox 3380 603 3440 660; x_wconf 91' lang='lat' dir='ltr'><strong>in</strong></span> <span class='ocrx_word' id='word_1_399' title='bbox 3468 619 3632 661; x_wconf 82' lang='lat' dir='ltr'><strong>eam-</strong></span> 
     </span>
    </p>
   </div>
   <div class='ocr_carea' id='block_1_53' title="bbox 1989 710 2208 764">
    <p class='ocr_par' dir='ltr' id='par_1_53' title="bbox 1989 710 2208 764">
     <span class='ocr_line' id='line_1_53' title="bbox 1989 710 2208 764; baseline -0.005 -17"><span class='ocrx_word' id='word_1_400' title='bbox 1989 710 2153 764; x_wconf 89' lang='lat' dir='ltr'><strong>pum.</strong></span> <span class='ocrx_word' id='word_1_401' title='bbox 2180 714 2208 741; x_wconf 87' lang='lat'>»</span> 
     </span>
    </p>
   </div>
   <div class='ocr_carea' id='block_1_54' title="bbox 2062 780 3633 855">
    <p class='ocr_par' dir='ltr' id='par_1_54' title="bbox 2062 780 3633 855">
     <span class='ocr_line' id='line_1_54' title="bbox 2062 780 3633 855; baseline 0.004 -21"><span class='ocrx_word' id='word_1_402' title='bbox 2062 781 2246 852; x_wconf 83' lang='lat' dir='ltr'><strong>(Vers.</strong></span> <span class='ocrx_word' id='word_1_403' title='bbox 2279 782 2388 852; x_wconf 85' lang='grc'>15.)</span> <span class='ocrx_word' id='word_1_404' title='bbox 2420 804 2447 831; x_wconf 87' lang='grc'><strong>‹‹</strong></span> <span class='ocrx_word' id='word_1_405' title='bbox 2482 781 2684 838; x_wconf 87' lang='lat' dir='ltr'><strong>Omnis</strong></span> <span class='ocrx_word' id='word_1_406' title='bbox 2724 780 2827 853; x_wconf 88' lang='lat' dir='ltr'><strong>qui</strong></span> <span class='ocrx_word' id='word_1_407' title='bbox 2873 782 3147 837; x_wconf 87' lang='lat' dir='ltr'><strong>occiderit</strong></span> <span class='ocrx_word' id='word_1_408' title='bbox 3196 781 3355 849; x_wconf 86' lang='lat' dir='ltr'><strong>Cain,</strong></span> <span class='ocrx_word' id='word_1_409' title='bbox 3405 787 3633 855; x_wconf 87' lang='lat' dir='ltr'><strong>septem</strong></span> 
     </span>
    </p>
   </div>
   <div class='ocr_carea' id='block_1_55' title="bbox 1989 865 3725 942">
    <p class='ocr_par' dir='ltr' id='par_1_55' title="bbox 1989 865 3725 942">
     <span class='ocr_line' id='line_1_55' title="bbox 1989 865 3725 942; baseline 0.003 -17"><span class='ocrx_word' id='word_1_410' title='bbox 1989 869 2279 925; x_wconf 84' lang='lat' dir='ltr'><strong>vindictas</strong></span> <span class='ocrx_word' id='word_1_411' title='bbox 2311 870 2586 926; x_wconf 86' lang='lat' dir='ltr'><strong>exsolvet.</strong></span> <span class='ocrx_word' id='word_1_412' title='bbox 2622 892 2650 919; x_wconf 85' lang='lat'><strong>»</strong></span> <span class='ocrx_word' id='word_1_413' title='bbox 2682 871 2793 926; x_wconf 89' lang='lat' dir='ltr'><strong>Pro</strong></span> <span class='ocrx_word' id='word_1_414' title='bbox 2822 875 3043 942; x_wconf 83' lang='lat' dir='ltr'><strong>septem</strong></span> <span class='ocrx_word' id='word_1_415' title='bbox 3074 870 3370 926; x_wconf 89' lang='lat' dir='ltr'><strong>vindictis.</strong></span> <span class='ocrx_word' id='word_1_416' title='bbox 3416 871 3636 942; x_wconf 64' lang='lat' dir='ltr'><strong>Aquila</strong></span> <span class='ocrx_word' id='word_1_417' title='bbox 3719 865 3725 870; x_wconf 59' lang='grc'><em>’</em></span> 
     </span>
    </p>
   </div>
   <div class='ocr_carea' id='block_1_56' title="bbox 1989 959 3638 1033">
    <p class='ocr_par' dir='ltr' id='par_1_56' title="bbox 1989 959 3638 1033">
     <span class='ocr_line' id='line_1_56' title="bbox 1989 959 3638 1033; baseline 0.002 -19"><span class='ocrx_word' id='word_1_418' title='bbox 1989 959 2831 1031; x_wconf 80' lang='lat' dir='ltr'><strong>septempliciterinterpretatus</strong></span> <span class='ocrx_word' id='word_1_419' title='bbox 2844 963 2933 1016; x_wconf 89' lang='lat' dir='ltr'><strong>est</strong></span> <span class='ocrx_word' id='word_1_420' title='bbox 2950 967 2973 1000; x_wconf 73' lang='grc'><strong>⁴</strong></span> <span class='ocrx_word' id='word_1_421' title='bbox 2995 978 3008 1015; x_wconf 91' lang='lat'><strong>:</strong></span> <span class='ocrx_word' id='word_1_422' title='bbox 3042 959 3450 1031; x_wconf 77' lang='lat' dir='ltr'><strong>Symmachus,</strong></span> <span class='ocrx_word' id='word_1_423' title='bbox 3476 963 3638 1033; x_wconf 69' lang='lat' dir='ltr'><strong>septi-</strong></span> 
     </span>
    </p>
   </div>
   <div class='ocr_carea' id='block_1_57' title="bbox 1990 1048 3636 1121">
    <p class='ocr_par' dir='ltr' id='par_1_57' title="bbox 1990 1048 3636 1121">
     <span class='ocr_line' id='line_1_57' title="bbox 1990 1048 3636 1121; baseline 0.001 -18"><span class='ocrx_word' id='word_1_424' title='bbox 1990 1065 2179 1103; x_wconf 86' lang='lat' dir='ltr'><strong>mum:</strong></span> <span class='ocrx_word' id='word_1_425' title='bbox 2218 1048 2562 1116; x_wconf 88' lang='lat' dir='ltr'><strong>Theodotio,</strong></span> <span class='ocrx_word' id='word_1_426' title='bbox 2590 1065 2693 1121; x_wconf 74' lang='lat' dir='ltr'><strong>per</strong></span> <span class='ocrx_word' id='word_1_427' title='bbox 2718 1048 3125 1104; x_wconf 86' lang='lat' dir='ltr'><strong>hebdomadem.</strong></span> <span class='ocrx_word' id='word_1_428' title='bbox 3157 1049 3345 1119; x_wconf 90' lang='lat' dir='ltr'><strong>Super</strong></span> <span class='ocrx_word' id='word_1_429' title='bbox 3390 1065 3507 1120; x_wconf 90' lang='lat' dir='ltr'><strong>quo</strong></span> <span class='ocrx_word' id='word_1_430' title='bbox 3538 1064 3636 1105; x_wconf 90' lang='lat' dir='ltr'><strong>ca-</strong></span> 
     </span>
    </p>
   </div>
   <div class='ocr_carea' id='block_1_58' title="bbox 1993 1136 3635 1209">
    <p class='ocr_par' dir='ltr' id='par_1_58' title="bbox 1993 1136 3635 1209">
     <span class='ocr_line' id='line_1_58' title="bbox 1993 1136 3635 1209; baseline 0.002 -17"><span class='ocrx_word' id='word_1_431' title='bbox 1993 1136 2177 1209; x_wconf 90' lang='lat' dir='ltr'><strong>pitulo</strong></span> <span class='ocrx_word' id='word_1_432' title='bbox 2227 1142 2418 1193; x_wconf 84' lang='lat' dir='ltr'><strong>exstat</strong></span> <span class='ocrx_word' id='word_1_433' title='bbox 2464 1137 2719 1209; x_wconf 86' lang='lat' dir='ltr'><strong>Epistola</strong></span> <span class='ocrx_word' id='word_1_434' title='bbox 2774 1142 2974 1193; x_wconf 89' lang='lat' dir='ltr'><strong>nostra</strong></span> <span class='ocrx_word' id='word_1_435' title='bbox 3025 1138 3096 1193; x_wconf 90' lang='lat' dir='ltr'><strong>ad</strong></span> <span class='ocrx_word' id='word_1_436' title='bbox 3147 1136 3493 1209; x_wconf 86' lang='lat' dir='ltr'><strong>episcopum</strong></span> <span class='ocrx_word' id='word_1_437' title='bbox 3522 1137 3635 1195; x_wconf 68' lang='grc' dir='ltr'><strong>Βα-</strong></span> 
     </span>
    </p>
   </div>
   <div class='ocr_carea' id='block_1_59' title="bbox 1994 1242 2244 1282">
    <p class='ocr_par' dir='ltr' id='par_1_59' title="bbox 1994 1242 2244 1282">
     <span class='ocr_line' id='line_1_59' title="bbox 1994 1242 2244 1282; baseline 0.004 -1"><span class='ocrx_word' id='word_1_438' title='bbox 1994 1242 2244 1282; x_wconf 84' lang='lat' dir='ltr'><strong>masum.</strong></span> 
     </span>
    </p>
   </div>
   <div class='ocr_carea' id='block_1_60' title="bbox 2065 1313 3638 1387">
    <p class='ocr_par' dir='ltr' id='par_1_60' title="bbox 2065 1313 3638 1387">
     <span class='ocr_line' id='line_1_60' title="bbox 2065 1313 3638 1387; baseline 0.003 -20"><span class='ocrx_word' id='word_1_439' title='bbox 2065 1315 2249 1386; x_wconf 84' lang='lat' dir='ltr'><strong>(Vere.</strong></span> <span class='ocrx_word' id='word_1_440' title='bbox 2293 1314 2395 1387; x_wconf 73' lang='lat'><strong>16.)</strong></span> <span class='ocrx_word' id='word_1_441' title='bbox 2430 1338 2457 1364; x_wconf 86' lang='lat'>«</span> <span class='ocrx_word' id='word_1_442' title='bbox 2490 1314 2561 1368; x_wconf 91' lang='lat' dir='ltr'><strong>Et</strong></span> <span class='ocrx_word' id='word_1_443' title='bbox 2600 1313 2883 1369; x_wconf 85' lang='lat' dir='ltr'><strong>habitavit</strong></span> <span class='ocrx_word' id='word_1_444' title='bbox 2926 1314 2986 1369; x_wconf 89' lang='lat' dir='ltr'><strong>in</strong></span> <span class='ocrx_word' id='word_1_445' title='bbox 3034 1318 3191 1371; x_wconf 87' lang='lat' dir='ltr'><strong>terra</strong></span> <span class='ocrx_word' id='word_1_446' title='bbox 3209 1314 3378 1371; x_wconf 88' lang='lat' dir='ltr'><strong>Naid.</strong></span> <span class='ocrx_word' id='word_1_447' title='bbox 3411 1337 3439 1366; x_wconf 83' lang='lat'><strong>»</strong></span> <span class='ocrx_word' id='word_1_448' title='bbox 3474 1316 3638 1383; x_wconf 89' lang='lat' dir='ltr'><strong>Quod</strong></span> 
     </span>
    </p>
   </div>
   <div class='ocr_carea' id='block_1_61' title="bbox 1994 1402 3637 1475">
    <p class='ocr_par' dir='ltr' id='par_1_61' title="bbox 1994 1402 3637 1475">
     <span class='ocr_line' id='line_1_61' title="bbox 1994 1402 3637 1475; baseline 0.001 -16"><span class='ocrx_word' id='word_1_449' title='bbox 1994 1404 2373 1475; x_wconf 89' lang='lat' dir='ltr'><strong>Septuaginta</strong></span> <span class='ocrx_word' id='word_1_450' title='bbox 2427 1403 2574 1459; x_wconf 84' lang='lat' dir='ltr'><strong>Naid</strong></span> <span class='ocrx_word' id='word_1_451' title='bbox 2606 1402 3056 1467; x_wconf 90' lang='lat' dir='ltr'><strong>transtulerunt,</strong></span> <span class='ocrx_word' id='word_1_452' title='bbox 3127 1402 3186 1458; x_wconf 95' lang='lat' dir='ltr'><strong>in</strong></span> <span class='ocrx_word' id='word_1_453' title='bbox 3216 1404 3457 1460; x_wconf 58' lang='lat' dir='ltr'><strong>Hebraeo</strong></span> <span class='ocrx_word' id='word_1_454' title='bbox 3515 1420 3637 1461; x_wconf 66' lang='lat' dir='ltr'><strong>non</strong></span> 
     </span>
    </p>
   </div>
   <div class='ocr_carea' id='block_1_62' title="bbox 1994 1488 3643 1565">
    <p class='ocr_par' dir='ltr' id='par_1_62' title="bbox 1994 1488 3643 1565">
     <span class='ocr_line' id='line_1_62' title="bbox 1994 1488 3643 1565; baseline 0.001 -15"><span class='ocrx_word' id='word_1_455' title='bbox 1994 1493 2407 1563; x_wconf 77' lang='lat' dir='ltr'><strong>(&#39;m)dicitur:</strong></span> <span class='ocrx_word' id='word_1_456' title='bbox 2442 1496 2498 1548; x_wconf 89' lang='lat' dir='ltr'><strong>et</strong></span> <span class='ocrx_word' id='word_1_457' title='bbox 2545 1493 2961 1564; x_wconf 86' lang='lat' dir='ltr'><strong>interpretatur</strong></span> <span class='ocrx_word' id='word_1_458' title='bbox 3013 1488 3402 1565; x_wconf 76' lang='grc' dir='ltr'><strong>σαλευόμενος,</strong></span> <span class='ocrx_word' id='word_1_459' title='bbox 3455 1493 3515 1549; x_wconf 88' lang='lat' dir='ltr'><strong>id</strong></span> <span class='ocrx_word' id='word_1_460' title='bbox 3552 1498 3643 1551; x_wconf 75' lang='lat' dir='ltr'><strong>est</strong></span> 
     </span>
    </p>
   </div>
   <div class='ocr_carea' id='block_1_63' title="bbox 1997 1580 3644 1651">
    <p class='ocr_par' dir='ltr' id='par_1_63' title="bbox 1997 1580 3644 1651">
     <span class='ocr_line' id='line_1_63' title="bbox 1997 1580 3644 1651; baseline 0.002 -15"><span class='ocrx_word' id='word_1_461' title='bbox 1997 1580 2294 1637; x_wconf 89' lang='lat' dir='ltr'><strong>instabilis</strong></span> <span class='ocrx_word' id='word_1_462' title='bbox 2323 1585 2381 1636; x_wconf 89' lang='lat' dir='ltr'><strong>et</strong></span> <span class='ocrx_word' id='word_1_463' title='bbox 2409 1580 2724 1651; x_wconf 84' lang='lat' dir='ltr'><strong>ﬂuctuans,</strong></span> <span class='ocrx_word' id='word_1_464' title='bbox 2778 1598 2843 1637; x_wconf 88' lang='lat' dir='ltr'><strong>ac</strong></span> <span class='ocrx_word' id='word_1_465' title='bbox 2885 1582 3044 1637; x_wconf 87' lang='lat' dir='ltr'><strong>sedis</strong></span> <span class='ocrx_word' id='word_1_466' title='bbox 3095 1582 3348 1638; x_wconf 72' lang='lat' dir='ltr'><strong>incertae.</strong></span> <span class='ocrx_word' id='word_1_467' title='bbox 3402 1583 3531 1642; x_wconf 84' lang='lat' dir='ltr'><strong>Non</strong></span> <span class='ocrx_word' id='word_1_468' title='bbox 3550 1588 3644 1640; x_wconf 82' lang='lat' dir='ltr'><strong>est</strong></span> 
     </span>
    </p>
   </div>
   <div class='ocr_carea' id='block_1_64' title="bbox 1996 1668 3641 1743">
    <p class='ocr_par' dir='ltr' id='par_1_64' title="bbox 1996 1668 3641 1743">
     <span class='ocr_line' id='line_1_64' title="bbox 1996 1668 3641 1743; baseline 0.002 -19"><span class='ocrx_word' id='word_1_469' title='bbox 1996 1670 2177 1743; x_wconf 88' lang='lat' dir='ltr'><strong>igitur</strong></span> <span class='ocrx_word' id='word_1_470' title='bbox 2218 1675 2374 1725; x_wconf 88' lang='lat' dir='ltr'><strong>terra</strong></span> <span class='ocrx_word' id='word_1_471' title='bbox 2420 1670 2624 1738; x_wconf 58' lang='lat' dir='ltr'><strong>Naid“,</strong></span> <span class='ocrx_word' id='word_1_472' title='bbox 2678 1674 2744 1725; x_wconf 93' lang='lat' dir='ltr'><strong>ut</strong></span> <span class='ocrx_word' id='word_1_473' title='bbox 2788 1668 3002 1742; x_wconf 88' lang='lat' dir='ltr'><strong>vulgus</strong></span> <span class='ocrx_word' id='word_1_474' title='bbox 3050 1676 3385 1727; x_wconf 89' lang='lat' dir='ltr'><strong>nostrorum</strong></span> <span class='ocrx_word' id='word_1_475' title='bbox 3432 1674 3641 1743; x_wconf 84' lang='lat' dir='ltr'><strong>putat;</strong></span> 
     </span>
    </p>
   </div>
   <div class='ocr_carea' id='block_1_65' title="bbox 1999 1758 3643 1833">
    <p class='ocr_par' dir='ltr' id='par_1_65' title="bbox 1999 1758 3643 1833">
     <span class='ocr_line' id='line_1_65' title="bbox 1999 1758 3643 1833; baseline 0 -17"><span class='ocrx_word' id='word_1_476' title='bbox 1999 1760 2100 1816; x_wconf 90' lang='lat' dir='ltr'><strong>sed</strong></span> <span class='ocrx_word' id='word_1_477' title='bbox 2133 1758 2397 1831; x_wconf 84' lang='lat' dir='ltr'><strong>expletur</strong></span> <span class='ocrx_word' id='word_1_478' title='bbox 2429 1758 2718 1815; x_wconf 88' lang='lat' dir='ltr'><strong>sententia</strong></span> <span class='ocrx_word' id='word_1_479' title='bbox 2763 1759 2886 1826; x_wconf 89' lang='lat' dir='ltr'><strong>Dei,</strong></span> <span class='ocrx_word' id='word_1_480' title='bbox 2932 1760 3087 1829; x_wconf 87' lang='lat' dir='ltr'><strong>quod</strong></span> <span class='ocrx_word' id='word_1_481' title='bbox 3138 1760 3256 1816; x_wconf 89' lang='lat' dir='ltr'><strong>huc</strong></span> <span class='ocrx_word' id='word_1_482' title='bbox 3295 1764 3473 1833; x_wconf 87' lang='lat' dir='ltr'><strong>atque</strong></span> <span class='ocrx_word' id='word_1_483' title='bbox 3500 1759 3643 1816; x_wconf 84' lang='lat' dir='ltr'><strong>illuc</strong></span> 
     </span>
    </p>
   </div>
   <div class='ocr_carea' id='block_1_66' title="bbox 1997 1848 2917 1921">
    <p class='ocr_par' dir='ltr' id='par_1_66' title="bbox 1997 1848 2917 1921">
     <span class='ocr_line' id='line_1_66' title="bbox 1997 1848 2917 1921; baseline -0.003 -16"><span class='ocrx_word' id='word_1_484' title='bbox 1997 1865 2182 1921; x_wconf 84' lang='lat' dir='ltr'><strong>vagus</strong></span> <span class='ocrx_word' id='word_1_485' title='bbox 2210 1852 2270 1904; x_wconf 90' lang='lat' dir='ltr'><strong>et</strong></span> <span class='ocrx_word' id='word_1_486' title='bbox 2300 1849 2584 1921; x_wconf 86' lang='lat' dir='ltr'><strong>profugus</strong></span> <span class='ocrx_word' id='word_1_487' title='bbox 2612 1848 2917 1903; x_wconf 89' lang='lat' dir='ltr'><strong>oberravit.</strong></span> 
     </span>
    </p>
   </div>
   <div class='ocr_carea' id='block_1_67' title="bbox 2071 1937 3647 2010">
    <p class='ocr_par' dir='ltr' id='par_1_67' title="bbox 2071 1937 3647 2010">
     <span class='ocr_line' id='line_1_67' title="bbox 2071 1937 3647 2010; baseline 0.004 -19"><span class='ocrx_word' id='word_1_488' title='bbox 2071 1938 2257 2010; x_wconf 90' lang='lat' dir='ltr'><strong>(Vers.</strong></span> <span class='ocrx_word' id='word_1_489' title='bbox 2307 1937 2427 2009; x_wconf 90' lang='lat'><strong>25.)</strong></span> <span class='ocrx_word' id='word_1_490' title='bbox 2475 1937 2545 1991; x_wconf 88' lang='lat' dir='ltr'>Et</span> <span class='ocrx_word' id='word_1_491' title='bbox 2591 1937 2816 1992; x_wconf 89' lang='lat' dir='ltr'><strong>vocavit</strong></span> <span class='ocrx_word' id='word_1_492' title='bbox 2870 1952 3083 1993; x_wconf 87' lang='lat' dir='ltr'><strong>nomen</strong></span> <span class='ocrx_word' id='word_1_493' title='bbox 3130 1938 3262 2009; x_wconf 84' lang='lat' dir='ltr'><strong>ejus</strong></span> <span class='ocrx_word' id='word_1_494' title='bbox 3308 1938 3465 1994; x_wconf 89' lang='lat' dir='ltr'><strong>Seth.</strong></span> <span class='ocrx_word' id='word_1_495' title='bbox 3501 1940 3647 1999; x_wconf 77' lang='lat' dir='ltr'><strong>Sus-</strong></span> 
     </span>
    </p>
   </div>
   <div class='ocr_carea' id='block_1_68' title="bbox 1999 2024 3647 2100">
    <p class='ocr_par' dir='ltr' id='par_1_68' title="bbox 1999 2024 3647 2100">
     <span class='ocr_line' id='line_1_68' title="bbox 1999 2024 3647 2100; baseline 0.001 -17"><span class='ocrx_word' id='word_1_496' title='bbox 1999 2027 2199 2083; x_wconf 88' lang='lat' dir='ltr'><strong>citavit</strong></span> <span class='ocrx_word' id='word_1_497' title='bbox 2228 2025 2382 2080; x_wconf 90' lang='lat' dir='ltr'><strong>enim</strong></span> <span class='ocrx_word' id='word_1_498' title='bbox 2410 2024 2552 2079; x_wconf 92' lang='lat' dir='ltr'><strong>mihi</strong></span> <span class='ocrx_word' id='word_1_499' title='bbox 2576 2025 2731 2081; x_wconf 91' lang='lat' dir='ltr'><strong>Deus</strong></span> <span class='ocrx_word' id='word_1_500' title='bbox 2753 2042 2951 2081; x_wconf 89' lang='lat' dir='ltr'><strong>semen</strong></span> <span class='ocrx_word' id='word_1_501' title='bbox 2979 2025 3138 2081; x_wconf 89' lang='lat' dir='ltr'><strong>aliud</strong></span> <span class='ocrx_word' id='word_1_502' title='bbox 3161 2043 3265 2098; x_wconf 92' lang='lat' dir='ltr'><strong>pro</strong></span> <span class='ocrx_word' id='word_1_503' title='bbox 3285 2027 3447 2096; x_wconf 85' lang='lat' dir='ltr'><strong>Abel,</strong></span> <span class='ocrx_word' id='word_1_504' title='bbox 3469 2042 3647 2100; x_wconf 84' lang='lat' dir='ltr'><strong>quem</strong></span> 
     </span>
    </p>
   </div>
   <div class='ocr_carea' id='block_1_69' title="bbox 2000 2114 3645 2187">
    <p class='ocr_par' dir='ltr' id='par_1_69' title="bbox 2000 2114 3645 2187">
     <span class='ocr_line' id='line_1_69' title="bbox 2000 2114 3645 2187; baseline 0.002 -17"><span class='ocrx_word' id='word_1_505' title='bbox 2000 2114 2210 2171; x_wconf 90' lang='lat' dir='ltr'><strong>occidit</strong></span> <span class='ocrx_word' id='word_1_506' title='bbox 2256 2116 2418 2171; x_wconf 73' lang='lat' dir='ltr'><strong>Cain.</strong></span> <span class='ocrx_word' id='word_1_507' title='bbox 2450 2136 2477 2162; x_wconf 89' lang='grc'><strong>››</strong></span> <span class='ocrx_word' id='word_1_508' title='bbox 2528 2114 2673 2169; x_wconf 82' lang='lat' dir='ltr'><strong>SETH</strong></span> <span class='ocrx_word' id='word_1_509' title='bbox 2714 2115 2855 2181; x_wconf 70' lang='lat' dir='ltr'><strong>(me)</strong></span> <span class='ocrx_word' id='word_1_510' title='bbox 2906 2115 3138 2187; x_wconf 88' lang='lat' dir='ltr'><strong>proprie</strong></span> <span class='ocrx_word' id='word_1_511' title='bbox 3204 2115 3370 2182; x_wconf 79' lang='grc' dir='ltr'>θέσις,</span> <span class='ocrx_word' id='word_1_512' title='bbox 3420 2117 3477 2172; x_wconf 91' lang='lat' dir='ltr'><strong>id</strong></span> <span class='ocrx_word' id='word_1_513' title='bbox 3536 2121 3645 2185; x_wconf 89' lang='lat' dir='ltr'><strong>est,</strong></span> 
     </span>
    </p>
   </div>
   <div class='ocr_carea' id='block_1_70' title="bbox 1995 2201 3648 2276">
    <p class='ocr_par' dir='ltr' id='par_1_70' title="bbox 1995 2201 3648 2276">
     <span class='ocr_line' id='line_1_70' title="bbox 1995 2201 3648 2276; baseline 0.001 -17"><span class='ocrx_word' id='word_1_514' title='bbox 1995 2206 2193 2275; x_wconf 79' lang='lat' dir='ltr'><strong>positio</strong></span> <span class='ocrx_word' id='word_1_515' title='bbox 2226 2203 2460 2257; x_wconf 81' lang='lat' dir='ltr'><strong>dicitur.</strong></span> <span class='ocrx_word' id='word_1_516' title='bbox 2492 2201 2641 2265; x_wconf 88' lang='lat' dir='ltr'><strong>Quia</strong></span> <span class='ocrx_word' id='word_1_517' title='bbox 2668 2202 2846 2273; x_wconf 89' lang='lat' dir='ltr'><strong>igitur</strong></span> <span class='ocrx_word' id='word_1_518' title='bbox 2880 2206 3155 2273; x_wconf 80' lang='lat' dir='ltr'><strong>posuerat</strong></span> <span class='ocrx_word' id='word_1_519' title='bbox 3176 2219 3309 2258; x_wconf 90' lang='lat' dir='ltr'><strong>eum</strong></span> <span class='ocrx_word' id='word_1_520' title='bbox 3358 2203 3516 2260; x_wconf 87' lang='lat' dir='ltr'><strong>Deus</strong></span> <span class='ocrx_word' id='word_1_521' title='bbox 3542 2220 3648 2276; x_wconf 88' lang='lat' dir='ltr'><strong>pro</strong></span> 
     </span>
    </p>
   </div>
   <div class='ocr_carea' id='block_1_71' title="bbox 1999 2290 3644 2364">
    <p class='ocr_par' dir='ltr' id='par_1_71' title="bbox 1999 2290 3644 2364">
     <span class='ocr_line' id='line_1_71' title="bbox 1999 2290 3644 2364; baseline 0 -16"><span class='ocrx_word' id='word_1_522' title='bbox 1999 2292 2162 2360; x_wconf 87' lang='lat' dir='ltr'><strong>Abel,</strong></span> <span class='ocrx_word' id='word_1_523' title='bbox 2209 2295 2515 2364; x_wconf 86' lang='lat' dir='ltr'><strong>propterea</strong></span> <span class='ocrx_word' id='word_1_524' title='bbox 2561 2308 2720 2357; x_wconf 78' lang='lat' dir='ltr'><strong>seru,</strong></span> <span class='ocrx_word' id='word_1_525' title='bbox 2771 2290 2829 2345; x_wconf 91' lang='lat' dir='ltr'><strong>id</strong></span> <span class='ocrx_word' id='word_1_526' title='bbox 2875 2296 2984 2357; x_wconf 89' lang='lat' dir='ltr'><strong>est,</strong></span> <span class='ocrx_word' id='word_1_527' title='bbox 3045 2292 3242 2362; x_wconf 79' lang='lat' dir='ltr'><strong>positio</strong></span> <span class='ocrx_word' id='word_1_528' title='bbox 3297 2291 3644 2363; x_wconf 78' lang='lat' dir='ltr'><strong>appellatur.</strong></span> 
     </span>
    </p>
   </div>
   <div class='ocr_carea' id='block_1_72' title="bbox 2002 2379 3647 2453">
    <p class='ocr_par' dir='ltr' id='par_1_72' title="bbox 2002 2379 3647 2453">
     <span class='ocr_line' id='line_1_72' title="bbox 2002 2379 3647 2453; baseline 0.001 -17"><span class='ocrx_word' id='word_1_529' title='bbox 2002 2382 2264 2453; x_wconf 88' lang='lat' dir='ltr'><strong>Denique</strong></span> <span class='ocrx_word' id='word_1_530' title='bbox 2290 2379 2502 2452; x_wconf 91' lang='lat' dir='ltr'><strong>Aquila</strong></span> <span class='ocrx_word' id='word_1_531' title='bbox 2524 2397 2543 2433; x_wconf 68' lang='grc' dir='ltr'>ι</span> <span class='ocrx_word' id='word_1_532' title='bbox 2578 2401 2600 2430; x_wconf 72' lang='grc' dir='ltr'>ε</span> <span class='ocrx_word' id='word_1_533' title='bbox 2634 2382 2703 2434; x_wconf 87' lang='lat' dir='ltr'><strong>Et</strong></span> <span class='ocrx_word' id='word_1_534' title='bbox 2732 2379 2972 2448; x_wconf 89' lang='lat' dir='ltr'><strong>vocavit,</strong></span> <span class='ocrx_word' id='word_1_535' title='bbox 3006 2380 3217 2451; x_wconf 88' lang='lat' dir='ltr'><strong>inquit,</strong></span> <span class='ocrx_word' id='word_1_536' title='bbox 3264 2397 3477 2436; x_wconf 89' lang='lat' dir='ltr'><strong>nomen</strong></span> <span class='ocrx_word' id='word_1_537' title='bbox 3517 2381 3647 2451; x_wconf 77' lang='lat' dir='ltr'><strong>ejus</strong></span> 
     </span>
    </p>
   </div>
   <div class='ocr_carea' id='block_1_73' title="bbox 2001 2467 3644 2540">
    <p class='ocr_par' dir='ltr' id='par_1_73' title="bbox 2001 2467 3644 2540">
     <span class='ocr_line' id='line_1_73' title="bbox 2001 2467 3644 2540; baseline -0.002 -15"><span class='ocrx_word' id='word_1_538' title='bbox 2001 2470 2158 2537; x_wconf 84' lang='lat' dir='ltr'><strong>Seth,</strong></span> <span class='ocrx_word' id='word_1_539' title='bbox 2191 2470 2430 2525; x_wconf 89' lang='lat' dir='ltr'><strong>dicens:</strong></span> <span class='ocrx_word' id='word_1_540' title='bbox 2482 2468 2631 2534; x_wconf 90' lang='lat' dir='ltr'><strong>Quia</strong></span> <span class='ocrx_word' id='word_1_541' title='bbox 2676 2468 2873 2540; x_wconf 85' lang='lat' dir='ltr'><strong>posuit</strong></span> <span class='ocrx_word' id='word_1_542' title='bbox 2915 2467 3061 2523; x_wconf 89' lang='lat' dir='ltr'><strong>mihi</strong></span> <span class='ocrx_word' id='word_1_543' title='bbox 3112 2469 3264 2525; x_wconf 91' lang='lat' dir='ltr'><strong>Deus</strong></span> <span class='ocrx_word' id='word_1_544' title='bbox 3312 2485 3511 2525; x_wconf 88' lang='lat' dir='ltr'><strong>semen</strong></span> <span class='ocrx_word' id='word_1_545' title='bbox 3559 2469 3644 2526; x_wconf 54' lang='lat' dir='ltr'><strong>al,</strong></span> 
     </span>
    </p>
   </div>
   <div class='ocr_carea' id='block_1_74' title="bbox 2003 2565 2279 2615">
    <p class='ocr_par' dir='ltr' id='par_1_74' title="bbox 2003 2565 2279 2615">
     <span class='ocr_line' id='line_1_74' title="bbox 2003 2565 2279 2615; baseline -0.007 0"><span class='ocrx_word' id='word_1_546' title='bbox 2003 2565 2213 2615; x_wconf 91' lang='lat' dir='ltr'><strong>terum.</strong></span> <span class='ocrx_word' id='word_1_547' title='bbox 2251 2580 2279 2608; x_wconf 84' lang='lat'>»</span> 
     </span>
    </p>
   </div>
   <div class='ocr_carea' id='block_1_75' title="bbox 2075 2646 3648 2718">
    <p class='ocr_par' dir='ltr' id='par_1_75' title="bbox 2075 2646 3648 2718">
     <span class='ocr_line' id='line_1_75' title="bbox 2075 2646 3648 2718; baseline 0.002 -17"><span class='ocrx_word' id='word_1_548' title='bbox 2075 2648 2260 2717; x_wconf 88' lang='lat' dir='ltr'><strong>(Vers.</strong></span> <span class='ocrx_word' id='word_1_549' title='bbox 2292 2646 2408 2718; x_wconf 88' lang='lat'><strong>26.)</strong></span> <span class='ocrx_word' id='word_1_550' title='bbox 2440 2669 2468 2697; x_wconf 88' lang='grc'><strong>‹‹</strong></span> <span class='ocrx_word' id='word_1_551' title='bbox 2504 2647 2573 2702; x_wconf 87' lang='lat' dir='ltr'><strong>Et</strong></span> <span class='ocrx_word' id='word_1_552' title='bbox 2610 2646 2833 2702; x_wconf 89' lang='lat' dir='ltr'><strong>vocavit</strong></span> <span class='ocrx_word' id='word_1_553' title='bbox 2882 2662 3094 2703; x_wconf 88' lang='lat' dir='ltr'><strong>nomen</strong></span> <span class='ocrx_word' id='word_1_554' title='bbox 3141 2646 3270 2717; x_wconf 88' lang='lat' dir='ltr'><strong>ejus</strong></span> <span class='ocrx_word' id='word_1_555' title='bbox 3316 2646 3501 2703; x_wconf 87' lang='lat' dir='ltr'><strong>Enos:</strong></span> <span class='ocrx_word' id='word_1_556' title='bbox 3550 2647 3648 2705; x_wconf 88' lang='lat' dir='ltr'><strong>hie</strong></span> 
     </span>
    </p>
   </div>
   <div class='ocr_carea' id='block_1_76' title="bbox 2004 2735 3648 2811">
    <p class='ocr_par' dir='ltr' id='par_1_76' title="bbox 2004 2735 3648 2811">
     <span class='ocr_line' id='line_1_76' title="bbox 2004 2735 3648 2811; baseline -0.001 -16"><span class='ocrx_word' id='word_1_557' title='bbox 2004 2736 2261 2811; x_wconf 89' lang='lat' dir='ltr'><strong>speravit</strong></span> <span class='ocrx_word' id='word_1_558' title='bbox 2283 2736 2550 2792; x_wconf 89' lang='lat' dir='ltr'><strong>invocare</strong></span> <span class='ocrx_word' id='word_1_559' title='bbox 2574 2752 2786 2791; x_wconf 88' lang='lat' dir='ltr'><strong>nomen</strong></span> <span class='ocrx_word' id='word_1_560' title='bbox 2841 2736 3067 2791; x_wconf 88' lang='lat' dir='ltr'><strong>Domini</strong></span> <span class='ocrx_word' id='word_1_561' title='bbox 3115 2735 3235 2791; x_wconf 91' lang='lat' dir='ltr'><strong>Dei.</strong></span> <span class='ocrx_word' id='word_1_562' title='bbox 3273 2757 3301 2785; x_wconf 76' lang='lat' dir='ltr'><strong>n</strong></span> <span class='ocrx_word' id='word_1_563' title='bbox 3346 2736 3648 2801; x_wconf 88' lang='lat' dir='ltr'><strong>Quomodo</strong></span> 
     </span>
    </p>
   </div>
   <div class='ocr_carea' id='block_1_77' title="bbox 2002 2824 3649 2897">
    <p class='ocr_par' dir='ltr' id='par_1_77' title="bbox 2002 2824 3649 2897">
     <span class='ocr_line' id='line_1_77' title="bbox 2002 2824 3649 2897; baseline 0.001 -14"><span class='ocrx_word' id='word_1_564' title='bbox 2002 2844 2160 2883; x_wconf 80' lang='lat' dir='ltr'><strong>ADAM</strong></span> <span class='ocrx_word' id='word_1_565' title='bbox 2190 2826 2365 2897; x_wconf 56' lang='lat' dir='ltr'><strong>(me)</strong></span> <span class='ocrx_word' id='word_1_566' title='bbox 2397 2825 2571 2881; x_wconf 90' lang='lat' dir='ltr'><strong>homo</strong></span> <span class='ocrx_word' id='word_1_567' title='bbox 2602 2824 3019 2897; x_wconf 80' lang='lat' dir='ltr'><strong>interpretatur</strong></span> <span class='ocrx_word' id='word_1_568' title='bbox 3046 2842 3059 2880; x_wconf 91' lang='lat'><strong>:</strong></span> <span class='ocrx_word' id='word_1_569' title='bbox 3089 2825 3172 2880; x_wconf 90' lang='lat' dir='ltr'><strong>ita</strong></span> <span class='ocrx_word' id='word_1_570' title='bbox 3200 2828 3259 2880; x_wconf 88' lang='lat' dir='ltr'><strong>et</strong></span> <span class='ocrx_word' id='word_1_571' title='bbox 3284 2841 3430 2881; x_wconf 69' lang='lat' dir='ltr'><strong>suos</strong></span> <span class='ocrx_word' id='word_1_572' title='bbox 3450 2826 3649 2897; x_wconf 68' lang='lat' dir='ltr'><strong>(mna)</strong></span> 
     </span>
    </p>
   </div>
   <div class='ocr_carea' id='block_1_78' title="bbox 1995 2912 3649 2987">
    <p class='ocr_par' dir='ltr' id='par_1_78' title="bbox 1995 2912 3649 2987">
     <span class='ocr_line' id='line_1_78' title="bbox 1995 2912 3649 2987; baseline 0 -16"><span class='ocrx_word' id='word_1_573' title='bbox 1995 2916 2168 2987; x_wconf 84' lang='lat' dir='ltr'><strong>juxta</strong></span> <span class='ocrx_word' id='word_1_574' title='bbox 2192 2914 2442 2969; x_wconf 67' lang='lat' dir='ltr'><strong>Hebraeae</strong></span> <span class='ocrx_word' id='word_1_575' title='bbox 2471 2912 2686 2986; x_wconf 62' lang='lat' dir='ltr'><strong>linguai</strong></span> <span class='ocrx_word' id='word_1_576' title='bbox 2714 2914 3050 2971; x_wconf 88' lang='lat' dir='ltr'><strong>varietatem</strong></span> <span class='ocrx_word' id='word_1_577' title='bbox 3075 2915 3118 2983; x_wconf 76' lang='grc'>⁷,</span> <span class='ocrx_word' id='word_1_578' title='bbox 3149 2914 3308 2970; x_wconf 83' lang='lat' dir='ltr'><strong>homo</strong></span> <span class='ocrx_word' id='word_1_579' title='bbox 3332 2913 3424 2970; x_wconf 89' lang='lat' dir='ltr'><strong>vel</strong></span> <span class='ocrx_word' id='word_1_580' title='bbox 3451 2917 3539 2970; x_wconf 82' lang='lat' dir='ltr'><strong>vir</strong></span> <span class='ocrx_word' id='word_1_581' title='bbox 3566 2915 3649 2971; x_wconf 40' lang='lat' dir='ltr'><strong>die</strong></span> 
     </span>
    </p>
   </div>
   <div class='ocr_carea' id='block_1_79' title="bbox 2005 3001 3649 3075">
    <p class='ocr_par' dir='ltr' id='par_1_79' title="bbox 2005 3001 3649 3075">
     <span class='ocr_line' id='line_1_79' title="bbox 2005 3001 3649 3075; baseline 0.001 -15"><span class='ocrx_word' id='word_1_582' title='bbox 2005 3004 2178 3060; x_wconf 89' lang='lat' dir='ltr'><strong>citur.</strong></span> <span class='ocrx_word' id='word_1_583' title='bbox 2211 3004 2277 3058; x_wconf 90' lang='lat' dir='ltr'><strong>Et</strong></span> <span class='ocrx_word' id='word_1_584' title='bbox 2307 3001 2550 3075; x_wconf 88' lang='lat' dir='ltr'><strong>pulchre</strong></span> <span class='ocrx_word' id='word_1_585' title='bbox 2603 3003 2744 3074; x_wconf 89' lang='lat' dir='ltr'><strong>quia</strong></span> <span class='ocrx_word' id='word_1_586' title='bbox 2787 3002 2897 3058; x_wconf 92' lang='lat' dir='ltr'><strong>hoc</strong></span> <span class='ocrx_word' id='word_1_587' title='bbox 2948 3002 3299 3059; x_wconf 86' lang='lat' dir='ltr'><strong>vocabulum</strong></span> <span class='ocrx_word' id='word_1_588' title='bbox 3339 3002 3548 3060; x_wconf 85' lang='lat' dir='ltr'><strong>habuit</strong></span> <span class='ocrx_word' id='word_1_589' title='bbox 3576 3004 3649 3061; x_wconf 82' lang='lat' dir='ltr'><strong>de</strong></span> 
     </span>
    </p>
   </div>
   <div class='ocr_carea' id='block_1_80' title="bbox 2004 3089 3649 3163">
    <p class='ocr_par' dir='ltr' id='par_1_80' title="bbox 2004 3089 3649 3163">
     <span class='ocr_line' id='line_1_80' title="bbox 2004 3089 3649 3163; baseline 0 -16"><span class='ocrx_word' id='word_1_590' title='bbox 2004 3108 2071 3149; x_wconf 85' lang='lat' dir='ltr'><strong>eo</strong></span> <span class='ocrx_word' id='word_1_591' title='bbox 2113 3092 2403 3163; x_wconf 82' lang='lat' dir='ltr'><strong>scriptum</strong></span> <span class='ocrx_word' id='word_1_592' title='bbox 2447 3095 2558 3157; x_wconf 87' lang='lat' dir='ltr'><strong>est,</strong></span> <span class='ocrx_word' id='word_1_593' title='bbox 2601 3110 2622 3138; x_wconf 76' lang='grc' dir='ltr'>α</span> <span class='ocrx_word' id='word_1_594' title='bbox 2672 3091 2835 3146; x_wconf 91' lang='lat' dir='ltr'><strong>Tunc</strong></span> <span class='ocrx_word' id='word_1_595' title='bbox 2884 3090 3121 3146; x_wconf 87' lang='lat' dir='ltr'><strong>initium</strong></span> <span class='ocrx_word' id='word_1_596' title='bbox 3181 3090 3290 3145; x_wconf 81' lang='lat' dir='ltr'><strong>fuit</strong></span> <span class='ocrx_word' id='word_1_597' title='bbox 3336 3089 3649 3147; x_wconf 80' lang='lat' dir='ltr'><strong>invocandi</strong></span> 
     </span>
    </p>
   </div>
   <div class='ocr_carea' id='block_1_81' title="bbox 2006 3178 3650 3251">
    <p class='ocr_par' dir='ltr' id='par_1_81' title="bbox 2006 3178 3650 3251">
     <span class='ocr_line' id='line_1_81' title="bbox 2006 3178 3650 3251; baseline -0.001 -14"><span class='ocrx_word' id='word_1_598' title='bbox 2006 3198 2220 3237; x_wconf 90' lang='lat' dir='ltr'><strong>nomen</strong></span> <span class='ocrx_word' id='word_1_599' title='bbox 2271 3179 2526 3247; x_wconf 91' lang='lat' dir='ltr'><strong>Domini,</strong></span> <span class='ocrx_word' id='word_1_600' title='bbox 2578 3178 2717 3234; x_wconf 88' lang='lat' dir='ltr'><strong>licet</strong></span> <span class='ocrx_word' id='word_1_601' title='bbox 2762 3178 3025 3251; x_wconf 89' lang='lat' dir='ltr'><strong>plerique</strong></span> <span class='ocrx_word' id='word_1_602' title='bbox 3066 3178 3438 3235; x_wconf 56' lang='lat' dir='ltr'><strong>Hebraeorum</strong></span> <span class='ocrx_word' id='word_1_603' title='bbox 3487 3178 3650 3236; x_wconf 84' lang='lat' dir='ltr'><strong>aliud</strong></span> 
     </span>
    </p>
   </div>
   <div class='ocr_carea' id='block_1_82' title="bbox 2006 3266 3649 3339">
    <p class='ocr_par' dir='ltr' id='par_1_82' title="bbox 2006 3266 3649 3339">
     <span class='ocr_line' id='line_1_82' title="bbox 2006 3266 3649 3339; baseline -0.001 -12"><span class='ocrx_word' id='word_1_604' title='bbox 2006 3270 2383 3337; x_wconf 88' lang='lat' dir='ltr'><strong>arbitrentur,</strong></span> <span class='ocrx_word' id='word_1_605' title='bbox 2435 3267 2590 3339; x_wconf 89' lang='lat' dir='ltr'><strong>quod</strong></span> <span class='ocrx_word' id='word_1_606' title='bbox 2638 3269 2814 3322; x_wconf 76' lang='lat' dir='ltr'><strong>tunc&quot;</strong></span> <span class='ocrx_word' id='word_1_607' title='bbox 2860 3268 3119 3339; x_wconf 90' lang='lat' dir='ltr'><strong>primum</strong></span> <span class='ocrx_word' id='word_1_608' title='bbox 3157 3266 3218 3322; x_wconf 88' lang='lat' dir='ltr'><strong>in</strong></span> <span class='ocrx_word' id='word_1_609' title='bbox 3269 3268 3509 3324; x_wconf 87' lang='lat' dir='ltr'><strong>nomine</strong></span> <span class='ocrx_word' id='word_1_610' title='bbox 3534 3268 3649 3327; x_wconf 48' lang='lat' dir='ltr'><strong>D0.</strong></span> 
     </span>
    </p>
   </div>
   <div class='ocr_carea' id='block_1_83' title="bbox 2004 3408 3650 3484">
    <p class='ocr_par' dir='ltr' id='par_1_83' title="bbox 2004 3408 3650 3484">
     <span class='ocr_line' id='line_1_83' title="bbox 2004 3408 3650 3484; baseline 0.002 -18"><span class='ocrx_word' id='word_1_611' title='bbox 2004 3413 2389 3484; x_wconf 85' lang='lat' dir='ltr'><strong>interpretum</strong></span> <span class='ocrx_word' id='word_1_612' title='bbox 2424 3413 2630 3482; x_wconf 69' lang='lat' dir='ltr'><strong>praeter</strong></span> <span class='ocrx_word' id='word_1_613' title='bbox 2658 3408 2951 3484; x_wconf 76' lang='lat' dir='ltr'><strong>Aquilam)</strong></span> <span class='ocrx_word' id='word_1_614' title='bbox 2983 3414 3199 3484; x_wconf 43' lang='lat' dir='ltr'><strong>ecfatam</strong></span> <span class='ocrx_word' id='word_1_615' title='bbox 3220 3409 3384 3466; x_wconf 85' lang='lat' dir='ltr'><strong>verba</strong></span> <span class='ocrx_word' id='word_1_616' title='bbox 3414 3410 3552 3467; x_wconf 83' lang='lat' dir='ltr'><strong>Cain</strong></span> <span class='ocrx_word' id='word_1_617' title='bbox 3579 3412 3650 3469; x_wconf 83' lang='lat' dir='ltr'><strong>ad</strong></span> 
     </span>
    </p>
   </div>
   <div class='ocr_carea' id='block_1_84' title="bbox 2005 3482 3651 3554">
    <p class='ocr_par' dir='ltr' id='par_1_84' title="bbox 2005 3482 3651 3554">
     <span class='ocr_line' id='line_1_84' title="bbox 2005 3482 3651 3554; baseline 0.001 -15"><span class='ocrx_word' id='word_1_618' title='bbox 2005 3485 2134 3539; x_wconf 84' lang='lat' dir='ltr'><strong>Abel</strong></span> <span class='ocrx_word' id='word_1_619' title='bbox 2163 3482 2177 3551; x_wconf 71' lang='grc' dir='ltr'><strong><em>ξ</em></strong></span> <span class='ocrx_word' id='word_1_620' title='bbox 2210 3482 2301 3538; x_wconf 79' lang='lat' dir='ltr'><strong>sed</strong></span> <span class='ocrx_word' id='word_1_621' title='bbox 2332 3499 2502 3554; x_wconf 80' lang='lat' dir='ltr'><strong>neque</strong></span> <span class='ocrx_word' id='word_1_622' title='bbox 2530 3482 2676 3553; x_wconf 84' lang='lat' dir='ltr'><strong>apud</strong></span> <span class='ocrx_word' id='word_1_623' title='bbox 2705 3482 2976 3538; x_wconf 75' lang='lat' dir='ltr'><strong>Hebraeos.</strong></span> <span class='ocrx_word' id='word_1_624' title='bbox 3016 3482 3211 3554; x_wconf 81' lang='lat' dir='ltr'><strong>Verum</strong></span> <span class='ocrx_word' id='word_1_625' title='bbox 3241 3484 3404 3538; x_wconf 79' lang='lat' dir='ltr'><strong>aiunt</strong></span> <span class='ocrx_word' id='word_1_626' title='bbox 3424 3485 3481 3539; x_wconf 81' lang='lat' dir='ltr'><strong>in</strong></span> <span class='ocrx_word' id='word_1_627' title='bbox 3513 3496 3651 3554; x_wconf 89' lang='lat' dir='ltr'><strong>apo-</strong></span> 
     </span>
    </p>
   </div>
   <div class='ocr_carea' id='block_1_85' title="bbox 2003 3553 3650 3627">
    <p class='ocr_par' dir='ltr' id='par_1_85' title="bbox 2003 3553 3650 3627">
     <span class='ocr_line' id='line_1_85' title="bbox 2003 3553 3650 3627; baseline 0 -16"><span class='ocrx_word' id='word_1_628' title='bbox 2003 3556 2206 3627; x_wconf 84' lang='lat' dir='ltr'><strong>crypha</strong></span> <span class='ocrx_word' id='word_1_629' title='bbox 2235 3571 2365 3610; x_wconf 79' lang='lat' dir='ltr'><strong>esse.</strong></span> <span class='ocrx_word' id='word_1_630' title='bbox 2397 3555 2676 3609; x_wconf 71' lang='lat' dir='ltr'><strong>Habentur</strong></span> <span class='ocrx_word' id='word_1_631' title='bbox 2703 3558 2900 3627; x_wconf 87' lang='lat' dir='ltr'><strong>autem_</strong></span> <span class='ocrx_word' id='word_1_632' title='bbox 2931 3553 3074 3625; x_wconf 83' lang='lat' dir='ltr'><strong>apud</strong></span> <span class='ocrx_word' id='word_1_633' title='bbox 3118 3553 3252 3608; x_wconf 70' lang='grc' dir='ltr'><strong>ΙιΧῗ</strong></span> <span class='ocrx_word' id='word_1_634' title='bbox 3295 3558 3461 3627; x_wconf 78' lang='lat' dir='ltr'><strong>atque</strong></span> <span class='ocrx_word' id='word_1_635' title='bbox 3485 3553 3650 3627; x_wconf 69' lang='lat' dir='ltr'><strong>etiam</strong></span> 
     </span>
    </p>
   </div>
   <div class='ocr_carea' id='block_1_86' title="bbox 2004 3624 3651 3696">
    <p class='ocr_par' dir='ltr' id='par_1_86' title="bbox 2004 3624 3651 3696">
     <span class='ocr_line' id='line_1_86' title="bbox 2004 3624 3651 3696; baseline 0.001 -15"><span class='ocrx_word' id='word_1_636' title='bbox 2004 3624 2469 3683; x_wconf 56' lang='lat' dir='ltr'><strong>in&#39;Samaritano.</strong></span> <span class='ocrx_word' id='word_1_637' title='bbox 2508 3627 2647 3680; x_wconf 88' lang='lat' dir='ltr'><strong>item</strong></span> <span class='ocrx_word' id='word_1_638' title='bbox 2675 3629 2835 3680; x_wconf 90' lang='lat' dir='ltr'><strong>notat</strong></span> <span class='ocrx_word' id='word_1_639' title='bbox 2853 3624 3101 3679; x_wconf 84' lang='lat' dir='ltr'><strong>alterum</strong></span> <span class='ocrx_word' id='word_1_640' title='bbox 3125 3624 3651 3696; x_wconf 12' lang='lat' dir='ltr'><strong>quoqque‘scholion</strong></span> 
     </span>
    </p>
   </div>
   <div class='ocr_carea' id='block_1_87' title="bbox 2004 3695 3491 3769">
    <p class='ocr_par' dir='ltr' id='par_1_87' title="bbox 2004 3695 3491 3769">
     <span class='ocr_line' id='line_1_87' title="bbox 2004 3695 3491 3769; baseline -0.001 -15"><span class='ocrx_word' id='word_1_641' title='bbox 2004 3717 2073 3755; x_wconf 84' lang='lat' dir='ltr'><strong>ex</strong></span> <span class='ocrx_word' id='word_1_642' title='bbox 2101 3698 2347 3769; x_wconf 85' lang='lat' dir='ltr'><strong>Origene</strong></span> <span class='ocrx_word' id='word_1_643' title='bbox 2379 3697 2533 3767; x_wconf 88' lang='lat' dir='ltr'><strong>apud</strong></span> <span class='ocrx_word' id='word_1_644' title='bbox 2565 3697 2958 3763; x_wconf 83' lang='lat' dir='ltr'><strong>Montfaucon,</strong></span> <span class='ocrx_word' id='word_1_645' title='bbox 2990 3697 3048 3750; x_wconf 90' lang='lat' dir='ltr'><strong>in</strong></span> <span class='ocrx_word' id='word_1_646' title='bbox 3082 3695 3318 3769; x_wconf 78' lang='lat' dir='ltr'><strong>Hexapl.</strong></span> <span class='ocrx_word' id='word_1_647' title='bbox 3382 3766 3395 3769; x_wconf 94' lang='lat'>_</span> <span class='ocrx_word' id='word_1_648' title='bbox 3430 3766 3458 3769; x_wconf 97' lang='lat'>_</span> <span class='ocrx_word' id='word_1_649' title='bbox 3485 3756 3491 3763; x_wconf 62' lang='grc'><strong>,</strong></span> 
     </span>
    </p>
   </div>
   <div class='ocr_carea' id='block_1_88' title="bbox 2075 3712 3650 3825">
    <p class='ocr_par' dir='ltr' id='par_1_88' title="bbox 2075 3712 3650 3825">
     <span class='ocr_line' id='line_1_88' title="bbox 2101 3712 3491 3819; baseline -0.002 -66"><span class='ocrx_word' id='word_1_650' title='bbox 2101 3712 2347 3769; x_wconf 80' lang='lat' dir='ltr'><strong>urigene</strong></span> <span class='ocrx_word' id='word_1_651' title='bbox 2379 3712 2533 3767; x_wconf 81' lang='lat' dir='ltr'><strong>apud</strong></span> <span class='ocrx_word' id='word_1_652' title='bbox 2566 3712 2958 3763; x_wconf 78' lang='lat' dir='ltr'><strong>monttaucon,</strong></span> <span class='ocrx_word' id='word_1_653' title='bbox 2990 3714 3048 3750; x_wconf 84' lang='grc' dir='ltr'><strong>ιη</strong></span> <span class='ocrx_word' id='word_1_654' title='bbox 3082 3712 3318 3819; x_wconf 57' lang='lat' dir='ltr'><strong>nexapi.</strong></span> <span class='ocrx_word' id='word_1_655' title='bbox 3485 3756 3491 3763; x_wconf 53' lang='grc'><strong>,</strong></span> 
     </span>
     <span class='ocr_line' id='line_1_89' title="bbox 2075 3766 3650 3825; baseline -0.001 0"><span class='ocrx_word' id='word_1_656' title='bbox 2075 3771 2097 3803; x_wconf 71' lang='grc' dir='ltr'><strong><em>ὀ</em></strong></span> <span class='ocrx_word' id='word_1_657' title='bbox 2130 3769 2335 3825; x_wconf 81' lang='lat' dir='ltr'><strong>Recole</strong></span> <span class='ocrx_word' id='word_1_658' title='bbox 2365 3769 2547 3825; x_wconf 81' lang='lat' dir='ltr'><strong>Epist.</strong></span> <span class='ocrx_word' id='word_1_659' title='bbox 2572 3768 2630 3821; x_wconf 91' lang='lat' dir='ltr'><strong>in</strong></span> <span class='ocrx_word' id='word_1_660' title='bbox 2651 3773 2852 3823; x_wconf 88' lang='lat' dir='ltr'><strong>nostra</strong></span> <span class='ocrx_word' id='word_1_661' title='bbox 2875 3767 3217 3822; x_wconf 90' lang='lat' dir='ltr'><strong>recnnsione</strong></span> <span class='ocrx_word' id='word_1_662' title='bbox 3239 3772 3250 3784; x_wconf 87' lang='lat'><strong>&#39;</strong></span> <span class='ocrx_word' id='word_1_663' title='bbox 3274 3767 3307 3821; x_wconf 88' lang='lat'><strong>6</strong></span> <span class='ocrx_word' id='word_1_664' title='bbox 3328 3766 3399 3820; x_wconf 87' lang='lat' dir='ltr'><strong>ad</strong></span> <span class='ocrx_word' id='word_1_665' title='bbox 3429 3766 3650 3823; x_wconf 88' lang='lat' dir='ltr'><strong>Dama-</strong></span> 
     </span>
    </p>
   </div>
   <div class='ocr_carea' id='block_1_89' title="bbox 2005 3837 3646 3913">
    <p class='ocr_par' dir='ltr' id='par_1_89' title="bbox 2005 3837 3646 3913">
     <span class='ocr_line' id='line_1_90' title="bbox 2005 3837 3646 3913; baseline -0.002 -17"><span class='ocrx_word' id='word_1_666' title='bbox 2005 3858 2136 3896; x_wconf 87' lang='lat' dir='ltr'><strong>sum</strong></span> <span class='ocrx_word' id='word_1_667' title='bbox 2171 3844 2380 3907; x_wconf 61' lang='lat' dir='ltr'><strong>Qumst.</strong></span> <span class='ocrx_word' id='word_1_668' title='bbox 2414 3837 2464 3906; x_wconf 79' lang='lat' dir='ltr'><strong>l,</strong></span> <span class='ocrx_word' id='word_1_669' title='bbox 2488 3844 2709 3913; x_wconf 61' lang='lat' dir='ltr'><strong>etquae</strong></span> <span class='ocrx_word' id='word_1_670' title='bbox 2740 3839 2819 3892; x_wconf 89' lang='lat' dir='ltr'><strong>ibi</strong></span> <span class='ocrx_word' id='word_1_671' title='bbox 2851 3837 3552 3913; x_wconf 79' lang='lat' dir='ltr'><strong>adnotavimua.Proe_op.</strong></span> <span class='ocrx_word' id='word_1_672' title='bbox 3586 3839 3646 3894; x_wconf 91' lang='lat' dir='ltr'><strong>in</strong></span> 
     </span>
    </p>
   </div>
   <div class='ocr_carea' id='block_1_90' title="bbox 2005 3855 3649 3984">
    <p class='ocr_par' dir='ltr' id='par_1_90' title="bbox 2005 3855 3649 3984">
     <span class='ocr_line' id='line_1_91' title="bbox 2005 3855 3646 3963; baseline -0.002 -67"><span class='ocrx_word' id='word_1_673' title='bbox 2005 3858 2136 3896; x_wconf 87' lang='lat' dir='ltr'><strong>sum</strong></span> <span class='ocrx_word' id='word_1_674' title='bbox 2171 3855 2380 3907; x_wconf 61' lang='lat' dir='ltr'><strong>Qumst.</strong></span> <span class='ocrx_word' id='word_1_675' title='bbox 2414 3855 2464 3906; x_wconf 83' lang='lat'><strong>1,</strong></span> <span class='ocrx_word' id='word_1_676' title='bbox 2498 3855 2554 3893; x_wconf 84' lang='lat' dir='ltr'><strong>et</strong></span> <span class='ocrx_word' id='word_1_677' title='bbox 2582 3855 2709 3963; x_wconf 67' lang='lat' dir='ltr'><strong>quae</strong></span> <span class='ocrx_word' id='word_1_678' title='bbox 2740 3855 2819 3892; x_wconf 90' lang='lat' dir='ltr'><strong>lDl</strong></span> <span class='ocrx_word' id='word_1_679' title='bbox 2851 3855 3288 3893; x_wconf 66' lang='lat' dir='ltr'><strong>aunonavnmua.</strong></span> <span class='ocrx_word' id='word_1_680' title='bbox 3313 3855 3552 3913; x_wconf 74' lang='lat' dir='ltr'><strong>rroeop.</strong></span> <span class='ocrx_word' id='word_1_681' title='bbox 3586 3855 3646 3894; x_wconf 80' lang='lat' dir='ltr'><strong>in</strong></span> 
     </span>
     <span class='ocr_line' id='line_1_92' title="bbox 2005 3906 3649 3984; baseline -0.002 -15"><span class='ocrx_word' id='word_1_682' title='bbox 2005 3913 2145 3969; x_wconf 88' lang='lat' dir='ltr'><strong>Gen.</strong></span> <span class='ocrx_word' id='word_1_683' title='bbox 2183 3930 2239 3984; x_wconf 89' lang='lat' dir='ltr'><strong>p;</strong></span> <span class='ocrx_word' id='word_1_684' title='bbox 2272 3912 2378 3966; x_wconf 81' lang='lat'><strong>86:</strong></span> <span class='ocrx_word' id='word_1_685' title='bbox 2416 3933 2444 3961; x_wconf 89' lang='grc'><strong>‹‹</strong></span> <span class='ocrx_word' id='word_1_686' title='bbox 2475 3909 2579 3984; x_wconf 82' lang='lat' dir='ltr'><strong>Qui</strong></span> <span class='ocrx_word' id='word_1_687' title='bbox 2629 3926 2723 3965; x_wconf 91' lang='lat' dir='ltr'><strong>am</strong></span> <span class='ocrx_word' id='word_1_688' title='bbox 2756 3909 2945 3984; x_wconf 64' lang='lat' dir='ltr'><strong>magis</strong></span> <span class='ocrx_word' id='word_1_689' title='bbox 2974 3906 3205 3984; x_wconf 67' lang='lat' dir='ltr'><strong>proprie</strong></span> <span class='ocrx_word' id='word_1_690' title='bbox 3235 3907 3417 3984; x_wconf 79' lang='lat' dir='ltr'><strong>istum</strong></span> <span class='ocrx_word' id='word_1_691' title='bbox 3450 3907 3649 3984; x_wconf 80' lang='lat' dir='ltr'><strong>locum</strong></span> 
     </span>
    </p>
   </div>
   <div class='ocr_carea' id='block_1_91' title="bbox 2004 3979 3649 4060">
    <p class='ocr_par' dir='ltr' id='par_1_91' title="bbox 2004 3979 3649 4060">
     <span class='ocr_line' id='line_1_93' title="bbox 2004 3979 3649 4060; baseline -0.001 -23"><span class='ocrx_word' id='word_1_692' title='bbox 2004 3979 2488 4060; x_wconf 66' lang='lat' dir='ltr'><strong>interpretantur,</strong></span> <span class='ocrx_word' id='word_1_693' title='bbox 2521 3980 2819 4060; x_wconf 79' lang='lat' dir='ltr'><strong>dicentes:</strong></span> <span class='ocrx_word' id='word_1_694' title='bbox 2856 3979 3106 4060; x_wconf 26' lang='lat' dir='ltr'><strong>“Oportet</strong></span> <span class='ocrx_word' id='word_1_695' title='bbox 3152 3979 3395 4060; x_wconf 69' lang='lat' dir='ltr'><strong>Qainum</strong></span> <span class='ocrx_word' id='word_1_696' title='bbox 3429 3979 3649 4060; x_wconf 76' lang='lat' dir='ltr'><strong>septies</strong></span> 
     </span>
    </p>
   </div>
   <div class='ocr_carea' id='block_1_92' title="bbox 2005 4050 3650 4127">
    <p class='ocr_par' dir='ltr' id='par_1_92' title="bbox 2005 4050 3650 4127">
     <span class='ocr_line' id='line_1_94' title="bbox 2005 4050 3650 4127; baseline -0.001 -19"><span class='ocrx_word' id='word_1_697' title='bbox 2005 4050 2197 4127; x_wconf 78' lang='lat' dir='ltr'><strong>puniri</strong></span> <span class='ocrx_word' id='word_1_698' title='bbox 2229 4055 2301 4108; x_wconf 93' lang='lat' dir='ltr'><strong>ob</strong></span> <span class='ocrx_word' id='word_1_699' title='bbox 2332 4051 2714 4127; x_wconf 79' lang='lat' dir='ltr'><strong>commissum</strong></span> <span class='ocrx_word' id='word_1_700' title='bbox 2746 4050 3133 4127; x_wconf 80' lang='lat' dir='ltr'><strong>paricidium:</strong></span> <span class='ocrx_word' id='word_1_701' title='bbox 3167 4050 3378 4127; x_wconf 78' lang='lat' dir='ltr'><strong>Aquila</strong></span> <span class='ocrx_word' id='word_1_702' title='bbox 3408 4050 3650 4127; x_wconf 67' lang='lat' dir='ltr'><strong>sicred-</strong></span> 
     </span>
    </p>
   </div>
   <div class='ocr_carea' id='block_1_93' title="bbox 2004 4122 3655 4195">
    <p class='ocr_par' dir='ltr' id='par_1_93' title="bbox 2004 4122 3655 4195">
     <span class='ocr_line' id='line_1_95' title="bbox 2004 4122 3655 4195; baseline -0.001 -14"><span class='ocrx_word' id='word_1_703' title='bbox 2004 4122 2180 4181; x_wconf 82' lang='lat' dir='ltr'><strong>didit:</strong></span> <span class='ocrx_word' id='word_1_704' title='bbox 2207 4126 2436 4194; x_wconf 72' lang='lat' dir='ltr'><strong>Septies.</strong></span> <span class='ocrx_word' id='word_1_705' title='bbox 2470 4122 2859 4195; x_wconf 87' lang='lat' dir='ltr'><strong>Symmachus</strong></span> <span class='ocrx_word' id='word_1_706' title='bbox 2887 4137 3022 4177; x_wconf 89' lang='lat' dir='ltr'><strong>vero</strong></span> <span class='ocrx_word' id='word_1_707' title='bbox 3054 4123 3138 4195; x_wconf 85' lang='lat' dir='ltr'><strong>sic</strong></span> <span class='ocrx_word' id='word_1_708' title='bbox 3184 4122 3389 4195; x_wconf 82' lang='lat' dir='ltr'><strong>vertit:</strong></span> <span class='ocrx_word' id='word_1_709' title='bbox 3441 4122 3655 4195; x_wconf 72' lang='lat' dir='ltr'><strong>Seplzea</strong></span> 
     </span>
    </p>
   </div>
   <div class='ocr_carea' id='block_1_94' title="bbox 2003 4192 3649 4265">
    <p class='ocr_par' dir='ltr' id='par_1_94' title="bbox 2003 4192 3649 4265">
     <span class='ocr_line' id='line_1_96' title="bbox 2003 4192 3649 4265; baseline 0 -14"><span class='ocrx_word' id='word_1_710' title='bbox 2003 4197 2155 4252; x_wconf 79' lang='lat' dir='ltr'><strong>dabit</strong></span> <span class='ocrx_word' id='word_1_711' title='bbox 2193 4192 2398 4265; x_wconf 63' lang='lat' dir='ltr'><strong>pauos,</strong></span> <span class='ocrx_word' id='word_1_712' title='bbox 2448 4192 2603 4265; x_wconf 84' lang='lat' dir='ltr'><strong>quod</strong></span> <span class='ocrx_word' id='word_1_713' title='bbox 2655 4194 2897 4265; x_wconf 89' lang='lat' dir='ltr'><strong>quidam</strong></span> <span class='ocrx_word' id='word_1_714' title='bbox 2946 4195 3030 4250; x_wconf 91' lang='lat' dir='ltr'><strong>sic</strong></span> <span class='ocrx_word' id='word_1_715' title='bbox 3076 4192 3530 4250; x_wconf 54' lang='lat' dir='ltr'><strong>intellexerunt}</strong></span> <span class='ocrx_word' id='word_1_716' title='bbox 3586 4196 3649 4252; x_wconf 88' lang='lat' dir='ltr'><strong>In</strong></span> 
     </span>
    </p>
   </div>
   <div class='ocr_carea' id='block_1_95' title="bbox 2005 4265 3651 4339">
    <p class='ocr_par' dir='ltr' id='par_1_95' title="bbox 2005 4265 3651 4339">
     <span class='ocr_line' id='line_1_97' title="bbox 2005 4265 3651 4339; baseline 0 -17"><span class='ocrx_word' id='word_1_717' title='bbox 2005 4273 2223 4339; x_wconf 88' lang='lat' dir='ltr'><strong>septem</strong></span> <span class='ocrx_word' id='word_1_718' title='bbox 2259 4265 2736 4339; x_wconf 79' lang='lat' dir='ltr'><strong>generationibus</strong></span> <span class='ocrx_word' id='word_1_719' title='bbox 2768 4283 2968 4338; x_wconf 62' lang='lat' dir='ltr'><strong>poenas</strong></span> <span class='ocrx_word' id='word_1_720' title='bbox 3000 4267 3233 4338; x_wconf 90' lang='lat' dir='ltr'><strong>pendet.</strong></span> <span class='ocrx_word' id='word_1_721' title='bbox 3286 4266 3503 4339; x_wconf 83' lang='lat' dir='ltr'><strong>Verum</strong></span> <span class='ocrx_word' id='word_1_722' title='bbox 3534 4265 3651 4322; x_wconf 81' lang='lat' dir='ltr'><strong>He-</strong></span> 
     </span>
    </p>
   </div>
   <div class='ocr_carea' id='block_1_96' title="bbox 2003 4336 3649 4410">
    <p class='ocr_par' dir='ltr' id='par_1_96' title="bbox 2003 4336 3649 4410">
     <span class='ocr_line' id='line_1_98' title="bbox 2003 4336 3649 4410; baseline -0.003 -17"><span class='ocrx_word' id='word_1_723' title='bbox 2003 4336 2196 4393; x_wconf 66' lang='lat' dir='ltr'><strong>braeus</strong></span> <span class='ocrx_word' id='word_1_724' title='bbox 2228 4336 2359 4410; x_wconf 86' lang='lat' dir='ltr'><strong>post</strong></span> <span class='ocrx_word' id='word_1_725' title='bbox 2388 4336 2703 4393; x_wconf 88' lang='lat' dir='ltr'><strong>dictionem</strong></span> <span class='ocrx_word' id='word_1_726' title='bbox 2736 4336 3071 4406; x_wconf 68' lang='lat' dir='ltr'><strong>interficiens</strong></span> <span class='ocrx_word' id='word_1_727' title='bbox 3100 4341 3393 4410; x_wconf 78' lang='lat' dir='ltr'><strong>punctum</strong></span> <span class='ocrx_word' id='word_1_728' title='bbox 3416 4337 3593 4394; x_wconf 84' lang='lat' dir='ltr'><strong>locat.</strong></span> <span class='ocrx_word' id='word_1_729' title='bbox 3619 4358 3649 4389; x_wconf 86' lang='lat'>»</span> 
     </span>
    </p>
   </div>
   <div class='ocr_carea' id='block_1_97' title="bbox 2008 4407 3649 4481">
    <p class='ocr_par' dir='ltr' id='par_1_97' title="bbox 2008 4407 3649 4481">
     <span class='ocr_line' id='line_1_99' title="bbox 2008 4407 3649 4481; baseline -0.001 -16"><span class='ocrx_word' id='word_1_730' title='bbox 2008 4411 2073 4465; x_wconf 86' lang='lat' dir='ltr'><strong>Et</strong></span> <span class='ocrx_word' id='word_1_731' title='bbox 2096 4407 2435 4481; x_wconf 82' lang='lat' dir='ltr'><strong>rursumad</strong></span> <span class='ocrx_word' id='word_1_732' title='bbox 2469 4425 2620 4481; x_wconf 83' lang='lat' dir='ltr'><strong>vers.</strong></span> <span class='ocrx_word' id='word_1_733' title='bbox 2652 4410 2742 4474; x_wconf 81' lang='grc'><strong>24,</strong></span> <span class='ocrx_word' id='word_1_734' title='bbox 2776 4426 2832 4481; x_wconf 87' lang='lat' dir='ltr'><strong>p.</strong></span> <span class='ocrx_word' id='word_1_735' title='bbox 2865 4410 2973 4465; x_wconf 84' lang='lat'><strong>90:</strong></span> <span class='ocrx_word' id='word_1_736' title='bbox 3018 4432 3045 4457; x_wconf 88' lang='grc'><strong>‹‹</strong></span> <span class='ocrx_word' id='word_1_737' title='bbox 3091 4407 3200 4464; x_wconf 79' lang='lat' dir='ltr'><strong>Sed</strong></span> <span class='ocrx_word' id='word_1_738' title='bbox 3252 4407 3399 4481; x_wconf 69' lang='lat' dir='ltr'><strong>nihil</strong></span> <span class='ocrx_word' id='word_1_739' title='bbox 3431 4424 3649 4478; x_wconf 88' lang='lat' dir='ltr'><strong>moror,</strong></span> 
     </span>
    </p>
   </div>
   <div class='ocr_carea' id='block_1_98' title="bbox 2004 4479 3650 4552">
    <p class='ocr_par' dir='ltr' id='par_1_98' title="bbox 2004 4479 3650 4552">
     <span class='ocr_line' id='line_1_100' title="bbox 2004 4479 3650 4552; baseline -0.002 -15"><span class='ocrx_word' id='word_1_740' title='bbox 2004 4482 2123 4537; x_wconf 91' lang='lat' dir='ltr'><strong>sive</strong></span> <span class='ocrx_word' id='word_1_741' title='bbox 2154 4481 2308 4552; x_wconf 90' lang='lat' dir='ltr'><strong>dona</strong></span> <span class='ocrx_word' id='word_1_742' title='bbox 2337 4480 2593 4552; x_wconf 87' lang='lat' dir='ltr'><strong>Spiritus</strong></span> <span class='ocrx_word' id='word_1_743' title='bbox 2624 4479 2833 4551; x_wconf 75' lang='lat' dir='ltr'><strong>sancti,</strong></span> <span class='ocrx_word' id='word_1_744' title='bbox 2857 4482 2974 4552; x_wconf 84' lang='lat' dir='ltr'><strong>sive</strong></span> <span class='ocrx_word' id='word_1_745' title='bbox 3004 4484 3227 4552; x_wconf 85' lang='lat' dir='ltr'><strong>septem</strong></span> <span class='ocrx_word' id='word_1_746' title='bbox 3263 4479 3507 4552; x_wconf 80' lang='lat' dir='ltr'><strong>Patrum</strong></span> <span class='ocrx_word' id='word_1_747' title='bbox 3521 4495 3650 4551; x_wconf 84' lang='lat' dir='ltr'><strong>per-</strong></span> 
     </span>
    </p>
   </div>
   <div class='ocr_carea' id='block_1_99' title="bbox 245 4549 3653 4635">
    <p class='ocr_par' dir='ltr' id='par_1_99' title="bbox 245 4549 3653 4635">
     <span class='ocr_line' id='line_1_101' title="bbox 245 4549 3653 4635; baseline -0.003 -21"><span class='ocrx_word' id='word_1_748' title='bbox 245 4549 1033 4635; x_wconf 45' lang='lat' dir='ltr'><strong>Septuaginia‘iranslatores</strong></span> <span class='ocrx_word' id='word_1_749' title='bbox 1064 4564 1305 4618; x_wconf 69' lang='lat' dir='ltr'><strong>verbum</strong></span> <span class='ocrx_word' id='word_1_750' title='bbox 1338 4549 1665 4635; x_wconf 56' lang='lat' dir='ltr'><strong>Hebraeum,</strong></span> <span class='ocrx_word' id='word_1_751' title='bbox 1706 4574 1892 4635; x_wconf 54' lang='grc' dir='ltr'><strong>ηκτοι-τ</strong></span> <span class='ocrx_word' id='word_1_752' title='bbox 1924 4617 1966 4635; x_wconf 49' lang='grc' dir='ltr'>ἢ</span> <span class='ocrx_word' id='word_1_753' title='bbox 2001 4551 2301 4635; x_wconf 40' lang='grc' dir='ltr'><strong>ἓρηειεριμ).</strong></span> <span class='ocrx_word' id='word_1_754' title='bbox 2321 4549 2542 4623; x_wconf 77' lang='lat' dir='ltr'><strong>septem</strong></span> <span class='ocrx_word' id='word_1_755' title='bbox 2566 4549 2843 4635; x_wconf 55' lang='lat' dir='ltr'><strong>accipias:</strong></span> <span class='ocrx_word' id='word_1_756' title='bbox 2874 4551 2957 4606; x_wconf 90' lang='lat' dir='ltr'><strong>Illi</strong></span> <span class='ocrx_word' id='word_1_757' title='bbox 2977 4549 3276 4635; x_wconf 60' lang='lat' dir='ltr'><strong>sententiae</strong></span> <span class='ocrx_word' id='word_1_758' title='bbox 3293 4549 3653 4635; x_wconf 61' lang='lat' dir='ltr'><strong>astipulatur</strong></span> 
     </span>
    </p>
   </div>
   <div class='ocr_carea' id='block_1_100' title="bbox 244 4617 3653 4708">
    <p class='ocr_par' dir='ltr' id='par_1_100' title="bbox 244 4617 3653 4708">
     <span class='ocr_line' id='line_1_102' title="bbox 244 4617 3653 4708; baseline -0.005 -17"><span class='ocrx_word' id='word_1_759' title='bbox 244 4617 1337 4708; x_wconf 16' lang='lat' dir='ltr'><strong>legerintjinisﬁecundaIpersonamasc.</strong></span> <span class='ocrx_word' id='word_1_760' title='bbox 1390 4633 1541 4704; x_wconf 87' lang='lat' dir='ltr'><strong>sing.</strong></span> <span class='ocrx_word' id='word_1_761' title='bbox 1595 4617 1891 4708; x_wconf 45' lang='lat' dir='ltr'><strong>matari—ti,</strong></span> <span class='ocrx_word' id='word_1_762' title='bbox 1923 4617 1969 4682; x_wconf 86' lang='lat' dir='ltr'><strong>D</strong></span> <span class='ocrx_word' id='word_1_763' title='bbox 2001 4623 2342 4708; x_wconf 77' lang='lat' dir='ltr'><strong>Theodotio,</strong></span> <span class='ocrx_word' id='word_1_764' title='bbox 2388 4617 2784 4708; x_wconf 45' lang='lat' dir='ltr'><strong>praesente-mn</strong></span> <span class='ocrx_word' id='word_1_765' title='bbox 2820 4623 3037 4708; x_wconf 50' lang='lat' dir='ltr'><strong>locum.</strong></span> <span class='ocrx_word' id='word_1_766' title='bbox 3076 4617 3457 4708; x_wconf 60' lang='lat' dir='ltr'><strong>transferens,</strong></span> <span class='ocrx_word' id='word_1_767' title='bbox 3533 4624 3653 4708; x_wconf 54' lang='lat' dir='ltr'><strong>fer</strong></span> 
     </span>
    </p>
   </div>
   <div class='ocr_carea' id='block_1_101' title="bbox 243 4703 1889 4778">
    <p class='ocr_par' dir='ltr' id='par_1_101' title="bbox 243 4703 1889 4778">
     <span class='ocr_line' id='line_1_103' title="bbox 243 4703 1889 4778; baseline -0.002 -16"><span class='ocrx_word' id='word_1_768' title='bbox 243 4703 545 4775; x_wconf 57' lang='lat' dir='ltr'><strong>hli&#39;atalha,</strong></span> <span class='ocrx_word' id='word_1_769' title='bbox 595 4707 652 4762; x_wconf 91' lang='lat' dir='ltr'><strong>id</strong></span> <span class='ocrx_word' id='word_1_770' title='bbox 700 4712 791 4762; x_wconf 89' lang='lat' dir='ltr'><strong>est</strong></span> <span class='ocrx_word' id='word_1_771' title='bbox 836 4703 1079 4778; x_wconf 65' lang='grc' dir='ltr'><strong>ἥμαρτες</strong></span> <span class='ocrx_word' id='word_1_772' title='bbox 1110 4705 1168 4760; x_wconf 92' lang='lat' dir='ltr'><strong>in</strong></span> <span class='ocrx_word' id='word_1_773' title='bbox 1191 4723 1311 4778; x_wconf 82' lang='lat' dir='ltr'><strong>aor.</strong></span> <span class='ocrx_word' id='word_1_774' title='bbox 1354 4708 1390 4758; x_wconf 92' lang='lat'><strong>2</strong></span> <span class='ocrx_word' id='word_1_775' title='bbox 1418 4703 1704 4778; x_wconf 61' lang='lat' dir='ltr'><strong>peccasti:</strong></span> <span class='ocrx_word' id='word_1_776' title='bbox 1756 4722 1889 4778; x_wconf 78' lang='lat' dir='ltr'><strong>con-</strong></span> 
     </span>
    </p>
   </div>
   <div class='ocr_carea' id='block_1_102' title="bbox 246 4774 1889 4853">
    <p class='ocr_par' dir='ltr' id='par_1_102' title="bbox 246 4774 1889 4853">
     <span class='ocr_line' id='line_1_104' title="bbox 246 4774 1889 4853; baseline -0.005 -19"><span class='ocrx_word' id='word_1_777' title='bbox 246 4774 563 4853; x_wconf 81' lang='lat' dir='ltr'><strong>sequenter</strong></span> <span class='ocrx_word' id='word_1_778' title='bbox 593 4783 785 4833; x_wconf 87' lang='lat' dir='ltr'><strong>tamen</strong></span> <span class='ocrx_word' id='word_1_779' title='bbox 846 4774 1126 4853; x_wconf 78' lang='lat' dir='ltr'><strong>addentes</strong></span> <span class='ocrx_word' id='word_1_780' title='bbox 1183 4774 1321 4849; x_wconf 83' lang='grc' dir='ltr'>πρὸς</span> <span class='ocrx_word' id='word_1_781' title='bbox 1367 4774 1443 4853; x_wconf 65' lang='grc' dir='ltr'><strong>Δσέ</strong></span> <span class='ocrx_word' id='word_1_782' title='bbox 1504 4774 1889 4853; x_wconf 43' lang='lat' dir='ltr'><strong>semermi,</strong></span> 
     </span>
    </p>
   </div>
   <div class='ocr_carea' id='block_1_103' title="bbox 246 4846 1891 4920">
    <p class='ocr_par' dir='ltr' id='par_1_103' title="bbox 246 4846 1891 4920">
     <span class='ocr_line' id='line_1_105' title="bbox 246 4846 1891 4920; baseline -0.001 -15"><span class='ocrx_word' id='word_1_783' title='bbox 246 4846 437 4914; x_wconf 56' lang='lat'><strong>16606,</strong></span> <span class='ocrx_word' id='word_1_784' title='bbox 478 4850 549 4905; x_wconf 87' lang='lat' dir='ltr'><strong>ad</strong></span> <span class='ocrx_word' id='word_1_785' title='bbox 578 4857 643 4920; x_wconf 8' lang='lat' dir='ltr'><strong>te,</strong></span> <span class='ocrx_word' id='word_1_786' title='bbox 676 4850 951 4905; x_wconf 83' lang='lat' dir='ltr'><strong>conversio</strong></span> <span class='ocrx_word' id='word_1_787' title='bbox 997 4849 1138 4917; x_wconf 78' lang='lat' dir='ltr'><strong>ejus,</strong></span> <span class='ocrx_word' id='word_1_788' title='bbox 1185 4846 1891 4920; x_wconf 10' lang='lat' dir='ltr'><strong>peceatuquintelligunt,</strong></span> 
     </span>
    </p>
   </div>
   <div class='ocr_carea' id='block_1_104' title="bbox 244 4916 1896 4993">
    <p class='ocr_par' dir='ltr' id='par_1_104' title="bbox 244 4916 1896 4993">
     <span class='ocr_line' id='line_1_106' title="bbox 244 4916 1896 4993; baseline -0.002 -16"><span class='ocrx_word' id='word_1_789' title='bbox 244 4921 453 4993; x_wconf 85' lang='lat' dir='ltr'><strong>illique</strong></span> <span class='ocrx_word' id='word_1_790' title='bbox 483 4919 791 4993; x_wconf 86' lang='lat' dir='ltr'><strong>relativum</strong></span> <span class='ocrx_word' id='word_1_791' title='bbox 810 4916 1215 4993; x_wconf 76' lang='lat' dir='ltr'><strong>masculinum</strong></span> <span class='ocrx_word' id='word_1_792' title='bbox 1248 4916 1411 4971; x_wconf 73' lang='grc' dir='ltr'>αὐτοῦ</span> <span class='ocrx_word' id='word_1_793' title='bbox 1433 4916 1896 4993; x_wconf 76' lang='lat' dir='ltr'><strong>adjungere‘slu-</strong></span> 
     </span>
    </p>
   </div>
   <div class='ocr_carea' id='block_1_105' title="bbox 244 4988 1894 5063">
    <p class='ocr_par' dir='ltr' id='par_1_105' title="bbox 244 4988 1894 5063">
     <span class='ocr_line' id='line_1_107' title="bbox 244 4988 1894 5063; baseline -0.001 -16"><span class='ocrx_word' id='word_1_794' title='bbox 244 4988 695 5063; x_wconf 79' lang='lat' dir='ltr'><strong>dueruntjuxta</strong></span> <span class='ocrx_word' id='word_1_795' title='bbox 724 4992 1030 5047; x_wconf 67' lang='lat' dir='ltr'><strong>Hebraeum</strong></span> <span class='ocrx_word' id='word_1_796' title='bbox 1074 4991 1345 5063; x_wconf 60' lang='lat' dir='ltr'><strong>afﬁxunr</strong></span> <span class='ocrx_word' id='word_1_797' title='bbox 1365 4988 1757 5063; x_wconf 80' lang='lat' dir='ltr'><strong>masculinum</strong></span> <span class='ocrx_word' id='word_1_798' title='bbox 1788 5001 1809 5049; x_wconf 85' lang='lat'><strong>&#39;1</strong></span> <span class='ocrx_word' id='word_1_799' title='bbox 1841 5006 1894 5056; x_wconf 88' lang='grc' dir='ltr'>ο,</span> 
     </span>
    </p>
   </div>
   <div class='ocr_carea' id='block_1_106' title="bbox 244 5060 1892 5135">
    <p class='ocr_par' dir='ltr' id='par_1_106' title="bbox 244 5060 1892 5135">
     <span class='ocr_line' id='line_1_108' title="bbox 244 5060 1892 5135; baseline -0.002 -15"><span class='ocrx_word' id='word_1_800' title='bbox 244 5064 406 5135; x_wconf 88' lang='lat' dir='ltr'><strong>quod</strong></span> <span class='ocrx_word' id='word_1_801' title='bbox 472 5060 786 5135; x_wconf 78' lang='lat' dir='ltr'><strong>respondet</strong></span> <span class='ocrx_word' id='word_1_802' title='bbox 837 5062 1078 5135; x_wconf 83' lang='lat' dir='ltr'><strong>vocibus</strong></span> <span class='ocrx_word' id='word_1_803' title='bbox 1133 5060 1361 5117; x_wconf 82' lang='lat' dir='ltr'><strong>hhamth</strong></span> <span class='ocrx_word' id='word_1_804' title='bbox 1415 5061 1620 5129; x_wconf 80' lang='lat' dir='ltr'><strong>robets,</strong></span> <span class='ocrx_word' id='word_1_805' title='bbox 1677 5061 1734 5116; x_wconf 90' lang='lat' dir='ltr'><strong>id</strong></span> <span class='ocrx_word' id='word_1_806' title='bbox 1783 5067 1892 5129; x_wconf 89' lang='lat' dir='ltr'><strong>est,</strong></span> 
     </span>
    </p>
   </div>
   <div class='ocr_carea' id='block_1_107' title="bbox 239 5134 1105 5209">
    <p class='ocr_par' dir='ltr' id='par_1_107' title="bbox 239 5134 1105 5209">
     <span class='ocr_line' id='line_1_109' title="bbox 239 5134 1105 5209; baseline -0.003 -17"><span class='ocrx_word' id='word_1_807' title='bbox 239 5134 542 5209; x_wconf 67' lang='lat' dir='ltr'><strong>peccatum</strong></span> <span class='ocrx_word' id='word_1_808' title='bbox 559 5134 780 5191; x_wconf 77' lang='lat' dir='ltr'><strong>cubans.</strong></span> <span class='ocrx_word' id='word_1_809' title='bbox 816 5134 1105 5189; x_wconf 75' lang='lat' dir='ltr'><strong>MARTIAN.</strong></span> 
     </span>
    </p>
   </div>
   <div class='ocr_carea' id='block_1_108' title="bbox 319 5201 1893 5285">
    <p class='ocr_par' dir='ltr' id='par_1_108' title="bbox 319 5201 1893 5285">
     <span class='ocr_line' id='line_1_110' title="bbox 319 5201 1893 5285; baseline -0.002 -23"><span class='ocrx_word' id='word_1_810' title='bbox 319 5238 390 5285; x_wconf 65' lang='grc' dir='ltr'><strong>-ς</strong></span> <span class='ocrx_word' id='word_1_811' title='bbox 421 5207 714 5285; x_wconf 36' lang='lat' dir='ltr'><strong>I_n.Grzeco</strong></span> <span class='ocrx_word' id='word_1_812' title='bbox 763 5201 1408 5285; x_wconf 37' lang='lat' dir='ltr'><strong>nempgntfstudp‘gp‘tid,</strong></span> <span class='ocrx_word' id='word_1_813' title='bbox 1464 5204 1619 5285; x_wconf 87' lang='lat' dir='ltr'><strong>quod</strong></span> <span class='ocrx_word' id='word_1_814' title='bbox 1656 5202 1893 5285; x_wconf 75' lang='lat' dir='ltr'><strong>generis</strong></span> 
     </span>
    </p>
   </div>
   <div class='ocr_carea' id='block_1_109' title="bbox 244 5275 1891 5344">
    <p class='ocr_par' dir='ltr' id='par_1_109' title="bbox 244 5275 1891 5344">
     <span class='ocr_line' id='line_1_111' title="bbox 244 5275 1891 5344; baseline -0.002 -10"><span class='ocrx_word' id='word_1_815' title='bbox 244 5277 516 5335; x_wconf 80' lang='lat' dir='ltr'><strong>feminini</strong></span> <span class='ocrx_word' id='word_1_816' title='bbox 548 5294 762 5334; x_wconf 89' lang='lat' dir='ltr'><strong>nomen</strong></span> <span class='ocrx_word' id='word_1_817' title='bbox 794 5275 1065 5344; x_wconf 51' lang='lat' dir='ltr'><strong>est,&#39;Vid.</strong></span> <span class='ocrx_word' id='word_1_818' title='bbox 1092 5275 1412 5331; x_wconf 72' lang='lat' dir='ltr'><strong>Martianzei</strong></span> <span class='ocrx_word' id='word_1_819' title='bbox 1434 5275 1891 5332; x_wconf 89' lang='lat' dir='ltr'><strong>annotationem.</strong></span> 
     </span>
    </p>
   </div>
   <div class='ocr_carea' id='block_1_110' title="bbox 318 5354 1889 5428">
    <p class='ocr_par' dir='ltr' id='par_1_110' title="bbox 318 5354 1889 5428">
     <span class='ocr_line' id='line_1_112' title="bbox 318 5354 1889 5428; baseline -0.001 -17"><span class='ocrx_word' id='word_1_820' title='bbox 318 5359 342 5393; x_wconf 77' lang='grc'><em>³</em></span> <span class='ocrx_word' id='word_1_821' title='bbox 368 5356 553 5415; x_wconf 88' lang='lat' dir='ltr'><strong>Vetus</strong></span> <span class='ocrx_word' id='word_1_822' title='bbox 585 5357 869 5423; x_wconf 81' lang='lat' dir='ltr'><strong>scholion,</strong></span> <span class='ocrx_word' id='word_1_823' title='bbox 903 5357 1056 5428; x_wconf 90' lang='lat' dir='ltr'><strong>quod</strong></span> <span class='ocrx_word' id='word_1_824' title='bbox 1091 5354 1284 5426; x_wconf 87' lang='lat' dir='ltr'><strong>Cyrilli</strong></span> <span class='ocrx_word' id='word_1_825' title='bbox 1316 5354 1490 5426; x_wconf 86' lang='lat' dir='ltr'><strong>vulgo</strong></span> <span class='ocrx_word' id='word_1_826' title='bbox 1522 5356 1804 5428; x_wconf 83' lang='lat' dir='ltr'><strong>credunt_,_</strong></span> <span class='ocrx_word' id='word_1_827' title='bbox 1819 5356 1889 5428; x_wconf 85' lang='lat' dir='ltr'><strong>ad</strong></span> 
     </span>
    </p>
   </div>
   <div class='ocr_carea' id='block_1_111' title="bbox 243 5422 1891 5497">
    <p class='ocr_par' dir='ltr' id='par_1_111' title="bbox 243 5422 1891 5497">
     <span class='ocr_line' id='line_1_113' title="bbox 243 5422 1891 5497; baseline -0.004 -12"><span class='ocrx_word' id='word_1_828' title='bbox 243 5429 371 5485; x_wconf 62' lang='lat' dir='ltr'><strong>hac</strong></span> <span class='ocrx_word' id='word_1_829' title='bbox 426 5428 622 5495; x_wconf 87' lang='lat' dir='ltr'><strong>verba,</strong></span> <span class='ocrx_word' id='word_1_830' title='bbox 676 5422 1152 5497; x_wconf 15' lang='lat' dir='ltr'><strong>transeaihusrin&#39;</strong></span> <span class='ocrx_word' id='word_1_831' title='bbox 1187 5422 1447 5497; x_wconf 44' lang='lat' dir='ltr'><strong>campum?</strong></span> <span class='ocrx_word' id='word_1_832' title='bbox 1492 5443 1504 5480; x_wconf 91' lang='lat'><strong>:</strong></span> <span class='ocrx_word' id='word_1_833' title='bbox 1547 5430 1676 5496; x_wconf 62' lang='lat'><strong>[119’</strong></span> <span class='ocrx_word' id='word_1_834' title='bbox 1715 5422 1891 5479; x_wconf 77' lang='grc' dir='ltr'>οὐδενὶ</span> 
     </span>
    </p>
   </div>
   <div class='ocr_carea' id='block_1_112' title="bbox 240 5496 1893 5570">
    <p class='ocr_par' dir='ltr' id='par_1_112' title="bbox 240 5496 1893 5570">
     <span class='ocr_line' id='line_1_114' title="bbox 240 5496 1893 5570; baseline -0.002 -17"><span class='ocrx_word' id='word_1_835' title='bbox 240 5500 621 5570; x_wconf 28' lang='grc' dir='ltr'><strong>τῶγλλοιπῷν</strong></span> <span class='ocrx_word' id='word_1_836' title='bbox 673 5504 847 5570; x_wconf 64' lang='lat' dir='ltr'><strong>usitati</strong></span> <span class='ocrx_word' id='word_1_837' title='bbox 901 5499 967 5553; x_wconf 78' lang='grc' dir='ltr'><strong>τὰ</strong></span> <span class='ocrx_word' id='word_1_838' title='bbox 1028 5496 1246 5570; x_wconf 49' lang='lat' dir='ltr'><strong>efﬂuat:</strong></span> <span class='ocrx_word' id='word_1_839' title='bbox 1301 5496 1417 5570; x_wconf 19' lang='lat'><strong>4.9;,</strong></span> <span class='ocrx_word' id='word_1_840' title='bbox 1456 5497 1710 5570; x_wconf 18' lang='lat' dir='ltr'><strong>Kd’ivqra‘:</strong></span> <span class='ocrx_word' id='word_1_841' title='bbox 1755 5497 1893 5570; x_wconf 70' lang='grc' dir='ltr'>πρὸς</span> 
     </span>
    </p>
   </div>
   <div class='ocr_carea' id='block_1_113' title="bbox 242 5563 1892 5655">
    <p class='ocr_par' dir='ltr' id='par_1_113' title="bbox 242 5563 1892 5655">
     <span class='ocr_line' id='line_1_115' title="bbox 242 5563 1892 5655; baseline -0.002 -29"><span class='ocrx_word' id='word_1_842' title='bbox 242 5565 434 5655; x_wconf 58' lang='grc' dir='ltr'>Ἀϐξλ,</span> <span class='ocrx_word' id='word_1_843' title='bbox 468 5567 758 5655; x_wconf 34' lang='grc' dir='ltr'><strong>ἄρκλίοςζᾷὲ</strong></span> <span class='ocrx_word' id='word_1_844' title='bbox 807 5563 1296 5655; x_wconf 32' lang='grc' dir='ltr'><strong>πῖαρζᾞϐρὲαίοιςκ</strong></span> <span class='ocrx_word' id='word_1_845' title='bbox 1329 5563 1541 5655; x_wconf 42' lang='grc' dir='ltr'>ἀλλῖῃέν</span> <span class='ocrx_word' id='word_1_846' title='bbox 1595 5563 1892 5655; x_wconf 40' lang='lat' dir='ltr'><strong>dubitoque?</strong></span> 
     </span>
    </p>
   </div>
   <div class='ocr_carea' id='block_1_114' title="bbox 284 5635 1892 5715">
    <p class='ocr_par' dir='ltr' id='par_1_114' title="bbox 284 5635 1892 5715">
     <span class='ocr_line' id='line_1_116' title="bbox 284 5635 1892 5715; baseline -0.003 -18"><span class='ocrx_word' id='word_1_847' title='bbox 284 5635 429 5698; x_wconf 73' lang='grc' dir='ltr'>ασίν.</span> <span class='ocrx_word' id='word_1_848' title='bbox 474 5642 628 5715; x_wconf 73' lang='grc' dir='ltr'><strong>Παρᾲ</strong></span> <span class='ocrx_word' id='word_1_849' title='bbox 671 5638 728 5696; x_wconf 75' lang='grc' dir='ltr'><strong>δὲ</strong></span> <span class='ocrx_word' id='word_1_850' title='bbox 763 5635 894 5703; x_wconf 60' lang='grc' dir='ltr'><strong>θεοῖς’</strong></span> <span class='ocrx_word' id='word_1_851' title='bbox 929 5646 1002 5711; x_wconf 88' lang='lat' dir='ltr'><strong>O’,</strong></span> <span class='ocrx_word' id='word_1_852' title='bbox 1034 5635 1228 5710; x_wconf 74' lang='grc' dir='ltr'><strong>κὲῐται,</strong></span> <span class='ocrx_word' id='word_1_853' title='bbox 1273 5636 1387 5715; x_wconf 49' lang='grc' dir='ltr'>ἔχες</span> <span class='ocrx_word' id='word_1_854' title='bbox 1436 5635 1494 5692; x_wconf 75' lang='grc' dir='ltr'><strong>δὲ</strong></span> <span class='ocrx_word' id='word_1_855' title='bbox 1554 5638 1685 5715; x_wconf 47' lang='grc' dir='ltr'>αὐτοὶ</span> <span class='ocrx_word' id='word_1_856' title='bbox 1713 5635 1892 5694; x_wconf 44' lang='lat' dir='ltr'><strong>uiuis?)</strong></span> 
     </span>
    </p>
   </div>
   <div class='ocr_carea' id='block_1_115' title="bbox 241 5665 1897 5793">
    <p class='ocr_par' dir='ltr' id='par_1_115' title="bbox 241 5665 1897 5793">
     <span class='ocr_line' id='line_1_117' title="bbox 284 5665 1892 5715; baseline -0.003 -18"><span class='ocrx_word' id='word_1_857' title='bbox 284 5665 424 5698; x_wconf 80' lang='grc' dir='ltr'>ασιν.</span> <span class='ocrx_word' id='word_1_858' title='bbox 474 5665 628 5715; x_wconf 80' lang='grc' dir='ltr'>ιιαρα</span> <span class='ocrx_word' id='word_1_859' title='bbox 671 5665 728 5696; x_wconf 79' lang='grc' dir='ltr'>ΟΞ</span> <span class='ocrx_word' id='word_1_860' title='bbox 763 5665 881 5703; x_wconf 82' lang='grc' dir='ltr'><strong>τοις</strong></span> <span class='ocrx_word' id='word_1_861' title='bbox 929 5665 1002 5711; x_wconf 73' lang='grc' dir='ltr'>υ,</span> <span class='ocrx_word' id='word_1_862' title='bbox 1034 5665 1228 5710; x_wconf 68' lang='grc' dir='ltr'>κειται,</span> <span class='ocrx_word' id='word_1_863' title='bbox 1273 5665 1387 5713; x_wconf 66' lang='grc' dir='ltr'>εχει</span> <span class='ocrx_word' id='word_1_864' title='bbox 1436 5665 1494 5692; x_wconf 73' lang='lat' dir='ltr'><strong>US</strong></span> <span class='ocrx_word' id='word_1_865' title='bbox 1554 5665 1685 5693; x_wconf 71' lang='grc' dir='ltr'>αυτα</span> <span class='ocrx_word' id='word_1_866' title='bbox 1713 5665 1802 5694; x_wconf 76' lang='grc' dir='ltr'><strong>και</strong></span> <span class='ocrx_word' id='word_1_867' title='bbox 1831 5665 1892 5693; x_wconf 79' lang='grc' dir='ltr'>τυ</span> 
     </span>
     <span class='ocr_line' id='line_1_118' title="bbox 241 5665 1897 5793; baseline -0.001 -20"><span class='ocrx_word' id='word_1_868' title='bbox 241 5665 666 5793; x_wconf 54' lang='grc' dir='ltr'>Ϊῖαμαρειτικόν.</span> <span class='ocrx_word' id='word_1_869' title='bbox 715 5715 871 5790; x_wconf 81' lang='lat' dir='ltr'><strong>Apud</strong></span> <span class='ocrx_word' id='word_1_870' title='bbox 930 5716 1209 5773; x_wconf 81' lang='lat' dir='ltr'><strong>neminem</strong></span> <span class='ocrx_word' id='word_1_871' title='bbox 1272 5711 1612 5785; x_wconf 80' lang='lat' dir='ltr'><strong>reliquorum</strong></span> <span class='ocrx_word' id='word_1_872' title='bbox 1664 5712 1897 5789; x_wconf 86' lang='lat' dir='ltr'><strong>(nempe</strong></span> 
     </span>
    </p>
   </div>
   <div class='ocr_carea' id='block_1_116' title="bbox 2000 4690 3650 4767">
    <p class='ocr_par' dir='ltr' id='par_1_116' title="bbox 2000 4690 3650 4767">
     <span class='ocr_line' id='line_1_119' title="bbox 2000 4690 3650 4767; baseline -0.002 -16"><span class='ocrx_word' id='word_1_873' title='bbox 2000 4696 2377 4767; x_wconf 76' lang='lat' dir='ltr'><strong>septenarium</strong></span> <span class='ocrx_word' id='word_1_874' title='bbox 2406 4690 3137 4767; x_wconf 10' lang='lat' dir='ltr'><strong>u_lcz&#39;scetur.VSymmaehus</strong></span> <span class='ocrx_word' id='word_1_875' title='bbox 3168 4690 3251 4747; x_wconf 91' lang='lat' dir='ltr'><strong>sic</strong></span> <span class='ocrx_word' id='word_1_876' title='bbox 3282 4691 3489 4767; x_wconf 87' lang='lat' dir='ltr'><strong>vertit:</strong></span> <span class='ocrx_word' id='word_1_877' title='bbox 3525 4691 3650 4767; x_wconf 35' lang='lat' dir='ltr'><strong>Seps</strong></span> 
     </span>
    </p>
   </div>
   <div class='ocr_carea' id='block_1_117' title="bbox 2003 4762 3652 4838">
    <p class='ocr_par' dir='ltr' id='par_1_117' title="bbox 2003 4762 3652 4838">
     <span class='ocr_line' id='line_1_120' title="bbox 2003 4762 3652 4838; baseline -0.002 -17"><span class='ocrx_word' id='word_1_878' title='bbox 2003 4762 2169 4822; x_wconf 74' lang='grc' dir='ltr'><strong>ιίίηιιδ</strong></span> <span class='ocrx_word' id='word_1_879' title='bbox 2195 4780 2388 4838; x_wconf 65' lang='lat' dir='ltr'><strong>panes</strong></span> <span class='ocrx_word' id='word_1_880' title='bbox 2417 4765 2585 4838; x_wconf 79' lang='lat' dir='ltr'><strong>dabit.</strong></span> <span class='ocrx_word' id='word_1_881' title='bbox 2616 4762 2879 4838; x_wconf 16' lang='lat' dir='ltr'><strong>Proinde»</strong></span> <span class='ocrx_word' id='word_1_882' title='bbox 2904 4762 3230 4819; x_wconf 75' lang='lat' dir='ltr'><strong>Lamachus</strong></span> <span class='ocrx_word' id='word_1_883' title='bbox 3284 4762 3433 4819; x_wconf 83' lang='lat' dir='ltr'><strong>forte</strong></span> <span class='ocrx_word' id='word_1_884' title='bbox 3469 4762 3652 4835; x_wconf 81' lang='lat' dir='ltr'><strong>septi-</strong></span> 
     </span>
    </p>
   </div>
   <div class='ocr_carea' id='block_1_118' title="bbox 2004 4835 3349 4907">
    <p class='ocr_par' dir='ltr' id='par_1_118' title="bbox 2004 4835 3349 4907">
     <span class='ocr_line' id='line_1_121' title="bbox 2004 4835 3349 4907; baseline -0.006 -14"><span class='ocrx_word' id='word_1_885' title='bbox 2004 4855 2138 4893; x_wconf 86' lang='lat' dir='ltr'><strong>mus</strong></span> <span class='ocrx_word' id='word_1_886' title='bbox 2166 4835 2302 4903; x_wconf 80' lang='lat' dir='ltr'><strong>fuit,</strong></span> <span class='ocrx_word' id='word_1_887' title='bbox 2337 4835 2437 4907; x_wconf 91' lang='lat' dir='ltr'><strong>qui</strong></span> <span class='ocrx_word' id='word_1_888' title='bbox 2469 4853 2669 4907; x_wconf 77' lang='lat' dir='ltr'><strong>poenas</strong></span> <span class='ocrx_word' id='word_1_889' title='bbox 2700 4836 2929 4892; x_wconf 85' lang='lat' dir='ltr'><strong>inﬂixit.</strong></span> <span class='ocrx_word' id='word_1_890' title='bbox 2964 4855 2989 4887; x_wconf 73' lang='grc' dir='ltr'>ιι</span> <span class='ocrx_word' id='word_1_891' title='bbox 3348 4896 3349 4899; x_wconf 21' lang='grc' dir='ltr'><strong>η</strong></span> 
     </span>
    </p>
   </div>
   <div class='ocr_carea' id='block_1_119' title="bbox 2075 4903 3653 4979">
    <p class='ocr_par' dir='ltr' id='par_1_119' title="bbox 2075 4903 3653 4979">
     <span class='ocr_line' id='line_1_122' title="bbox 2075 4903 3653 4979; baseline -0.001 -16"><span class='ocrx_word' id='word_1_892' title='bbox 2075 4910 2095 4944; x_wconf 75' lang='grc'>⁵</span> <span class='ocrx_word' id='word_1_893' title='bbox 2124 4903 2372 4979; x_wconf 72' lang='lat' dir='ltr'><strong>Prorius</strong></span> <span class='ocrx_word' id='word_1_894' title='bbox 2417 4903 2615 4963; x_wconf 74' lang='lat' dir='ltr'><strong>tamen</strong></span> <span class='ocrx_word' id='word_1_895' title='bbox 2663 4908 2894 4962; x_wconf 88' lang='lat' dir='ltr'><strong>videtur</strong></span> <span class='ocrx_word' id='word_1_896' title='bbox 2940 4907 3011 4962; x_wconf 92' lang='lat' dir='ltr'><strong>ad</strong></span> <span class='ocrx_word' id='word_1_897' title='bbox 3052 4922 3285 4979; x_wconf 81' lang='lat' dir='ltr'><strong>verum,</strong></span> <span class='ocrx_word' id='word_1_898' title='bbox 3342 4903 3504 4971; x_wconf 88' lang='lat' dir='ltr'><strong>Naid,</strong></span> <span class='ocrx_word' id='word_1_899' title='bbox 3549 4908 3653 4961; x_wconf 78' lang='lat' dir='ltr'><strong>aut</strong></span> 
     </span>
    </p>
   </div>
   <div class='ocr_carea' id='block_1_120' title="bbox 2004 4977 3647 5052">
    <p class='ocr_par' dir='ltr' id='par_1_120' title="bbox 2004 4977 3647 5052">
     <span class='ocr_line' id='line_1_123' title="bbox 2004 4977 3647 5052; baseline -0.002 -16"><span class='ocrx_word' id='word_1_900' title='bbox 2004 4981 2116 5036; x_wconf 87' lang='lat' dir='ltr'><strong>Nod</strong></span> <span class='ocrx_word' id='word_1_901' title='bbox 2144 4977 2250 5052; x_wconf 86' lang='lat' dir='ltr'><strong>pro</strong></span> <span class='ocrx_word' id='word_1_902' title='bbox 2273 4978 2409 5034; x_wconf 88' lang='lat' dir='ltr'><strong>certi</strong></span> <span class='ocrx_word' id='word_1_903' title='bbox 2443 4979 2550 5033; x_wconf 90' lang='lat' dir='ltr'><strong>loci</strong></span> <span class='ocrx_word' id='word_1_904' title='bbox 2584 4979 2820 5052; x_wconf 87' lang='lat' dir='ltr'><strong>nomine</strong></span> <span class='ocrx_word' id='word_1_905' title='bbox 2849 4979 2908 5033; x_wconf 87' lang='lat' dir='ltr'><strong>in</strong></span> <span class='ocrx_word' id='word_1_906' title='bbox 2941 4977 3242 5049; x_wconf 86' lang='lat' dir='ltr'><strong>Scriptura</strong></span> <span class='ocrx_word' id='word_1_907' title='bbox 3270 4980 3647 5052; x_wconf 70' lang='lat' dir='ltr'><strong>usurpatum.</strong></span> 
     </span>
    </p>
   </div>
   <div class='ocr_carea' id='block_1_121' title="bbox 2003 5041 3651 5120">
    <p class='ocr_par' dir='ltr' id='par_1_121' title="bbox 2003 5041 3651 5120">
     <span class='ocr_line' id='line_1_124' title="bbox 2003 5041 3651 5120; baseline -0.002 -14"><span class='ocrx_word' id='word_1_908' title='bbox 2003 5041 2316 5120; x_wconf 72' lang='lat' dir='ltr'><strong>Josephus,</strong></span> <span class='ocrx_word' id='word_1_909' title='bbox 2364 5052 2630 5119; x_wconf 79' lang='lat' dir='ltr'><strong>Antiquit,</strong></span> <span class='ocrx_word' id='word_1_910' title='bbox 2684 5050 2723 5120; x_wconf 65' lang='lat'><strong>1.</strong></span> <span class='ocrx_word' id='word_1_911' title='bbox 2756 5067 2795 5116; x_wconf 84' lang='grc' dir='ltr'>ι,</span> <span class='ocrx_word' id='word_1_912' title='bbox 2847 5067 2897 5105; x_wconf 93' lang='lat' dir='ltr'><strong>c.</strong></span> <span class='ocrx_word' id='word_1_913' title='bbox 2930 5053 2985 5117; x_wconf 87' lang='lat'><strong>2,</strong></span> <span class='ocrx_word' id='word_1_914' title='bbox 3019 5041 3145 5120; x_wconf 62' lang='lat'><strong>&quot;:2</strong></span> <span class='ocrx_word' id='word_1_915' title='bbox 3180 5066 3192 5104; x_wconf 94' lang='lat'><strong>:</strong></span> <span class='ocrx_word' id='word_1_916' title='bbox 3226 5046 3355 5120; x_wconf 56' lang='lat' dir='ltr'><strong>Kai&#39;iv</strong></span> <span class='ocrx_word' id='word_1_917' title='bbox 3407 5041 3651 5120; x_wconf 60' lang='grc' dir='ltr'><strong>’ἱδρύεται</strong></span> 
     </span>
    </p>
   </div>
   <div class='ocr_carea' id='block_1_122' title="bbox 2007 5116 3650 5191">
    <p class='ocr_par' dir='ltr' id='par_1_122' title="bbox 2007 5116 3650 5191">
     <span class='ocr_line' id='line_1_125' title="bbox 2007 5116 3650 5191; baseline -0.002 -16"><span class='ocrx_word' id='word_1_918' title='bbox 2007 5116 2213 5175; x_wconf 61' lang='grc' dir='ltr'><strong>Ναέαδα</strong></span> <span class='ocrx_word' id='word_1_919' title='bbox 2246 5116 2413 5174; x_wconf 65' lang='grc' dir='ltr'>τόπον</span> <span class='ocrx_word' id='word_1_920' title='bbox 2468 5116 2610 5176; x_wconf 70' lang='grc' dir='ltr'><strong>οῧτω</strong></span> <span class='ocrx_word' id='word_1_921' title='bbox 2639 5116 3002 5191; x_wconf 61' lang='grc' dir='ltr'>καλούμενον,</span> <span class='ocrx_word' id='word_1_922' title='bbox 3050 5117 3140 5172; x_wconf 78' lang='grc' dir='ltr'>καὶ</span> <span class='ocrx_word' id='word_1_923' title='bbox 3181 5116 3366 5191; x_wconf 76' lang='grc' dir='ltr'>αὐτόθι</span> <span class='ocrx_word' id='word_1_924' title='bbox 3413 5116 3650 5172; x_wconf 80' lang='grc' dir='ltr'><strong>πόιεῖται</strong></span> 
     </span>
    </p>
   </div>
   <div class='ocr_carea' id='block_1_123' title="bbox 2002 5190 3652 5261">
    <p class='ocr_par' dir='ltr' id='par_1_123' title="bbox 2002 5190 3652 5261">
     <span class='ocr_line' id='line_1_126' title="bbox 2002 5190 3652 5261; baseline 0 -14"><span class='ocrx_word' id='word_1_925' title='bbox 2002 5195 2102 5261; x_wconf 69' lang='grc' dir='ltr'><strong>τὴν</strong></span> <span class='ocrx_word' id='word_1_926' title='bbox 2135 5191 2473 5260; x_wconf 72' lang='grc' dir='ltr'><strong>κατοίκησιν.</strong></span> <span class='ocrx_word' id='word_1_927' title='bbox 2507 5196 2648 5251; x_wconf 81' lang='lat' dir='ltr'><strong>Cain</strong></span> <span class='ocrx_word' id='word_1_928' title='bbox 2676 5190 2853 5248; x_wconf 71' lang='lat' dir='ltr'><strong>Naida</strong></span> <span class='ocrx_word' id='word_1_929' title='bbox 2880 5192 3157 5248; x_wconf 76' lang='lat' dir='ltr'><strong>condidit:</strong></span> <span class='ocrx_word' id='word_1_930' title='bbox 3190 5191 3249 5245; x_wconf 76' lang='lat' dir='ltr'><strong>id</strong></span> <span class='ocrx_word' id='word_1_931' title='bbox 3292 5190 3401 5246; x_wconf 83' lang='lat' dir='ltr'><strong>loci</strong></span> <span class='ocrx_word' id='word_1_932' title='bbox 3446 5206 3652 5247; x_wconf 79' lang='lat' dir='ltr'><strong>nomen</strong></span> 
     </span>
    </p>
   </div>
   <div class='ocr_carea' id='block_1_124' title="bbox 2005 5265 3166 5335">
    <p class='ocr_par' dir='ltr' id='par_1_124' title="bbox 2005 5265 3166 5335">
     <span class='ocr_line' id='line_1_127' title="bbox 2005 5265 3166 5335; baseline -0.003 -14"><span class='ocrx_word' id='word_1_933' title='bbox 2005 5271 2106 5335; x_wconf 82' lang='lat' dir='ltr'><strong>est,</strong></span> <span class='ocrx_word' id='word_1_934' title='bbox 2128 5272 2289 5335; x_wconf 71' lang='lat' dir='ltr'><strong>atque</strong></span> <span class='ocrx_word' id='word_1_935' title='bbox 2316 5265 2438 5320; x_wconf 82' lang='lat' dir='ltr'><strong>illic</strong></span> <span class='ocrx_word' id='word_1_936' title='bbox 2467 5266 2720 5321; x_wconf 81' lang='lat' dir='ltr'><strong>habitare</strong></span> <span class='ocrx_word' id='word_1_937' title='bbox 2749 5266 3166 5319; x_wconf 64' lang='lat' dir='ltr'><strong>constituitetc.</strong></span> 
     </span>
    </p>
   </div>
   <div class='ocr_carea' id='block_1_125' title="bbox 2073 5335 3521 5408">
    <p class='ocr_par' dir='ltr' id='par_1_125' title="bbox 2073 5335 3521 5408">
     <span class='ocr_line' id='line_1_128' title="bbox 2073 5335 3521 5408; baseline -0.001 -17"><span class='ocrx_word' id='word_1_938' title='bbox 2073 5340 2095 5371; x_wconf 76' lang='grc'>⁸</span> <span class='ocrx_word' id='word_1_939' title='bbox 2126 5337 2289 5391; x_wconf 90' lang='lat' dir='ltr'><strong>Unus</strong></span> <span class='ocrx_word' id='word_1_940' title='bbox 2319 5335 2547 5408; x_wconf 62' lang='lat' dir='ltr'><strong>Reginae</strong></span> <span class='ocrx_word' id='word_1_941' title='bbox 2581 5353 2695 5391; x_wconf 89' lang='lat' dir='ltr'><strong>ms.</strong></span> <span class='ocrx_word' id='word_1_942' title='bbox 2734 5337 2953 5391; x_wconf 73' lang='lat' dir='ltr'><strong>Hebreaz</strong></span> <span class='ocrx_word' id='word_1_943' title='bbox 2979 5335 3521 5408; x_wconf 59' lang='lat' dir='ltr'><strong>linguagyeritatem.</strong></span> 
     </span>
    </p>
   </div>
   <div class='ocr_carea' id='block_1_126' title="bbox 2074 5405 3650 5473">
    <p class='ocr_par' dir='ltr' id='par_1_126' title="bbox 2074 5405 3650 5473">
     <span class='ocr_line' id='line_1_129' title="bbox 2074 5405 3650 5473; baseline -0.001 -10"><span class='ocrx_word' id='word_1_944' title='bbox 2074 5410 2093 5442; x_wconf 74' lang='grc' dir='ltr'><strong>τ</strong></span> <span class='ocrx_word' id='word_1_945' title='bbox 2125 5409 2225 5463; x_wconf 84' lang='lat' dir='ltr'><strong>Est</strong></span> <span class='ocrx_word' id='word_1_946' title='bbox 2253 5405 2498 5462; x_wconf 54' lang='lat' dir='ltr'><strong>enim&#39;in</strong></span> <span class='ocrx_word' id='word_1_947' title='bbox 2538 5409 2773 5463; x_wconf 66' lang='lat' dir='ltr'><strong>Hebraeo</strong></span> <span class='ocrx_word' id='word_1_948' title='bbox 2802 5420 2893 5473; x_wconf 60' lang='grc' dir='ltr'><strong>ηε,</strong></span> <span class='ocrx_word' id='word_1_949' title='bbox 2931 5412 3080 5461; x_wconf 80' lang='lat' dir='ltr'><strong>tunc.</strong></span> <span class='ocrx_word' id='word_1_950' title='bbox 3112 5405 3245 5460; x_wconf 81' lang='lat' dir='ltr'><strong>LXX</strong></span> <span class='ocrx_word' id='word_1_951' title='bbox 3267 5405 3650 5462; x_wconf 79' lang='lat' dir='ltr'><strong>l&#39;actalittera-</strong></span> 
     </span>
    </p>
   </div>
   <div class='ocr_carea' id='block_1_127' title="bbox 2002 5476 3649 5571">
    <p class='ocr_par' dir='ltr' id='par_1_127' title="bbox 2002 5476 3649 5571">
     <span class='ocr_line' id='line_1_130' title="bbox 2002 5476 3649 5571; baseline -0.001 -36"><span class='ocrx_word' id='word_1_952' title='bbox 2002 5497 2132 5535; x_wconf 91' lang='lat' dir='ltr'><strong>rum</strong></span> <span class='ocrx_word' id='word_1_953' title='bbox 2168 5478 2475 5535; x_wconf 90' lang='lat' dir='ltr'><strong>metathesi</strong></span> <span class='ocrx_word' id='word_1_954' title='bbox 2509 5491 2577 5571; x_wconf 50' lang='grc' dir='ltr'><strong>τις</strong></span> <span class='ocrx_word' id='word_1_955' title='bbox 2609 5478 2829 5551; x_wconf 90' lang='lat' dir='ltr'><strong>legunt,</strong></span> <span class='ocrx_word' id='word_1_956' title='bbox 2865 5476 3046 5545; x_wconf 73' lang='grc' dir='ltr'>οὗτος,</span> <span class='ocrx_word' id='word_1_957' title='bbox 3079 5477 3185 5532; x_wconf 82' lang='lat' dir='ltr'><strong>hic.</strong></span> <span class='ocrx_word' id='word_1_958' title='bbox 3213 5477 3494 5533; x_wconf 62' lang='lat' dir='ltr'><strong>Craterum</strong></span> <span class='ocrx_word' id='word_1_959' title='bbox 3526 5477 3649 5535; x_wconf 78' lang='lat' dir='ltr'><strong>sive</strong></span> 
     </span>
    </p>
   </div>
   <div class='ocr_carea' id='block_1_128' title="bbox 2004 5565 3650 5639">
    <p class='ocr_par' dir='ltr' id='par_1_128' title="bbox 2004 5565 3650 5639">
     <span class='ocr_line' id='line_1_131' title="bbox 2004 5565 3650 5639; baseline -0.001 -16"><span class='ocrx_word' id='word_1_960' title='bbox 2004 5569 2074 5623; x_wconf 89' lang='lat' dir='ltr'><strong>de</strong></span> <span class='ocrx_word' id='word_1_961' title='bbox 2105 5568 2233 5639; x_wconf 86' lang='lat' dir='ltr'><strong>ipso</strong></span> <span class='ocrx_word' id='word_1_962' title='bbox 2264 5567 2475 5636; x_wconf 88' lang='lat' dir='ltr'><strong>Enoso,</strong></span> <span class='ocrx_word' id='word_1_963' title='bbox 2502 5565 2621 5622; x_wconf 82' lang='lat' dir='ltr'><strong>sive</strong></span> <span class='ocrx_word' id='word_1_964' title='bbox 2653 5568 2724 5623; x_wconf 90' lang='lat' dir='ltr'><strong>de</strong></span> <span class='ocrx_word' id='word_1_965' title='bbox 2754 5569 2881 5638; x_wconf 88' lang='lat' dir='ltr'><strong>ejus</strong></span> <span class='ocrx_word' id='word_1_966' title='bbox 2907 5571 3075 5622; x_wconf 73' lang='lat' dir='ltr'><strong>aetate</strong></span> <span class='ocrx_word' id='word_1_967' title='bbox 3125 5565 3541 5639; x_wconf 82' lang='lat' dir='ltr'><strong>intelligendus</strong></span> <span class='ocrx_word' id='word_1_968' title='bbox 3570 5566 3650 5623; x_wconf 73' lang='lat' dir='ltr'><strong>sit</strong></span> 
     </span>
    </p>
   </div>
   <div class='ocr_carea' id='block_1_129' title="bbox 2004 5635 3643 5712">
    <p class='ocr_par' dir='ltr' id='par_1_129' title="bbox 2004 5635 3643 5712">
     <span class='ocr_line' id='line_1_132' title="bbox 2004 5635 3643 5712; baseline 0 -18"><span class='ocrx_word' id='word_1_969' title='bbox 2004 5635 2167 5695; x_wconf 75' lang='lat' dir='ltr'><strong>locus</strong></span> <span class='ocrx_word' id='word_1_970' title='bbox 2197 5639 2326 5712; x_wconf 83' lang='lat' dir='ltr'><strong>iste,</strong></span> <span class='ocrx_word' id='word_1_971' title='bbox 2353 5638 2567 5693; x_wconf 88' lang='lat' dir='ltr'><strong>mirum</strong></span> <span class='ocrx_word' id='word_1_972' title='bbox 2602 5635 2953 5712; x_wconf 79' lang='lat' dir='ltr'><strong>quantuma</strong></span> <span class='ocrx_word' id='word_1_973' title='bbox 2980 5635 3643 5712; x_wconf 59' lang='lat' dir='ltr'><strong>Judaeorum&#39;opinione,</strong></span> 
     </span>
    </p>
   </div>
   <div class='ocr_carea' id='block_1_130' title="bbox 2003 5709 3644 5787">
    <p class='ocr_par' dir='ltr' id='par_1_130' title="bbox 2003 5709 3644 5787">
     <span class='ocr_line' id='line_1_133' title="bbox 2003 5709 3644 5787; baseline -0.002 -16"><span class='ocrx_word' id='word_1_974' title='bbox 2003 5715 2180 5787; x_wconf 85' lang='lat' dir='ltr'><strong>atque</strong></span> <span class='ocrx_word' id='word_1_975' title='bbox 2206 5710 2358 5768; x_wconf 86' lang='lat' dir='ltr'><strong>inter</strong></span> <span class='ocrx_word' id='word_1_976' title='bbox 2377 5726 2441 5768; x_wconf 87' lang='lat' dir='ltr'><strong>se</strong></span> <span class='ocrx_word' id='word_1_977' title='bbox 2457 5709 2680 5769; x_wconf 81' lang='lat' dir='ltr'><strong>veteres</strong></span> <span class='ocrx_word' id='word_1_978' title='bbox 2701 5710 3012 5769; x_wconf 85' lang='lat' dir='ltr'><strong>Christiani</strong></span> <span class='ocrx_word' id='word_1_979' title='bbox 3054 5710 3254 5772; x_wconf 82' lang='lat' dir='ltr'><strong>Patres</strong></span> <span class='ocrx_word' id='word_1_980' title='bbox 3269 5709 3644 5787; x_wconf 60' lang='lat' dir='ltr'><strong>diuisistith</strong></span> 
     </span>
    </p>
   </div>
  </div>
