3992 6396
406 373 527 441 995

1657 378 1725 439 S.
1768 375 2082 440 EUSEBII
2126 375 2575 439 HIERONYMI

3695 368 3815 437 996

407 509 553 566 mini
585 514 642 565 et
687 508 841 566 818
880 508 942 565 in
995 507 1382 567 similitudine
1430 512 1559 582 ejus
1610 511 1891 567 fabricata
1942 511 2049 580 [AL
2080 509 2337 579 Aannis
2390 508 2600 564 vixisse
2647 509 2803 564 ³14
2848 508 2928 563 sit
2972 508 3185 578 dictus,
3235 506 3383 564 nulli
3429 506 3681 562 dubium
3726 509 3816 564 est

406 598 700 672 fabricati]
732 597 851 654 sint
878 597 1056 655 idola.

479 688 642 761 (Cap.
675 688 743 743 V.
768 717 840 729 —
861 687 1027 743 Vers.
1058 691 1142 758 2.(
1170 712 1199 739 ‹‹
1229 688 1434 745 Virum
1464 693 1522 745 et
1571 688 1879 744 mulierem
1924 687 2059 742 fecit

407 793 527 847 eos,
579 780 636 832 ct
681 776 979 831 benedixit
1020 793 1140 847 eos,
1193 783 1249 833 et
1294 778 1518 834 vocavit
1582 792 1795 833 nomen
1851 793 2055 832 eorum

399 866 611 935 Adam,
703 863 761 920 id
810 869 919 933 est,
988 865 1186 921 homo.
1220 886 1246 918 η
1284 866 1549 923 Hominis
1598 871 1794 921 autem
1844 881 2056 921 nomen

402 955 520 1007 tam
572 950 694 1005 viro
725 967 903 1022 quam
937 952 1166 1007 feminze
1200 953 1523 1009 conveanit.

473 1038 659 1111 (Vers.
694 1040 773 1111 3.)
807 1062 834 1090 «
869 1040 1026 1095 Vixit
1055 1046 1250 1097 autem
1289 1042 1474 1096 Adam
1527 1042 1811 1129 ducentos
1858 1044 1917 1096 et
1943 1039 2055 1094 tri-

399 1129 599 1201 ginta‘
626 1145 833 1200 annos,
868 1135 926 1184 et
957 1130 1161 1201 genuit
1206 1131 1277 1186 ad
1332 1129 1649 1203 imaginem
1690 1135 1748 1185 et
1786 1128 2061 1185 similitu-

402 1217 603 1274 dinem
634 1234 825 1289 suam,
858 1223 914 1273 et
940 1219 1166 1273 vocavit
1194 1235 1408 1274 nomen
1440 1220 1569 1290 ejus
1603 1218 1762 1275 Seth.
1798 1240 1826 1267 »
1858 1218 2055 1273 Scien-

399 1305 542 1362 dum
574 1307 728 1379 quod
763 1324 951 1379 usque
979 1308 1052 1363 ad
1085 1306 1395 1378 diluvium,
1428 1308 1529 1363 ubi
1559 1308 1619 1362 in
1651 1307 1871 1363 nostris
1901 1306 2059 1362 codi-

396 1394 583 1465 cibus,
615 1395 970 1451 dueentorum
1002 1396 1249 1468 etquod
1317 1396 1571 1452 excurrit
1617 1411 1908 1471 annorum
1950 1411 2056 1467 ge-

395 1483 597 1539 nuisse
630 1484 763 1555 quis
794 1484 1030 1553 dicitur,
1067 1483 1127 1539 in
1160 1484 1396 1541 Hebr-mo
1444 1483 1657 1540 habeat
1701 1492 1917 1539 centum
1946 1501 2052 1538 an-

393 1588 511 1641 nos,
543 1577 602 1628 et
629 1572 888 1645 reliquos
902 1581 1002 1643 qui
1020 1578 1381 1645 sequuntur.

467 1660 656 1731 (Vers.
711 1662 845 1731 ἁ.)‹‹
895 1661 1158 1716 Fuerunt
1205 1666 1402 1717 autem
1452 1661 1579 1718 dies
1625 1661 1841 1729 Adam,
1892 1664 2052 1732 post-

394 1766 574 1820 quam
600 1750 806 1821 genuit
838 1749 998 1819 Setb,
1034 1750 1387 1822 septingenti
1421 1751 1580 1805 anni.
1619 1774 1647 1800 ››
1673 1751 1823 1815 Quia
1852 1750 1911 1806 in
1943 1749 2050 1804 du-

392 1837 577 1893 centis
605 1843 914 1907 erraverat,
964 1843 1395 1909 consequenter
1446 1838 1540 1893 hic
1589 1840 1788 1910 posuit
1818 1838 2041 1910 septin-

395 1931 618 1999 gentos,
652 1942 787 1981 cum
819 1926 879 1981 in
910 1925 1146 1981 Hebraeo
1180 1926 1273 1982 hic
1330 1927 1613 1983 habeatur
1656 1928 2051 1999 octingentos:

393 2020 450 2069 et
478 2032 657 2087 supra
685 2018 943 2071 centum.

462 2103 649 2176 (Vers.
680 2104 793 2169 25.)
840 2127 867 2153 «
921 2105 989 2159 Et
1031 2104 1171 2160 vixit
1215 2104 1545 2161 Mathusala
1591 2105 1763 2160 annis
1807 2110 2043 2160 centum

392 2194 699 2265 sexaginta
726 2198 971 2265 septem,
1006 2197 1063 2249 et
1090 2194 1294 2266 genuit
1326 2194 1596 2250 Lamecb.
1631 2196 1701 2249 Et
1749 2194 1891 2249 vixit
1928 2198 2044 2250 Ma-

391 2282 643 2353 thusala,
678 2288 992 2355 postquam
1024 2282 1228 2354 genuit
1286 2283 1559 2353 Lamech,
1616 2300 1801 2339 annos
1849 2284 2041 2339 octin-

399 2376 605 2445 gentos
637 2372 807 2437 duos,
835 2375 892 2427 et
919 2372 1124 2443 genuit
1172 2371 1327 2429 ﬁlios
1378 2376 1435 2428 et
1484 2371 1655 2428 ﬁlias.
1710 2372 1778 2426 Et
1810 2373 2048 2428 fuerunt

398 2477 609 2518 omnes
639 2460 765 2517 dies
792 2459 1156 2530 Mathusalae,
1188 2477 1338 2534 quos
1384 2461 1545 2531 vixit,
1597 2462 1733 2516 anni
1784 2464 2044 2533 nongent

389 2549 686 2622 sexaginta
727 2566 959 2619 novem,
989 2554 1047 2605 et
1076 2554 1346 2606 mortuus
1392 2554 1503 2606 est.
1531 2572 1558 2600 ››
1610 2550 1857 2606 Famosa
1879 2566 2041 2621 qum-

386 2639 498 2694 stio
518 2640 559 2709 ',
592 2641 649 2693 et
678 2638 1073 2709 disputatione
1113 2638 1378 2694 omnium
1412 2638 1805 2695 Ecclesiarum
1847 2639 2034 2694 venti-

386 2727 523 2796 lata,
557 2726 714 2798 quod
736 2726 906 2796 juxta
954 2725 1293 2797 diligentem
1340 2727 1839 2800 supputationem,
1892 2743 2036 2798 qua-

382 2813 707 2871 tuordecim
737 2830 924 2869 annos
953 2819 1087 2886 post
1127 2813 1415 2870 diluvium
1466 2814 1797 2871 Mathusala
1819 2814 2033 2871 vixisse
2078 2832 2081 2841 λ

384 2904 685 2960 referatur.
721 2902 949 2958 Etenim
980 2919 1115 2958 cum
1167 2907 1321 2959 esset
1371 2903 1703 2959 Mathusala
1741 2921 2029 2960 annorum

384 2996 619 3049 centum
647 2992 952 3063 sexaginta
983 2996 1205 3064 septem
1238 2994 1444 3063 genuit
1474 2992 1746 3049 Lamecb.
1772 2993 2029 3049 Rursum

386 3080 658 3151 Lamech,
712 3097 845 3136 cum
893 3085 1049 3136 esset
1100 3097 1387 3136 annorum
1443 3085 1677 3137 centum
1736 3082 2030 3154 octoginta

380 3175 539 3241 octo,
573 3169 775 3242 genuit
805 3169 942 3224 Noe.
985 3170 1052 3224 Et
1103 3170 1254 3224 ﬁunt
1306 3169 1483 3225 simul
1537 3187 1722 3242 usque
1771 3172 1843 3225 ad
1885 3171 2039 3226 diem

2083 1883 2131 1947 B

2170 597 2614 668 quatuordecim
2643 614 2778 652 eum
2838 614 3023 653 annos
3070 596 3282 653 vixisse
3319 598 3453 669 post
3496 594 3812 655 diluvium.

2168 686 2238 740 Et
2268 686 2559 756 quomodo
2588 702 2790 741 verum
2822 691 2931 752 est,
2965 687 3121 758 quod
3154 690 3281 741 octo
3323 688 3557 740 tantum
3600 682 3809 740 animo

2167 773 2227 828 in
2255 791 2388 829 arca
2419 772 2589 829 salvas
2624 774 2785 830 facta:
2817 779 2958 830 sunt
2976 775 3004 829 ?
3026 775 3225 831 Restat
3243 789 3403 846 ergo,
3427 777 3496 828 ut
3519 773 3809 846 quomodo

2167 862 2227 917 in
2253 862 2566 935 plerisque,
2600 862 2682 919 ita
2710 867 2766 918 et
2794 863 2854 919 in
2884 863 2995 919 hoc
3020 864 3097 920 sit
3125 880 3287 919 error
3318 862 3379 917 in
3426 878 3690 918 numero.
3721 861 3810 917 Si-

2166 952 2404 1022 quidem
2436 955 2493 1007 et
2531 955 2590 1007 in
2640 950 2897 1008 Hebreis
2944 957 3003 1008 et
3050 951 3591 1009 Samaritanorum’
3620 950 3809 1021 libris,

2166 1039 2250 1095 ita
2280 1040 2564 1112 scriptum
2595 1040 2820 1113 reperi:
2855 1065 2881 1091 «
2912 1042 2981 1096 Et
3027 1042 3169 1096 vixit
3208 1038 3539 1096 Mathusala
3567 1043 3806 1096 centum

2165 1130 2463 1202 octoginta
2482 1134 2707 1201 septem
2731 1130 2925 1197 annis,
2947 1135 3001 1186 et
3019 1129 3264 1202 gennuit
3283 1128 3553 1185 Lamecb.
3583 1129 3654 1183 Et
3669 1128 3809 1184 vixit

2164 1216 2514 1288 Mathusala,
2549 1224 2859 1290 postquam
2882 1218 3085 1291 genuit
3108 1217 3381 1289 Lamech,
3405 1218 3809 1290 septingentos

2163 1306 2458 1379 octoginta
2487 1307 2635 1362 duos
2665 1324 2850 1362 annos
2881 1312 2937 1363 et
2981 1307 3185 1380 genuit
3231 1306 3382 1363 ﬁlios
3430 1311 3487 1361 et
3533 1305 3706 1361 ﬁlias.
3739 1305 3809 1361 Et

2164 1396 2401 1451 fuerunt
2428 1412 2633 1451 omnes
2654 1395 2779 1451 dies
2801 1395 3165 1463 Mathusalae,
3192 1396 3328 1452 anni
3350 1396 3629 1468 nongenti
3650 1410 3807 1450 sexa-

2163 1485 2328 1557 ginta
2358 1500 2564 1540 novem
2595 1489 2651 1540 et
2681 1490 2951 1541 mortuus
2980 1490 3088 1541 est.
3125 1485 3192 1541 Et
3222 1484 3364 1540 vixit
3394 1483 3640 1540 Lamech
3671 1500 3805 1540 cen-

2162 1578 2291 1628 tum
2321 1573 2617 1644 octoginta
2642 1574 2875 1629 duobus
2904 1574 3094 1643 annis,
3119 1577 3175 1628 et
3203 1572 3408 1644 genuit
3432 1572 3569 1629 Noe.
3593 1593 3621 1621 »
3645 1572 3691 1626 A
3711 1571 3803 1628 die

2162 1678 2298 1733 ergo
2330 1661 2647 1717 nativitatis
2680 1661 3046 1728 Mathusalae,
3100 1678 3287 1733 usque
3329 1661 3400 1716 ad
3455 1660 3610 1716 diem
3641 1663 3804 1715 ortus

2161 1751 2297 1820 Noe,
2332 1754 2469 1806 sunt
2501 1751 2635 1805 anni
2671 1750 2912 1806 trecenti
2942 1750 3243 1823 sexaginta
3264 1765 3472 1805 novem
3499 1766 3512 1804 :
3538 1748 3631 1804 bis
3654 1749 3803 1805 adde

2162 1844 2462 1895 sexcentos
2506 1856 2690 1895 annos
2740 1840 2888 1895 Noe:
2937 1839 3155 1911 quiain
3206 1837 3624 1895 sexcentesimo
3671 1838 3803 1893 vitae

2162 1929 2290 1999 ejus
2321 1945 2473 1984 anno
2507 1930 2725 1983 factum
2756 1933 2845 1984 est
2874 1926 3196 1983 diluvium:
3249 1933 3423 1999 atque
3472 1926 3555 1981 ita
3600 1926 3686 1993 ﬁt,
3738 1930 3804 1982 ut

2157 2019 2603 2090 nongentesimo
2623 2017 2982 2090 sexagesimo
3014 2033 3168 2072 nono
3181 2015 3309 2071 vitae
3331 2032 3449 2072 suae
3473 2014 3804 2071 Mathusala

2158 2111 2426 2163 mortuus
2462 2106 2559 2171 sit,
2609 2122 2675 2162 eo
2725 2123 2897 2176 anno,
2946 2123 3061 2178 quo
3111 2105 3285 2177 coepit
3331 2119 3462 2160 esse
3491 2102 3799 2159 diluvium.

2228 2196 2412 2268 (Vers.
2444 2197 2561 2267 29.)
2599 2216 2626 2248 α
2659 2197 2724 2251 Et
2751 2195 2977 2251 vocavit
3008 2211 3221 2250 nomen
3252 2194 3379 2265 ejus
3408 2193 3545 2259 Noe,
3569 2192 3799 2249 dicens:

2156 2283 2270 2338 Iste
2302 2284 2666 2355 requiescere
2696 2300 2802 2338 nos
2852 2282 3025 2339 faciet
3075 2283 3147 2338 ab
3191 2280 3468 2354 operibus
3496 2280 3738 2337 nostris.
3774 2304 3801 2331 ι»

2158 2372 2278 2429 Nos
2304 2374 2441 2445 (ηε),
2475 2374 2691 2443 requies
2720 2372 3155 2443 interpretatur.
3188 2370 3276 2426 Ab
3307 2386 3374 2427 eo
3402 2369 3601 2443 igitur,
3642 2370 3802 2442 quod

2155 2462 2264 2516 sub
2289 2461 2386 2517 illo
2413 2461 2613 2518 omnia
2633 2466 2786 2518 retro
2807 2476 2983 2533 opera
2999 2460 3345 2532 quieverunt
3369 2475 3473 2531 per
3487 2458 3797 2531 diluvium,

2155 2549 2485 2622 appellatus
2518 2554 2606 2605 est
2639 2550 2895 2621 requies.

2226 2638 2389 2709 (Cap.
2423 2637 2516 2693 VI.
2551 2670 2615 2679 —
2648 2637 2810 2693 Vers.
2845 2637 2926 2707 2.)
2960 2659 2982 2687 α
3015 2635 3294 2691 Videntes
3327 2638 3519 2691 autem
3563 2634 3666 2689 ﬁlii
3698 2634 3800 2691 Dei

2152 2727 2304 2782 ﬁlias
2336 2726 2666 2793 hominum,
2701 2726 2840 2798 quia
2862 2726 3024 2781 bonas
3045 2728 3201 2782 sunt.
3231 2747 3258 2774 ››
3280 2724 3539 2781 Verbum
3560 2723 3799 2780 Hebrai-

2152 2832 2286 2870 cum
2317 2832 2489 2870 ELOIM
2522 2799 2782 2887 (amba),
2815 2813 3150 2870 communis
3177 2817 3268 2871 est
3296 2812 3519 2869 numeri
3546 2830 3560 2881 ;
3584 2816 3642 2868 et
3660 2814 3800 2871 Deus

2150 2904 2365 2976 quippe
2397 2910 2454 2960 et
2484 2903 2566 2959 dii
2606 2903 2880 2959 similiter
2921 2902 3324 2975 appellantur:
3378 2905 3609 2975 propter
3640 2901 3798 2973 quod

2149 2992 2361 3064 Aquila
2390 2992 2602 3065 plurali
2639 3008 2903 3061 numero,
2937 2992 3080 3061 ﬁlios
3111 2991 3340 3047 deorum
3368 3006 3548 3047 ausus
3577 2994 3668 3045 est
3706 2990 3796 3045 di-

2150 3099 2298 3148 cere,
2333 3082 2472 3137 deos
2505 3081 2837 3154 intelligens
2886 3085 3140 3149 sanctos,
3194 3080 3316 3135 sive
3357 3078 3612 3152 angelos.
3655 3080 3801 3134 Deus

2150 3173 2298 3226 enim
2343 3173 2487 3226 stetit
2528 3173 2591 3226 in
2642 3186 2925 3241 synagoga
2967 3169 3228 3224 deorum:
3281 3170 3341 3224 in
3386 3167 3562 3225 medio
3613 3172 3800 3225 autem

384 3257 705 3315 nativitatis
736 3258 875 3327 Noe,
901 3257 1185 3313 annivitaa
1210 3257 1570 3329 Mathusalae,
1595 3260 1839 3315 trecenti
1863 3260 2038 3329 quin-
2066 3251 2108 3317 C
2146 3259 2268 3315 deos
2306 3258 2572 3315 discernit
2602 3258 2707 3331 [ΑΙ.
2739 3258 3026 3330 dijudicat]
3060 3257 3229 3329 (Psal.
3278 3274 3461 3323 Lxxxr,
3508 3257 3579 3329 1).
3630 3257 3801 3316 Unde

385 3347 665 3419 quaginta
685 3345 965 3418 quinque.
999 3346 1432 3403 Sexcentesimo
1464 3352 1658 3403 autem
1715 3364 1868 3404 anno
1902 3349 2028 3403 vitzs

384 3425 523 3505 Noe,
557 3433 851 3490 diluvium
885 3434 1103 3490 factum
1134 3438 1243 3491 est.
1277 3437 1355 3490 Ac
1388 3451 1490 3507 per
1521 3435 1649 3505 hoc,
1674 3435 1877 3491 habita
1907 3454 2020 3509 sup

382 3522 683 3597 putatione
703 3539 806 3595 per
828 3529 1043 3594 partes,
1070 3523 1513 3594 nongentesimo
1536 3525 2029 3597 quinquagesimo

383 3613 589 3686 quinto
636 3629 790 3667 anno
839 3612 1185 3682 Mathusala,
1232 3612 1517 3668 diluvium
1570 3614 1749 3669 fuisse
1789 3614 2034 3669 convin-

380 3702 552 3758 citur.
575 3700 721 3757 Cum
739 3705 931 3757 autem
954 3717 1136 3773 supra
1165 3702 1482 3774 nongentis
1505 3702 1808 3775 sexaginta
1830 3719 2038 3757 novem

381 3846 458 3901 Ex
484 3844 726 3915 Judaais,
760 3844 861 3915 qui
913 3844 981 3917 in,
1020 3843 1238 3917 malam
1290 3849 1513 3917 partem
1559 3843 2039 3917 interpretantur,

379 3917 722 3972 nominandi
740 3932 879 3987 cum
898 3916 1111 3987 primis
1133 3920 1275 3971 sunt
1294 3916 2042 3987 ParaphrastesChaldzeus

422 3987 481 4043 ui
513 3988 692 4042 Rabbi
723 3986 1036 4042 Jonatham
1061 3987 1373 4043 Ben-Uziel
1397 3986 1635 4055 dicitur,
1661 3993 1717 4043 et
1738 3988 2041 4045 Chaldaeus

430 4058 652 4127 nkelos,
688 4057 948 4130 itemque
977 4058 1386 4129 Maimonides,
1423 4060 1480 4114 S.
1516 4058 1784 4130 Cyrillus,
1838 4059 1939 4115 lib.
1983 4077 2040 4115 Ix

377 4138 574 4203 contra
601 4129 915 4203 lulianum,
949 4134 1092 4203 sect.
1128 4132 1177 4200 1,
1200 4131 1421 4203 scribit
1467 4146 1502 4203 ς),
1551 4131 1763 4203 Moyse
1794 4131 2039 4186 indicari

382 4201 641 4274 Enosum
664 4199 736 4255 ab
759 4199 1097 4274 hominibus
1120 4201 1211 4256 sui
1236 4200 1515 4273 temporis
1539 4199 1714 4257 deum
1743 4202 1921 4258 fuisse
1943 4219 2041 4274 ap-

379 4270 661 4344 pellatum
715 4276 856 4345 tum;
886 4273 1125 4345 honoris
1175 4270 1375 4343 causa;
1420 4288 1554 4327 cum
1615 4274 1687 4328 ob
1738 4270 2035 4345 pietatem,

382 4343 564 4433 ἐιρεξεη
585 4360 711 4433 ,ΡΓέθ
734 4343 1162 4433 samera-$-
1181 4360 1328 4433 ,ιἐξιῖο
1360 4345 1679 4433 Assem
1731 4343 1842 4433 Ψ».
1864 4363 1936 4433 1"
1955 4343 2041 4433 ξιξ

381 4415 544 4487 (linit.
580 4416 693 4487 Dei,
727 4430 856 4485 cap.
910 4416 995 4482 18,
1048 4416 1131 4470 sic
1178 4415 1638 4487 interpretatur:
1676 4437 1703 4464 ‹‹
1738 4416 1884 4487 Quid
1920 4416 2034 4472 sibi

378 4486 506 4541 vult
553 4486 838 4557 :Speravit
888 4488 1143 4542 invocare
1188 4486 1389 4557 nomen
1437 4487 1668 4557 Domini
1729 4488 1829 4541 Dei
1846 4486 1889 4557 ῗΔ
1923 4487 2036 4543 nisi

380 4557 525 4630 quia
562 4555 867 4630 prophetia
913 4562 1019 4628 est,
1044 4556 1403 4630 exoriturum
1437 4556 1739 4628 populum,
1794 4555 1895 4630 qui
1946 4573 2037 4630 se:

2150 3353 2206 3403 et
2258 3347 2648 3420 Symmachus
2703 3345 3038 3402 istiusmodi
3088 3363 3329 3401 sensum
3381 3362 3653 3418 sequens,
3716 3346 3801 3403 ait

2152 3461 2177 3486 ‹‹
2240 3436 2517 3492 Videntes
2570 3435 2673 3491 ﬁlii
2730 3434 3242 3509 potentium‘ﬁlia
3299 3433 3624 3505 hominum,
3662 3460 3687 3487 ι
3738 3440 3797 3491 et

2152 3528 2409 3687 regis];
2441 3616 2521 3686 3.)
2555 3635 2582 3663 «
2614 3614 2683 3669 Et
2730 3612 2873 3668 dixit
2920 3613 3207 3670 Dominus
3256 3612 3449 3669 Deus:
3498 3612 3623 3668 Non
3657 3628 3794 3685 per-

2151 3704 2448 3761 manebit“
2478 3703 2722 3775 spiritus
2754 3719 2921 3759 meus
2942 3703 3002 3758 in
3028 3702 3366 3759 hominibus
3389 3702 3517 3757 istis
3538 3701 3597 3757 in
3626 3705 3797 3759 aeter-

2152 3846 2306 3902 unde
2328 3849 2418 3901 est
2445 3844 2504 3899 in
2537 3844 2710 3900 aliam
2743 3860 2847 3916 per
2871 3845 3214 3916 interpretes
3236 3844 3385 3916 facta
3403 3843 3738 3916 translatio.
3767 3867 3798 3894 ιι

2151 3920 2219 3973 Et
2246 3922 2462 3986 tamen,
2496 3916 2699 3972 eodem
2731 3915 3040 3985 referente,
3069 3938 3096 3965 ‹‹
3137 3916 3197 3971 In
3246 3915 3601 3987 quibusdam
3630 3915 3798 3972 codi-

2150 3990 2335 4054 cibus,
2366 3989 2577 4043 Grmcis
2608 3987 2817 4060 tribus,
2842 4004 2958 4043 uno
2981 3988 3187 4060 Latino
3216 3993 3273 4043 et
3302 4004 3417 4060 uno
3436 3987 3615 4060 etiam
3648 3987 3796 4060 Syro

2149 4062 2303 4116 inter
2331 4076 2393 4115 se
2424 4058 2942 4127 consentientibus,
2976 4058 3245 4114 inventus
3273 4062 3361 4114 est
3398 4057 3794 4115 Mathusalem

2148 4150 2244 4188 sex
2278 4132 2448 4187 annis
2470 4136 2602 4186 ante
2631 4129 2918 4185 diluvium
2949 4130 3131 4185 fuisse
3161 4130 3540 4185 defunctus.»

2217 4205 2239 4237 ³
2268 4203 2427 4259 Alios
2456 4203 2516 4256 in
2562 4202 2929 4257 Samaritano
2978 4202 3174 4257 codice
3221 4201 3291 4256 de
3339 4198 3683 4256 Mathusalae
3733 4204 3796 4256 et

2147 4274 2418 4329 Lamechi
2448 4277 2615 4327 aetate
2635 4290 2820 4327 annos
2842 4278 3165 4344 enumerat,
3190 4271 3444 4344 legitque
3466 4271 3792 4344 Eusebius:

2149 4363 2264 4416 qua
2281 4346 2351 4399 de
2373 4361 2551 4416 causa
2576 4344 2870 4399 memoriae
2890 4344 3120 4416 lapsum
3141 4319 3485 4416 iiieiionjymo
3508 4342 3796 4416 impingit

2146 4414 2430 4471 Seldenus
2460 4414 3044 4484 PrwfatinlMarm'or.
3061 4414 3335 4470 Arundel.
3351 4414 3566 4470 Verum
3598 4414 3793 4470 multo

2146 4493 2236 4541 est
2255 4485 2665 4555 verosimilius,
2710 4485 3005 4542 diversum
3047 4488 3119 4542 ab
3158 4485 3795 4542 illoEusebiiSamari—

2146 4562 2350 4612 tanum
2383 4557 2681 4628 exemplar
2706 4558 2763 4613 S.
2798 4559 3093 4613 doctorem
3122 4557 3301 4614 fuisse
3349 4556 3794 4628 nactumnVide

379 4616 641 4701 cundum
664 4616 1221 4701 elrectionem’gratiae
1244 4616 1536 4701 invocaret
1558 4643 1632 4682 no
1646 4616 2035 4701 menDomini
2067 4616 2114 4681 D
2144 4628 2379 4701 Bedam,
2413 4627 2527 4701 lib,
2549 4616 2617 4683 de
2648 4630 3083 4701 sexdﬂtatibus,
3114 4633 3170 4685 et
3199 4627 3797 4701 FreculphumgLexo-

378 4699 564 4756 Dei?»
597 4700 814 4756 Omitto
862 4697 1110 4755 aliorum
1161 4699 1499 4765 sententias,
1551 4714 1696 4769 quas
1744 4697 1872 4768 ejus
1921 4698 2033 4756 loci

379 4773 731 4843 interpretes
760 4770 1025 4843 laudant.

451 4846 466 4879 ¹
501 4837 801 4898 Palatinus
833 4842 984 4909 cod.,
1016 4840 1107 4896 cui
1140 4839 1282 4895 alter
1305 4855 1334 4893 e
1367 4838 1597 4894 duobus
1630 4837 1860 4909 Reginae
1891 4856 2029 4896 con-

378 4918 569 4978 sonat,
600 4914 856 4968 ducentos
888 4923 941 4968 et
970 4913 1192 4980 viginti.
1223 4911 1356 4974 Qua:
1393 4926 1559 4982 porro
1588 4926 1790 4982 causa
1831 4912 2028 4982 fuerit,

380 5003 486 5042 cur
514 4990 752 5041 centum
784 5001 970 5039 annos
1003 4982 1285 5037 adderent
1322 4981 1705 5052 Septuaginta
1735 4983 1888 5038 aatati
1922 4988 2027 5040 Pa-

378 5056 790 5122 triarcharum,
840 5060 1155 5125 antequam
1206 5052 1479 5108 dicantur
1524 5053 1821 5125 genuisse,
1865 5056 2026 5126 igno-

390 5134 573 5254 m’wSl?
594 5210 827 5268 quoque
856 5194 1248 5268 Augustinus,
1281 5193 1389 5268 lib.
1416 5212 1486 5249 xv
1514 5194 1578 5249 de
1611 5194 1774 5249 Civit.
1808 5197 1923 5261 Dei,
1969 5215 2022 5256 c.

382 5272 482 5327 13:
516 5266 884 5337 Quinctianem
914 5266 1348 5337 famosissimum
1380 5267 1529 5322 hanc
1560 5272 1725 5322 vocat
1754 5272 1812 5322 et
1844 5268 1947 5324 lib.
1983 5287 2022 5324 ιι

376 5343 440 5398 de
466 5343 675 5411 Peccat.
709 5340 854 5411 orig.
896 5338 969 5391 iis
1002 5337 1370 5411 adnumerat,
1396 5355 1524 5411 quis
1548 5338 1828 5411 ignorari,
1863 5340 2024 5396 salva

378 5414 493 5493 fide
522 5407 883 5493 Christiana,
909 5414 1173 5493 possunt.
1207 5410 1314 5493 Sed
1355 5407 1539 5493 nulla,
1574 5407 1640 5493 ut
1659 5410 2023 5493 vides,juxta

380 5483 792 5553 Hebraeum__et
840 5478 1146 5552 Vulgatam
1191 5481 1506 5537 difﬁcultas
1553 5485 1680 5536 est:
1726 5478 2021 5553 siquidem

377 5556 506 5625 ipso
537 5548 740 5625 diluvii
772 5566 925 5606 anno
954 5548 1286 5608 'defunctus
1332 5553 1659 5625 Mathusala
1706 5548 2018 5625 reperitur.

430 5624 607 5698 ptime
632 5620 769 5698 adcr
793 5626 1061 5698 notatum,
1084 5630 1173 5680 est
1196 5626 1521 5697 Augustino
1551 5624 1676 5679 loco
1701 5620 1875 5698 modo
1894 5625 2021 5682 lau-

378 5692 606 5774 dato'de
630 5692 788 5757 Civil.
819 5697 966 5763 Dei;
988 5719 1015 5751 ‹‹
1046 5697 1112 5756 Ei
1139 5692 1336 5773 potius
1383 5698 1599 5772 linguae
1632 5695 2014 5768 credendum,

2141 4700 2292 4773 vion.
2327 4698 2369 4755 t.
2404 4717 2422 4754 ι
2473 4698 2706 4773 (ξω-οι).9
2741 4700 2840 4773 lib.
2892 4718 2933 4773 1.
2966 4698 3092 4772 cap.
3141 4702 3226 4769 16,
3270 4698 3794 4773 Hieronymiana'n

2140 4771 2355 4826 hancce
2386 4771 2716 4842 pericopem
2752 4771 3167 4828 describentes.

2208 4845 2231 4877 ι
2258 4840 2453 4915 Grasse
2482 4840 2655 4915 est—in
2704 4843 2933 4915 Catenis
2966 4860 3108 4899 mss.
3158 4859 3336 4915 penes
3379 4840 3790 4915 Montfaucon.

2136 4917 2242 4996 τῶν
2279 4910 2729 4996 δυναστευόντίων.
2762 4914 2959 4985 Neque
2994 4910 3371 4996 porro-hujus
3400 4917 3489 4969 est
3528 4911 3797 4996 loci_Ve_-

2139 4990 2326 5041 terum
2348 4986 2739 5058 quorumdam
2759 4982 3488 5058 sententiamimpugnare,
3509 5000 3634 5058 qua:
3649 4982 3789 5058 fert,

2136 5055 2411 5138 Angelos,
2445 5056 2665 5138 quibus
2689 5057 2863 5138 bene,
2883 5057 3163 5138 aut_ma1e
3184 5055 3390 5138 agendi
3422 5055 3796 5138 facultas‘da-

2136 5126 2312 5199 retur,
2349 5126 2600 5199 feminas
2634 5128 3183 5199 deperiisse,iisque
3203 5126 3444 5199 functos
3469 5126 3791 5198 connubio,

2135 5198 2315 5272 quam
2362 5198 2620 5272 fabulam
2669 5198 2875 5272 auctor
2917 5199 3021 5272 libi
3087 5198 3317 5272 Henoch
3387 5199 3643 5272 creditur
3675 5198 3793 5272 _in-

2132 5269 2375 5327 vexisse.
2408 5271 2643 5343 Jamdiu
2676 5270 2776 5325 illa
2807 5270 3051 5337 obtinet,
3089 5289 3214 5343 quae
3250 5271 3643 5343 plurimorum
3673 5269 3792 5343 P_a-_-

2133 5347 2291 5399 trum
2339 5348 2446 5412 est,
2491 5342 2788 5413 traditque
2837 5343 3072 5398 nomine
3108 5339 3389 5399 Filiorum
3446 5343 3561 5413 Dei,
3618 5339 3791 5413 Sethi

2132 5421 2396 5486 posteros
2411 5411 2709 5486 denotari,
2746 5430 2894 5484 quos
2924 5419 3239 5470 sanctorum
3269 5414 3461 5470 liberos
3485 5411 3785 5486 ipseHie-

2131 5482 2255 5550 ron,
2295 5484 2465 5558 paulo
2497 5484 2651 5539 infra
2678 5482 2861 5558 vocat,
2898 5486 3134 5558 nomine
3163 5502 3296 5542 vero
3327 5482 3573 5556 ﬁliarum
3606 5482 3788 5541 homi-

2127 5556 2483 5625 num,'natas
2515 5572 2585 5611 ex
2616 5556 2865 5628 posteris
2896 5557 3059 5612 Cain.

2197 5647 2217 5680 δ
2249 5645 2609 5709 ΞοὶιὶοθιἾἹἾἺ
2642 5630 2737 5711 R5.
2767 5645 2885 5702 Non.
2903 5646 3214 5705 contendet.
