3992 6444
185 411 362 501 99a.

1235 402 1471 470 LIBER
1514 406 1752 470 HEBR.
1798 406 2103 480 QUEST.
2146 407 2228 471 IN
2274 406 2554 473 GENES.

3484 412 3613 487 999,2

185 559 355 611 num,
390 542 531 615 quia
578 556 785 599 carnes
835 546 991 599 sunt.
1030 564 1057 590 ››
1114 543 1177 596 In
1227 542 1461 597 Aeber
1508 543 1657 597 315
1691 542 1839 598 seri-
1870 545 1917 609 Α
1954 544 2188 598 Hebraeo
2216 544 2433 611 dicitur
2456 560 2468 598 :
2495 566 2523 593 ‹‹
2555 542 2674 599 Noe
2700 542 2791 599 vir
2811 542 3036 614 justus,
3067 544 3362 615 perfectus
3390 545 3601 602 eratin

184 636 355 705 ptum
387 636 511 688 est:
546 655 574 683 «
605 633 732 688 Non
756 631 1051 703 judicabit
1080 630 1323 702 spiritus
1375 647 1539 685 meus
1575 632 1840 685 homines

186 722 334 791 istos
364 721 426 775 in
458 721 908 792 sempiternum,
941 720 1080 792 quia
1128 736 1261 774 caro
1313 723 1453 773 sunt
1481 736 1494 786 ;
1529 740 1556 768 »
1590 718 1698 773 hoc
1728 723 1838 785 est,

185 811 327 883 quia
354 808 580 882 fragilis
630 814 720 864 est
770 809 829 863 in
879 808 1118 863 homine
1175 807 1454 872 conditio,
1493 824 1609 863 non
1638 824 1737 863 eos
1768 808 1841 862 ad

186 904 435 955 aeternos
467 899 709 953 servabo
743 898 1078 952 cruciatus:
1115 897 1216 951 sed
1250 895 1345 951 hic
1387 895 1505 951 illis
1538 896 1839 951 restituam

184 988 342 1061 quod
376 990 695 1042 merentur.
725 986 870 1058 Ergo
895 1002 1010 1041 non
1033 985 1423 1052 severitatem,
1449 989 1511 1039 ut
1532 984 1592 1038 in
1626 986 1843 1040 nostris

187 1076 492 1132 codicibus
522 1074 755 1148 legitur,
788 1075 889 1130 sed
922 1074 1293 1130 clementiam
1325 1073 1426 1128 Dei
1472 1077 1660 1140 sonat,
1699 1074 1841 1128 dum

190 1169 464 1237 peccator
512 1164 606 1220 hic
653 1180 758 1235 pro
813 1180 919 1219 suo
964 1162 1181 1220 scelere
1228 1162 1518 1218 visitatur.
1580 1161 1741 1217 Unde
1788 1165 1846 1216 et

192 1254 381 1310 iratus
428 1253 583 1309 Deus
640 1252 904 1324 loquitur
960 1253 1031 1307 ad
1091 1251 1418 1323 quosdam:
1469 1251 1580 1306 Non
1612 1251 1843 1305 visztabo

190 1343 349 1412 ﬁlias
376 1357 585 1411 eorum,
619 1357 741 1396 cum
770 1340 980 1411 fuerint
1003 1341 1316 1411 fornicataz,
1343 1342 1395 1394 et
1414 1354 1635 1409 sponsas
1656 1354 1846 1393 eorum

192 1446 318 1484 cum
345 1428 968 1500 adulteraverintwsee
1020 1446 1092 1498 vr,
1154 1428 1262 1497 Μ).
1324 1428 1390 1481 Et
1447 1427 1504 1480 in
1536 1426 1647 1482 alio
1680 1426 1841 1482 loco:

198 1518 441 1573 Visitabo
483 1520 541 1573 in
592 1519 747 1587 virga
795 1518 1115 1588 iniquitates
1166 1532 1377 1586 eorum,
1427 1519 1477 1571 et
1526 1516 1587 1570 in
1613 1515 1847 1587 ﬂagellis

186 1615 410 1674 peccata
461 1622 649 1661 eorum
680 1624 698 1660 :
760 1609 1130 1662 verumtamen
1168 1603 1604 1659 misericordiam
1669 1618 1847 1658 meam

184 1710 304 1749 non
335 1694 595 1768 auferam
622 1694 690 1748 ab
719 1695 800 1748 eis
831 1693 1006 1764 (Psal.
1062 1710 1331 1749 Lxxxvm.
1385 1693 1473 1760 33,
1524 1692 1636 1763 34).
1672 1692 1845 1747 Porro

187 1799 264 1839 ne
293 1783 590 1839 videretur
620 1782 679 1837 in
712 1800 776 1838 eo
809 1800 937 1839 esse
968 1782 1249 1849 crudelis,
1281 1783 1435 1854 quod
1468 1780 1847 1854 peccantibus

1950 632 2423 700 generationibus
2456 632 2618 687 suis:
2655 649 2790 687 cum
2822 631 2936 687 Deo
2967 622 3309 688 ambulabat
3337 635 3444 706 [Λι.
3470 651 3597 690 am-

1952 720 2139 790 bulat)
2170 721 2284 776 Noe
2311 740 2323 789 ;
2359 742 2388 770 ››
2422 721 2532 777 hoc
2560 726 2650 777 est
2679 721 2838 776 illius
2864 721 3108 793 vestigia
3138 723 3513 793 sequebatur.

2023 811 2209 881 (Vers.
2243 810 2354 877 14.)
2376 833 2402 859 ‹‹
2441 814 2547 865 Fac
2566 809 2671 865 tibi
2703 827 2899 865 arcam
2930 812 3001 866 de
3019 810 3197 883 lignis
3225 812 3555 883 quadratis.
3576 835 3601 864 ι

1951 897 2059 952 Pro
2091 899 2394 969 quadratis
2425 898 2621 971 lignis,
2668 899 2999 955 bituminata
3064 899 3319 972 legimus
3370 901 3431 957 in
3490 901 3605 958 He-

1952 986 2105 1041 brzeo
2134 988 2175 1040 ε.

2025 1075 2208 1147 (Vers.
2236 1076 2345 1146 16.)
2370 1099 2397 1125 ‹‹
2430 1075 2761 1148 Colligiens,
2793 1076 2966 1133 facies
2989 1094 3207 1145 arcam,
3232 1082 3290 1134 et
3316 1077 3376 1135 in
3402 1063 3603 1136 cubito

1953 1165 2395 1220 consummabis
2417 1180 2543 1220 eam
2572 1166 2843 1237 desuper.
2872 1188 2900 1216 ››
2937 1167 3044 1222 Pro
3074 1183 3140 1222 eo
3164 1169 3318 1239 quod
3349 1172 3458 1234 est,
3482 1170 3600 1225 col-

1954 1253 2132 1321 ligens
2160 1255 2330 1323 facies
2359 1270 2565 1317 arcam,
2603 1255 2659 1308 in
2690 1255 2923 1310 Hebrazo
2972 1255 3168 1325 habet,
3227 1256 3605 1313 meridianum

1952 1343 2121 1412 facies
2143 1357 2289 1398 arcae
2316 1342 2358 1408 ³,
2390 1342 2546 1413 quod
2609 1343 2979 1399 manifestius
3036 1343 3456 1415 interpretatus
3516 1351 3607 1401 est

1953 1430 2363 1497 Symmachus,
2395 1431 2615 1496 dicens,
2651 1428 2921 1507 διαφανὲς,
2983 1432 3090 1487 hoc
3148 1437 3258 1499 est,
3289 1433 3601 1491 dilucidum

1954 1520 2125 1590 facies
2154 1536 2316 1586 arere,
2353 1519 2548 1574 volens
2576 1522 2887 1577 fenestram
2912 1520 3177 1593 intelligi.

2035 1610 2193 1680 (Cap.
2225 1607 2373 1663 Vlll.
2405 1639 2474 1648 —
2499 1607 2661 1664 Vers.
2697 1610 2787 1679 2.)
2822 1632 2849 1658 ‹‹
2880 1609 3185 1680 thuievit
3204 1627 3377 1682 aqua,
3409 1615 3466 1667 et
3514 1627 3605 1667 re-

1954 1696 2127 1752 velati
2157 1702 2298 1752 sunt
2327 1698 2517 1752 fontes
2548 1698 2768 1769 abyssi,
2801 1704 2859 1752 et
2907 1703 3206 1754 cataractae
3256 1699 3404 1756 celi.
3442 1723 3469 1749 ››
3503 1700 3611 1755 Pro

1961 1786 2227 1842 revelatis
2277 1787 2558 1852 fontibus,
2621 1786 2850 1841 clausos
2914 1791 2972 1842 et
3027 1788 3353 1855 obturatos,
3403 1804 3611 1845 omnes

184 1873 385 1927 locum
438 1871 790 1943 poenitentiae
851 1888 965 1927 non
1020 1872 1298 1938 dedisset,
1356 1870 1570 1969 adjecit
1603 1888 1615 1925 :
1672 1893 1698 1919 ‹‹
1733 1869 1843 1924 Sed
1881 1914 1929 1978 Β
1962 1877 2307 1947 interpretes
2336 1875 2782 1932 transtulerunt.
2810 1878 2876 1929 Et
2905 1891 3008 1947 pro
3040 1892 3106 1931 eo
3137 1877 3291 1947 quod
3318 1876 3613 1948 sequitur:

189 1964 364 2017 erunt
395 1961 519 2015 dies
544 1976 747 2015 eorum
780 1965 1013 2015 centum
1046 1960 1251 2031 viginti
1287 1959 1446 2015 anni.
1478 1982 1503 2007 ››
1559 1963 1676 2014 Hoc
1740 1962 1848 2027 est,

191 2048 500 2105 habebunt
529 2052 765 2104 centum
820 2048 1025 2120 viginti
1050 2065 1236 2104 annos
1251 2049 1321 2104 ad
1355 2049 1641 2119 agendam
1668 2047 1853 2119 paeni-

193 2136 468 2194 tentiam.
500 2138 625 2193 Non
656 2137 837 2210 igitur
867 2137 1128 2193 humana
1156 2137 1293 2205 vita,
1328 2142 1392 2191 ut
1434 2135 1601 2191 multi
1635 2140 1857 2201 errant,

194 2226 260 2282 in
292 2231 528 2283 centum
558 2226 763 2299 viginti
796 2243 981 2282 annos
1004 2231 1303 2282 contracta
1322 2230 1451 2281 est:
1486 2226 1587 2281 sed
1622 2241 1865 2297 genera-

196 2316 348 2372 tioni
378 2314 484 2384 illi,
519 2321 753 2371 centum
783 2314 989 2388 viginti
1017 2315 1155 2371 anni
1187 2315 1258 2371 ad
1292 2314 1699 2388 paenitentiam
1743 2314 1862 2369 dati

208 2409 370 2465 sunt.
415 2404 715 2476 Siquidem
775 2404 1126 2471 invenimus,
1185 2405 1339 2476 quod
1392 2409 1529 2475 post
1572 2402 1861 2459 diluvium

212 2494 513 2551 Abraham
542 2492 747 2550 vixerit
775 2509 961 2549 annos
992 2499 1227 2550 centum
1268 2492 1637 2566 septuaginta
1693 2493 1863 2564 quin-

215 2600 355 2656 que,
378 2587 435 2639 et
462 2582 653 2639 caeteri
685 2581 939 2653 amplius
970 2582 1241 2638 ducentis
1271 2585 1329 2638 et
1359 2582 1632 2637 trecentis
1670 2579 1863 2637 annis.

218 2673 368 2739 Quia
397 2688 532 2729 vero
562 2672 965 2745 paenitentiam
999 2688 1168 2744 agere
1199 2675 1696 2743 contempserunt,
1758 2686 1867 2725 no-

211 2760 331 2818 luit
362 2766 511 2818 Deus
541 2766 776 2834 tempus
810 2766 1143 2832 exspectare
1160 2761 1457 2816 decretum
1483 2777 1494 2816 :
1533 2760 1633 2816 sed
1661 2758 1865 2832 viginti

214 2867 507 2909 annorum
539 2850 747 2922 spatiis
774 2850 1095 2921 amputatis
1125 2850 1355 2906 induxit
1383 2850 1671 2906 diluvium
1712 2865 1865 2905 anno

216 2940 538 3009 centesimo
568 2940 806 3011 agendae
836 2939 1182 3011 pceniteniize
1214 2940 1527 2995 destinato.

289 3029 473 3103 (Vers.
504 3030 558 3085 4.
595 3031 611 3100 )
642 3052 669 3079 ‹‹
699 3028 975 3102 Gigantes
1005 3034 1199 3085 autem
1234 3033 1400 3085 erant
1429 3046 1605 3102 super
1651 3033 1867 3084 terram

215 3121 278 3176 in
309 3119 517 3175 diebus
538 3117 677 3187 illis,
703 3124 759 3173 et
781 3122 911 3190 post
938 3117 1059 3173 haec
1078 3118 1370 3190 quomodo
1392 3117 1870 3189 ingrediebantur

1972 1989 1992 2014 ι
2019 1965 2277 2020 Cessavit
2298 1983 2450 2037 aqua
2473 1982 2650 2037 super
2672 1970 2909 2031 terram,
2937 1985 2965 2013 ››
2987 1968 3044 2019 et
3064 1963 3308 2036 reliqua,
3332 1965 3618 2037 scriptum

1967 2060 2094 2110 est:
2122 2077 2149 2103 «
2182 2055 2252 2109 Et
2282 2071 2521 2110 reversae
2553 2058 2696 2109 sunt
2725 2070 2887 2125 aqua:
2934 2053 3006 2108 de
3060 2057 3239 2119 terra,
3301 2060 3510 2110 euntes
3562 2058 3620 2111 et

1970 2143 2281 2197 redeuntes
2310 2142 2470 2213 (Ibid.
2503 2142 2578 2212 3).
2607 2164 2633 2190 ››
2659 2145 2829 2206 Nota,
2863 2141 3188 2197 secundum
3209 2142 3619 2208 Ecclesiasten,

1972 2233 2127 2303 quod
2158 2248 2364 2287 omnes
2396 2247 2559 2301 aquae
2607 2234 2783 2302 atque
2831 2234 3139 2299 torrentes,
3200 2246 3303 2302 per
3358 2231 3620 2288 occultas

1972 2336 2149 2375 venas
2178 2320 2247 2375 ad
2280 2319 2585 2375 matricem
2613 2319 2893 2386 abyssum
2955 2318 3076 2389 [Αἰ.
3145 2318 3368 2391 abyssi]
3424 2336 3621 2377 rever—

1974 2414 2173 2465 tantur
2203 2410 2394 2480 (Eccle.
2434 2426 2471 2474 l,
2502 2407 2578 2479 7).

2044 2499 2228 2570 (Vers.
2287 2498 2429 2568 6-8.)
2489 2520 2515 2546 ‹‹
2576 2496 2712 2551 Post
2769 2493 3158 2568 quadraginta
3213 2496 3338 2552 dies
3393 2499 3624 2570 aperuit

1973 2589 2090 2643 Noe
2120 2588 2338 2643 ostium
2371 2602 2514 2643 arcae
2545 2586 2697 2658 quod
2729 2584 2879 2649 fecit,
2907 2590 2964 2639 et
2994 2583 3191 2641 emisit
3243 2601 3506 2655 corvum,
3566 2591 3625 2644 et

1974 2694 2246 2750 egressus
2275 2692 2391 2731 non
2423 2674 2594 2730 rediit
2610 2674 2680 2729 ad
2703 2690 2859 2743 eum,
2878 2674 3061 2729 donec
3080 2673 3439 2730 siccarentur
3456 2692 3621 2748 aquaa

1976 2768 2046 2823 de
2076 2772 2249 2822 terra.
2285 2787 2313 2815 »
2346 2765 2452 2819 Pro
2474 2764 2647 2832 ostio,
2668 2766 2910 2834 fenestra
2929 2762 3149 2835 scripta
3169 2768 3258 2819 est
3276 2763 3337 2818 in
3361 2764 3622 2822 Hebraeo.

1976 2857 2046 2911 Et
2075 2856 2146 2910 de
2177 2871 2344 2910 corvo
2401 2852 2572 2909 aliter
2623 2852 2867 2908 dicitur:
2928 2876 2955 2901 ‹‹
3017 2851 3226 2907 Emisit
3273 2869 3510 2910 corvum
3569 2859 3629 2911 et

1976 2961 2250 3017 egressus
2280 2948 2390 3012 est,
2422 2944 2618 2999 exiens
2648 2946 2706 2998 et
2736 2944 3029 2997 revertens
3060 2942 3081 2974 ⁴
3109 2941 3293 2998 donec
3336 2943 3627 3000 siccaren-

1976 3038 2074 3090 tur
2101 3050 2265 3106 aquze
2299 3033 2370 3089 de
2394 3038 2566 3088 terra.
2604 3054 2631 3080 »

2049 3124 2210 3195 (Cap.
2243 3123 2339 3177 IX.
2374 3121 2630 3177 —Vers.
2665 3121 2776 3191 18.)
2813 3141 2840 3169 ‹‹
2871 3121 2941 3176 Et
2970 3124 3138 3175 erant
3184 3119 3289 3175 ﬁlii
3322 3119 3462 3188 Noe,
3496 3121 3626 3194 ,qui

214 3207 457 3264 filii'Dei
489 3208 561 3263 ad
594 3206 746 3263 filias
778 3206 1110 3273 hominum,
1143 3211 1200 3262 et
1228 3207 1587 3279 generabant
1617 3208 1723 3263 eis.
1777 3205 1867 3261 Illi
1907 3282 1935 3286 _
1977 3212 2195 3286 egressi
2224 3215 2361 3266 sunt
2392 3211 2462 3265 de
2493 3225 2647 3275 arca,
2700 3209 2856 3274 Sem,
2913 3207 3114 3275 Cham,
3172 3212 3229 3264 et
3281 3208 3556 3281 Japheth.
3595 3231 3625 3259 »

215 3290 387 3367 erant
405 3297 671 3370 gigantes
700 3313 735 3353 ἃ
765 3297 977 3353 saeculo
1018 3296 1286 3353 homines
1343 3297 1650 3352 nominati.
1713 3320 1733 3349 ι
1799 3298 1863 3351 In
1894 3282 1936 3347 (ἶ
1977 3282 2331 3372 Frequenter
2357 3296 2736 3370 Septuaginta
2786 3296 3305 3375 interpretesnon
3362 3296 3622 3356 valentes

214 3388 457 3443 Hebraeo
487 3386 568 3441 ita
600 3385 803 3441 habet:
851 3408 880 3437 ‹‹
932 3387 1215 3443 Cadentes
1262 3390 1425 3441 erant
1482 3385 1541 3441 in
1595 3390 1751 3441 terra
1804 3386 1865 3440 in

216 3476 429 3532 diebus
448 3474 587 3539 illis,
614 3497 641 3523 ››
669 3475 724 3530 id
748 3478 837 3530 est
855 3478 1252 3531 ANNAPHILIM‘
1282 3459 1570 3547 0:755:70.
1598 3498 1625 3525 «
1649 3476 1719 3530 Et
1740 3478 1869 3546 post

211 3566 342 3621 hac
372 3567 437 3620 ut
463 3563 943 3637 ingrediebantur
971 3565 1076 3619 ﬁlii
1108 3565 1349 3619 deorum
1377 3564 1450 3619 ad
1484 3563 1639 3619 ﬁlias
1676 3562 1865 3619 homi-

215 3670 385 3722 num,
418 3657 476 3709 et
497 3653 854 3726 generabant
883 3652 966 3709 eis
992 3669 1004 3709 :
1036 3653 1095 3708 hi
1126 3657 1293 3709 erant
1331 3654 1509 3709 fortes
1563 3671 1599 3708 a
1654 3652 1868 3724 princi-

215 3743 316 3816 pio
357 3743 466 3799 viri
527 3742 836 3798 nominati.
895 3743 1002 3798 Pro
1060 3743 1425 3811 cadentibus,
1486 3744 1606 3798 sive
1664 3742 1869 3815 gigan-

217 3832 401 3896 tibus,
432 3831 695 3887 violentos
726 3831 1139 3904 interpretatus
1186 3836 1275 3887 est
1332 3831 1740 3904 Symmachus.
1799 3832 1870 3887 Et

217 3920 447 3994 angelis
478 3925 676 3976 autem
698 3926 754 3976 et
783 3926 1118 3977 sanctorum
1146 3920 1344 3977 liberis
1371 3921 1639 3977 convenit
1656 3937 1868 3977 nomen

217 4002 560 4066 cadentium
576 4051 587 4066 .

293 4097 480 4171 (Vers.
511 4098 590 4169 9.)
613 4119 642 4147 «
670 4098 787 4154 Noe
818 4098 904 4154 vir
925 4100 1125 4170 justus
1158 4104 1334 4170 atque
1366 4100 1734 4170 perfectusin
1766 4116 1868 4171 ge-

217 4187 526 4245 neratione
554 4203 683 4254 sua,
714 4191 831 4243 Deo
867 4188 1106 4260 placuit.
1142 4210 1169 4237 ››
1221 4188 1534 4260 Signanter
1580 4188 1662 4243 ait
1714 4189 1870 4244 316

224 4276 288 4333 Id
311 4278 661 4348 generatione
687 4293 828 4332 sua:
864 4279 1285 4341 utostcnderet
1324 4294 1439 4331 non
1485 4279 1653 4349 juxta
1690 4278 1870 4349 justi-

220 4366 370 4439 tiam
394 4371 900 4422 consummatam:
935 4368 1035 4421 sed
1078 4368 1247 4438 juxta
1301 4366 1692 4439 generationis
1751 4383 1870 4422 sua:

214 4453 515 4527 justitiam
546 4453 729 4511 fuisse
758 4472 889 4511 eum
914 4456 1168 4526 justum.
1206 4456 1271 4511 Et
1327 4456 1435 4511 hoc
1465 4462 1553 4512 est
1598 4458 1751 4528 quod
1811 4456 1870 4511 in

1977 3406 2118 3445 nam
2152 3389 2235 3461 (Π)
2266 3387 2541 3455 litteram,
2576 3403 2703 3457 quze
2734 3385 3026 3457 duplicem
3059 3385 3476 3458 aspirationem
3525 3404 3620 3444 so-

1976 3483 2095 3542 nat,
2129 3477 2187 3532 in
2223 3475 2486 3532 Graecum
2509 3490 2835 3531 sermonem
2866 3477 3107 3542 vertere,
3140 3475 3227 3530 chi
3257 3476 3338 3549 (χ)
3361 3480 3619 3534 Graecam

1979 3568 2230 3623 litteram
2263 3565 2652 3621 addiderunt:
2688 3568 2752 3619 ut
2782 3580 2888 3619 nos
2904 3563 3255 3620 docerentin
3286 3564 3621 3623 istiusmodi

1977 3654 2273 3712 vocabulis
2303 3653 2559 3725 aspirare
2590 3653 2848 3709 debere:
2911 3653 3066 3709 unde
3119 3658 3176 3709 et
3232 3654 3290 3709 in
3351 3656 3623 3727 praesenti

1976 3745 2123 3808 loco,
2154 3743 2325 3799 Cham
2353 3741 2802 3811 transtulerunt,
2837 3757 2938 3815 pro
2971 3757 3036 3796 eo
3068 3742 3223 3813 quod
3253 3747 3343 3799 est
3390 3761 3531 3811 nam,
3591 3760 3626 3800 a

1979 3851 2094 3907 quo
2126 3837 2184 3889 et
2216 3834 2496 3906 {Egyptus
2526 3847 2713 3902 usque
2740 3830 2911 3886 hodie
2941 3831 2962 3864 ⁵
2986 3830 3389 3903 .Egyptiorum
3422 3830 3624 3904 lingua

1980 3940 2100 3978 HAM
2131 3921 2364 3977 dicitur.

2051 4013 2241 4083 (Vers.
2274 4010 2390 4079 27.)
2423 4032 2451 4058 «
2486 4007 2698 4064 Dilatet
2728 4008 2881 4062 Deus
2909 4005 3142 4078 Japhet,
3195 4010 3253 4062 et
3282 4005 3507 4064 habitet
3563 4008 3624 4064 in

1989 4098 2383 4157 tabernaculis
2434 4099 2580 4154 317
2616 4098 2767 4152 Sem.
2806 4118 2834 4145 ››
2883 4101 2961 4152 De
3018 4096 3173 4163 Sem,
3229 4097 3496 4165 Hebraei;
3556 4097 3629 4154 de

1977 4188 2251 4261 Japhetb,
2280 4185 2530 4259 populus
2552 4186 2811 4255 gentium
2837 4185 3112 4240 nascitur.
3136 4184 3281 4249 Quia
3311 4185 3628 4259 igiturlata

1980 4283 2070 4335 est
2136 4276 2450 4332 multitudo
2508 4274 2891 4338 credentium,
2977 4292 3010 4328 a
3084 4274 3417 4340 latitudine,
3497 4293 3625 4349 quas

1978 4382 2227 4423 JAPHETB
2256 4364 2419 4438 (καθ’)
2450 4364 2681 4431 dicitur,
2704 4364 2945 4419 altitudo
2978 4379 3188 4419 nomen
3219 4364 3627 4437 accepit.Quod

1983 4460 2179 4511 autem
2212 4453 2325 4509 ait:
2368 4476 2394 4503 ‹‹
2429 4457 2489 4507 Et
2522 4452 2749 4508 habitet
2778 4452 2837 4507 in
2868 4452 3259 4509 tabernaculis
3281 4453 3440 4522 Sem,
3474 4475 3503 4503 »
3559 4453 3632 4508 de

218 4572 227 4585 ⁸
300 4581 327 4653 ιλ
350 4577 519 4653 [dest
546 4580 922 4653 Annaphilim.
954 4580 1039 4635 Ita
1067 4579 1271 4653 legunt
1306 4598 1450 4637 mss.
1511 4581 1759 4651 codices,
1819 4585 1876 4638 et
1983 4577 2119 4634 licet
2151 4577 2399 4653 lignum,
2431 4581 2488 4632 et
2510 4577 2580 4632 ad
2614 4575 2967 4653 ﬂuitantium
2991 4593 3169 4653 super
3197 4593 3379 4653 aquas
3398 4574 3633 4647 aptissi-

223 4649 468 4724 quidem
500 4649 861 4724 rectissime;
895 4652 953 4724 in
985 4649 1225 4707 Hebrazo
1256 4669 1512 4724 namque
1542 4649 1768 4724 positus
1789 4657 1879 4709 est
1907 4656 1954 4720 D
1987 4666 2170 4724 mum.

221 4721 513 4797 articulus
541 4734 580 4781 Π
613 4722 667 4792 h,
693 4739 866 4794 quem
901 4722 1282 4779 Grammatici
1317 4721 1555 4779 voc'ant'
1589 4725 1876 4797 emphati-

226 4823 391 4876 cum,
417 4794 639 4892 pj‘gpan
669 4812 1032 4892 hanephilini.
1078 4812 1345 4892 Veteres__
1366 4828 1558 4892 porro,
1620 4794 1703 4892 ut-
1740 4811 1879 4869 alibi

228 4886 438 4938 monet
463 4881 874 4965 hieronymus,
905 4882 1207 4966 Hebraeum
1233 4894 1272 4941 Π
1296 4881 1665 5009 Ηζιθῖῗὺειιή
1694 4901 1804 4966 per.
1825 4901 1877 4951 a,

228 4956 390 5010 unde
419 4953 512 5008 hic
541 4955 900 5011 Annavhzlzm
922 4971 1025 5011 nro
1056 4954 1335 5010 hodierno
1361 4960 1418 5009 et
1524 4956 1879 5011 assorethico

214 4956 390 5010 unde
419 4952 512 5026 hic
541 4952 900 5025 Annaphilim
922 4971 1025 5026 pro
1056 4954 1335 5010 hodierno
1361 4960 1418 5009 et

233 5022 644 5096 hannephilim.
678 5022 967 5081 Murus.

298 5126 369 5137 -—-
396 5099 606 5168 Noster
626 5114 738 5153 ms.
772 5101 990 5168 absque
1019 5108 1057 5155 Π
1092 5096 1336 5162 articulo
1363 5097 1594 5166 Niﬁlim.
1620 5097 1876 5157 Martian

216 5169 287 5225 in
306 5167 664 5241 assignanda
681 5170 859 5241 hujus
881 5167 1135 5224 nominis
1158 5169 1630 5241 pronuntiatione
1648 5169 1878 5226 diversa

501 5240 924 5296 assorethicum
963 5245 1204 5307 textum,
1235 5240 1459 5294 fallitur
1483 5258 1495 5307 ;
1515 5257 1626 5295 non
1648 5241 1881 5297 enimin

235 5311 431 5395 prima
458 5311 682 5393 syllaba
711 5312 830 5368 sive
859 5311 919 5395 in
948 5323 995 5395 rt
1020 5312 1211 5395 dilfert
1239 5312 1310 5367 ab
1357 5312 1721 5395 Hieronymo,
1782 5313 1882 5395 sed

231 5381 295 5439 in
327 5381 530 5453 altera,
564 5384 683 5439 sive
713 5388 929 5455 puncto
960 5385 1189 5439 Scheva:
1226 5389 1510 5455 quantum
1544 5381 1753 5455 nempe
1792 5389 1882 5439 est

229 5455 390 5510 inter
421 5455 766 5526 Hanephilim
802 5461 860 5511 et
891 5454 1256 5526 Anaphilim:
1293 5471 1423 5509 mox
1458 5454 1772 5523 Palatinus,
1832 5464 1883 5511 et

232 5255 419 5314 penes

223 5525 568 5597 generabant
594 5528 664 5580 ab
695 5529 792 5581 cis.

213 5596 235 5639 «⁷
307 5597 331 5630 ²
361 5596 461 5653 Est
490 5602 688 5653 autem
720 5599 779 5652 in
810 5597 1047 5653 Hebraeo
1078 5607 1183 5661 15:
1213 5607 1336 5661 Ἕν.
1370 5597 1524 5668 quod
1584 5598 1655 5652 de
1717 5598 1884 5668 lignis

224 5669 410 5741 pineis
433 5668 833 5741 interpreteris
859 5687 872 5737 ;
906 5676 994 5725 est
1033 5670 1189 5725 enim
1220 5678 1351 5731 '15):
1381 5684 1500 5724 una
1529 5686 1597 5724 ex
1627 5675 1883 5740 quatuor

212 5739 537 5813 speciebus
563 5739 796 5813 abietis,
831 5757 1006 5813 quam
1040 5740 1310 5809 Rabbini,
1360 5756 1507 5811 quos
1558 5739 1711 5813 inter
1757 5744 1874 5813 0n,-

212 5810 428 5877 chelos
455 5816 517 5874 et
551 5810 874 5890 Jonathan,
896 5814 1138 5875 cedrum
1168 5827 1297 5878 esse
1327 5815 1574 5904 putant:
1606 5810 1731 5872 leve
1770 5811 1884 5873 sci-

2258 4654 2424 4704 utant
2451 4665 2583 4703 vero
2611 4647 2878 4703 nonnulli
2902 4646 3117 4719 lectum
3168 4646 3633 4719 ab'Hieronymo

1986 4732 2122 4785 ηεξ,
2140 4720 2368 4791 Cprer,
2393 4721 2546 4791 quod
2571 4724 2659 4774 est
2676 4721 2939 4791 bitumen.
2963 4718 3290 4791 Quidquod
3314 4716 3631 4791 Procopius

1988 4794 2154 4849 docet
2183 4787 2311 4848 esse
2333 4792 2391 4847 in
2409 4787 2645 4847 Hebraeo
2674 4806 2744 4844 ex
2764 4789 2973 4845 tabulis
2994 4787 3431 4860 quadrangulari
3448 4787 3632 4859 forma

1987 4865 2246 4921 connexis
2268 4867 2295 4918 ?

2058 4935 2320 5007 {Utique
2349 4934 2420 4990 ad
2479 4932 2636 5007 hunc
2696 4932 2933 5007 modum
2991 4930 3212 5007 Aquila
3257 4921 3627 5007 μεσημϐρςέὸν

1988 5000 2244 5074 ποιῆσειξ
2276 5012 2342 5073 τῆ
2402 5000 2623 5057 κιοὼτώ
2674 5000 3073 5059 πιενὶάὶίιηωη-
3098 5000 3268 5072 facies
3322 5000 3491 5057 arca?
3521 5000 3629 5056 He-

1990 5073 2181 5135 braeus
2210 5094 2342 5133 vero
2363 5082 2553 5132 textus
2584 5087 2722 5140 γης,
2757 5074 2910 5146 quod
2939 5073 3185 5129 vertitur
3216 5074 3273 5127 in
3312 5075 3629 5144 fenestram.

2061 5160 2313 5213 ‘Exicns
2393 5162 2445 5212 et
2528 5163 2815 5211 revertens.
2909 5152 3075 5208 Falso
3129 5153 3187 5208 in
3243 5156 3411 5208 antea
3460 5151 3635 5207 editis

1989 5229 2155 5285 libris
2185 5230 2485 5300 legebatur
2513 5226 2801 5300 particula
2832 5225 3097 5300 negativa
3126 5230 3176 5300 et
3200 5241 3311 5300 non
3340 5225 3631 5300 revertens.

1992 5296 2427 5356 Consulevhunc
2457 5296 2648 5353 locum
2676 5298 2733 5351 in
2766 5296 2926 5351 Notis
2971 5296 3185 5351 nostris
3242 5296 3314 5351 ad
3371 5296 3631 5350 Divinam

1991 5373 2381 5427 Bibliothecam
2415 5369 2766 5441 Hieronymi,
2799 5369 2918 5424 sive
2949 5372 3069 5422 tom
3123 5368 3144 5423 1
3195 5367 3466 5423 editionis
3528 5381 3633 5423 no-

1994 5449 2148 5499 stras.
2182 5447 2465 5497 MARTIAN.

2063 5525 2084 5558 ⁸
2115 5523 2333 5611 Vitiosa
2408 5521 2705 5611 limatius
2743 5535 2869 5611 1L
2886 5534 2994 5611 93w
3030 5523 3112 5611 .ςὲ
3153 5520 3298 5611 9????
3347 5519 3635 5611 {Em}?

1993 5611 2163 5677 usque
2192 5594 2368 5677 hodie,
2402 5600 2511 5649 etc.
2555 5594 2713 5674 Ispa_
2743 5605 2951 5660 nempe
3009 5595 3290 5675 Egyptus
3342 5609 3376 5646 a
3431 5594 3636 5659 Cham,

1991 5670 2294 5721 Miizraimi
2326 5671 2495 5737 patre
2519 5664 2768 5732 Chamza,
2801 5661 2885 5737 vel
2921 5660 3142 5737 Chemni
3173 5664 3333 5720 dicta
3360 5666 3466 5737 est.
3525 5660 3637 5717 He-

1994 5729 2377 5871 ἓῖωἱεβνῗεὶ,
2439 5735 2628 5804 Cham,
2679 5729 3035 5807 et'Coptitis
3087 5729 3425 5817 Τηρφχημῗ,
3482 5740 3639 5794 terra

2055 5825 2204 5871 :amz.
2239 5825 2269 5869 ο
2296 5826 2346 5868 o.

2055 5825 2204 5878 :amz,
2239 5825 2325 5869 6ιο
2334 5853 2346 5867 .
