3992 6406
119 400 286 469 1003

1173 402 1409 471 LIBER
1450 403 1685 468 HEBR.
1735 402 2037 479 OUEST.
2080 405 2166 468 IN
2210 405 2489 470 GENES.
2530 470 2539 475 _

3374 358 3537 471 mae

120 537 632 597 babaTredecim
655 537 868 595 harum
897 537 1155 612 gentium
1195 539 1513 610 posteriora
1536 539 1775 594 nomina
1801 542 1856 605 Α
1886 543 2041 594 trum
2076 539 2227 595 filias
2260 540 2471 612 nuptiae
2506 541 2736 597 fuerant
2786 536 2919 614 lege
2946 539 3274 614 prohibita,
3307 556 3433 612 qure
3471 538 3533 598 in

120 627 389 686 invenire
445 644 561 684 non
614 628 777 701 potui
811 644 824 683 :
857 628 957 685 sed
987 643 1177 699 usque
1223 628 1283 683 in
1333 645 1607 700 praesens,
1641 627 1779 700 quia

114 717 326 790 procul
360 734 395 774 a
418 717 590 777 nobis
622 722 785 785 sunt,
815 717 904 773 vel
934 718 1017 774 ita
1044 721 1344 789 vocantur,
1377 722 1442 772 ut
1494 718 1772 789 primum,

110 806 203 863 vel
235 823 367 878 qum
431 806 749 863 immutata
807 810 966 876 sunt,
992 806 1355 879 ignorantur.
1387 806 1777 862 Possederunt

115 901 319 953 autem
349 913 386 952 a
422 895 696 968 Cophene
726 894 922 966 ﬂuvio,
956 911 1190 951 omnem
1222 895 1396 951 Indiae
1454 894 1770 966 regionem,

110 1000 248 1056 quae
278 986 525 1040 vocatur
551 983 746 1040 Hieria
768 985 806 1040 ί.

189 1073 348 1145 (Cap.
382 1072 479 1127 XI.
512 1102 581 1114 —-
610 1071 777 1128 Vers.
808 1072 921 1144 28).
958 1094 985 1123 ‹‹
1020 1073 1089 1127 Et
1121 1076 1387 1127 mortuus
1435 1075 1524 1127 est
1573 1073 1728 1127 Aran
1752 1072 1775 1106 ³

113 1165 255 1252 apte
285 1164 511 1233 patrem
544 1161 700 1217 823
737 1178 913 1217 suum
947 1161 1005 1216 in
1034 1164 1209 1228 terra,
1252 1176 1370 1232 qua
1398 1164 1574 1216 natus
1603 1160 1771 1216 estin

112 1248 357 1322 régione
402 1248 825 1305 Chaldaeorum.
853 1272 881 1300 »
912 1250 1020 1304 Pro
1053 1266 1139 1319 eo,
1183 1249 1337 1320 quod
1393 1248 1664 1320 legimus,
1710 1251 1771 1304 in

110 1339 347 1411 regione
403 1337 800 1406 Chaldaeorum,
863 1337 926 1394 in
982 1338 1219 1394 Hebraeo
1276 1337 1545 1403 habetur,
1579 1340 1640 1391 in
1689 1354 1771 1393 ua

112 1442 368 1482 causam
400 1428 613 1499 (nmen
651 1428 839 1499 Ἦρξε),
867 1426 925 1481 id
959 1430 1049 1481 est
1078 1428 1141 1481 in
1172 1427 1298 1497 igne
1357 1425 1764 1482 Chaldaeorum.

108 1516 378 1571 Tradunt
414 1520 611 1572 autem
662 1514 881 1571 Hebraei
917 1532 985 1570 ex
1042 1516 1150 1570 hac
1207 1514 1531 1583 occasione,
1564 1513 1765 1569 istius-

109 1603 277 1659 modi
306 1603 566 1660 fabulam
596 1604 654 1659 ἐ
688 1605 852 1670 Quod
880 1603 1175 1660 Abraham
1206 1602 1266 1658 in
1308 1602 1504 1675 ignem
1547 1602 1767 1658 missus

105 1691 213 1760 sit,
233 1691 374 1763 quia
403 1693 597 1764 ignem
622 1691 864 1748 adorare
895 1691 1362 1763 noluerit,quem
1394 1691 1646 1746 Chaldaei
1680 1707 1767 1747 co-

106 1778 262 1848 lunt,
295 1783 352 1835 et
378 1779 479 1836 Dei
520 1776 735 1836 auxilio
791 1779 1097 1847 liberatus,
1134 1782 1203 1835 de
1250 1779 1591 1835 idololatriae
1632 1781 1766 1852 igne

107 1868 439 1941 profugerit
470 1870 664 1968 :lquod
696 1870 754 1923 in
796 1869 1178 1968 sequentibus
1238 1869 1535 1968 scribitur,
1566 1885 1765 1968 egres-
1796 1903 1844 1968 Β

106 1974 246 2013 sum
275 1974 404 2013 esse
437 1957 671 2013 Tharam
699 1974 832 2013 cum
864 1957 1063 2014 sobole
1093 1975 1201 2013 sua
1226 1958 1297 2013 de
1323 1958 1558 2029 regione
1587 1957 1763 2013 Chal-

110 2049 373 2103 daaorum
407 2063 420 2100 :
456 2064 561 2120 pro
583 2063 698 2119 quo
731 2047 791 2103 in
824 2047 1063 2103 Hebraeo
1093 2046 1361 2115 habetur,
1393 2046 1458 2102 de
1516 2046 1765 2103 incendio

104 2135 522 2194 Chaldaeorum.
578 2136 649 2193 Et
703 2135 812 2192 hoc
869 2152 998 2192 esse
1057 2137 1213 2208 quod
1273 2152 1429 2191 nunc
1490 2135 1763 2191 dicitur:

109 2246 143 2274 ‹‹
173 2228 438 2281 Mortuus
475 2229 564 2280 est
589 2226 745 2281 Aran
773 2228 907 2281 ante
937 2229 1314 2297 conspectum
1344 2224 1533 2280 Thare
1584 2225 1765 2296 patris

107 2313 205 2369 sui
247 2312 306 2368 in
335 2316 491 2369 terra
517 2311 839 2369 nativitatis
867 2313 1082 2382 suae,in
1112 2313 1245 2385 igne
1273 2313 1677 2369 Chaldaeorum
1704 2331 1763 2381 ;››

106 2402 269 2475 quod
298 2401 568 2459 videlicet
595 2401 791 2475 ignem
824 2401 1030 2457 nolens
1087 2403 1328 2458 adorare
1358 2404 1397 2469 ‘,
1434 2403 1568 2475 igne
1628 2419 1763 2458 con-

104 2492 390 2562 sumptus
421 2490 518 2546 sit.
549 2490 832 2563 Loquitur
886 2494 1085 2547 autem
1146 2496 1347 2562 postea
1375 2490 1660 2547 Dominus
1691 2491 1762 2546 ad

99 2576 407 2633 Abraham
442 2595 455 2633 :
487 2580 595 2650 Ego
627 2594 749 2633 sum
798 2580 896 2650 qui
950 2578 1118 2633 eduxi
1147 2587 1200 2634 le
1218 2578 1283 2634 de
1312 2580 1441 2648 igne
1480 2578 1762 2636 Chaldaeo-

102 2683 241 2722 rum
257 2666 411 2738 (Gen.
451 2684 544 2733 xv,
576 2667 653 2739 7).

181 2754 371 2827 (Vers.
429 2756 546 2827 29.)
582 2776 611 2806 ‹‹
638 2756 709 2811 Et
758 2761 1143 2828 sumpserunt
1192 2756 1409 2812 Abram
1450 2759 1507 2812 et
1536 2756 1766 2813 Nachor

101 2844 223 2902 sibi
256 2861 485 2900 uxores.
518 2844 740 2900 Nomen
774 2845 971 2902 uxoris
1000 2846 1235 2914 Abram,
1266 2845 1530 2901 Saraizet
1551 2862 1763 2901 nomen

104 2933 314 2990 uxoris
372 2932 621 3002 Nachor,
654 2932 880 2989 Melcha
937 2933 1057 2990 ﬁlia
1110 2938 1290 2989 Aran.
1334 2934 1501 2989 Pater
1565 2937 1762 2989 autem

102 3021 373 3090 Melchaa,
404 3021 531 3094 ipse
559 3024 650 3078 est
680 3026 846 3095 pater
874 3022 1076 3078 Jescze.
1114 3045 1142 3072 ››
1172 3025 1325 3078 Aran
1357 3022 1516 3078 ﬁlius
1553 3022 1759 3091 Thare,

102 3112 292 3168 frater
318 3110 612 3167 Abraham
643 3116 703 3167 et
729 3111 979 3180 Nachor,
1013 3113 1160 3167 duas
1190 3111 1343 3167 filias
1372 3111 1594 3184 genuit,
1629 3110 1765 3167 Mel-

1888 628 2094 698 primis
2146 628 2508 698 hominibus,
2541 630 2719 686 etiam
2767 630 2921 687 inter
2961 630 3169 687 fratres
3217 632 3274 686 et
3303 644 3534 687 sorores

1887 716 2044 771 initae
2084 721 2245 773 sunt.

1957 805 2117 877 (Cap.
2179 805 2299 861 XII.
2359 838 2427 845 —
2484 806 2648 863 Vers.
2680 809 2758 877 ἆ),
2792 829 2822 858 ‹‹
2882 807 3021 864 Erat
3069 810 3268 864 autem
3313 806 3532 865 Abram

1884 894 2257 965 septuaginta
2304 894 2564 967 quinque
2621 913 2932 965 annorum,
2966 897 3201 968 quando
3258 911 3532 968 egressus

1882 987 1972 1038 est
1996 1000 2064 1038 ex
2094 983 2333 1039 Charra.
2359 1006 2388 1032 ››
2419 984 2856 1042 Indissolubilis
2886 984 3149 1042 nascitur
3177 983 3455 1057 quaestio:
3480 983 3533 1040 si

1881 1072 2039 1128 enim
2066 1073 2259 1129 Thara
2305 1076 2469 1144 pater
2520 1073 2785 1146 Abrahm,
2820 1091 2955 1131 cum
3012 1074 3204 1130 adhuc
3259 1077 3415 1130 esset
3468 1071 3531 1129 in

1882 1160 2116 1234 regione
2172 1159 2458 1230 Chaldeaa,
2493 1163 2870 1236 septuaginta
2908 1163 3067 1220 824
3096 1178 3407 1231 annorum,
3439 1177 3534 1234 ge-

1880 1250 2327 1318 nuitAbram,et
2357 1256 2560 1323 postea
2587 1251 2647 1307 in
2664 1252 2880 1308 Charra
2906 1251 3306 1309 ducentesimo
3325 1250 3530 1323 quinto

1880 1338 2065 1395 artatis
2096 1356 2214 1395 suae
2245 1356 2397 1395 anno
2430 1345 2698 1396 mortuus
2728 1345 2848 1398 est:
2885 1341 3180 1413 quomodo
3211 1355 3369 1395 nunc
3396 1343 3532 1412 post

1879 1431 2126 1483 mortem
2154 1427 2364 1499 Thare,
2396 1429 2609 1485 Abram
2664 1429 2861 1485 exiens
2920 1429 2989 1485 de
3029 1428 3267 1497 Charra,
3299 1431 3532 1500 septua-

1878 1516 2042 1589 ginta
2073 1516 2333 1588 quinque
2363 1533 2652 1573 annorum
2684 1517 2865 1574 fuisse
2896 1520 3258 1575 memoratur
3292 1532 3306 1573 :
3340 1532 3529 1572 cuma

1877 1604 2177 1660 nativitate
2201 1605 2366 1659 Abrae
2397 1622 2584 1676 usque
2615 1606 2688 1661 ad
2718 1611 2966 1662 mortem
2995 1605 3180 1677 patris
3221 1605 3368 1674 ejus,
3392 1620 3527 1660 cen-

1876 1698 2004 1749 tum
2037 1693 2280 1765 triginta
2304 1693 2565 1765 quinque
2596 1694 2776 1750 fuisse
2819 1695 2959 1749 anni
3005 1694 3346 1749 doceantur.
3378 1696 3532 1747 Vera

1875 1787 1964 1838 est
2015 1782 2196 1853 igitur
2248 1781 2347 1838 illa
2393 1782 2765 1838 Hebraeorum
2820 1783 3079 1852 traditio,
3112 1798 3292 1854 quam
3349 1796 3533 1853 supra

1877 1870 2155 1937 diximus,
2188 1872 2343 1942 quod
2374 1888 2643 1942 egressus
2683 1871 2761 1927 sit
2790 1871 2985 1928 Thara
3030 1887 3166 1927 cum
3214 1870 3354 1927 ﬁliis
3402 1869 3530 1927 suis

1875 1960 2129 2032 deigne
2159 1959 2563 2016 Chaldaeorum
2598 1976 2611 2015 :
2646 1964 2703 2016 et
2749 1960 2908 2033 quod
2945 1961 3163 2017 Abram
3213 1958 3529 2032 Babylonio

1875 2048 2125 2104 vallatus
2151 2048 2600 2121 incendio,quia
2627 2048 2773 2124 illud
2796 2049 3039 2105 adorare
3061 2046 3315 2117 nolebat,
3328 2048 3429 2103 Dei
3453 2048 3531 2103 sit

1875 2136 2092 2194 auxilio
2123 2137 2408 2193 liberatus
2441 2153 2453 2193 :
2489 2141 2546 2193 et
2575 2154 2643 2193 ex
2673 2136 2771 2194 illo
2796 2141 3059 2209 tempore
3088 2137 3141 2192 ei
3170 2136 3295 2193 dies
3324 2136 3456 2193 vitae
3484 2137 3529 2206 ⁵,

1874 2231 1932 2282 et
1959 2230 2192 2298 tempus
2241 2230 2545 2298 reputetur
2584 2227 2793 2293 astatis,
2825 2241 2894 2281 ex
2943 2242 3059 2297 quo
3104 2226 3410 2281 confessus
3439 2240 3531 2297 est

1872 2314 2207 2383 Dominum,
2244 2330 2529 2386 spernens
2561 2312 2717 2370 idola
2745 2312 3169 2370 Chaldaeorum.
3201 2313 3402 2370 Potest
3416 2329 3526 2370 au-

1871 2408 1991 2460 tem
2022 2404 2168 2470 ﬁeri,
2202 2407 2268 2459 ut
2298 2403 2437 2474 quia
2468 2402 2771 2475 Scriptura
2788 2402 3028 2475 reliquit
3049 2401 3363 2470 incertum,
3392 2405 3527 2458 ante

1874 2509 2090 2564 paucos
2123 2508 2306 2547 annos
2336 2491 2530 2547 Thara
2558 2491 2628 2547 de
2659 2490 2929 2547 Chaldaaa
2959 2491 3278 2563 profectus,
3300 2489 3526 2547 venerit

1872 2581 1932 2636 in
1965 2580 2246 2648 Charran,
2284 2596 2462 2651 quam
2494 2584 2742 2636 mortem
2773 2579 3002 2636 obierit.
3033 2578 3136 2635 Vel
3193 2583 3348 2635 certe
3403 2582 3523 2634 sta-

1873 2669 1980 2725 tim
2012 2674 2144 2741 post
2170 2668 2637 2741 persecutionem
2668 2667 2725 2723 in
2760 2668 3020 2725 Charran
3051 2667 3338 2738 venerit“,
3366 2670 3423 2723 et
3442 2666 3525 2723 ibi

1873 2757 2097 2814 diutius
2123 2757 2200 2813 sit
2228 2761 2512 2815 moratus.
2546 2758 2607 2813 Si
2640 2758 2774 2829 quis
2830 2774 2966 2830 ergo
3008 2756 3147 2813 huic
3175 2756 3526 2829 expositioni

1875 2846 2204 2903 contrarius
2232 2850 2346 2915 est,
2376 2849 2598 2918 quaeret
2640 2845 2817 2902 aliam
2877 2845 3231 2902 solutionem
3261 2850 3357 2902 :et
3384 2848 3527 2901 tunc

1876 2940 2032 2992 recte
2061 2952 2148 3005 ea,
2181 2952 2308 3007 quas
2341 2952 2376 2990 a
2402 2935 2571 2991 nobis
2602 2935 2760 2991 dicta
2790 2938 2948 3005 sunt,
2983 2934 3361 3007 improbabit.

1943 3023 2130 3094 (Vers.
2163 3025 2216 3095 9,
2250 3024 2353 3094 10).
2390 3045 2420 3074 «
2449 3024 2518 3079 Et
2562 3023 2937 3095 proficiscens
2980 3023 3222 3090 Abram,
3274 3021 3420 3077 abiit
3462 3021 3522 3077 in

1872 3113 2171 3169 desertum
2207 3130 2219 3167 :
2245 3115 2303 3167 et
2332 3112 2519 3167 fames
2549 3111 2701 3166 facta
2729 3116 2818 3167 est
2844 3126 3023 3183 super
3047 3109 3286 3165 terram.
3317 3132 3338 3159 ι»
3375 3109 3521 3165 Et'in

106 3200 310 3269 cham,
341 3204 399 3255 et
452 3199 617 3256 Sarai
674 3205 1063 3272 cognomento
1109 3201 1343 3267 Jescan,
1379 3196 1684 3271 δυώνυμον.
1716 3200 1760 3255 Ε
1798 3264 1833 3275 Α
1872 3201 2147 3275 praesenti
2178 3205 2233 3255 et
2264 3200 2324 3255 in
2355 3199 2631 3271 plurimis
2659 3198 2788 3255 aliis
2820 3198 2985 3266 locis,
3017 3215 3120 3271 pro
3168 3198 3422 3267 deserto,
3451 3198 3522 3253 ad

102 3264 329 3362 quibus
360 3287 647 3344 Melcham
678 3264 902 3361 accepit
932 3305 1171 3346 uxorem
1226 3264 1475 3357 Nachor,
1509 3264 1573 3344 et
1596 3288 1761 3345 Sarai
1792 3264 1834 3330 θ
1869 3264 2130 3346 Austrum
2170 3264 2457 3361 scriptum
2487 3292 2577 3345 est
2604 3287 2664 3343 in
2693 3287 2932 3344 Hebraeo
2962 3264 3158 3344 'l.-Hoc
3201 3287 3384 3360 igitur
3412 3264 3517 3343 no-

97 3377 727 3434 Abrahammecdum
785 3378 1002 3451 quippe
1058 3378 1210 3434 inter
1268 3382 1533 3451 patruos,
1562 3382 1620 3434 et
1648 3378 1760 3434 fra-

181 3505 196 3538 ²
230 3501 379 3559 Vide
411 3518 538 3575 qua
572 3519 755 3575 supra
784 3503 846 3575 In
865 3502 1149 3559 Locorum
1180 3502 1329 3558 libro
1350 3502 1760 3559 adnotavimus

98 3576 177 3632 ad
239 3573 667 3647 voces‘Evilat,‘
692 3578 748 3630 et
789 3573 980 3647 Ophir,
1015 3579 1073 3630 et
1131 3575 1383 3647 Saphira.
1416 3576 1762 3631 Constanter

100 3647 345 3773 Hictaron.
381 3646 644 3702 Hieriam
674 3663 778 3718 pro
810 3645 1000 3715 Σηείᾳ,
1031 3645 1315 3702 ,ςενίαίὴίο
1345 3663 1579 3719 quoque
1631 3647 1763 3702 reti-

102 3734 184 3773 ne
218 3758 231 3771 .

102 3734 231 3775 Πϐῐ.

182 3790 205 3822 ²
233 3789 299 3861 Et
325 3790 574 3843 mortuus
602 3796 681 3844 est
702 3794 891 3861 Λναη,
923 3792 1049 3861 etc._
1093 3788 1526 3861 Manuscriptus
1585 3789 1763 3844 codex

108 3860 338 3931 Regius
394 3875 557 3913 num.
619 3860 757 3914 3994
807 3859 1093 3915 nonnulla
1149 3860 1308 3915 addit
1366 3859 1475 3915 h‘oc
1531 3861 1758 3915 modo:

104 3932 325 4001 Phateg
389 3933 580 4000 genuit
636 3933 826 4000 Ragau
854 3950 872 3984 :
906 3933 1088 4002 Ragau
1136 3933 1323 4001 genuit
1380 3931 1620 3987 Saraeh:
1663 3934 1760 3986 Sa-

102 4002 251 4060 rach
312 4004 503 4072 genuit
547 4002 762 4057 Nachor
789 4021 808 4057 :
852 4003 1064 4058 Nachor
1114 4005 1304 4071 genuit
1355 4003 1541 4069 Thare,
1593 4003 1763 4058 Thare

101 4074 307 4145 genui!
354 4072 559 4128 Abram
582 4075 633 4128 et
688 4074 903 4130 Nachor
949 4082 1001 4129 et
1050 4081 1228 4129 Αναη.
1257 4076 1323 4128 Et
1368 4083 1613 4130 mortuus
1661 4078 1761 4139 est,

104 4152 226 4202 etc.
262 4147 544 4200 Maurus.

104 4161 226 4202 etc.
262 4161 544 4200 MARTIAN.

187 4217 211 4251 ³
252 4215 535 4271 Fabulam
568 4214 719 4270 hanc
744 4219 944 4270 narrat
971 4215 1031 4271 in
1070 4216 1239 4270 Pirke
1271 4215 1337 4270 Β.
1369 4214 1588 4270 Eliezer
1634 4231 1760 4287 cap.

104 4289 208 4353 26,
241 4286 367 4359 qui
401 4287 722 4343 secundam
752 4303 783 4342 e
810 4287 1010 4342 decem
1064 4287 1307 4359 Abrahae
1339 4287 1763 4342 tentationibus

108 4358 275 4415 hanc
290 4358 473 4414 fuisse
506 4362 830 4429 notat,quae
849 4358 1225 4414 decennalem
1257 4374 1543 4414 carcerem
1567 4363 1766 4414 secuta

110 4432 202 4488 sit
235 4447 251 4485 :
282 4434 410 4485 tum
441 4430 553 4485 alio
581 4429 786 4485 ordine
852 4429 912 4484 in
945 4429 1114 4485 Pirke
1171 4430 1233 4485 Β.
1292 4429 1538 4497 Nalhan,
1587 4435 1643 4485 et
1698 4430 1762 4484 Η.

108 4501 340 4558 Eliezer
367 4504 696 4557 Germanus
736 4502 795 4556 in
855 4500 1091 4556 Mahase
1149 4501 1324 4556 aboth
1355 4518 1405 4556 c.
1436 4505 1490 4568 2,
1552 4501 1765 4568 aliique

108 4572 293 4654 multi
313 4588 391 4654 ex
435 4572 722 4654 .Hebraais,
764 4576 935 4654 gente
990 4573 1062 4627 ad
1111 4571 1767 4654 fabulas_ex_cudendas

108 4647 281 4701 nata.
313 4643 548 4699 Ninime
576 4629 721 4700 vero,
764 4629 897 4714 Ejus
947 4644 1217 4700 meminit
1247 4644 1313 4698 R.
1365 4644 1772 4708 Maimonides,
1807 4629 1852 4694 D

108 4731 243 4788 qua
273 4714 345 4788 de
375 4731 557 4772 causa
586 4715 678 4788 R.»
698 4714 1048 4788 Abarbanel,
1082 4715 1179 4787 qui
1215 4715 1508 4788 singulas,
1531 4715 1773 4788 Abrahae

106 4785 482 4844 feutationes
509 4804 542 4842 a
571 4786 923 4842 Maimonide
952 4785 1166 4841 relatas
1195 4785 1465 4858 explicat,
1496 4786 1618 4841 haec
1667 4786 1774 4842 ob-

109 4879 334 4933 servat.
383 4860 539 4936 5‘7272
581 4883 780 4935 τεν-τω
819 4883 972 4935 ἾἾΝὩ
1010 4858 1201 4936 inbxn
1240 4886 1355 4935 :nn
1410 4886 1504 4934 ηδτ
1544 4859 1621 4935 a5
1661 4885 1773 4934 mn

110 4974 316 5026 mm:
337 4976 464 5025 1:7:
490 4948 622 5023 θένε
643 4948 741 5026 νει)
762 4974 1044 5034 mnuum,
1061 4966 1190 5020 Ecce
1208 4980 1317 5017 non
1346 4965 1598 5020 meminit
1611 4964 1778 5019 Rabbi

113 5039 218 5092 hic
298 5037 610 5090 librationis
651 5050 681 5091 ε
729 5036 1118 5092 (.‘hatda'orum
1180 5036 1404 5090 ciblauo
1466 5037 1657 5105 ignita,
1711 5034 1779 5089 ab

115 5107 261 5163 aliis
308 5110 455 5162 inter
503 5108 826 5163 tentationes
874 5106 1086 5177 relatae,
1117 5114 1410 5177 propterea
1455 5106 1595 5177 quod
1624 5106 1780 5161 illius

118 5177 293 5249 nulla
336 5179 435 5248 ﬁat
488 5180 690 5233 mentio
722 5179 782 5234 in
828 5180 1132 5249 Scriptura.
1168 5177 1445 5249 Caeterum
1474 5177 1781 5249 seditionis

118 5252 191 5306 in
220 5248 623 5319 Abrahamum
656 5255 826 5305 motae
860 5267 893 5304 a
921 5248 1208 5305 Chaldaeis
1232 5266 1295 5304 ac
1323 5248 1780 5319 Mesopotamiis,

121 5319 293 5395 quod
325 5318 422 5376 ille
460 5337 646 5395 unum
677 5321 1019 5395 esse_Deur_n
1051 5337 1250 5377 verum
1286 5318 1554 5395 omnium
1584 5320 1781 5395 condi-

120 5391 323 5464 torem
371 5392 1087 5464 ,prmdicaretLJosephus
1153 5396 1355 5448 auctor
1419 5391 1785 5446 certissimus

123 5462 412 5535 meminit
464 5462 808 5535 Antiguit.,1.
866 5480 906 5534 ι,
935 5462 1004 5519 ὀ.
1054 5466 1109 5517 7.
1152 5464 1231 5519 Ex
1277 5479 1393 5534 quo
1433 5466 1787 5535 exaggerant

124 5534 487 5593 Eustathius
514 5532 939 5591 An‘tiocbenus.
973 5535 1257 5606 Georgius
1298 5532 1634 5606 'Syneellus,
1666 5532 1730 5606 al
1751 5533 1792 5587 i-

123 5622 251 5681 que
295 5622 366 5681 ex
395 5606 631 5681 Graecis,
655 5607 851 5679 ipsum
880 5604 1175 5662 Abraham
1198 5604 1389 5681 patris
1420 5604 1577 5681 idola
1605 5621 1670 5681 ac
1692 5605 1790 5659 do-

125 5676 308 5739 fnum
339 5676 696 5748 incendisse;
734 5682 909 5749 atque
939 5694 1057 5733 una
1096 5676 1311 5749 arsisse
1346 5677 1518 5731 Aram
1552 5676 1788 5749 fratrem

126 5765 345 5823 suum,
377 5749 481 5821 qui
539 5746 737 5823 ignem
794 5746 1094 5823 nitebatur
1137 5748 1526 5821 exstinguere.
1562 5746 1705 5807 Vide
1735 5752 1793 5809 et

128 5821 611 5898 subsequentem
639 5821 1096 5881 adnotationem.

1867 3384 1991 3436 tare
2020 3379 2323 3435 debemus.

1939 3503 1963 3538 ‘
1991 3504 2051 3558 Id
2115 3519 2287 3575 porro
2336 3503 2407 3558 ad
2468 3501 2625 3558 hunc
2655 3502 2899 3575 Genesis
2940 3502 3136 3575 locum
3164 3518 3235 3558 ex
3270 3502 3513 3575 antiquo

1867 3574 2259 3641 Midras,’sive
2289 3575 2720 3631 Commentario
2749 3574 2991 3630 refertS.
3009 3574 3281 3630 Salomon
3311 3574 3508 3630 Jarki:

1869 3647 2098 3703 Tharan
2149 3645 2374 3701 scilicet
2423 3645 2667 3701 Abrahae
2728 3644 2849 3701 filio
2893 3662 2999 3701 suo
3030 3662 3224 3701 coram
3254 3645 3508 3701 Nemrod

1870 3718 2473 3790 succensuisse,quod_
2507 3716 2620 3790 sibi
2651 3716 2807 3772 idola
2835 3717 3236 3790 confregisset,
3246 3717 3508 3790 jussum-

1871 3807 1984 3861 que
2028 3788 2203 3861 illum
2254 3789 2313 3843 in
2336 3786 2641 3861 'facinoris
2672 3805 2903 3861 poenam
2933 3788 2993 3843 in
3034 3786 3324 3861 fornacem
3356 3786 3511 3861 ignis

1869 3858 2130 3916 immitti.
2161 3860 2323 3914 Tunc
2355 3858 2803 3926 Aram,Abrahae
2834 3859 3092 3930 fratrem,
3117 3858 3333 3930 dixisse
3354 3858 3512 3930 apud

1871 3949 1957 3999 se,
1981 3933 2037 3988 Si
2070 3931 2362 3987 Abraham
2397 3931 2809 4002 superet,ejus
2840 3945 2938 4002 ero
2970 3945 2996 4002 :A
3017 3929 3067 4002 si
3093 3929 3510 4002 veroNemrod,

1870 4004 1997 4076 ipsi
2028 4003 2358 4076 adhaerebo.
2410 3999 2840 4076 Erepto‘igitur
2884 4000 3165 4076 divinitus
3193 4017 3225 4056 e
3253 3999 3514 4076 periculo

1870 4072 2221 4139 Abrahamo,
2255 4072 2701 4144 interrogatum’
2736 4074 2912 4127 Aram
2964 4088 2995 4126 e
3023 4072 3193 4142 cujus
3251 4072 3515 4144 partibus

1871 4149 2072 4211 staret,
2106 4143 2491 4215 respondisse
2528 4143 2798 4215 Abrahae,
2832 4159 3008 4215 quam
3062 4146 3139 4215 pob
3186 4143 3425 4199 causam
3456 4143 3516 4199 in

1872 4217 2167 4272 fornacem
2190 4214 2619 4287 praecipitatum
2652 4214 2834 4270 fuisse
2856 4214 3039 4286 atque
3055 4214 3190 4286 igne
3211 4232 3523 4288 consump-

1868 4292 2018 4344 tum.

1946 4377 1965 4410 ⁵
1995 4377 2064 4448 Et
2093 4379 2185 4430 est
2211 4379 2411 4431 tamen
2442 4391 2512 4431 ex
2553 4373 2865 4448 traditione
2907 4374 3304 4448 illaAJudaica,
3324 4391 3525 4448 quam

1876 4447 2205 4503 fabulosam
2268 4448 2443 4518 paulo
2483 4445 2757 4517 superius
2804 4446 2930 4518 ipse
2990 4446 3225 4502 Hieron.
3277 4445 3522 4502 dixerat.

1875 4519 2127 4599 Hanc-:5.
2174 4517 2406 4599 quoque
2433 4517 2951 4599 Augustin.us,.’lib.
2982 4534 3088 4599 xvi
3113 4517 3370 4599 deﬂCivi‘t.
3402 4518 3522 4599 Dei.

1883 4607 2010 4662 cap.
2028 4591 2112 4657 15,
2149 4587 2502 4662 sclutionem
2528 4587 2868 4662 quaestionis
2889 4589 3115 4660 probat.
3137 4611 3157 4637 α
3184 4588 3385 4662 Soluta
3412 4592 3525 4662 est,

1886 4659 2099 4732 inquit,
2134 4661 2380 4741 quaestio
2414 4661 2524 4715 ista
2550 4659 2609 4715 et
2630 4659 2817 4741 aliter,
2851 4665 2915 4714 ut
2936 4659 3306 4741 septuaginta
3352 4659 3525 4730 quin-

1885 4728 2000 4805 que
2030 4728 2169 4787 anni
2198 4730 2713 4802 Abrahae,quando
2745 4728 3018 4801 egressus
3045 4734 3137 4785 est
3150 4728 3525 4796 'deChai-ran,

1883 4822 1951 4860 ex
1980 4803 2079 4859 illo
2110 4808 2608 4874 computarentur,
2626 4818 2692 4855 ex
2724 4817 2839 4871 quo
2865 4801 2934 4856 de
2961 4800 3097 4872 igne
3124 4800 3528 4857 Chaldaeorum

1918 4843 1951 4859 οἱ
1981 4843 2079 4859 ιιιυ
2111 4843 2578 4869 υυιιιμιινυιυμυυιι
2594 4843 2608 4869 ’

1884 4876 2190 4939 liberatus,
2221 4890 2335 4929 non
2367 4890 2437 4928 ex
2457 4889 2572 4944 quo
2604 4876 2779 4945 natus
2808 4875 2918 4945 est,
2950 4876 3401 4945 tauquamtunc
3432 4889 3531 4945 po-

1886 4948 2005 5002 tius
2038 4951 2209 5001 natus
2240 4942 2545 5001 habendus
2575 4942 2673 4999 sit.
2698 4966 2727 4992 »
2751 4942 2949 4998 Melior
2979 4942 3176 5014 itaque
3213 4943 3394 4999 altera
3421 4942 3532 5014 erit

1889 5018 2123 5081 solutio,
2158 5034 2335 5088 quam
2386 5015 2722 5088 suppeditat
2752 5013 3163 5088 Samaritanus
3183 5018 3396 5081 textus,
3429 5013 3532 5086 qui

1890 5094 2121 5144 tantum
2173 5086 2393 5143 bentum
2421 5086 2788 5159 quadraginta
2834 5102 3075 5157 qumque
3101 5086 3304 5141 Thara:
3347 5102 3535 5142 annos

1890 5164 2213 5232 computat.
2237 5158 2513 5232 Genuerit
2532 5158 2943 5213 TharaAbram
2973 5174 3105 5232 cum
3137 5174 3320 5232 annos
3344 5160 3539 5231 ageret

1894 5229 2531 5303 septuaginta:Abram
2562 5245 2694 5303 vero
2725 5230 3157 5303 septuagesimo
3180 5229 3539 5300 quinto'aata-

1894 5246 2266 5303 septuaginta
2286 5248 2298 5285 :
2316 5246 2531 5284 auram
2562 5246 2694 5283 vero
2725 5246 3157 5354 septuagesimo
3180 5246 3386 5300 quinto
3408 5246 3538 5285 ana-

1893 5304 1969 5359 tis
2000 5320 2119 5358 suee
2150 5319 2300 5357 anno
2331 5318 2604 5373 egressus
2632 5301 2809 5373 fuerit
2837 5317 2867 5373 e
2894 5300 2934 5354 C
2980 5317 3170 5367 arran,
3198 5304 3360 5372 patre
3384 5318 3538 5373 mor-

1895 5370 2484 5455 tuo;eiﬁcienturque
2506 5372 2643 5427 anni
2676 5370 2853 5427 simul
2886 5375 3118 5427 centum
3150 5370 3541 5446 quadraginta

1895 5462 2175 5518 qumque.

1966 5534 1987 5567 ⁸
2017 5533 2179 5588 Unus
2210 5532 2414 5605 Regia.
2449 5548 2584 5599 ms.,
2616 5532 2665 5586 et
2720 5532 2892 5585 morte
2948 5531 3159 5586 obiret:
3193 5530 3357 5599 alter,
3407 5531 3541 5603 quia

1896 5607 2069 5661 morte
2097 5605 2323 5659 obierat.

1967 5694 1986 5767 7
2022 5691 2304 5767 Hebraice
2358 5701 2477 5758 πλε,
2506 5689 2685 5761 Negeb
2714 5707 2732 5747 :
2758 5689 2813 5747 id
2844 5693 2933 5747 est
2986 5689 3274 5763 Austrum,
3304 5691 3541 5767 Vulgat.

1900 5763 1971 5826 ad
2005 5762 2318 5825 meridiem.
