3992 6390
468 386 661 460 δίων

1742 388 1812 451 S.
1846 388 2164 453 EUSEBiI
2204 388 2676 453 HIERONYMI.

3724 382 3918 451 Μ

573 520 763 591 (Vere.
784 520 876 589 15,
896 521 1018 595 ¹16).
1045 525 1173 599 inﬁt
1198 522 1470 581 viderunt
1498 537 1627 579 eam
1674 521 1967 595 principes
1995 522 2145 579 Pha-
2172 526 2227 592 Α
2255 527 2347 579 rat
2382 540 2395 579 :
2429 524 2530 580 sed
2563 527 2630 579 ut
2662 540 2766 597 per
2792 526 3093 590 Austrum,
3126 522 3228 595 qui
3255 518 3530 594 Aquiloni
3566 518 3911 578 contrarius

475 610 719 676 ,raonis,
742 614 800 666 et
827 609 1211 671 laudaverunt
1233 629 1363 669 eam
1390 612 1543 684 apud
1575 610 1961 679 Pharaonem,
1977 615 2034 667 et
2052 612 2147 667 in-

500 700 884 755 troduxerunt
908 715 1038 756 eam
1070 700 1130 755 in
1179 701 1420 757 domum
1454 699 1775 755 Pharaonis
1801 718 1816 755 :
1845 704 1902 756 et
1931 701 2146 756 Abram

478 785 782 853 .benefecit
829 792 1067 860 propter
1112 805 1243 847 eam
1277 804 1291 845 ε
1326 793 1383 844 et
1410 789 1648 844 fuerunt
1699 787 1750 844 ei
1780 805 1936 857 oves,
1967 792 2027 844 et
2056 806 2145 843 ar-

500 878 720 945 menta,
740 879 801 931 et
830 876 1020 945 .asini,
1052 882 1110 933 et
1158 878 1330 945 servi,
1362 882 1422 933 et
1478 876 1722 945 ancillas,
1758 877 1914 933 muli
1944 881 2002 933 et
2050 894 2145 933 ca-

500 962 659 1027 meli.
692 964 909 1043 »,Licet
937 982 1149 1039 corpus
1187 970 1529 1024 sanctarum
1556 964 1873 1022 mulierum
1916 982 2032 1022 non
2061 966 2148 1021 vis

480 1051 778 1122 .maculet,
808 1054 971 1115 αὖ
1026 1056 1127 1112 sed
1177 1054 1447 1115 voluntas
1479 1070 1495 1110 :
1532 1058 1592 1110 et
1646 1054 1912 1113 excusari
1965 1054 2152 1127 possit

482 1141 691 1210 .Sarai,
712 1143 868 1216 quod
899 1144 1073 1205 famis
1101 1148 1363 1216 tempore
1393 1143 1520 1201 sola
1549 1144 1705 1217 regis
1732 1143 1793 1199 in
1826 1143 2149 1216 peregrinis

503 1230 671 1298 locis,
702 1232 912 1294 marito
958 1232 1323 1300 connivente,
1349 1232 1625 1289 resistere
1682 1232 2153 1305 nequiverit;ta-

504 1336 638 1381 men
664 1323 860 1392 potest
886 1323 944 1376 et
971 1319 1141 1393 aliter
1161 1320 1323 1378 foeda
1342 1321 1663 1379 necessitas
1679 1321 1974 1377 excusari:
1992 1321 2146 1391 quod

418 1474 430 1494 ,
494 1408 666 1478 iuxta
688 1407 908 1469 librum
937 1408 1132 1469 Esther
1160 1425 1525 1482 quaecunque
1555 1408 1872 1467 mulierum
1903 1408 2152 1482 placuis-

488 1499 592 1557 ,set
616 1496 736 1569 regi
762 1498 925 1570 apud
950 1501 1197 1570 veteres,
1213 1515 1315 1555 sex
1342 1499 1651 1555 mensibus
1673 1498 2003 1571 angebatur
2023 1498 2151 1553 oleo

496 1584 756 1657 myrtino
777 1586 1016 1653 ',et.sex
1045 1587 1352 1646 mensibus
1383 1588 1444 1643 in
1473 1586 1792 1660 pigmentis
1811 1585 1991 1642 variis
2007 1591 2149 1653 erat,

500 1678 560 1735 et
579 1674 1394 1745 curationibusfeminarum,
1427 1680 1491 1731 et
1514 1680 1657 1732 tunc
1685 1675 1925 1731 demum
1956 1674 2153 1747 ingre-

503 1761 773 1821 diebatur
827 1763 900 1820 ad
938 1779 1155 1836 .regem
1196 1764 1430 1835 (Esther,
1466 1782 1530 1832 ιι,
1562 1766 1654 1830 12,
1681 1764 1793 1835 43).
1827 1766 2016 1836 Atque
2071 1762 2153 1818 ita

2258 616 2365 679 est,
2398 612 2621 669 veniret
2644 614 2717 668 ad
2748 614 2989 668 domum
3022 612 3145 679 Dei,
3176 612 3276 667 ubi
3307 611 3499 667 fuerat
3549 609 3910 665 tabernacu-

2257 700 2380 756 lum
2413 702 2570 760 πο
2600 702 2730 772 ejus
2764 702 2825 757 in
2861 702 3053 757 medio
3084 700 3282 756 Bethel
3312 704 3369 754 et
3398 698 3464 754 Ai
3496 699 3619 769 [Αι.-
3647 696 3806 762 Gai].

2328 791 2514 860 (Vers.
2548 791 2656 860 13).
2688 811 2717 840 ‹‹
2748 791 2817 845 Et
2846 790 2953 845 viri
2982 791 3366 845 Sodomorum
3420 786 3561 843 mali
3592 791 3653 843 et
3705 801 3913 858 pecca-

2255 882 2412 934 tores
2451 880 2512 934 in
2574 884 2891 949 conspectu
2936 878 3036 933 Dei
3091 877 3484 933 vehementer.
3527 898 3558 925 »
3599 874 3912 947 Supernae

2258 966 2353 1021 hic
2384 966 2444 1020 in
2494 967 2878 1039 Septuaginta
2922 966 3338 1038 interpretibus
3396 965 3662 1021 additum
3707 966 3827 1031 est,
3855 964 3912 1018 in

2256 1059 2543 1126 conspectu
2572 1056 2671 1110 Dei
2698 1058 2738 1123 3,
2773 1054 3066 1127 siquidem
3099 1055 3487 1110 Sodomorum
3518 1052 3711 1109 coloni
3752 1051 3912 1123 apud

2257 1142 2527 1198 homines
2588 1142 2692 1215 [AL
2726 1144 2973 1214 omnes],
3028 1142 3166 1197 mali
3224 1146 3281 1198 et
3328 1145 3661 1213 peccatores
3717 1144 3910 1201 erant.

2260 1231 2360 1287 Ille
2406 1236 2605 1287 autem
2654 1231 2869 1287 dicitur
2916 1232 2975 1286 in
3018 1235 3330 1303 conspectu
3361 1230 3460 1286 Dei
3492 1233 3786 1302 peccator,
3812 1228 3911 1301 qui

2258 1323 2449 1392 potest
2485 1320 2639 1392 apud
2688 1320 2955 1375 homines
2997 1321 3198 1391 justus
3250 1318 3456 1385 videri,
3489 1318 3794 1390 quomodo
3836 1318 3908 1375 de

2256 1406 2534 1463 Zacharia
2562 1412 2620 1462 et
2666 1408 2958 1464 Elizabeth
3007 1407 3067 1462 in
3117 1408 3409 1480 praeconio
3451 1406 3710 1478 ponitur,
3746 1407 3905 1478 quod

2260 1497 2476 1552 fuerint
2498 1497 2642 1567 justi
2673 1499 2845 1553 ambo
2876 1497 2935 1552 in
2983 1502 3304 1569 conspectu
3340 1495 3437 1551 Dei
3469 1497 3618 1567 (Luc.
3653 1512 3696 1563 ι,
3723 1496 3809 1567 6).
3842 1496 3910 1551 Et

2256 1587 2316 1641 in
2347 1586 2627 1642 Psalterio
2659 1587 2875 1641 dicitur
2907 1604 2920 1642 :
2957 1588 3071 1644 Non
3102 1587 3502 1656 iustiﬁcabitur
3530 1587 3591 1641 in
3615 1590 3909 1657 conspecta

2260 1683 2351 1731 tuo
2373 1677 2552 1731 omnis
2580 1677 2768 1731 vivens
2794 1676 2966 1746 (Psal.
2988 1692 3158 1744 CXLII,
3193 1676 3271 1743 2).

2332 1763 2517 1835 (Vere.
2554 1765 2614 1818 14
2643 1769 2701 1819 et
2734 1764 2845 1833 l5).
2884 1786 2911 1814 «
2947 1764 3097 1819 Leva
3124 1762 3323 1819 oculos
3351 1766 3503 1831 tuos,
3528 1765 3584 1817 et
3610 1761 3803 1817 videa
3831 1761 3911 1817 lo-

503 1854 695 1924 potcst
723 1851 1143 1921 ﬁeri,ut.Sarai
1171 1856 1483 1924 postquam
1515 1850 1817 1924 placuerat
1849 1851 2150 1924 regi,dum
2184 1899 2229 1925 η
2261 1870 2327 1908 co
2360 1852 2418 1907 in
2440 1870 2558 1925 quo
2587 1858 2646 1907 tu
2668 1868 2823 1907 nunc
2852 1869 2916 1907 es
2947 1853 3017 1907 ad
3052 1851 3488 1923 aquilonem,et
3507 1850 3578 1905 ad
3609 1855 3906 1917 austrum,

503 1957 607 2013 per
635 1956 865 2015 annum
891 1940 1021 2009 ejus
1050 1941 1123 2000 ad
1152 1957 1350 2014 regem
1382 1945 1810 2014 praepararetur
1850 1940 2152 2008 introitus,

488 2033 563 2091 et
590 2028 1090 2093 AbrahaaPharao
1121 2028 1310 2086 multa
1340 2029 1664 2097 donaverit,
1679 2032 1736 2085 et
1752 2028 1978 2085 Pharao
2000 2033 2154 2101 post-

492 2133 573 2183 ea
610 2117 689 2177 sit
726 2133 1049 2189 percussus
1076 2134 1111 2174 a
1138 2118 1406 2186 Domino,
1440 2117 1541 2174 illa
1564 2118 1771 2175 .adhuc
1814 2118 2034 2174 intacta
2078 2117 2150 2173 ab

502 2207 635 2278 ejus
662 2205 976 2267 concubitu
1007 2211 1407 2279 permanente.

574 2295 736 2368 (Cap.
762 2295 916 2356 XIII.
947 2325 1018 2337 --
1066 2299 1231 2353 Vers.
1262 2296 1399 2369 4φ4.)
1434 2319 1462 2347 ››
1492 2298 1561 2353 Et
1619 2296 1882 2353 ascendit
1935 2296 2151 2351 Abram

503 2401 573 2443 ex
599 2387 847 2457 Egypto
876 2384 1003 2457 ipse
1031 2390 1090 2443 et
1117 2401 1262 2443 uxor
1290 2387 1444 2457 ejus,
1475 2389 1533 2443 et
1583 2386 1782 2442 omnia
1812 2401 1939 2457 quas
1994 2384 2153 2440 illius

494 2476 676 2537 erant
690 2490 705 2533 :
718 2476 777 2529 et
790 2473 896 2533 Lot
914 2489 1051 2531 cum
1067 2488 1133 2531 eo
1146 2472 1208 2529 in
1230 2473 1549 2530 desertum.
1566 2474 1702 2530 Erat
1717 2477 1915 2529 autem
1932 2473 2151 2528 Abram

500 2563 668 2623 dives
695 2561 862 2623 valde
888 2561 963 2621 in;
983 2577 1210 2634 pecore,
1237 2565 1296 2618 et
1324 2566 1588 2635 argento,
1618 2566 1675 2618 et
1700 2578 1841 2618 auro
1878 2579 1892 2617 :
1923 2564 1981 2617 et
2009 2560 2155 2617 abiit

505 2650 663 2713 unde
682 2651 851 2721 (venit
879 2650 1266 2709 indesertum
1298 2668 1488 2723 usque
1519 2649 1741 2707 Bethel.
1762 2673 1795 2702 »
1818 2650 2063 2706 Pulchre
2083 2651 2154 2706 de

505 2740 752 2810 Egypto
800 2738 1087 2799 liberatus
1119 2739 1465 2809 ascendisse
1497 2738 1730 2795 dicitur.
1761 2739 1872 2795 Sed
1904 2738 2157 2795 occurrit

507 2825 645 2883 huic
669 2826 877 2887 sensui
913 2826 1085 2896 illud,
1119 2827 1275 2900 quod
1308 2828 1925 2900 sequiturzquomodo
1956 2831 2155 2899 potue-

509 2916 586 2972 rit
615 2915 814 2975 exiens
842 2916 913 2972 de
938 2916 1178 2989 Egypto
1210 2916 1394 2973 fuisse
1424 2916 1585 2973 dives
1616 2916 1830 2972 valde?
1859 2917 2020 2983 Quod
2045 2915 2156 2972 sol-

508 3003 666 3061 vitur
726 3002 830 3063 illa
871 3004 1160 3062 Hebraica
1226 3003 1486 3071 veritate,
1535 3004 1597 3059 in
1663 3022 1780 3077 qua
1830 3005 2153 3061 scribitur:

506 3116 534 3144 ‹‹
554 3092 773 3155 Abram
790 3092 983 3166 gravis
1005 3093 1432 3165 vehementer,»
1455 3093 1563 3149 hoc
1583 3097 1690 3162 est,
1712 3090 1878 3168 βαρὺς
1900 3089 2106 3170 σφόδρα
2137 3110 2153 3151 :

503 3182 732 3255 [Egypti
762 3182 917 3240 enim
948 3183 1203 3256 pondere
1232 3183 1603 3255 gravabatur.
1636 3183 1706 3238 Et
1744 3181 1881 3238 licet
1918 3182 2156 3238 videan-

2184 1899 2231 1964 B

2261 1946 2319 1997 et
2340 1942 2411 1996 ad
2444 1942 2750 2008 orientem,
2783 1946 2842 1997 et
2871 1942 2942 1996 ad
2975 1957 3136 1996 mare
3166 1959 3179 1995 :
3213 1940 3354 2012 quia
3395 1955 3627 1995 omnem
3657 1943 3904 2007 terram,

2260 2046 2439 2101 quam
2471 2033 2531 2085 tu
2564 2029 2745 2097 vides,
2782 2029 2883 2085 tibi
2910 2030 3062 2084 dabo
3092 2046 3219 2084 eam
3252 2032 3309 2083 et
3334 2027 3545 2083 semini
3570 2032 3684 2082 tuo.
3706 2050 3728 2075 ιι
3756 2028 3910 2091 Qua-

2259 2123 2396 2174 tuor
2425 2118 2663 2174 climata
2686 2118 2889 2173 mundi
2906 2117 3418 2190 posuit,orientem
3443 2121 3500 2172 et
3518 2104 3903 2185 occidentem,

2260 2207 2716 2279 septentrionem
2747 2212 2805 2263 et
2833 2208 3245 2262 meridianum.
3278 2206 3439 2271 Quod
3471 2209 3665 2260 autem
3690 2204 3749 2259 in
3779 2222 3907 2260 om-

2261 2296 2435 2352 nibus
2464 2296 2782 2369 Scripturis
2806 2295 3148 2368 legitur,hic
3167 2294 3345 2350 semel
3378 2294 3593 2350 dixisse
3623 2293 3902 2361 sufﬁciat,

2262 2401 2421 2440 mare
2451 2401 2683 2457 semper
2713 2402 2815 2456 pro
2846 2384 3141 2439 occidente
3173 2383 3308 2456 poni
3343 2400 3355 2437 :
3390 2385 3462 2439 ab
3492 2398 3557 2439 eo
3605 2382 3763 2455 quod
3797 2383 3905 2439 Pa-

2261 2472 2500 2529 lazstinae
2552 2473 2710 2545 regio
2768 2473 2851 2529 ita
2898 2474 3011 2528 sita
3043 2474 3140 2540 sit,
3170 2478 3234 2528 ut
3283 2489 3441 2529 mare
3482 2471 3542 2527 in
3583 2471 3907 2529 occidentis

2263 2562 2439 2636 plaga
2465 2562 2695 2618 habeat.

2334 2651 2491 2723 (Cap.
2525 2650 2666 2706 XIV.
2710 2683 2778 2692 ——
2799 2654 2963 2706 Vers.
2996 2651 3049 2721 2,
3082 2650 3158 2720 3.)
3196 2671 3223 2698 ››
3248 2650 3312 2704 Et
3343 2666 3440 2705 rex
3466 2647 3624 2716 Bale,
3657 2649 3781 2704 haec
3821 2654 3909 2705 est

2262 2741 2460 2813 Segor.
2494 2740 2708 2796 Omnes
2740 2740 2800 2795 hi
2832 2745 3258 2795 consenserunt
3285 2739 3307 2772 ³
3340 2739 3491 2810 apud
3535 2737 3749 2793 vallem
3779 2739 3909 2794 Sal-

2262 2845 2411 2899 sam,
2445 2828 2553 2884 hoc
2601 2834 2709 2899 est,
2749 2844 2910 2884 mare
2943 2827 3112 2884 Salis.
3143 2850 3171 2877 »
3220 2827 3354 2883 Bale
3401 2827 3602 2899 lingua
3648 2827 3911 2897 Hebraea,

2262 2917 2583 2987 κατάποσις,
2615 2917 2673 2973 id
2706 2922 2813 2987 est,
2846 2918 3126 2974 devoratio
3155 2916 3388 2973 dicitur.
3423 2916 3687 2972 Tradunt
3729 2916 3917 2989 igitur

2263 3007 2509 3077 Hebrazi,
2552 3007 2707 3062 hanc
2742 3008 3010 3062 eamdem
3050 3006 3109 3061 in
3154 3005 3268 3061 alio
3316 3005 3748 3077 Scripturarum
3789 3004 3915 3061 loco

2265 3095 2449 3152 Salis:
2495 3095 2788 3150 nominari
2814 3096 2862 3161 (Ι
2906 3100 3035 3166 Reg.
3068 3111 3144 3164 1x,
3178 3095 3318 3165 4)‘:
3369 3093 3601 3165 dicique
3649 3109 3914 3161 rursum,

2271 3181 2478 3258 μόσχον
2508 3181 2899 3257 τριετίζουσαν,
2932 3184 2992 3239 id
3023 3189 3130 3249 est,
3165 3182 3403 3239 vitulam
3433 3187 3850 3240 conternantem
3877 3186 3917 3252 ‘,

506 3276 603 3328 tur
642 3287 776 3333 esse
823 3270 1034 3329 divitia
1094 3271 1345 3345 pecoris,
1379 3271 1530 3340 auri,
1562 3275 1618 3327 et
1666 3272 1912 3345 argenti,
1956 3276 2155 3328 tamen
2186 3265 2228 3331 C
2266 3272 2421 3345 quod
2446 3273 2670 3329 scilicet
2698 3274 2868 3329 tertio
2900 3276 3062 3328 motu
3092 3277 3256 3328 terra;
3286 3273 3559 3344 absorpta
3587 3271 3913 3343 sit(Isa.xv,

507 3359 557 3414 si
588 3358 866 3432 Egyptiaa
904 3364 1062 3428 sunt,
1075 3359 1198 3416 viro
1230 3365 1432 3416 sancto
1462 3377 1667 3433 graves
1699 3365 1855 3417 sunt.
1871 3360 2153 3433 Denique,

507 3465 624 3505 non
656 3452 721 3505 ut
751 3447 823 3517 in,
843 3447 1226 3522 septuaginta
1256 3448 1528 3523 legimus,
1563 3471 1591 3499 «
1624 3450 1785 3505 Abiit
1811 3450 1965 3506 unde
1982 3466 2151 3507 vene-

508 3541 601 3593 rat
630 3538 687 3595 in
706 3537 1015 3609 desertum
1040 3554 1235 3613 usque
1248 3537 1445 3609 Bethel
1464 3557 1477 3609 ;
1498 3561 1525 3588 ››
1540 3538 1641 3595 sed
1661 3539 1815 3595 sicut
1843 3539 1901 3594 in
1916 3538 2152 3595 Hebrch

509 3626 792 3699 scriptum
826 3631 915 3684 est
930 3644 943 3683 :
958 3650 985 3677 «
1012 3627 1165 3684 Abiit
1182 3626 1394 3684 itinere
1416 3644 1523 3683 suo
1543 3643 1646 3700 per
1663 3629 1945 3683 Austrum
1964 3645 2153 3700 usque

506 3714 726 3772 Bethel.
758 3737 788 3765 ››
827 3716 1048 3773 Idcirco
1077 3716 1371 3789 profectus
1399 3718 1471 3773 de
1496 3720 1742 3790 Egypto
1770 3721 1880 3782 est,
1912 3720 1978 3772 ut
2033 3735 2148 3772 non

504 3805 803 3865 desertum
833 3804 1256 3879 ingrederetur,
1277 3806 1431 3878 quod
1465 3822 1601 3861 cum
1632 3810 1874 3878 .Egypto
1905 3804 2151 3878 relique-

571 3931 588 3965 ¹
621 3928 983 4003 Recolendus
1009 3929 1485 4003 SsAugustinus,
1517 3934 1725 4002 quaest.
1757 3934 1847 3997 26,
1879 3930 1940 3986 in
1988 3931 2147 3988 hunc

498 4001 707 4075 Senes.
738 4000 932 4075 locum
968 4018 980 4055 :
1013 4021 1037 4049 cr
1064 4000 1735 4075 Quomodoaccipiatur,
1770 4003 1924 4075 quod
1958 4004 2144 4059 Abra-

495 4072 634 4127 ham
648 4072 888 4128 veniens
903 4072 962 4129 in
974 4077 1289 4146 Egyptum
1307 4073 1495 4129 celare
1514 4072 1697 4131 voluit
1713 4072 1951 4130 uxorem
1974 4092 2144 4131 suam

494 4158 625 4230 mea
647 4146 1213 4230 Saram,se‘cundum
1236 4146 1597 4230 omniaque:
1619 4150 1691 4202 de
1721 4146 1831 4230 hac
1848 4162 1909 4201 re
1926 4147 2146 4230 scripta

491 4219 632 4270 sunt
686 4219 885 4270 utrum
944 4215 1053 4272 hoc
1110 4218 1444 4272 convenerit
1486 4215 1607 4273 tam
1667 4223 1868 4274 sancto
1898 4215 2143 4289 viro,-an

492 4256 847 4360 su_b_d’efectio
895 4286 1028 4360 fidei
1086 4287 1644 4360 eiusgintelligatur,
1676 4288 1824 4344 sicut
1875 4288 2142 4344 nonnulli

490 4356 755 4442 arbitrati
786 4370 926 4442 sunt
948 4376 969 4439 :_
986 4359 1115 4442 jam
1147 4356 1482 4442 quidemet
1498 4361 2012 4442 contra‘Faustur'n
2032 4360 2142 4415 hac

491 4429 563 4491 de
593 4429 971 4503 re'disputavi
999 4448 1013 4498 ;
1046 4434 1103 4485 et
1131 4429 1476 4503 diligentius
1504 4448 1540 4487 a
1568 4432 1907 4503 presbytero
1937 4431 2140 4486 Hiero-

491 4516 666 4574 nymo
693 4502 1027 4574 expositum
1058 4506 1165 4571 est,
1201 4502 1381 4574 quare
1410 4518 1526 4574 non
1558 4502 1635 4558 sit
1657 4517 2043 4574 consequens,
2076 4506 2143 4574 ut

488 4570 624 4645 cum
652 4570 882 4645 aliquot
914 4573 1039 4629 dies
1068 4570 1236 4645 apud
1266 4588 1463 4645 regem
1493 4572 1719 4644 [Egypti
1750 4570 1893 4645 Sara
1940 4572 2135 4639 fuerit,

2260 3362 2341 3433 5.)
2373 3364 2440 3417 Et
2485 3380 2554 3418 ex
2595 3378 2661 3418 eo
2712 3366 2993 3435 tempore,
3025 3378 3138 3434 quo
3187 3362 3439 3417 Sodoma
3466 3366 3525 3417 et
3565 3361 3912 3418 Gomorrba.

2262 3451 2486 3507 Adema
2529 3454 2587 3507 et
2616 3451 2849 3508 Seboim
2896 3450 3094 3507 divino
3124 3449 3259 3522 igne
3288 3450 3575 3507 subversae
3616 3454 3778 3521 sunt,
3815 3450 3915 3507 illa

2258 3540 2512 3611 parvula,
2548 3538 3254 3611 nuncupetur.Siquidem
3282 3540 3448 3609 Segor
3474 3538 3830 3594 transfertur
3848 3538 3905 3594 in

2257 3646 2514 3701 parvam,
2548 3645 2673 3698 qua:
2704 3628 2907 3699 lingua
2934 3629 3076 3700 Syra
3105 3629 3279 3683 Zoara
3308 3626 3787 3682 dicitur‘.Vallis
3808 3644 3908 3682 au-

2258 3721 2376 3773 tem
2408 3717 2935 3788 Salinarum,sicut
2965 3717 3023 3771 in
3057 3716 3165 3772 hoc
3194 3717 3395 3771 eodem
3426 3715 3573 3771 libro
3604 3715 3903 3786 scribitur,

2259 3806 2314 3861 in
2349 3823 2467 3878 qua
2489 3806 2731 3862 fuerunt
2764 3810 2898 3861 ante
2928 3806 3089 3878 putei
3119 3805 3445 3869 bituminis,
3462 3804 3709 3877 postDei
3731 3804 3904 3877 iram,

2257 3930 2365 3985 dex
2412 3947 2522 3985 ms.
2556 3929 2715 4001 legit,
2759 3931 2848 3983 hic
2898 3929 3255 3985 consederunt
3299 3928 3444 4001 apud
3485 3929 3704 3999 vallem,
3750 3934 3905 3985 etc.:
3957 3984 3959 3993 Α

2256 4005 2355 4058 sed
2407 4000 2737 4057 necessario
2785 4000 3157 4056 retinendum
3199 4002 3258 4055 Ιιί
3310 4000 3738 4065 Conseruarum;
3767 4001 3907 4073 quia

2253 4092 2313 4145 in
2346 4090 2581 4146 Hebraao
2612 4095 2701 4146 est
2728 4074 3060 4151 tumbam
3092 4088 3187 4144 kol
3219 4088 3327 4144 elle
3351 4089 3674 4158 bhabberu,
3702 4089 3763 4144 id
3794 4095 3903 4161 est,

2252 4178 2439 4217 omnes
2471 4164 2569 4218 isti
2595 4169 2977 4218 convenerunt.
3010 4165 3294 4216 Maurum.

2323 4235 2346 4266 ὀ
2375 4233 2554 4289 Salisa
2575 4234 2876 4289 nominari.
2914 4232 3086 4287 Libro
3120 4232 3308 4302 primo
3338 4229 3627 4288 Samuelis
3656 4246 3788 4302 cap.
3823 4250 3899 4301 ix,

2252 4306 2306 4383 fi,
2329 4304 2581 4383 legimus
2613 4304 2720 4360 hoc
2752 4304 2924 4359 modo
2921 4321 2955 4383 ﬂ:
2972 4305 3037 4383 Et
3064 4306 3288 4360 transiit
3312 4320 3410 4383 per
3435 4306 3761 4383 terrain-{iw
3790 4315 3899 4363 γε.

2252 4372 2452 4501 ῧιιίδῖι.
2488 4375 2643 4431 ldem
2667 4392 2878 4431 nomen
2912 4375 3089 4431 Salisa
3114 4372 3363 4431 occurrit
3386 4372 3633 4431 inlibris
3651 4373 3897 4446 Regum.

2310 4463 2538 4500 ARTIAN.

2310 4463 2538 4500 ARTIAN.

2323 4517 2343 4549 ⁸
2364 4516 2489 4572 Duo
2522 4517 2752 4588 Reginae
2790 4533 2960 4584 mss.,
2990 4520 3422 4573 constemantem
3451 4534 3471 4571 :
3500 4515 3731 4588 vitiose.
3764 4515 3898 4572 Bale

2252 4590 2444 4643 autem
2473 4606 2506 4644 a
2531 4586 2642 4653 uti
2663 4589 2992 4660 deducitur,
3017 4589 3172 4660 quod
3189 4594 3278 4644 est
3309 4588 3622 4660 absorbere;
3640 4586 3896 4660 hincque

488 4643 662 4726 etiam
695 4637 823 4716 ejus
852 4637 1167 4739 concubitu
1215 4637 1489 4739 credl'atur
1516 4637 1663 4739 “Iesse
1706 4641 1934 4739 polluta
1957 4660 1970 4707 ;
1997 4659 2143 4714 quo-

2262 4637 2774 4739 )rta_Hebrt;zorun1
2808 4637 3006 4739 isthme
3021 4637 3444 4739 iratlitioquze
3465 4664 3521 4714 et
3549 4637 3663 4739 sibi
3684 4637 3895 4739 parum

488 4715 647 4799 niam
678 4712 809 4773 mos
838 4720 965 4799 erat
994 4715 1191 4799 regius
1220 4714 1460 4799 vicibus
1477 4715 1549 4769 ad
1575 4731 1638 4769 se
1667 4712 1974 4799 admittere
2005 4712 2135 4794 inu-

486 4784 657 4848 lieres
686 4802 846 4854 suas,
876 4790 933 4840 et
961 4783 1089 4842 nisi
1104 4785 1382 4857 lenientis
1411 4788 1471 4842 et
1495 4784 1820 4857 unguentis
1849 4783 1948 4839 diu
1972 4786 2134 4857 prius
2158 4793 2195 4818 δ

484 4862 755 4917 accurato
813 4872 1075 4928 corpore,
1126 4854 1292 4912 nulla
1321 4854 1613 4928 intrabat'
1636 4855 1707 4910 ad
1757 4854 2134 4928 regemeuze

482 4928 625 4985 dum
652 4929 881 4996 ﬁerent,
915 4925 1168 4984 afﬂictus
1198 4931 1288 4981 est
1319 4925 1543 4981 Pharao
1574 4943 1752 4982 manu
1784 4925 1991 4994 Dei,ut
2013 4930 2134 4985 viro

481 5000 812 5057 redhiberet
841 5000 1146 5063 intactam,
1176 5012 1357 5067 quam
1384 4997 1497 5070 ipsi
1529 4997 1647 5054 Deo
1678 4998 1928 5055 maritus
1976 5016 2133 5056 com-

486 5072 747 5141 miserat,
783 5094 809 5123 ι»
840 5076 949 5127 etc.

548 5151 694 5208 ’Est
731 5133 954 5220 autem,
1002 5147 1061 5202 in
1120 5146 1423 5220 Hebraico,
1483 5133 1673 5215 mm‘a,
1709 5150 1952 5220 ladonaz',
2003 5151 2130 5220 Deo,

521 5223 633 5277 uod
683 5218 1066 5293 Septuaginta
1121 5216 1357 5271 ἐναντίον
1406 5216 1502 5272 τοῦ
1545 5224 1702 5286 Θεοῦ,
1742 5224 1801 5276 in
1849 5216 2133 5293 conspectu

477 5239 575 5348 zei
604 5293 1064 5348 internretantur
1093 5305 1105 5345 :
1133 5291 1448 5348 sunerﬂue.
1483 5296 1548 5347 ut
1604 5293 1992 5348 Hieronvmus
2035 5295 2131 5348 iu-

566 5295 575 5345 ῐ
604 5291 1065 5366 interpretantur
1093 5305 1105 5345 :
1133 5291 1448 5366 superﬂue,
1483 5296 1548 5366 ut
1604 5291 1992 5366 Hieronymus
2033 5295 2131 5364 ju-

479 5364 654 5419 dicat.
688 5360 790 5417 Est
817 5361 974 5417 enim
1007 5360 1639 5429 ille,qu_emadmodum
1673 5360 2008 5420 Martianan
2031 5360 2128 5420 no—

477 5439 667 5490 tatum
696 5438 807 5499 est,
841 5432 1136 5508 Hebraicis
1162 5432 1374 5505 linguas
1406 5434 1764 5508 idiotismus,
1790 5437 1887 5508 qui
1938 5437 2130 5491 locum

477 5510 636 5561 tenet
673 5503 1035 5577 superlativi,
1069 5511 1133 5577 ut
1157 5503 1464 5577 peceatores
1494 5507 1600 5561 Deo
1627 5503 1782 5562 idem
1805 5503 1892 5563 'sit
1922 5524 1989 5562 ac
2014 5523 2132 5577 pec-

475 5579 687 5648 catores
714 5577 1055 5648 nequissimi.
1089 5576 1219 5633 Vid.
1252 5578 1529 5633 eumdem
1572 5578 1843 5635 Martian.
1877 5579 1938 5635 in
1966 5576 2130 5634 Notis

477 5645 892 5719 prolixioribus
922 5647 981 5704 in
1014 5647 1172 5705 hunc
1200 5648 1419 5706 locum.

508 5726 515 5735 '
548 5726 572 5765 ⁸
602 5727 795 5788 Omnes
822 5727 884 5787 Ιιὶ
929 5735 1341 5798 consenserunt,
1371 5731 1484 5788 etc.
1517 5726 1681 5787 Unus
1726 5736 1826 5788 aut
1863 5727 2132 5791 alter-eo-

2247 4735 2473 4786 constat
2505 4748 2751 4802 :_ncque
2785 4731 2940 4802 enim
2989 4732 3113 4786 sola
3153 4730 3359 4786 civitas
3408 4731 3586 4802 Zoara
3632 4730 3701 4802 inf
3738 4730 3891 4802 scri-

2244 4802 2435 4884 pturis
2483 4800 2690 4877 μόσχος
2725 4800 3067 4884 Ξριετίζουσα
3117 4802 3462 4884 appellatur.
3503 4801 3894 4884 fllheodoritus

2246 4872 2440 4945 ipsum
2475 4872 2685 4929 nomen
2724 4872 2903 4946 segor
2933 4872 3337 4929 devorationem
3367 4872 3696 4946 signiﬁcare
3718 4873 3893 4946 arbi-

2243 4950 2432 5033 tratus
2473 4949 2565 5000 est
2612 4950 2818 5033 quaest.
2853 4945 2913 5000 in
2963 4946 3104 5033 (lien.
3156 4944 3441 5033 interrog;
3472 4944 3564 5010 90,
3594 4944 3893 5028 latin!)th

2243 5015 2345 5089 γὰρ
2391 5018 2425 5084 ἡ
2496 5013 2699 5099 Σῃγὼρ
2761 5013 3136 5099 ἐρμηνεξόὶετλαι.
3193 5018 3321 5099 Ipse
3364 5013 3767 5099 hieronymus
3832 5015 3893 5099 in

2242 5086 2369 5159 cap.
2411 5105 2486 5142 xv
2532 5086 2644 5143 Isa.
2671 5086 2695 5143 ἐ
2731 5110 2759 5137 ‹‹
2790 5086 3168 5159 Ἀρρθιιθῑυν,
3216 5086 3428 5159 inquit,
3452 5086 3638 5159 (Bala,
3669 5086 3727 5140 id
3780 5092 3889 5153 est,

2243 5154 2537 5231 absorpta,
2588 5154 2957 5231 tradentibus
2998 5159 3270 5225 Hebraeis,
3295 5154 3680 5231 'quod‘tertio
3724 5162 3892 5212 terrae

2241 5235 2403 5285 motu
2423 5229 2767 5303 'prostratai
2793 5230 2886 5285 sit.
2923 5230 3053 5303 Ipsa
3102 5235 3191 5284 est
3233 5246 3363 5302 quas
3392 5229 3563 5285 hodie
3592 5229 3737 5301 Syro
3769 5245 3887 5284 ser-

2242 5248 2403 5285 metu
2454 5248 2745 5303 prosrrata
2793 5248 2886 5285 sn.
2923 5248 3053 5356 iplsa
3102 5248 3191 5284 est
3233 5248 3363 5302 quae
3393 5248 3563 5285 neme
3593 5248 3737 5301 syro
3769 5248 3887 5284 ser-

2242 5317 2414 5426 mque
2464 5307 2704 5359 vocatur
2731 5302 2928 5371 Zoora,
3005 5302 3192 5356 ebraao
3239 5303 3439 5375 Segor,
3463 5306 3709 5371 utroque
3760 5316 3888 5372 par-

2242 5389 2310 5426 νυ
2342 5390 2394 5426 a.
2431 5394 2459 5422 ››

2238 5389 2394 5427 vu1a.
2431 5394 2459 5422 >)

2309 5444 2617 5499 6Concinit
2654 5443 2936 5499 Diodorus
2982 5442 3040 5513 in
3101 5441 3567 5513 Catenisltegiis
3613 5457 3759 5497 mss.
3792 5458 3891 5513 pe-

2241 5531 2344 5589 nes
2398 5515 2891 5589 Mont‘auconium.
2941 5511 3169 5589 “caruitne
3199 5509 3255 5566 δὲ
3302 5509 3645 5589 nidiﬁcia.
3695 5509 3880 5589 γρᾷφὴ

2240 5584 2474 5661 Σῴγοροι
2515 5583 2685 5661 μκαλεῖ
2733 5586 2761 5637 ὁ
2807 5581 2863 5638 δὲ
2923 5579 3108 5661 Σόροξ
3156 5584 3317 5661 Ζααρξ
3368 5579 3885 5661 καὶ”Βαλᾶ.

2238 5656 2447 5787 (arrogat?
2500 5658 2786 5733 Scriptura
2845 5656 3247 5730 vocat'Zogora,
3268 5656 3451 5731 Syrus
3513 5672 3633 5713 vero
3687 5656 3879 5731 lauri,

2422 5745 2477 5786 a.

2239 5741 2292 5787 et
2319 5741 2477 5788 uela.
