3992 6390
473 362 627 429 1011

1706 368 1775 431 S.
1823 366 2137 431 EUSEBII
2179 367 2647 433 HIERONYMI.

3718 363 3881 432 1019

471 496 631 569 Levi,
663 501 721 557 et
748 515 851 573 per
878 498 1009 557 Levi
1038 502 1226 558 Aaron
1268 500 1385 557 :de
1440 517 1555 575 quo
1594 505 1795 574 postea
1849 502 2115 559 sacerdo-
2146 509 2198 576 Α
2228 522 2378 560 nam
2434 505 2711 578 (nm-in).
2764 505 2821 560 id
2892 507 2982 560 est
3030 500 3328 580 καταφορά,
3395 501 3630 574 legitur,
3694 517 3875 574 quam

472 588 645 644 tium.
676 591 760 645 Ex
786 607 901 662 quo
952 590 1146 663 colligi
1201 590 1347 656 vult,
1402 591 1794 647 sacerdotium
1852 591 2115 645 Ecclesiae

472 676 745 734 habentis
774 680 1146 751 praeputium,
1171 680 1538 735 benedixisse
1558 679 1904 735 circumciso
1936 695 2117 734 sacer-

474 766 630 821 dotio
658 767 994 839 Synagogan.
1046 769 1208 832 Quod
1259 775 1453 824 autem
1501 767 1585 823 ait
1618 785 1630 823 :
1670 771 1753 822 Tu
1786 783 1840 822 es
1868 768 2120 823 sacerdos

467 856 531 910 in
556 859 850 924 aeternum,
881 856 1177 912 secundum
1218 857 1467 913 ordinem
1523 855 1913 912 Melchisedech
1944 856 2115 927 (Psal.

470 959 583 1012 cxx,
634 944 688 1015 Δ)
751 962 764 999 :
812 945 1158 1017 mysterium
1215 950 1481 1001 nostrum
1533 946 1546 978 ¹
1603 945 1661 1000 in
1690 946 1864 1001 verbo
1895 944 2117 1000 ordinis

464 1030 834 1104 signiﬁcatur
866 1052 879 1089 :
913 1028 1283 1107 nequaquam
1318 1051 1418 1106 per
1460 1038 1645 1089 Aaron
1678 1032 2116 1089 irrationalibus

463 1120 722 1177 victimis
750 1120 1148 1190 immolandis,
1182 1123 1281 1177 sed
1313 1121 1506 1178 oblato
1538 1138 1687 1194 pane
1717 1125 1774 1177 et
1801 1121 1935 1177 vino
1987 1138 1999 1175 :
2055 1121 2113 1176 id

467 1212 578 1279 est,
613 1225 852 1283 corpore
882 1215 938 1265 et
966 1211 1249 1283 sanguine
1278 1211 1509 1266 Domini
1540 1211 1571 1266 J
1579 1227 1685 1266 esu
1715 1212 1757 1266 ’.

541 1344 701 1415 (Cap.
733 1344 845 1401 XV.
876 1374 944 1383 ——
976 1344 1133 1401 Vers.
1164 1348 1219 1413 2,
1251 1346 1331 1416 3.)
1373 1366 1400 1395 »
1448 1345 1692 1400 Domine
1750 1344 1925 1410 Deus,
1973 1344 2115 1414 quid

471 1432 638 1488 dabis
689 1431 887 1488 mihi?
931 1436 999 1487 Et
1045 1448 1150 1505 ego
1195 1434 1342 1489 vado
1393 1433 1519 1489 sine
1567 1432 1769 1489 liberis
1818 1451 1831 1487 :
1872 1438 1929 1488 et
1958 1433 2116 1488 ﬁlius

468 1521 661 1576 Masec
690 1520 1009 1576 vernacula}
1041 1538 1202 1589 meae,
1262 1522 1356 1577 hic
1415 1523 1737 1578 Damascus
1780 1522 2013 1577 Eliezer.
2049 1523 2118 1577 Et

467 1609 614 1665 dixit
643 1609 898 1665 Abram:
933 1611 1076 1666 Ecce
1124 1610 1271 1666 mihi
1321 1628 1436 1667 non
1490 1611 1703 1666 dedisti
1738 1598 1946 1666 semen
1995 1628 2007 1666 :
2060 1614 2116 1666 et

468 1697 627 1754 ﬁlius
655 1698 975 1755 vernaculae
1005 1715 1147 1755 mea:
1176 1700 1358 1755 haeres
1390 1716 1556 1755 meus
1586 1700 1695 1755 erit
1732 1702 1773 1754 ³.
1810 1722 1837 1749 ››
1869 1700 1975 1755 Ubi
2008 1716 2114 1755 nos

466 1786 777 1854 habemus,
799 1795 849 1843 el
867 1788 1019 1857 ﬁlius
1043 1792 1226 1844 Masee
1244 1790 1555 1845 vernaculae
1578 1805 1710 1843 mea:
1744 1805 1756 1843 :
1789 1789 1847 1843 in
1882 1789 2113 1844 Hebraeo

468 1875 757 1948 scriptum
809 1881 919 1945 est,
970 1893 1121 1933 UBEN
1163 1894 1382 1932 unseen
1415 1894 1579 1932 BETHI
1629 1879 1670 1945 ‘,
1722 1878 1873 1948 quod
1913 1878 2117 1949 Aquila
2147 1877 2195 1943 B

467 1963 791 2026 transtulit.
839 1968 894 2015 Ὁ
952 1964 1068 2025 υἱὸς
1130 1969 1227 2019 τοῖ’)
1274 1964 1592 2033 ποτίζοντος
1652 1965 1823 2019 οἰκίαιν
1874 1986 1977 2038 μου
2026 1968 2047 2001 ⁵
2099 1985 2111 2023 :

465 2052 529 2109 iﬁ
560 2056 671 2121 est,
701 2053 883 2111 Filius
907 2063 1103 2125 polum
1150 2054 1332 2109 dantis
1378 2054 1570 2111 domui
1596 2072 1748 2110 meae.
1795 2055 2114 2111 Theodotio

465 2157 623 2198 vero.
654 2140 743 2193 καὶ
776 2140 892 2202 υἱὸς
920 2145 1017 2194 τοῦ
1048 2141 1135 2194 ἐπὶ
1163 2148 1265 2209 τῆς
1315 2141 1489 2203 οἰκίας
1551 2163 1653 2214 μου
1710 2161 1723 2199 :
1781 2143 1838 2199 id
1887 2148 1995 2212 cst,
2062 2147 2114 2199 et

464 2230 619 2302 filius
646 2230 781 2301 ejus,
814 2232 911 2301 qui
936 2238 1101 2303 super
1128 2231 1351 2287 domum
1380 2248 1561 2287 meum
1588 2240 1685 2288 est.
1719 2232 1881 2296 Quod
1914 2237 2110 2287 autem

467 2319 630 2389 dicit,
680 2319 790 2376 hoc
835 2323 925 2376 est
973 2337 986 2376 :
1040 2320 1154 2393 Ego
1203 2322 1333 2376 sine
1366 2320 1567 2377 liberis
1600 2321 1835 2388 morior,
1868 2326 1925 2375 et
1954 2320 2112 2377 ﬁlius

464 2408 858 2483 procuratoris
888 2409 1025 2476 mei,
1045 2411 1131 2465 vel
1158 2409 1356 2477 villici,
1383 2411 1482 2481 qui
1513 2410 1787 2465 universa
1806 2410 2112 2481 dispensat

463 2501 523 2554 et
568 2497 871 2553 distribuit
933 2496 1151 2555 cibaria
1193 2498 1430 2554 familiae
1498 2515 1637 2554 mea:
1673 2540 1687 2566 ,
1756 2503 2114 2569 voeaturque

461 2586 786 2644 Damascus
825 2585 1064 2653 Eliezer,
1123 2587 1217 2642 hic
1280 2605 1446 2643 meus
1503 2587 1687 2643 haeres
1745 2587 1872 2643 erit.
1932 2591 2111 2642 Porro

461 2676 698 2743 Eliezer,
732 2677 1169 2748 interpretatur.
1201 2677 1342 2731 Deus
1392 2693 1546 2731 meus
1592 2676 1829 2747 adjutor.
1887 2677 1972 2731 Ab
2005 2676 2113 2732 hoc

460 2765 628 2821 aiunt
656 2765 1009 2821 Damascum
1041 2765 1061 2798 ε
1087 2767 1145 2820 et
1172 2764 1494 2833 conditam,
1526 2768 1584 2819 et
1615 2769 2036 2836 nuncupatam.

531 2898 724 2969 (Vers.
757 2899 837 2968 7.)
869 2919 897 2947 ι(
930 2898 1048 2968 Ego
1078 2896 1251 2967 Deus,
1286 2898 1387 2968 qui
1436 2897 1605 2952 eduxi
1653 2902 1708 2952 te
1756 2898 1828 2953 de
1878 2897 2111 2969 regione

461 2986 885 3044 Chaldaeorum.
922 3005 949 3033 ››
987 2986 1101 3039 Hoc
1131 2990 1239 3054 est,
1270 2986 1426 3056 quod
1480 2984 1655 3057 paulo
1687 2990 1821 3041 ante
1852 2986 2108 3043 diximus

461 3076 524 3131 in
558 3076 793 3131 Hebraeo
824 3072 1026 3128 haberi
1054 3090 1067 3128 :
1102 3074 1201 3144 qui
1233 3074 1403 3129 eduxi
1435 3077 1489 3129 te
1520 3074 1590 3129 de
1618 3090 1698 3129 un
1741 3091 2014 3140 anesum,
2048 3076 2106 3130 id

459 3164 569 3231 est,
604 3161 675 3216 de
706 3159 976 3215 incendio
1006 3159 1431 3217 Chaldaeorum.

532 3291 701 3362 (Vers
731 3292 817 3361 10,
849 3291 960 3364 41.)
993 3315 1022 3344 ‹‹
1053 3294 1122 3349 Et
1148 3294 1343 3365 posuit
1372 3311 1441 3350 ea
1485 3298 1687 3351 contra
1717 3296 1923 3352 faciem
1955 3297 2102 3354 invi-

467 3394 634 3445 cem;
669 3395 804 3435 aves
844 3396 981 3437 vero
1014 3398 1132 3437 non
1164 3382 1381 3438 divisit.
1433 3383 1875 3440 Descenderunt
1916 3390 2113 3442 autem

468 3465 736 3523 volucres
759 3485 937 3541 super
964 3470 1245 3526 cadavera
1266 3475 1322 3527 et
1353 3488 1528 3544 super
1552 3471 1866 3528 divisiones
1888 3490 2115 3547 eorum,

475 3555 825 3627 opusculum
857 3559 986 3630 ejus
1012 3558 1292 3631 expositio
1322 3561 1690 3616 sacramenti.
1741 3563 1856 3617 Hoc
1885 3566 2114 3619 tantum

476 3643 751 3713 dicimus,
790 3647 931 3719 quia
986 3665 1088 3719 pro
1147 3648 1240 3705 his
1293 3666 1419 3721 quis
1466 3650 1793 3721 posuimus,
1845 3653 1999 3708 830
2053 3654 2114 3709 in

473 3734 711 3791 Hebraao
745 3736 919 3792 habet
950 3754 962 3792 :
993 3759 1022 3787 «
1056 3738 1122 3792 Et
1176 3738 1607 3793 descenderunt
1648 3738 1910 3796 volucres
1939 3758 2115 3813 super

464 3824 768 3893 cadavera,
799 3829 857 3880 et
904 3826 1175 3898 abigebat
1204 3842 1302 3883 eas
1352 3828 1589 3883 Abram.
1652 3849 1680 3875 ››
1739 3827 1903 3885 Illius
1953 3832 2109 3888 enim

459 3913 668 3970 merito
698 3930 850 3986 saepe
880 3915 951 3970 de
981 3916 1269 3988 angustiis
1301 3916 1582 3972 liberatus
1613 3919 1702 3972 est
1740 3917 1938 3974 Israel.

528 4046 714 4117 (Vers.
744 4045 858 4115 l2.)
888 4070 915 4097 «
950 4048 1035 4104 Ad
1070 4065 1342 4105 occasum
1401 4054 1601 4105 autem
1666 4050 1805 4107 solis
1862 4054 2107 4110 ecstasis

453 4133 671 4189 cedidit
699 4150 877 4205 super
904 4135 1143 4193 Abram.
1174 4161 1199 4187 »
1230 4138 1336 4194 Pro
1365 4141 1552 4194 extasi
1573 4138 1631 4193 in
1666 4140 1901 4196 Hebrazo
1930 4160 2107 4198 man-

527 4256 545 4291 ¹
576 4258 902 4327 Mysterium
928 4268 1175 4316 nostrum
1204 4265 1313 4316 etc.
1375 4264 1520 4318 Tres
1581 4279 1725 4318 mss.
1759 4265 1992 4321 codices
2023 4265 2100 4321 le-

457 4333 606 4400 gunt
635 4331 694 4403 et
722 4329 923 4384 eodem
950 4348 1154 4403 sensu,
1204 4335 1578 4389 ministerium
1614 4341 1879 4403 nostrum,
1902 4336 1961 4391 id
1992 4343 2100 4403 est,

455 4399 836 4475 sacerdotum
864 4401 964 4475 qui
994 4399 1204 4475 panem
1235 4409 1293 4460 et
1320 4406 1521 4460 vinum
1556 4405 1806 4460 oﬁ‘erunt
1836 4399 1895 4460 in
1928 4399 2104 4462 sacri;

459 4469 776 4544 ﬁcionom
821 4469 970 4544 legis
994 4469 1277 4530 MARTIAN.

526 4542 548 4575 ²
572 4541 1177 4617 Corporeel'sanguine
1232 4547 1453 4601 Domini
1477 4546 1621 4600 Iesu.
1674 4545 2097 4617 Apertissimus

2228 610 2407 665 supra
2431 594 2697 650 vertinus
2728 594 2788 649 in
2817 610 3092 665 soporem.

2296 683 2484 752 (Vers.
2519 684 2629 754 16.)
2662 706 2689 732 ‹‹
2724 683 3107 739 Generatione
3167 686 3364 738 autem
3421 684 3634 752 quarta
3687 696 3874 738 rever-

2224 774 2421 825 tentur
2452 772 2585 826 huc.
2618 794 2645 822 »
2692 773 2853 827 Haud
2876 772 3122 827 dubium
3145 772 3288 843 quin
3314 771 3400 838 hi,
3419 771 3520 842 qui
3550 772 3623 826 de
3652 771 3874 826 semine

2226 860 2443 915 fuerint
2498 861 2752 916 Abrahae.
2794 860 3083 924 Quaeritur
3148 860 3441 932 quomodo
3536 860 3593 914 in
3688 859 3874 915 Exodo

2226 948 2511 1020 scriptum
2560 949 2635 1004 sit
2664 952 2682 983 ⁷
2716 966 2728 1003 :
2765 951 2977 1018 Quinta
3033 957 3218 1005 autem
3264 950 3614 1019 generatione
3670 951 3875 1018 egressi

2223 1042 2351 1093 sunt
2401 1038 2511 1107 ﬁlii
2552 1040 2719 1094 Israel
2764 1038 2830 1094 de
2877 1043 3025 1094 terra
3070 1040 3291 1109 Egypti
3337 1037 3529 1106 (Exod.
3602 1054 3705 1107 xv,
3770 1039 3871 1107 18).

2225 1127 2413 1199 Super
2440 1144 2556 1199 quo
2588 1127 2845 1200 capitulo
2868 1144 3112 1199 parvum
3137 1127 3410 1183 volumen
3441 1127 3745 1183 edidimus
3766 1129 3808 1181 ⁸.

2294 1217 2453 1287 (Cap.
2501 1215 2645 1271 XVI.
2694 1247 2764 1256 ——
2814 1220 2979 1272 Vers.
3028 1219 3109 1285 2.)
3161 1238 3189 1266 «
3240 1220 3381 1271 Ecce
3444 1214 3741 1271 conclusit
3788 1232 3873 1271 me

2224 1303 2529 1373 Dominus,
2553 1309 2615 1359 ut
2647 1321 2765 1360 non
2796 1305 3022 1377 pariam
3057 1320 3070 1359 :
3104 1304 3407 1377 ingredere
3424 1320 3560 1377 ergo
3580 1306 3659 1360 ad
3696 1304 3871 1360 ancil-

2223 1390 2342 1447 lam
2375 1407 2587 1461 meam,
2620 1398 2685 1448 ut
2720 1393 2967 1449 habeam
3012 1392 3167 1449 ﬁlios
3217 1408 3287 1448 ex
3334 1408 3422 1449 ea.
3476 1415 3504 1443 »
3556 1393 3874 1467 Diligenter

2224 1487 2384 1547 nota,
2434 1482 2591 1553 quod
2644 1482 2962 1553 procreatio
3014 1482 3289 1550 ﬁliorum,
3334 1482 3393 1537 in
3430 1482 3665 1539 Hebraeo
3694 1483 3872 1552 ediﬁ-

2220 1572 2365 1625 calio
2397 1570 2613 1642 scripta
2658 1575 2767 1626 est.
2825 1570 3061 1643 Legitur
3108 1570 3265 1626 enim
3332 1571 3413 1626 ibi
3451 1590 3465 1627 :
3500 1594 3527 1621 «
3565 1573 3870 1645 Ingredere

2225 1658 2297 1713 ad
2328 1658 2600 1715 ancillam
2651 1676 2861 1727 meam,
2896 1659 2945 1713 si
2979 1676 3095 1730 quo
3128 1660 3302 1715 modo
3334 1661 3582 1716 aediﬁcer
3609 1675 3685 1716 ex
3715 1676 3804 1716 ea.
3845 1681 3871 1709 κ

2224 1747 2292 1801 Et
2342 1746 2490 1816 vide,
2542 1764 2613 1803 ne
2660 1749 2805 1804 forte
2853 1748 2961 1802 hoc
2994 1748 3090 1815 sit,
3132 1749 3287 1819 quod
3319 1748 3378 1803 in
3436 1748 3626 1804 Exodo
3658 1749 3871 1804 dicitur

2224 1835 2509 1890 Benedixil
2540 1837 2676 1891 Deus
2706 1837 3105 1905 obstetricibus,
3124 1844 3179 1892 et
3204 1836 3609 1907 wdiﬁcaverunt
3634 1838 3755 1892 sibi
3783 1837 3870 1893 do-

2224 1939 2340 1978 mos
2371 1924 2572 1995 (Exod.
2608 1943 2645 1991 ι,
2677 1927 2789 1996 20).

2298 2012 2478 2083 (Vers.
2502 2014 2580 2084 7.)
2603 2036 2630 2063 ‹‹
2667 2015 2734 2068 Et
2765 2013 2983 2069 invenit
3002 2030 3132 2069 eam
3162 2014 3405 2086 angelus
3427 2014 3653 2071 Domini
3689 2032 3870 2087 super

2225 2100 2444 2156 fontem
2484 2118 2645 2173 aqum
2686 2102 2745 2157 in
2787 2102 3013 2158 deserto
3046 2103 3117 2159 ad
3168 2104 3386 2159 fontem
3444 2104 3502 2158 in
3548 2103 3638 2159 via
3669 2104 3810 2161 Sur.
3843 2125 3867 2151 η

2224 2188 2660 2261 Consequenter
2705 2191 2977 2263 zEgyptia
3024 2192 3083 2246 in
3134 2192 3227 2246 via
3274 2192 3405 2260 Sur,
3450 2208 3571 2263 quae
3611 2208 3720 2265 per
3749 2209 3867 2248 ere-

2224 2294 2389 2334 mum
2421 2280 2583 2334 ducit
2611 2279 2681 2335 ad
2712 2281 3041 2352 Egyptum,
3071 2280 3154 2335 ire
3187 2280 3498 2337 festinabat
3524 2283 3566 2335 θ.

2294 2369 2476 2435 (Vers.
2530 2369 2635 2434 11.)
2683 2389 2709 2421 α
2760 2370 2828 2423 Et
2867 2368 3091 2423 vocavit
3132 2369 3177 2403 ¹⁰
3208 2384 3417 2424 nomen
3450 2369 3580 2440 ejus
3611 2370 3867 2437 Ismael;

2221 2456 2360 2529 quia
2391 2457 2683 2513 exaudivit
2714 2457 2868 2512 Deus
2901 2456 3297 2513 humilitatem
3330 2474 3544 2514 meam.
3588 2481 3615 2507 »
3649 2458 3860 2515 Ismael

2224 2546 2659 2617 interpretatur,
2692 2545 2973 2602 exauditio
3004 2547 3121 2602 Dei.

2293 2635 2480 2706 (Vers.
2572 2636 2682 2705 i2.)
2754 2636 2852 2690 Hie
2908 2635 3019 2690 erit
3077 2635 3334 2691 rusticus
3390 2635 3585 2692 homo.
3654 2640 3861 2693 Manus

2221 2725 2348 2795 ejus
2381 2741 2557 2795 super
2585 2740 2809 2791 omnes,
2841 2729 2899 2778 et
2929 2741 3140 2779 manus
3187 2724 3452 2780 omnium
3490 2742 3673 2797 super
3702 2742 3854 2791 eum,

2221 2818 2277 2868 et
2306 2818 2507 2868 contra
2539 2813 2745 2868 faciem
2779 2813 3045 2868 omnium
3079 2813 3325 2869 fratrum
3355 2831 3597 2870 suorum
3630 2814 3858 2871 habita-

2220 2902 2324 2956 bit.
2356 2923 2382 2950 »
2416 2905 2524 2957 Pro
2556 2900 2771 2957 rustico
2803 2901 2862 2956 in
2889 2902 3127 2957 Hebrzeo
3157 2901 3442 2974 scriptum
3472 2902 3649 2958 habet
3678 2920 3865 2958 pium

2219 2990 2403 3061 (ΜΞ),
2438 2992 2593 3062 quod
2626 2991 3044 3062 interpretatur
3072 3007 3294 3060 onager.
3334 2990 3638 3063 Signiﬁcat
3665 2997 3861 3048 autem

2220 3095 2421 3136 semen
2465 3080 2594 3149 eius
2640 3079 3041 3135 habitatorum
3092 3079 3152 3135 in
3193 3096 3408 3147 eremo,
3458 3080 3517 3135 id
3562 3084 3653 3136 est
3701 3082 3866 3137 Sara-

2220 3184 2395 3223 cenos
2458 3184 2657 3240 vagos,
2708 3167 3061 3239 incertisque
3118 3168 3379 3235 sedibus,
3429 3168 3530 3241 qui
3561 3170 3865 3226 universas

2139 3244 2181 3311 C
2219 3260 2422 3328 gentes
2452 3257 2669 3328 quibus
2699 3257 2995 3312 desertum
3026 3272 3095 3313 ex
3126 3255 3304 3313 latere
3352 3258 3627 3328 jungitur
3661 3258 3864 3315 incur-

2228 3348 2380 3411 sant,
2409 3350 2466 3400 et
2494 3344 2919 3416 impugnantur
2948 3346 3021 3401 ab
3052 3345 3329 3403 omnibus
3361 3346 3423 3401 ίί.

2296 3433 2454 3503 (Cap.
2498 3433 2666 3489 XVII.
2705 3465 2770 3475 ——
2831 3432 2990 3489 Vers.
3048 3435 3100 3501 4,
3132 3434 3212 3504 5.)
3244 3458 3272 3485 ‹‹
3307 3436 3374 3490 Et
3426 3433 3658 3491 locutus
3688 3438 3784 3493 est
3809 3437 3859 3491 ei

2226 3521 2740 3587 D0minus,dicens
2770 3540 2783 3578 :
2812 3523 2956 3580 Ecce
2985 3527 3406 3580 testamentum
3439 3540 3638 3581 meum
3670 3529 3861 3582 tecum

2223 3614 2281 3665 et
2309 3610 2423 3665 eris
2456 3615 2618 3682 pater
2649 3609 3045 3667 multitudinis
3075 3612 3360 3684 gentium,
3392 3619 3449 3669 et
3486 3631 3600 3669 non
3632 3616 3862 3671 vocabi-

2220 3702 2318 3752 tur
2363 3698 2514 3753 ultra
2562 3714 2772 3753 nomen
2824 3702 2993 3754 tuum
3042 3701 3282 3769 Abram,
3332 3702 3431 3757 sed
3491 3702 3604 3758 erit
3655 3719 3864 3760 nomen

2221 3790 2389 3841 tuum
2405 3786 2824 3859 Abraam,quia
2837 3792 3058 3858 patrem
3083 3787 3402 3844 multarum
3416 3789 3681 3862 gentium
3700 3791 3863 3864 posui

2218 3878 2293 3930 te.
2330 3897 2358 3925 ››
2400 3874 2733 3930 Notandum
2772 3877 2921 3931 88!
2976 3878 3132 3949 quod
3187 3878 3517 3951 ubicunque
3557 3879 3617 3935 in
3649 3880 3860 3947 Greco,

2218 3965 2615 4019 Testamentum
2656 3962 2928 4035 legimus,
2987 3964 3067 4020 ibi
3097 3965 3155 4020 in
3198 3966 3431 4023 Hebraeo
3478 3984 3751 4025 sermone
3782 3969 3851 4025 sit

2213 4053 2412 4125 fwdus,
2444 4053 2565 4109 sive
2589 4058 2833 4125 paetum,
2868 4054 2925 4109 id
2976 4059 3083 4121 est,
3135 4071 3334 4111 enarra
3379 4058 3585 4127 (mu),
3654 4058 3863 4114 Dicunt

2214 4147 2409 4199 autem
2460 4142 2699 4210 Hebraei,
2734 4143 2890 4214 quod
2936 4160 3004 4199 ex
3052 4144 3289 4201 nomine
3338 4161 3465 4211 suo,
3520 4146 3678 4203 Deus
3711 4148 3860 4219 quod

2211 4267 2329 4344 sive
2362 4270 2659 4344 I_l‘l_tlt6l‘ﬂ£ﬁ_,
2693 4272 2794 4321 aut
2823 4273 3075 4344 paterna:
3107 4269 3351 4344 originis
3382 4269 3598 4339 locum,
3651 4287 3719 4326 ex
3751 4288 3859 4344 quo

2212 4339 2336 4410 ipso
2367 4337 2587 4392 Eliezer
2616 4337 2937 4395 Damascus
2968 4340 3045 4396 sit
3072 4337 3538 4412 cognominatus.

2282 4418 2300 4450 ⁷
2327 4415 2802 4494 _Modo_laudatus
2835 4419 3064 4492 Reginae
3097 4437 3207 4476 ms.
3238 4437 3252 4474 :
3286 4424 3469 4491 Quare
3496 4422 3675 4491 igtur,
3738 4435 3860 4494 quo-

2212 4487 2367 4542 modo
2404 4488 2462 4540 in
2493 4488 2692 4553 Exodo,
2728 4493 2835 4543 etc.

2295 4557 2316 4591 ³
2349 4559 2475 4612 llaec
2518 4563 2607 4613 est
2662 4560 2919 4631 Epistola
2966 4560 3025 4616 in
3080 4566 3275 4618 nostra
3309 4561 3646 4619 recensione
3703 4563 3861 4619 36nd

455 4610 620 4705 lgneus.
651 4608 766 4705 «ing
798 4608 1182 4705 invictissime
1213 4617 1630 4697 comprobatur
1658 4608 2099 4705 et'sacriﬁciqrn
2130 4608 2177 4672 D
2206 4608 3678 4705 Damasum;summa]s“qas;i'i3s;';;c'saaa.

455 4682 686 4766 altaris,
710 4688 768 4766 et
790 4685 1013 4766 veritas
1070 4682 1455 4766 corporis;ac_
1503 4685 1809 4766 sanguinis
1866 4686 2096 4743 Domini

454 4753 593 4810 Jesu
623 4755 804 4810 nostri
833 4755 893 4811 in
924 4753 1289 4814 sacramento
1322 4753 1717 4813 Eucharistias.
1752 4759 2033 4813 MARTIAN.

525 4826 925 4901 {Amavimus
962 4828 1111 4901 hinc
1150 4828 1325 4883 verba
1378 4829 1555 4901 hmres
1602 4843 1756 4881 mens
1815 4830 1938 4898 erit,
1972 4847 2097 4901 quze

453 4894 662 4952 vitiose
718 4896 799 4969 in
837 4896 1009 4953 editis
1069 4900 1371 4969 hucusque
1424 4898 1804 4969 irrepserunt,
1856 4894 2094 4957 in'mss.

453 4982 599 5044 vero
620 4967 837 5023 nostris
867 4974 1174 5044 nonsunt,
1209 4967 1387 5039 reque
1419 4967 1819 5038 ipsa‘minime
1859 4972 1933 5026 ad
1962 4990 2096 5044 pro-

450 5039 713 5111 positum
748 5042 1033 5111 spectant.

518 5110 541 5143 ‘
571 5109 717 5165 Uben
743 5108 921 5165 messe
950 5108 1111 5186 ὀσμὴ.
1146 5108 1207 5163 In
1270 5109 1812 5186 llebrzeohodi‘erno
1844 5113 2095 5186 legimus

446 5187 577 5267 in»:
629 5190 776 5263 pun:
957 5181 1099 5267 uben
1147 5195 1320 5234 mesec
1377 5180 1538 5249 belhi,
1601 5182 1845 5239 Videtur
1901 5180 2092 5243 tamen

444 5265 832 5337 Hieronymus
862 5265 1073 5337 legisse
1103 5284 1316 5323 nomen
1346 5269 1515 5324 Messe
1547 5286 1679 5325 cum
1712 5272 1955 5328 articulo
1986 5285 2024 5332 Π
2059 5274 2093 5329 h

444 5336 795 5409 emphatieo,
828 5336 1017 5422 μυξη
1066 5355 1275 5394 amesec
1309 5359 1321 5405 ;
1383 5340 1520 5412 quia
1552 5341 1691 5396 illud
1727 5343 1809 5397 sic
1841 5346 2094 5401 retinent

447 5424 685 5494 aliquod
718 5440 859 5477 mss.
895 5425 1122 5481 codices
1156 5429 1362 5483 Latini.
1398 5430 1685 5486 Manum.

518 5492 732 5572 l{Unus
766 5494 994 5566 Regina:
1030 5516 1160 5572 _ms.,
1212 5499 1355 5553 οἶκόν
1394 5521 1513 5572 μον,
1588 5504 2088 5571 quemadmodum

446 5567 671 5646 Catenae
697 5572 922 5646 mssiet
963 5567 1645 5646 schedisﬂCombelisianai
1662 5573 1721 5627 in
1746 5590 1967 5645 nupera
1993 5578 2093 5632 He-

446 5633 757 5739 xaplgfru'pil'
782 5636 1032 5697 editione
1060 5644 1391 5739 praeferunt.

566 5707 813 5777 Propius
842 5725 975 5768 vero
1060 5707 1170 5786 est,
1204 5715 1354 5771 hanc
1410 5714 1537 5783 ejus
1596 5713 1775 5769 fuisse
1806 5717 2083 5789 patriam,

2233 4738 2344 4789 _‘—_
2376 4708 2589 4789 Consul
2619 4709 2895 4781 epistolas
2943 4712 3065 4779 124,
3127 4718 3184 4767 et
3242 4712 3443 4769 125in
3504 4718 3637 4769 ante
3696 4712 3858 4769 editis

2205 4778 2391 4834 libris.
2425 4778 2702 4835 ΜΑιιτῐΑιῖτ.

2275 4852 2297 4885 9
2330 4852 2482 4928 Idem
2505 4853 2745 4928 Ileginae
2778 4870 2911 4926 ms.,
2945 4854 3094 4910 ducit
3115 4856 3186 4910 ad
3215 4858 3528 4928 xquplum,
3576 4857 3659 4911 ire
3688 4858 3857 4925 λεαν-

2206 4923 2368 4993 ptum
2407 4924 2724 4992 festinabat.

2277 4994 2319 5028 ¹⁰
2348 4993 2656 5067 Scripturae
2686 4999 2877 5050 textus
2910 5000 3155 5067 uterque
3186 4995 3460 5053 Hebraeus
3490 5002 3566 5067 et,
3600 4996 3849 5063 Graecus,

2210 5081 2279 5120 ex
2309 5068 2512 5135 Angeli
2544 5081 2793 5135 persona
2823 5068 3056 5137 vocabis,
3093 5074 3149 5123 et
3178 5068 3544 5125 humilitatem
3573 5073 3746 5124 tuam.

2273 5175 2341 5221 -ττ
2369 5146 2434 5221 Et
2471 5148 2679 5201 vocavit
2726 5162 2928 5221 nomen
2971 5148 3087 5216 ejus
3112 5148 3344 5221 (Ismael.
3377 5148 3561 5204 Aliter
3597 5147 3842 5221 legimus

2204 5215 2260 5292 in
2296 5216 2529 5270 Hebraeo
2561 5218 2799 5292 et-apud
2848 5217 3267 5292 Septuaginta,
3295 5236 3502 5292 nempe
3534 5235 3547 5275 :
3582 5215 3686 5274 Εἴ
3703 5235 3846 5275 voea-

2204 5287 2285 5339 bis
2316 5302 2511 5340 nomen
2539 5288 2655 5356 ejus
2685 5289 2897 5356 Ismael,
2927 5287 3372 5359 'quia'araudivit
3432 5287 3729 5347 'Dominus
3752 5292 3844 5344 hu-

2200 5359 2494 5434 militatem
2550 5362 2722 5434 tuam.
2757 5360 2879 5434 Non
2911 5376 3046 5434 ergo
3071 5362 3244 5417 verba
3267 5362 3389 5417 haec
3410 5364 3561 5434 Agar
3587 5360 3843 5434 Egyptian

2203 5430 2460 5483 suntsed
2504 5429 2692 5497 angeli
2733 5431 2805 5485 ad
2838 5428 3313 5503 eam‘loquentis.
3350 5428 3638 5489 ΜΑιῖτιΑΝ.

2276 5510 2309 5540 ¹¹
2347 5509 2469 5563 Duo
2498 5526 2662 5577 mss.,
2691 5511 3031 5583 incursantes
3054 5523 3452 5583 impugnantur
3468 5514 3536 5567 ab
3564 5513 3840 5568 omnibus:

2200 5583 2374 5703 atque
2407 5596 2559 5635 unus
2619 5580 2789 5650 paulo
2820 5588 2969 5651 post,
2994 5584 3058 5638 Et
3082 5580 3191 5639 erit
3207 5580 3374 5655 pater
3394 5584 3701 5639 multarum
3726 5599 3843 5654 gen-

2224 5666 2357 5703 ium.

2224 5666 2357 5705 ium.
