3992 6422
327 385 513 463 10111,

1563 390 1631 457 S.
1672 386 1992 455 EUSEBII
2011 384 2504 455 '-H'IERONYMI.

3574 380 3768 450 ιω

333 523 505 587 niam
529 525 601 587 ad
634 526 689 581 te
720 522 781 582 in
811 524 1073 598 tempore
1100 521 1230 592 hoc,
1271 528 1327 579 et
1376 523 1435 579 in
1467 527 1628 595 hora,
1662 530 1716 580 ct
1744 524 1985 580 habebit
2015 528 2067 591 Α
2166 524 2328 581 834
2364 523 2549 595 (Vers.
2583 523 2697 595 21.)
2732 545 2758 573 ‹‹
2786 524 2854 579 Et
2902 521 3049 579 dixit
3091 519 3181 580 ei:
3228 523 3376 582 Ecce
3422 517 3758 579 admintu‘

351 603 543 683 ﬁlium
572 616 731 672 Sara.
766 637 794 664 ››
820 616 930 672 Pro
959 615 1113 685 hora,
1144 616 1316 670 vitam
1342 612 1593 686 legimus
1621 615 1680 669 in
1711 614 1987 669 Hebraeo:

336 709 406 761 ut
428 705 517 761 sit
545 704 685 760 ordo
716 703 804 759 vel
854 720 1106 760 sensus:
1156 706 1417 760 Revertar
1460 704 1531 758 ad
1579 712 1629 758 te
1676 705 1737 758 in
1758 707 1995 774 tempore

339 796 473 859 vita:
506 810 520 849 :
554 792 723 865 quasi
772 793 1002 861 dixerit,
1056 793 1114 848 Si
1167 793 1382 863 vixero,
1433 792 1480 847 si
1534 793 1709 848 fuerit
1748 792 1867 847 vita
1896 809 1989 847 co-

344 883 589 951 mitata;
628 881 751 938 haec
797 886 994 939 autem
1058 882 1517 957 ἀνθρωποπάϐως,
1591 882 1885 953 quomodo
1935 886 1993 937 et

338 975 562 1045 caetera.

402 1060 587 1133 (Vers.
613 1061 724 1130 12.)
762 1079 784 1109 ι
817 1060 968 1116 Risit
996 1064 1192 1116 autem
1223 1062 1365 1116 Sara
1410 1061 1469 1115 in
1507 1061 1860 1133 semetipsa,
1894 1059 1984 1115 di-

337 1164 514 1208 cens:
550 1149 813 1207 Necdum
845 1150 990 1206 mihi
1018 1150 1236 1206 factum
1269 1153 1571 1222 estusque
1602 1167 1778 1219 nunc,
1808 1154 1865 1204 et
1894 1149 1991 1205 do-

336 1239 535 1303 minus
565 1255 732 1295 meus
775 1255 972 1295 senex
1020 1244 1131 1294 est.
1166 1260 1194 1289 »
1243 1238 1426 1294 Aliter
1472 1238 1657 1295 multo
1688 1238 1903 1310 legitur
1930 1236 1989 1293 in

342 1328 691 1384 Hebraeo:«
741 1327 808 1383 Et
861 1326 990 1384 risit
1047 1327 1191 1384 Sara
1245 1327 1304 1383 in
1359 1328 1693 1399 semetipsa,
1749 1325 1987 1381 dicens:

338 1416 659 1488 Postquam
691 1417 891 1473 attrita
911 1433 1066 1485 sum,
1088 1420 1146 1472 et
1166 1417 1315 1472 facta
1336 1421 1424 1471 est
1446 1415 1591 1471 mihi
1612 1414 1879 1485 voluptas
1900 1414 1929 1468 ?
1963 1435 1984 1462 ι»

338 1503 529 1575 Simul
574 1508 711 1575 nota
755 1505 910 1578 quod
968 1504 1070 1561 ubi
1119 1521 1225 1560 nos
1275 1503 1585 1576 posuimus
1631 1502 1986 1573 voluptatem,

336 1610 483 1650 sum
514 1594 530 1627 ¹
561 1592 848 1667 scriptum
879 1598 969 1650 est
996 1592 1057 1649 in
1086 1592 1346 1649 Hebraeo.
1399 1591 1789 1663 Symmachus
1832 1590 1991 1646 hunc

337 1674 533 1739 locum
546 1681 971 1740 itatranstulit:
990 1682 1350 1752 «Postquam
1380 1683 1666 1736 vetustate
1687 1679 1988 1750 consenui,

340 1762 493 1827 facta
519 1773 608 1826 est
637 1769 783 1826 mihi
814 1768 1239 1826 adolescentia?
1273 1792 1294 1818 ι

413 1854 599 1931 (Vers.
635 1858 745 1930 32.)
793 1880 821 1907 ‹‹
870 1857 941 1913 Et
996 1857 1181 1912 dixit:
1237 1857 1514 1929 Nunquid
1564 1862 1675 1927 est,
1726 1858 1990 1925 Domine,

339 1946 392 2002 si
422 1938 667 2017 quuar?
695 1969 724 1997 «
758 1946 924 2010 Quod
955 1945 1150 2003 Graece
1181 1946 1468 2019 scriptum
1491 1951 1598 2017 est,
1632 1948 1788 2018 μήτι,
1813 1944 1991 2019 Κύριε,

341 2033 433 2088 ea
464 2028 715 2103 λαλήσω.
746 2035 1014 2090 Secundo
1046 2035 1334 2091 Abraham
1367 2040 1457 2090 est
1505 2035 1735 2091 loeutus
1778 2035 1851 2090 ad
1884 2036 1995 2091 Do-

343 2114 615 2180 minum:
650 2123 804 2195 quod
836 2140 951 2180 non
984 2122 1210 2180 videtur
1244 2125 1553 2180 manifeste
1604 2141 1814 2181 sonare
1848 2125 1993 2195 quid

344 2199 520 2289 dicat.
565 2213 628 2267 In
684 2211 921 2267 Hebraeo
968 2211 1148 2284 igitur
1194 2211 1428 2283 planius
1477 2212 1794 2268 scribitur:
1831 2236 1855 2262 ‹‹
1892 2212 1993 2282 Ne,

345 2316 562 2372 quasso,
623 2298 920 2369 irascaris,
994 2299 1257 2371 Domine,
1318 2301 1367 2357 si
1439 2301 1671 2357 locutus
1748 2302 1933 2357 fuero.
1968 2324 1995 2349 »

343 2388 492 2454 Quia
520 2388 680 2444 enim
726 2388 1036 2445 videbatur
1080 2388 1466 2462 interrogans,
1520 2389 1836 2446 Dominum
1871 2407 1997 2445 arc-

341 2480 467 2537 tare
489 2478 897 2551 responsione,
922 2481 1211 2550 temperat
1232 2479 1567 2550 praefatione
1590 2479 1745 2550 quod
1769 2479 1997 2551 quierit.

415 2567 579 2639 (Cap.
613 2566 752 2643 XIX.
783 2597 853 2607 —-
884 2567 1044 2623 Vers.
1082 2569 1168 2637 14,
1201 2567 1319 2639 45.)
1361 2590 1389 2617 ‹‹
1424 2568 1492 2623 Et
1539 2568 1770 2624 locutus
1809 2573 1897 2623 est
1927 2567 1998 2623 ad

349 2672 595 2731 generos
643 2672 802 2731 suos,
854 2655 956 2727 qui
1004 2660 1343 2727 acceperant
1391 2655 1543 2712 ﬁlias
1574 2657 1723 2727 ejus.
1779 2680 1803 2705 ››
1851 2657 2001 2721 Quia

348 2730 552 2816 postea
584 2744 712 2798 dua;
744 2743 876 2797 ﬁliae
916 2744 1021 2797 Lot
1065 2744 1321 2816 virgines
1368 2745 1550 2801 fuisse
1600 2745 1877 2801 dicuntur
1905 2746 2002 2814 (de

349 2831 567 2905 quibus
600 2834 661 2887 et
689 2830 816 2907 ipse
846 2831 1072 2887 dudum
1102 2833 1175 2888 ad
1208 2833 1541 2889 Sodomaaos
1563 2834 1826 2890 dixerat:
1860 2837 2002 2889 Ecce

348 2910 478 2981 duae
529 2921 661 2992 ﬁlix
713 2936 866 2993 meae,
928 2936 1046 2992 quae
1102 2938 1218 2975 non
1275 2926 1637 2989 cog-noverunt
1692 2924 1916 2993 virum),
1947 2928 2003 2977 et

353 3025 510 3065 nunc
534 3008 835 3085 Scriptura
864 3014 1288 3066 commemorat
1333 3026 1469 3065 eum
1521 3009 1799 3066 habuisse
1828 3026 2001 3082 gene-

349 3115 489 3167 ros;
524 3096 792 3154 nonnulli
824 3097 1184 3154 arbitrantur
1210 3099 1231 3132 ³
1261 3097 1410 3169 illas,
1444 3116 1570 3170 quae
1599 3099 1754 3155 viros
1784 3100 2002 3155 habue-

355 3190 515 3263 runt,
544 3186 610 3268 in
658 3187 929 3244 Sodomis
959 3187 1333 3255 remansisse,
1386 3192 1444 3244 et
1497 3203 1597 3245 eas
1649 3189 1835 3244 exisse
1867 3205 2001 3244 cum

356 3263 694 3355 patre,:qua3
723 3275 978 3348 virgines
1010 3276 1265 3331 fuerunt.
1308 3276 1470 3351 Quod
1528 3294 1679 3332 cum.
1708 3276 2007 3349 Scriptura
2035 3262 2077 3329 C

2101 628 2236 667 sum
2300 613 2516 668 faciam
2552 617 2751 669 tuam:
2787 615 2850 669 In
2906 614 3144 671 Hebraeo
3172 613 3391 671 habet:
3425 636 3454 665 «
3483 613 3759 669 Ecce‘sn-

2101 702 2260 773 scepi
2313 702 2524 757 faciem
2586 706 2787 759 tuam:
2839 704 2896 759 id
2955 709 3061 775 est,
3123 703 3429 775 acquiesco
3480 702 3759 775 precibus

2101 789 2244 845 tuis.
2277 811 2306 839 »
2342 792 2504 856 Quod
2536 791 2925 863 Symmachus
2957 793 3284 849 secundum
3314 808 3549 849 sensum
3578 791 3758 847 inter-

2102 883 2342 951 pretans
2374 881 2476 945 ait,
2503 881 2711 953 Ὀράσει
2752 877 3107 950 ἐδυσωπήτην
3164 881 3226 934 τὸ
3284 878 3751 955 πρόσωπόνσου.³.

2173 968 2363 1038 (Vers.
2418 970 2534 1041 28.)
2597 992 2623 1020 «
2682 970 2752 1024 Et
2806 986 2937 1026 ecce
2992 971 3346 1033 ascendebat
3398 972 3637 1027 ﬂamma
3679 970 3757 1024 de

2105 1064 2259 1113 terra
2292 1059 2462 1128 quasi
2490 1074 2669 1130 vapor
2716 1058 2983 1113 fornacis.
3019 1080 3047 1107 »
3089 1063 3200 1114 Pro
3249 1076 3364 1131 quo
3410 1059 3665 1131 legimus
3689 1058 3753 1113 in

2099 1146 2373 1202 Hebraeo:
2406 1148 2538 1201 Ecce
2594 1146 2912 1235 ascendebat
2975 1162 3141 1202 Cl'roa
3169 1148 3366 1235 (πτωρ)
3396 1148 3568 1220 quasi
3625 1144 3755 1200 ἀνα-

2098 1232 2352 1305 θυμίασις
2386 1234 2742 1291 ‘fornacis:
2796 1236 2951 1306 quod
3008 1252 3116 1291 nos
3166 1232 3459 1309 vaporem,
3516 1236 3607 1293 vel
3665 1238 3760 1307 fu-

2100 1339 2275 1392 mum,
2312 1322 2435 1379 sive
2461 1323 2718 1393 favillam
2747 1340 3065 1396 possumus
3110 1325 3319 1381 dicere.

2171 1411 2354 1481 (Vers.
2391 1410 2505 1483 30.)
2530 1434 2557 1461 ‹‹
2587 1413 2655 1466 Et
2695 1413 2958 1468 ascendit
3006 1414 3111 1469 Lot
3159 1414 3230 1469 de
3281 1414 3477 1486 Segor,
3511 1420 3568 1472 et
3600 1416 3764 1473 sedit

2101 1498 2165 1552 in
2197 1503 2399 1557 monte
2420 1518 2438 1552 :
2469 1504 2527 1554 et
2555 1501 2686 1557 dum
2715 1501 2846 1557 ﬁlia:
2878 1503 3006 1573 ejus
3036 1519 3171 1558 cum
3210 1518 3297 1559 eo.
3341 1503 3563 1559 Timuit
3591 1504 3755 1560 enim

2100 1589 2306 1643 sedere
2333 1587 2394 1642 in
2438 1590 2638 1661 Segor.
2675 1612 2702 1639 ››
2751 1590 3042 1655 Quaeritur
3084 1606 3266 1662 quare
3307 1607 3443 1646 cum
3493 1592 3754 1663 primum

2102 1676 2253 1748 fuge
2287 1677 2719 1750 montis-Segor
2760 1678 3097 1751 praetulerit,
3147 1684 3206 1734 et
3249 1696 3379 1735 eam
3426 1679 3487 1734 in
3517 1680 3755 1738 habita-

2104 1764 2309 1820 culum
2342 1782 2519 1822 suum
2550 1766 2798 1822 voluerit
2827 1768 3082 1839 liberari,
3116 1784 3274 1824 nunc
3303 1769 3375 1824 de
3419 1774 3598 1842 Segor
3624 1787 3751 1825 rur-

2108 1871 2241 1909 sum
2276 1854 2348 1908 ad
2382 1859 2644 1910 montem
2699 1856 2960 1929 migret?
3006 1858 3511 1928 Respondebimus
3555 1874 3749 1915 veram

2107 1958 2236 1998 esse
2272 1941 2437 1998 illam
2470 1943 2839 2000 Hebraeorum
2872 1947 3267 2017 conjecturam
3280 1948 3357 2003 de
3377 1948 3573 2019 Segor,
3598 1948 3749 2020 quod

2104 2033 2444 2102 frequenter
2472 2036 2635 2087 terrae
2668 2038 2829 2089 motu
2861 2035 3126 2105 subruta,
3159 2036 3297 2092 Bale
3337 2037 3591 2108 primum
3619 2038 3659 2105 ⁵,
3693 2041 3753 2093 et

2104 2123 2311 2192 postea
2360 2120 2544 2176 Salisa
2586 2121 2874 2194 appellata
2920 2125 3039 2179 sit:
3092 2125 3471 2197 timueritque
3521 2126 3641 2197 Lot,
3668 2126 3753 2182 di-

2105 2226 2263 2279 cens,
2318 2209 2377 2265 Si
2422 2225 2554 2264 cum
2608 2215 2822 2267 craterae
2871 2212 3063 2268 adhuc
3109 2215 3286 2269 urbes
3352 2218 3591 2286 starent,
3643 2215 3752 2272 ista

2108 2315 2260 2369 saepe
2290 2298 2573 2354 subversa
2624 2305 2750 2356 est:
2784 2306 3002 2373 quanto
3053 2304 3241 2375 magis
3288 2320 3443 2359 nunc
3490 2305 3550 2360 in
3600 2321 3751 2361 com-

2108 2385 2274 2442 muni
2304 2387 2476 2443 ruina
2506 2405 2621 2443 non
2652 2390 2865 2460 poterit
2895 2389 3179 2446 liberari?
3208 2393 3278 2447 Et
3307 2392 3380 2448 ob
3412 2392 3559 2449 hanc
3588 2410 3749 2450 occa-

2108 2476 2334 2531 sionem
2366 2476 2752 2544 inﬁdelitatis,
2784 2478 2962 2534 etiam
2995 2479 3054 2534 in
3088 2480 3240 2536 ﬁlias
3286 2481 3473 2538 coitus
3521 2482 3753 2540 dedisse

2108 2564 2491 2637 principium.
2533 2568 2639 2632 Qui
2690 2568 2847 2623 enim
2892 2573 3133 2625 caeteras
3163 2570 3388 2627 viderat
3435 2573 3640 2628 subrui
3671 2573 3752 2628 ci-

2107 2653 2334 2723 vitates,
2371 2658 2428 2709 et
2456 2654 2608 2711 hanc
2640 2661 2817 2725 stare,
2851 2674 3031 2730 seque
3067 2659 3167 2714 Dei
3216 2659 3432 2716 auxilio
3479 2665 3746 2718 erutum:

2110 2742 2315 2812 utique
2346 2743 2416 2797 de
2453 2760 2539 2814 eo,
2573 2746 2728 2815 quod
2759 2746 2870 2802 sibi
2920 2764 3274 2804 consensum
3315 2750 3596 2824 audierat,
3630 2768 3751 2807 am-

2108 2830 2306 2904 bigere
2337 2848 2451 2887 non
2508 2834 2728 2891 debuit.
2778 2835 2924 2892 Illud
2976 2837 3174 2910 igitur,
3234 2838 3390 2910 quod
3439 2856 3543 2911 pro
3583 2856 3753 2896 excu-

2109 2919 2332 2975 satione
2362 2919 2576 2977 dicitur
2604 2923 2878 2995 ﬁliarum,
2920 2941 2987 2980 eo
3036 2926 3191 2998 quod
3240 2928 3572 2998 putaverint
3600 2930 3752 2986 defe-

2109 3008 2259 3064 cisse
2290 3008 2616 3066 humanum
2652 3030 2857 3085 genus,
2892 3022 2945 3069 et
2976 3014 3105 3070 ideo
3154 3032 3288 3070 cum
3337 3020 3498 3088 patre
3547 3034 3754 3074 concu-

2109 3096 2365 3164 buerint,
2417 3116 2535 3155 non
2584 3107 2822 3158 excusat
2895 3107 3143 3174 patrem.
3208 3104 3466 3176 Denique
3512 3107 3754 3175 Hebraei,

2114 3186 2269 3257 quod
2302 3187 2603 3259 sequitur:

2188 3274 2374 3345 (Vers.
2408 3277 2522 3349 35.)
2551 3280 2617 3334 Et
2645 3281 2871 3335 nescivit
2916 3297 3042 3336 cum
3087 3281 3370 3338 dormisset
3414 3298 3539 3339 cum
3584 3300 3665 3355 eo,
3705 3289 3758 3341 et

357 3380 475 3432 non
498 3356 501 3357 ⁷
528 3352 723 3443 dicat,
752 3364 997 3421 Hebraea
1050 3364 1263 3420 veritas
1292 3365 1632 3436 exponenda
1656 3369 1763 3434 est,
1798 3366 1859 3421 in
1891 3384 2007 3438 qua
2113 3378 2239 3418 cum
2282 3369 2612 3423 surrexisset
2653 3370 2720 3423 ab
2750 3384 2829 3438 eo,
2863 3375 3211 3443 appungunt
3237 3371 3489 3444 desuper
3516 3373 3557 3445 θ,
3591 3374 3757 3445 quasi

356 3450 673 3508 scribitur:
718 3438 1061 3523 irEgressus
1111 3458 1200 3508 est
1248 3453 1371 3524 Lot,
1422 3458 1480 3510 et
1528 3453 1759 3511 locutus
1811 3456 2002 3511 estad

349 3550 625 3612 spOnsos,
677 3539 775 3611 qui
823 3540 1119 3611 accepturi
1176 3547 1345 3597 erant
1389 3541 1541 3598 ﬁlias
1590 3543 1739 3613 ejus.
1793 3567 1814 3595 ι»
1871 3544 2007 3599 Nec-

347 3629 491 3685 dum
521 3627 702 3702 igitur
727 3628 981 3703 virgines
1021 3628 1152 3684 ﬁlim
1183 3630 1558 3687 matrimonio
1580 3631 1812 3687 fuerant
1835 3649 2005 3706 copu-

345 3717 502 3774 latae.

416 3859 738 3916 ‘Hebraice
783 3864 871 3916 est
899 3873 1045 3926 mai:
1073 3859 1462 3933 Symmachus
1528 3862 1611 3933 in,
1646 3861 1841 3933 codice
1897 3863 2003 3918 Re-

343 3930 440 4004 gio
472 3933 630 4004 1888,
664 3948 863 4004 penes
922 3930 1295 3988 Montfaucon
1354 3933 1511 4003 εμετά
1564 3932 1625 3995 τὸ
1684 3930 2001 4001 παλαιωοἧ-

344 4000 429 4054 Gott
473 4021 558 4076 9.8.7
587 4000 801 4075 ἐγέἦετὸ
857 4024 961 4076 μνη
998 4004 1169 4075 ἀκμή.
1232 4000 1523 4076 Postquam
1571 4014 1837 4061 vetustate
1880 4000 2004 4062 ron-

343 4075 504 4128 senui
528 4075 676 4143 facta
718 4082 798 4129 est
824 4075 965 4129 mihi
1007 4075 1393 4131 adolescentia.

416 4140 807 4217 ’Sei‘licotex
838 4145 1241 4217 Babbinorum
1288 4146 1556 4217 scholiis;
1611 4145 1772 4202 nullo
1804 4152 1998 4203 tamen

347 4210 765 4301 exoSeripturis
796 4215 1003 4301 idonep
1034 4225 1395 4301 argumento.

416 4280 674 4367 3'Opaie'm
705 4280 1250 4367 ἐδυςιιηςτνςεὶην,νρῑίιΖ
1265 4289 1363 4367 _ld
1421 4287 1736 4359 signiﬁcat,
1783 4295 2001 4361 aspectu

348 4358 616 4411 reveritus
643 4370 769 4410 sum
795 4359 992 4426 faciem
1024 4366 1194 4413 tuam.
1230 4358 1515 4413 Maurus.

417 4456 487 4467 --
516 4427 578 4480 In
610 4427 908 4482 vetustiori
932 4429 1161 4549 Reginae
1190 4429 1394 4485 codice
1416 4428 1697 4501 scriptum
1725 4436 1813 4485 est
1835 4449 1846 4487 :
1868 4436 1996 4488 tiPA

417 4501 559 4549 ἶὶῖΔΗ
606 4498 1035 4549 ΙΙΔΥΟΩΠΠΘΠι
1070 4547 1079 4549 4
1131 4506 1259 4549 om-
1299 4518 1422 4549 mne.
1462 4501 1544 4549 sic
1567 4502 1875 4549 emendata
1916 4504 1993 4549 Ιρ-

378 4501 559 4570 ΗὶῖνΔΗ
606 4498 1081 4570 ΙΙΔΥΟΩΠΗΘΠΝ.
1120 4506 1262 4570 βω..
1299 4518 1422 4570 qua:
1462 4498 1549 4555 sic
1567 4502 1877 4558 emendata
1916 4504 1993 4559 le-

351 4569 580 4647 geri.m_:_
604 4570 748 4647 _"Opat
766 4569 891 4636 ἣύτε
921 4567 1226 4647 (δὶνᾴεῦτε)
1267 4567 1645 4647 ἐδᾷυοςωπήοην,
1670 4578 1802 4639 etc.,
1837 4577 1990 4647 quod

346 4644 454 4707 est,
525 4640 647 4715 Vide
682 4640 1167 4715 lquemadmodmn
1211 4640 1480 4699 reveritus
1548 4640 1689 4715 sum,
1752 4640 1870 4701 etc:
1920 4649 1997 4701 Ac

344 4715 499 4789 certe
531 4711 776 4789 Drusius
806 4713 947 4789 satis
978 4714 1278 4789 ingeniose
1312 4733 1413 4788 pro
1445 4715 1650 4789 ὁράσει,
1677 4711 1995 4789 legendum

345 4783 716 4858 conjeperant
745 4784 975 4858 duobus
1005 4783 1195 4858 verbis
1227 4783 1328 4857 ὅρσῐ
1358 4806 1441 4838 σοι
1479 4783 1492 4853 ξ
1522 4791 1579 4841 et
1602 4783 1857 4858 prim'um
1884 4785 1999 4841 ἰδοὺ

345 4849 625 4979 pii-01305,!
652 4869 768 4910 ecce
796 4856 1222 4928 accipiendum,
1260 4849 1423 4930 'quod
1473 4849 1753 4914 Hebraico
1776 4870 1886 4920 run
1915 4877 2000 4915 re-

345 4936 493 4979 snon
540 4941 645 4979 ea.

345 4934 645 4980 snondeaL

419 4941 645 4980 onneaL

377 4941 650 5072 P‘_l*‘al_so
700 4994 986 5072 hactenus
1058 4998 1393 5072 obtinuerat
1448 4996 1848 5072 ἀναπνεύμασις
1896 5018 1999 5072 pro

345 5064 725 5137 ἀναθυμίασιζ,
760 5069 916 5193 gnod
948 5084 1014 5123 ex
1045 5069 1217 5151 paulo
1250 5073 1520 5151 corrupto
1554 5070 1610 5125 in
1647 5064 1792 5126 mss.
1825 5064 1997 5128 verbo

347 5136 753 5192 ANAGI‘MACI
807 5184 820 5193 .
855 5141 1056 5193 excudi
1092 5157 1156 5193 ac
1189 5145 1437 5193 restitui.
1469 5141 1570 5193 Est
1624 5147 1819 5193 autem
1854 5143 1977 5193 ἀνα-

347 5136 821 5205 ANAGI‘MACIC,
855 5136 1063 5194 excudi
1092 5157 1156 5194 ac
1189 5136 1440 5195 restitui:
1469 5141 1570 5196 Est
1624 5147 1819 5197 autem
1854 5143 1977 5195 ἀνα-

344 5205 620 5281 θυμίασξς,
710 5224 885 5278 quem
953 5212 1183 5281 proprie
1256 5211 1488 5267 Hieron.
1578 5217 1758 5280 notat,
1819 5219 1996 5270 aestus

345 5277 600 5355 fornacis
631 5283 689 5332 et
733 5277 1202 5355 vapor._tlo'ntra
1259 5300 1362 5338 nec
1412 5284 1605 5338 Graece
1655 5277 1994 5355 ἀνάπνεύμα-

345 5368 430 5407 σις
460 5348 825 5429 dicitur'aut'
846 5352 999 5429 apud
1052 5358 1313 5429 Graecum
1368 5355 1700 5429 quempiam
1757 5348 1997 5427 scripto-

345 5436 468 5498 rem
510 5419 751 5474 inveniri
787 5419 906 5477 scio
951 5440 1054 5495 pro
1102 5419 1438 5492 ἀνάπνευσίς,
1496 5419 1649 5498 quod
1700 5432 1788 5481 est
1819 5419 1992 5496 respi-

347 5490 507 5546 ratio.

413 5562 434 5595 ⁵
465 5560 671 5685 Regale
703 5578 831 5632 quae
858 5565 1129 5634 superius
1160 5568 1571 5624 adnotavimus
1619 5566 1679 5621 in
1712 5586 1839 5641 cap.
1874 5588 1987 5635 xxv,

418 5649 500 5685 rs.

346 5648 500 5688 VCPS.

414 5705 807 5775 ίἱιιίμηηιηραηι
852 5704 1103 5775 desuper,
1153 5713 1259 5763 etc.
1314 5710 1511 5765 Plures
1565 5724 1708 5765 mss.
1762 5714 1989 5770 codices

344 5772 613 5833 Hebraeos
660 5772 1270 5849 Curiosius—inspexi:
1333 5782 1432 5836 sed
1484 5780 1627 5835 nihil
1681 5783 1741 5837 in
1792 5784 1875 5840 eis
1907 5802 1990 5841 re-

2113 3450 2473 3521 incredihile,
2506 3460 2566 3511 et
2592 3458 2747 3528 quod
2780 3474 2971 3514 rerum
3005 3464 3214 3515 natura
3234 3477 3349 3516 non
3375 3456 3759 3534 capiat,'coire

2115 3541 2454 3612 quempiam
2487 3546 2863 3601 nescientem.

2186 3628 2371 3699 (Vers.
2418 3632 2624 3705 36-38.)
2675 3656 2695 3683 «
2750 3635 2816 3691 Et
2863 3647 3254 3709 conceperunt
3305 3639 3432 3694 duae
3474 3637 3604 3699 ﬁliae
3656 3640 3785 3698 Lotv

2152 3733 2184 3773 e
2212 3723 2376 3790 patre
2406 3737 2531 3792 suo,
2564 3726 2621 3777 et
2648 3724 2823 3795 genui
2869 3723 3258 3799 primogenita
3304 3724 3494 3787 ﬁlium
3521 3726 3766 3786 aliaet

2114 3859 2301 3984 Eerire
2328 3864 2487 3932 potui
2520 3881 2633 3936 quo
2658 3868 2964 3937 juvaretur
2990 3866 3375 3941 intelligentia
3414 3867 3594 3940 hujus
3623 3868 3757 3926 loci.

2163 3948 2393 3984 rasmus
2442 3935 2524 3984 sic
2575 3954 2706 3984 eum
2757 3937 3109 3984 illimtrntnm
3154 3939 3336 3984 vnlnit
3376 3957 3388 3984 ,-
3440 3943 3757 3984 Anmuumnt

2163 3948 2393 4022 rasmus
2442 3935 2708 4022 siceum
2756 3935 3336 4022 illustratumnvoluit
3376 3935 3764 4022 :nzippungunt

2111 4001 2362 4083 desuper,
2396 4007 2620 4083 addunt
2649 4011 2919 4082 desuper,
2967 4011 3345 4083 signﬁcantes
3386 4011 3442 4066 id
3471 4001 3761 4083 divinitus

2112 4073 2351 4145 factum,
2386 4084 2449 4135 ut
2482 4079 2588 4135 Lot
2638 4098 2752 4137 non
2800 4073 3056 4139 sentiret
3097 4083 3515 4139 concubilum-
3540 4082 3756 4141 Verum
3799 4092 3807 4097 ’

2110 4161 2215 4199 nec
2246 4146 2353 4203 hoc
2384 4153 2625 4207 verbum
2675 4153 2925 4209 habetur
2972 4155 3031 4209 in
3070 4159 3272 4211 nostra
3320 4154 3758 4214 editione..Hac

2109 4216 2387 4298 Erasmus
2414 4221 2497 4277 in
2528 4222 2723 4298 locum
2761 4225 3178 4298 difﬁcillimum
3236 4242 3408 4298 quem
3459 4226 3759 4286 Marianas
3796 4278 3801 4283 .

2109 4289 2359 4370 omnino
2383 4295 2772 4370 praetermisit.
2828 4296 2971 4370 Mss.
3022 4289 3271 4353 codices-
3298 4298 3486 4352 Latini
3536 4314 3639 4370 pro
3662 4316 3760 4370 ap-

2103 4368 2359 4441 pungunt
2388 4367 2640 4441 desuper,
2672 4365 2879 4438 legunt
2910 4369 3145 4441 diverso
3200 4370 3394 4441 modo,
3442 4365 3757 4441 adiungunt

2104 4430 2350 4512 desuper,
2412 4430 2829 4512 vel'appvgzunt
2887 4440 3133 4512 desuper.
3184 4440 3313 4512 Sive
3370 4430 3552 4511 igitur
3590 4430 3760 4512 intel-

2107 4500 2360 4583 liga_in_uis
2412 4500 2631 4583 pupct'a'
2686 4509 2867 4577 fuisse
2920 4500 3288 4583 superposita
3345 4500 3536 4568 verbis
3593 4510 3755 4583 hisce

2107 4573 2436 4655 scripturae;
2474 4581 2535 4633 Et.
2565 4576 2808 4655 nescivit,
2842 4573 3129 4650 etc.,'sive
3175 4582 3305 4654 ipsa
3352 4583 3528 4640 verba
3574 4582 3756 4639 fuisse

2108 4644 2304 4723 addita
2331 4647 2389 4703 in
2421 4644 2717 4723 superiore
2760 4644 2920 4723 parte
2964 4644 3272 4712 contextus
3311 4654 3461 4709 sacri
3511 4659 3571 4710 et
3593 4659 3755 4711 extra

2108 4716 2315 4795 seriem
2384 4716 3131 4795 reliquorum'verborum,
3184 4742 3534 4795 quocunque
3582 4726 3755 4783 modo

2111 4787 2168 4841 id
2202 4787 2418 4846 factum
2466 4787 2755 4857 credatur,
2804 4813 2925 4851 rem
2976 4787 3379 4853 incredibilem
3427 4787 3647 4854 Hebraei
3676 4798 3753 4853 si-

2110 4859 2386 4941 gniﬁcare
2415 4860 2873 4941 voluerunt'tam
2905 4885 2973 4923 ex
3014 4869 3268 4941 punctis,
3317 4884 3493 4940 quam
3536 4869 3755 4926 exsitu

2109 4930 2416 4988 verborum
2447 4938 2731 4992 MARTIAN.

2187 5052 2255 5062 —-
2287 5022 2410 5078 Non
2442 5028 2583 5100 erat,
2618 5042 2723 5100 cur
2775 5042 2836 5082 se
2882 5031 3182 5100 tantopere
3231 5026 3605 5084 Martianaeus
3634 5030 3753 5084 tor-

2109 5099 2332 5171 queret,
2366 5099 2430 5171 ut
2459 5095 2615 5151 hunc
2645 5097 2836 5171 locum
2867 5095 3175 5171 exponeret
3198 5105 3275 5167 ;ot
3304 5115 3408 5155 nec
3434 5100 3519 5155 sic
3556 5102 3751 5155 tamen

2108 5168 2425 5245 aliquando
2472 5184 2676 5245 verum
2741 5168 3044 5225 inveniret.
3111 5171 3750 5245 Hebraicum_verhum

2105 5247 2329 5326 nmpni
2361 5239 2417 5293 id
2449 5244 2557 5308 est,
2589 5247 2640 5294 et
2669 5256 2792 5296 cum
2823 5245 3153 5299 surrexisset
3190 5245 3256 5298 ab
3307 5243 3426 5311 illa,
3476 5239 3751 5298 inusitato

2104 5320 2320 5413 puncto
2351 5326 2731 5413 distinguitur
2751 5332 3194 5413 supramedium
3224 5349 3352 5413 van,
3374 5330 3750 5413 praeter'illud
3782 5320 3800 5393 ί

2104 5399 2350 5484 quod'in
2383 5404 2578 5484 ventre
2609 5399 3015 5484 haben—quue
3044 5404 3238 5460 videre
3259 5399 3350 5484 est
3368 5399 3432 5484 in
3454 5402 3749 5484 plerisque

2102 5470 2712 5547 omnibusHebraicis
2744 5470 2965 5547 Bibliis,
3001 5492 3128 5546 qua:
3179 5473 3415 5547 punctis
3449 5470 3750 5547 instruun-

2103 5544 2197 5595 tur
2235 5541 2342 5595 hoc
2390 5540 2513 5595 loco
2556 5542 2653 5595 ubi
2708 5548 2764 5596 et
2816 5540 3077 5619 Massora
3116 5540 3398 5619 tanquam
3452 5545 3749 5601 insolitum

2102 5633 2263 5683 notat
2314 5629 2370 5683 in
2428 5629 2689 5701 margine
2719 5639 2810 5691 1N1
2849 5617 2922 5697 ἣν
2960 5643 3086 5717 Ἷπῖὶ]
3141 5617 3409 5707 puricium
3456 5637 3539 5689 est
3580 5651 3755 5706 supra

2099 5736 2199 5773 van
2238 5735 2250 5773 :
2311 5718 2493 5795 idque,
2544 5720 2942 5795 tan_d_em__est,
2989 5725 3145 5795 quod
3184 5722 3473 5795 ,appungi
3502 5723 3757 5795 desuper:
3792 5752 3795 5757 ν

2097 5789 2747 5863 tanquam'incredibile
2780 5789 3167 5868 Hieroni/mus
3198 5789 3399 5854 tradit.
