3992 6412
221 408 415 476 1M2

1274 407 1517 473 LIBER
1544 400 1784 470 ‘HEBR.
1822 394 2135 477 QUES’I‘.
2179 397 2261 465 IN
2306 396 2581 465 GENES.

3466 360 3669 470 ίοὼίῖ

223 545 449 605 vocavit
476 562 690 605 nomen
710 544 850 620 ejus
887 545 1076 604 Moab.
1111 543 1224 601 Iste
1257 549 1349 599 est
1373 547 1543 615 pater
1588 540 1868 597 Moabita-
1898 536 2177 604 Asvulus.
2236 538 2351 594 Nec
2400 538 2682 594 miremur
2728 538 3038 596 barbaram
3086 532 3352 613 linguam
3410 540 3661 601 habere

228 652 359 694 rum
389 653 579 710 usque
608 636 670 693 in
698 637 851 693 hanc
876 636 1055 692 diem.
1088 637 1156 689 Et
1186 634 1397 700 minor,
1421 637 1477 687 et
1499 632 1625 703 ipsa
1652 628 1873 702 peperit

227 726 438 795 ﬁlium,
472 731 529 782 et
558 726 782 783 vocavit
813 741 1025 782 nomen
1054 725 1184 795 ejus
1214 728 1487 790 Ammon,
1512 721 1569 776 id
1591 725 1698 789 est,
1716 718 1874 774 ﬁlius

226 815 426 889 populi
477 815 614 871 mei.
672 815 801 887 Ipse
853 818 943 871 est
987 818 1154 885 pater
1218 812 1473 868 ﬁliorum
1535 811 1873 865 Ammon.»

228 905 401 963 Moab
425 904 862 977 interpretatur,
892 919 965 958 ea:
987 907 1179 974 patre:
1211 904 1267 956 et
1294 904 1482 956 totum
1513 913 1728 955 nomen
1760 900 1875 969 ety-

232 993 554 1066 mologiam
584 992 780 1049 habet.
810 992 1057 1047 Ammon
1089 1006 1240 1058 vero,
1275 990 1443 1060 cujus
1497 987 1665 1059 quasi
1698 1001 1878 1042 causa

226 1082 487 1141 nominis
514 1082 780 1138 redditur
804 1080 965 1153 ﬁlius
984 1082 1173 1152 generi
1197 1081 1327 1151 mei,
1379 1078 1498 1134 sive
1556 1082 1621 1132 ut
1664 1076 1875 1131 melius

226 1170 408 1229 estin
462 1171 698 1228 Hebraeo
746 1172 928 1243 (my),
975 1171 1126 1239 filius
1173 1169 1363 1241 populi
1414 1169 1545 1235 mei,
1592 1166 1677 1222 sic
1724 1164 1875 1221 deri-

230 1264 423 1327 vatur,
456 1264 525 1316 ut
552 1276 623 1316 ex
650 1263 815 1331 parte
847 1273 1059 1315 sensus
1102 1256 1379 1325 nominis,
1432 1273 1501 1311 ex
1549 1258 1713 1327 parte
1751 1254 1878 1326 ipse

230 1349 310 1406 sit
333 1365 526 1406 sermo
553 1366 565 1404 :
600 1366 747 1404 sum
770 1350 787 1383 ¹
818 1348 998 1413 enim,
1031 1364 1066 1403 a
1094 1363 1210 1419 quo
1240 1345 1379 1402 dicti
1409 1348 1549 1400 sunt
1578 1341 1878 1399 Ammoni-

228 1442 322 1507 ιω,
353 1441 595 1494 vocatur
620 1438 858 1511 populus
884 1452 1058 1493 meus.

303 1529 467 1600 (Cap.
499 1528 616 1584 XX.
662 1539 749 1567 ‘—-
777 1530 944 1583 Vers.
1006 1527 1094 1582 12.
1127 1528 1146 1593 )
1182 1548 1203 1575 (ι
1268 1524 1494 1580 Etenim
1556 1538 1689 1577 vere
1720 1536 1885 1576 soror

230 1633 372 1674 mea
421 1620 515 1672 est
558 1617 629 1672 de
685 1619 869 1688 patre,
933 1616 1033 1671 sed
1094 1631 1207 1670 non
1239 1629 1310 1669 ex
1340 1616 1547 1668 matre.
1585 1634 1605 1660 υ
1653 1610 1715 1667 Id
1772 1616 1879 1675 est,

229 1706 430 1761 fratris
461 1705 590 1776 ejus
620 1708 711 1761 est
738 1708 896 1760 Aran
944 1704 1085 1771 ﬁlia,
1137 1719 1251 1759 non
1302 1701 1539 1758 sororis.
1596 1699 1705 1755 Sed
1742 1698 1884 1770 quia

228 1794 291 1849 in
326 1794 804 1850 Hebraeo-habet:
842 1816 871 1843 ‹‹
900 1792 1046 1849 Vere
1077 1809 1243 1849 soror
1271 1806 1401 1847 mea
1430 1792 1539 1856 est,
1558 1789 1679 1845 ﬁlia
1701 1787 1881 1861 patris

230 1882 370 1953 mei,
401 1885 460 1937 et
489 1897 605 1936 non
653 1881 777 1937 ﬁlia
822 1881 1028 1938 matris
1071 1898 1254 1949 meae;
1292 1904 1319 1930 »

229 1971 387 2044 quod
429 1986 595 2027 soror
634 1970 878 2026 Abrahae
932 1971 1128 2037 fuerit,
1180 1970 1240 2025 in
1282 1967 1719 2025 excusationem
1751 1966 1880 2037 ejus

230 2059 484 2117 dicimus
504 2061 545 2127 ³,
578 2060 831 2116 necdum
861 2059 961 2115 illo
992 2063 1255 2133 tempore
1282 2058 1431 2115 tales
1480 2056 1717 2128 nuptias
1754 2054 1880 2127 lege

230 2148 578 2222 prohibitus.

304 2237 464 2309 (Cap.
523 2236 1124 2309 XXI.-—-Vers,9.)«
1168 2238 1235 2293 Et
1289 2238 1436 2294 vidit
1492 2240 1634 2296 Sara
1694 2240 1877 2296 ﬁlium

226 2330 388 2400 Agar
418 2326 709 2399 IEgyptite,
738 2343 913 2398 quem
936 2327 1159 2398 peperit
1180 2328 1304 2397 [Αἰ.
1337 2330 1658 2401 pepererat]
1680 2330 1880 2385 Abraaa

229 2416 533 2472 ludentem
563 2432 575 2481 ;
612 2437 641 2464 »
675 2416 831 2486 quod
855 2415 1143 2486 sequitur,
1165 2437 1192 2465 ‹‹
1218 2419 1359 2471 Cum
1382 2419 1540 2473 Isaac
1564 2418 1683 2475 ﬁlio
1704 2435 1880 2487 suo,»

232 2522 350 2561 non
379 2504 629 2560 habetur
657 2504 717 2559 in
749 2504 1006 2560 Hebraeo.
1058 2504 1381 2577 Dupliciter
1416 2507 1619 2579 itaque
1659 2508 1768 2563 hoc
1809 2508 1882 2563 ab

228 2592 491 2649 Hebraeis
517 2592 861 2665 exponitur:
895 2592 1015 2648 sive
1043 2594 1198 2665 quod
1229 2593 1386 2650 idola
1435 2594 1574 2651 ludo
1609 2597 1809 2652 fecerit
1838 2598 1879 2665 ³,

221 2682 398 2753 juxta
427 2679 573 2736 illud
605 2681 763 2752 quod
795 2679 933 2737 alibi
964 2681 1259 2754 Scriptum
1297 2687 1421 2739 est:
1476 2684 1624 2740 Sedit
1654 2686 1884 2756 populus

230 2769 515 2826 comedere
574 2778 626 2825 et
685 2770 888 2836 bibere,
946 2777 1001 2825 et
1053 2780 1415 2828 surrexerunt
1470 2774 1655 2829 ludere
1688 2775 1881 2846 (Exod.

232 2875 439 2925 xxxm,
467 2858 525 2929 6)
554 2875 568 2914 :
602 2857 725 2914 sive
755 2858 911 2930 quod
961 2859 1269 2915 adversum
1328 2862 1507 2930 Isaac,
1559 2863 1727 2934 quasi
1760 2880 1886 2919 ma-

226 2947 629 3020 jorisaetatis,
654 2947 788 3018 joco
820 2945 935 3002 sibi
983 2952 1041 3003 et
1070 2948 1208 3004 ludo
1251 2949 1641 3023 primogenita
1686 2952 1887 3007 vcndi-

234 3041 415 3094 caret.
448 3036 612 3101 Quod
659 3036 897 3108 quidem
926 3040 1066 3092 Sara
1095 3037 1341 3094 audiens
1372 3056 1486 3095 non
1519 3039 1681 3096 tulit:
1709 3041 1888 3098 ethoc

233 3143 309 3182 ex
336 3125 525 3198 ipsius
574 3126 940 3198 approbatur
988 3143 1255 3183 sermone
1302 3128 1552 3184 dicentis
1589 3130 1750 3201 (vers.
1799 3131 1888 3202 10)

236 3238 270 3266 ‹‹
306 3214 466 3287 Ejice
515 3213 790 3271 ancillam
836 3213 989 3270 hanc
1026 3231 1159 3270 cum
1209 3216 1329 3272 ﬁlio
1383 3235 1508 3275 suo.
1571 3219 1697 3275 Non
1727 3219 1883 3275 enim

234 3303 425 3365 hatres
455 3302 566 3363 erit
593 3302 753 3359 ﬁlius
783 3302 1009 3359 ancillae
1039 3320 1177 3365 cum
1207 3304 1331 3361 ﬁlio
1356 3322 1485 3363 meo
1519 3307 1699 3363 Isaac.
1736 3330 1756 3357 υ

310 3392 496 3464 (Vers.
531 3392 645 3461 44).
676 3414 705 3442 ‹‹
749 3395 819 3446 Et
862 3391 1122 3464 sumpsit
1167 3409 1349 3465 panes
1399 3401 1456 3450 et
1483 3400 1671 3451 utrem
1700 3412 1885 3469 aqum,

236 3485 299 3538 et
323 3481 502 3538 dedit
545 3482 722 3554 Agar,
773 3496 999 3553 ponens
1046 3497 1225 3554 super
1272 3481 1584 3539 humerum
1641 3486 1791 3557 ejus,
1832 3488 1890 3541 et

233 3569 574 3644 parvulum,
604 3574 662 3649 et
690 3568 921 3626 dimisit
957 3585 1119 3627 eam.
1155 3592 1181 3621 »
1240 3572 1483 3635 Quando
1527 3573 1686 3630 Isaac
1715 3577 1889 3630 natus

235 3657 660 3731 est,tredecim
678 3675 991 3723 annorum.
1020 3662 1145 3716 erat
1167 3660 1396 3719 Ismael.
1430 3666 1501 3718 Et
1530 3668 1662 3734 post
1691 3662 1891 3720 ablac-

236 3748 525 3807 tationem
556 3748 722 3819 .ejus,
774 3747 886 3804 iste
929 3763 1064 3804 cum
1114 3755 1302 3805 matre
1342 3750 1653 3822 expellitur
1691 3751 1887 3808 domo.

239 3838 401 3896 Inter
428 3837 698 3893 Hebraeos
731 3839 928 3895 autem
955 3838 1117 3893 varia
1138 3838 1334 3910 opinio
1351 3844 1458 3908 est,
1489 3841 1891 3898 asserentibus

239 3926 375 3985 aliis
404 3925 608 3999 quinto
641 3940 796 3981 anno
842 3924 1247 3983 ablactationis
1298 3932 1532 4001 tempus
1577 3933 1890 4000 statutum,

240 4015 374 4079 aliis
404 4015 818 4074 duodecimum
853 4032 1076 4072 annum
1116 4017 1581 4076 vendicantibus.
1634 4019 1749 4075 Nos
1784 4020 1889 4093 igi-

239 4110 353 4175 tur
366 4110 441 4162 ut
458 4105 790 4161 breviorem
821 4104 1106 4177 eligamus
1149 4110 1404 4176 aetatem,
1436 4112 1568 4179 post
1595 4109 1794 4164 decem
1834 4113 1892 4165 et

235 4199 605 4252 octoaunos
642 4192 854 4249 Ismael
908 4195 1360 4266 supputavimus
1424 4196 1579 4252 836
1637 4196 1888 4266 ejectum

232 4300 367 4341 esse
390 4299 529 4339 cum
559 4286 767 4350 matre,
800 4287 858 4337 et
888 4299 1004 4338 non
1037 4283 1340 4339 convenire
1362 4285 1492 4356 jam
1535 4283 1889 4340 adolescenti

233 4372 446 4433 matris
477 4372 701 4430 sedisse
757 4370 1103 4429 cervicibus.
1153 4372 1370 4429 Verum
1399 4378 1488 4429 est
1532 4373 1713 4445 igitur
1742 4373 1887 4429 illud

232 4462 612 4518 Hebraeorum
642 4458 857 4532 linguae
886 4458 1125 4529 idioma,
1176 4462 1330 4532 quod
1383 4462 1578 4518 omnis
1625 4461 1784 4518 ﬁlius
1813 4464 1885 4517 ad

232 4544 734 4623 comparationem
769 4553 1101 4622 parentum,
1152 4549 1345 4605 infans
1382 4555 1620 4607 vocetur
1666 4555 1724 4606 et
1755 4566 1885 4623 par-

309 4712 329 4747 ι
356 4712 531 4767 Utere
573 4718 733 4779 parte
778 4724 968 4764 sensus
1013 4710 1271 4765 nomints.
1318 4708 1566 4775 Ammon,
1616 4710 1736 4766 sive
1766 4726 1889 4766 um-

230 4798 371 4840 man
395 4781 589 4841 dictus
616 4786 707 4838 est
733 4797 767 4836 a
797 4786 985 4836 matre
1033 4787 1147 4840 7725
1187 4791 1274 4869 β,
1331 4781 1432 4835 ben.
1478 4784 1655 4837 ammz‘
1682 4799 1697 4838 :
1734 4783 1890 4838 unde

231 4874 488 4929 Ammon
520 4870 603 4927 sic
633 4869 928 4928 derivatur
957 4871 1028 4925 ab
1060 4870 1253 4942 ammi,
1290 4874 1353 4924 ut
1372 4887 1440 4925 ex
1469 4874 1656 4942 parte,
1679 4889 1892 4927 sensus

233 4942 532 5025 nominis“
559 4942 654 5025 sit,
688 4958 826 5024 non.
865 4940 1235 5025 etymologia,
1279 4945 1338 4997 et
1362 4940 1735 5025 .ex:nparte,.
1767 4942 1894 5025 ipse

233 5029 433 5072 sermo
465 5013 561 5081 sit,
593 5008 707 5071 Ben
736 5012 893 5069 enim
923 5008 1078 5084 quod
1109 5008 1296 5083 ﬁlium
1326 5008 1620 5084 signiﬁcat
1648 5008 1767 5069 neu
1790 5008 1892 5069 in-

233 5084 501 5157 cluditur
530 5084 775 5145 invoco
817 5083 1076 5155 Ammon,
1122 5083 1236 5157 nisi
1272 5083 1444 5157 juxta
1488 5101 1731 5141 sensum
1770 5091 1892 5157 ety-

236 5152 599 5230 mologicum
638 5174 687 5231 Δ;Δ
727 5164 867 5215 eum
921 5152 1073 5231 my,
1119 5152 1298 5231 Animi
1350 5154 1547 5228 ipsum
1622 5152 1896 5231 praeferat

234 5226 600 5300 sermonem,
634 5227 692 5285 id
724 5231 835 5300 est,
862 5226 1213 5300 populiimei.
1251 5226 1529 5283 Man‘rIAN.

315 5310 384 5341 -'-
414 5299 644 5362 Clarius
674 5299 817 5357 adeo
849 5299 939 5356 est
967 5299 1026 5355 in
1057 5299 1294 5355 Hebraao
1315 5308 1533 5364 inv-2:,
1552 5307 1685 5360 me
1706 5309 1897 5387 mpm

231 5401 290 5453 ει
321 5390 533 5449 vocavit
556 5404 755 5449 nomen
782 5389 903 5458 eius
932 5389 1239 5455 Benammz’,
1274 5388 1429 5459 quod
1482 5388 1899 5459 interpretatur

232 5464 403 5539 ﬁlling
415 5461 616 5539 populi.
635 5462 765 5539 τηθίς

313 5537 335 5569 ²
364 5529 451 5589 Ita
481 5529 716 5603 quidem
748 5532 895 5603 bene
952 5529 1125 5603 multi
1177 5529 1493 5603 Christiani
1546 5529 1895 5601 interpretes

233 5601 660 5685 explicantput
681 5601 1165 5685 neptisproinde
1214 5601 1563 5685 Abrah‘am,‘
1585 5618 1700 5685 non
1733 5618 1900 5685 soror

233 5671 418 5743 eséet,
451 5677 654 5732 contra
682 5671 859 5745 quam
891 5671 1016 5745 ipse
1063 5671 1357 5727 Abraham
1408 5671 1894 5741 luculentissime,

232 5747 1375 5821 ommittememotﬂxambagehtestatur
1413 5749 1555 5801 Vere
1581 5758 1739 5802 soror
1772 5761 1905 5802 mea

1364 1883 1422 1936 et
1470 1878 1658 1974 magis
1688 1880 1877 1974 son-at,
1910 1909 1958 1974 B

1916 4652 1965 4716 D

1982 627 2363 697 proprietates
2393 644 2532 683 suas
2559 645 2571 683 :
2607 645 2741 683 cum
2764 628 3050 702 hodieque
3073 629 3268 686 Romae
3290 647 3494 690 omnes
3519 631 3627 689 ﬁlii

1981 721 2261 773 vocentur
2296 716 2569 773 infantes.
2601 718 2803 774 Posuit
2831 735 2967 792 ergo
3014 719 3311 776 Abraham
3360 739 3541 794 panes
3571 728 3629 781 et

1983 810 2172 862 utrem
2205 823 2381 878 super
2421 806 2738 862 humerum
2788 810 2976 878 Agar:
3024 812 3082 863 et
3128 808 3237 865 hoc
3283 811 3433 867 iacto
3466 811 3630 868 dedit

1983 912 2231 968 puerum
2264 896 2461 963 matri,
2503 895 2613 951 hoc
2658 900 2765 965 est,
2820 897 2878 952 in
2924 914 3136 953 manus
3194 899 3324 969 ejus
3365 899 3626 969 tradidit,

1985 984 2434 1052 commendavit,
2483 988 2541 1040 et
2584 984 2668 1040 ita
2714 985 2913 1041 emisit
2943 1002 2972 1041 e
3002 987 3196 1043 domo.
3229 988 3389 1053 Quod
3433 992 3628 1045 autem

1987 1074 2254 1147 sequitur
2276 1091 2291 1131 :

2057 1165 2244 1234 (Vers.
2275 1166 2363 1233 15,
2400 1166 2528 1234 16.)
2559 1187 2587 1215 (ι
2621 1166 2687 1220 Et
2701 1165 2944 1238 projecit
2970 1182 3219 1239 puerum
3240 1168 3446 1224 subter
3478 1169 3631 1227 abie-

1986 1258 2126 1320 tem,
2159 1258 2217 1309 et
2245 1254 2447 1310 abiens
2478 1254 2630 1310 sedit
2659 1256 2729 1310 de
2776 1258 2979 1310 contra
3025 1255 3217 1329 longe,
3270 1257 3440 1329 quasi
3466 1259 3631 1330 jactu

1988 1343 2231 1415 sagittae.
2265 1344 2421 1399 Dixit
2449 1343 2643 1399 enim:
2677 1344 2802 1399 Non
2848 1343 3056 1400 videbo
3106 1351 3357 1403 mortem
3407 1349 3632 1420 parvuli

1988 1433 2124 1488 mei.
2153 1434 2223 1487 Et
2268 1433 2420 1488 sedit
2467 1436 2671 1489 contra
2716 1449 2876 1490 eum.
2920 1456 2947 1483 ››
2975 1433 3042 1489 Et
3094 1435 3293 1490 statim
3316 1436 3627 1509 jungitur:

1990 1544 2018 1571 ‹‹
2052 1520 2414 1577 Exclamavit
2445 1537 2610 1593 puer,
2640 1525 2697 1577 et
2726 1522 2899 1591 flevit,
2933 1526 2990 1578 et
3008 1522 3229 1579 audivit
3251 1525 3406 1581 Deus
3432 1542 3632 1582 vocem

1991 1610 2157 1682 pueri
2194 1611 2266 1665 de
2314 1609 2439 1666 loco
2492 1610 2590 1666 ubi
2636 1618 2778 1666 erat.
2829 1612 2899 1667 Et
2944 1610 3092 1667 dixit
3140 1613 3384 1686 angelus
3429 1613 3529 1670 Dci
3559 1616 3631 1671 ad

1990 1700 2144 1771 Agar
2163 1699 2234 1754 de
2266 1698 2428 1767 cmlo,
2458 1721 2488 1751 »
2524 1703 2579 1755 et
2601 1699 2844 1773 reliqua,
2878 1688 3107 1757 nullum
3130 1700 3386 1759 ‘moveat.
3421 1704 3485 1759 In
3523 1704 3637 1760 He-

1991 1789 2143 1844 bra=o
2192 1788 2348 1843 enim
2395 1793 2528 1861 post
2573 1788 2700 1861 hoc,
2761 1790 2918 1863 quod
2965 1789 3248 1864 scriptum
3299 1795 3408 1859 est,
3443 1814 3471 1843 «
3508 1792 3634 1849 Non

1982 1877 2197 1934 .videbo
2247 1881 2494 1934 mortem
2545 1878 2772 1950 parvuli
2818 1880 3018 1947 mei,»
3066 1880 3150 1935 ita
3193 1879 3431 1953 legitur,
3480 1883 3635 1955 quod

1987 1966 2117 2040 ipsa
2143 1971 2301 2039 Agar
2328 1968 2545 2024 sederit
2574 1971 2777 2024 contra
2818 1984 3090 2040 puerum,
3140 1973 3198 2026 et
3244 1968 3520 2026 levaverit
3547 1988 3642 2028 vo-

1988 2072 2114 2111 cem
2146 2073 2337 2126 suam,
2372 2060 2428 2112 ct
2474 2056 2716 2124 ﬂeverit,
2767 2060 2823 2112 et
2864 2058 3186 2113 exaudierit
3235 2063 3389 2116 Deus
3433 2075 3633 2116 vocem

1988 2145 2235 2217 parvuli.
2270 2145 2468 2202 Flente
2496 2145 2652 2201 enim
2685 2151 2891 2215 matre,
2927 2154 2980 2203 et
3006 2150 3255 2204 mortem
3302 2147 3403 2203 ﬁlii
3456 2148 3635 2206 mise-

1990 2233 2202 2290 rabiler
2232 2234 2622 2307 praestolante,
2672 2235 2825 2291 Deus
2874 2235 3169 2293 exaudivit
3219 2253 3516 2309 puerum;
3567 2237 3639 2294 de

1991 2341 2107 2396 quo
2136 2324 2430 2397 pollicitus
2462 2325 2649 2380 fuerat
2675 2325 2940 2393 Abrahae,
2971 2324 3172 2383 dicens
3198 2342 3211 2381 :
3245 2326 3350 2381 Sed
3370 2331 3425 2383 et
3450 2326 3640 2398 ﬁlium

1990 2414 2215 2471 ancillae
2268 2422 2374 2470 tum
2420 2416 2481 2468 in
2528 2418 2742 2484 gentem
2785 2431 3045 2485 magnam
3086 2417 3296 2487 faciam
3320 2417 3457 2489 (cap.
3500 2434 3651 2491 xvn,

1989 2520 2128 2560 vers.
2160 2504 2277 2566 20).
2324 2500 2596 2574 Alioquin
2628 2507 2686 2559 et
2714 2503 2844 2575 ipsa
2875 2508 3064 2559 mater
3116 2522 3231 2560 non
3282 2521 3452 2563 suam
3484 2524 3639 2563 mor-

1989 2596 2107 2649 tem
2160 2593 2261 2648 sed
2310 2592 2419 2647 ﬁlii
2464 2592 2823 2664 deplorahat.
2876 2594 3135 2665 Pepercit
3180 2594 3359 2666 igitur
3379 2595 3429 2652 ei
3462 2596 3638 2665 Deus,

1993 2699 2098 2755 pro
2130 2698 2245 2753 quo
2294 2682 2482 2737 fuerat
2522 2686 2576 2737 et
2626 2681 2818 2738 fletus.
2871 2682 3129 2755 Denique
3175 2683 3234 2738 in
3277 2701 3642 2757 consequens-

1992 2772 2152 2828 tibus
2181 2771 2397 2828 dicitur
2427 2773 2590 2843 (vers.
2626 2773 2752 2843 18):
2794 2791 2821 2824 α
2867 2773 3053 2845 Surge
3102 2778 3158 2828 et
3198 2773 3337 2831 tolle
3369 2792 3644 2847 puerum,

1995 2866 2052 2918 et
2071 2865 2203 2919 tene
2222 2877 2462 2918 manum
2484 2863 2638 2932 ejus.
2675 2882 2701 2910 ››
2723 2865 2803 2917 Ex
2825 2878 2939 2933 quo
2961 2862 3343 2921 manifestum
3368 2868 3478 2930 est,
3510 2880 3643 2920 cum

1996 2950 2097 3022 qui
2131 2954 2382 3021 tenetur,
2415 2966 2531 3006 non
2562 2950 2724 3006 oneri
2754 2950 2929 3006 matri
2958 2950 3160 3017 fuisse,
3193 2953 3294 3009 sed
3334 2952 3634 3010 comitem.

1995 3040 2157 3106 Quod
2226 3042 2421 3094 autem
2489 3056 2668 3095 manu
2731 3038 3009 3111 parentis
3061 3044 3295 3096 tenetur
3354 3039 3645 3121 sollicitus

1996 3132 2360 3184 monstratur
2388 3127 2656 3183 affectus.
3582 3200 3583 3205 η

2069 3216 2253 3289 (Vers.
2287 3217 2401 3286 22.)
2434 3239 2462 3267 «
2532 3217 2600 3272 Et
2627 3215 2775 3271 dixit
2836 3215 3170 3273 Abimelech
3227 3220 3284 3274 ot
3347 3217 3641 3275 Ochozath

1996 3307 2299 3378 pronubus
2323 3306 2471 3376 ejus,
2504 3308 2562 3360 et
2592 3303 2792 3361 Phicol
2822 3304 3094 3378 princeps
3119 3305 3406 3363 exercitus
3432 3309 3581 3380 ejus.
3613 3329 3641 3352 ιι

1995 3395 2247 3467 Excepto
2312 3393 2649 3450 Abimelech
2719 3398 2776 3450 et
2814 3394 3035 3466 Phicol,
3100 3395 3337 3451 tertium
3369 3412 3582 3452 nomen
3606 3398 3646 3468 ‘,

1998 3485 2154 3557 quod
2187 3483 2282 3539 hic
2348 3482 2564 3556 legitur
2594 3482 2654 3539 in
2721 3482 2959 3541 Hebraeo
3025 3484 3322 3543 volumine
3360 3502 3506 3544 .non
3550 3486 3650 3545 ha-

1996 3574 2185 3631 betur.

2070 3663 2259 3735 (Vers,
2289 3663 2406 3731 30.)
2436 3684 2465 3712 ‹‹
2498 3662 2568 3717 Et
2595 3662 2781 3719 dixit:
2812 3663 3044 3736 Septem
3078 3680 3214 3720 oves
3243 3663 3353 3721 has
3398 3664 3677 3737 accipies

2000 3769 2033 3808 a
2063 3768 2177 3820 me,
2210 3755 2275 3806 ut
2303 3750 2352 3807 si
2383 3749 2443 3806 in
2492 3751 2897 3807 testimonium
2947 3751 3111 3823 mihi,
3165 3752 3305 3825 quia
3360 3754 3510 3809 837
3541 3770 3648 3825 ego

2000 3840 2118 3897 fodi
2148 3844 2390 3915 puteum
2409 3840 2609 3896 istum.
2633 3862 2659 3889 »
2684 3840 2817 3896 Ideo
2838 3840 3271 3913 cognominavit
3290 3856 3504 3897 nomen
3535 3841 3647 3898 loci

2000 3930 2161 3987 illius
2187 3934 2385 4002 puteus
2401 3930 2729 4001 juramentz',
2764 3929 2905 4001 quia
2938 3928 3019 3984 ibi
3068 3930 3423 4001 juraverunt
3449 3930 3645 3989 ambo.

2001 4019 2109 4075 Ubi
2143 4019 2238 4075 hic
2271 4018 2504 4091 legitur,
2535 4027 2729 4090 puteus
2748 4020 3080 4090 Juramentz',
3112 4017 3172 4073 in
3205 4018 3446 4075 Hebrmo
3476 4019 3651 4076 habe-

2000 4114 2097 4165 tur
2125 4124 2411 4164 nnasxnee
2442 4108 2796 4179 (nequa).
2829 4107 3048 4180 Duplex
3095 4113 3290 4165 autem
3335 4113 3425 4165 est
3473 4127 3653 4167 causa

2001 4215 2106 4254 cur
2132 4198 2210 4253 ita
2247 4195 2571 4269 appellatus
2602 4196 2715 4254 sit:
2749 4197 2870 4254 sive
2901 4198 3041 4270 quia
3070 4203 3291 4270 septem
3314 4216 3496 4271 agnas
3516 4200 3651 4257 Abi-

2004 4285 2227 4343 melech
2258 4286 2329 4341 de
2358 4303 2539 4342 manu
2585 4286 2830 4343 Abrahae
2874 4288 3195 4360 acceperit:
3247 4290 3465 4359 Septem
3493 4289 3650 4348 enim

2004 4376 2284 4432 dicuntur
2312 4392 2518 4431 sanna:
2555 4375 2675 4432 sive
2706 4377 2869 4448 quod
2907 4377 2986 4432 ibi
3026 4377 3391 4449 juraverint:
3425 4378 3566 4450 quia
3595 4383 3653 4435 et

1993 4465 2377 4537 juramentum
2397 4481 2571 4520 sanan
2601 4464 2876 4523 similiter
2905 4465 3246 4538 appellatur.
3263 4467 3426 4533 Quod
3448 4465 3497 4521 si
3515 4471 3652 4522 ante

2003 4553 2154 4609 hanc
2186 4570 2425 4611 causam
2458 4571 2636 4627 supra
2664 4571 2885 4612 nomen
2925 4555 3034 4611 hoc
3079 4554 3354 4629 legimus,
3393 4554 3651 4611 sciamus

1999 4717 2101 4769 est.
2136 4713 2369 4770 Scilicet
2399 4715 2561 4771 nefas
2608 4715 2869 4771 arbitrati
2920 4717 3094 4769 sunt:
3148 4731 3405 4770 sororem
3457 4731 3527 4770 ex
3559 4714 3650 4771 al-

2000 4790 2124 4858 tero
2158 4790 2394 4858 parente
2442 4787 2872 4858 ducere,iquod
2922 4784 3159 4858 Levitic.
3209 4802 3340 4858 cap.
3397 4800 3559 4853 xvm,
3590 4788 3644 4855 9,

2002 4856 2366 4927 prohibetur.
2402 4858 2470 4912 Et
2500 4881 2527 4907 ‹‹
2562 4856 2753 4927 ᾳυθιό
2785 4862 2894 4922 est,
2930 4878 2956 4905 »
3003 4856 3194 4927 inquit
3245 4857 3477 4912 Hieron.
3510 4873 3648 4913 con-

1999 4932 2091 5000 tra
2119 4927 2343 5000 Helvid.
2373 4945 2539 4983 num.
2572 4930 2656 4997 13,
2690 4951 2717 4978 ‹‹
2750 4933 2816 4983 ut
2841 4927 3137 5000 Abraham
3168 4928 3501 5000 virijustus
3544 4945 3648 5000 pa-

2001 4998 2110 5081 tris
2141 4998 2235 5054 sui
2255 4998 2449 5081 iﬁliam
2478 5000 2789 5081 conjugem
2820 4999 3182 5081 sumpserit?
3213 5020 3241 5049 »
3273 4998 3501 5081 Videsis
3520 4998 3648 5081 quas

2004 5071 2062 5125 in
2094 5086 2231 5125 eum
2254 5068 2449 5126 locum
2481 5068 2857 5128 annotamus.
2885 5068 3052 5126 Nunc
3082 5071 3318 5127 demum
3344 5068 3647 5139 verissime

2003 5158 2072 5197 ex
2128 5141 2364 5214 Hebraeo
2397 5142 2456 5197 S.
2516 5142 2717 5197 doctor
2772 5141 3346 5214 constituitLSaram
3375 5142 3651 5214 eumdem

2005 5229 2140 5269 cum
2171 5213 2515 5286 Abrahamo
2534 5218 2757 5286 patrem
2789 5211 3318 5286 habuisse'Thare.
3361 5211 3652 5271 diversam

2006 5289 2213 5357 matre,
2241 5300 2422 5357 quam
2460 5282 2735 5357 Thevilam
2760 5286 2835 5357 de
2866 5285 3102 5357 nomine
3131 5282 3483 5357 appellatam
3533 5290 3651 5357 tras

2005 5355 2091 5411 dit
2121 5356 2327 5430 saidas
2358 5355 2677 5430 Batricidcs
2708 5355 3134 5430 Alexandrinus
3166 5355 3520 5429 patriarcha,
3551 5356 3653 5430 qui

2007 5427 2221 5483 smculo
2253 5427 2475 5484 decimo
2506 5429 2776 5485 ﬂoruisse
2798 5427 3157 5501 perhibetur.

2080 5516 2100 5549 ³
2132 5515 2428 5573 Vetustior
2458 5516 2693 5587 Reginae
2724 5533 2866 5572 mss.
2899 5516 3046 5600 idola
3075 5518 3186 5572 luto
3211 5516 3424 5590 fecerit.

2080 5605 2101 5637 ⁴
2130 5604 2410 5677 Additum
2443 5603 2712 5677 Ochomth
2742 5622 2781 5677 a7
2820 5605 2979 5671 LXX,
3029 5623 3098 5661 ex
3141 5622 3267 5677 cap.
3315 5622 3469 5673 xxvr,
3499 5622 3648 5677 vers.

2008 5675 2098 5739 26,
2134 5674 2231 5729 ubi
2277 5675 2546 5739 junctum
2598 5676 2892 5732 invenitur
2939 5674 3279 5733 nominibus
3317 5676 3651 5733 Abimelech

2008 5692 2098 5739 ΖΟ,
2134 5692 2231 5729 llDl
2308 5692 2546 5731 unetum
2598 5692 2892 5732 invenitur
2939 5692 3279 5733 nominibus
3317 5692 3648 5733 .anlmelecn

2006 5750 2065 5802 et
2095 5692 2311 5802 Phicol.
2346 5745 2411 5803 In
2461 5763 2591 5804 uno.
2624 5747 2879 5821 Reginae,
2905 5764 3016 5807 ms.
3065 5750 3308 5807 Oeozhac
3350 5748 3648 5819 scribitur,
