3992 6400
3583 378 3745 461 im

333 520 529 580 ablata
550 521 623 581 de
651 523 781 596 ejus
811 520 1045 583 nomine
1073 525 1164 582 est
1194 539 1207 582 :
1240 526 1297 581 et
1326 541 1429 598 pro
1458 542 1682 580 senum:
1713 522 1971 593 appella-
2004 523 2056 588 Α
2085 527 2377 598 Scriptum
2411 530 2702 601 siquidem
2735 532 2824 585 est
2854 528 2911 585 in
2942 528 3052 585 Job
3086 546 3100 586 :
3133 529 3417 603 Sapientia
3456 527 3604 588 unde
3644 532 3738 587 in:

328 620 430 677 tua
444 617 536 671 est
553 614 1172 687 spunAN,signiﬁcante
1187 616 1623 687 Scriptura,non
1642 615 1977 671 eumluisse
2100 618 2419 674 venietur‘?
2446 622 2510 675 Et
2546 620 2667 692 quis
2697 618 2843 674 locus
2888 619 3232 675 intellectus?
3275 628 3330 676 et
3375 619 3737 677 absconch

335 708 756 760 consummata:
789 704 1172 776 perfectaeque
1192 706 1551 776 virtutis,qui
1583 706 1840 777 potuerit
1863 722 1982 761 rne-
2095 708 2162 761 ab
2192 710 2363 764 oculis
2393 711 2569 763 omnis
2599 709 2751 765 8.12
2784 710 3010 763 viventis
3060 711 3177 775 (Job
3223 727 3420 777 xxvm,
3468 711 3583 777 21).
3623 706 3731 765 Ubi

333 793 551 849 morias
582 793 827 848 vendere
860 798 1247 862 mortuorum.
1282 795 1479 850 Sciant
1506 795 1705 867 igitur,
1739 796 1840 867 qui
1889 812 1980 851 se-
2092 813 2248 852 nunc
2278 798 2555 861 diximus,
2587 795 2957 866 abscondetur,
2984 796 3044 851 in
3093 797 3329 853 Hebraeo
3360 802 3595 870 propter
3631 798 3731 853 de-

335 880 541 953 pulora
571 883 717 938 341
758 882 1081 951 venditant,
1132 888 1187 939 et
1230 901 1345 939 non
1394 890 1698 957 coguntur,
1734 889 1796 940 ut
1826 886 1977 941 acci-
2090 885 2462 942 clinationem
2494 887 2655 941 verbi
2687 885 2852 940 aliter
2880 886 3218 957 ﬁguratum,
3244 871 3728 957 NAALMA(m35YJ)

323 971 489 1042 piant
522 971 956 1043 pretium,seda
978 971 1309 1028 nolentibus
1338 990 1570 1046 quoque
1604 980 1970 1046 extorquent,
2087 975 2319 1030 dicitur.
2355 975 2496 1031 Huic
2530 975 2668 1047 quid
2709 974 2919 1042 simile,
2970 973 3105 1029 licet
3150 975 3476 1031 masculino
3520 990 3728 1047 genere

322 1059 625 1117 immutari
656 1077 871 1116 nomen
905 1078 1100 1123 suum.
1136 1067 1191 1117 et
1221 1063 1407 1133 perire
1452 1063 1591 1135 quid
1641 1063 1713 1118 de
1765 1064 1972 1119 merito
2084 1063 2423 1131 declinelur,
2458 1069 2515 1119 et
2543 1066 2603 1120 in
2635 1064 2965 1135 Regnorum
2997 1062 3166 1117 libris
3195 1063 3483 1135 scriptum
3514 1069 3627 1130 est,
3660 1080 3729 1119 ex

322 1164 550 1215 eorum,
578 1165 711 1205 cum
745 1150 923 1206 etiam
954 1149 1051 1207 ille
1078 1152 1536 1222 reprehendatur
1584 1152 1830 1215 occulte.
1867 1154 1968 1225 qui
2081 1169 2328 1224 persona
2381 1153 2568 1208 Eliszsi
2631 1152 2923 1223 loquentis
2981 1151 3051 1205 ad
3112 1151 3308 1207 Giezi:
3349 1153 3416 1207 Et
3461 1154 3729 1209 Dominus

322 1236 543 1295 invitus
575 1240 879 1309 acceperit.
2077 1242 2351 1297 abscondit
2380 1259 2414 1296 a
2441 1259 2527 1297 me
2558 1242 2647 1313 (IV
2671 1247 2806 1313 Reg.
2864 1257 2941 1306 IV,
2993 1241 3107 1311 27).
3162 1241 3307 1312 Ergo
3336 1257 3511 1313 ALMA,
3568 1243 3723 1313 quod

389 1330 549 1399 (Cap.
581 1328 765 1383 XXIV.
801 1360 868 1369 -——
899 1330 1064 1385 Vers.
1104 1330 1183 1399 9.)
1233 1332 1302 1385 Et
1352 1331 1548 1401 posuit
1595 1348 1798 1387 servus
1843 1348 1964 1387 ma-
2075 1329 2490 1402 interpretatur
2526 1330 2859 1395 abscondita,
2890 1329 2948 1383 id
2982 1333 3091 1395 est,
3130 1328 3313 1401 virgo,
3363 1328 3545 1385 nimia
3589 1329 3724 1385 dili-

320 1432 462 1471 num
494 1434 661 1473 suam
694 1418 807 1473 sub
841 1419 1057 1474 femore
1088 1420 1329 1475 Abrahae
1362 1420 1584 1475 domini
1617 1421 1729 1487 sui,
1764 1427 1819 1475 et
1859 1421 1963 1490 ju-
2072 1419 2270 1490 gentia
2300 1420 2611 1489 custodita,
2637 1419 2880 1489 majoris
2910 1416 3057 1472 mihi
3086 1416 3318 1473 videtur
3349 1417 3541 1474 laudis
3564 1434 3723 1488 esse,

318 1504 468 1561 ravit
495 1506 545 1561 ei
576 1522 756 1578 super
782 1508 956 1562 verbo
988 1508 1115 1563 hoc.
1152 1538 1220 1547 —
1248 1509 1509 1563 Tradunt
1539 1508 1779 1567 Hebraei.
1805 1510 1960 1580 quod
2072 1524 2247 1580 quam
2278 1508 2461 1580 virgo.
2495 1508 2670 1579 Virgo
2703 1507 2922 1579 quippe
2943 1506 3111 1575 juxta
3138 1505 3484 1577 Apostolum
3533 1511 3727 1578 potest

337 380 517 453 ιωκ
1572 387 1638 453 S.
1684 383 1996 452 EUSEBII
2036 384 2516 458 HIEBONYMI.

315 1592 375 1648 in
404 1596 864 1652 sanctiﬁcatione
909 1599 1057 1668 ejus,
1108 1596 1217 1652 hoc
1264 1601 1369 1657 est.
1414 1597 1470 1651 in
1516 1598 1959 1654 circumcisione

305 1682 613 1754 juraverit.
639 1686 755 1740 Nos
800 1690 995 1741 autem
1042 1685 1312 1747 dicimus.
1339 1687 1575 1755 jurassc
1605 1703 1738 1742 cum
1771 1687 1828 1741 in
1862 1704 1956 1743 se-

312 1773 469 1829 mine
498 1773 766 1841 Abrahae,
799 1774 908 1830 hoc
939 1779 1045 1840 est,
1075 1775 1133 1829 in
1163 1774 1411 1837 Christo.
1444 1776 1543 1847 qui
1588 1793 1654 1830 ex
1705 1776 1802 1831 illo
1852 1794 1953 1831 na-

312 1860 569 1917 sciturus
618 1863 959 1933 erat,juxta
1006 1861 1433 1933 Evangelistam
1480 1863 1833 1931 Matthzeum,
1872 1866 1951 1919 lo-

311 1953 589 2017 quentem
622 1968 635 2005 :
668 1950 831 2005 Liber
857 1953 1231 2024 generationis
1283 1954 1407 2008 Jesu
1446 1953 1647 2008 Christi
1691 1955 1801 2023 ﬁlii
1849 1956 1958 2009 Da-

307 2037 399 2095 vid
421 2037 528 2107 ﬁlii
557 2039 837 2094 Abraham
860 2040 1059 2096 Matth.
1095 2059 1131 2107 ι,
1169 2042 1242 2108 1).

380 2127 567 2197 (Vers.
602 2128 715 2199 12.)
745 2150 773 2179 ‹‹
807 2130 875 2183 Et
921 2129 1052 2185 tulit
1104 2130 1193 2185 vir
1236 2130 1503 2185 inaurem
1554 2147 1811 2191 auream.
1866 2130 1957 2186 di-

306 2214 653 2304 drucbmum
685 2218 914 2288 pondus
946 2220 1095 2289 ejus.
1134 2242 1160 2267 ››
1191 2218 1341 2274 ΒΑοε
1363 2220 1551 2304 (ypz).
1584 2222 1737 2292 quod
1766 2221 1822 2276 in
1847 2220 1955 2276 hoc

302 2303 430 2363 loco
461 2320 564 2377 pro
595 2306 914 2361 didrachmo
942 2308 1238 2371 scribitur,
1274 2309 1601 2364 semiuncia
1631 2313 1719 2363 est
1746 2327 1757 2364 :
1786 2327 1955 2365 δείξει.

302 2378 478 2481 (δρψ)
509 2411 641 2451 vero
672 2396 771 2467 qui
804 2396 1007 2453 Latino
1040 2413 1309 2453 sermone
1336 2399 1506 2452 siclus
1535 2403 1805 2470 corrupte
1845 2415 1952 2470 ap-

301 2483 569 2555 pellatur,
602 2485 790 2541 uncize
822 2486 837 2520 ¹
871 2487 1099 2558 pondus
1131 2487 1325 2543 habet.

373 2574 557 2644 (Vers.
590 2575 703 2645 43.)
735 2598 763 2624 ‹‹
797 2576 941 2632 Ecce
991 2592 1098 2646 ego
1145 2582 1235 2632 sto
1286 2593 1462 2649 super
1508 2577 1726 2632 fontem
1760 2594 1946 2649 aquae,

299 2660 519 2717 etﬁlias
549 2662 858 2719 hominum
889 2664 1138 2720 civitatis
1170 2665 1542 2737 egredientur
1571 2666 1643 2720 ad
1675 2666 1947 2721 haurien-

298 2750 435 2805 dam
467 2766 682 2821 aquam
711 2769 723 2806 :
758 2755 815 2806 et
844 2752 958 2807 erit
978 2752 1107 2824 virg
1128 2774 1163 2821 π,
1198 2754 1289 2809 cui
1321 2771 1427 2826 ego
1458 2754 1675 2815 dixero.
1697 2754 1771 2809 da
1801 2754 1944 2808 mihi

297 2837 499 2895 bibere
545 2838 853 2912 paululum
910 2858 1073 2911 aqua:
1131 2842 1201 2896 de
1249 2841 1455 2913 hydria
1501 2847 1621 2905 tua.
1670 2866 1695 2891 η
1740 2847 1849 2897 etc.
1880 2843 1943 2897 In

300 2926 541 2991 Hebraeo
572 2927 859 3000 scriptum
891 2933 981 2983 est
1012 2946 1024 2985 :
1062 2952 1090 2978 «
1124 2930 1266 2985 Ecce
1296 2947 1401 3001 ego
1433 2935 1595 2987 stans
1616 2933 1784 3003 juxta
1817 2931 1941 2986 fon-

293 3018 412 3071 tem
463 3033 652 3088 aquae,
702 3021 759 3072 et
805 3017 914 3072 erit
962 3017 1413 3085 adolescentula,
1448 3037 1571 3091 qure
1616 3019 1944 3092 egredietur

297 3104 370 3160 ad
402 3104 792 3164 hauriendum
829 3123 841 3164 :
874 3111 931 3162 et
961 3107 1158 3164 dixero
1188 3109 1261 3177 ei,
1295 3110 1379 3165 Da
1407 3110 1549 3165 mihi
1576 3110 1772 3166 bibere
1802 3127 1942 3181 pau-

296 3191 485 3250 lulum
518 3213 685 3269 aquas
720 3197 791 3252 de
823 3196 1029 3269 hydria
1057 3201 1177 3268 tua,
1217 3220 1244 3247 »
1276 3204 1332 3254 et
1362 3204 1587 3255 caetera.
1619 3202 1728 3255 Pro
1756 3199 1937 3254 adole-

295 3285 541 3345 scentulo
570 3302 821 3357 quoque,
856 3303 983 3357 quae
1013 3287 1207 3344 Graaco
1253 3304 1521 3343 sermone
1564 3289 1740 3349 νεανὶς
1788 3288 1934 3343 dici-

290 3372 498 3427 tur.ibi
529 3372 786 3445 legimus
815 3391 970 3430 ALMA
999 3360 1209 3446 (37253:)
1240 3378 1278 3436 ².
1307 3378 1461 3448 quod
1492 3378 1730 3448 quidem
1770 3382 1829 3433 et
1872 3378 1933 3432 in

291 3459 445 3516 Isaia
490 3460 759 3517 habetur.
795 3462 939 3517 Nam
969 3463 1026 3518 in
1062 3481 1127 3519 eo
1158 3464 1282 3520 loco
1316 3466 1413 3521 ubi
1442 3466 1502 3520 in
1535 3466 1719 3522 nostri
1770 3466 1934 3521 codi-

290 3548 458 3604 cibus
488 3550 773 3623 scriptum
805 3556 893 3607 est
924 3568 937 3605 :
973 3553 1101 3607 Ecce
1146 3556 1293 3624 virgo
1340 3556 1622 3625 concipiet,
1661 3559 1712 3610 et
1752 3557 1933 3626 pariet

289 3636 422 3708 (Isa.
453 3656 552 3706 vn,
586 3640 694 3711 14).
726 3640 938 3711 Aquila
967 3641 1270 3698 transtulit
1308 3659 1321 3696 :
1353 3644 1488 3699 Ecce
1531 3644 1934 3699 adolescentuta

287 3729 570 3799 concipiet,
599 3732 651 3784 et
677 3731 878 3801 pariet.
934 3731 999 3785 In
1049 3729 1286 3787 Hebraeo
1329 3730 1545 3803 legitur
1576 3750 1589 3789 :
1624 3735 1753 3787 Ecce
1782 3734 1933 3788 alma

284 3818 568 3888 concipiet,
600 3826 651 3873 et
677 3821 875 3891 pariet.
908 3819 1244 3877 Notandum
1293 3837 1452 3893 ergo,
1487 3822 1637 3893 quod
1686 3822 1929 3877 verbum

286 3906 435 3962 alma
463 3908 504 3973 ⁵,
536 3923 839 3980 nunquam
890 3908 1000 3962 nisi
1053 3908 1122 3963 de
1171 3908 1393 3983 virgine
1421 3909 1714 3981 scribitur,
1748 3915 1804 3966 et
1836 3911 1931 3965 ha-

285 3993 382 4052 bet
434 3996 845 4069 etymologiam
906 3996 1237 4075 ἀπόκρυφος,
1312 3999 1371 4054 id
1444 4004 1534 4055 est
1592 3999 1925 4055 abscondita.

356 4154 688 4236 {Equidem
717 4157 956 4236 rescribi
1004 4158 1203 4236 malim
1250 4163 1568 4236 semiuncia
1616 4177 1629 4216 :
1666 4161 1928 4233 quando-

283 4227 522 4353 quidem
542 4243 614 4282 ex
642 4227 770 4299 ipso
799 4232 1028 4284 constat
1058 4230 1644 4301 Hieronymo,siclum
1678 4227 1930 4303 quatuor

326 4297 583 4353 rachmis
610 4298 973 4353 aeuuivalere.
1006 4306 1133 4353 octo
1164 4318 1296 4353 vero
1328 4303 1639 4353 drachmas
1692 4304 1926 4353 unciam

326 4297 583 4353 rachmis
610 4297 973 4370 sequivalere,
1006 4306 1133 4355 octo
1164 4297 1296 4356 vero
1328 4297 1639 4359 drachmas
1692 4297 1926 4357 unciam

283 4370 567 4445 coniicere
611 4368 1039 4445 in'Qomment.
1091 4373 1149 4426 in
1206 4373 1461 4429 Erechiel
1506 4392 1632 4445 cap.
1668 4392 1740 4429 xv.
1778 4398 1803 4424 ‹‹
1833 4375 1927 4428 Si-

282 4439 427 4513 clus,
462 4440 674 4513 inquit,
704 4442 759 4497 id
793 4447 901 4509 est,
935 4446 1118 4498 stater
1165 4448 1417 4513 quatuor
1463 4439 1776 4501 draéhmas
1825 4446 1926 4500 ba-

282 4512 379 4588 bet
425 4512 715 4584 Josephus
744 4513 942 4588 lib._m
975 4512 1243 4584 Antiquit.
1277 4530 1403 4588 cap.
1438 4518 1490 4581 9,
1526 4516 1736 4572 siclum
1788 4534 1926 4587 pcn-

279 4582 417 4657 dere
442 4582 695 4657 quatuor
722 4585 1037 4641 drachmas
1087 4582 1326 4647 Atticas.
1350 4582 1478 4642 'hoc
1526 4596 1633 4653 est,
1668 4582 1925 4644 semiun-

279 4628 809 4729 ciamrproﬁtetur.
835 4658 1090 4729 Denique
1113 4658 1487 4714 notissimum
1510 4633 1651 4715 illud
1674 4660 1879 4717 Fannii
1909 4675 1921 4715 :
1955 4628 2004 4694 D

370 4781 536 4832 Uncia
566 4781 622 4832 ﬁt
649 4780 914 4831 drachmis
933 4780 1014 4830 bis
1046 4785 1296 4893 quatuor,
1326 4785 1470 4833 unde
1497 4785 1794 4847 putandum

370 4845 671 4893 Grammata
701 4844 858 4893 dicta.
894 4844 1037 4893 quod
1086 4860 1181 4893 nec
1208 4846 1394 4893 viginti
1426 4861 1658 4893 uuaumr
1687 4849 1739 4893 in
1772 4863 1794 4893 ς

369 4845 671 4909 grammati;
701 4844 858 4903 dicta,
894 4844 1037 4909 quod
1055 4844 1181 4909 bam
1208 4846 1394 4908 viginti
1426 4844 1658 4909 quatuor
1687 4849 1739 4895 in
1772 4862 1827 4895 se

372 4907 538 4956 Uncia
569 4907 749 4965 habet,
774 4910 853 4956 tot
873 4907 1013 4955 enim
1046 4907 1229 4956 formis
1261 4924 1361 4957 vox
1391 4907 1573 4958 nostra
1596 4914 1825 4966 notatur,

372 4970 526 5019 Horis
555 4974 685 5034 quot
713 4970 945 5018 mundus
977 4972 1177 5034 peragit
1203 4975 1523 5035 noctemque
1554 4972 1818 5034 diemque.

273 5086 547 5158 Attamen
580 5083 725 5158 nihil
757 5088 920 5158 muto
952 5084 1176 5155 absque
1208 5101 1350 5158 mss.
1379 5085 1685 5158 suffragio,
1719 5090 1777 5141 et
1799 5103 1918 5141 ma-

272 5152 427 5209 xime
456 5172 590 5211 cum
621 5156 706 5211 ita
734 5154 1019 5226 scriptum
1053 5152 1345 5229 memoriae
1375 5157 1541 5229 lapsu
1573 5152 1678 5213 abs
1718 5158 1921 5213 Hiero-

273 5241 452 5300 nymo
480 5231 701 5300 putem.
736 5232 837 5300 aut
886 5231 1061 5300 certe.
1113 5226 1176 5300 si
1211 5226 1585 5284 librariorum
1617 5229 1790 5300 culpa
1821 5229 1921 5294 sit,

265 5295 666 5371 jamdiupolim
699 5297 1038 5371 obtinuerit.
1072 5298 1296 5371 Quippe
1326 5300 1408 5355 ita
1437 5300 1494 5354 in
1525 5295 1921 5371 Hieronymia—

273 5367 368 5421 nis
398 5368 699 5423 codicibus
733 5368 868 5441 legit
896 5369 1152 5441 Isidorus
1185 5367 1419 5441 quoque
1450 5372 1665 5441 Origin.
1695 5367 1917 5439 lib.xvr,

273 5455 398 5508 cap.
431 5441 501 5493 24
533 5456 546 5494 :
588 5462 609 5487 α
644 5439 822 5499 Seccl.
859 5439 955 5510 qui
1009 5439 1217 5495 Latino
1259 5439 1756 5499 sermone‘siclus
1790 5459 1919 5497 cor-

273 5515 441 5581 rUptc
492 5510 836 5582 appellatur.
901 5512 1206 5566 Hebraeum
1255 5531 1465 5568 nomen
1529 5521 1635 5575 est.
1698 5515 1920 5569 habens

275 5582 429 5652 apud
460 5598 558 5637 eos
590 5585 773 5636 uncia}
806 5583 1054 5652 pondus.
1091 5604 1117 5629 ››

342 5654 363 5686 ²
385 5653 593 5727 Plures
622 5653 1062 5727 mss.‘primum
1097 5658 1141 5705 Α
1174 5653 1489 5727 geminant.
1514 5655 1607 5709 alii
1644 5660 1920 5727 prmlereu

272 5724 555 5814 8‘spirant.
592 5725 732 5814 Υἱός)
762 5725 979 5814 librum
1012 5730 1216 5814 contra
1248 5726 1575 5814 Helvidium
1608 5724 1842 5796 num.l,
1865 5735 1922 5784 et

308 5793 741 5869 n_propositum
772 5794 906 5853 Isai.
939 5793 1134 5851 locum
1166 5795 1648 5855 Commentarios.

2069 1613 2197 1651 esse
2228 1614 2487 1668 corpore.
2521 1601 2577 1652 et
2608 1613 2721 1651 non
2755 1596 2989 1667 spiritu.
3018 1595 3376 1651 Abscondita
3403 1610 3560 1661 vero,
3593 1610 3721 1666 quas

2066 1686 2227 1757 virgo
2276 1691 2385 1753 est,
2419 1684 2658 1739 ἐπίτασιν
2698 1685 3168 1757 (incrementum)
3211 1684 3569 1753 virginitatis
3615 1684 3721 1739 ha-

2066 1774 2181 1842 bet,
2216 1779 2279 1829 ut
2308 1779 2364 1831 et
2392 1775 2554 1845 virgo
2585 1774 2680 1840 sit,
2712 1778 2768 1829 et
2794 1773 3158 1828 abscondita.
3193 1774 3260 1827 Et
3302 1789 3431 1844 qua;
3470 1773 3717 1828 abscon-

2068 1863 2191 1917 dita
2219 1868 2325 1930 est,
2352 1865 2521 1934 juxta
2549 1862 2770 1918 idioma
2798 1862 3009 1933 linguae
3048 1862 3321 1923 Hebraeae.
3356 1877 3714 1933 consequen-

2067 1956 2155 2007 ter
2184 1955 2241 2007 et
2268 1952 2429 2025 virgo
2461 1957 2577 2020 est;
2612 1969 2739 2023 quae
2774 1955 2969 2007 autem
2998 1950 3181 2022 virgo,
3217 1967 3332 2005 non
3384 1950 3583 2006 statim
3631 1966 3716 2007 se-

2068 2042 2290 2111 quitur,
2325 2046 2390 2095 ut
2419 2041 2765 2097 abscondita
2797 2041 2893 2095 sit.
2926 2040 3043 2095 Hoc
3077 2039 3231 2094 idem
3264 2040 3509 2095 verbum
3552 2043 3608 2094 et
3655 2039 3712 2094 in

2067 2130 2260 2185 Exodo
2306 2130 2378 2185 de
2425 2129 2608 2185 Maria
2653 2146 2851 2185 sorore
2893 2127 3069 2201 Moysi
3121 2127 3347 2201 virgine
3395 2130 3416 2161 ⁵
3464 2128 3711 2198 legimus

2066 2220 2256 2289 (Exod.
2287 2237 2347 2276 ιι.
2381 2220 2457 2287 8).
2492 2220 2816 2274 Ostendant
2844 2218 3025 2290 igitur
3052 2216 3237 2273 Judaei
3284 2217 3343 2271 in
3394 2215 3713 2289 Scripturis

2063 2304 2278 2363 alicubi
2307 2309 2567 2380 positum
2600 2325 2774 2375 sum,
2814 2307 2915 2363 ubi
2962 2307 3428 2363 adolescentulam
3456 2309 3707 2373 tantum,

2062 2402 2121 2452 et
2148 2413 2262 2452 non
2295 2399 2568 2468 virginem
2618 2401 2785 2451 sonet
2837 2414 2849 2451 :
2896 2400 2953 2450 et
3001 2393 3376 2450 concedimus
3418 2388 3525 2463 eis,
3558 2393 3705 2448 illud

2062 2486 2217 2558 quod
2250 2486 2307 2540 in
2343 2486 2493 2541 Isaia
2521 2487 2675 2558 apud
2729 2502 2834 2539 nos
2886 2484 3105 2539 dicitur
3136 2501 3149 2539 :
3181 2484 3312 2539 Ecce
3338 2485 3491 2554 virgo
3528 2485 3708 2539 conci-

2055 2577 2193 2646 piet,
2223 2579 2274 2631 et
2299 2577 2502 2647 pariet,
2535 2591 2649 2631 non
2682 2573 3086 2629 absconditam
3116 2572 3541 2645 virginem,seu
3566 2572 3706 2627 ado-

2060 2664 2440 2721 lescentulam
2474 2664 2804 2736 signiﬁcare
2840 2664 2962 2734 jam
2994 2666 3259 2734 nuptam.

2126 2797 2309 2868 (Vers.
2343 2799 2458 2866 59.)
2489 2820 2517 2846 ‹‹
2558 2799 2626 2853 Et
2673 2796 3028 2852 dimiserunt
3075 2795 3393 2853 Rebeccam
3441 2811 3701 2850 sororem

2054 2903 2244 2954 suam,
2278 2892 2333 2942 et
2364 2886 2757 2942 substantiam
2790 2886 2938 2956 ejus,
2972 2889 3027 2939 et
3053 2900 3283 2939 servum
3318 2881 3703 2949 Abraham,et

2050 2975 2203 3030 viros
2234 2976 2334 3047 qui
2365 2992 2499 3032 eum
2532 2992 2598 3030 eo
2628 2978 2811 3030 erant.
2849 2996 2875 3022 »
2912 2973 2973 3028 In
3022 2972 3260 3028 Hebrazo
3307 2971 3523 3028 habet:
3557 2994 3584 3021 ‹‹
3631 2976 3701 3027 Et

2049 3064 2401 3120 dimiserunt
2432 3065 2750 3120 Rebeccam
2784 3079 3042 3118 sororem
3074 3077 3265 3131 suam,
3313 3065 3370 3116 et
3412 3060 3695 3116 nutricem

2048 3154 2198 3225 ejus,
2246 3158 2303 3208 et
2350 3170 2585 3208 servum
2634 3151 2899 3220 Abrahze,
2951 3155 3009 3206 et
3060 3151 3214 3206 viros
3261 3147 3442 3205 illius.
3480 3150 3695 3204 Decens

1968 3255 2011 3322 ρ
2050 3242 2266 3314 quippe
2289 3247 2429 3311 erat,
2456 3246 2519 3297 ut
2545 3243 2615 3295 ad
2650 3241 2883 3311 nuptias
2914 3241 3135 3311 absque
3167 3238 3506 3310 parentibus
3535 3238 3697 3311 virgo

2048 3331 2442 3403 proﬁciscens,
2476 3328 2725 3386 nutricis
2758 3328 2965 3385 solatio
2997 3329 3305 3384 foveretur.

2113 3463 2302 3536 (Vers.
2356 3463 2427 3517 62
2473 3465 2529 3518 et
2570 3462 2686 3534 63.)
2742 3483 2768 3515 ι
2819 3462 2885 3516 Et
2933 3459 3059 3532 ipse
3107 3459 3412 3515 habitabat
3442 3460 3504 3515 in
3535 3461 3689 3516 terra

2045 3554 2236 3610 Austri
2273 3569 2285 3609 :
2317 3557 2374 3608 et
2404 3568 2675 3624 egressus
2698 3554 2787 3606 est
2816 3554 2977 3606 Isaac
3008 3548 3258 3605 exerceri
3291 3549 3350 3603 in
3382 3564 3589 3620 campo
3617 3548 3691 3603 ad

2039 3659 2367 3714 vesperam.
2412 3666 2432 3694 ι
2468 3641 2646 3697 Terra
2674 3639 2892 3704 Austri,
2926 3639 3202 3696 Geraram
3235 3636 3449 3710 signat,
3475 3637 3631 3693 unde
3655 3654 3690 3692 a

2039 3737 2203 3804 patre
2230 3732 2303 3787 ad
2335 3729 2765 3786 immolandum
2798 3728 3096 3800 quondam
3145 3727 3332 3783 fuerat
3370 3725 3684 3785 adductus.

2039 3821 2199 3886 Quod
2231 3824 2429 3876 autem
2462 3818 2562 3886 ait,
2596 3820 2659 3872 Et
2697 3833 2941 3889 egressus
2986 3825 3082 3881 est,
3132 3821 3194 3871 ut
3239 3823 3581 3871 exerceretur
3627 3817 3688 3870 in

2036 3925 2243 3979 campo,
2290 3910 2443 3979 quod
2488 3908 2681 3963 Greece
2721 3907 2957 3974 dicitur,
3003 3900 3375 3979 ἀδολεσχῆσαι
3404 3904 3444 3973 ⁵,
3478 3902 3537 3959 in
3564 3907 3675 3960 He-

2039 3999 2191 4053 brst
2235 3995 2491 4069 legitur:
2535 3997 2601 4050 Et
2649 4011 2893 4064 egressus
2938 4002 3014 4050 est
3064 3996 3233 4060 Isaac,
3270 3997 3330 4048 ut
3378 3993 3687 4063 loqueretur

2108 4159 2129 4190 ³
2156 4156 2305 4226 Quod
2338 4156 2555 4211 verbum
2586 4157 2753 4219 alma,
2784 4158 2907 4226 etc.
2936 4154 3197 4225 Idipsum
3249 4151 3688 4226 cum_afﬁrma'-

2038 4246 2159 4285 rem
2174 4223 2465 4283 adversus
2488 4228 2779 4282 doctorem
2814 4223 3116 4281 Hebraeum
3141 4224 3376 4281 nomine
3400 4223 3680 4295 Moysem,

2038 4299 2485 4372 responditiille,
2519 4297 3196 4372 Proverbiorumeapite
3244 4293 3536 4372 tricesimo
3568 4293 3681 4372 legi

2039 4314 2337 4372 respondit
2368 4314 2485 4366 me,
2519 4314 2959 4352 rrovermorum
3006 4314 3196 4423 easne
3244 4314 3536 4351 tricesimo
3568 4314 3679 4366 legi

2039 4389 2249 4427 nomen
2296 4371 2480 4435 Alma,
2541 4370 2694 4440 quod
2738 4367 2990 4440 “mulieri
3040 4386 3074 4424 a
3119 4368 3314 4423 ulteras
3365 4366 3679 4440 tribuatur.

2036 4444 2141 4498 Sed
2172 4443 2351 4513 hujus
2384 4437 2597 4496 erroris
2620 4439 2825 4513 facilis.
2845 4440 3187 4513 ,contutatio
3219 4443 3309 4495 est
3336 4455 3404 4494 ex
3434 4437 3561 4508 ipso
3586 4438 3686 4513 lle-

2040 4496 2567 4570 braicoucontextu.
2607 4512 2702 4566 ubi
2747 4496 2959 4575 W553]:
2988 4511 3199 4567 bealma
3243 4496 3573 4581 separatum
3607 4506 3685 4563 le-

2079 4587 2195 4641 itur
2221 4589 2436 4657 puncto
2468 4584 2669 4639 silouc.
2724 4585 2794 4636 ab
2843 4584 2915 4637 iis
2963 4599 3094 4657 quas
3131 4580 3410 4657 dicuntur
3438 4580 3510 4636 de
3555 4596 3685 4657 mu-

2079 4603 2195 4641 Itur
2221 4603 2436 4657 puncno
2468 4603 2669 4639 SllOUG.
2724 4603 2794 4636 ili)
2844 4603 2915 4637 llS
2963 4603 3094 4654 quas
3131 4603 3410 4638 αιοιωιιιι·
3438 4603 3510 4636 (ιδ
3556 4603 3685 4635 ωυ-

2037 4603 2176 4738 ﬁere
2206 4655 2490 4738 adultera.
2520 4659 2675 4738 .Vera
2705 4659 2795 4708 est
2823 4671 2960 4724 ergo
3000 4653 3457 4738 liieronyiniana
3502 4651 3685 4738 adlue-

2035 4729 2199 4787 tatio.
2230 4728 2451 4783 verbum
2475 4727 2623 4780 alma
2652 4742 2939 4795 nunquam
2956 4727 3071 4781 nisi
3090 4726 3155 4781 de
3174 4725 3387 4796 virgine
3414 4725 3685 4794 scriptum

2036 4803 2096 4855 in
2125 4817 2296 4856 SllCl‘lS
2323 4798 2617 4853 codicibus.
2654 4797 2942 4863 MAR’I‘IAN,

2103 4873 2122 4905 ⁵
2154 4869 2444 4925 Victorius
2476 4868 2795 4938 rescripsit,
2832 4869 2891 4922 in
2927 4867 3022 4924 Job
3072 4867 3135 4922 de
3180 4868 3474 4939 sapientia.
3536 4863 3686 4939 Unde

2034 4945 2363 5005 invenietur,
2397 4945 2528 5009 etc.,
2562 4957 2694 4995 cum
2744 4944 2915 4994 antea
2963 4943 3137 5009 esset,
3170 4938 3359 4993 in’Job
3388 4942 3440 4993 et
3467 4938 3689 5007 sapien-

2038 5017 2143 5070 tia.
2175 5018 2285 5069 etc.

2105 5056 2319 5141 i’ﬁniis
2351 5083 2555 5155 Regia.
2584 5098 2697 5155 ms.
2728 5081 2792 5155 de
2831 5083 3013 5138 Maria
3061 5096 3243 5155 sorore
3290 5080 3460 5151 Moysi
3500 5076 3687 5155 adhuc

2030 5158 2243 5227 virgine
2271 5176 2292 5211 ,ο
2318 5162 2375 5212 et
2405 5148 2579 5227 paulo
2611 5152 2856 5209 inferius
2886 5152 3233 5208 concedemus
3283 5148 3390 5225 pro
3433 5148 3685 5207 concedi-

2038 5245 2183 5284 mus.

2100 5300 2121 5333 δ
2155 5300 2309 5354 Idem
2344 5313 2514 5368 porro
2546 5296 2789 5351 verbum
2818 5290 3191 5368 ἀδολεσχῆσαι
3220 5309 3324 5365 pro
3355 5293 3521 5368 loqui,
3541 5290 3687 5368 -_sive

2030 5362 2577 5443 confabulationibus
2652 5374 2863 5443 tempus
2888 5362 3241 5443 iitraiisigere
3264 5441 3269 5443 Α
3296 5362 3471 5443 ειριιὲὶτ
3533 5362 3687 5443 Grai:

2031 5419 2146 5497 es;
2161 5419 2498 5512 "Sessias;
2519 5419 2854 5512 messes;
2884 5419 3165 5512 nassa
3192 5419 3312 5512 ea.
3334 5419 3680 5512 ξτηςει),‹ιαοει

2030 5518 2201 5591 sonat
2244 5506 2522 5591 meditari,
2556 5516 2659 5565 aut
2705 5510 2882 5564 multa
2929 5508 3356 5591 consideratione
3383 5506 3671 5562 disserere.

2034 5586 2164 5640 Mox
2199 5601 2351 5639 unus
2386 5584 2615 5654 Regina:
2650 5598 2758 5635 ms.
2783 5589 2831 5635 et
2854 5597 2981 5654 cum
3008 5585 3185 5636 Isaac.

2104 5688 2169 5697 —-
2200 5657 2260 5709 Et
2284 5650 2527 5723 egressus
2558 5657 2660 5724 est,
2684 5655 2855 5717 Isaac,
2878 5660 2936 5706 ut
2956 5653 3270 5724 loqueretur
3290 5651 3356 5724 in
3375 5663 3534 5724 agro,
3561 5650 3680 5724 etc.

2032 5729 2095 5782 In
2129 5709 2364 5784 Hebraeo
2389 5733 2481 5782 est
2526 5709 2683 5785 mes
2734 5709 2988 5791 tasuahh,
3020 5709 3189 5795 quod
3212 5709 3685 5792 meditaiiptgelo-

2031 5800 2146 5871 qui,
2181 5796 2684 5872 sive‘confubulari
2712 5795 3028 5867 signiﬁcat.
3060 5796 3354 5853 ΜΑΒΤΙΑΝ.
3437 5848 3448 5860 ,
3666 5809 3671 5812 ·
3730 5830 3731 5835 η
