3992 6408
354 362 515 425 im

1578 365 1644 427 S.
1691 360 2004 428 EUSEBII
2046 360 2516 428 HIERONYMI.

3600 363 3765 430 {OB

359 496 577 551 deatur
618 510 921 567 exponere,
967 509 1034 551 eo
1084 496 1239 567 quod
1288 495 1421 553 luce
1470 502 1525 553 et
1572 498 1685 552 diei
1734 498 2007 568 operibus
2038 499 2089 565 Α
2123 499 2433 569 ptuagiuta
2463 499 2807 568 interpretes
2850 500 3174 568 posuerunt
3228 494 3508 574 ἐσκίρτων,
3538 497 3598 554 id
3643 500 3761 567 est,

357 582 606 656 plenus‘
663 584 1033 640 occubuerit:
1092 590 1287 641 tamen
1339 586 1528 658 magis
1574 587 1644 640 ad
1701 603 1999 659 anagogen

353 673 513 742 facit,
547 674 596 729 si
628 672 981 745 simpliciter
1011 679 1264 745 ponatur
1288 676 1503 746 plenus.

425 764 614 833 (Vers.
650 762 867 832 13-18.)
899 763 1057 818 845
1093 786 1119 813 «
1162 764 1231 819 Et
1276 764 1398 820 hinc
1452 762 1691 819 nomina
1742 762 1999 819 ﬁliorum

352 850 565 907 Ismael
619 850 678 906 in
740 851 1081 908 nominibus
1136 852 1260 907 suis
1310 857 1367 908 et
1407 853 1465 907 in
1524 853 2000 924 generationibus

351 939 498 997 suis.
534 963 556 992 ι
596 938 1029 1011 Primogenitus
1071 940 1335 996 Ismaelis
1366 941 1674 1012 Nabajoth,
1707 947 1764 997 et
1793 941 1995 1009 Cedar,

348 1033 405 1085 et
433 1027 864 1100 reliqui,usque
893 1030 964 1084 ad
997 1045 1133 1085 eum
1168 1032 1359 1085 locum
1393 1030 1492 1086 ubi
1524 1030 1638 1086 ait:
1675 1053 1702 1080 ‹‹
1738 1031 1808 1085 Et
1837 1030 1999 1086 habi-

346 1120 619 1173 taverunt
671 1117 743 1172 ab
802 1116 963 1172 Evila
1018 1134 1209 1189 usque
1264 1118 1396 1185 Sur,
1456 1135 1584 1190 quae
1651 1123 1740 1173 est
1795 1123 1997 1174 contra

345 1206 557 1261 faciem
588 1205 812 1278 Egypti
838 1205 1206 1262 venientibus
1243 1206 1300 1261 in
1332 1206 1624 1279 Assyrios,
1656 1207 1718 1262 in
1748 1223 1993 1279 conspe-

340 1298 439 1349 ctu
473 1294 741 1349 omnium
772 1295 1017 1351 fratrum
1066 1312 1310 1351 suorum
1357 1295 1582 1352 cecidit.
1610 1314 1637 1347 ιι
1675 1297 1991 1351 Duodecim

339 1380 441 1436 ﬁlii
507 1388 831 1439 nascuntur
888 1383 1141 1453 Ismaeli,
1202 1402 1232 1440 e
1286 1385 1505 1456 quibus
1562 1384 1990 1456 primogenitus

336 1470 450 1525 fuit
506 1471 815 1542 Nabajoth,
848 1489 883 1527 a
938 1489 1054 1544 quo
1108 1474 1300 1529 omnis
1360 1473 1518 1545 regio
1577 1474 1648 1528 ab
1695 1472 1989 1545 Euphrate

341 1576 529 1631 usque
559 1560 633 1615 ad
665 1577 824 1616 mare
875 1560 1143 1616 Rubrum
1196 1561 1538 1616 Nabathena
1596 1576 1784 1631 usque
1817 1560 1988 1616 hodie

336 1647 552 1705 dicitur
579 1650 621 1716 ²,
658 1666 783 1720 quae
834 1666 972 1720 pars
1024 1649 1250 1704 Arabiae
1302 1654 1408 1704 est.
1447 1649 1591 1704 Nam
1649 1654 1708 1704 et
1749 1648 1984 1703 familia:

336 1753 561 1805 eorum,
594 1738 929 1808 oppidaque
959 1749 1017 1792 et
1065 1737 1217 1809 pagi,
1250 1753 1317 1792 ac
1365 1736 1590 1792 munita
1634 1737 1895 1805 castella,
1927 1743 1985 1792 et

2110 588 2387 655 ludebant,
2424 588 2544 641 sive
2572 586 2933 641 calcitrabanl
2957 602 2978 648 ;
3008 588 3165 659 quod
3194 586 3407 659 Aquila
3434 587 3762 656 transtulit,

2109 675 2609 745 confringebantur
2636 674 2749 745 ﬁlii
2776 675 2836 728 in
2862 678 3017 729 utero
3046 676 3184 746 ejus.
3206 675 3592 749 Symmachus
3619 690 3762 731 vero

2113 757 2367 815 διέπλεον
2403 765 2447 829 ι,
2480 763 2539 818 id
2570 767 2677 831 est,
2712 762 2770 817 in
2801 761 3259 821 similitudinem
3288 764 3454 821 navis
3485 766 3545 821 in
3566 779 3760 836 super-

2106 854 2228 921 ficie
2255 852 2597 922 ferebantur.

2180 940 2469 1010 (Vers.25.
2487 942 2535 1011 )‹‹
2563 943 2632 997 Et
2655 957 2925 1013 egressus
2955 946 3044 997 est
3071 942 3299 1013 primus
3330 944 3546 1000 rubeus
3576 946 3759 1012 totus,

2106 1028 2263 1084 sicut
2311 1030 2474 1085 346
2508 1030 2675 1102 pellis
2705 1030 2986 1102 pilosus.»
3019 1029 3127 1085 Ubi
3155 1048 3263 1086 nos
3291 1033 3530 1103 pilosum
3558 1031 3761 1104 posui-

2106 1134 2261 1185 mus,
2294 1117 2351 1172 in
2383 1119 2621 1174 Hebraeo
2670 1118 2844 1174 habet
2877 1136 3006 1174 sum
3045 1120 3238 1190 (πω).
3275 1119 3437 1176 Unde
3481 1126 3539 1177 et
3579 1123 3756 1187 Esau,

2104 1205 2258 1261 sicut
2313 1209 2371 1262 et
2426 1206 2562 1262 alibi
2615 1206 2886 1278 legimus,
2944 1208 3086 1277 Seir,
3138 1207 3198 1262 id
3254 1212 3363 1275 est,
3388 1210 3604 1281 pilosus
3662 1212 3760 1266 est

2103 1294 2312 1349 dictus.

2171 1382 2356 1446 (Vers.
2391 1383 2506 1453 30.)
2538 1406 2564 1432 «
2596 1383 2666 1437 Et
2708 1382 2854 1438 dixit
2900 1385 3053 1439 Esau
3099 1384 3314 1440 Jacob:
3347 1385 3432 1441 Da
3463 1386 3609 1442 mihi
3641 1403 3757 1460 gu-

2098 1473 2255 1526 stum
2286 1471 2357 1525 de
2388 1471 2648 1527 coctione
2680 1472 2861 1527 rubea
2890 1471 3169 1543 ista,quia
3198 1472 3440 1529 deficio:
3478 1478 3750 1547 propter-

2096 1575 2164 1613 ea
2192 1563 2459 1614 vooatum
2518 1564 2607 1615 est
2663 1576 2875 1615 nomen
2933 1561 3060 1631 ejus
3117 1562 3322 1617 Edom.
3381 1584 3409 1612 ››
3455 1562 3747 1632 Rubrum,

2095 1645 2213 1702 sive
2246 1646 2492 1714 fulvum,
2529 1647 2731 1719 lingua
2776 1648 3013 1703 Hebraea
3060 1665 3215 1704 ΕΙ)οΜ
3247 1650 3453 1721 (ωττκ)
3485 1650 3738 1707 dicitur:

2093 1735 2165 1789 ab
2196 1752 2262 1790 eo
2294 1735 2495 1807 igitur,
2528 1736 2683 1807 quod
2714 1737 2891 1792 rubro
2922 1738 3051 1792 cibo
3082 1737 3410 1794 vendiderit
3442 1739 3738 1811 primitiva

333 1825 523 1880 tribus
581 1840 784 1880 eorum
844 1826 953 1879 hac
1009 1824 1400 1897 appellatione
1457 1825 1864 1881 celebrantur:
1909 1826 1981 1881 ab
2014 1856 2060 1920 Β
2094 1837 2225 1920 sua:
2252 1822 2509 1920 fulvi,
2542 1826 2649 1890 est,
2676 1824 2850 1920 .Edom
2882 1825 3124 1880 sortitus
3154 1830 3242 1881 est
3273 1843 3505 1883 nomen.

337 1929 454 1968 uno
483 1929 553 1967 ex
580 1913 691 1979 his,
725 1913 909 1969 Cedar
936 1913 995 1967 in
1027 1914 1342 1983 deserto,et
1365 1914 1557 1969 Duma
1576 1913 1691 1969 alia
1713 1915 1891 1985 regio,
1926 1920 1984 1969 et

330 2001 611 2057 Thomam
636 2002 707 2057 ad
729 2006 1018 2069 austrum,
1050 2003 1348 2058 etCedena
1382 2003 1453 2059 ad
1481 2002 1825 2059 orientalem
1856 2003 1980 2074 pla-

328 2106 463 2162 gam
487 2089 723 2146 dicitur.
751 2090 912 2154 Quod
935 2092 1203 2147 autemin
1224 2096 1480 2147 extremo
1503 2092 1680 2162 hrju:
1717 2090 1979 2162 capituli,

322 2178 495 2248 juxta
524 2178 932 2251 Septuaginta,
964 2178 1237 2251 legimus,
1283 2187 1474 2236 contra
1500 2181 1704 2251 faciem
1732 2182 1982 2235 omnium

323 2268 567 2338 fratrum
614 2282 840 2322 suorum
887 2267 1153 2323 habitavit
1182 2268 1203 2301 ³
1257 2267 1410 2337 (Gen.
1462 2286 1596 2335 xxv,
1629 2267 1752 2339 48):
1788 2268 1981 2324 verius

324 2359 416 2411 est
446 2355 590 2413 illud
623 2357 777 2428 quod
807 2372 911 2412 nos
944 2357 1474 2428 posuimus,coram
1503 2359 1755 2413 omnibus
1783 2359 1979 2429 fratri-

327 2443 426 2500 bus
448 2447 566 2503 suis
586 2446 857 2513 occubuit,
892 2446 950 2500 id
983 2450 1092 2512 est,
1130 2448 1186 2501 in
1221 2445 1496 2502 manibus
1537 2446 1801 2501 omnium
1836 2445 1981 2502 ﬁlio-

325 2549 458 2588 rum
490 2550 736 2590 suorum
772 2538 1045 2589 mortuus
1074 2538 1183 2604 est,
1218 2534 1639 2605 superstitibus
1668 2534 1891 2615 liberis,
1924 2539 1981 2591 et

328 2619 490 2676 nullo
550 2622 714 2693 prius
766 2626 951 2678 morte
1009 2629 1314 2694 praerepto.
1359 2623 1590 2678 Fratres
1645 2629 1841 2679 autem
1874 2640 1978 2695 pro

330 2708 469 2765 filiis
500 2710 991 2782 appellari,Jacob
1022 2728 1257 2783 quoque
1279 2712 1351 2766 ad
1380 2712 1568 2767 Laban
1590 2712 1975 2781 demonstrat,

326 2798 571 2853 dicens:
608 2798 756 2866 Quod
802 2807 881 2854 est
926 2808 1202 2870 peccatum
1243 2816 1449 2866 meum,
1493 2802 1622 2870 quia
1663 2805 1980 2872 persecutus

325 2904 381 2942 es
416 2891 535 2959 post
563 2903 687 2943 me:
725 2895 776 2942 et
804 2890 937 2959 quia
991 2891 1269 2942 scrutatus
1327 2904 1381 2943 es
1430 2890 1617 2943 omnia
1662 2906 1787 2944 vosa
1817 2892 1980 2944 mea?

331 2976 471 3044 Quid
500 2977 767 3031 invenisti
793 2976 858 3031 de
886 2977 1161 3031 universis
1208 2978 1353 3031 vasis
1382 2977 1573 3032 domus
1606 2981 1712 3032 tua?
1733 2977 1761 3030 ‘?
1790 2978 1975 3032 Pona-

325 3073 418 3120 tur
445 3081 631 3121 coram
675 3067 950 3137 fratribus
979 3066 1113 3121 meis
1169 3072 1219 3120 et
1269 3066 1543 3135 fratribus
1584 3068 1715 3132 tuis,
1748 3075 1797 3121 et
1827 3066 1974 3137 diju-

324 3153 504 3210 dicent
556 3155 705 3210 inter
756 3170 854 3209 nos
911 3154 1066 3225 (Gen.
1124 3170 1279 3219 xxxx,
1331 3155 1419 3221 36,
1478 3154 1590 3225 37).
1645 3155 1759 3210 Nec
1814 3154 1969 3209 enim

2162 1909 2321 1981 (Cap.
2357 1910 2624 1965 XXVl.-—
2643 1911 2806 1968 Vers.
2835 1913 2979 1985 12.)«
3000 1914 3320 1971 Seminavit
3351 1919 3545 1971 autem
3577 1916 3740 1973 Isaac

2090 1997 2150 2051 in
2187 2002 2343 2054 terra
2368 1999 2489 2065 illa,
2521 2005 2577 2054 et
2608 2001 2831 2056 invenit
2854 2002 2910 2056 in
2935 2019 3087 2058 anno
3109 2002 3207 2058 illo
3229 2003 3566 2077 centuplum
3602 2005 3735 2061 hor-

2090 2086 2239 2142 dei.»
2266 2087 2423 2143 Licet
2454 2088 2513 2143 in
2529 2088 2720 2145 aliena
2741 2094 2894 2145 terra
2916 2092 3292 2148 seminaverit
3322 2094 3505 2162 Isaac,
3538 2098 3734 2152 tamen

2089 2192 2206 2231 non
2256 2181 2420 2248 puto,
2453 2178 2607 2249 quod
2659 2182 2825 2233 tanta
2868 2180 2919 2235 ei
2971 2180 3240 2237 fertilitas
3292 2181 3494 2237 hordei
3540 2182 3733 2240 fuerit.

2088 2262 2254 2319 Unde
2285 2263 2494 2320 melius
2527 2271 2665 2338 puto
2697 2266 2841 2322 illud
2874 2285 3023 2338 esse,
3057 2269 3213 2341 quod
3260 2269 3509 2326 habetur
3536 2270 3594 2325 in
3625 2270 3734 2325 He-

2087 2352 2263 2422 braeo,
2294 2358 2350 2409 et
2380 2354 2593 2427 Aquila
2621 2371 2853 2428 quoque
2884 2356 3225 2413 transtulit:
3262 2381 3291 2408 «
3325 2359 3395 2414 Et
3423 2358 3643 2414 invenit
3674 2358 3735 2413 in

2088 2458 2240 2497 anno
2273 2441 2372 2498 illo
2403 2443 2745 2515 centuplum
2792 2446 3212 2515 aestimatum",
3271 2446 3328 2501 id
3389 2451 3497 2515 est,
3547 2446 3732 2500 ἑκατὸν

2090 2529 2429 2601 εἰκασμένον.
2466 2532 2623 2587 Licet
2670 2533 2825 2588 enim
2875 2535 3095 2590 eisdem
3146 2534 3358 2591 litteris
3397 2538 3454 2591 et
3483 2535 3734 2592 aestima-

2086 2620 2166 2675 tio
2225 2620 2517 2677 scribatur
2574 2626 2632 2676 et
2687 2622 2994 2691 hordeum,
3043 2628 3237 2679 tamen
3294 2624 3735 2693 aestimationes,

2086 2725 2294 2764 suam
2326 2710 2572 2780 (Iahn?)
2617 2709 2910 2782 leguntur,
2943 2711 3160 2767 hordea
3216 2729 3349 2768 vero
3395 2729 3594 2769 sonus.
3627 2714 3734 2770 Ta-

2086 2813 2223 2852 cens
2255 2802 2448 2853 autem
2473 2799 2777 2870 Scriptura
2790 2816 2977 2872 genus
2998 2801 3425 2873 frugum,quod
3440 2801 3730 2874 centupli-

2085 2886 2319 2952 caverit,
2351 2886 2582 2941 videtur
2611 2887 2757 2942 mihi
2815 2893 3159 2944 cunctarum
3208 2890 3267 2945 in
3318 2889 3415 2946 illo
3445 2891 3725 2946 virtutum

2083 2975 2411 3029 ostendisse
2441 2974 3009 3047 multiplicationem.
3043 2978 3303 3050 Denique
3332 2979 3635 3050 sequitur:

2154 3062 2338 3131 (Vers.
2373 3064 2486 3135 43.)
2546 3087 2573 3114 ‹‹
2608 3065 2674 3119 Et
2717 3065 3013 3122 benedixit
3067 3067 3119 3122 ei
3167 3067 3472 3138 Dominus,
3503 3073 3562 3123 et
3603 3084 3726 3124 ma-

2081 3167 2233 3223 gnus
2266 3153 2453 3208 factus
2491 3158 2581 3208 est
2608 3154 2715 3221 vir,
2748 3159 2805 3209 et
2849 3155 3189 3211 ambulabat
3232 3156 3471 3225 vadens,
3504 3160 3560 3213 et
3606 3173 3728 3213 ma-

324 3259 640 3315 possumus
699 3224 957 3311 credere,
1024 3247 1089 3297 ut
1146 3243 1446 3315 Scriptura
1529 3224 1967 3310 commemoret,
2001 3224 2043 3290 C
2083 3241 2417 3314 gniticatus,
2445 3242 2631 3298 donec
2661 3258 2910 3315 magnus
2944 3244 3104 3300 fieret
3131 3244 3559 3301 vehementer.»
3580 3245 3725 3301 Feli-

321 3331 476 3403 quod
507 3331 709 3397 Jacob,
741 3331 994 3403 exceptis
1026 3330 1247 3397 liberis,
1272 3348 1471 3387 secum
1503 3331 1709 3387 fratres
1741 3331 1969 3404 aliquos

323 3418 616 3475 habuerit.

390 3507 575 3579 (Vers.
604 3506 720 3578 21.)
750 3530 779 3557 ‹‹
813 3507 882 3563 Et
930 3509 1197 3581 concepit
1258 3508 1517 3565 Rebecca
1559 3526 1703 3565 uxor
1732 3511 1880 3582 ejus,
1914 3513 1972 3566 et

320 3596 707 3653 movebantur
738 3595 843 3651 filii
889 3598 1018 3667 ejus
1080 3596 1138 3650 in
1191 3614 1276 3653 ea.
1313 3619 1341 3646 »
1398 3597 1505 3653 Pro
1564 3599 1838 3670 motione,
1871 3604 1967 3655 Se-

361 3750 409 3876 l;
440 3748 741 3876 Vetustior
790 3749 997 3822 Regia.
1058 3766 1169 3805 ms.
1201 3754 1253 3805 et
1281 3750 1423 3821 quod
1461 3751 1582 3805 luce
1610 3755 1663 3806 et
1720 3754 1970 3822 operibus

410 3838 532 3876 nus.
562 3838 591 3876 e
621 3837 671 3876 c.

410 3838 532 3877 nus.
562 3826 671 3876 etc.

361 3838 513 3877 tenus
562 3838 671 3876 etc.

317 3838 355 3893 Ρ
390 3893 412 3925 ²
444 3866 809 3948 Βεξόοιθῐιόυε
827 3892 1017 3947 denuo
1048 3897 1155 3959 est,
1180 3908 1246 3947 ex
1268 3909 1385 3963 quo
1415 3892 1647 3947 Hieron.
1672 3893 1965 3950 delibavit.

317 3963 612 4037 Josephus
640 3964 710 4018 de
733 3964 1043 4037 duodecim
1068 3964 1332 4037 Ismaelis
1356 3963 1491 4037 ﬁliis
1507 3964 1965 4037 filiis,Antiquitt.

320 4034 528 4109 lib‘gl,
587 4051 712 4105 cap.
779 4034 1085 4109 l_2:0§'.0t
1141 4035 1315 4109 πὰοξαν
1369 4035 1627 4109 τὴν-*ἀπ’
1687 4034 1966 4109 Εὐφρἀτου

318 4092 675 4181 καθήκόυσεκί
719 4103 855 4181 πρρς
930 4106 1029 4181 ῖήν
1099 4106 1355 4181 Ἐρυθρὴ
1427 4092 1711 4181 ’Θμάλασσαν
1778 4092 1967 4181 ⁸δξπιτοᾼι-

320 4168 476 4251 κρῦσίι
529 4168 1026 4251 summissa-:99“
1059 4168 1270 4251 xmpuv:
1312 4175 1695 4251 dvom'to'avreq.
1754 4178 1870 4251 Εἰσςὶ
1912 4177 1968 4233 δὲ

321 4245 472 4324 οὗιξοι
502 4243 555 4296 οἳ
583 4248 708 4324 τῳ
739 4239 967 4318 Ὰρἀϐων
1002 4239 1161 4306 ἕθνὸέ
1180 4246 1269 4299 καὶ
1299 4239 1612 4324 τὰς’φυλάς
1672 4250 1760 4302 ἀπ’
1794 4248 1965 4303 αὐτῶν

318 4312 572 4390 καλοῦσι.
606 4317 676 4370 Ili
730 4312 934 4390 terram
984 4334 1197 4390 omnem
1253 4320 1320 4373 ab
1379 4312 1655 4390 Euphrate
1701 4321 1770 4376 ad
1815 4339 1970 4377 mare

321 4388 564 4443 Rubrum
616 4389 1022 4461 pertingenlem
1079 4389 1331 4444 habitant
1399 4388 1675 4461 regionem
1733 4393 1967 4448 Nabate-

322 4476 452 4515 nam
480 4460 838 4532 appellantes.
872 4460 1012 4514 Sunt
1070 4461 1401 4532 autemrilli,
1435 4460 1531 4532 qui
1585 4463 1684 4517 loli
1731 4466 1970 4519 Arabum

318 4532 473 4603 genti
501 4534 550 4586 et
582 4531 834 4586 tribubus
862 4533 1093 4587 nomina
1120 4549 1221 4586 sua
1249 4531 1534 4587 dederunt.

2081 3330 2226 3385 citas
2260 3338 2458 3386 autem
2486 3329 2859 3403 multiplicati
2908 3332 3131 3402 hordei,
3160 3333 3386 3406 ignoro,
3444 3335 3493 3389 si
3546 3350 3722 3407 quem

2079 3419 2267 3490 possit
2297 3419 2485 3475 facere
2516 3417 2860 3492 gloriosum.

2149 3512 2338 3576 (Vers.
2374 3508 2488 3579 47.)
2523 3529 2550 3561 α
2578 3509 2648 3563 Et
2679 3509 2821 3564 abiit
2844 3510 2975 3566 inde
3026 3511 3207 3575 Isaac,
3238 3516 3295 3567 et
3326 3512 3484 3568 venit
3513 3512 3573 3567 in
3603 3511 3724 3568 val-

2076 3595 2191 3652 lem
2224 3597 2507 3652 Gerarum
2540 3597 2581 3664 ⁶,
2613 3601 2670 3652 et
2716 3597 3003 3654 habitabit
3060 3600 3161 3655 ibi.
3199 3622 3225 3651 ι)
3260 3601 3367 3656 Pro
3418 3599 3585 3668 valle,
3617 3604 3724 3657 tor-

2078 3747 2160 3803 sis
2173 3747 2364 3804 verbis
2386 3746 2773 3819 interpretari;
2796 3755 3014 3875 quanto
3030 3752 3217 3824 magis
3235 3752 3355 3807 haec
3374 3752 3488 3808 sibi
3507 3751 3722 3824 permi-

2079 3819 2226 3875 sisse
2273 3820 2329 3873 in
2359 3820 2536 3875 variis
2588 3837 2807 3875 onuscu
2842 3824 2889 3875 is
2938 3824 3025 3875 vir
3073 3828 3312 3875 sanctus
3340 3823 3721 3875 aestimandus

2079 3819 2329 3892 sissegin
2359 3820 2536 3892 variis
2588 3819 2889 3892 opusculis
2938 3824 3025 3877 vir
3073 3819 3312 3880 sanctus
3340 3819 3721 3880 aestimandus

2077 3892 2202 3966 est!
2238 3890 2381 3966 Hinc
2429 3890 2846 3966 liquetiquam
2892 3892 3102 3966 inepto
3149 3896 3373 3966 judicio
3430 3895 3717 3963 fruantur,

2079 3962 2179 4039 qui
2214 3962 2475 4039 Latinam
2505 3963 2831 4018 versionem
2890 3962 3201 4039 Yulgatam
3247 3967 3320 4039 ab
3368 3962 3716 4039 Hieronymo

2078 4032 2418 4106 adjudicant
2439 4040 2676 4106 pr0pter
2698 4032 3356 4093 nonnullas—sententias
3377 4038 3507 4093 aliis
3526 4032 3717 4094 verbis

2078 4105 2350 4160 recitatas
2393 4105 2456 4159 in
2502 4105 2770 4177 praesenti
2813 4106 2962 4163 libro
3016 4110 3419 4165 Ilebraicarum
3449 4110 3713 4177 Quaestio-

2080 4180 2368 4252 num,_aut
2399 4177 2456 4231 in
2485 4177 2934 4252 commentariis
2962 4180 3397 4252 prophetarum.

2147 4280 2214 4286 —
2244 4248 2381 4323 Mss.
2416 4249 2645 4323 Reginae
2696 4249 2841 4305 falso
2891 4248 3107 4320 tamen,
3150 4255 3338 4307 contra
3384 4253 3580 4323 faciem
3608 4267 3719 4307 om-

2075 4321 2234 4373 nium
2266 4321 2620 4375 inimicorum
2648 4336 2892 4386 suorum,
2924 4327 3032 4378 etc.

2148 4392 2171 4423 ⁴
2201 4390 2432 4466 Reginae
2478 4394 2606 4446 cod.
2661 4391 2970 4466 antiquior,
3004 4390 3287 4466 διεπάλεον
3335 4393 3721 4466 quemadmo-

2077 4461 2303 4548 dumet
2328 4461 2819 4548 Romanaeditio,
2851 4469 2909 4519 et
2946 4465 3122 4548 Graeci
3155 4461 3393 4548 quidam
3426 4465 3591 4548 codd.
3626 4480 3728 4536 pe-

2079 4550 2183 4609 nes
2228 4534 2749 4609 Montfauconium,
2783 4536 3117 4609 Symmachi
3140 4534 3726 4609 interpretationem

391 4603 414 4637 ⁸
462 4607 737 4678 Εναιιηιηι
788 4619 1014 4678 suorum
1049 4602 1301 4678 _ce_cidz't._
1326 4603 1411 4678 Ex
1459 4603 1568 4658 hoc
1622 4603 1747 4659 loco
1806 4622 1971 4661 coar-
2006 4595 2047 4659 D
2080 4605 2350 4678 efferunt,
2381 4622 2506 4678 quae
2538 4608 2595 4660 et
2623 4595 3009 4663 verior'lcctio
3042 4607 3209 4664 facile
3237 4595 3523 4674 videatur,
3554 4607 3728 4678 cujus

321 4674 594 4747 guendus
626 4676 881 4729 occurrit
910 4674 1174 4747 tenebrio
1205 4673 1446 4746 quidam
1472 4691 1537 4730 ac
1555 4691 1827 4732 morosus
1859 4678 1964 4746 vir,

321 4745 421 4817 qui
454 4762 637 4827 ausus
667 4752 758 4802 est
787 4746 1018 4829 saepius.
1033 4745 1383 4829 impugnare
1409 4745 1965 4829 versi-on‘emﬁicroL

322 4818 659 4890 nymianam
685 4834 726 4890 _a
752 4817 921 4873 nobis
953 4817 1167 4873 editam
1202 4817 1259 4872 in
1292 4820 1523 4873 Canone
1554 4818 1843 4875 Hebraicaz
1874 4837 1965 4876 ve-

320 4887 546 4963 ritatis;
598 4887 754 4963 quia
794 4889 983 4944 Editio
1041 4894 1240 4963 nostra
1289 4890 1482 4963 verbis
1542 4907 1966 4963 nonnunquam

319 4960 586 5015 dissonat
615 4961 689 5014 ab
718 4961 815 5025 iis,
847 4978 973 5029 quae
1005 4960 1246 5015 recitata
1301 4967 1440 5015 sunt
1471 4962 1528 5014 in
1563 4960 1969 5029 Quaestionibus

319 5032 598 5104 Hebraicis
628 5032 815 5104 sancti
864 5032 1147 5087 Doctoris.
1192 5032 1412 5104 Pudeat
1441 5032 1620 5104 igitur
1669 5034 1966 5089 hominem

320 5102 855 5177 proprim,stultitize
875 5102 1967 5177 quandoquidemvidetllieronymum

322 5172 454 5228 aliis
468 5177 643 5243 atque
659 5174 791 5229 aliis
810 5172 1005 5230 verbis
1041 5172 1313 5229 eumdem
1339 5175 1582 5231 Genesis
1613 5172 1967 5232 versiculum

321 5258 389 5319 ex
446 5244 685 5319 Hebraeo
744 5247 1370 5317 exprimentem;nam
1431 5247 1685 5318 primum
1747 5250 1967 5319 posuit.

319 5317 410 5389 I_n_
439 5317 1016 5389 conspectuqomnium
1071 5321 1592 5389 fratrumhsuorum
1649 5317 1881 5380 recidit;
1912 5324 1970 5374 et

322 5385 534 5441 deinde
566 5390 698 5457 post
727 5387 1032 5444 duodecim
1065 5385 1296 5444 circiter
1325 5387 1530 5457 lineas,
1566 5391 1761 5445 Coram
1790 5392 1968 5445 omni-

324 5457 422 5532 bus
470 5456 744 5526 fratribus
801 5461 915 5532 suis
968 5461 1241 5532 occubuit.
1302 5460 1435 5532 Quae
1492 5456 1748 5532 profecto
1802 5461 1969 5517 valde

322 5528 552 5583 diversa
606 5532 767 5592 sunt,
821 5530 871 5585 si
930 5546 1064 5584 cum
1125 5531 1412 5592 imperitis
1461 5528 1576 5587 non
1623 5533 1692 5587 ad
1728 5549 1965 5588 sensum

323 5598 659 5673 Scriptura},
706 5599 804 5673 sed
833 5601 928 5673 ad
988 5602 1163 5673 verba
1213 5598 1548 5673 [nterprctis
1596 5606 1969 5660 attendamus

325 5670 575 5726 animos.
600 5670 763 5745 Quod
797 5670 846 5725 si
873 5671 1040 5745 licuit
1070 5670 1419 5745 Hieronymo
1450 5692 1635 5745 unum
1667 5677 1967 5731 eumdem-

325 5758 438 5824 que
466 5740 825 5803 versiculum
854 5743 1061 5802 eodem
1089 5743 1215 5803 loco
1257 5740 1315 5803 et
1341 5744 1598 5823 capitulo
1626 5750 1751 5809 tam
1781 5748 1968 5808 diver-

2080 4676 2430 4763 signiﬁcatio
2489 4681 2576 4758 est
2626 4681 3032 4763 former-labant.
3063 4679 3281 4763 Verum
3328 4676 3727 4763 ‘Hieronymus

2080 4743 2597 4823 Btgxlsovomnino
2626 4748 2841 4823 Ingerit
2870 4750 2928 4804 in
2960 4767 3046 4817 eo,
3081 4767 3194 4823 quo
3226 4751 3498 4823 utebaiur
3527 4743 3721 4823 exem-

2077 4818 2225 4890 plari
2248 4835 2275 4892 :_
2296 4818 2343 4873 si
2378 4818 2614 4892 quidem
2637 4818 2906 4892 explicat,
2933 4824 2993 4876 In
3021 4818 3442 4877 similitudinem
3470 4823 3630 4877 navis
3662 4822 3724 4876 in

2076 4890 2724 5011 supterﬁeie’ferebaturf
2753 4893 3153 4949 emendatiora
3208 4897 3402 4949 autem
3459 4892 3723 4966 praetule-

2077 4977 2166 5011 rm
2217 4976 2523 5011 Olera.sov.

2077 4956 2196 5015 rint
2217 4956 2523 5015 διεπάλέον.

2148 5031 2548 5107 l‘Centuplunt
2576 5034 2929 5107 aestimatum.
2958 5034 3037 5089 De
3097 5035 3204 5090 hoc
3265 5033 3720 5107 quoqueuverbo

2075 5105 2435 5178 aestimatum,
2460 5104 2590 5178 vide
2621 5121 2772 5178 quae,
2795 5105 3075 5161 dicuntur
3115 5107 3173 5161 in
3203 5104 3363 5161 Notis
3394 5104 3719 5178 prolixiori-

2078 5176 2188 5230 bus
2220 5174 2391 5245 paulo
2424 5174 2688 5230 inferius.
2724 5177 3005 5232 Murrus.

2148 5278 2217 5285 -—
2246 5246 2483 5318 Variani
2514 5263 2655 5302 mss.
2691 5264 2940 5318 quarum
2973 5249 3066 5303 hic
3114 5248 3220 5304 loci
3255 5246 3425 5302 multi
3460 5246 3719 5303 facienda

2079 5322 2217 5373 sunt
2245 5316 2373 5388 ipsa
2418 5318 2649 5385 menda,
2684 5316 3242 5375 EKATOIKACNQI‘C
3272 5324 3328 5374 et
3357 5321 3718 5388 ΕΚΔΤΟΝΕΙ-

2079 5387 2407 5462 ΔΔΟΜΟΤΕ.
2444 5391 2811 5462 Martianaeus
2844 5391 2994 5446 hanc
3051 5397 3117 5447 ut
3149 5390 3440 5462 allegoria:
3474 5387 3719 5462 inservi-

2078 5464 2166 5535 ret
2194 5459 2493 5535 prmlatam
2540 5461 2645 5535 abs
2689 5461 3036 5535 Hieronymo
3068 5459 3488 5535 expositionem
3520 5461 3579 5516 in
3617 5459 3718 5516 Ad-

2075 5532 2268 5588 dendis
2298 5532 2617 5587 annotavit.

2147 5604 2168 5637 ⁶
2199 5602 2443 5669 Quidam
2477 5618 2618 5659 mss.
2656 5603 2750 5658 hic
2798 5609 2973 5675 atque
3018 5605 3172 5660 infra
3220 5604 3438 5673 Gerare,
3482 5602 3582 5658 alii
3623 5602 3719 5658 Ge-

2079 5674 2244 5750 raris.
2304 5675 2403 5729 Est
2458 5679 2654 5730 autem
2709 5676 2766 5750 in
2825 5674 3058 5750 Hebraeo
3118 5688 3285 5746 smn,
3347 5692 3474 5750 quae
3521 5690 3630 5731 vox
3666 5677 3723 5733 et

2076 5746 2276 5807 vallem
2300 5749 2357 5807 et
2385 5750 2679 5811 torrentem
2708 5748 3017 5825 signiﬁcat.
