  <div class='ocr_page' id='page_1' title='image "/cluster/home/n/w/nwhite01/storage/ocr_20150623/23/umn.31951d034773078/524.png"; bbox 0 0 3992 6394; ppageno 0'>
   <div class='ocr_carea' id='block_1_1' title="bbox 1293 371 2607 451">
    <p class='ocr_par' dir='ltr' id='par_1_1' title="bbox 1293 371 2607 451">
     <span class='ocr_line' id='line_1_1' title="bbox 1293 371 2607 451; baseline 0.002 -13"><span class='ocrx_word' id='word_1_1' title='bbox 1293 371 1526 440; x_wconf 80' lang='lat' dir='ltr'><strong>LIBER</strong></span> <span class='ocrx_word' id='word_1_2' title='bbox 1568 377 1804 440; x_wconf 88' lang='lat' dir='ltr'><strong>HEBR.</strong></span> <span class='ocrx_word' id='word_1_3' title='bbox 1853 376 2155 451; x_wconf 63' lang='lat' dir='ltr'><strong>QUIEST.</strong></span> <span class='ocrx_word' id='word_1_4' title='bbox 2201 375 2282 439; x_wconf 76' lang='lat' dir='ltr'><strong>IN</strong></span> <span class='ocrx_word' id='word_1_5' title='bbox 2327 375 2607 440; x_wconf 87' lang='lat' dir='ltr'><strong>GENES.</strong></span> 
     </span>
    </p>
   </div>
   <div class='ocr_carea' id='block_1_2' title="bbox 3491 385 3649 451">
    <p class='ocr_par' dir='ltr' id='par_1_2' title="bbox 3491 385 3649 451">
     <span class='ocr_line' id='line_1_2' title="bbox 3491 385 3649 451; baseline 0.032 -5"><span class='ocrx_word' id='word_1_6' title='bbox 3491 385 3649 451; x_wconf 65' lang='lat'><strong>1030</strong></span> 
     </span>
    </p>
   </div>
   <div class='ocr_carea' id='block_1_3' title="bbox 239 508 3647 591">
    <p class='ocr_par' dir='ltr' id='par_1_3' title="bbox 239 508 3647 591">
     <span class='ocr_line' id='line_1_3' title="bbox 239 508 3647 591; baseline 0.004 -26"><span class='ocrx_word' id='word_1_7' title='bbox 239 517 451 566; x_wconf 77' lang='lat' dir='ltr'><strong>rentem</strong></span> <span class='ocrx_word' id='word_1_8' title='bbox 484 508 662 566; x_wconf 88' lang='lat' dir='ltr'><strong>habet</strong></span> <span class='ocrx_word' id='word_1_9' title='bbox 689 508 751 566; x_wconf 90' lang='lat' dir='ltr'><strong>in</strong></span> <span class='ocrx_word' id='word_1_10' title='bbox 781 509 1040 566; x_wconf 81' lang='lat' dir='ltr'><strong>Hebraeo.</strong></span> <span class='ocrx_word' id='word_1_11' title='bbox 1074 510 1272 582; x_wconf 88' lang='lat' dir='ltr'><strong>Neque</strong></span> <span class='ocrx_word' id='word_1_12' title='bbox 1320 511 1474 566; x_wconf 89' lang='lat' dir='ltr'><strong>enim</strong></span> <span class='ocrx_word' id='word_1_13' title='bbox 1529 513 1686 566; x_wconf 83' lang='lat' dir='ltr'><strong>Isaac</strong></span> <span class='ocrx_word' id='word_1_14' title='bbox 1735 517 1892 582; x_wconf 83' lang='lat' dir='ltr'><strong>post-</strong></span> <span class='ocrx_word' id='word_1_15' title='bbox 1925 516 1970 578; x_wconf 82' lang='grc' dir='ltr'>Α</span> <span class='ocrx_word' id='word_1_16' title='bbox 2011 511 2354 566; x_wconf 80' lang='lat' dir='ltr'><strong>invenerunt</strong></span> <span class='ocrx_word' id='word_1_17' title='bbox 2381 512 2408 566; x_wconf 87' lang='lat'><strong><em>?</em></strong></span> <span class='ocrx_word' id='word_1_18' title='bbox 2435 512 2475 566; x_wconf 90' lang='lat' dir='ltr'><strong>E</strong></span> <span class='ocrx_word' id='word_1_19' title='bbox 2507 510 2799 568; x_wconf 89' lang='lat' dir='ltr'><strong>contrario</strong></span> <span class='ocrx_word' id='word_1_20' title='bbox 2822 510 2883 567; x_wconf 91' lang='lat' dir='ltr'><strong>in</strong></span> <span class='ocrx_word' id='word_1_21' title='bbox 2914 509 3273 580; x_wconf 71' lang='lat' dir='ltr'><strong>Hebraeo,cui</strong></span> <span class='ocrx_word' id='word_1_22' title='bbox 3304 515 3647 591; x_wconf 80' lang='lat' dir='ltr'><strong>interpreta-</strong></span> 
     </span>
    </p>
   </div>
   <div class='ocr_carea' id='block_1_4' title="bbox 233 598 1889 671">
    <p class='ocr_par' dir='ltr' id='par_1_4' title="bbox 233 598 1889 671">
     <span class='ocr_line' id='line_1_4' title="bbox 233 598 1889 671; baseline -0.001 -16"><span class='ocrx_word' id='word_1_23' title='bbox 233 615 418 670; x_wconf 86' lang='lat' dir='ltr'><strong>quam</strong></span> <span class='ocrx_word' id='word_1_24' title='bbox 449 599 868 671; x_wconf 91' lang='lat' dir='ltr'><strong>magniﬁcatus</strong></span> <span class='ocrx_word' id='word_1_25' title='bbox 899 603 1008 664; x_wconf 87' lang='lat' dir='ltr'><strong>est,</strong></span> <span class='ocrx_word' id='word_1_26' title='bbox 1062 598 1330 654; x_wconf 86' lang='lat' dir='ltr'><strong>habitare</strong></span> <span class='ocrx_word' id='word_1_27' title='bbox 1379 605 1602 671; x_wconf 75' lang='lat' dir='ltr'><strong>poterat</strong></span> <span class='ocrx_word' id='word_1_28' title='bbox 1637 601 1690 653; x_wconf 94' lang='lat' dir='ltr'><strong>in</strong></span> <span class='ocrx_word' id='word_1_29' title='bbox 1724 601 1889 654; x_wconf 74' lang='lat' dir='ltr'><strong>valle.</strong></span> 
     </span>
    </p>
   </div>
   <div class='ocr_carea' id='block_1_5' title="bbox 238 687 1891 760">
    <p class='ocr_par' dir='ltr' id='par_1_5' title="bbox 238 687 1891 760">
     <span class='ocr_line' id='line_1_5' title="bbox 238 687 1891 760; baseline 0.001 -19"><span class='ocrx_word' id='word_1_30' title='bbox 238 687 530 754; x_wconf 87' lang='lat' dir='ltr'><strong>Habitavi,</strong></span> <span class='ocrx_word' id='word_1_31' title='bbox 564 693 764 743; x_wconf 87' lang='lat' dir='ltr'><strong>autem</strong></span> <span class='ocrx_word' id='word_1_32' title='bbox 795 689 854 743; x_wconf 91' lang='lat' dir='ltr'><strong>in</strong></span> <span class='ocrx_word' id='word_1_33' title='bbox 887 693 1166 753; x_wconf 82' lang='lat' dir='ltr'><strong>torrente,</strong></span> <span class='ocrx_word' id='word_1_34' title='bbox 1201 687 1271 742; x_wconf 91' lang='lat' dir='ltr'><strong>de</strong></span> <span class='ocrx_word' id='word_1_35' title='bbox 1303 705 1418 758; x_wconf 90' lang='lat' dir='ltr'><strong>quo</strong></span> <span class='ocrx_word' id='word_1_36' title='bbox 1451 689 1734 760; x_wconf 88' lang='lat' dir='ltr'><strong>scriptum</strong></span> <span class='ocrx_word' id='word_1_37' title='bbox 1766 693 1891 744; x_wconf 90' lang='lat' dir='ltr'><strong>est:</strong></span> 
     </span>
    </p>
   </div>
   <div class='ocr_carea' id='block_1_6' title="bbox 241 777 1893 849">
    <p class='ocr_par' dir='ltr' id='par_1_6' title="bbox 241 777 1893 849">
     <span class='ocr_line' id='line_1_6' title="bbox 241 777 1893 849; baseline 0.001 -19"><span class='ocrx_word' id='word_1_38' title='bbox 241 777 320 830; x_wconf 88' lang='lat' dir='ltr'><strong>De</strong></span> <span class='ocrx_word' id='word_1_39' title='bbox 350 780 590 832; x_wconf 81' lang='lat' dir='ltr'><strong>torrente</strong></span> <span class='ocrx_word' id='word_1_40' title='bbox 620 779 678 832; x_wconf 85' lang='lat' dir='ltr'><strong>in</strong></span> <span class='ocrx_word' id='word_1_41' title='bbox 710 779 803 832; x_wconf 82' lang='lat' dir='ltr'><strong>via</strong></span> <span class='ocrx_word' id='word_1_42' title='bbox 835 777 976 832; x_wconf 84' lang='lat' dir='ltr'><strong>bibet</strong></span> <span class='ocrx_word' id='word_1_43' title='bbox 1006 777 1174 848; x_wconf 85' lang='lat' dir='ltr'><strong>(Psal.</strong></span> <span class='ocrx_word' id='word_1_44' title='bbox 1209 795 1318 842; x_wconf 83' lang='lat' dir='ltr'><strong>cxx,</strong></span> <span class='ocrx_word' id='word_1_45' title='bbox 1349 779 1426 844; x_wconf 84' lang='lat'><strong>6).</strong></span> <span class='ocrx_word' id='word_1_46' title='bbox 1459 777 1540 832; x_wconf 93' lang='lat' dir='ltr'><strong>De</strong></span> <span class='ocrx_word' id='word_1_47' title='bbox 1570 795 1685 849; x_wconf 92' lang='lat' dir='ltr'><strong>quo</strong></span> <span class='ocrx_word' id='word_1_48' title='bbox 1717 779 1893 832; x_wconf 88' lang='lat' dir='ltr'><strong>etiam</strong></span> 
     </span>
    </p>
   </div>
   <div class='ocr_carea' id='block_1_7' title="bbox 238 864 1897 938">
    <p class='ocr_par' dir='ltr' id='par_1_7' title="bbox 238 864 1897 938">
     <span class='ocr_line' id='line_1_7' title="bbox 238 864 1897 938; baseline 0.001 -18"><span class='ocrx_word' id='word_1_49' title='bbox 238 864 400 920; x_wconf 84' lang='lat' dir='ltr'><strong>Elias</strong></span> <span class='ocrx_word' id='word_1_50' title='bbox 430 869 694 938; x_wconf 89' lang='lat' dir='ltr'><strong>tempore</strong></span> <span class='ocrx_word' id='word_1_51' title='bbox 725 865 899 922; x_wconf 78' lang='lat' dir='ltr'><strong>famis</strong></span> <span class='ocrx_word' id='word_1_52' title='bbox 930 865 1096 920; x_wconf 83' lang='lat' dir='ltr'><strong>bibit.</strong></span> <span class='ocrx_word' id='word_1_53' title='bbox 1129 866 1238 921; x_wconf 89' lang='lat' dir='ltr'><strong>Sed</strong></span> <span class='ocrx_word' id='word_1_54' title='bbox 1270 867 1408 938; x_wconf 82' lang='lat' dir='ltr'><strong>quia</strong></span> <span class='ocrx_word' id='word_1_55' title='bbox 1439 865 1593 922; x_wconf 89' lang='lat' dir='ltr'><strong>Elias</strong></span> <span class='ocrx_word' id='word_1_56' title='bbox 1626 885 1739 922; x_wconf 93' lang='lat' dir='ltr'><strong>non</strong></span> <span class='ocrx_word' id='word_1_57' title='bbox 1771 872 1897 922; x_wconf 89' lang='lat' dir='ltr'><strong>erat</strong></span> 
     </span>
    </p>
   </div>
   <div class='ocr_carea' id='block_1_8' title="bbox 238 952 1897 1024">
    <p class='ocr_par' dir='ltr' id='par_1_8' title="bbox 238 952 1897 1024">
     <span class='ocr_line' id='line_1_8' title="bbox 238 952 1897 1024; baseline 0.002 -16"><span class='ocrx_word' id='word_1_58' title='bbox 238 952 557 1024; x_wconf 81' lang='lat' dir='ltr'><strong>perfectus,</strong></span> <span class='ocrx_word' id='word_1_59' title='bbox 591 958 656 1009; x_wconf 93' lang='lat' dir='ltr'><strong>ut</strong></span> <span class='ocrx_word' id='word_1_60' title='bbox 702 953 1010 1010; x_wconf 83' lang='lat' dir='ltr'><strong>Christus:</strong></span> <span class='ocrx_word' id='word_1_61' title='bbox 1059 953 1188 1010; x_wconf 89' lang='lat' dir='ltr'><strong>ideo</strong></span> <span class='ocrx_word' id='word_1_62' title='bbox 1237 954 1286 1009; x_wconf 95' lang='lat' dir='ltr'><strong>ei</strong></span> <span class='ocrx_word' id='word_1_63' title='bbox 1336 959 1563 1010; x_wconf 85' lang='lat' dir='ltr'><strong>torrens</strong></span> <span class='ocrx_word' id='word_1_64' title='bbox 1613 955 1712 1011; x_wconf 90' lang='lat' dir='ltr'><strong>illc</strong></span> <span class='ocrx_word' id='word_1_65' title='bbox 1742 956 1897 1011; x_wconf 86' lang='lat' dir='ltr'><strong>aruit</strong></span> 
     </span>
    </p>
   </div>
   <div class='ocr_carea' id='block_1_9' title="bbox 238 1042 1894 1112">
    <p class='ocr_par' dir='ltr' id='par_1_9' title="bbox 238 1042 1894 1112">
     <span class='ocr_line' id='line_1_9' title="bbox 238 1042 1894 1112; baseline 0.001 -15"><span class='ocrx_word' id='word_1_66' title='bbox 238 1042 342 1110; x_wconf 84' lang='grc' dir='ltr'><em>(ιιι</em></span> <span class='ocrx_word' id='word_1_67' title='bbox 375 1043 504 1111; x_wconf 84' lang='lat' dir='ltr'><strong>Reg.</strong></span> <span class='ocrx_word' id='word_1_68' title='bbox 537 1059 676 1110; x_wconf 84' lang='lat' dir='ltr'><strong>xvxx,</strong></span> <span class='ocrx_word' id='word_1_69' title='bbox 707 1044 786 1112; x_wconf 86' lang='lat'><strong>&#39;7).</strong></span> <span class='ocrx_word' id='word_1_70' title='bbox 837 1042 1125 1098; x_wconf 87' lang='lat' dir='ltr'><strong>Dominus</strong></span> <span class='ocrx_word' id='word_1_71' title='bbox 1152 1058 1287 1098; x_wconf 88' lang='lat' dir='ltr'><strong>vero</strong></span> <span class='ocrx_word' id='word_1_72' title='bbox 1340 1048 1558 1109; x_wconf 82' lang='lat' dir='ltr'><strong>noster,</strong></span> <span class='ocrx_word' id='word_1_73' title='bbox 1609 1045 1783 1100; x_wconf 87' lang='lat' dir='ltr'><strong>etiam</strong></span> <span class='ocrx_word' id='word_1_74' title='bbox 1835 1045 1894 1111; x_wconf 72' lang='lat' dir='ltr'><strong>in</strong></span> 
     </span>
    </p>
   </div>
   <div class='ocr_carea' id='block_1_10' title="bbox 241 1131 1894 1203">
    <p class='ocr_par' dir='ltr' id='par_1_10' title="bbox 241 1131 1894 1203">
     <span class='ocr_line' id='line_1_10' title="bbox 241 1131 1894 1203; baseline 0.002 -18"><span class='ocrx_word' id='word_1_75' title='bbox 241 1131 544 1186; x_wconf 68' lang='lat' dir='ltr'><strong>torrente1</strong></span> <span class='ocrx_word' id='word_1_76' title='bbox 591 1131 845 1187; x_wconf 90' lang='lat' dir='ltr'><strong>traditus</strong></span> <span class='ocrx_word' id='word_1_77' title='bbox 894 1135 1029 1186; x_wconf 89' lang='lat' dir='ltr'><strong>est:</strong></span> <span class='ocrx_word' id='word_1_78' title='bbox 1075 1131 1352 1188; x_wconf 84' lang='lat' dir='ltr'><strong>dedicans</strong></span> <span class='ocrx_word' id='word_1_79' title='bbox 1400 1132 1894 1203; x_wconf 79' lang='lat' dir='ltr'><strong>regenerationem</strong></span> 
     </span>
    </p>
   </div>
   <div class='ocr_carea' id='block_1_11' title="bbox 245 1217 1402 1290">
    <p class='ocr_par' dir='ltr' id='par_1_11' title="bbox 245 1217 1402 1290">
     <span class='ocr_line' id='line_1_11' title="bbox 245 1217 1402 1290; baseline 0.001 -17"><span class='ocrx_word' id='word_1_80' title='bbox 245 1222 510 1274; x_wconf 88' lang='lat' dir='ltr'><strong>nostram</strong></span> <span class='ocrx_word' id='word_1_81' title='bbox 541 1221 600 1274; x_wconf 90' lang='lat' dir='ltr'><strong>et</strong></span> <span class='ocrx_word' id='word_1_82' title='bbox 629 1217 912 1290; x_wconf 89' lang='lat' dir='ltr'><strong>Baptismi</strong></span> <span class='ocrx_word' id='word_1_83' title='bbox 944 1223 1402 1274; x_wconf 80' lang='lat' dir='ltr'><strong>sacramentum.</strong></span> 
     </span>
    </p>
   </div>
   <div class='ocr_carea' id='block_1_12' title="bbox 319 1306 1894 1380">
    <p class='ocr_par' dir='ltr' id='par_1_12' title="bbox 319 1306 1894 1380">
     <span class='ocr_line' id='line_1_12' title="bbox 319 1306 1894 1380; baseline 0.004 -21"><span class='ocrx_word' id='word_1_84' title='bbox 319 1308 508 1376; x_wconf 86' lang='lat' dir='ltr'><strong>(Vers.</strong></span> <span class='ocrx_word' id='word_1_85' title='bbox 542 1306 658 1374; x_wconf 77' lang='grc'><strong>49.)</strong></span> <span class='ocrx_word' id='word_1_86' title='bbox 706 1308 849 1363; x_wconf 70' lang='grc'>847</span> <span class='ocrx_word' id='word_1_87' title='bbox 917 1329 944 1357; x_wconf 92' lang='grc'><strong>‹‹</strong></span> <span class='ocrx_word' id='word_1_88' title='bbox 978 1308 1049 1362; x_wconf 89' lang='lat' dir='ltr'><strong>Et</strong></span> <span class='ocrx_word' id='word_1_89' title='bbox 1096 1308 1373 1363; x_wconf 79' lang='lat' dir='ltr'><strong>foderunt</strong></span> <span class='ocrx_word' id='word_1_90' title='bbox 1422 1310 1586 1380; x_wconf 89' lang='lat' dir='ltr'><strong>pueri</strong></span> <span class='ocrx_word' id='word_1_91' title='bbox 1633 1310 1792 1365; x_wconf 85' lang='lat' dir='ltr'><strong>Isaac</strong></span> <span class='ocrx_word' id='word_1_92' title='bbox 1837 1311 1894 1365; x_wconf 92' lang='lat' dir='ltr'><strong>in</strong></span> 
     </span>
    </p>
   </div>
   <div class='ocr_carea' id='block_1_13' title="bbox 245 1394 1896 1471">
    <p class='ocr_par' dir='ltr' id='par_1_13' title="bbox 245 1394 1896 1471">
     <span class='ocr_line' id='line_1_13' title="bbox 245 1394 1896 1471; baseline 0.003 -21"><span class='ocrx_word' id='word_1_93' title='bbox 245 1394 395 1450; x_wconf 81' lang='lat' dir='ltr'><strong>valle</strong></span> <span class='ocrx_word' id='word_1_94' title='bbox 437 1396 745 1464; x_wconf 89' lang='lat' dir='ltr'><strong>Gerarum,</strong></span> <span class='ocrx_word' id='word_1_95' title='bbox 799 1401 856 1452; x_wconf 89' lang='lat' dir='ltr'><strong>et</strong></span> <span class='ocrx_word' id='word_1_96' title='bbox 894 1397 1241 1452; x_wconf 89' lang='lat' dir='ltr'><strong>invenerunt</strong></span> <span class='ocrx_word' id='word_1_97' title='bbox 1295 1397 1374 1452; x_wconf 86' lang='lat' dir='ltr'><strong>ibi</strong></span> <span class='ocrx_word' id='word_1_98' title='bbox 1443 1403 1682 1470; x_wconf 85' lang='lat' dir='ltr'><strong>puteum</strong></span> <span class='ocrx_word' id='word_1_99' title='bbox 1733 1416 1896 1471; x_wconf 81' lang='lat' dir='ltr'><strong>aquae</strong></span> 
     </span>
    </p>
   </div>
   <div class='ocr_carea' id='block_1_14' title="bbox 244 1483 1896 1559">
    <p class='ocr_par' dir='ltr' id='par_1_14' title="bbox 244 1483 1896 1559">
     <span class='ocr_line' id='line_1_14' title="bbox 244 1483 1896 1559; baseline 0.004 -21"><span class='ocrx_word' id='word_1_100' title='bbox 244 1485 523 1541; x_wconf 64' lang='lat' dir='ltr'><strong>vivam-Et</strong></span> <span class='ocrx_word' id='word_1_101' title='bbox 550 1484 647 1540; x_wconf 93' lang='lat' dir='ltr'><strong>hic</strong></span> <span class='ocrx_word' id='word_1_102' title='bbox 675 1483 1436 1559; x_wconf 81' lang='lat' dir='ltr'><strong>provalletorrensscriptus</strong></span> <span class='ocrx_word' id='word_1_103' title='bbox 1459 1492 1551 1542; x_wconf 88' lang='lat' dir='ltr'><strong>est</strong></span> <span class='ocrx_word' id='word_1_104' title='bbox 1571 1506 1896 1559; x_wconf 88' lang='lat' dir='ltr'><strong>;nunquam</strong></span> 
     </span>
    </p>
   </div>
   <div class='ocr_carea' id='block_1_15' title="bbox 241 1572 1632 1647">
    <p class='ocr_par' dir='ltr' id='par_1_15' title="bbox 241 1572 1632 1647">
     <span class='ocr_line' id='line_1_15' title="bbox 241 1572 1632 1647; baseline 0.001 -19"><span class='ocrx_word' id='word_1_105' title='bbox 241 1574 403 1628; x_wconf 90' lang='lat' dir='ltr'><strong>enim</strong></span> <span class='ocrx_word' id='word_1_106' title='bbox 437 1572 496 1627; x_wconf 93' lang='lat' dir='ltr'><strong>in</strong></span> <span class='ocrx_word' id='word_1_107' title='bbox 525 1572 676 1628; x_wconf 89' lang='lat' dir='ltr'><strong>valle</strong></span> <span class='ocrx_word' id='word_1_108' title='bbox 708 1573 1004 1629; x_wconf 88' lang='lat' dir='ltr'><strong>invenitur</strong></span> <span class='ocrx_word' id='word_1_109' title='bbox 1034 1579 1246 1646; x_wconf 90' lang='lat' dir='ltr'><strong>puteus</strong></span> <span class='ocrx_word' id='word_1_110' title='bbox 1277 1592 1442 1647; x_wconf 73' lang='lat' dir='ltr'><strong>aqum</strong></span> <span class='ocrx_word' id='word_1_111' title='bbox 1476 1577 1632 1631; x_wconf 83' lang='lat' dir='ltr'><strong>vivae.</strong></span> 
     </span>
    </p>
   </div>
   <div class='ocr_carea' id='block_1_16' title="bbox 319 1662 1897 1736">
    <p class='ocr_par' dir='ltr' id='par_1_16' title="bbox 319 1662 1897 1736">
     <span class='ocr_line' id='line_1_16' title="bbox 319 1662 1897 1736; baseline 0.004 -20"><span class='ocrx_word' id='word_1_112' title='bbox 319 1662 504 1732; x_wconf 89' lang='lat' dir='ltr'><strong>(Vers.</strong></span> <span class='ocrx_word' id='word_1_113' title='bbox 538 1662 653 1733; x_wconf 89' lang='grc'><strong>21.)</strong></span> <span class='ocrx_word' id='word_1_114' title='bbox 695 1662 764 1717; x_wconf 92' lang='lat' dir='ltr'><strong>Et</strong></span> <span class='ocrx_word' id='word_1_115' title='bbox 815 1663 1086 1718; x_wconf 80' lang='lat' dir='ltr'><strong>foderunt</strong></span> <span class='ocrx_word' id='word_1_116' title='bbox 1137 1669 1381 1736; x_wconf 88' lang='lat' dir='ltr'><strong>puteum</strong></span> <span class='ocrx_word' id='word_1_117' title='bbox 1429 1665 1700 1734; x_wconf 90' lang='lat' dir='ltr'><strong>alterum,</strong></span> <span class='ocrx_word' id='word_1_118' title='bbox 1734 1672 1791 1722; x_wconf 89' lang='lat' dir='ltr'><strong>et</strong></span> <span class='ocrx_word' id='word_1_119' title='bbox 1815 1667 1897 1722; x_wconf 84' lang='lat' dir='ltr'><strong>al-</strong></span> 
     </span>
    </p>
   </div>
   <div class='ocr_carea' id='block_1_17' title="bbox 243 1751 1895 1824">
    <p class='ocr_par' dir='ltr' id='par_1_17' title="bbox 243 1751 1895 1824">
     <span class='ocr_line' id='line_1_17' title="bbox 243 1751 1895 1824; baseline 0.004 -20"><span class='ocrx_word' id='word_1_120' title='bbox 243 1751 448 1806; x_wconf 88' lang='lat' dir='ltr'><strong>tercati</strong></span> <span class='ocrx_word' id='word_1_121' title='bbox 500 1755 641 1806; x_wconf 89' lang='lat' dir='ltr'><strong>sunt</strong></span> <span class='ocrx_word' id='word_1_122' title='bbox 690 1751 866 1806; x_wconf 88' lang='lat' dir='ltr'><strong>etiam</strong></span> <span class='ocrx_word' id='word_1_123' title='bbox 917 1768 1095 1824; x_wconf 83' lang='lat' dir='ltr'><strong>super</strong></span> <span class='ocrx_word' id='word_1_124' title='bbox 1144 1769 1245 1808; x_wconf 93' lang='lat' dir='ltr'><strong>eo:</strong></span> <span class='ocrx_word' id='word_1_125' title='bbox 1304 1757 1362 1808; x_wconf 90' lang='lat' dir='ltr'><strong>et</strong></span> <span class='ocrx_word' id='word_1_126' title='bbox 1419 1755 1642 1808; x_wconf 80' lang='lat' dir='ltr'><strong>vocavit</strong></span> <span class='ocrx_word' id='word_1_127' title='bbox 1685 1772 1895 1811; x_wconf 90' lang='lat' dir='ltr'><strong>nomen</strong></span> 
     </span>
    </p>
   </div>
   <div class='ocr_carea' id='block_1_18' title="bbox 239 1837 1976 1944">
    <p class='ocr_par' dir='ltr' id='par_1_18' title="bbox 239 1837 1976 1944">
     <span class='ocr_line' id='line_1_18' title="bbox 239 1837 1976 1944; baseline 0.003 -50"><span class='ocrx_word' id='word_1_128' title='bbox 239 1840 373 1909; x_wconf 85' lang='lat' dir='ltr'><strong>ejus</strong></span> <span class='ocrx_word' id='word_1_129' title='bbox 394 1837 890 1944; x_wconf 66' lang='lat' dir='ltr'><strong>inimicitize.»Pro</strong></span> <span class='ocrx_word' id='word_1_130' title='bbox 912 1839 1409 1944; x_wconf 62' lang='lat' dir='ltr'><strong>inimicitiisquod</strong></span> <span class='ocrx_word' id='word_1_131' title='bbox 1432 1843 1647 1914; x_wconf 85' lang='lat' dir='ltr'><strong>Aquila</strong></span> <span class='ocrx_word' id='word_1_132' title='bbox 1662 1848 1720 1898; x_wconf 90' lang='lat' dir='ltr'><strong>et</strong></span> <span class='ocrx_word' id='word_1_133' title='bbox 1741 1848 1900 1916; x_wconf 83' lang='lat' dir='ltr'><strong>Sym-</strong></span> <span class='ocrx_word' id='word_1_134' title='bbox 1930 1879 1976 1944; x_wconf 80' lang='grc' dir='ltr'><strong>Β</strong></span> 
     </span>
    </p>
   </div>
   <div class='ocr_carea' id='block_1_19' title="bbox 240 1925 1898 1999">
    <p class='ocr_par' dir='ltr' id='par_1_19' title="bbox 240 1925 1898 1999">
     <span class='ocr_line' id='line_1_19' title="bbox 240 1925 1898 1999; baseline 0.004 -17"><span class='ocrx_word' id='word_1_135' title='bbox 240 1927 490 1982; x_wconf 89' lang='lat' dir='ltr'><strong>machus</strong></span> <span class='ocrx_word' id='word_1_136' title='bbox 532 1927 632 1994; x_wconf 74' lang='grc' dir='ltr'>τήν</span> <span class='ocrx_word' id='word_1_137' title='bbox 685 1925 1058 1999; x_wconf 72' lang='grc' dir='ltr'><strong>ἀντικειμένην</strong></span> <span class='ocrx_word' id='word_1_138' title='bbox 1129 1934 1186 1984; x_wconf 83' lang='lat' dir='ltr'><strong>et</strong></span> <span class='ocrx_word' id='word_1_139' title='bbox 1235 1927 1592 1983; x_wconf 77' lang='grc' dir='ltr'>ἐναντίωσιν²</span> <span class='ocrx_word' id='word_1_140' title='bbox 1639 1937 1898 1988; x_wconf 82' lang='lat' dir='ltr'><strong>transtu-</strong></span> 
     </span>
    </p>
   </div>
   <div class='ocr_carea' id='block_1_20' title="bbox 238 2016 1896 2090">
    <p class='ocr_par' dir='ltr' id='par_1_20' title="bbox 238 2016 1896 2090">
     <span class='ocr_line' id='line_1_20' title="bbox 238 2016 1896 2090; baseline 0.004 -19"><span class='ocrx_word' id='word_1_141' title='bbox 238 2016 456 2082; x_wconf 91' lang='lat' dir='ltr'><strong>lerunt,</strong></span> <span class='ocrx_word' id='word_1_142' title='bbox 491 2016 548 2070; x_wconf 92' lang='lat' dir='ltr'><strong>id</strong></span> <span class='ocrx_word' id='word_1_143' title='bbox 581 2021 694 2082; x_wconf 91' lang='lat' dir='ltr'><strong>est,</strong></span> <span class='ocrx_word' id='word_1_144' title='bbox 725 2017 1016 2073; x_wconf 82' lang='lat' dir='ltr'><strong>adversum</strong></span> <span class='ocrx_word' id='word_1_145' title='bbox 1067 2023 1246 2090; x_wconf 88' lang='lat' dir='ltr'><strong>atque</strong></span> <span class='ocrx_word' id='word_1_146' title='bbox 1293 2023 1666 2086; x_wconf 84' lang='lat' dir='ltr'><strong>contrarium,</strong></span> <span class='ocrx_word' id='word_1_147' title='bbox 1697 2021 1757 2076; x_wconf 91' lang='lat' dir='ltr'><strong>in</strong></span> <span class='ocrx_word' id='word_1_148' title='bbox 1787 2023 1896 2078; x_wconf 86' lang='lat' dir='ltr'><strong>Ile-</strong></span> 
     </span>
    </p>
   </div>
   <div class='ocr_carea' id='block_1_21' title="bbox 243 2104 1899 2182">
    <p class='ocr_par' dir='ltr' id='par_1_21' title="bbox 243 2104 1899 2182">
     <span class='ocr_line' id='line_1_21' title="bbox 243 2104 1899 2182; baseline 0.004 -22"><span class='ocrx_word' id='word_1_149' title='bbox 243 2105 398 2160; x_wconf 71' lang='lat' dir='ltr'><strong>brxeo</strong></span> <span class='ocrx_word' id='word_1_150' title='bbox 429 2104 625 2174; x_wconf 91' lang='lat' dir='ltr'><strong>habet,</strong></span> <span class='ocrx_word' id='word_1_151' title='bbox 659 2122 874 2160; x_wconf 59' lang='lat' dir='ltr'><strong>suam</strong></span> <span class='ocrx_word' id='word_1_152' title='bbox 924 2107 1172 2178; x_wconf 64' lang='lat' dir='ltr'><strong>(mue),</strong></span> <span class='ocrx_word' id='word_1_153' title='bbox 1225 2108 1307 2162; x_wconf 87' lang='lat' dir='ltr'><strong>Ex</strong></span> <span class='ocrx_word' id='word_1_154' title='bbox 1353 2124 1468 2180; x_wconf 93' lang='lat' dir='ltr'><strong>quo</strong></span> <span class='ocrx_word' id='word_1_155' title='bbox 1517 2109 1899 2182; x_wconf 79' lang='lat' dir='ltr'><strong>intelligimus</strong></span> 
     </span>
    </p>
   </div>
   <div class='ocr_carea' id='block_1_22' title="bbox 241 2194 1310 2268">
    <p class='ocr_par' dir='ltr' id='par_1_22' title="bbox 241 2194 1310 2268">
     <span class='ocr_line' id='line_1_22' title="bbox 241 2194 1310 2268; baseline 0.001 -19"><span class='ocrx_word' id='word_1_156' title='bbox 241 2194 512 2250; x_wconf 85' lang='lat' dir='ltr'><strong>Satanam</strong></span> <span class='ocrx_word' id='word_1_157' title='bbox 541 2196 890 2250; x_wconf 81' lang='lat' dir='ltr'><strong>contrarium</strong></span> <span class='ocrx_word' id='word_1_158' title='bbox 919 2195 1310 2268; x_wconf 90' lang='lat' dir='ltr'><strong>interpretari.</strong></span> 
     </span>
    </p>
   </div>
   <div class='ocr_carea' id='block_1_23' title="bbox 325 2281 1900 2356">
    <p class='ocr_par' dir='ltr' id='par_1_23' title="bbox 325 2281 1900 2356">
     <span class='ocr_line' id='line_1_23' title="bbox 325 2281 1900 2356; baseline 0.005 -20"><span class='ocrx_word' id='word_1_159' title='bbox 325 2281 509 2354; x_wconf 88' lang='lat' dir='ltr'><strong>(Vers.</strong></span> <span class='ocrx_word' id='word_1_160' title='bbox 538 2283 653 2353; x_wconf 87' lang='lat'><strong>22.)</strong></span> <span class='ocrx_word' id='word_1_161' title='bbox 693 2305 718 2336; x_wconf 77' lang='lat' dir='ltr'><strong>xx</strong></span> <span class='ocrx_word' id='word_1_162' title='bbox 751 2286 818 2338; x_wconf 90' lang='lat' dir='ltr'><strong>Et</strong></span> <span class='ocrx_word' id='word_1_163' title='bbox 847 2283 1124 2340; x_wconf 87' lang='lat' dir='ltr'><strong>foderunt</strong></span> <span class='ocrx_word' id='word_1_164' title='bbox 1177 2289 1418 2356; x_wconf 88' lang='lat' dir='ltr'><strong>puteum</strong></span> <span class='ocrx_word' id='word_1_165' title='bbox 1445 2284 1648 2353; x_wconf 89' lang='lat' dir='ltr'><strong>alium,</strong></span> <span class='ocrx_word' id='word_1_166' title='bbox 1699 2293 1755 2343; x_wconf 91' lang='lat' dir='ltr'><strong>et</strong></span> <span class='ocrx_word' id='word_1_167' title='bbox 1786 2306 1900 2344; x_wconf 91' lang='lat' dir='ltr'><strong>non</strong></span> 
     </span>
    </p>
   </div>
   <div class='ocr_carea' id='block_1_24' title="bbox 238 2371 1901 2446">
    <p class='ocr_par' dir='ltr' id='par_1_24' title="bbox 238 2371 1901 2446">
     <span class='ocr_line' id='line_1_24' title="bbox 238 2371 1901 2446; baseline 0.003 -19"><span class='ocrx_word' id='word_1_168' title='bbox 238 2371 626 2443; x_wconf 81' lang='lat' dir='ltr'><strong>litigaverunt</strong></span> <span class='ocrx_word' id='word_1_169' title='bbox 665 2388 802 2428; x_wconf 90' lang='lat' dir='ltr'><strong>cum</strong></span> <span class='ocrx_word' id='word_1_170' title='bbox 835 2371 958 2428; x_wconf 90' lang='lat' dir='ltr'><strong>eis:</strong></span> <span class='ocrx_word' id='word_1_171' title='bbox 1011 2377 1068 2428; x_wconf 91' lang='lat' dir='ltr'><strong>et</strong></span> <span class='ocrx_word' id='word_1_172' title='bbox 1095 2373 1322 2429; x_wconf 90' lang='lat' dir='ltr'><strong>vocavit</strong></span> <span class='ocrx_word' id='word_1_173' title='bbox 1365 2391 1576 2430; x_wconf 88' lang='lat' dir='ltr'><strong>nomen</strong></span> <span class='ocrx_word' id='word_1_174' title='bbox 1607 2377 1734 2446; x_wconf 83' lang='lat' dir='ltr'><strong>ejus</strong></span> <span class='ocrx_word' id='word_1_175' title='bbox 1766 2377 1901 2432; x_wconf 87' lang='lat' dir='ltr'><strong>lati-</strong></span> 
     </span>
    </p>
   </div>
   <div class='ocr_carea' id='block_1_25' title="bbox 236 2459 1899 2530">
    <p class='ocr_par' dir='ltr' id='par_1_25' title="bbox 236 2459 1899 2530">
     <span class='ocr_line' id='line_1_25' title="bbox 236 2459 1899 2530; baseline 0.004 -14"><span class='ocrx_word' id='word_1_176' title='bbox 236 2461 404 2517; x_wconf 89' lang='lat' dir='ltr'><strong>tudo.</strong></span> <span class='ocrx_word' id='word_1_177' title='bbox 444 2483 472 2510; x_wconf 90' lang='grc'><strong>››</strong></span> <span class='ocrx_word' id='word_1_178' title='bbox 509 2464 622 2516; x_wconf 90' lang='lat' dir='ltr'><strong>Pro</strong></span> <span class='ocrx_word' id='word_1_179' title='bbox 654 2459 986 2530; x_wconf 83' lang='lat' dir='ltr'><strong>latitudine,</strong></span> <span class='ocrx_word' id='word_1_180' title='bbox 1020 2463 1080 2517; x_wconf 92' lang='lat' dir='ltr'><strong>in</strong></span> <span class='ocrx_word' id='word_1_181' title='bbox 1125 2462 1366 2519; x_wconf 70' lang='lat' dir='ltr'><strong>Hebraxo</strong></span> <span class='ocrx_word' id='word_1_182' title='bbox 1413 2463 1588 2520; x_wconf 89' lang='lat' dir='ltr'><strong>habet</strong></span> <span class='ocrx_word' id='word_1_183' title='bbox 1639 2483 1899 2523; x_wconf 80' lang='lat' dir='ltr'><strong>noono&#39;rxx</strong></span> 
     </span>
    </p>
   </div>
   <div class='ocr_carea' id='block_1_26' title="bbox 239 2549 1897 2625">
    <p class='ocr_par' dir='ltr' id='par_1_26' title="bbox 239 2549 1897 2625">
     <span class='ocr_line' id='line_1_26' title="bbox 239 2549 1897 2625; baseline 0.005 -22"><span class='ocrx_word' id='word_1_184' title='bbox 239 2553 493 2619; x_wconf 68' lang='lat' dir='ltr'><strong>(mam),</strong></span> <span class='ocrx_word' id='word_1_185' title='bbox 527 2549 597 2604; x_wconf 91' lang='lat' dir='ltr'><strong>ad</strong></span> <span class='ocrx_word' id='word_1_186' title='bbox 630 2550 1001 2622; x_wconf 89' lang='lat' dir='ltr'><strong>probandum</strong></span> <span class='ocrx_word' id='word_1_187' title='bbox 1034 2551 1203 2619; x_wconf 92' lang='lat' dir='ltr'><strong>illud,</strong></span> <span class='ocrx_word' id='word_1_188' title='bbox 1224 2553 1379 2624; x_wconf 90' lang='lat' dir='ltr'><strong>quod</strong></span> <span class='ocrx_word' id='word_1_189' title='bbox 1413 2570 1592 2625; x_wconf 87' lang='lat' dir='ltr'><strong>supra</strong></span> <span class='ocrx_word' id='word_1_190' title='bbox 1622 2555 1897 2612; x_wconf 87' lang='lat' dir='ltr'><strong>diximus:</strong></span> 
     </span>
    </p>
   </div>
   <div class='ocr_carea' id='block_1_27' title="bbox 243 2638 1898 2714">
    <p class='ocr_par' dir='ltr' id='par_1_27' title="bbox 243 2638 1898 2714">
     <span class='ocr_line' id='line_1_27' title="bbox 243 2638 1898 2714; baseline 0.004 -20"><span class='ocrx_word' id='word_1_191' title='bbox 243 2641 364 2711; x_wconf 83' lang='lat' dir='ltr'><strong>Ipse</strong></span> <span class='ocrx_word' id='word_1_192' title='bbox 392 2638 695 2708; x_wconf 65' lang='lat' dir='ltr'><strong>aediﬁcavit</strong></span> <span class='ocrx_word' id='word_1_193' title='bbox 724 2640 960 2694; x_wconf 88' lang='lat' dir='ltr'><strong>Niniven</strong></span> <span class='ocrx_word' id='word_1_194' title='bbox 984 2642 1283 2710; x_wconf 81' lang='lat' dir='ltr'><strong>civitatem,</strong></span> <span class='ocrx_word' id='word_1_195' title='bbox 1335 2651 1386 2696; x_wconf 92' lang='lat' dir='ltr'><strong>et</strong></span> <span class='ocrx_word' id='word_1_196' title='bbox 1425 2643 1672 2713; x_wconf 82' lang='lat' dir='ltr'><strong>rooboth,</strong></span> <span class='ocrx_word' id='word_1_197' title='bbox 1699 2643 1755 2699; x_wconf 88' lang='lat' dir='ltr'><strong>id</strong></span> <span class='ocrx_word' id='word_1_198' title='bbox 1788 2650 1898 2714; x_wconf 87' lang='lat' dir='ltr'><strong>est,</strong></span> 
     </span>
    </p>
   </div>
   <div class='ocr_carea' id='block_1_28' title="bbox 239 2727 1012 2800">
    <p class='ocr_par' dir='ltr' id='par_1_28' title="bbox 239 2727 1012 2800">
     <span class='ocr_line' id='line_1_28' title="bbox 239 2727 1012 2800; baseline 0.001 -18"><span class='ocrx_word' id='word_1_199' title='bbox 239 2729 455 2800; x_wconf 75' lang='lat' dir='ltr'><strong>plateas</strong></span> <span class='ocrx_word' id='word_1_200' title='bbox 483 2728 600 2799; x_wconf 84' lang='lat' dir='ltr'><strong>ejus</strong></span> <span class='ocrx_word' id='word_1_201' title='bbox 631 2727 785 2799; x_wconf 83' lang='lat' dir='ltr'><strong>(Gen.</strong></span> <span class='ocrx_word' id='word_1_202' title='bbox 813 2745 868 2795; x_wconf 91' lang='lat' dir='ltr'><strong>x,</strong></span> <span class='ocrx_word' id='word_1_203' title='bbox 901 2728 1012 2797; x_wconf 77' lang='lat' dir='ltr'><strong>ll).</strong></span> 
     </span>
    </p>
   </div>
   <div class='ocr_carea' id='block_1_29' title="bbox 320 2816 1898 2889">
    <p class='ocr_par' dir='ltr' id='par_1_29' title="bbox 320 2816 1898 2889">
     <span class='ocr_line' id='line_1_29' title="bbox 320 2816 1898 2889; baseline 0.006 -19"><span class='ocrx_word' id='word_1_204' title='bbox 320 2816 506 2889; x_wconf 90' lang='lat' dir='ltr'><strong>(Vers.</strong></span> <span class='ocrx_word' id='word_1_205' title='bbox 534 2817 656 2887; x_wconf 87' lang='lat'><strong>26.)</strong></span> <span class='ocrx_word' id='word_1_206' title='bbox 708 2840 736 2866; x_wconf 86' lang='lat'>«</span> <span class='ocrx_word' id='word_1_207' title='bbox 789 2818 859 2872; x_wconf 90' lang='lat' dir='ltr'><strong>Et</strong></span> <span class='ocrx_word' id='word_1_208' title='bbox 891 2817 1229 2874; x_wconf 87' lang='lat' dir='ltr'><strong>Ahimelech</strong></span> <span class='ocrx_word' id='word_1_209' title='bbox 1265 2819 1369 2875; x_wconf 86' lang='lat' dir='ltr'><strong>ivit</strong></span> <span class='ocrx_word' id='word_1_210' title='bbox 1398 2821 1473 2876; x_wconf 90' lang='lat' dir='ltr'><strong>ad</strong></span> <span class='ocrx_word' id='word_1_211' title='bbox 1501 2838 1635 2877; x_wconf 88' lang='lat' dir='ltr'><strong>eum</strong></span> <span class='ocrx_word' id='word_1_212' title='bbox 1691 2823 1763 2879; x_wconf 86' lang='lat' dir='ltr'><strong>de</strong></span> <span class='ocrx_word' id='word_1_213' title='bbox 1791 2825 1898 2879; x_wconf 89' lang='lat' dir='ltr'><strong>Ge-</strong></span> 
     </span>
    </p>
   </div>
   <div class='ocr_carea' id='block_1_30' title="bbox 243 2905 1901 2983">
    <p class='ocr_par' dir='ltr' id='par_1_30' title="bbox 243 2905 1901 2983">
     <span class='ocr_line' id='line_1_30' title="bbox 243 2905 1901 2983; baseline 0.004 -23"><span class='ocrx_word' id='word_1_214' title='bbox 243 2905 422 2973; x_wconf 86' lang='lat' dir='ltr'><strong>raris,</strong></span> <span class='ocrx_word' id='word_1_215' title='bbox 453 2909 510 2960; x_wconf 92' lang='lat' dir='ltr'><strong>et</strong></span> <span class='ocrx_word' id='word_1_216' title='bbox 540 2905 836 2962; x_wconf 90' lang='lat' dir='ltr'><strong>Ochozath</strong></span> <span class='ocrx_word' id='word_1_217' title='bbox 863 2907 1170 2978; x_wconf 91' lang='lat' dir='ltr'><strong>pronubus</strong></span> <span class='ocrx_word' id='word_1_218' title='bbox 1211 2909 1362 2978; x_wconf 87' lang='lat' dir='ltr'><strong>ejus,</strong></span> <span class='ocrx_word' id='word_1_219' title='bbox 1415 2915 1472 2964; x_wconf 91' lang='lat' dir='ltr'><strong>et</strong></span> <span class='ocrx_word' id='word_1_220' title='bbox 1520 2909 1715 2966; x_wconf 87' lang='lat' dir='ltr'><strong>Phicol</strong></span> <span class='ocrx_word' id='word_1_221' title='bbox 1749 2912 1901 2983; x_wconf 83' lang='lat' dir='ltr'><strong>prin-</strong></span> 
     </span>
    </p>
   </div>
   <div class='ocr_carea' id='block_1_31' title="bbox 243 2992 1898 3069">
    <p class='ocr_par' dir='ltr' id='par_1_31' title="bbox 243 2992 1898 3069">
     <span class='ocr_line' id='line_1_31' title="bbox 243 2992 1898 3069; baseline 0.004 -19"><span class='ocrx_word' id='word_1_222' title='bbox 243 3010 385 3067; x_wconf 88' lang='lat' dir='ltr'><strong>ceps</strong></span> <span class='ocrx_word' id='word_1_223' title='bbox 429 2992 654 3048; x_wconf 84' lang='lat' dir='ltr'><strong>militiae</strong></span> <span class='ocrx_word' id='word_1_224' title='bbox 704 2995 918 3064; x_wconf 87' lang='lat' dir='ltr'><strong>ejus.»</strong></span> <span class='ocrx_word' id='word_1_225' title='bbox 968 2995 1076 3050; x_wconf 88' lang='lat' dir='ltr'><strong>Pro</strong></span> <span class='ocrx_word' id='word_1_226' title='bbox 1131 2995 1424 3053; x_wconf 88' lang='lat' dir='ltr'><strong>Ochozath</strong></span> <span class='ocrx_word' id='word_1_227' title='bbox 1473 3001 1738 3069; x_wconf 89' lang='lat' dir='ltr'><strong>pronubo</strong></span> <span class='ocrx_word' id='word_1_228' title='bbox 1757 3001 1798 3069; x_wconf 78' lang='grc'><strong>³,</strong></span> <span class='ocrx_word' id='word_1_229' title='bbox 1840 3001 1898 3056; x_wconf 92' lang='lat' dir='ltr'><strong>in</strong></span> 
     </span>
    </p>
   </div>
   <div class='ocr_carea' id='block_1_32' title="bbox 247 3082 1901 3158">
    <p class='ocr_par' dir='ltr' id='par_1_32' title="bbox 247 3082 1901 3158">
     <span class='ocr_line' id='line_1_32' title="bbox 247 3082 1901 3158; baseline 0.004 -19"><span class='ocrx_word' id='word_1_230' title='bbox 247 3084 484 3140; x_wconf 68' lang='lat' dir='ltr'><strong>Hebraeo</strong></span> <span class='ocrx_word' id='word_1_231' title='bbox 551 3082 748 3155; x_wconf 85' lang='lat' dir='ltr'><strong>habet,</strong></span> <span class='ocrx_word' id='word_1_232' title='bbox 795 3084 1087 3154; x_wconf 77' lang='lat' dir='ltr'><strong>collegium</strong></span> <span class='ocrx_word' id='word_1_233' title='bbox 1137 3088 1440 3142; x_wconf 84' lang='lat' dir='ltr'><strong>amicorum</strong></span> <span class='ocrx_word' id='word_1_234' title='bbox 1467 3089 1620 3158; x_wconf 82' lang='lat' dir='ltr'><strong>ejus:</strong></span> <span class='ocrx_word' id='word_1_235' title='bbox 1673 3093 1738 3145; x_wconf 92' lang='lat' dir='ltr'><strong>ut</strong></span> <span class='ocrx_word' id='word_1_236' title='bbox 1785 3107 1901 3146; x_wconf 89' lang='lat' dir='ltr'><strong>non</strong></span> 
     </span>
    </p>
   </div>
   <div class='ocr_carea' id='block_1_33' title="bbox 245 3171 1898 3248">
    <p class='ocr_par' dir='ltr' id='par_1_33' title="bbox 245 3171 1898 3248">
     <span class='ocr_line' id='line_1_33' title="bbox 245 3171 1898 3248; baseline 0.004 -20"><span class='ocrx_word' id='word_1_237' title='bbox 245 3177 371 3228; x_wconf 88' lang='lat' dir='ltr'><strong>tam</strong></span> <span class='ocrx_word' id='word_1_238' title='bbox 403 3171 702 3228; x_wconf 87' lang='lat' dir='ltr'><strong>hominem</strong></span> <span class='ocrx_word' id='word_1_239' title='bbox 734 3171 1028 3245; x_wconf 84' lang='lat' dir='ltr'><strong>signiﬁcet</strong></span> <span class='ocrx_word' id='word_1_240' title='bbox 1077 3189 1255 3246; x_wconf 89' lang='lat' dir='ltr'><strong>quam</strong></span> <span class='ocrx_word' id='word_1_241' title='bbox 1287 3175 1610 3232; x_wconf 87' lang='lat' dir='ltr'><strong>amicorum</strong></span> <span class='ocrx_word' id='word_1_242' title='bbox 1641 3179 1898 3248; x_wconf 87' lang='lat' dir='ltr'><strong>turbam,</strong></span> 
     </span>
    </p>
   </div>
   <div class='ocr_carea' id='block_1_34' title="bbox 2005 600 3648 680">
    <p class='ocr_par' dir='ltr' id='par_1_34' title="bbox 2005 600 3648 680">
     <span class='ocr_line' id='line_1_34' title="bbox 2005 600 3648 680; baseline 0.007 -28"><span class='ocrx_word' id='word_1_243' title='bbox 2005 600 2146 654; x_wconf 88' lang='lat' dir='ltr'><strong>tioni</strong></span> <span class='ocrx_word' id='word_1_244' title='bbox 2178 600 2387 670; x_wconf 78' lang='lat' dir='ltr'><strong>Aquila</strong></span> <span class='ocrx_word' id='word_1_245' title='bbox 2416 601 2705 656; x_wconf 88' lang='lat' dir='ltr'><strong>consentit</strong></span> <span class='ocrx_word' id='word_1_246' title='bbox 2733 605 2790 656; x_wconf 91' lang='lat' dir='ltr'><strong>et</strong></span> <span class='ocrx_word' id='word_1_247' title='bbox 2835 601 3244 673; x_wconf 81' lang='lat' dir='ltr'><strong>Symmachus,</strong></span> <span class='ocrx_word' id='word_1_248' title='bbox 3277 603 3386 662; x_wconf 88' lang='lat' dir='ltr'><strong>hoc</strong></span> <span class='ocrx_word' id='word_1_249' title='bbox 3417 607 3648 680; x_wconf 84' lang='lat' dir='ltr'><strong>signiﬁ-</strong></span> 
     </span>
    </p>
   </div>
   <div class='ocr_carea' id='block_1_35' title="bbox 2005 689 3647 768">
    <p class='ocr_par' dir='ltr' id='par_1_35' title="bbox 2005 689 3647 768">
     <span class='ocr_line' id='line_1_35' title="bbox 2005 689 3647 768; baseline 0.008 -27"><span class='ocrx_word' id='word_1_250' title='bbox 2005 693 2118 754; x_wconf 87' lang='lat' dir='ltr'><strong>cat,</strong></span> <span class='ocrx_word' id='word_1_251' title='bbox 2153 689 2292 760; x_wconf 87' lang='lat' dir='ltr'><strong>quia</strong></span> <span class='ocrx_word' id='word_1_252' title='bbox 2323 689 2652 744; x_wconf 90' lang='lat' dir='ltr'><strong>invenerint</strong></span> <span class='ocrx_word' id='word_1_253' title='bbox 2681 707 2916 762; x_wconf 90' lang='lat' dir='ltr'><strong>aquam,</strong></span> <span class='ocrx_word' id='word_1_254' title='bbox 2966 694 3024 746; x_wconf 89' lang='lat' dir='ltr'><strong>et</strong></span> <span class='ocrx_word' id='word_1_255' title='bbox 3055 697 3360 763; x_wconf 86' lang='lat' dir='ltr'><strong>propterea</strong></span> <span class='ocrx_word' id='word_1_256' title='bbox 3390 697 3647 768; x_wconf 89' lang='lat' dir='ltr'><strong>appella-</strong></span> 
     </span>
    </p>
   </div>
   <div class='ocr_carea' id='block_1_36' title="bbox 2005 779 3647 850">
    <p class='ocr_par' dir='ltr' id='par_1_36' title="bbox 2005 779 3647 850">
     <span class='ocr_line' id='line_1_36' title="bbox 2005 779 3647 850; baseline 0.007 -20"><span class='ocrx_word' id='word_1_257' title='bbox 2005 782 2100 831; x_wconf 87' lang='lat' dir='ltr'><strong>txxs</strong></span> <span class='ocrx_word' id='word_1_258' title='bbox 2151 779 2228 831; x_wconf 88' lang='lat' dir='ltr'><strong>sit</strong></span> <span class='ocrx_word' id='word_1_259' title='bbox 2285 783 2498 849; x_wconf 86' lang='lat' dir='ltr'><strong>puteus</strong></span> <span class='ocrx_word' id='word_1_260' title='bbox 2559 779 2682 850; x_wconf 92' lang='lat' dir='ltr'><strong>ipse</strong></span> <span class='ocrx_word' id='word_1_261' title='bbox 2727 782 3035 834; x_wconf 73' lang='lat' dir='ltr'><strong>saturitas:</strong></span> <span class='ocrx_word' id='word_1_262' title='bbox 3089 785 3145 834; x_wconf 89' lang='lat' dir='ltr'><strong>et</strong></span> <span class='ocrx_word' id='word_1_263' title='bbox 3193 787 3395 837; x_wconf 89' lang='lat' dir='ltr'><strong>vocata</strong></span> <span class='ocrx_word' id='word_1_264' title='bbox 3443 783 3647 842; x_wconf 87' lang='lat' dir='ltr'><strong>civitas</strong></span> 
     </span>
    </p>
   </div>
   <div class='ocr_carea' id='block_1_37' title="bbox 2006 867 3646 946">
    <p class='ocr_par' dir='ltr' id='par_1_37' title="bbox 2006 867 3646 946">
     <span class='ocr_line' id='line_1_37' title="bbox 2006 867 3646 946; baseline 0.007 -26"><span class='ocrx_word' id='word_1_265' title='bbox 2006 883 2312 932; x_wconf 68' lang='lat' dir='ltr'><strong>naxxssxxsa,</strong></span> <span class='ocrx_word' id='word_1_266' title='bbox 2363 867 2471 923; x_wconf 89' lang='lat' dir='ltr'><strong>hoc</strong></span> <span class='ocrx_word' id='word_1_267' title='bbox 2529 877 2636 933; x_wconf 90' lang='lat' dir='ltr'><strong>est,</strong></span> <span class='ocrx_word' id='word_1_268' title='bbox 2684 873 2880 940; x_wconf 76' lang='lat' dir='ltr'><strong>puteus</strong></span> <span class='ocrx_word' id='word_1_269' title='bbox 2924 871 3236 924; x_wconf 83' lang='lat' dir='ltr'><strong>saturitatis</strong></span> <span class='ocrx_word' id='word_1_270' title='bbox 3281 871 3434 942; x_wconf 88' lang='lat' dir='ltr'><strong>(Gen.</strong></span> <span class='ocrx_word' id='word_1_271' title='bbox 3486 875 3646 946; x_wconf 77' lang='lat' dir='ltr'><strong>xxx):</strong></span> 
     </span>
    </p>
   </div>
   <div class='ocr_carea' id='block_1_38' title="bbox 2005 953 3645 1034">
    <p class='ocr_par' dir='ltr' id='par_1_38' title="bbox 2005 953 3645 1034">
     <span class='ocr_line' id='line_1_38' title="bbox 2005 953 3645 1034; baseline 0.007 -27"><span class='ocrx_word' id='word_1_272' title='bbox 2005 953 2140 1009; x_wconf 90' lang='lat' dir='ltr'><strong>licet</strong></span> <span class='ocrx_word' id='word_1_273' title='bbox 2197 955 2352 1010; x_wconf 88' lang='lat' dir='ltr'><strong>enim</strong></span> <span class='ocrx_word' id='word_1_274' title='bbox 2410 955 2514 1028; x_wconf 80' lang='grc' dir='ltr'><strong>[ΑΙ.</strong></span> <span class='ocrx_word' id='word_1_275' title='bbox 2565 957 2691 1028; x_wconf 88' lang='lat' dir='ltr'><strong>nos]</strong></span> <span class='ocrx_word' id='word_1_276' title='bbox 2737 974 2915 1028; x_wconf 87' lang='lat' dir='ltr'><strong>supra</strong></span> <span class='ocrx_word' id='word_1_277' title='bbox 2960 974 3027 1012; x_wconf 88' lang='lat' dir='ltr'><strong>ex</strong></span> <span class='ocrx_word' id='word_1_278' title='bbox 3082 959 3254 1013; x_wconf 88' lang='lat' dir='ltr'><strong>verbo</strong></span> <span class='ocrx_word' id='word_1_279' title='bbox 3293 959 3645 1034; x_wconf 89' lang='lat' dir='ltr'><strong>juramenti,</strong></span> 
     </span>
    </p>
   </div>
   <div class='ocr_carea' id='block_1_39' title="bbox 2005 1043 3645 1120">
    <p class='ocr_par' dir='ltr' id='par_1_39' title="bbox 2005 1043 3645 1120">
     <span class='ocr_line' id='line_1_39' title="bbox 2005 1043 3645 1120; baseline 0.005 -22"><span class='ocrx_word' id='word_1_280' title='bbox 2005 1043 2124 1098; x_wconf 87' lang='lat' dir='ltr'><strong>sive</strong></span> <span class='ocrx_word' id='word_1_281' title='bbox 2180 1059 2250 1098; x_wconf 84' lang='lat' dir='ltr'><strong>ex</strong></span> <span class='ocrx_word' id='word_1_282' title='bbox 2309 1045 2636 1116; x_wconf 84' lang='lat' dir='ltr'><strong>septenario</strong></span> <span class='ocrx_word' id='word_1_283' title='bbox 2685 1046 2897 1100; x_wconf 90' lang='lat' dir='ltr'><strong>ovium.</strong></span> <span class='ocrx_word' id='word_1_284' title='bbox 2943 1063 3206 1113; x_wconf 88' lang='lat' dir='ltr'><strong>numero,</strong></span> <span class='ocrx_word' id='word_1_285' title='bbox 3255 1049 3407 1120; x_wconf 90' lang='lat' dir='ltr'><strong>quod</strong></span> <span class='ocrx_word' id='word_1_286' title='bbox 3469 1069 3645 1107; x_wconf 62' lang='lat' dir='ltr'><strong>sanes:</strong></span> 
     </span>
    </p>
   </div>
   <div class='ocr_carea' id='block_1_40' title="bbox 2006 1133 3650 1212">
    <p class='ocr_par' dir='ltr' id='par_1_40' title="bbox 2006 1133 3650 1212">
     <span class='ocr_line' id='line_1_40' title="bbox 2006 1133 3650 1212; baseline 0.004 -23"><span class='ocrx_word' id='word_1_287' title='bbox 2006 1133 2186 1204; x_wconf 59' lang='lat'><strong>(3:11?)</strong></span> <span class='ocrx_word' id='word_1_288' title='bbox 2216 1134 2372 1189; x_wconf 73' lang='lat'><strong>348</strong></span> <span class='ocrx_word' id='word_1_289' title='bbox 2403 1133 2635 1189; x_wconf 90' lang='lat' dir='ltr'><strong>dicitur.</strong></span> <span class='ocrx_word' id='word_1_290' title='bbox 2667 1135 3094 1191; x_wconf 84' lang='lat' dir='ltr'><strong>nsscruerimus</strong></span> <span class='ocrx_word' id='word_1_291' title='bbox 3132 1152 3419 1193; x_wconf 64' lang='lat' dir='ltr'><strong>enasseaa</strong></span> <span class='ocrx_word' id='word_1_292' title='bbox 3449 1139 3650 1212; x_wconf 87' lang='lat' dir='ltr'><strong>appel-</strong></span> 
     </span>
    </p>
   </div>
   <div class='ocr_carea' id='block_1_41' title="bbox 2005 1219 3647 1298">
    <p class='ocr_par' dir='ltr' id='par_1_41' title="bbox 2005 1219 3647 1298">
     <span class='ocr_line' id='line_1_41' title="bbox 2005 1219 3647 1298; baseline 0.007 -24"><span class='ocrx_word' id='word_1_293' title='bbox 2005 1219 2217 1276; x_wconf 88' lang='lat' dir='ltr'><strong>latam:</strong></span> <span class='ocrx_word' id='word_1_294' title='bbox 2286 1226 2481 1277; x_wconf 89' lang='lat' dir='ltr'><strong>tamen</strong></span> <span class='ocrx_word' id='word_1_295' title='bbox 2544 1239 2698 1278; x_wconf 90' lang='lat' dir='ltr'><strong>nunc</strong></span> <span class='ocrx_word' id='word_1_296' title='bbox 2756 1239 2824 1278; x_wconf 87' lang='lat' dir='ltr'><strong>ex</strong></span> <span class='ocrx_word' id='word_1_297' title='bbox 2879 1239 2946 1278; x_wconf 90' lang='lat' dir='ltr'><strong>eo</strong></span> <span class='ocrx_word' id='word_1_298' title='bbox 3005 1225 3158 1294; x_wconf 92' lang='lat' dir='ltr'><strong>quod</strong></span> <span class='ocrx_word' id='word_1_299' title='bbox 3211 1242 3365 1298; x_wconf 91' lang='lat' dir='ltr'><strong>aqua</strong></span> <span class='ocrx_word' id='word_1_300' title='bbox 3411 1227 3647 1286; x_wconf 82' lang='lat' dir='ltr'><strong>inventa</strong></span> 
     </span>
    </p>
   </div>
   <div class='ocr_carea' id='block_1_42' title="bbox 2006 1309 3650 1383">
    <p class='ocr_par' dir='ltr' id='par_1_42' title="bbox 2006 1309 3650 1383">
     <span class='ocr_line' id='line_1_42' title="bbox 2006 1309 3650 1383; baseline 0.007 -20"><span class='ocrx_word' id='word_1_301' title='bbox 2006 1314 2114 1374; x_wconf 82' lang='lat' dir='ltr'><strong>est,</strong></span> <span class='ocrx_word' id='word_1_302' title='bbox 2151 1309 2312 1365; x_wconf 90' lang='lat' dir='ltr'><strong>Isaac</strong></span> <span class='ocrx_word' id='word_1_303' title='bbox 2343 1311 2413 1364; x_wconf 91' lang='lat' dir='ltr'><strong>ad</strong></span> <span class='ocrx_word' id='word_1_304' title='bbox 2464 1327 2676 1366; x_wconf 89' lang='lat' dir='ltr'><strong>nomen</strong></span> <span class='ocrx_word' id='word_1_305' title='bbox 2723 1311 2998 1380; x_wconf 85' lang='lat' dir='ltr'><strong>civitatis,</strong></span> <span class='ocrx_word' id='word_1_306' title='bbox 3045 1329 3171 1383; x_wconf 67' lang='lat' dir='ltr'><strong>qua:</strong></span> <span class='ocrx_word' id='word_1_307' title='bbox 3221 1313 3303 1369; x_wconf 89' lang='lat' dir='ltr'><strong>ita</strong></span> <span class='ocrx_word' id='word_1_308' title='bbox 3330 1317 3650 1374; x_wconf 87' lang='lat' dir='ltr'><strong>vocabatur</strong></span> 
     </span>
    </p>
   </div>
   <div class='ocr_carea' id='block_1_43' title="bbox 2009 1398 3652 1476">
    <p class='ocr_par' dir='ltr' id='par_1_43' title="bbox 2009 1398 3652 1476">
     <span class='ocr_line' id='line_1_43' title="bbox 2009 1398 3652 1476; baseline 0.007 -24"><span class='ocrx_word' id='word_1_309' title='bbox 2009 1398 2302 1464; x_wconf 89' lang='lat' dir='ltr'><strong>alludens,</strong></span> <span class='ocrx_word' id='word_1_310' title='bbox 2333 1399 2645 1455; x_wconf 85' lang='lat' dir='ltr'><strong>declinavit</strong></span> <span class='ocrx_word' id='word_1_311' title='bbox 2675 1399 2980 1471; x_wconf 83' lang='lat' dir='ltr'><strong>paululum</strong></span> <span class='ocrx_word' id='word_1_312' title='bbox 3012 1400 3366 1471; x_wconf 87' lang='lat' dir='ltr'><strong>litteram,et</strong></span> <span class='ocrx_word' id='word_1_313' title='bbox 3395 1421 3500 1476; x_wconf 88' lang='lat' dir='ltr'><strong>pro</strong></span> <span class='ocrx_word' id='word_1_314' title='bbox 3521 1407 3652 1462; x_wconf 89' lang='lat' dir='ltr'><strong>stri-</strong></span> 
     </span>
    </p>
   </div>
   <div class='ocr_carea' id='block_1_44' title="bbox 2008 1487 3650 1563">
    <p class='ocr_par' dir='ltr' id='par_1_44' title="bbox 2008 1487 3650 1563">
     <span class='ocr_line' id='line_1_44' title="bbox 2008 1487 3650 1563; baseline 0.005 -22"><span class='ocrx_word' id='word_1_315' title='bbox 2008 1487 2146 1542; x_wconf 86' lang='lat' dir='ltr'><strong>dulo</strong></span> <span class='ocrx_word' id='word_1_316' title='bbox 2177 1487 2546 1543; x_wconf 83' lang='lat' dir='ltr'><strong>Hebraeorum</strong></span> <span class='ocrx_word' id='word_1_317' title='bbox 2577 1507 2666 1543; x_wconf 81' lang='lat' dir='ltr'><strong>st</strong></span> <span class='ocrx_word' id='word_1_318' title='bbox 2690 1490 2729 1554; x_wconf 81' lang='grc'><strong>⁵,</strong></span> <span class='ocrx_word' id='word_1_319' title='bbox 2765 1506 2798 1544; x_wconf 90' lang='lat' dir='ltr'><strong>a</strong></span> <span class='ocrx_word' id='word_1_320' title='bbox 2829 1505 2942 1560; x_wconf 91' lang='lat' dir='ltr'><strong>quo</strong></span> <span class='ocrx_word' id='word_1_321' title='bbox 2975 1507 3149 1545; x_wconf 63' lang='lat' dir='ltr'><strong>sanas</strong></span> <span class='ocrx_word' id='word_1_322' title='bbox 3179 1489 3478 1563; x_wconf 82' lang='lat' dir='ltr'><strong>incipitur,</strong></span> <span class='ocrx_word' id='word_1_323' title='bbox 3501 1496 3650 1550; x_wconf 69' lang='lat' dir='ltr'><strong>Grie-</strong></span> 
     </span>
    </p>
   </div>
   <div class='ocr_carea' id='block_1_45' title="bbox 2008 1577 3650 1652">
    <p class='ocr_par' dir='ltr' id='par_1_45' title="bbox 2008 1577 3650 1652">
     <span class='ocr_line' id='line_1_45' title="bbox 2008 1577 3650 1652; baseline 0.005 -21"><span class='ocrx_word' id='word_1_324' title='bbox 2008 1593 2143 1631; x_wconf 90' lang='lat' dir='ltr'><strong>cum</strong></span> <span class='ocrx_word' id='word_1_325' title='bbox 2172 1577 2384 1646; x_wconf 80' lang='lat' dir='ltr'><strong>sigma,</strong></span> <span class='ocrx_word' id='word_1_326' title='bbox 2417 1577 2472 1630; x_wconf 89' lang='lat' dir='ltr'><strong>id</strong></span> <span class='ocrx_word' id='word_1_327' title='bbox 2506 1581 2593 1631; x_wconf 88' lang='lat' dir='ltr'><strong>est</strong></span> <span class='ocrx_word' id='word_1_328' title='bbox 2622 1577 2926 1632; x_wconf 65' lang='lat' dir='ltr'><strong>Hebraeum</strong></span> <span class='ocrx_word' id='word_1_329' title='bbox 2967 1595 3194 1633; x_wconf 62' lang='lat' dir='ltr'><strong>saneea</strong></span> <span class='ocrx_word' id='word_1_330' title='bbox 3244 1581 3476 1652; x_wconf 86' lang='lat' dir='ltr'><strong>posuit:</strong></span> <span class='ocrx_word' id='word_1_331' title='bbox 3507 1583 3650 1639; x_wconf 88' lang='lat' dir='ltr'><strong>alio-</strong></span> 
     </span>
    </p>
   </div>
   <div class='ocr_carea' id='block_1_46' title="bbox 2009 1665 3651 1742">
    <p class='ocr_par' dir='ltr' id='par_1_46' title="bbox 2009 1665 3651 1742">
     <span class='ocr_line' id='line_1_46' title="bbox 2009 1665 3651 1742; baseline 0.005 -23"><span class='ocrx_word' id='word_1_332' title='bbox 2009 1665 2149 1737; x_wconf 90' lang='lat' dir='ltr'><strong>quin</strong></span> <span class='ocrx_word' id='word_1_333' title='bbox 2181 1666 2422 1736; x_wconf 85' lang='lat' dir='ltr'><strong>etjuxta</strong></span> <span class='ocrx_word' id='word_1_334' title='bbox 2466 1665 2755 1737; x_wconf 66' lang='lat' dir='ltr'><strong>allegoria:</strong></span> <span class='ocrx_word' id='word_1_335' title='bbox 2804 1666 3011 1738; x_wconf 88' lang='lat' dir='ltr'><strong>legem,</strong></span> <span class='ocrx_word' id='word_1_336' title='bbox 3062 1672 3196 1740; x_wconf 90' lang='lat' dir='ltr'><strong>post</strong></span> <span class='ocrx_word' id='word_1_337' title='bbox 3221 1673 3416 1725; x_wconf 91' lang='lat' dir='ltr'><strong>tantos</strong></span> <span class='ocrx_word' id='word_1_338' title='bbox 3445 1676 3651 1742; x_wconf 88' lang='lat' dir='ltr'><strong>puteos</strong></span> 
     </span>
    </p>
   </div>
   <div class='ocr_carea' id='block_1_47' title="bbox 2009 1753 3651 1829">
    <p class='ocr_par' dir='ltr' id='par_1_47' title="bbox 2009 1753 3651 1829">
     <span class='ocr_line' id='line_1_47' title="bbox 2009 1753 3651 1829; baseline 0.005 -21"><span class='ocrx_word' id='word_1_339' title='bbox 2009 1754 2067 1808; x_wconf 93' lang='lat' dir='ltr'><strong>in</strong></span> <span class='ocrx_word' id='word_1_340' title='bbox 2100 1753 2214 1808; x_wconf 88' lang='lat' dir='ltr'><strong>ﬁne</strong></span> <span class='ocrx_word' id='word_1_341' title='bbox 2261 1753 2563 1819; x_wconf 90' lang='lat' dir='ltr'><strong>virtutum,</strong></span> <span class='ocrx_word' id='word_1_342' title='bbox 2621 1771 2991 1826; x_wconf 86' lang='lat' dir='ltr'><strong>nequaquam</strong></span> <span class='ocrx_word' id='word_1_343' title='bbox 3037 1757 3325 1829; x_wconf 85' lang='lat' dir='ltr'><strong>congruit,</strong></span> <span class='ocrx_word' id='word_1_344' title='bbox 3378 1764 3442 1814; x_wconf 93' lang='lat' dir='ltr'><strong>ut</strong></span> <span class='ocrx_word' id='word_1_345' title='bbox 3491 1761 3651 1816; x_wconf 89' lang='lat' dir='ltr'><strong>Isaac</strong></span> 
     </span>
    </p>
   </div>
   <div class='ocr_carea' id='block_1_48' title="bbox 2007 1842 2870 1914">
    <p class='ocr_par' dir='ltr' id='par_1_48' title="bbox 2007 1842 2870 1914">
     <span class='ocr_line' id='line_1_48' title="bbox 2007 1842 2870 1914; baseline 0 -17"><span class='ocrx_word' id='word_1_346' title='bbox 2007 1859 2221 1913; x_wconf 91' lang='lat' dir='ltr'><strong>aquam</strong></span> <span class='ocrx_word' id='word_1_347' title='bbox 2258 1842 2502 1897; x_wconf 89' lang='lat' dir='ltr'><strong>minime</strong></span> <span class='ocrx_word' id='word_1_348' title='bbox 2533 1844 2870 1914; x_wconf 66' lang='lat' dir='ltr'><strong>repererit“.</strong></span> 
     </span>
    </p>
   </div>
   <div class='ocr_carea' id='block_1_49' title="bbox 2081 1931 3656 2004">
    <p class='ocr_par' dir='ltr' id='par_1_49' title="bbox 2081 1931 3656 2004">
     <span class='ocr_line' id='line_1_49' title="bbox 2081 1931 3656 2004; baseline 0.005 -18"><span class='ocrx_word' id='word_1_349' title='bbox 2081 1932 2240 2002; x_wconf 86' lang='lat' dir='ltr'><strong>(Cap.</strong></span> <span class='ocrx_word' id='word_1_350' title='bbox 2275 1931 2492 1986; x_wconf 84' lang='lat' dir='ltr'><strong>XXVII.</strong></span> <span class='ocrx_word' id='word_1_351' title='bbox 2543 1963 2611 1972; x_wconf 89' lang='lat'><strong>—</strong></span> <span class='ocrx_word' id='word_1_352' title='bbox 2661 1931 2824 1986; x_wconf 87' lang='lat' dir='ltr'><strong>Vers.</strong></span> <span class='ocrx_word' id='word_1_353' title='bbox 2875 1933 2988 2004; x_wconf 78' lang='lat' dir='ltr'><strong>ll.)</strong></span> <span class='ocrx_word' id='word_1_354' title='bbox 3031 1955 3060 1982; x_wconf 88' lang='grc'><strong>‹‹</strong></span> <span class='ocrx_word' id='word_1_355' title='bbox 3096 1933 3239 1990; x_wconf 87' lang='lat' dir='ltr'><strong>Ecce</strong></span> <span class='ocrx_word' id='word_1_356' title='bbox 3284 1936 3435 1992; x_wconf 86' lang='lat' dir='ltr'><strong>Esau</strong></span> <span class='ocrx_word' id='word_1_357' title='bbox 3478 1937 3656 1994; x_wconf 81' lang='lat' dir='ltr'><strong>frater</strong></span> 
     </span>
    </p>
   </div>
   <div class='ocr_carea' id='block_1_50' title="bbox 2010 2019 3654 2092">
    <p class='ocr_par' dir='ltr' id='par_1_50' title="bbox 2010 2019 3654 2092">
     <span class='ocr_line' id='line_1_50' title="bbox 2010 2019 3654 2092; baseline 0.005 -18"><span class='ocrx_word' id='word_1_358' title='bbox 2010 2037 2176 2075; x_wconf 89' lang='lat' dir='ltr'><strong>meus</strong></span> <span class='ocrx_word' id='word_1_359' title='bbox 2210 2020 2294 2074; x_wconf 92' lang='lat' dir='ltr'><strong>vir</strong></span> <span class='ocrx_word' id='word_1_360' title='bbox 2323 2019 2566 2090; x_wconf 82' lang='lat' dir='ltr'><strong>pilosus,</strong></span> <span class='ocrx_word' id='word_1_361' title='bbox 2599 2025 2658 2074; x_wconf 84' lang='lat' dir='ltr'><strong>et</strong></span> <span class='ocrx_word' id='word_1_362' title='bbox 2699 2037 2804 2092; x_wconf 85' lang='lat' dir='ltr'><strong>ego</strong></span> <span class='ocrx_word' id='word_1_363' title='bbox 2853 2039 2984 2077; x_wconf 88' lang='lat' dir='ltr'><strong>sum</strong></span> <span class='ocrx_word' id='word_1_364' title='bbox 3031 2023 3118 2078; x_wconf 87' lang='lat' dir='ltr'><strong>vir</strong></span> <span class='ocrx_word' id='word_1_365' title='bbox 3147 2023 3307 2080; x_wconf 87' lang='lat' dir='ltr'><strong>levis.</strong></span> <span class='ocrx_word' id='word_1_366' title='bbox 3345 2047 3372 2074; x_wconf 85' lang='lat'>»</span> <span class='ocrx_word' id='word_1_367' title='bbox 3405 2025 3512 2082; x_wconf 91' lang='lat' dir='ltr'><strong>Ubi</strong></span> <span class='ocrx_word' id='word_1_368' title='bbox 3547 2043 3654 2084; x_wconf 87' lang='lat' dir='ltr'><strong>nos</strong></span> 
     </span>
    </p>
   </div>
   <div class='ocr_carea' id='block_1_51' title="bbox 2005 2107 3654 2184">
    <p class='ocr_par' dir='ltr' id='par_1_51' title="bbox 2005 2107 3654 2184">
     <span class='ocr_line' id='line_1_51' title="bbox 2005 2107 3654 2184; baseline 0.006 -22"><span class='ocrx_word' id='word_1_369' title='bbox 2005 2109 2249 2179; x_wconf 84' lang='lat' dir='ltr'><strong>pilosum</strong></span> <span class='ocrx_word' id='word_1_370' title='bbox 2309 2107 2582 2180; x_wconf 87' lang='lat' dir='ltr'><strong>legimus,</strong></span> <span class='ocrx_word' id='word_1_371' title='bbox 2643 2109 2702 2164; x_wconf 91' lang='lat' dir='ltr'><strong>in</strong></span> <span class='ocrx_word' id='word_1_372' title='bbox 2753 2109 2990 2165; x_wconf 66' lang='lat' dir='ltr'><strong>Hebraao</strong></span> <span class='ocrx_word' id='word_1_373' title='bbox 3048 2113 3332 2184; x_wconf 90' lang='lat' dir='ltr'><strong>scriptum</strong></span> <span class='ocrx_word' id='word_1_374' title='bbox 3391 2121 3482 2170; x_wconf 88' lang='lat' dir='ltr'><strong>est</strong></span> <span class='ocrx_word' id='word_1_375' title='bbox 3525 2133 3654 2172; x_wconf 75' lang='lat' dir='ltr'><strong>saxa</strong></span> 
     </span>
    </p>
   </div>
   <div class='ocr_carea' id='block_1_52' title="bbox 2009 2197 3652 2276">
    <p class='ocr_par' dir='ltr' id='par_1_52' title="bbox 2009 2197 3652 2276">
     <span class='ocr_line' id='line_1_52' title="bbox 2009 2197 3652 2276; baseline 0.012 -36"><span class='ocrx_word' id='word_1_376' title='bbox 2009 2197 2225 2267; x_wconf 50' lang='grc' dir='ltr'><strong>(Ῥω).</strong></span> <span class='ocrx_word' id='word_1_377' title='bbox 2285 2197 2448 2253; x_wconf 89' lang='lat' dir='ltr'><strong>Unde</strong></span> <span class='ocrx_word' id='word_1_378' title='bbox 2499 2204 2702 2270; x_wconf 81' lang='lat' dir='ltr'><strong>postea</strong></span> <span class='ocrx_word' id='word_1_379' title='bbox 2761 2203 2990 2256; x_wconf 88' lang='lat' dir='ltr'><strong>montes</strong></span> <span class='ocrx_word' id='word_1_380' title='bbox 3046 2201 3185 2268; x_wconf 87' lang='lat' dir='ltr'><strong>Seir,</strong></span> <span class='ocrx_word' id='word_1_381' title='bbox 3237 2208 3297 2258; x_wconf 91' lang='lat' dir='ltr'><strong>et</strong></span> <span class='ocrx_word' id='word_1_382' title='bbox 3351 2205 3532 2276; x_wconf 88' lang='lat' dir='ltr'><strong>regio,</strong></span> <span class='ocrx_word' id='word_1_383' title='bbox 3592 2205 3652 2260; x_wconf 91' lang='lat' dir='ltr'><strong>in</strong></span> 
     </span>
    </p>
   </div>
   <div class='ocr_carea' id='block_1_53' title="bbox 2012 2286 3652 2358">
    <p class='ocr_par' dir='ltr' id='par_1_53' title="bbox 2012 2286 3652 2358">
     <span class='ocr_line' id='line_1_53' title="bbox 2012 2286 3652 2358; baseline 0.005 -17"><span class='ocrx_word' id='word_1_384' title='bbox 2012 2303 2130 2358; x_wconf 90' lang='lat' dir='ltr'><strong>qua</strong></span> <span class='ocrx_word' id='word_1_385' title='bbox 2155 2286 2516 2354; x_wconf 84' lang='lat' dir='ltr'><strong>versabatur,</strong></span> <span class='ocrx_word' id='word_1_386' title='bbox 2551 2290 2640 2342; x_wconf 90' lang='lat' dir='ltr'><strong>est</strong></span> <span class='ocrx_word' id='word_1_387' title='bbox 2687 2287 2879 2342; x_wconf 91' lang='lat' dir='ltr'><strong>dicta:</strong></span> <span class='ocrx_word' id='word_1_388' title='bbox 2931 2287 3188 2345; x_wconf 88' lang='lat' dir='ltr'><strong>diximus</strong></span> <span class='ocrx_word' id='word_1_389' title='bbox 3227 2290 3298 2346; x_wconf 90' lang='lat' dir='ltr'><strong>de</strong></span> <span class='ocrx_word' id='word_1_390' title='bbox 3327 2290 3436 2348; x_wconf 91' lang='lat' dir='ltr'><strong>hoc</strong></span> <span class='ocrx_word' id='word_1_391' title='bbox 3465 2296 3522 2348; x_wconf 93' lang='lat' dir='ltr'><strong>et</strong></span> <span class='ocrx_word' id='word_1_392' title='bbox 3552 2309 3652 2349; x_wconf 88' lang='lat' dir='ltr'><strong>su-</strong></span> 
     </span>
    </p>
   </div>
   <div class='ocr_carea' id='block_1_54' title="bbox 2011 2393 2136 2448">
    <p class='ocr_par' dir='ltr' id='par_1_54' title="bbox 2011 2393 2136 2448">
     <span class='ocr_line' id='line_1_54' title="bbox 2011 2393 2136 2448; baseline 0 -18"><span class='ocrx_word' id='word_1_393' title='bbox 2011 2393 2136 2448; x_wconf 92' lang='lat' dir='ltr'><strong>pra.</strong></span> 
     </span>
    </p>
   </div>
   <div class='ocr_carea' id='block_1_55' title="bbox 2081 2465 3655 2538">
    <p class='ocr_par' dir='ltr' id='par_1_55' title="bbox 2081 2465 3655 2538">
     <span class='ocr_line' id='line_1_55' title="bbox 2081 2465 3655 2538; baseline 0.006 -20"><span class='ocrx_word' id='word_1_394' title='bbox 2081 2466 2264 2534; x_wconf 87' lang='lat' dir='ltr'><strong>(Vers.</strong></span> <span class='ocrx_word' id='word_1_395' title='bbox 2326 2468 2415 2520; x_wconf 75' lang='lat' dir='ltr'><strong>t3.</strong></span> <span class='ocrx_word' id='word_1_396' title='bbox 2477 2487 2498 2515; x_wconf 71' lang='grc' dir='ltr'>ι</span> <span class='ocrx_word' id='word_1_397' title='bbox 2564 2465 2629 2519; x_wconf 88' lang='lat' dir='ltr'><strong>Et</strong></span> <span class='ocrx_word' id='word_1_398' title='bbox 2686 2465 2942 2538; x_wconf 88' lang='lat' dir='ltr'><strong>sumpsit</strong></span> <span class='ocrx_word' id='word_1_399' title='bbox 2996 2466 3256 2523; x_wconf 84' lang='lat' dir='ltr'><strong>Rebecca</strong></span> <span class='ocrx_word' id='word_1_400' title='bbox 3305 2468 3655 2527; x_wconf 88' lang='lat' dir='ltr'><strong>vestimenta</strong></span> 
     </span>
    </p>
   </div>
   <div class='ocr_carea' id='block_1_56' title="bbox 2012 2553 3654 2626">
    <p class='ocr_par' dir='ltr' id='par_1_56' title="bbox 2012 2553 3654 2626">
     <span class='ocr_line' id='line_1_56' title="bbox 2012 2553 3654 2626; baseline 0.002 -16"><span class='ocrx_word' id='word_1_401' title='bbox 2012 2557 2158 2610; x_wconf 87' lang='lat' dir='ltr'><strong>Esau</strong></span> <span class='ocrx_word' id='word_1_402' title='bbox 2217 2553 2322 2609; x_wconf 87' lang='lat' dir='ltr'><strong>ﬁlii</strong></span> <span class='ocrx_word' id='word_1_403' title='bbox 2377 2553 2466 2609; x_wconf 91' lang='lat' dir='ltr'><strong>sui</strong></span> <span class='ocrx_word' id='word_1_404' title='bbox 2526 2554 2786 2624; x_wconf 86' lang='lat' dir='ltr'><strong>majoris,</strong></span> <span class='ocrx_word' id='word_1_405' title='bbox 2835 2571 2962 2626; x_wconf 76' lang='lat' dir='ltr'><strong>qua:</strong></span> <span class='ocrx_word' id='word_1_406' title='bbox 3020 2560 3188 2612; x_wconf 89' lang='lat' dir='ltr'><strong>erant</strong></span> <span class='ocrx_word' id='word_1_407' title='bbox 3242 2557 3654 2614; x_wconf 87' lang='lat' dir='ltr'><strong>desiderabilia</strong></span> 
     </span>
    </p>
   </div>
   <div class='ocr_carea' id='block_1_57' title="bbox 2009 2641 3651 2715">
    <p class='ocr_par' dir='ltr' id='par_1_57' title="bbox 2009 2641 3651 2715">
     <span class='ocr_line' id='line_1_57' title="bbox 2009 2641 3651 2715; baseline 0.003 -17"><span class='ocrx_word' id='word_1_408' title='bbox 2009 2643 2174 2699; x_wconf 90' lang='lat' dir='ltr'><strong>valde</strong></span> <span class='ocrx_word' id='word_1_409' title='bbox 2197 2643 2350 2715; x_wconf 89' lang='lat' dir='ltr'><strong>apud</strong></span> <span class='ocrx_word' id='word_1_410' title='bbox 2383 2660 2446 2698; x_wconf 89' lang='lat' dir='ltr'><strong>sc</strong></span> <span class='ocrx_word' id='word_1_411' title='bbox 2475 2641 2655 2698; x_wconf 91' lang='lat' dir='ltr'><strong>domi.</strong></span> <span class='ocrx_word' id='word_1_412' title='bbox 2681 2666 2709 2692; x_wconf 92' lang='grc'><strong>‹‹</strong></span> <span class='ocrx_word' id='word_1_413' title='bbox 2743 2644 2814 2698; x_wconf 87' lang='lat' dir='ltr'><strong>Et</strong></span> <span class='ocrx_word' id='word_1_414' title='bbox 2857 2643 2917 2698; x_wconf 93' lang='lat' dir='ltr'><strong>in</strong></span> <span class='ocrx_word' id='word_1_415' title='bbox 2967 2643 3077 2700; x_wconf 93' lang='lat' dir='ltr'><strong>hoc</strong></span> <span class='ocrx_word' id='word_1_416' title='bbox 3108 2643 3232 2700; x_wconf 94' lang='lat' dir='ltr'><strong>loco</strong></span> <span class='ocrx_word' id='word_1_417' title='bbox 3261 2645 3506 2702; x_wconf 89' lang='lat' dir='ltr'><strong>tradunt</strong></span> <span class='ocrx_word' id='word_1_418' title='bbox 3537 2647 3651 2703; x_wconf 87' lang='lat' dir='ltr'><strong>He-</strong></span> 
     </span>
    </p>
   </div>
   <div class='ocr_carea' id='block_1_58' title="bbox 2010 2732 3654 2804">
    <p class='ocr_par' dir='ltr' id='par_1_58' title="bbox 2010 2732 3654 2804">
     <span class='ocr_line' id='line_1_58' title="bbox 2010 2732 3654 2804; baseline 0.002 -15"><span class='ocrx_word' id='word_1_419' title='bbox 2010 2733 2170 2798; x_wconf 80' lang='lat' dir='ltr'><strong>braei,</strong></span> <span class='ocrx_word' id='word_1_420' title='bbox 2204 2732 2625 2804; x_wconf 88' lang='lat' dir='ltr'><strong>primogenitos</strong></span> <span class='ocrx_word' id='word_1_421' title='bbox 2669 2732 2902 2788; x_wconf 88' lang='lat' dir='ltr'><strong>functos</strong></span> <span class='ocrx_word' id='word_1_422' title='bbox 2950 2733 3142 2788; x_wconf 81' lang='lat' dir='ltr'><strong>ofﬁcio</strong></span> <span class='ocrx_word' id='word_1_423' title='bbox 3172 2735 3564 2802; x_wconf 88' lang='lat' dir='ltr'><strong>sacerdotum,</strong></span> <span class='ocrx_word' id='word_1_424' title='bbox 3596 2742 3654 2793; x_wconf 92' lang='lat' dir='ltr'><strong>et</strong></span> 
     </span>
    </p>
   </div>
   <div class='ocr_carea' id='block_1_59' title="bbox 2011 2819 3656 2893">
    <p class='ocr_par' dir='ltr' id='par_1_59' title="bbox 2011 2819 3656 2893">
     <span class='ocr_line' id='line_1_59' title="bbox 2011 2819 3656 2893; baseline 0.002 -17"><span class='ocrx_word' id='word_1_425' title='bbox 2011 2820 2288 2876; x_wconf 88' lang='lat' dir='ltr'><strong>habuisse</strong></span> <span class='ocrx_word' id='word_1_426' title='bbox 2319 2820 2733 2874; x_wconf 86' lang='lat' dir='ltr'><strong>vestimentum</strong></span> <span class='ocrx_word' id='word_1_427' title='bbox 2765 2819 3142 2888; x_wconf 88' lang='lat' dir='ltr'><strong>sacerdotale,</strong></span> <span class='ocrx_word' id='word_1_428' title='bbox 3176 2837 3292 2893; x_wconf 90' lang='lat' dir='ltr'><strong>quo</strong></span> <span class='ocrx_word' id='word_1_429' title='bbox 3323 2821 3656 2892; x_wconf 88' lang='lat' dir='ltr'><strong>induti,Deo</strong></span> 
     </span>
    </p>
   </div>
   <div class='ocr_carea' id='block_1_60' title="bbox 2009 2908 3654 2980">
    <p class='ocr_par' dir='ltr' id='par_1_60' title="bbox 2009 2908 3654 2980">
     <span class='ocr_line' id='line_1_60' title="bbox 2009 2908 3654 2980; baseline 0.002 -16"><span class='ocrx_word' id='word_1_430' title='bbox 2009 2909 2277 2965; x_wconf 89' lang='lat' dir='ltr'><strong>victimas</strong></span> <span class='ocrx_word' id='word_1_431' title='bbox 2307 2908 2650 2975; x_wconf 66' lang='lat' dir='ltr'><strong>offerebant,</strong></span> <span class='ocrx_word' id='word_1_432' title='bbox 2698 2914 3012 2980; x_wconf 86' lang='lat' dir='ltr'><strong>antequam</strong></span> <span class='ocrx_word' id='word_1_433' title='bbox 3043 2911 3233 2965; x_wconf 89' lang='lat' dir='ltr'><strong>Aaron</strong></span> <span class='ocrx_word' id='word_1_434' title='bbox 3278 2909 3338 2965; x_wconf 92' lang='lat' dir='ltr'><strong>in</strong></span> <span class='ocrx_word' id='word_1_435' title='bbox 3383 2912 3654 2968; x_wconf 89' lang='lat' dir='ltr'><strong>sacerdo-</strong></span> 
     </span>
    </p>
   </div>
   <div class='ocr_carea' id='block_1_61' title="bbox 2007 2996 2522 3068">
    <p class='ocr_par' dir='ltr' id='par_1_61' title="bbox 2007 2996 2522 3068">
     <span class='ocr_line' id='line_1_61' title="bbox 2007 2996 2522 3068; baseline -0.004 -16"><span class='ocrx_word' id='word_1_436' title='bbox 2007 2998 2156 3053; x_wconf 91' lang='lat' dir='ltr'><strong>tium</strong></span> <span class='ocrx_word' id='word_1_437' title='bbox 2189 2996 2522 3068; x_wconf 86' lang='lat' dir='ltr'><strong>eligeretur.</strong></span> 
     </span>
    </p>
   </div>
   <div class='ocr_carea' id='block_1_62' title="bbox 2083 3082 3656 3156">
    <p class='ocr_par' dir='ltr' id='par_1_62' title="bbox 2083 3082 3656 3156">
     <span class='ocr_line' id='line_1_62' title="bbox 2083 3082 3656 3156; baseline 0.004 -18"><span class='ocrx_word' id='word_1_438' title='bbox 2083 3085 2274 3156; x_wconf 90' lang='lat' dir='ltr'><strong>(Vers.</strong></span> <span class='ocrx_word' id='word_1_439' title='bbox 2313 3083 2430 3154; x_wconf 84' lang='lat'><strong>36.)</strong></span> <span class='ocrx_word' id='word_1_440' title='bbox 2475 3107 2503 3134; x_wconf 87' lang='lat'><strong>«</strong></span> <span class='ocrx_word' id='word_1_441' title='bbox 2536 3083 2607 3138; x_wconf 87' lang='lat' dir='ltr'><strong>Et</strong></span> <span class='ocrx_word' id='word_1_442' title='bbox 2637 3082 2806 3139; x_wconf 80' lang='lat' dir='ltr'><strong>dixit‘</strong></span> <span class='ocrx_word' id='word_1_443' title='bbox 2833 3084 3006 3153; x_wconf 90' lang='lat' dir='ltr'><strong>Esau,</strong></span> <span class='ocrx_word' id='word_1_444' title='bbox 3037 3084 3206 3142; x_wconf 86' lang='lat' dir='ltr'><strong>Juste</strong></span> <span class='ocrx_word' id='word_1_445' title='bbox 3249 3091 3518 3144; x_wconf 88' lang='lat' dir='ltr'><strong>vocatum</strong></span> <span class='ocrx_word' id='word_1_446' title='bbox 3563 3092 3656 3144; x_wconf 89' lang='lat' dir='ltr'><strong>est</strong></span> 
     </span>
    </p>
   </div>
   <div class='ocr_carea' id='block_1_63' title="bbox 2010 3171 3653 3244">
    <p class='ocr_par' dir='ltr' id='par_1_63' title="bbox 2010 3171 3653 3244">
     <span class='ocr_line' id='line_1_63' title="bbox 2010 3171 3653 3244; baseline 0.002 -15"><span class='ocrx_word' id='word_1_447' title='bbox 2010 3190 2224 3230; x_wconf 90' lang='lat' dir='ltr'><strong>nomen</strong></span> <span class='ocrx_word' id='word_1_448' title='bbox 2273 3173 2402 3243; x_wconf 89' lang='lat' dir='ltr'><strong>ejus</strong></span> <span class='ocrx_word' id='word_1_449' title='bbox 2473 3171 2676 3227; x_wconf 85' lang='lat' dir='ltr'><strong>Jacob.</strong></span> <span class='ocrx_word' id='word_1_450' title='bbox 2728 3171 3136 3244; x_wconf 86' lang='lat' dir='ltr'><strong>Supplantavit</strong></span> <span class='ocrx_word' id='word_1_451' title='bbox 3177 3173 3332 3230; x_wconf 92' lang='lat' dir='ltr'><strong>enim</strong></span> <span class='ocrx_word' id='word_1_452' title='bbox 3380 3191 3474 3230; x_wconf 89' lang='lat' dir='ltr'><strong>me</strong></span> <span class='ocrx_word' id='word_1_453' title='bbox 3519 3192 3653 3232; x_wconf 92' lang='lat' dir='ltr'><strong>ecce</strong></span> 
     </span>
    </p>
   </div>
   <div class='ocr_carea' id='block_1_64' title="bbox 245 3249 3651 3337">
    <p class='ocr_par' dir='ltr' id='par_1_64' title="bbox 245 3249 3651 3337">
     <span class='ocr_line' id='line_1_64' title="bbox 245 3249 3651 3337; baseline 0.001 -21"><span class='ocrx_word' id='word_1_454' title='bbox 245 3278 378 3334; x_wconf 73' lang='lat' dir='ltr'><strong>qua:</strong></span> <span class='ocrx_word' id='word_1_455' title='bbox 427 3277 567 3320; x_wconf 86' lang='lat' dir='ltr'><strong>cum</strong></span> <span class='ocrx_word' id='word_1_456' title='bbox 611 3276 748 3333; x_wconf 89' lang='lat' dir='ltr'><strong>rege</strong></span> <span class='ocrx_word' id='word_1_457' title='bbox 792 3267 1048 3332; x_wconf 89' lang='lat' dir='ltr'><strong>venerat,</strong></span> <span class='ocrx_word' id='word_1_458' title='bbox 1101 3262 1160 3318; x_wconf 93' lang='lat' dir='ltr'><strong>in</strong></span> <span class='ocrx_word' id='word_1_459' title='bbox 1210 3263 1424 3337; x_wconf 88' lang='lat' dir='ltr'><strong>quibus</strong></span> <span class='ocrx_word' id='word_1_460' title='bbox 1474 3265 1588 3321; x_wconf 81' lang='lat' dir='ltr'><strong>fuit</strong></span> <span class='ocrx_word' id='word_1_461' title='bbox 1615 3270 1670 3322; x_wconf 90' lang='lat' dir='ltr'><strong>et</strong></span> <span class='ocrx_word' id='word_1_462' title='bbox 1701 3266 1899 3324; x_wconf 83' lang='lat' dir='ltr'><strong>Phicot</strong></span> <span class='ocrx_word' id='word_1_463' title='bbox 1930 3249 1972 3316; x_wconf 87' lang='lat' dir='ltr'>C</span> <span class='ocrx_word' id='word_1_464' title='bbox 2012 3262 2288 3318; x_wconf 87' lang='lat' dir='ltr'><strong>secundo.</strong></span> <span class='ocrx_word' id='word_1_465' title='bbox 2326 3283 2353 3310; x_wconf 83' lang='lat'>»</span> <span class='ocrx_word' id='word_1_466' title='bbox 2401 3260 2602 3328; x_wconf 88' lang='lat' dir='ltr'><strong>Jacob,</strong></span> <span class='ocrx_word' id='word_1_467' title='bbox 2653 3262 3033 3332; x_wconf 76' lang='lat' dir='ltr'><strong>sappiantator</strong></span> <span class='ocrx_word' id='word_1_468' title='bbox 3082 3261 3515 3334; x_wconf 89' lang='lat' dir='ltr'><strong>interpretatur.</strong></span> <span class='ocrx_word' id='word_1_469' title='bbox 3562 3265 3651 3320; x_wconf 83' lang='lat' dir='ltr'><strong>Ab</strong></span> 
     </span>
    </p>
   </div>
   <div class='ocr_carea' id='block_1_65' title="bbox 243 3349 1019 3422">
    <p class='ocr_par' dir='ltr' id='par_1_65' title="bbox 243 3349 1019 3422">
     <span class='ocr_line' id='line_1_65' title="bbox 243 3349 1019 3422; baseline 0.003 -18"><span class='ocrx_word' id='word_1_470' title='bbox 243 3349 520 3422; x_wconf 87' lang='lat' dir='ltr'><strong>princeps</strong></span> <span class='ocrx_word' id='word_1_471' title='bbox 550 3349 840 3406; x_wconf 87' lang='lat' dir='ltr'><strong>exercitus</strong></span> <span class='ocrx_word' id='word_1_472' title='bbox 871 3351 1019 3422; x_wconf 86' lang='lat' dir='ltr'><strong>ejus.</strong></span> 
     </span>
    </p>
   </div>
   <div class='ocr_carea' id='block_1_66' title="bbox 319 3437 1906 3513">
    <p class='ocr_par' dir='ltr' id='par_1_66' title="bbox 319 3437 1906 3513">
     <span class='ocr_line' id='line_1_66' title="bbox 319 3437 1906 3513; baseline 0.007 -22"><span class='ocrx_word' id='word_1_473' title='bbox 319 3437 506 3509; x_wconf 89' lang='lat' dir='ltr'><strong>(Vers.</strong></span> <span class='ocrx_word' id='word_1_474' title='bbox 550 3439 620 3493; x_wconf 88' lang='lat'><strong>32</strong></span> <span class='ocrx_word' id='word_1_475' title='bbox 650 3443 707 3494; x_wconf 94' lang='lat' dir='ltr'><strong>et</strong></span> <span class='ocrx_word' id='word_1_476' title='bbox 751 3439 869 3512; x_wconf 92' lang='lat'><strong>33.)</strong></span> <span class='ocrx_word' id='word_1_477' title='bbox 922 3461 944 3490; x_wconf 76' lang='grc' dir='ltr'>ι</span> <span class='ocrx_word' id='word_1_478' title='bbox 977 3441 1048 3495; x_wconf 88' lang='lat' dir='ltr'><strong>Et</strong></span> <span class='ocrx_word' id='word_1_479' title='bbox 1092 3445 1380 3497; x_wconf 89' lang='lat' dir='ltr'><strong>venerunt</strong></span> <span class='ocrx_word' id='word_1_480' title='bbox 1425 3441 1573 3498; x_wconf 87' lang='lat' dir='ltr'><strong>servi</strong></span> <span class='ocrx_word' id='word_1_481' title='bbox 1623 3445 1803 3513; x_wconf 87' lang='lat' dir='ltr'><strong>Isaac,</strong></span> <span class='ocrx_word' id='word_1_482' title='bbox 1848 3449 1906 3501; x_wconf 89' lang='lat' dir='ltr'><strong>et</strong></span> 
     </span>
    </p>
   </div>
   <div class='ocr_carea' id='block_1_67' title="bbox 245 3527 1901 3602">
    <p class='ocr_par' dir='ltr' id='par_1_67' title="bbox 245 3527 1901 3602">
     <span class='ocr_line' id='line_1_67' title="bbox 245 3527 1901 3602; baseline 0.003 -18"><span class='ocrx_word' id='word_1_483' title='bbox 245 3528 670 3584; x_wconf 79' lang='lat' dir='ltr'><strong>nuntiaverunt</strong></span> <span class='ocrx_word' id='word_1_484' title='bbox 699 3527 751 3583; x_wconf 92' lang='lat' dir='ltr'><strong>ei</strong></span> <span class='ocrx_word' id='word_1_485' title='bbox 783 3529 856 3584; x_wconf 90' lang='lat' dir='ltr'><strong>de</strong></span> <span class='ocrx_word' id='word_1_486' title='bbox 886 3533 1084 3602; x_wconf 89' lang='lat' dir='ltr'><strong>puteo,</strong></span> <span class='ocrx_word' id='word_1_487' title='bbox 1117 3545 1293 3600; x_wconf 90' lang='lat' dir='ltr'><strong>quem</strong></span> <span class='ocrx_word' id='word_1_488' title='bbox 1324 3531 1626 3588; x_wconf 85' lang='lat' dir='ltr'><strong>foderunt:</strong></span> <span class='ocrx_word' id='word_1_489' title='bbox 1653 3538 1711 3588; x_wconf 90' lang='lat' dir='ltr'><strong>et</strong></span> <span class='ocrx_word' id='word_1_490' title='bbox 1740 3535 1901 3590; x_wconf 90' lang='lat' dir='ltr'><strong>dixe-</strong></span> 
     </span>
    </p>
   </div>
   <div class='ocr_carea' id='block_1_68' title="bbox 245 3615 1904 3694">
    <p class='ocr_par' dir='ltr' id='par_1_68' title="bbox 245 3615 1904 3694">
     <span class='ocr_line' id='line_1_68' title="bbox 245 3615 1904 3694; baseline 0.005 -23"><span class='ocrx_word' id='word_1_491' title='bbox 245 3620 389 3671; x_wconf 88' lang='lat' dir='ltr'><strong>runt</strong></span> <span class='ocrx_word' id='word_1_492' title='bbox 415 3615 489 3684; x_wconf 90' lang='lat' dir='ltr'><strong>ei,</strong></span> <span class='ocrx_word' id='word_1_493' title='bbox 522 3615 862 3673; x_wconf 89' lang='lat' dir='ltr'><strong>Invenimus</strong></span> <span class='ocrx_word' id='word_1_494' title='bbox 892 3635 1109 3690; x_wconf 90' lang='lat' dir='ltr'><strong>aquam</strong></span> <span class='ocrx_word' id='word_1_495' title='bbox 1140 3620 1162 3652; x_wconf 77' lang='grc'><strong>⁴</strong></span> <span class='ocrx_word' id='word_1_496' title='bbox 1185 3637 1198 3674; x_wconf 87' lang='lat'><strong>:</strong></span> <span class='ocrx_word' id='word_1_497' title='bbox 1221 3624 1278 3674; x_wconf 88' lang='lat' dir='ltr'><strong>et</strong></span> <span class='ocrx_word' id='word_1_498' title='bbox 1297 3621 1520 3676; x_wconf 87' lang='lat' dir='ltr'><strong>vocavit</strong></span> <span class='ocrx_word' id='word_1_499' title='bbox 1542 3638 1752 3678; x_wconf 91' lang='lat' dir='ltr'><strong>nomen</strong></span> <span class='ocrx_word' id='word_1_500' title='bbox 1775 3625 1904 3694; x_wconf 89' lang='lat' dir='ltr'><strong>ejus</strong></span> 
     </span>
    </p>
   </div>
   <div class='ocr_carea' id='block_1_69' title="bbox 245 3703 1903 3782">
    <p class='ocr_par' dir='ltr' id='par_1_69' title="bbox 245 3703 1903 3782">
     <span class='ocr_line' id='line_1_69' title="bbox 245 3703 1903 3782; baseline 0.004 -21"><span class='ocrx_word' id='word_1_501' title='bbox 245 3703 563 3761; x_wconf 87' lang='lat' dir='ltr'><strong>Saturitas.</strong></span> <span class='ocrx_word' id='word_1_502' title='bbox 597 3727 626 3756; x_wconf 87' lang='lat'><strong>»</strong></span> <span class='ocrx_word' id='word_1_503' title='bbox 659 3705 866 3762; x_wconf 88' lang='lat' dir='ltr'><strong>Nescio</strong></span> <span class='ocrx_word' id='word_1_504' title='bbox 899 3707 1193 3778; x_wconf 89' lang='lat' dir='ltr'><strong>quomodo</strong></span> <span class='ocrx_word' id='word_1_505' title='bbox 1225 3707 1282 3763; x_wconf 90' lang='lat' dir='ltr'><strong>in</strong></span> <span class='ocrx_word' id='word_1_506' title='bbox 1315 3709 1696 3782; x_wconf 87' lang='lat' dir='ltr'><strong>Septuaginta</strong></span> <span class='ocrx_word' id='word_1_507' title='bbox 1725 3711 1903 3768; x_wconf 90' lang='lat' dir='ltr'><strong>inter-</strong></span> 
     </span>
    </p>
   </div>
   <div class='ocr_carea' id='block_1_70' title="bbox 249 3793 1904 3870">
    <p class='ocr_par' dir='ltr' id='par_1_70' title="bbox 249 3793 1904 3870">
     <span class='ocr_line' id='line_1_70' title="bbox 249 3793 1904 3870; baseline 0.006 -22"><span class='ocrx_word' id='word_1_508' title='bbox 249 3794 516 3866; x_wconf 90' lang='lat' dir='ltr'><strong>pretibus</strong></span> <span class='ocrx_word' id='word_1_509' title='bbox 550 3793 871 3851; x_wconf 88' lang='lat' dir='ltr'><strong>habeatur:</strong></span> <span class='ocrx_word' id='word_1_510' title='bbox 925 3819 952 3844; x_wconf 91' lang='lat'><strong>«</strong></span> <span class='ocrx_word' id='word_1_511' title='bbox 986 3796 1055 3850; x_wconf 89' lang='lat' dir='ltr'><strong>Et</strong></span> <span class='ocrx_word' id='word_1_512' title='bbox 1103 3803 1389 3852; x_wconf 82' lang='lat' dir='ltr'><strong>venerunt</strong></span> <span class='ocrx_word' id='word_1_513' title='bbox 1437 3800 1600 3870; x_wconf 90' lang='lat' dir='ltr'><strong>pueri</strong></span> <span class='ocrx_word' id='word_1_514' title='bbox 1635 3801 1814 3870; x_wconf 88' lang='lat' dir='ltr'><strong>Isaac,</strong></span> <span class='ocrx_word' id='word_1_515' title='bbox 1847 3807 1904 3858; x_wconf 91' lang='lat' dir='ltr'><strong>et</strong></span> 
     </span>
    </p>
   </div>
   <div class='ocr_carea' id='block_1_71' title="bbox 250 3883 1905 3958">
    <p class='ocr_par' dir='ltr' id='par_1_71' title="bbox 250 3883 1905 3958">
     <span class='ocr_line' id='line_1_71' title="bbox 250 3883 1905 3958; baseline 0.005 -20"><span class='ocrx_word' id='word_1_516' title='bbox 250 3883 676 3940; x_wconf 89' lang='lat' dir='ltr'><strong>nuntiaverunt</strong></span> <span class='ocrx_word' id='word_1_517' title='bbox 704 3885 752 3940; x_wconf 92' lang='lat' dir='ltr'><strong>ei</strong></span> <span class='ocrx_word' id='word_1_518' title='bbox 787 3886 858 3940; x_wconf 90' lang='lat' dir='ltr'><strong>de</strong></span> <span class='ocrx_word' id='word_1_519' title='bbox 891 3890 1084 3956; x_wconf 91' lang='lat' dir='ltr'><strong>puteo,</strong></span> <span class='ocrx_word' id='word_1_520' title='bbox 1115 3903 1288 3958; x_wconf 89' lang='lat' dir='ltr'><strong>quem</strong></span> <span class='ocrx_word' id='word_1_521' title='bbox 1321 3888 1591 3944; x_wconf 78' lang='lat' dir='ltr'><strong>foderunt</strong></span> <span class='ocrx_word' id='word_1_522' title='bbox 1626 3906 1638 3944; x_wconf 91' lang='lat'><strong>:</strong></span> <span class='ocrx_word' id='word_1_523' title='bbox 1665 3895 1721 3946; x_wconf 92' lang='lat' dir='ltr'><strong>et</strong></span> <span class='ocrx_word' id='word_1_524' title='bbox 1751 3891 1905 3946; x_wconf 87' lang='lat' dir='ltr'><strong>dixe-</strong></span> 
     </span>
    </p>
   </div>
   <div class='ocr_carea' id='block_1_72' title="bbox 250 3972 1899 4046">
    <p class='ocr_par' dir='ltr' id='par_1_72' title="bbox 250 3972 1899 4046">
     <span class='ocr_line' id='line_1_72' title="bbox 250 3972 1899 4046; baseline 0.005 -20"><span class='ocrx_word' id='word_1_525' title='bbox 250 3976 394 4027; x_wconf 90' lang='lat' dir='ltr'><strong>runt</strong></span> <span class='ocrx_word' id='word_1_526' title='bbox 421 3972 494 4040; x_wconf 89' lang='lat' dir='ltr'><strong>ei,</strong></span> <span class='ocrx_word' id='word_1_527' title='bbox 527 3973 649 4027; x_wconf 91' lang='lat' dir='ltr'><strong>Non</strong></span> <span class='ocrx_word' id='word_1_528' title='bbox 683 3973 1013 4029; x_wconf 90' lang='lat' dir='ltr'><strong>invenimus</strong></span> <span class='ocrx_word' id='word_1_529' title='bbox 1063 3991 1317 4046; x_wconf 87' lang='lat' dir='ltr'><strong>aquam:</strong></span> <span class='ocrx_word' id='word_1_530' title='bbox 1351 3981 1408 4030; x_wconf 92' lang='lat' dir='ltr'><strong>et</strong></span> <span class='ocrx_word' id='word_1_531' title='bbox 1437 3979 1659 4032; x_wconf 87' lang='lat' dir='ltr'><strong>vocavit</strong></span> <span class='ocrx_word' id='word_1_532' title='bbox 1688 3995 1899 4035; x_wconf 91' lang='lat' dir='ltr'><strong>nomen</strong></span> 
     </span>
    </p>
   </div>
   <div class='ocr_carea' id='block_1_73' title="bbox 241 4062 1900 4139">
    <p class='ocr_par' dir='ltr' id='par_1_73' title="bbox 241 4062 1900 4139">
     <span class='ocr_line' id='line_1_73' title="bbox 241 4062 1900 4139; baseline 0.005 -23"><span class='ocrx_word' id='word_1_533' title='bbox 241 4062 376 4132; x_wconf 88' lang='lat' dir='ltr'><strong>ejus</strong></span> <span class='ocrx_word' id='word_1_534' title='bbox 426 4062 864 4130; x_wconf 89' lang='lat' dir='ltr'><strong>juramentum.</strong></span> <span class='ocrx_word' id='word_1_535' title='bbox 923 4086 949 4112; x_wconf 83' lang='lat'><strong>»</strong></span> <span class='ocrx_word' id='word_1_536' title='bbox 999 4065 1133 4130; x_wconf 68' lang='lat' dir='ltr'><strong>Quae</strong></span> <span class='ocrx_word' id='word_1_537' title='bbox 1191 4063 1347 4120; x_wconf 90' lang='lat' dir='ltr'><strong>enim</strong></span> <span class='ocrx_word' id='word_1_538' title='bbox 1408 4067 1760 4139; x_wconf 85' lang='lat' dir='ltr'><strong>etymologia</strong></span> <span class='ocrx_word' id='word_1_539' title='bbox 1789 4075 1900 4138; x_wconf 90' lang='lat' dir='ltr'><strong>est,</strong></span> 
     </span>
    </p>
   </div>
   <div class='ocr_carea' id='block_1_74' title="bbox 243 4151 1899 4226">
    <p class='ocr_par' dir='ltr' id='par_1_74' title="bbox 243 4151 1899 4226">
     <span class='ocr_line' id='line_1_74' title="bbox 243 4151 1899 4226; baseline 0.005 -22"><span class='ocrx_word' id='word_1_540' title='bbox 243 4153 554 4223; x_wconf 90' lang='lat' dir='ltr'><strong>propterea</strong></span> <span class='ocrx_word' id='word_1_541' title='bbox 601 4151 795 4207; x_wconf 89' lang='lat' dir='ltr'><strong>vocari</strong></span> <span class='ocrx_word' id='word_1_542' title='bbox 835 4154 1248 4224; x_wconf 82' lang='lat' dir='ltr'><strong>juramentum,</strong></span> <span class='ocrx_word' id='word_1_543' title='bbox 1309 4154 1464 4226; x_wconf 89' lang='lat' dir='ltr'><strong>quod</strong></span> <span class='ocrx_word' id='word_1_544' title='bbox 1515 4170 1731 4226; x_wconf 90' lang='lat' dir='ltr'><strong>aquam</strong></span> <span class='ocrx_word' id='word_1_545' title='bbox 1783 4174 1899 4213; x_wconf 88' lang='lat' dir='ltr'><strong>non</strong></span> 
     </span>
    </p>
   </div>
   <div class='ocr_carea' id='block_1_75' title="bbox 319 4291 1896 4365">
    <p class='ocr_par' dir='ltr' id='par_1_75' title="bbox 319 4291 1896 4365">
     <span class='ocr_line' id='line_1_75' title="bbox 319 4291 1896 4365; baseline 0.004 -19"><span class='ocrx_word' id='word_1_546' title='bbox 319 4293 334 4326; x_wconf 87' lang='grc'>¹</span> <span class='ocrx_word' id='word_1_547' title='bbox 367 4292 426 4346; x_wconf 92' lang='lat' dir='ltr'><strong>S.</strong></span> <span class='ocrx_word' id='word_1_548' title='bbox 459 4291 740 4359; x_wconf 86' lang='lat' dir='ltr'><strong>Joannes,</strong></span> <span class='ocrx_word' id='word_1_549' title='bbox 775 4293 947 4365; x_wconf 81' lang='lat' dir='ltr'><strong>quod</strong></span> <span class='ocrx_word' id='word_1_550' title='bbox 998 4297 1056 4348; x_wconf 92' lang='lat' dir='ltr'><strong>et</strong></span> <span class='ocrx_word' id='word_1_551' title='bbox 1103 4293 1438 4348; x_wconf 74' lang='lat' dir='ltr'><strong>Martianmo</strong></span> <span class='ocrx_word' id='word_1_552' title='bbox 1484 4297 1751 4350; x_wconf 84' lang='lat' dir='ltr'><strong>notatum</strong></span> <span class='ocrx_word' id='word_1_553' title='bbox 1785 4301 1896 4365; x_wconf 79' lang='lat' dir='ltr'><strong>est,</strong></span> 
     </span>
    </p>
   </div>
   <div class='ocr_carea' id='block_1_76' title="bbox 239 4363 1518 4436">
    <p class='ocr_par' dir='ltr' id='par_1_76' title="bbox 239 4363 1518 4436">
     <span class='ocr_line' id='line_1_76' title="bbox 239 4363 1518 4436; baseline 0.001 -17"><span class='ocrx_word' id='word_1_554' title='bbox 239 4369 403 4420; x_wconf 84' lang='lat' dir='ltr'><strong>trans</strong></span> <span class='ocrx_word' id='word_1_555' title='bbox 429 4366 726 4419; x_wconf 84' lang='lat' dir='ltr'><strong>torrentem</strong></span> <span class='ocrx_word' id='word_1_556' title='bbox 755 4363 902 4418; x_wconf 86' lang='lat' dir='ltr'><strong>dixit</strong></span> <span class='ocrx_word' id='word_1_557' title='bbox 931 4382 1057 4435; x_wconf 77' lang='lat' dir='ltr'><strong>mp.</strong></span> <span class='ocrx_word' id='word_1_558' title='bbox 1089 4379 1251 4436; x_wconf 82' lang='lat' dir='ltr'><strong>xvxxx,</strong></span> <span class='ocrx_word' id='word_1_559' title='bbox 1282 4382 1432 4422; x_wconf 86' lang='lat' dir='ltr'><strong>vers.</strong></span> <span class='ocrx_word' id='word_1_560' title='bbox 1465 4365 1518 4420; x_wconf 73' lang='grc' dir='ltr'><strong>Ι.</strong></span> 
     </span>
    </p>
   </div>
   <div class='ocr_carea' id='block_1_77' title="bbox 321 4436 1896 4512">
    <p class='ocr_par' dir='ltr' id='par_1_77' title="bbox 321 4436 1896 4512">
     <span class='ocr_line' id='line_1_77' title="bbox 321 4436 1896 4512; baseline 0.003 -23"><span class='ocrx_word' id='word_1_561' title='bbox 321 4466 391 4475; x_wconf 93' lang='lat'><strong>—-—</strong></span> <span class='ocrx_word' id='word_1_562' title='bbox 430 4436 490 4512; x_wconf 75' lang='lat' dir='ltr'><strong>In</strong></span> <span class='ocrx_word' id='word_1_563' title='bbox 547 4440 788 4512; x_wconf 64' lang='lat' dir='ltr'><strong>torrente</strong></span> <span class='ocrx_word' id='word_1_564' title='bbox 841 4436 1076 4512; x_wconf 84' lang='lat' dir='ltr'><strong>tra_ditus</strong></span> <span class='ocrx_word' id='word_1_565' title='bbox 1105 4442 1226 4512; x_wconf 83' lang='lat' dir='ltr'><strong>_est.</strong></span> <span class='ocrx_word' id='word_1_566' title='bbox 1301 4437 1556 4512; x_wconf 81' lang='lat' dir='ltr'><strong>Respicit</strong></span> <span class='ocrx_word' id='word_1_567' title='bbox 1584 4437 1896 4512; x_wconf 58' lang='lat' dir='ltr'><strong>Hierony-</strong></span> 
     </span>
    </p>
   </div>
   <div class='ocr_carea' id='block_1_78' title="bbox 241 4505 1358 4580">
    <p class='ocr_par' dir='ltr' id='par_1_78' title="bbox 241 4505 1358 4580">
     <span class='ocr_line' id='line_1_78' title="bbox 241 4505 1358 4580; baseline 0 -18"><span class='ocrx_word' id='word_1_568' title='bbox 241 4523 382 4580; x_wconf 79' lang='lat' dir='ltr'><strong>mus</strong></span> <span class='ocrx_word' id='word_1_569' title='bbox 408 4507 478 4562; x_wconf 90' lang='lat' dir='ltr'><strong>ad</strong></span> <span class='ocrx_word' id='word_1_570' title='bbox 533 4505 859 4578; x_wconf 85' lang='lat' dir='ltr'><strong>capitulum</strong></span> <span class='ocrx_word' id='word_1_571' title='bbox 906 4507 1153 4564; x_wconf 86' lang='lat' dir='ltr'><strong>Joannis</strong></span> <span class='ocrx_word' id='word_1_572' title='bbox 1199 4525 1358 4576; x_wconf 88' lang='lat' dir='ltr'><strong>xvxxx,</strong></span> 
     </span>
    </p>
   </div>
   <div class='ocr_carea' id='block_1_79' title="bbox 239 4577 1900 4647">
    <p class='ocr_par' dir='ltr' id='par_1_79' title="bbox 239 4577 1900 4647">
     <span class='ocr_line' id='line_1_79' title="bbox 239 4577 1900 4647; baseline 0.004 -15"><span class='ocrx_word' id='word_1_573' title='bbox 239 4577 465 4633; x_wconf 85' lang='lat' dir='ltr'><strong>dicitur</strong></span> <span class='ocrx_word' id='word_1_574' title='bbox 495 4577 742 4646; x_wconf 81' lang='lat' dir='ltr'><strong>egressus</strong></span> <span class='ocrx_word' id='word_1_575' title='bbox 789 4586 942 4634; x_wconf 83' lang='lat' dir='ltr'><strong>trans</strong></span> <span class='ocrx_word' id='word_1_576' title='bbox 996 4582 1294 4636; x_wconf 80' lang='lat' dir='ltr'><strong>torrentem</strong></span> <span class='ocrx_word' id='word_1_577' title='bbox 1351 4579 1587 4647; x_wconf 83' lang='lat' dir='ltr'><strong>Cedron,</strong></span> <span class='ocrx_word' id='word_1_578' title='bbox 1651 4583 1746 4636; x_wconf 82' lang='lat' dir='ltr'><strong>ubi</strong></span> <span class='ocrx_word' id='word_1_579' title='bbox 1779 4591 1900 4638; x_wconf 89' lang='lat' dir='ltr'><strong>erat</strong></span> 
     </span>
    </p>
   </div>
   <div class='ocr_carea' id='block_1_80' title="bbox 1452 4508 1898 4570">
    <p class='ocr_par' dir='ltr' id='par_1_80' title="bbox 1452 4508 1898 4570">
     <span class='ocr_line' id='line_1_80' title="bbox 1452 4508 1898 4570; baseline 0.004 -6"><span class='ocrx_word' id='word_1_580' title='bbox 1452 4553 1466 4570; x_wconf 85' lang='lat'><strong>.</strong></span> <span class='ocrx_word' id='word_1_581' title='bbox 1501 4508 1599 4564; x_wconf 92' lang='lat' dir='ltr'><strong>ubi</strong></span> <span class='ocrx_word' id='word_1_582' title='bbox 1629 4508 1898 4566; x_wconf 70' lang='lat' dir='ltr'><strong>Dominus</strong></span> 
     </span>
    </p>
   </div>
   <div class='ocr_carea' id='block_1_81' title="bbox 237 4621 1973 4724">
    <p class='ocr_par' dir='ltr' id='par_1_81' title="bbox 237 4621 1973 4724">
     <span class='ocr_line' id='line_1_81' title="bbox 237 4621 1973 4724; baseline 0.002 -19"><span class='ocrx_word' id='word_1_583' title='bbox 237 4649 452 4724; x_wconf 56' lang='lat' dir='ltr'><strong>borius,</strong></span> <span class='ocrx_word' id='word_1_584' title='bbox 488 4621 553 4703; x_wconf 60' lang='lat' dir='ltr'><strong>ei</strong></span> <span class='ocrx_word' id='word_1_585' title='bbox 579 4666 739 4721; x_wconf 90' lang='lat' dir='ltr'><strong>quem</strong></span> <span class='ocrx_word' id='word_1_586' title='bbox 777 4651 1029 4724; x_wconf 64' lang='lat' dir='ltr'><strong>introivit</strong></span> <span class='ocrx_word' id='word_1_587' title='bbox 1069 4653 1197 4724; x_wconf 85' lang='lat' dir='ltr'><strong>ipse</strong></span> <span class='ocrx_word' id='word_1_588' title='bbox 1221 4660 1276 4706; x_wconf 82' lang='lat' dir='ltr'><strong>et</strong></span> <span class='ocrx_word' id='word_1_589' title='bbox 1319 4622 1588 4724; x_wconf 72' lang='lat' dir='ltr'><strong>discipuli</strong></span> <span class='ocrx_word' id='word_1_590' title='bbox 1610 4655 1750 4722; x_wconf 74' lang='lat' dir='ltr'><strong>eius,</strong></span> <span class='ocrx_word' id='word_1_591' title='bbox 1784 4659 1894 4709; x_wconf 89' lang='lat' dir='ltr'><strong>etc.</strong></span> <span class='ocrx_word' id='word_1_592' title='bbox 1927 4621 1973 4686; x_wconf 84' lang='lat' dir='ltr'><strong>D</strong></span> 
     </span>
    </p>
   </div>
   <div class='ocr_carea' id='block_1_82' title="bbox 235 4721 1895 4796">
    <p class='ocr_par' dir='ltr' id='par_1_82' title="bbox 235 4721 1895 4796">
     <span class='ocr_line' id='line_1_82' title="bbox 235 4721 1895 4796; baseline 0.002 -20"><span class='ocrx_word' id='word_1_593' title='bbox 235 4721 419 4796; x_wconf 64' lang='lat' dir='ltr'><strong>Juxta</strong></span> <span class='ocrx_word' id='word_1_594' title='bbox 447 4724 766 4796; x_wconf 84' lang='lat' dir='ltr'><strong>torrentem</strong></span> <span class='ocrx_word' id='word_1_595' title='bbox 818 4721 998 4794; x_wconf 87' lang='lat' dir='ltr'><strong>igitur</strong></span> <span class='ocrx_word' id='word_1_596' title='bbox 1052 4723 1304 4796; x_wconf 79' lang='lat' dir='ltr'><strong>traditus</strong></span> <span class='ocrx_word' id='word_1_597' title='bbox 1352 4721 1661 4796; x_wconf 52' lang='lat' dir='ltr'><strong>est&#39;Jesus</strong></span> <span class='ocrx_word' id='word_1_598' title='bbox 1691 4742 1703 4790; x_wconf 89' lang='lat'><strong>;</strong></span> <span class='ocrx_word' id='word_1_599' title='bbox 1738 4726 1895 4796; x_wconf 88' lang='lat' dir='ltr'><strong>quod</strong></span> 
     </span>
    </p>
   </div>
   <div class='ocr_carea' id='block_1_83' title="bbox 236 4792 1896 4865">
    <p class='ocr_par' dir='ltr' id='par_1_83' title="bbox 236 4792 1896 4865">
     <span class='ocr_line' id='line_1_83' title="bbox 236 4792 1896 4865; baseline 0.002 -17"><span class='ocrx_word' id='word_1_600' title='bbox 236 4792 632 4865; x_wconf 73' lang='lat' dir='ltr'><strong>Hieronymus</strong></span> <span class='ocrx_word' id='word_1_601' title='bbox 679 4794 738 4848; x_wconf 87' lang='lat' dir='ltr'><strong>in</strong></span> <span class='ocrx_word' id='word_1_602' title='bbox 770 4792 1222 4865; x_wconf 24' lang='lat' dir='ltr'><strong>tofrenteudixit,</strong></span> <span class='ocrx_word' id='word_1_603' title='bbox 1271 4799 1336 4848; x_wconf 89' lang='lat' dir='ltr'><strong>ut</strong></span> <span class='ocrx_word' id='word_1_604' title='bbox 1365 4794 1673 4865; x_wconf 82' lang='lat' dir='ltr'><strong>allegorice</strong></span> <span class='ocrx_word' id='word_1_605' title='bbox 1705 4792 1896 4852; x_wconf 76' lang='lat' dir='ltr'><strong>sacra-</strong></span> 
     </span>
    </p>
   </div>
   <div class='ocr_carea' id='block_1_84' title="bbox 238 4863 1784 4926">
    <p class='ocr_par' dir='ltr' id='par_1_84' title="bbox 238 4863 1784 4926">
     <span class='ocr_line' id='line_1_84' title="bbox 238 4863 1784 4926; baseline 0.003 -8"><span class='ocrx_word' id='word_1_606' title='bbox 238 4863 424 4918; x_wconf 88' lang='lat' dir='ltr'><strong>menti</strong></span> <span class='ocrx_word' id='word_1_607' title='bbox 459 4863 883 4920; x_wconf 87' lang='lat' dir='ltr'><strong>dedicationem</strong></span> <span class='ocrx_word' id='word_1_608' title='bbox 917 4863 1147 4926; x_wconf 74' lang='lat' dir='ltr'><strong>facilius</strong></span> <span class='ocrx_word' id='word_1_609' title='bbox 1177 4865 1459 4921; x_wconf 85' lang='lat' dir='ltr'><strong>edoceret.</strong></span> <span class='ocrx_word' id='word_1_610' title='bbox 1484 4863 1784 4923; x_wconf 31' lang='lat' dir='ltr'><strong>‘Mm&#39;rxAN.</strong></span> 
     </span>
    </p>
   </div>
   <div class='ocr_carea' id='block_1_85' title="bbox 311 4934 1454 5007">
    <p class='ocr_par' dir='ltr' id='par_1_85' title="bbox 311 4934 1454 5007">
     <span class='ocr_line' id='line_1_85' title="bbox 311 4934 1454 5007; baseline -0.001 -17"><span class='ocrx_word' id='word_1_611' title='bbox 311 4934 532 5007; x_wconf 61' lang='lat' dir='ltr'><strong>?Unus</strong></span> <span class='ocrx_word' id='word_1_612' title='bbox 558 4935 761 5007; x_wconf 84' lang='lat' dir='ltr'><strong>Regin.</strong></span> <span class='ocrx_word' id='word_1_613' title='bbox 796 4953 931 5002; x_wconf 92' lang='lat' dir='ltr'><strong>ms.,</strong></span> <span class='ocrx_word' id='word_1_614' title='bbox 965 4944 1018 4991; x_wconf 87' lang='lat' dir='ltr'><strong>et</strong></span> <span class='ocrx_word' id='word_1_615' title='bbox 1049 4936 1148 5003; x_wconf 76' lang='grc' dir='ltr'>τήν</span> <span class='ocrx_word' id='word_1_616' title='bbox 1184 4935 1454 4990; x_wconf 80' lang='grc' dir='ltr'><strong>ἀντίωσιν.</strong></span> 
     </span>
    </p>
   </div>
   <div class='ocr_carea' id='block_1_86' title="bbox 309 5005 1891 5078">
    <p class='ocr_par' dir='ltr' id='par_1_86' title="bbox 309 5005 1891 5078">
     <span class='ocr_line' id='line_1_86' title="bbox 309 5005 1891 5078; baseline 0.003 -18"><span class='ocrx_word' id='word_1_617' title='bbox 309 5006 332 5039; x_wconf 83' lang='grc'>³</span> <span class='ocrx_word' id='word_1_618' title='bbox 368 5008 476 5060; x_wconf 89' lang='lat' dir='ltr'><strong>Pro</strong></span> <span class='ocrx_word' id='word_1_619' title='bbox 503 5005 773 5078; x_wconf 63' lang='lat' dir='ltr'><strong>Ochoialh</strong></span> <span class='ocrx_word' id='word_1_620' title='bbox 801 5009 1066 5078; x_wconf 74' lang='lat' dir='ltr'><strong>pronubo,</strong></span> <span class='ocrx_word' id='word_1_621' title='bbox 1099 5012 1208 5062; x_wconf 86' lang='lat' dir='ltr'><strong>etc.</strong></span> <span class='ocrx_word' id='word_1_622' title='bbox 1258 5008 1410 5063; x_wconf 88' lang='lat' dir='ltr'><strong>Editi</strong></span> <span class='ocrx_word' id='word_1_623' title='bbox 1456 5012 1626 5064; x_wconf 86' lang='lat' dir='ltr'><strong>antea</strong></span> <span class='ocrx_word' id='word_1_624' title='bbox 1649 5007 1780 5064; x_wconf 86' lang='lat' dir='ltr'><strong>libri</strong></span> <span class='ocrx_word' id='word_1_625' title='bbox 1812 5009 1891 5064; x_wconf 90' lang='lat' dir='ltr'><strong>le-</strong></span> 
     </span>
    </p>
   </div>
   <div class='ocr_carea' id='block_1_87' title="bbox 233 5077 1888 5150">
    <p class='ocr_par' dir='ltr' id='par_1_87' title="bbox 233 5077 1888 5150">
     <span class='ocr_line' id='line_1_87' title="bbox 233 5077 1888 5150; baseline 0.002 -18"><span class='ocrx_word' id='word_1_626' title='bbox 233 5082 389 5148; x_wconf 82' lang='lat' dir='ltr'><strong>gunt</strong></span> <span class='ocrx_word' id='word_1_627' title='bbox 418 5078 700 5150; x_wconf 55' lang='lat' dir='ltr'><strong>Abas-atii;</strong></span> <span class='ocrx_word' id='word_1_628' title='bbox 732 5077 984 5148; x_wconf 80' lang='lat' dir='ltr'><strong>vulgata</strong></span> <span class='ocrx_word' id='word_1_629' title='bbox 1015 5084 1210 5134; x_wconf 83' lang='lat' dir='ltr'><strong>autem</strong></span> <span class='ocrx_word' id='word_1_630' title='bbox 1241 5079 1626 5150; x_wconf 74' lang='lat' dir='ltr'><strong>0ehomth,qu</strong></span> <span class='ocrx_word' id='word_1_631' title='bbox 1641 5081 1708 5135; x_wconf 90' lang='lat' dir='ltr'><strong>od</strong></span> <span class='ocrx_word' id='word_1_632' title='bbox 1745 5097 1888 5136; x_wconf 84' lang='lat' dir='ltr'><strong>mss.</strong></span> 
     </span>
    </p>
   </div>
   <div class='ocr_carea' id='block_1_88' title="bbox 233 5149 1585 5276">
    <p class='ocr_par' dir='ltr' id='par_1_88' title="bbox 233 5149 1585 5276">
     <span class='ocr_line' id='line_1_88' title="bbox 233 5149 1585 5276; baseline 0.001 -71"><span class='ocrx_word' id='word_1_633' title='bbox 233 5149 592 5276; x_wconf 55' lang='lat' dir='ltr'><strong>exemplaria</strong></span> <span class='ocrx_word' id='word_1_634' title='bbox 621 5149 800 5220; x_wconf 88' lang='lat' dir='ltr'><strong>hujus</strong></span> <span class='ocrx_word' id='word_1_635' title='bbox 833 5150 964 5204; x_wconf 90' lang='lat' dir='ltr'><strong>libri</strong></span> <span class='ocrx_word' id='word_1_636' title='bbox 1000 5151 1266 5206; x_wconf 87' lang='lat' dir='ltr'><strong>retinent.</strong></span> <span class='ocrx_word' id='word_1_637' title='bbox 1302 5149 1585 5206; x_wconf 60' lang='lat' dir='ltr'><strong>Maurum.</strong></span> 
     </span>
     <span class='ocr_line' id='line_1_89' title="bbox 305 5221 1585 5276; baseline 0 0"><span class='ocrx_word' id='word_1_638' title='bbox 305 5253 374 5260; x_wconf 87' lang='lat'><strong>—-</strong></span> <span class='ocrx_word' id='word_1_639' title='bbox 452 5238 598 5276; x_wconf 79' lang='lat' dir='ltr'><strong>uera</strong></span> <span class='ocrx_word' id='word_1_640' title='bbox 623 5221 682 5276; x_wconf 85' lang='lat' dir='ltr'><strong>in</strong></span> <span class='ocrx_word' id='word_1_641' title='bbox 716 5238 842 5276; x_wconf 85' lang='lat' dir='ltr'><strong>can.</strong></span> <span class='ocrx_word' id='word_1_642' title='bbox 878 5239 992 5276; x_wconf 86' lang='lat' dir='ltr'><strong>xxx.</strong></span> <span class='ocrx_word' id='word_1_643' title='bbox 1024 5239 1174 5276; x_wconf 90' lang='lat' dir='ltr'><strong>vers.</strong></span> <span class='ocrx_word' id='word_1_644' title='bbox 1207 5224 1296 5276; x_wconf 82' lang='lat'><strong>‘22.</strong></span> <span class='ocrx_word' id='word_1_645' title='bbox 1349 5222 1585 5276; x_wconf 87' lang='lat' dir='ltr'><strong>omnino</strong></span> 
     </span>
    </p>
   </div>
   <div class='ocr_carea' id='block_1_89' title="bbox 305 5221 1887 5294">
    <p class='ocr_par' dir='ltr' id='par_1_89' title="bbox 305 5221 1887 5294">
     <span class='ocr_line' id='line_1_90' title="bbox 305 5221 1887 5294; baseline 0.002 -19"><span class='ocrx_word' id='word_1_646' title='bbox 305 5253 374 5294; x_wconf 61' lang='lat'><strong>—;</strong></span> <span class='ocrx_word' id='word_1_647' title='bbox 407 5221 598 5294; x_wconf 81' lang='lat' dir='ltr'><strong>Supra</strong></span> <span class='ocrx_word' id='word_1_648' title='bbox 618 5221 682 5294; x_wconf 77' lang='lat' dir='ltr'><strong>in</strong></span> <span class='ocrx_word' id='word_1_649' title='bbox 716 5238 842 5294; x_wconf 86' lang='lat' dir='ltr'><strong>cap.</strong></span> <span class='ocrx_word' id='word_1_650' title='bbox 878 5239 992 5290; x_wconf 84' lang='lat' dir='ltr'><strong>xxx,</strong></span> <span class='ocrx_word' id='word_1_651' title='bbox 1024 5239 1174 5294; x_wconf 80' lang='lat' dir='ltr'><strong>vers.</strong></span> <span class='ocrx_word' id='word_1_652' title='bbox 1207 5224 1296 5287; x_wconf 82' lang='lat'><strong>‘22,</strong></span> <span class='ocrx_word' id='word_1_653' title='bbox 1349 5222 1590 5277; x_wconf 87' lang='lat' dir='ltr'><strong>omnino</strong></span> <span class='ocrx_word' id='word_1_654' title='bbox 1641 5240 1754 5278; x_wconf 90' lang='lat' dir='ltr'><strong>non</strong></span> <span class='ocrx_word' id='word_1_655' title='bbox 1787 5223 1887 5279; x_wconf 86' lang='lat' dir='ltr'><strong>ha-</strong></span> 
     </span>
    </p>
   </div>
   <div class='ocr_carea' id='block_1_90' title="bbox 235 5291 1886 5367">
    <p class='ocr_par' dir='ltr' id='par_1_90' title="bbox 235 5291 1886 5367">
     <span class='ocr_line' id='line_1_91' title="bbox 235 5291 1886 5367; baseline 0.002 -22"><span class='ocrx_word' id='word_1_656' title='bbox 235 5291 359 5367; x_wconf 74' lang='lat' dir='ltr'><strong>beri</strong></span> <span class='ocrx_word' id='word_1_657' title='bbox 403 5291 1028 5367; x_wconf 10' lang='lat' dir='ltr'><strong>Vin—Hebrzeo&#39;nomen</strong></span> <span class='ocrx_word' id='word_1_658' title='bbox 1080 5293 1346 5367; x_wconf 54' lang='lat' dir='ltr'><strong>Ochosatn</strong></span> <span class='ocrx_word' id='word_1_659' title='bbox 1377 5295 1611 5367; x_wconf 88' lang='lat' dir='ltr'><strong>docuit:</strong></span> <span class='ocrx_word' id='word_1_660' title='bbox 1664 5294 1758 5348; x_wconf 91' lang='lat' dir='ltr'><strong>hic</strong></span> <span class='ocrx_word' id='word_1_661' title='bbox 1791 5311 1886 5367; x_wconf 90' lang='lat' dir='ltr'><strong>ap-</strong></span> 
     </span>
    </p>
   </div>
   <div class='ocr_carea' id='block_1_91' title="bbox 232 5360 1882 5438">
    <p class='ocr_par' dir='ltr' id='par_1_91' title="bbox 232 5360 1882 5438">
     <span class='ocr_line' id='line_1_92' title="bbox 232 5360 1882 5438; baseline 0.002 -21"><span class='ocrx_word' id='word_1_662' title='bbox 232 5360 510 5438; x_wconf 79' lang='lat' dir='ltr'><strong>pellativo</strong></span> <span class='ocrx_word' id='word_1_663' title='bbox 541 5381 718 5421; x_wconf 90' lang='lat' dir='ltr'><strong>sensu</strong></span> <span class='ocrx_word' id='word_1_664' title='bbox 751 5364 983 5437; x_wconf 91' lang='lat' dir='ltr'><strong>accipit,</strong></span> <span class='ocrx_word' id='word_1_665' title='bbox 1019 5381 1144 5437; x_wconf 62' lang='lat' dir='ltr'><strong>quae</strong></span> <span class='ocrx_word' id='word_1_666' title='bbox 1189 5365 1447 5438; x_wconf 88' lang='lat' dir='ltr'><strong>plurium</strong></span> <span class='ocrx_word' id='word_1_667' title='bbox 1501 5360 1882 5438; x_wconf 81' lang='lat' dir='ltr'><strong>interpretum</strong></span> 
     </span>
    </p>
   </div>
   <div class='ocr_carea' id='block_1_92' title="bbox 227 5434 658 5491">
    <p class='ocr_par' dir='ltr' id='par_1_92' title="bbox 227 5434 658 5491">
     <span class='ocr_line' id='line_1_93' title="bbox 227 5434 658 5491; baseline 0.002 -1"><span class='ocrx_word' id='word_1_668' title='bbox 227 5434 523 5491; x_wconf 83' lang='lat' dir='ltr'><strong>sententia</strong></span> <span class='ocrx_word' id='word_1_669' title='bbox 551 5440 658 5491; x_wconf 89' lang='lat' dir='ltr'><strong>est.</strong></span> 
     </span>
    </p>
   </div>
   <div class='ocr_carea' id='block_1_93' title="bbox 305 5505 1885 5563">
    <p class='ocr_par' dir='ltr' id='par_1_93' title="bbox 305 5505 1885 5563">
     <span class='ocr_line' id='line_1_94' title="bbox 305 5505 1885 5563; baseline 0.001 -3"><span class='ocrx_word' id='word_1_670' title='bbox 305 5505 530 5562; x_wconf 73' lang='lat' dir='ltr'><strong>‘Falso</strong></span> <span class='ocrx_word' id='word_1_671' title='bbox 589 5511 647 5562; x_wconf 86' lang='lat' dir='ltr'><strong>et</strong></span> <span class='ocrx_word' id='word_1_672' title='bbox 703 5507 995 5562; x_wconf 89' lang='lat' dir='ltr'><strong>contrario</strong></span> <span class='ocrx_word' id='word_1_673' title='bbox 1052 5524 1231 5563; x_wconf 90' lang='lat' dir='ltr'><strong>sensu</strong></span> <span class='ocrx_word' id='word_1_674' title='bbox 1291 5507 1663 5562; x_wconf 76' lang='lat' dir='ltr'><strong>Martianmus</strong></span> <span class='ocrx_word' id='word_1_675' title='bbox 1721 5508 1885 5563; x_wconf 88' lang='lat' dir='ltr'><strong>addit</strong></span> 
     </span>
    </p>
   </div>
   <div class='ocr_carea' id='block_1_94' title="bbox 224 5578 1880 5650">
    <p class='ocr_par' dir='ltr' id='par_1_94' title="bbox 224 5578 1880 5650">
     <span class='ocr_line' id='line_1_95' title="bbox 224 5578 1880 5650; baseline 0.001 -18"><span class='ocrx_word' id='word_1_676' title='bbox 224 5578 490 5650; x_wconf 87' lang='lat' dir='ltr'><strong>negandi</strong></span> <span class='ocrx_word' id='word_1_677' title='bbox 540 5578 907 5650; x_wconf 89' lang='lat' dir='ltr'><strong>particulam.</strong></span> <span class='ocrx_word' id='word_1_678' title='bbox 957 5582 1079 5636; x_wconf 87' lang='lat' dir='ltr'><strong>Non</strong></span> <span class='ocrx_word' id='word_1_679' title='bbox 1129 5581 1439 5634; x_wconf 75' lang='lat' dir='ltr'><strong>invenimus</strong></span> <span class='ocrx_word' id='word_1_680' title='bbox 1488 5596 1713 5650; x_wconf 85' lang='lat' dir='ltr'><strong>aquam,</strong></span> <span class='ocrx_word' id='word_1_681' title='bbox 1744 5585 1880 5647; x_wconf 88' lang='lat' dir='ltr'><strong>etc.,</strong></span> 
     </span>
    </p>
   </div>
   <div class='ocr_carea' id='block_1_95' title="bbox 221 5649 1884 5732">
    <p class='ocr_par' dir='ltr' id='par_1_95' title="bbox 221 5649 1884 5732">
     <span class='ocr_line' id='line_1_96' title="bbox 221 5649 1884 5732; baseline 0.002 -28"><span class='ocrx_word' id='word_1_682' title='bbox 221 5665 367 5732; x_wconf 72' lang='lat' dir='ltr'><strong>cum</strong></span> <span class='ocrx_word' id='word_1_683' title='bbox 419 5649 477 5732; x_wconf 79' lang='lat' dir='ltr'><strong>in</strong></span> <span class='ocrx_word' id='word_1_684' title='bbox 537 5649 797 5732; x_wconf 67' lang='lat' dir='ltr'><strong>Hebraeo,</strong></span> <span class='ocrx_word' id='word_1_685' title='bbox 831 5667 1032 5732; x_wconf 39' lang='lat' dir='ltr'><strong>.quex’n</strong></span> <span class='ocrx_word' id='word_1_686' title='bbox 1073 5650 1451 5732; x_wconf 74' lang='lat' dir='ltr'><strong>hic_textum_</strong></span> <span class='ocrx_word' id='word_1_687' title='bbox 1493 5651 1884 5732; x_wconf 70' lang='lat' dir='ltr'><strong>Hieronymus</strong></span> 
     </span>
    </p>
   </div>
   <div class='ocr_carea' id='block_1_96' title="bbox 219 5719 1882 5800">
    <p class='ocr_par' dir='ltr' id='par_1_96' title="bbox 219 5719 1882 5800">
     <span class='ocr_line' id='line_1_97' title="bbox 219 5719 1882 5800; baseline 0.002 -22"><span class='ocrx_word' id='word_1_688' title='bbox 219 5719 424 5798; x_wconf 81' lang='lat' dir='ltr'><strong>primo</strong></span> <span class='ocrx_word' id='word_1_689' title='bbox 454 5719 582 5781; x_wconf 86' lang='lat' dir='ltr'><strong>loco</strong></span> <span class='ocrx_word' id='word_1_690' title='bbox 610 5721 794 5797; x_wconf 88' lang='lat' dir='ltr'><strong>ponit,</strong></span> <span class='ocrx_word' id='word_1_691' title='bbox 826 5719 956 5797; x_wconf 79' lang='lat' dir='ltr'><strong>ipso</strong></span> <span class='ocrx_word' id='word_1_692' title='bbox 985 5722 1044 5780; x_wconf 89' lang='lat' dir='ltr'><strong>S.</strong></span> <span class='ocrx_word' id='word_1_693' title='bbox 1077 5722 1312 5780; x_wconf 88' lang='lat' dir='ltr'><strong>doctore</strong></span> <span class='ocrx_word' id='word_1_694' title='bbox 1345 5725 1514 5792; x_wconf 87' lang='lat' dir='ltr'><strong>teste,</strong></span> <span class='ocrx_word' id='word_1_695' title='bbox 1564 5723 1672 5780; x_wconf 83' lang='lat' dir='ltr'><strong>Hoc</strong></span> <span class='ocrx_word' id='word_1_696' title='bbox 1698 5719 1882 5800; x_wconf 76' lang='lat' dir='ltr'><strong>signi-</strong></span> 
     </span>
    </p>
   </div>
   <div class='ocr_carea' id='block_1_97' title="bbox 2011 3349 3654 3424">
    <p class='ocr_par' dir='ltr' id='par_1_97' title="bbox 2011 3349 3654 3424">
     <span class='ocr_line' id='line_1_98' title="bbox 2011 3349 3654 3424; baseline 0.002 -18"><span class='ocrx_word' id='word_1_697' title='bbox 2011 3368 2078 3406; x_wconf 91' lang='lat' dir='ltr'><strong>eo</strong></span> <span class='ocrx_word' id='word_1_698' title='bbox 2111 3351 2312 3423; x_wconf 90' lang='lat' dir='ltr'><strong>igitur,</strong></span> <span class='ocrx_word' id='word_1_699' title='bbox 2344 3350 2500 3421; x_wconf 89' lang='lat' dir='ltr'><strong>quod</strong></span> <span class='ocrx_word' id='word_1_700' title='bbox 2533 3349 2773 3405; x_wconf 76' lang='lat' dir='ltr'><strong>fratrem</strong></span> <span class='ocrx_word' id='word_1_701' title='bbox 2805 3354 2926 3406; x_wconf 88' lang='lat' dir='ltr'><strong>arte</strong></span> <span class='ocrx_word' id='word_1_702' title='bbox 2972 3351 3282 3424; x_wconf 88' lang='lat' dir='ltr'><strong>deceperit,</strong></span> <span class='ocrx_word' id='word_1_703' title='bbox 3333 3352 3534 3408; x_wconf 89' lang='lat' dir='ltr'><strong>allusit</strong></span> <span class='ocrx_word' id='word_1_704' title='bbox 3581 3354 3654 3409; x_wconf 89' lang='lat' dir='ltr'><strong>ad</strong></span> 
     </span>
    </p>
   </div>
   <div class='ocr_carea' id='block_1_98' title="bbox 2013 3439 3654 3514">
    <p class='ocr_par' dir='ltr' id='par_1_98' title="bbox 2013 3439 3654 3514">
     <span class='ocr_line' id='line_1_99' title="bbox 2013 3439 3654 3514; baseline 0.001 -17"><span class='ocrx_word' id='word_1_705' title='bbox 2013 3457 2246 3497; x_wconf 89' lang='lat' dir='ltr'><strong>nomen.</strong></span> <span class='ocrx_word' id='word_1_706' title='bbox 2279 3439 2386 3504; x_wconf 87' lang='lat' dir='ltr'><strong>Qui</strong></span> <span class='ocrx_word' id='word_1_707' title='bbox 2423 3439 2551 3496; x_wconf 90' lang='lat' dir='ltr'><strong>ideo</strong></span> <span class='ocrx_word' id='word_1_708' title='bbox 2579 3439 2744 3496; x_wconf 79' lang='lat' dir='ltr'><strong>Jarob</strong></span> <span class='ocrx_word' id='word_1_709' title='bbox 2773 3443 2908 3496; x_wconf 90' lang='lat' dir='ltr'><strong>ante</strong></span> <span class='ocrx_word' id='word_1_710' title='bbox 2945 3445 3182 3496; x_wconf 90' lang='lat' dir='ltr'><strong>vocatus</strong></span> <span class='ocrx_word' id='word_1_711' title='bbox 3229 3446 3337 3510; x_wconf 89' lang='lat' dir='ltr'><strong>est,</strong></span> <span class='ocrx_word' id='word_1_712' title='bbox 3389 3443 3545 3514; x_wconf 92' lang='lat' dir='ltr'><strong>quod</strong></span> <span class='ocrx_word' id='word_1_713' title='bbox 3594 3442 3654 3498; x_wconf 89' lang='lat' dir='ltr'><strong>in</strong></span> 
     </span>
    </p>
   </div>
   <div class='ocr_carea' id='block_1_99' title="bbox 2013 3527 3172 3601">
    <p class='ocr_par' dir='ltr' id='par_1_99' title="bbox 2013 3527 3172 3601">
     <span class='ocr_line' id='line_1_100' title="bbox 2013 3527 3172 3601; baseline 0.001 -16"><span class='ocrx_word' id='word_1_714' title='bbox 2013 3535 2143 3585; x_wconf 91' lang='lat' dir='ltr'><strong>ortu</strong></span> <span class='ocrx_word' id='word_1_715' title='bbox 2165 3527 2428 3601; x_wconf 89' lang='lat' dir='ltr'><strong>plantam</strong></span> <span class='ocrx_word' id='word_1_716' title='bbox 2463 3527 2658 3584; x_wconf 84' lang='lat' dir='ltr'><strong>fratris</strong></span> <span class='ocrx_word' id='word_1_717' title='bbox 2689 3529 3172 3600; x_wconf 87' lang='lat' dir='ltr'><strong>apprehenderat.</strong></span> 
     </span>
    </p>
   </div>
   <div class='ocr_carea' id='block_1_100' title="bbox 2085 3618 3658 3690">
    <p class='ocr_par' dir='ltr' id='par_1_100' title="bbox 2085 3618 3658 3690">
     <span class='ocr_line' id='line_1_101' title="bbox 2085 3618 3658 3690; baseline 0.005 -20"><span class='ocrx_word' id='word_1_718' title='bbox 2085 3619 2268 3690; x_wconf 88' lang='lat' dir='ltr'><strong>(Vers.</strong></span> <span class='ocrx_word' id='word_1_719' title='bbox 2331 3619 2444 3687; x_wconf 84' lang='grc'><strong>40.)</strong></span> <span class='ocrx_word' id='word_1_720' title='bbox 2519 3640 2545 3666; x_wconf 91' lang='grc'><strong>‹‹</strong></span> <span class='ocrx_word' id='word_1_721' title='bbox 2606 3621 2672 3672; x_wconf 81' lang='lat' dir='ltr'><strong>Et</strong></span> <span class='ocrx_word' id='word_1_722' title='bbox 2730 3618 2893 3673; x_wconf 80' lang='lat' dir='ltr'><strong>fratri</strong></span> <span class='ocrx_word' id='word_1_723' title='bbox 2949 3623 3050 3674; x_wconf 87' lang='lat' dir='ltr'><strong>tuo</strong></span> <span class='ocrx_word' id='word_1_724' title='bbox 3105 3620 3376 3676; x_wconf 87' lang='lat' dir='ltr'><strong>servies:</strong></span> <span class='ocrx_word' id='word_1_725' title='bbox 3437 3625 3495 3678; x_wconf 91' lang='lat' dir='ltr'><strong>et</strong></span> <span class='ocrx_word' id='word_1_726' title='bbox 3547 3622 3658 3678; x_wconf 80' lang='lat' dir='ltr'><strong>erit</strong></span> 
     </span>
    </p>
   </div>
   <div class='ocr_carea' id='block_1_101' title="bbox 2014 3706 3656 3780">
    <p class='ocr_par' dir='ltr' id='par_1_101' title="bbox 2014 3706 3656 3780">
     <span class='ocr_line' id='line_1_102' title="bbox 2014 3706 3656 3780; baseline 0.002 -18"><span class='ocrx_word' id='word_1_727' title='bbox 2014 3709 2248 3779; x_wconf 91' lang='lat' dir='ltr'><strong>quando</strong></span> <span class='ocrx_word' id='word_1_728' title='bbox 2281 3707 2560 3780; x_wconf 90' lang='lat' dir='ltr'><strong>depones,</strong></span> <span class='ocrx_word' id='word_1_729' title='bbox 2594 3711 2652 3762; x_wconf 89' lang='lat' dir='ltr'><strong>et</strong></span> <span class='ocrx_word' id='word_1_730' title='bbox 2699 3706 2887 3762; x_wconf 89' lang='lat' dir='ltr'><strong>solves</strong></span> <span class='ocrx_word' id='word_1_731' title='bbox 2925 3707 3140 3779; x_wconf 89' lang='lat' dir='ltr'><strong>jugum</strong></span> <span class='ocrx_word' id='word_1_732' title='bbox 3190 3707 3349 3764; x_wconf 90' lang='lat' dir='ltr'><strong>illius</strong></span> <span class='ocrx_word' id='word_1_733' title='bbox 3398 3709 3469 3764; x_wconf 92' lang='lat' dir='ltr'><strong>de</strong></span> <span class='ocrx_word' id='word_1_734' title='bbox 3507 3708 3656 3766; x_wconf 93' lang='lat' dir='ltr'><strong>collo</strong></span> 
     </span>
    </p>
   </div>
   <div class='ocr_carea' id='block_1_102' title="bbox 2013 3795 3653 3868">
    <p class='ocr_par' dir='ltr' id='par_1_102' title="bbox 2013 3795 3653 3868">
     <span class='ocr_line' id='line_1_103' title="bbox 2013 3795 3653 3868; baseline 0.001 -17"><span class='ocrx_word' id='word_1_735' title='bbox 2013 3801 2134 3853; x_wconf 91' lang='lat' dir='ltr'><strong>tuo.</strong></span> <span class='ocrx_word' id='word_1_736' title='bbox 2171 3819 2198 3846; x_wconf 83' lang='lat'>»</span> <span class='ocrx_word' id='word_1_737' title='bbox 2232 3795 2436 3868; x_wconf 89' lang='lat' dir='ltr'><strong>Signat</strong></span> <span class='ocrx_word' id='word_1_738' title='bbox 2483 3795 2639 3867; x_wconf 80' lang='lat' dir='ltr'><strong>quod</strong></span> <span class='ocrx_word' id='word_1_739' title='bbox 2688 3795 2926 3850; x_wconf 70' lang='lat' dir='ltr'><strong>Idumaei</strong></span> <span class='ocrx_word' id='word_1_740' title='bbox 2971 3795 3240 3850; x_wconf 88' lang='lat' dir='ltr'><strong>servituri</strong></span> <span class='ocrx_word' id='word_1_741' title='bbox 3270 3796 3388 3852; x_wconf 88' lang='lat' dir='ltr'><strong>sint</strong></span> <span class='ocrx_word' id='word_1_742' title='bbox 3413 3797 3653 3864; x_wconf 70' lang='lat' dir='ltr'><strong>Judaeis,</strong></span> 
     </span>
    </p>
   </div>
   <div class='ocr_carea' id='block_1_103' title="bbox 2013 3885 3651 3959">
    <p class='ocr_par' dir='ltr' id='par_1_103' title="bbox 2013 3885 3651 3959">
     <span class='ocr_line' id='line_1_104' title="bbox 2013 3885 3651 3959; baseline 0.001 -19"><span class='ocrx_word' id='word_1_743' title='bbox 2013 3892 2069 3940; x_wconf 89' lang='lat' dir='ltr'><strong>et</strong></span> <span class='ocrx_word' id='word_1_744' title='bbox 2097 3891 2332 3958; x_wconf 81' lang='lat' dir='ltr'><strong>tempus</strong></span> <span class='ocrx_word' id='word_1_745' title='bbox 2365 3901 2494 3940; x_wconf 88' lang='lat' dir='ltr'><strong>esse</strong></span> <span class='ocrx_word' id='word_1_746' title='bbox 2524 3889 2857 3950; x_wconf 88' lang='lat' dir='ltr'><strong>venturum,</strong></span> <span class='ocrx_word' id='word_1_747' title='bbox 2891 3885 3125 3955; x_wconf 89' lang='lat' dir='ltr'><strong>quando</strong></span> <span class='ocrx_word' id='word_1_748' title='bbox 3168 3885 3238 3940; x_wconf 94' lang='lat' dir='ltr'><strong>de</strong></span> <span class='ocrx_word' id='word_1_749' title='bbox 3267 3885 3414 3940; x_wconf 91' lang='lat' dir='ltr'><strong>collo</strong></span> <span class='ocrx_word' id='word_1_750' title='bbox 3435 3887 3651 3959; x_wconf 89' lang='lat' dir='ltr'><strong>jugum</strong></span> 
     </span>
    </p>
   </div>
   <div class='ocr_carea' id='block_1_104' title="bbox 2011 3973 3652 4045">
    <p class='ocr_par' dir='ltr' id='par_1_104' title="bbox 2011 3973 3652 4045">
     <span class='ocr_line' id='line_1_105' title="bbox 2011 3973 3652 4045; baseline 0.002 -16"><span class='ocrx_word' id='word_1_751' title='bbox 2011 3973 2306 4030; x_wconf 85' lang='lat' dir='ltr'><strong>servitutis</strong></span> <span class='ocrx_word' id='word_1_752' title='bbox 2357 3973 2654 4042; x_wconf 87' lang='lat' dir='ltr'><strong>abjiciant,</strong></span> <span class='ocrx_word' id='word_1_753' title='bbox 2703 3988 3024 4044; x_wconf 89' lang='lat' dir='ltr'><strong>eorumque</strong></span> <span class='ocrx_word' id='word_1_754' title='bbox 3073 3973 3316 4045; x_wconf 90' lang='lat' dir='ltr'><strong>imperio</strong></span> <span class='ocrx_word' id='word_1_755' title='bbox 3363 3977 3652 4032; x_wconf 89' lang='lat' dir='ltr'><strong>contradi-</strong></span> 
     </span>
    </p>
   </div>
   <div class='ocr_carea' id='block_1_105' title="bbox 2011 4061 3649 4138">
    <p class='ocr_par' dir='ltr' id='par_1_105' title="bbox 2011 4061 3649 4138">
     <span class='ocr_line' id='line_1_106' title="bbox 2011 4061 3649 4138; baseline 0.003 -20"><span class='ocrx_word' id='word_1_756' title='bbox 2011 4067 2164 4118; x_wconf 90' lang='lat' dir='ltr'><strong>cant.</strong></span> <span class='ocrx_word' id='word_1_757' title='bbox 2225 4063 2559 4118; x_wconf 89' lang='lat' dir='ltr'><strong>Secundum</strong></span> <span class='ocrx_word' id='word_1_758' title='bbox 2608 4065 2803 4116; x_wconf 86' lang='lat' dir='ltr'><strong>autem</strong></span> <span class='ocrx_word' id='word_1_759' title='bbox 2855 4061 3236 4134; x_wconf 85' lang='lat' dir='ltr'><strong>Septuaginta</strong></span> <span class='ocrx_word' id='word_1_760' title='bbox 3278 4064 3649 4138; x_wconf 88' lang='lat' dir='ltr'><strong>Interpretes,</strong></span> 
     </span>
    </p>
   </div>
   <div class='ocr_carea' id='block_1_106' title="bbox 2010 4149 3654 4224">
    <p class='ocr_par' dir='ltr' id='par_1_106' title="bbox 2010 4149 3654 4224">
     <span class='ocr_line' id='line_1_107' title="bbox 2010 4149 3654 4224; baseline 0.003 -17"><span class='ocrx_word' id='word_1_761' title='bbox 2010 4152 2111 4224; x_wconf 89' lang='lat' dir='ltr'><strong>qui</strong></span> <span class='ocrx_word' id='word_1_762' title='bbox 2161 4151 2472 4206; x_wconf 88' lang='lat' dir='ltr'><strong>dixerunt:</strong></span> <span class='ocrx_word' id='word_1_763' title='bbox 2528 4172 2555 4199; x_wconf 90' lang='grc'>‹‹</span> <span class='ocrx_word' id='word_1_764' title='bbox 2595 4149 2716 4204; x_wconf 80' lang='lat' dir='ltr'><strong>Erit</strong></span> <span class='ocrx_word' id='word_1_765' title='bbox 2757 4156 2952 4206; x_wconf 89' lang='lat' dir='ltr'><strong>autem</strong></span> <span class='ocrx_word' id='word_1_766' title='bbox 3006 4167 3138 4206; x_wconf 84' lang='lat' dir='ltr'><strong>cum</strong></span> <span class='ocrx_word' id='word_1_767' title='bbox 3185 4153 3546 4224; x_wconf 85' lang='lat' dir='ltr'><strong>deposueris,</strong></span> <span class='ocrx_word' id='word_1_768' title='bbox 3595 4161 3654 4212; x_wconf 88' lang='lat' dir='ltr'><strong>et</strong></span> 
     </span>
    </p>
   </div>
   <div class='ocr_carea' id='block_1_107' title="bbox 2007 4293 3650 4365">
    <p class='ocr_par' dir='ltr' id='par_1_107' title="bbox 2007 4293 3650 4365">
     <span class='ocr_line' id='line_1_108' title="bbox 2007 4293 3650 4365; baseline 0.003 -17"><span class='ocrx_word' id='word_1_769' title='bbox 2007 4295 2148 4364; x_wconf 79' lang='lat' dir='ltr'><strong>ﬂeet.</strong></span> <span class='ocrx_word' id='word_1_770' title='bbox 2211 4295 2342 4364; x_wconf 81' lang='lat' dir='ltr'><strong>quia</strong></span> <span class='ocrx_word' id='word_1_771' title='bbox 2390 4293 2703 4348; x_wconf 75' lang='lat' dir='ltr'><strong>invenerint</strong></span> <span class='ocrx_word' id='word_1_772' title='bbox 2751 4310 3008 4363; x_wconf 83' lang='lat' dir='ltr'><strong>aquam:</strong></span> <span class='ocrx_word' id='word_1_773' title='bbox 3067 4299 3242 4365; x_wconf 87' lang='lat' dir='ltr'><strong>atque</strong></span> <span class='ocrx_word' id='word_1_774' title='bbox 3305 4294 3650 4354; x_wconf 83' lang='lat' dir='ltr'><strong>llebraicum</strong></span> 
     </span>
    </p>
   </div>
   <div class='ocr_carea' id='block_1_108' title="bbox 2009 4365 3649 4436">
    <p class='ocr_par' dir='ltr' id='par_1_108' title="bbox 2009 4365 3649 4436">
     <span class='ocr_line' id='line_1_109' title="bbox 2009 4365 3649 4436; baseline 0.003 -17"><span class='ocrx_word' id='word_1_775' title='bbox 2009 4368 2162 4420; x_wconf 91' lang='lat' dir='ltr'><strong>inter</strong></span> <span class='ocrx_word' id='word_1_776' title='bbox 2189 4371 2247 4419; x_wconf 89' lang='lat' dir='ltr'><strong>et</strong></span> <span class='ocrx_word' id='word_1_777' title='bbox 2268 4365 2651 4436; x_wconf 85' lang='lat' dir='ltr'><strong>Septuaginta</strong></span> <span class='ocrx_word' id='word_1_778' title='bbox 2669 4365 2982 4436; x_wconf 87' lang='lat' dir='ltr'><strong>peculiaris</strong></span> <span class='ocrx_word' id='word_1_779' title='bbox 2999 4365 3649 4424; x_wconf 89' lang='lat' dir='ltr'><strong>diversitasintercedat:</strong></span> 
     </span>
    </p>
   </div>
   <div class='ocr_carea' id='block_1_109' title="bbox 2009 4436 3650 4509">
    <p class='ocr_par' dir='ltr' id='par_1_109' title="bbox 2009 4436 3650 4509">
     <span class='ocr_line' id='line_1_110' title="bbox 2009 4436 3650 4509; baseline 0.002 -18"><span class='ocrx_word' id='word_1_780' title='bbox 2009 4436 2108 4508; x_wconf 88' lang='lat' dir='ltr'><strong>qui</strong></span> <span class='ocrx_word' id='word_1_781' title='bbox 2141 4437 2284 4492; x_wconf 89' lang='lat' dir='ltr'><strong>adeo</strong></span> <span class='ocrx_word' id='word_1_782' title='bbox 2305 4438 2687 4508; x_wconf 84' lang='lat' dir='ltr'><strong>juramentum</strong></span> <span class='ocrx_word' id='word_1_783' title='bbox 2731 4436 3094 4509; x_wconf 86' lang='lat' dir='ltr'><strong>interpretati</strong></span> <span class='ocrx_word' id='word_1_784' title='bbox 3143 4442 3294 4509; x_wconf 75' lang='lat' dir='ltr'><strong>sunt</strong></span> <span class='ocrx_word' id='word_1_785' title='bbox 3326 4455 3429 4508; x_wconf 91' lang='lat' dir='ltr'><strong>pro</strong></span> <span class='ocrx_word' id='word_1_786' title='bbox 3473 4439 3650 4494; x_wconf 75' lang='lat' dir='ltr'><strong>abun-</strong></span> 
     </span>
    </p>
   </div>
   <div class='ocr_carea' id='block_1_110' title="bbox 2007 4507 3648 4580">
    <p class='ocr_par' dir='ltr' id='par_1_110' title="bbox 2007 4507 3648 4580">
     <span class='ocr_line' id='line_1_111' title="bbox 2007 4507 3648 4580; baseline 0.003 -19"><span class='ocrx_word' id='word_1_787' title='bbox 2007 4507 2218 4580; x_wconf 80' lang='lat' dir='ltr'><strong>dantia,</strong></span> <span class='ocrx_word' id='word_1_788' title='bbox 2253 4507 2373 4562; x_wconf 90' lang='lat' dir='ltr'><strong>sive</strong></span> <span class='ocrx_word' id='word_1_789' title='bbox 2401 4511 2718 4562; x_wconf 82' lang='lat' dir='ltr'><strong>saturitate.</strong></span> <span class='ocrx_word' id='word_1_790' title='bbox 2751 4508 2866 4563; x_wconf 83' lang='lat' dir='ltr'><strong>Nos</strong></span> <span class='ocrx_word' id='word_1_791' title='bbox 2888 4507 3021 4564; x_wconf 79' lang='lat' dir='ltr'><strong>eam</strong></span> <span class='ocrx_word' id='word_1_792' title='bbox 3054 4507 3398 4580; x_wconf 64' lang='lat' dir='ltr'><strong>particulam</strong></span> <span class='ocrx_word' id='word_1_793' title='bbox 3429 4513 3556 4580; x_wconf 88' lang='lat' dir='ltr'><strong>tum</strong></span> <span class='ocrx_word' id='word_1_794' title='bbox 3573 4510 3648 4566; x_wconf 85' lang='lat' dir='ltr'><strong>ad</strong></span> 
     </span>
    </p>
   </div>
   <div class='ocr_carea' id='block_1_111' title="bbox 2007 4579 3651 4643">
    <p class='ocr_par' dir='ltr' id='par_1_111' title="bbox 2007 4579 3651 4643">
     <span class='ocr_line' id='line_1_112' title="bbox 2007 4579 3651 4643; baseline 0.002 -9"><span class='ocrx_word' id='word_1_795' title='bbox 2007 4579 2155 4634; x_wconf 84' lang='lat' dir='ltr'><strong>sacri</strong></span> <span class='ocrx_word' id='word_1_796' title='bbox 2187 4583 2404 4643; x_wconf 87' lang='lat' dir='ltr'><strong>textus,</strong></span> <span class='ocrx_word' id='word_1_797' title='bbox 2431 4584 2556 4634; x_wconf 91' lang='lat' dir='ltr'><strong>tum</strong></span> <span class='ocrx_word' id='word_1_798' title='bbox 2589 4580 2659 4634; x_wconf 90' lang='lat' dir='ltr'><strong>ad</strong></span> <span class='ocrx_word' id='word_1_799' title='bbox 2686 4596 2829 4634; x_wconf 89' lang='lat' dir='ltr'><strong>mss.</strong></span> <span class='ocrx_word' id='word_1_800' title='bbox 2864 4579 3196 4636; x_wconf 82' lang='lat' dir='ltr'><strong>nostrorum</strong></span> <span class='ocrx_word' id='word_1_801' title='bbox 3219 4583 3276 4634; x_wconf 90' lang='lat' dir='ltr'><strong>et</strong></span> <span class='ocrx_word' id='word_1_802' title='bbox 3301 4579 3651 4638; x_wconf 64' lang='lat' dir='ltr'><strong>Victorinum</strong></span> 
     </span>
    </p>
   </div>
   <div class='ocr_carea' id='block_1_112' title="bbox 2005 4650 2997 4722">
    <p class='ocr_par' dir='ltr' id='par_1_112' title="bbox 2005 4650 2997 4722">
     <span class='ocr_line' id='line_1_113' title="bbox 2005 4650 2997 4722; baseline -0.003 -16"><span class='ocrx_word' id='word_1_803' title='bbox 2005 4650 2278 4706; x_wconf 86' lang='lat' dir='ltr'><strong>editionis</strong></span> <span class='ocrx_word' id='word_1_804' title='bbox 2311 4651 2484 4706; x_wconf 88' lang='lat' dir='ltr'><strong>ﬁdem</strong></span> <span class='ocrx_word' id='word_1_805' title='bbox 2518 4650 2997 4722; x_wconf 29' lang='lat' dir='ltr'><strong>cxpunximussﬁ</strong></span> 
     </span>
    </p>
   </div>
   <div class='ocr_carea' id='block_1_113' title="bbox 2076 4719 3644 4787">
    <p class='ocr_par' dir='ltr' id='par_1_113' title="bbox 2076 4719 3644 4787">
     <span class='ocr_line' id='line_1_114' title="bbox 2076 4719 3644 4787; baseline 0.001 -11"><span class='ocrx_word' id='word_1_806' title='bbox 2076 4723 2231 4777; x_wconf 57' lang='lat' dir='ltr'><strong>“Pro</strong></span> <span class='ocrx_word' id='word_1_807' title='bbox 2251 4722 2482 4776; x_wconf 82' lang='lat' dir='ltr'><strong>stridulo</strong></span> <span class='ocrx_word' id='word_1_808' title='bbox 2531 4719 2879 4777; x_wconf 76' lang='lat' dir='ltr'><strong>llébraeorum</strong></span> <span class='ocrx_word' id='word_1_809' title='bbox 2930 4721 3048 4775; x_wconf 69' lang='lat' dir='ltr'><strong>Sin.</strong></span> <span class='ocrx_word' id='word_1_810' title='bbox 3104 4719 3250 4787; x_wconf 90' lang='lat' dir='ltr'><strong>Quid</strong></span> <span class='ocrx_word' id='word_1_811' title='bbox 3299 4720 3377 4775; x_wconf 89' lang='lat' dir='ltr'><strong>sit</strong></span> <span class='ocrx_word' id='word_1_812' title='bbox 3415 4719 3517 4776; x_wconf 90' lang='lat' dir='ltr'><strong>illa</strong></span> <span class='ocrx_word' id='word_1_813' title='bbox 3545 4722 3644 4778; x_wconf 87' lang='lat' dir='ltr'><strong>de-</strong></span> 
     </span>
    </p>
   </div>
   <div class='ocr_carea' id='block_1_114' title="bbox 2005 4790 3644 4864">
    <p class='ocr_par' dir='ltr' id='par_1_114' title="bbox 2005 4790 3644 4864">
     <span class='ocr_line' id='line_1_115' title="bbox 2005 4790 3644 4864; baseline 0.001 -16"><span class='ocrx_word' id='word_1_814' title='bbox 2005 4793 2240 4848; x_wconf 89' lang='lat' dir='ltr'><strong>clinatio</strong></span> <span class='ocrx_word' id='word_1_815' title='bbox 2273 4792 2476 4848; x_wconf 70' lang='lat' dir='ltr'><strong>littera:</strong></span> <span class='ocrx_word' id='word_1_816' title='bbox 2506 4795 2592 4847; x_wconf 87' lang='lat' dir='ltr'><strong>sin</strong></span> <span class='ocrx_word' id='word_1_817' title='bbox 2627 4793 2884 4848; x_wconf 88' lang='lat' dir='ltr'><strong>diximus</strong></span> <span class='ocrx_word' id='word_1_818' title='bbox 2915 4791 2974 4846; x_wconf 94' lang='lat' dir='ltr'><strong>in</strong></span> <span class='ocrx_word' id='word_1_819' title='bbox 3008 4790 3284 4864; x_wconf 77' lang='lat' dir='ltr'><strong>Apologia</strong></span> <span class='ocrx_word' id='word_1_820' title='bbox 3313 4807 3416 4864; x_wconf 89' lang='lat' dir='ltr'><strong>pro</strong></span> <span class='ocrx_word' id='word_1_821' title='bbox 3443 4792 3644 4850; x_wconf 82' lang='lat' dir='ltr'><strong>Hiero-</strong></span> 
     </span>
    </p>
   </div>
   <div class='ocr_carea' id='block_1_115' title="bbox 2006 4865 2521 4938">
    <p class='ocr_par' dir='ltr' id='par_1_115' title="bbox 2006 4865 2521 4938">
     <span class='ocr_line' id='line_1_116' title="bbox 2006 4865 2521 4938; baseline -0.006 -18"><span class='ocrx_word' id='word_1_822' title='bbox 2006 4882 2199 4938; x_wconf 80' lang='lat' dir='ltr'><strong>nymo.</strong></span> <span class='ocrx_word' id='word_1_823' title='bbox 2235 4865 2521 4920; x_wconf 64' lang='lat' dir='ltr'><strong>Manum.</strong></span> 
     </span>
    </p>
   </div>
   <div class='ocr_carea' id='block_1_116' title="bbox 2073 4933 3642 5008">
    <p class='ocr_par' dir='ltr' id='par_1_116' title="bbox 2073 4933 3642 5008">
     <span class='ocr_line' id='line_1_117' title="bbox 2073 4933 3642 5008; baseline 0.001 -18"><span class='ocrx_word' id='word_1_824' title='bbox 2073 4968 2140 4976; x_wconf 89' lang='lat'><strong>—</strong></span> <span class='ocrx_word' id='word_1_825' title='bbox 2156 4941 2423 5008; x_wconf 83' lang='lat' dir='ltr'><strong>Attamen</strong></span> <span class='ocrx_word' id='word_1_826' title='bbox 2439 4946 2616 5008; x_wconf 56' lang='lat' dir='ltr'><strong>n22?)</strong></span> <span class='ocrx_word' id='word_1_827' title='bbox 2631 4933 2910 5008; x_wconf 89' lang='lat' dir='ltr'><strong>scribitur</strong></span> <span class='ocrx_word' id='word_1_828' title='bbox 2941 4933 2999 4989; x_wconf 93' lang='lat' dir='ltr'><strong>in</strong></span> <span class='ocrx_word' id='word_1_829' title='bbox 3021 4933 3320 5008; x_wconf 76' lang='lat' dir='ltr'><strong>Hebraicis</strong></span> <span class='ocrx_word' id='word_1_830' title='bbox 3350 4934 3642 5008; x_wconf 84' lang='lat' dir='ltr'><strong>exempla-</strong></span> 
     </span>
    </p>
   </div>
   <div class='ocr_carea' id='block_1_117' title="bbox 2004 5005 3640 5130">
    <p class='ocr_par' dir='ltr' id='par_1_117' title="bbox 2004 5005 3640 5130">
     <span class='ocr_line' id='line_1_118' title="bbox 2004 5005 3640 5130; baseline 0.001 -70"><span class='ocrx_word' id='word_1_831' title='bbox 2004 5007 2188 5070; x_wconf 90' lang='lat' dir='ltr'><strong>ribus,</strong></span> <span class='ocrx_word' id='word_1_832' title='bbox 2222 5025 2347 5079; x_wconf 67' lang='lat' dir='ltr'><strong>qxxaz</strong></span> <span class='ocrx_word' id='word_1_833' title='bbox 2379 5007 2556 5062; x_wconf 90' lang='lat' dir='ltr'><strong>dictio</strong></span> <span class='ocrx_word' id='word_1_834' title='bbox 2577 5007 2816 5130; x_wconf 72' lang='lat' dir='ltr'><strong>1proprie</strong></span> <span class='ocrx_word' id='word_1_835' title='bbox 2845 5009 3055 5086; x_wconf 43' lang='lat' dir='ltr'><strong>septem.</strong></span> <span class='ocrx_word' id='word_1_836' title='bbox 3077 5005 3497 5088; x_wconf 83' lang='lat' dir='ltr'><strong>interpretatur</strong></span> <span class='ocrx_word' id='word_1_837' title='bbox 3519 5005 3640 5088; x_wconf 69' lang='lat' dir='ltr'><strong>fea-</strong></span> 
     </span>
     <span class='ocr_line' id='line_1_119' title="bbox 2004 5076 3640 5130; baseline 0 0"><span class='ocrx_word' id='word_1_838' title='bbox 2004 5079 2252 5130; x_wconf 85' lang='lat' dir='ltr'><strong>demnue</strong></span> <span class='ocrx_word' id='word_1_839' title='bbox 2299 5078 2470 5130; x_wconf 87' lang='lat' dir='ltr'><strong>nlane</strong></span> <span class='ocrx_word' id='word_1_840' title='bbox 2501 5079 2570 5130; x_wconf 82' lang='lat' dir='ltr'><strong>de</strong></span> <span class='ocrx_word' id='word_1_841' title='bbox 2600 5083 2812 5130; x_wconf 78' lang='lat' dir='ltr'><strong>xneatio</strong></span> <span class='ocrx_word' id='word_1_842' title='bbox 2835 5084 2922 5130; x_wconf 88' lang='lat' dir='ltr'><strong>est</strong></span> <span class='ocrx_word' id='word_1_843' title='bbox 2945 5090 2999 5130; x_wconf 62' lang='lat' dir='ltr'><strong>ut</strong></span> <span class='ocrx_word' id='word_1_844' title='bbox 3020 5076 3222 5130; x_wconf 66' lang='lat' dir='ltr'><strong>littera:</strong></span> <span class='ocrx_word' id='word_1_845' title='bbox 3244 5093 3302 5130; x_wconf 88' lang='lat' dir='ltr'><strong>xn</strong></span> <span class='ocrx_word' id='word_1_846' title='bbox 3335 5081 3640 5130; x_wconf 88' lang='lat' dir='ltr'><strong>textu.sxve</strong></span> 
     </span>
    </p>
   </div>
   <div class='ocr_carea' id='block_1_118' title="bbox 2001 5076 3644 5150">
    <p class='ocr_par' dir='ltr' id='par_1_118' title="bbox 2001 5076 3644 5150">
     <span class='ocr_line' id='line_1_120' title="bbox 2001 5076 3644 5150; baseline 0.001 -17"><span class='ocrx_word' id='word_1_847' title='bbox 2001 5076 2255 5150; x_wconf 79' lang='lat' dir='ltr'><strong>demque</strong></span> <span class='ocrx_word' id='word_1_848' title='bbox 2299 5078 2470 5150; x_wconf 87' lang='lat' dir='ltr'><strong>plane</strong></span> <span class='ocrx_word' id='word_1_849' title='bbox 2501 5076 2812 5132; x_wconf 82' lang='lat' dir='ltr'><strong>delineatio</strong></span> <span class='ocrx_word' id='word_1_850' title='bbox 2835 5084 2922 5131; x_wconf 88' lang='lat' dir='ltr'><strong>est</strong></span> <span class='ocrx_word' id='word_1_851' title='bbox 2945 5090 2999 5135; x_wconf 58' lang='lat' dir='ltr'><strong>ut</strong></span> <span class='ocrx_word' id='word_1_852' title='bbox 3020 5076 3302 5150; x_wconf 69' lang='lat' dir='ltr'><strong>litterzein</strong></span> <span class='ocrx_word' id='word_1_853' title='bbox 3335 5078 3644 5145; x_wconf 87' lang='lat' dir='ltr'><strong>textu,sive</strong></span> 
     </span>
    </p>
   </div>
   <div class='ocr_carea' id='block_1_119' title="bbox 2001 5148 3642 5220">
    <p class='ocr_par' dir='ltr' id='par_1_119' title="bbox 2001 5148 3642 5220">
     <span class='ocr_line' id='line_1_121' title="bbox 2001 5148 3642 5220; baseline 0.001 -16"><span class='ocrx_word' id='word_1_854' title='bbox 2001 5167 2132 5204; x_wconf 90' lang='lat' dir='ltr'><strong>cum</strong></span> <span class='ocrx_word' id='word_1_855' title='bbox 2160 5148 2234 5206; x_wconf 75' lang='lat' dir='ltr'><strong>ea</strong></span> <span class='ocrx_word' id='word_1_856' title='bbox 2262 5148 2369 5204; x_wconf 80' lang='lat' dir='ltr'><strong>vox</strong></span> <span class='ocrx_word' id='word_1_857' title='bbox 2412 5158 2636 5220; x_wconf 81' lang='lat' dir='ltr'><strong>septem,</strong></span> <span class='ocrx_word' id='word_1_858' title='bbox 2687 5153 2786 5203; x_wconf 87' lang='lat' dir='ltr'><strong>axxt</strong></span> <span class='ocrx_word' id='word_1_859' title='bbox 2819 5151 3220 5220; x_wconf 83' lang='lat' dir='ltr'><strong>juramentum,</strong></span> <span class='ocrx_word' id='word_1_860' title='bbox 3254 5148 3371 5203; x_wconf 88' lang='lat' dir='ltr'><strong>sive</strong></span> <span class='ocrx_word' id='word_1_861' title='bbox 3397 5165 3527 5204; x_wconf 88' lang='lat' dir='ltr'><strong>cum</strong></span> <span class='ocrx_word' id='word_1_862' title='bbox 3559 5166 3642 5206; x_wconf 89' lang='lat' dir='ltr'><strong>sa-</strong></span> 
     </span>
    </p>
   </div>
   <div class='ocr_carea' id='block_1_120' title="bbox 1999 5219 3639 5293">
    <p class='ocr_par' dir='ltr' id='par_1_120' title="bbox 1999 5219 3639 5293">
     <span class='ocr_line' id='line_1_122' title="bbox 1999 5219 3639 5293; baseline 0.001 -17"><span class='ocrx_word' id='word_1_863' title='bbox 1999 5224 2266 5283; x_wconf 82' lang='lat' dir='ltr'><strong>tietatem,</strong></span> <span class='ocrx_word' id='word_1_864' title='bbox 2302 5225 2403 5276; x_wconf 89' lang='lat' dir='ltr'><strong>aut</strong></span> <span class='ocrx_word' id='word_1_865' title='bbox 2429 5219 2828 5293; x_wconf 76' lang='lat' dir='ltr'><strong>plenitudinem</strong></span> <span class='ocrx_word' id='word_1_866' title='bbox 2851 5219 3425 5293; x_wconf 87' lang='lat' dir='ltr'><strong>sonat.Grammatici</strong></span> <span class='ocrx_word' id='word_1_867' title='bbox 3445 5225 3639 5278; x_wconf 87' lang='lat' dir='ltr'><strong>autem</strong></span> 
     </span>
    </p>
   </div>
   <div class='ocr_carea' id='block_1_121' title="bbox 1999 5292 3643 5365">
    <p class='ocr_par' dir='ltr' id='par_1_121' title="bbox 1999 5292 3643 5365">
     <span class='ocr_line' id='line_1_123' title="bbox 1999 5292 3643 5365; baseline 0.002 -19"><span class='ocrx_word' id='word_1_868' title='bbox 1999 5292 2563 5364; x_wconf 88' lang='lat' dir='ltr'><strong>itadistinguunt,ut</strong></span> <span class='ocrx_word' id='word_1_869' title='bbox 2583 5292 2824 5365; x_wconf 80' lang='lat' dir='ltr'><strong>sinistro</strong></span> <span class='ocrx_word' id='word_1_870' title='bbox 2837 5307 3013 5365; x_wconf 84' lang='lat' dir='ltr'><strong>cornu</strong></span> <span class='ocrx_word' id='word_1_871' title='bbox 3030 5292 3643 5365; x_wconf 77' lang='lat' dir='ltr'><strong>punctumimponant</strong></span> 
     </span>
    </p>
   </div>
   <div class='ocr_carea' id='block_1_122' title="bbox 1997 5363 3641 5437">
    <p class='ocr_par' dir='ltr' id='par_1_122' title="bbox 1997 5363 3641 5437">
     <span class='ocr_line' id='line_1_124' title="bbox 1997 5363 3641 5437; baseline 0.002 -19"><span class='ocrx_word' id='word_1_872' title='bbox 1997 5365 2044 5418; x_wconf 90' lang='lat' dir='ltr'><strong>si</strong></span> <span class='ocrx_word' id='word_1_873' title='bbox 2095 5369 2314 5436; x_wconf 74' lang='lat' dir='ltr'><strong>septem,</strong></span> <span class='ocrx_word' id='word_1_874' title='bbox 2357 5366 2577 5437; x_wconf 81' lang='lat' dir='ltr'><strong>dextro,</strong></span> <span class='ocrx_word' id='word_1_875' title='bbox 2627 5363 2674 5418; x_wconf 88' lang='lat' dir='ltr'><strong>si</strong></span> <span class='ocrx_word' id='word_1_876' title='bbox 2743 5364 3095 5437; x_wconf 66' lang='lat' dir='ltr'><strong>saturitatem</strong></span> <span class='ocrx_word' id='word_1_877' title='bbox 3151 5363 3459 5437; x_wconf 82' lang='lat' dir='ltr'><strong>signiﬁcet.</strong></span> <span class='ocrx_word' id='word_1_878' title='bbox 3512 5365 3641 5437; x_wconf 89' lang='lat' dir='ltr'><strong>Ipse</strong></span> 
     </span>
    </p>
   </div>
   <div class='ocr_carea' id='block_1_123' title="bbox 1997 5433 3642 5507">
    <p class='ocr_par' dir='ltr' id='par_1_123' title="bbox 1997 5433 3642 5507">
     <span class='ocr_line' id='line_1_125' title="bbox 1997 5433 3642 5507; baseline 0.002 -17"><span class='ocrx_word' id='word_1_879' title='bbox 1997 5433 2168 5506; x_wconf 86' lang='lat' dir='ltr'><strong>porro</strong></span> <span class='ocrx_word' id='word_1_880' title='bbox 2207 5438 2364 5490; x_wconf 86' lang='lat' dir='ltr'><strong>Isaac</strong></span> <span class='ocrx_word' id='word_1_881' title='bbox 2397 5436 2453 5490; x_wconf 91' lang='lat' dir='ltr'><strong>in</strong></span> <span class='ocrx_word' id='word_1_882' title='bbox 2491 5434 2973 5507; x_wconf 83' lang='lat' dir='ltr'><strong>pronunciatione</strong></span> <span class='ocrx_word' id='word_1_883' title='bbox 2996 5433 3174 5507; x_wconf 89' lang='lat' dir='ltr'><strong>hujus</strong></span> <span class='ocrx_word' id='word_1_884' title='bbox 3193 5434 3352 5491; x_wconf 90' lang='lat' dir='ltr'><strong>vocis</strong></span> <span class='ocrx_word' id='word_1_885' title='bbox 3383 5435 3466 5491; x_wconf 91' lang='lat' dir='ltr'><strong>sic</strong></span> <span class='ocrx_word' id='word_1_886' title='bbox 3497 5433 3642 5493; x_wconf 77' lang='lat' dir='ltr'><strong>sono</strong></span> 
     </span>
    </p>
   </div>
   <div class='ocr_carea' id='block_1_124' title="bbox 1993 5505 3467 5577">
    <p class='ocr_par' dir='ltr' id='par_1_124' title="bbox 1993 5505 3467 5577">
     <span class='ocr_line' id='line_1_126' title="bbox 1993 5505 3467 5577; baseline 0.001 -16"><span class='ocrx_word' id='word_1_887' title='bbox 1993 5505 2422 5577; x_wconf 84' lang='lat' dir='ltr'><strong>temperaverit,</strong></span> <span class='ocrx_word' id='word_1_888' title='bbox 2456 5505 2520 5561; x_wconf 77' lang='lat' dir='ltr'><strong>ut</strong></span> <span class='ocrx_word' id='word_1_889' title='bbox 2551 5505 2738 5577; x_wconf 87' lang='lat' dir='ltr'><strong>magis</strong></span> <span class='ocrx_word' id='word_1_890' title='bbox 2770 5506 2837 5560; x_wconf 91' lang='lat' dir='ltr'><strong>ad</strong></span> <span class='ocrx_word' id='word_1_891' title='bbox 2873 5505 3118 5560; x_wconf 89' lang='lat' dir='ltr'><strong>Samech</strong></span> <span class='ocrx_word' id='word_1_892' title='bbox 3150 5507 3467 5562; x_wconf 87' lang='lat' dir='ltr'><strong>accederet.</strong></span> 
     </span>
    </p>
   </div>
   <div class='ocr_carea' id='block_1_125' title="bbox 2064 5578 3634 5649">
    <p class='ocr_par' dir='ltr' id='par_1_125' title="bbox 2064 5578 3634 5649">
     <span class='ocr_line' id='line_1_127' title="bbox 2064 5578 3634 5649; baseline -0.001 -15"><span class='ocrx_word' id='word_1_893' title='bbox 2064 5578 2087 5612; x_wconf 81' lang='grc'>⁸</span> <span class='ocrx_word' id='word_1_894' title='bbox 2118 5578 2294 5649; x_wconf 13' lang='lat' dir='ltr'><strong>Unus,</strong></span> <span class='ocrx_word' id='word_1_895' title='bbox 2331 5579 2531 5648; x_wconf 84' lang='lat' dir='ltr'><strong>Regin.</strong></span> <span class='ocrx_word' id='word_1_896' title='bbox 2579 5593 2692 5633; x_wconf 85' lang='lat' dir='ltr'><strong>ms.</strong></span> <span class='ocrx_word' id='word_1_897' title='bbox 2745 5594 2947 5649; x_wconf 84' lang='lat' dir='ltr'><strong>aquam</strong></span> <span class='ocrx_word' id='word_1_898' title='bbox 3009 5579 3188 5632; x_wconf 75' lang='lat' dir='ltr'><strong>m’vam</strong></span> <span class='ocrx_word' id='word_1_899' title='bbox 3240 5581 3489 5649; x_wconf 81' lang='lat' dir='ltr'><strong>minime,</strong></span> <span class='ocrx_word' id='word_1_900' title='bbox 3523 5582 3634 5634; x_wconf 87' lang='lat' dir='ltr'><strong>etc.</strong></span> 
     </span>
    </p>
   </div>
   <div class='ocr_carea' id='block_1_126' title="bbox 1991 5647 3636 5724">
    <p class='ocr_par' dir='ltr' id='par_1_126' title="bbox 1991 5647 3636 5724">
     <span class='ocr_line' id='line_1_128' title="bbox 1991 5647 3636 5724; baseline 0.002 -20"><span class='ocrx_word' id='word_1_901' title='bbox 1991 5650 2132 5724; x_wconf 77' lang='lat' dir='ltr'><strong>Cum</strong></span> <span class='ocrx_word' id='word_1_902' title='bbox 2192 5647 2676 5724; x_wconf 56' lang='lat' dir='ltr'><strong>\{xxlgataautem</strong></span> <span class='ocrx_word' id='word_1_903' title='bbox 2733 5648 2930 5720; x_wconf 85' lang='lat' dir='ltr'><strong>paulo,</strong></span> <span class='ocrx_word' id='word_1_904' title='bbox 2982 5654 3132 5722; x_wconf 89' lang='lat' dir='ltr'><strong>post,</strong></span> <span class='ocrx_word' id='word_1_905' title='bbox 3195 5650 3333 5707; x_wconf 83' lang='lat' dir='ltr'><strong>lenis</strong></span> <span class='ocrx_word' id='word_1_906' title='bbox 3371 5647 3636 5724; x_wconf 42' lang='lat' dir='ltr'><strong>pro&#39;tevis</strong></span> 
     </span>
    </p>
   </div>
   <div class='ocr_carea' id='block_1_127' title="bbox 1991 5720 2982 5826">
    <p class='ocr_par' dir='ltr' id='par_1_127' title="bbox 1991 5720 2982 5826">
     <span class='ocr_line' id='line_1_129' title="bbox 1991 5720 2982 5826; baseline 0 -48"><span class='ocrx_word' id='word_1_907' title='bbox 1991 5720 2198 5784; x_wconf 84' lang='lat' dir='ltr'><strong>malim</strong></span> <span class='ocrx_word' id='word_1_908' title='bbox 2223 5722 2377 5780; x_wconf 73' lang='lat' dir='ltr'><strong>laevis</strong></span> <span class='ocrx_word' id='word_1_909' title='bbox 2407 5720 2477 5778; x_wconf 88' lang='lat' dir='ltr'><strong>ad</strong></span> <span class='ocrx_word' id='word_1_910' title='bbox 2511 5721 2811 5778; x_wconf 57' lang='lat' dir='ltr'><strong>Hebreum</strong></span> <span class='ocrx_word' id='word_1_911' title='bbox 2842 5732 2982 5826; x_wconf 67' lang='lat' dir='ltr'><strong>P‘m.</strong></span> 
     </span>
    </p>
   </div>
  </div>
