3992 6388
416 373 587 437 ’1031

1648 370 1731 428 ’8.
1770 363 2090 430 EUSEBII
2128 365 2602 430 HIERONYMI.

3650 358 3836 425 ams

416 504 683 563 solveris
707 503 917 576 jugum
951 501 1022 557 de
1047 497 1195 556 collo
1222 502 1388 569 tuo,»
1409 498 1641 556 videtur
1661 498 1914 571 pendere
1944 513 2077 554 sen-
2104 502 2160 566 Α
2188 500 2268 556 sit
2296 492 3832 570 exaudita,Simeonnomenimposuitsnmbnﬁm)

429 593 631 662 tentia,
666 609 770 648 nec
801 607 928 647 esse
957 588 1268 662 completa.

408 752 413 755 τ
499 684 658 755 (Cap.
692 679 938 737 XXVIII.
975 711 1043 720 —
1090 679 1253 735 Vers.
1303 678 1414 748 19.)
1464 700 1492 727 ‹‹
1529 678 1597 732 Et
1640 677 1869 733 vocavit
1897 676 2076 732 Jacob

428 787 641 827 nomen
688 768 798 826 loci
851 767 1012 824 illius
1066 768 1285 835 Betbel,
1337 771 1395 823 et
1440 766 1785 822 Ulammaus
1815 769 1939 821 erat
1968 782 2076 821 no-

426 860 597 914 men'
651 857 900 914 civitatis
944 857 1129 929 prius.
1161 878 1189 907 ››
1240 858 1324 912 Ab
1378 872 1443 911 eo
1497 856 1652 926 quod
1702 871 1884 926 supra
1916 853 2075 909 dixe-

424 951 551 1003 rat:
585 948 740 1003 ³49
774 969 803 997 ‹‹
838 949 1021 1013 Quam
1053 945 1331 1002 terribilis
1350 949 1439 1000 est
1460 943 1625 1000 locus
1647 943 1760 999 iste
1792 959 1807 999 :
1841 960 1957 998 non
1987 946 2076 999 est

423 1036 517 1093 hic
546 1037 660 1091 nisi
693 1036 906 1092 domus
946 1034 1129 1103 Dei,et
1160 1034 1286 1089 haec
1316 1037 1483 1106 porta
1513 1032 1639 1088 caali
1659 1050 1673 1101 ;
1694 1052 1720 1084 ι»
1759 1048 1916 1087 nunc
1946 1031 2072 1087 loco

422 1141 635 1183 nomen
667 1124 938 1197 imponit,
969 1128 1027 1179 et
1055 1128 1218 1179 vocat
1247 1122 1417 1178 illum
1448 1139 1660 1178 earnm.
1702 1106 1798 1193 (ΒΝ
1830 1121 1981 1192 nu),
2013 1120 2070 1175 id

420 1218 511 1269 est
549 1215 771 1271 domum
826 1214 953 1268 Dei:
1016 1211 1115 1283 qui
1176 1211 1341 1267 locus
1398 1212 1710 1267 vocabatur
1766 1213 1900 1266 ante
1932 1224 2073 1264 LUZA

421 1287 554 1374 (ΠΒ)
614 1303 766 1374 quod
827 1302 1242 1373 interpretatur
1303 1316 1441 1369 nux,
1521 1300 1642 1355 sive
1717 1298 2064 1369 amygdalon.

422 1390 587 1446 Unde
634 1389 877 1445 ridicule
923 1389 1163 1461 quidam
1211 1389 1455 1444 verbum
1505 1387 1853 1443 Hebraicum
1910 1402 2068 1440 ULAM

419 1464 639 1551 (ωθπκ),
673 1494 885 1535 nomen
934 1493 1062 1534 esse
1106 1477 1271 1533 urbis
1319 1479 1562 1548 putant:
1615 1490 1748 1530 cum
1781 1491 1937 1529 ULAM
1976 1474 2064 1528 in-

415 1572 768 1640 terpretetur
787 1569 970 1639 prius.
1004 1566 1157 1621 Ordo
1204 1565 1401 1636 itaque
1445 1568 1534 1619 est
1585 1562 1884 1619 lectionis:
1934 1584 1961 1611 ‹‹
1998 1562 2068 1616 Et

414 1657 637 1714 vocavit
683 1673 897 1713 nomen
939 1654 1052 1710 loci
1109 1652 1268 1708 illius
1327 1650 1546 1720 Bethel,
1601 1657 1658 1707 et
1718 1650 1881 1724 prius
1912 1650 2067 1707 Luza

413 1746 766 1802 vocabulum
791 1748 915 1800 erat
933 1742 1203 1799 civitatis.
1218 1741 1520 1813 «Antiquae
1537 1756 1742 1796 omnes
1759 1738 2062 1811 scriptura:

413 1835 609 1904 verbo,
660 1834 837 1901 utam,
894 1832 1013 1887 sive
1061 1847 1211 1885 sum
1256 1828 1442 1902 plenae
1500 1832 1657 1899 sunt,
1708 1828 1862 1901 quod
1912 1827 2058 1882 nihil
2090 1864 2135 1929 Β

414 1924 573 1981 aliud
599 1923 815 1995 signat,
864 1919 976 1977 nisi
1019 1926 1174 1989 ante,
1227 1924 1330 1975 aut
1375 1921 1551 1992 prius.
1591 1918 1677 1971 vel
1712 1918 2058 1984 vestibulum,

414 2012 536 2068 sive
571 2009 1015 2082 superliminare,
1048 2006 1136 2062 vel
1165 2011 1364 2079 postes.

483 2101 643 2173 (Cap.
677 2098 870 2154 XXIX.
900 2129 972 2139 —
999 2097 1164 2152 Vers.
1189 2098 1303 2167 27.)
1334 2118 1363 2146 ‹‹
1395 2095 1633 2168 Comple
1660 2112 1797 2167 ergo
1841 2095 2058 2150 hebdo-

412 2190 649 2247 madam
680 2189 890 2244 istius:
941 2192 999 2242 et
1045 2187 1194 2241 dabo
1239 2186 1415 2241 etiam
1459 2186 1612 2241 hanc
1663 2186 1792 2240 tibi.
1825 2205 1852 2237 η
1891 2183 2057 2240 Post-

412 2295 591 2352 quam
634 2278 795 2334 Liam
846 2276 1025 2332 Jacob
1075 2275 1276 2330 fraude
1341 2275 1622 2347 deceptus
1672 2291 1776 2346 pro
1846 2272 2059 2329 Rachel

411 2384 650 2424 uxorem
702 2369 1024 2438 acceperat,
1076 2364 1291 2419 dicitur
1339 2364 1390 2418 ei
1442 2380 1476 2419 a
1520 2379 1719 2420 socero
1772 2364 1965 2418 Laban
1996 2366 2062 2417 ut

410 2460 634 2529 septem
668 2455 793 2511 dies
824 2458 956 2527 post
981 2452 1217 2525 nuptias
1247 2451 1465 2508 sororis
1495 2452 1709 2525 prioris
1740 2451 1988 2523 expleat,
2006 2454 2063 2505 et

409 2546 495 2601 sic
524 2545 771 2618 accipiat
800 2541 1035 2611 Rachel,
1069 2559 1174 2614 pro
1223 2558 1340 2614 qua
1378 2541 1591 2597 iterum
1624 2544 1853 2613 septem
1890 2539 2062 2596 annis

410 2634 543 2690 aliis
569 2634 895 2689 serviturus
926 2632 1022 2687 sit.
1072 2630 1197 2686 Non
1253 2630 1454 2703 igitur,
1503 2634 1567 2685 ut
1617 2630 1858 2702 quidam
1909 2629 2062 2686 male

410 2722 705 2778 aestimant
727 2723 769 2788 ’,
802 2724 935 2793 post
963 2723 1185 2791 septem
1209 2736 1395 2775 annos
1423 2718 1570 2775 alios
1593 2718 1806 2775 Rachel
1839 2719 2065 2792 accepit

413 2825 676 2877 uxorem,
709 2811 809 2865 sed
857 2812 990 2881 post
1034 2817 1257 2879 septem
1297 2807 1423 2863 dies
1470 2808 1812 2879 nuptiarum
1862 2808 2061 2864 uxoris

417 2900 639 2974 primae.
681 2898 828 2953 Nam
875 2895 1144 2968 sequitur
1182 2899 1344 2964 (vers.
1394 2896 1526 2967 30):
1584 2896 1711 2951 «Et
1759 2896 2063 2968 ingressus

420 2994 509 3045 est
539 2988 609 3045 ad
642 2984 951 3054 Rachel,et
979 2983 1179 3040 dilexit
1209 2983 1422 3040 Rachel
1438 2986 1626 3057 magis
1657 3002 1836 3057 quam
1872 2986 2058 3055 Liam,

421 3082 477 3135 et
505 3077 740 3135 servivit
767 3075 817 3132 ei
849 3078 1071 3148 septem
1098 3074 1270 3130 annis
1298 3073 1450 3129 aliis.
1486 3096 1514 3124 »

488 3168 675 3240 (Vers.
725 3166 854 3234 32.)
904 3186 933 3215 «
967 3164 1033 3220 Et
1078 3162 1364 3234 concepit,
1410 3168 1467 3218 et
1516 3163 1737 3235 peperit
1768 3164 1973 3232 ﬁlium,
2007 3168 2065 3221 et

2187 587 2402 661 quippe
2447 588 2867 660 interpretatur
2914 586 3148 643 auditio.
3203 586 3283 642 De
3325 583 3498 642 tertio
3540 599 3673 639 vero
3738 597 3830 638 se-

2187 676 2389 749 quitur
2411 694 2425 733 :

2254 784 2440 850 (Vers.
2470 782 2586 852 34.)
2621 782 2776 840 850
2824 804 2852 832 ‹‹
2882 782 2950 837 Et
2981 780 3248 853 concepit
3286 779 3495 847 adhuc,
3523 781 3580 835 et
3608 777 3833 851 peperit

2184 870 2396 939 ﬁlium,
2429 877 2484 928 et
2515 871 2660 927 dixit
2686 888 2699 927 :
2732 872 2895 926 Nunc
2946 887 3173 925 mecum
3218 870 3327 926 erit
3357 869 3444 924 vir
3471 883 3659 936 meus,
3690 866 3832 939 quia

2182 960 2380 1032 peperi
2422 960 2473 1016 ei
2535 964 2650 1015 tres
2712 959 2905 1014 ﬁlios:
2965 958 3094 1013 ideo
3148 958 3377 1014 vocavit
3432 972 3646 1012 nomen
3697 955 3827 1026 ejus

2183 1049 2336 1104 Levi.
2369 1072 2397 1101 »
2462 1050 2570 1105 Ubi
2617 1065 2723 1104 nos
2778 1047 3055 1121 legimus,
3115 1070 3143 1097 ‹‹
3195 1047 3364 1118 Apud
3425 1062 3518 1102 me
3575 1046 3687 1101 erit
3736 1044 3831 1099 vir

2180 1153 2372 1210 meus,
2406 1160 2427 1189 ι
2485 1136 2697 1209 Aquila
2751 1136 3168 1207 interpretatus
3200 1138 3306 1203 est,
3350 1156 3385 1183 ι(
3425 1132 3832 1210 Applicabitur

2182 1225 2325 1281 mihi
2353 1207 2448 1282 vir
2480 1207 2668 1294 meus,
2702 1246 2730 1273 ››
2770 1223 2922 1296 quod
2970 1221 3247 1278 Hebraice
3295 1222 3512 1279 dicitur
3539 1207 3714 1293 (n15?)
3746 1236 3831 1276 IL-

2180 1332 2318 1369 LAVE
2335 1315 2376 1381 ‘,
2409 1318 2466 1369 et
2494 1332 2527 1369 a
2556 1313 2895 1369 doctoribus
2927 1312 3297 1367 Hebraeorum
3349 1311 3516 1369 aliter
3539 1309 3826 1367 transfer-

2176 1406 2292 1471 tur,
2338 1406 2405 1457 ut
2452 1401 2669 1470 dicant,
2725 1424 2753 1451 ‹‹
2807 1400 3200 1471 Prosequetur
3242 1414 3333 1454 me
3360 1399 3451 1455 vir
3476 1415 3670 1465 meus,
3708 1419 3739 1447 »
3767 1398 3826 1453 id

2174 1496 2284 1561 est,
2316 1507 2432 1546 non
2463 1490 2695 1562 ambigo
2716 1490 2787 1545 de
2819 1504 3015 1545 amore
3045 1488 3105 1543 in
3129 1505 3221 1543 me
3249 1487 3357 1543 viri
3378 1488 3493 1543 mei
3519 1488 3653 1543 :erit
3674 1485 3823 1542 mihi

2175 1579 2233 1634 in
2266 1579 2375 1635 hac
2405 1579 2522 1634 vita
2550 1595 2766 1645 comes,
2796 1583 2851 1634 et
2881 1579 3009 1648 ejus
3053 1576 3286 1632 dilectio
3335 1592 3427 1632 me
3467 1577 3538 1632 ad
3570 1579 3825 1632 mortem

2174 1684 2362 1740 usque
2392 1668 2660 1735 deducet,
2702 1672 2757 1723 et
2785 1670 3210 1739 prosequetur:
3243 1669 3362 1722 tres
3398 1665 3555 1721 enim
3587 1663 3740 1721 ﬁlios
3771 1663 3823 1720 ei

2171 1773 2371 1830 genui.

2240 1864 2431 1936 (Vers.
2487 1864 2601 1933 35.)
2648 1886 2676 1913 «
2706 1863 2773 1917 Et
2802 1863 3085 1934 concepit,
3133 1866 3189 1919 et
3241 1862 3467 1935 peperit
3517 1860 3726 1931 ﬁlium,
3765 1866 3827 1917 et

2170 1952 2355 2009 dixit:
2405 1952 2573 2009 Nunc
2622 1969 2799 2024 super
2845 1952 2955 2007 hoc
3001 1952 3319 2007 conﬁtebor
3364 1951 3624 2019 Domino,
3676 1955 3734 2006 et
3760 1952 3820 2006 id

2169 2042 2390 2098 vocavit
2410 2057 2625 2097 nomen
2659 2042 2787 2111 ejus
2815 2040 2988 2096 Juda.
3025 2062 3052 2090 »
3092 2040 3244 2096 JUDA
3291 2040 3507 2111 (Tmm)
3553 2041 3822 2110 confessio

2171 2131 2405 2187 dicitur.
2454 2133 2500 2185 A
2546 2129 2911 2185 confessione
2958 2130 3153 2202 itaque
3200 2129 3552 2185 confessoris
3603 2122 3819 2185 nomen

2169 2225 2259 2276 est
2289 2220 2532 2276 dictum.
2583 2219 2999 2274 Verumtamen
3049 2218 3144 2273 hic
3173 2218 3433 2287 confessio
3464 2232 3566 2290 pro
3599 2216 3819 2289 gratia-

2170 2326 2300 2364 rum
2333 2308 2611 2374 actione“,
2634 2312 2736 2363 aut
2764 2324 2868 2380 pro
2918 2307 3091 2364 laude
3117 2308 3418 2379 accipitur,
3450 2311 3517 2362 ut
3546 2307 3819 2378 frequen-

2168 2403 2258 2453 ter
2286 2397 2345 2452 in
2378 2396 2712 2467 Psalmis,et
2740 2396 2800 2451 in
2832 2396 3140 2468 Evangelio
3174 2396 3349 2467 (Psal.
3381 2413 3472 2462 cx,
3508 2397 3533 2450 1
3562 2412 3575 2463 ;
3622 2394 3815 2450 Matth.

2168 2504 2247 2552 x1,
2277 2488 2367 2558 25)
2398 2504 2409 2543 :
2447 2486 2747 2558 Conﬁtebor
2774 2486 2894 2556 tibi,
2924 2487 3169 2555 Domine,
3201 2488 3359 2558 pater
3384 2485 3510 2542 cali
3537 2492 3589 2540 et
3623 2491 3813 2554 terra,

2168 2576 2228 2632 id
2259 2581 2369 2648 est,
2400 2576 2616 2649 gratias
2647 2591 2753 2648 ago
2784 2575 2913 2644 tibi,
2944 2576 3066 2631 sive
3096 2574 3355 2648 gloriﬁco
3385 2578 3461 2631 te.

2242 2701 2399 2773 (Cap.
2433 2700 2595 2755 XXX.
2624 2729 2690 2741 —
2711 2699 2876 2755 Vers.
2901 2701 2937 2753 5
2964 2703 3021 2754 et
3051 2699 3129 2770 6.)
3166 2720 3194 2749 «
3224 2699 3294 2754 Et
3340 2696 3605 2769 concepit
3650 2696 3814 2765 Bala,

2170 2795 2227 2847 et
2256 2789 2481 2861 peperit
2506 2789 2686 2845 Jacob
2721 2788 2936 2849 ﬁlium:
2971 2792 3028 2844 et
3055 2787 3202 2842 dixit
3230 2785 3445 2843 Rachel
3471 2803 3484 2842 :
3524 2785 3816 2842 Judicavit

2171 2895 2265 2934 me
2296 2877 2599 2946 Dominus,
2640 2883 2697 2933 et
2756 2876 3049 2932 exaudivit
3074 2892 3277 2933 vocem
3320 2891 3534 2944 meam,
3566 2879 3624 2931 et
3651 2874 3817 2931 dedit

2173 2968 2318 3023 mihi
2358 2966 2579 3022 ﬁlium:
2610 2972 2918 3039 propterea
2945 2965 3173 3022 vocavit
3200 2980 3416 3022 nomen
3445 2966 3574 3035 eius
3606 2969 3744 3021 Dan.
3784 2986 3815 3014 η

2171 3058 2417 3113 Causam
2450 3057 2708 3113 nominis
2741 3056 3045 3128 expressit,
3080 3059 3145 3111 ut
3174 3056 3245 3110 ab
3277 3070 3343 3111 eo
3376 3054 3531 3127 quod
3553 3054 3816 3125 judicas-

2172 3151 2261 3203 set
2318 3164 2379 3201 se
2442 3146 2751 3216 Dominus,
2824 3144 2941 3201 ﬁlio
3012 3143 3257 3211 ancillae,
3322 3142 3532 3215 judicii
3596 3157 3811 3200 nomen

414 3228 638 3314 vocavit
667 3228 881 3311 nomen
907 3254 1037 3324 ejus
1070 3228 1295 3309 Ruben.
1333 3228 1360 3302 ἢ
1392 3228 1667 3308 Omnium
1699 3228 2058 3326 patriarcba-
2091 3228 2133 3295 Ο
2174 3236 2535 3309 imponeret:
2591 3234 2711 3290 DAN
2764 3234 2869 3323 (γε)
2936 3233 3156 3307 quippe
3216 3232 3631 3304 interpretatur
3659 3232 3812 3304 iudi-

410 3362 544 3402 rum
599 3347 833 3417 propter
879 3341 1293 3414 compendium
1338 3340 1622 3413 lectionis,
1674 3342 2056 3417 etymologiae

412 3433 720 3491 nominum
747 3431 876 3487 volo
906 3431 1124 3503 pariter
1147 3430 1337 3487 dicere
1356 3431 1398 3485 ³.

484 3547 513 3574 ‹‹
547 3523 612 3578 Et
640 3520 882 3589 vocavit,
919 3520 1131 3592 inquit,
1166 3521 1369 3576 Ruben
1402 3536 1615 3577 nomen
1646 3523 2053 3592 ejus,dicens:

411 3613 559 3678 Quia
587 3610 729 3667 vidit
777 3610 1061 3666 Dominus
1109 3609 1502 3665 humilitatem
1554 3626 1765 3665 meam.
1804 3632 1829 3659 ι)
1864 3611 2056 3667 Ronan

413 3704 622 3775 (mm)
651 3700 868 3773 quippe
898 3699 1317 3771 interpretatur
1346 3700 1573 3753 visionis
1600 3700 1771 3769 ﬁlius.

484 3790 670 3865 (Vers.
702 3790 817 3861 33.)
851 3811 879 3840 «
919 3789 988 3844 Et
1016 3788 1300 3859 concepit,
1334 3787 1546 3858 inquit,
1589 3786 1836 3843 alterum
1870 3787 2057 3843 ﬁlium

410 3884 467 3937 et
495 3879 640 3935 dixit
664 3895 676 3935 :
712 3878 999 3945 Quoniam
1030 3876 1325 3933 exaudivit
1354 3892 1446 3932 me
1478 3876 1785 3942 Dominus,
1807 3893 1873 3931 eo
1900 3877 2055 3948 quod

412 3970 542 4024 odio
568 3984 664 4024 me
719 3968 960 4024 haberet
1011 3966 1098 4022 vir
1146 3982 1335 4034 meus,
1387 3970 1443 4020 et
1499 3965 1661 4020 dedit
1706 3964 1847 4021 mihi
1881 3964 2057 4021 etiam

412 4057 569 4112 hunc
591 4059 669 4112 :et
695 4055 919 4111 vocavit
948 4072 1159 4112 nomen
1181 4055 1309 4126 ejus
1331 4054 1586 4111 Simeon.
1623 4076 1651 4103 »
1685 4055 1772 4109 Ab
1803 4071 1869 4110 eo
1902 4055 2056 4127 quod

485 4180 607 4234 ‘Et
665 4180 979 4235 Ulammaus
1022 4183 1141 4234 erat
1180 4195 1399 4246 nomen,
1470 4184 1578 4236 etc.
1630 4179 1828 4235 Grmca
1877 4179 2057 4234 editio

415 4253 679 4331 Romana
881 4250 1266 4331 Interpretum
1298 4250 1441 4331 legit
1470 4247 1831 4331 Οὖλᾳμλφὺζζ
1846 4252 2056 4331 ,Πιανη-

415 4324 548 4378 tum:
582 4321 737 4393 quod
768 4321 1043 4376 Erasmus
1092 4321 1152 4375 in
1194 4322 1303 4393 hoc
1334 4321 1480 4393 libro
1528 4322 1919 4393 retinetsMs.
1954 4339 2056 4376 au-

415 4398 534 4449 tem
563 4392 995 4464 Alexandrinus
1024 4409 1157 4447 cum
1190 4392 1413 4447 Latinis
1464 4392 1894 4464 exemplaribus
1926 4393 2055 4447 Hie-

414 4465 666 4539 ronymi,
699 4460 1055 4535 Οὖλαμσλοῦς,
1093 4465 1427 4539 Ulmnmaus.
1465 4460 1750 4539 Mlier—1m.

484 4534 553 4577 -ἒ
583 4538 667 4592 Ita
714 4540 771 4591 et
813 4534 956 4591 mss.
1008 4535 1193 4590 nostri
1241 4551 1375 4589 cum
1420 4535 1749 4590 Martianmo
1782 4534 2052 4591 retinent.

2168 3343 2337 3383 czum.

2239 3431 2426 3504 (Vers.
2458 3431 2493 3483 7
2525 3433 2582 3486 et
2626 3431 2704 3503 8.)
2756 3453 2783 3481 «
2817 3431 2885 3485 Et
2934 3428 3199 3502 concepit
3253 3428 3466 3496 adhuc,
3495 3434 3552 3485 et
3588 3428 3811 3502 peperit

2169 3520 2307 3576 Bala
2351 3518 2561 3576 ancilla
2610 3519 2824 3575 Rachel
2873 3518 3060 3573 ﬁlium
3110 3518 3438 3575 secundum
3484 3517 3700 3587 Jacob;
3750 3522 3812 3575 et

2167 3610 2313 3665 dixit
2344 3608 2900 3665 Racheleabitare
2948 3608 3082 3664 fecit
3129 3624 3224 3663 me
3271 3612 3423 3663 Deus
3454 3607 3811 3664 habitatione

2168 3716 2301 3754 cum
2343 3714 2543 3753 sorore
2594 3714 2745 3767 mea,
2799 3703 2854 3754 et
2910 3696 3169 3753 invalui:
3222 3702 3279 3753 et
3325 3697 3551 3753 vocavit
3597 3706 3808 3753 nomen

2167 3790 2296 3859 ejus
2361 3786 2717 3859 Nepthalim.
2802 3810 2829 3836 »
2907 3790 3094 3842 Causa
3159 3785 3416 3843 nominis
3481 3786 3806 3858 Nepthalim,

2168 3876 2283 3932 alia
2311 3877 2406 3932 hic
2439 3875 2625 3932 multo
2657 3875 2984 3948 exponitur,
3020 3891 3198 3949 quam
3245 3875 3305 3931 in
3352 3874 3502 3931 libro
3545 3875 3808 3932 Hebraeo-

2168 3982 2300 4021 rum
2351 3966 2669 4021 Nominum
2721 3965 2939 4038 scripta
2979 3968 3087 4020 est.
3139 3964 3302 4020 Unde
3348 3969 3405 4020 et
3450 3963 3661 4036 Aquila
3706 3964 3806 4034 ait,

2168 4055 2580 4128 συνανέπρεψὲν
2675 4074 2740 4126 με
2797 4054 2825 4107 ὁ
2900 4054 3052 4122 Θεὸς,
3101 4052 3190 4107 καὶ
3281 4052 3706 4130 συνανεστράφην
3761 4054 3805 4111 θ.

2168 4184 2371 4251 vitatis,
2405 4181 2506 4234 illa
2535 4181 2685 4234 enim
2715 4180 2861 4251 Luna
2889 4195 3018 4251 mox
3046 4177 3246 4251 diserte
3264 4179 3524 4250 appellat.

2238 4255 2260 4288 ²
2294 4248 2612 4332 In'neai'ui‘t‘
2636 4250 2911 4332 opinione
2956 4248 3594 4332 Josepbusilntiguilt.
3626 4248 3730 4332 lib‘.
3764 4267 3805 4305 ι.

2166 4324 2414 4397 οᾶρτ-19ἑ
2458 4316 2787 4397 Ammoni—on;
2820 4318 3000 4391 ἄλλης
3068 4316 3369 4397 sinceri“,
3397 4316 3496 4397 ﬁt,
3523 4316 3807 4397 -Ῥςκχήλᾳν

2166 4389 2519 4478 «apameae:
2574 4395 2753 4450 Altero
2791 4389 3025 4478 “peracto
3055 4389 3360 4465 septennia,
3406 4389 3692 4449 Rachelém
3748 4392 3809 4448 in

2166 4469 2591 4523 matrimonium
2618 4469 2842 4537 accepit.

2240 4540 2261 4573 ³
2297 4540 2355 4593 ln
2389 4553 2505 4592 uno
2538 4537 2776 4609 Regium
2808 4552 2921 4592 ms.
2956 4536 3075 4591 haec
3105 4534 3420 4609 apponitur
3446 4534 3760 4609 epigraphe
3790 4551 3805 4591 :

412 4608 648 4665 Veteres
679 4607 964 4681 editiones
992 4608 1063 4662 ad
1084 4607 1428 4681 Romanum
1456 4609 1562 4659 τῶν
1598 4606 1737 4662 LXX
1769 4607 2062 4681 exemplar
2089 4601 2138 4666 D
2169 4612 2405 4668 Nomina
2432 4601 2913 4681 patriarcharum
2929 4624 3053 4681 cum
3106 4601 3806 4681 interpretationibgts'suis.

417 4681 576 4737 Ulam
602 4681 735 4761 Lu‘s,
771 4679 967 4761 minus
998 4677 1632 4761 quidemncorruptc,‘at
1655 4678 1850 4734 nescio
1881 4677 2058 4761 quam

309 4779 314 4784 ι
412 4768 580 4808 vere:
617 4751 826 4817 reliqui
855 4750 1010 4806 enim
1045 4767 1188 4805 mss.
1237 4750 1416 4806 Graeci
1456 4750 1723 4817 'codiccs,
1779 4750 2057 4806 mendose

413 4828 479 4878 ut
505 4822 668 4890 libet,
724 4817 938 4893 diserte
977 4826 1172 4893 tamen
1223 4821 1309 4877 vel
1349 4817 1699 4893 οὐλαμμαὺς,
1730 4820 1815 4877 vel
1848 4818 2057 4893 φύλαμ-

418 4872 1420 4975 μξςςδξζἰρι-δξιλέίαάςξρῑέεςέιῖίιηιη
1444 4872 1699 4975 sum;
1721 4872 1829 4975 iis
1859 4872 2057 4974 18:52,-

415 4965 487 5021 ne
518 4985 532 5035 ;
565 4967 755 5038 deque
772 4965 1107 5038 Hieronymi
1126 4965 1387 5038 subnexa
1407 4965 1882 5038 interpretatione
1905 4965 2059 5019 vocis

414 5039 567 5110 utam
618 5035 679 5094 in
723 5039 903 5110 prius,
957 5035 1163 5110 multa,
1189 5037 1259 5090 ad
1294 5037 1441 5091 hanc
1479 5035 1678 5110 vocem
1712 5037 1770 5110 in
1801 5038 2060 5091 Locorum

412 5107 601 5177 libro;
660 5107 908 5180 eamque
962 5107 1329 5180 verissimam
1388 5108 1641 5175 ostendi,
1702 5108 2061 5180 dignamque

416 5197 650 5235 summa
677 5177 1013 5248 Hieronymi
1044 5180 1389 5248 eruditione,
1437 5183 1640 5234 contra
1671 5177 2057 5250 quamCleri-

416 5268 519 5307 cus
548 5250 765 5322 aliique
795 5256 926 5322 post
955 5268 1089 5306 eum
1139 5250 1382 5306 ridicule
1428 5248 1795 5319 cavillantur,
1826 5248 1875 5305 si
1907 5250 2059 5304 ulam

417 5338 518 5394 pro
548 5323 707 5394 prius
756 5328 1088 5394 usurpetur,
1140 5323 1231 5377 bis
1278 5323 1337 5376 in
1389 5323 1609 5394 eodem
1642 5326 2058 5394 textu_vocem

413 5391 570 5465 prius
602 5393 820 5450 frustra
849 5391 1170 5450 occurrere.
1192 5395 1353 5449 Addo
1369 5410 1523 5448 nunc
1550 5391 1835 5465 Theodori
1859 5398 2057 5465 notam

417 5459 485 5519 ex
516 5481 669 5536 mss._
696 5480 870 5536 penes
918 5464 1667 5536 Monlfauconium;’_l_o‘:éov
1725 5461 1808 5536 ὅτι
1840 5459 2060 5536 osculata

412 5538 510 5610 τᾳῦ
568 5532 834 5610 πρόξερον-
890 5535 1037 5589 εἷπον
1097 5536 1149 5588 οἱ
1197 5535 1320 5610 mai
1374 5532 1629 5610 ’Azéqu,
1692 5533 1781 5610 icui
1823 5533 1927 5610 οὐχ
1981 5532 2056 5610 ὡς

419 5606 584 5692 μέρος
612 5603 712 5692 to?
737 5603 1035 5692 ὃνᾴμᾳτος.
1068 5603 1334 5692 magas
1362 5607 1460 5675 τήν
1496 5604 1603 5692 πρλ
1616 5628 1656 5660 ιν
1708 5603 2059 5692 ῥῃτῶξμξτὰ

411 5675 589 5767 ἐαξεᾳ.
615 5675 1124 5767 ulsiﬁ'cicndum,
1145 5754 1158 5767 Ι
1176 5678 1377 5767 Ῠυιαῐῐὶν
1398 5678 1566 5767 apud.
1586 5675 1857 5767 Aquilam.
1895 5675 2059 5767 prius

412 5751 688 5815 redditum
714 5766 851 5826 esse,
880 5749 974 5811 sed
1001 5765 1115 5810 non
1140 5754 1404 5826 tanquam
1429 5749 1658 5829 'partem'
1698 5749 1947 5811 nominis
1975 5750 2056 5810 ei-

2239 4678 2444 4738 ‘ldeni
2502 4696 2613 4735 ms.
2674 4696 2805 4735 cum
2865 4678 2996 4735 aliis
3049 4678 3303 4751 quatuor
3355 4695 3534 4752 penes
3581 4678 3811 4735 Martia-

2172 4770 2384 4818 nieum,
2417 4752 2624 4807 Ellave.

2239 4823 2585 4879 —Hebraice
2629 4822 2834 4877 dicitur
2880 4821 3064 4877 illave.
3116 4822 3377 4886 Quatuor
3407 4838 3551 4878 mss.
3583 4818 3809 4880 codices

2166 4896 2345 4952 ellave
2377 4899 2739 4968 posuerunt;
2772 4893 2874 4948 sed
2903 4895 2924 4947 i
2955 4893 3287 4968 frequenter
3314 4893 3431 4968 in_c
3478 4894 3632 4965 apud
3661 4897 3810 4950 vete-

2170 4985 2263 5024 res
2289 4963 3000 5038 exscriptores_mutatum
3018 4963 3312 5020 nevimus.
3330 4963 3630 5038 Mauri—An.

2238 5040 2259 5073 ⁵
2293 5031 2497 5111 Atque
2510 5039 2651 5093 adeo
2673 5036 2967 5111 Josephus
2988 5035 3112 5111 loco
3134 5055 3199 5092 su
3210 5031 3808 5111 pra_laudato,’1068_a;

2238 5054 2259 5073 ⁰
2293 5054 2481 5111 Atque
2510 5054 2651 5093 3.030
2673 5054 2967 5162 Joseyﬂus
2990 5054 3112 5091 ΙΟΟΟ
3134 5054 3589 5108 supralauaato,
3605 5054 3807 5096 ⁷ιουοας

2167 5109 2513 5185 εὐχαριστίαν
2535 5112 2695 5162 τοῦτο
2741 5104 2805 5177 δη
2838 5112 2925 5163 .oi.
2975 5108 3139 5175 Iuda,
3187 5106 3327 5180 quod
3374 5124 3575 5164 nomen
3599 5109 3807 5177 gratia-

2167 5184 2316 5238 rium
2345 5184 2612 5237 actionem
2638 5188 2813 5236 sonat.

2238 5255 2259 5289 ⁶
2289 5252 2628 5325 Copulativa
2673 5250 2761 5304 καὶ
2812 5250 3103 5325 particula
3146 5266 3335 5325 neque
3359 5249 3422 5325 _in
3452 5248 3571 5305 ullo
3601 5265 3634 5305 e
3658 5264 3803 5325 nise.

2169 5320 2387 5381 nostris
2416 5320 2903 5395 habeturtneq'ue
2933 5339 2993 5377 re
3017 5322 3144 5395 ipsa
3164 5320 3443 5379 Hebraico
3474 5320 3802 5395 respondet.

2168 5397 2231 5452 In
2264 5397 2472 5452 iisdem
2504 5412 2649 5450 mss.
2683 5392 2965 5450 Hebraica
2994 5392 3121 5465 quas
3166 5392 3609 5465 subsequuntur
3637 5392 3808 5448 verba

2168 5469 2381 5524 Graacis
2412 5466 2622 5522 litteris
2675 5464 3021 5520 exarantur.’
3059 5466 3189 5520 Mox
3247 5464 3402 5521 unus
3454 5464 3657 5536 Regin.
3692 5480 3805 5536 ms.

2166 5541 2627 5595 conversationem
2671 5554 2774 5609 pro
2822 5538 3175 5609 conversione
3217 5537 3449 5609 praefert
3471 5534 3721 5607 utroque
3750 5534 3808 5590 in

2167 5609 2316 5697 loco,
2352 5608 2851 5697 quemadmodum
2881 5613 2939 5666 et
2957 5608 3236 5665 Erasmus
3266 5610 3812 5683 exposuerat,quem

2166 5680 2462 5742 Victorius
2491 5680 2761 5757 castigat.
