3992 6390
154 318 347 407 rosa

1240 320 1475 384 LIBER
1518 321 1755 385 HEBR.
1799 317 2103 391 euzss'r.
2148 318 2227 379 IN
2273 318 2550 406 GENES.

3426 322 3598 395 ,1081

156 471 289 533 pro
318 471 435 528 quo
459 454 521 533 in
541 454 781 531 Hebraeo
801 453 1086 527 scriptum
1111 458 1218 522 est,
1243 472 1581 511 sermnem:
1617 471 1790 509 ELOIM
1812 455 1827 486 ¹
1859 455 1915 519 Α
1951 453 2143 507 bitabz’t
2190 469 2420 518 mecum,
2469 456 2526 508 et
2571 452 2954 526 Septuaginta
3000 451 3369 527 interpretati
3424 459 3591 533 sunt,

179 559 632 599 NEPH'I‘HALETHI.
666 543 830 600 Unde
861 561 894 599 a
924 544 1320 613 conversione,
1356 543 1475 599 sive
1523 559 1556 597 a
1593 559 1830 614 comm-

175 620 428 699 ratione,
452 633 593 705 quia
643 638 962 705 utrumque
1014 636 1203 701 sonat,
1254 634 1659 688 conversionem
1714 631 1832 687 sive

175 723 662 794 comparationem,
687 720 1065 793 Nephthalim
1092 720 1241 777 351
1270 737 1483 777 nomen
1512 720 1633 776 tilio
1652 721 1835 792 impo-

171 810 318 866 suit.
352 811 515 876 Quod
546 814 741 866 autem
775 809 1044 881 sequitur
1076 825 1090 866 :

249 898 434 970 (Vers.
468 901 536 955 10
566 902 623 954 et
646 899 761 969 14,)
792 921 822 949 «
854 899 921 954 Et
953 899 1179 971 peperit
1207 898 1421 971 Zelpha
1467 897 1678 954 ancilla
1720 896 1830 952 Liae

173 986 358 1043 Jacob
387 986 578 1042 tilium
614 1003 627 1043 :
660 991 717 1042 et
747 986 893 1042 dixit
921 987 1022 1042 Lia
1072 989 1133 1042 In
1180 989 1414 1043 fortuna
1447 1003 1460 1043 :
1493 990 1548 1041 et
1608 986 1832 1041 vocavit

174 1090 392 1131 nomen
425 1076 552 1147 ejus
579 1076 702 1131 Gad
736 1092 752 1132 :
788 1099 810 1129 »
847 1076 949 1131 ubi
979 1092 1087 1131 nos
1119 1075 1453 1147 posuimus,
1502 1077 1562 1129 in
1603 1076 1831 1142 fortuna

176 1167 237 1219 et
264 1167 460 1219 Graece
492 1164 728 1234 dicitur,
761 1164 812 1217 ἐν
844 1161 1012 1238 τῦγη,
1040 1181 1165 1235 qua:
1198 1168 1388 1235 potest
1416 1167 1637 1219 eventus
1676 1162 1824 1218 dici:

179 1253 240 1306 in
273 1253 510 1308 Hebraeo
540 1252 718 1308 habet
747 1269 934 1308 mean
965 1253 1140 1323 (Ἧι),
1191 1253 1347 1324 quod
1395 1251 1600 1323 Aquila
1648 1252 1829 1306 inter-

178 1344 461 1412 pretatur,
490 1342 639 1397 venit
715 1343 1007 1397 accinclio.
1054 1342 1171 1396 Nos
1194 1346 1390 1396 autem
1414 1341 1605 1396 dicere
1628 1357 1829 1411 possu-

176 1445 314 1485 mus
344 1431 404 1485 in
427 1433 736 1502 procinctu.
785 1435 863 1484 BA
907 1432 1061 1485 enim
1112 1434 1306 1501 potest
1354 1430 1825 1502 praepositionem

174 1534 387 1575 sonare
400 1520 542 1585 in,et
561 1520 810 1575 venit’.A
823 1520 858 1573 b
872 1522 1079 1574 eventu
1094 1518 1379 1591 ergo,sive
1394 1518 1825 1591 procinctu,qui

172 1624 285 1663 exn
316 1608 449 1680 ((1.1)
496 1608 728 1677 dicitur,
779 1607 999 1679 Zelphaa
1054 1607 1210 1663 filius
1260 1607 1373 1664 Gad
1422 1611 1663 1663 vocatus
1716 1610 1823 1664 est.

172 1696 455 1768 Sequitur
490 1714 502 1751 :
1196 1706 1199 1709 '

243 1785 428 1884 tVers.
464 1787 532 1841 12
561 1790 617 1840 et
649 1787 759 1856 13.)
790 1810 817 1837 ‹‹
954 1787 1179 1884 peperit
1206 1785 1422 1884 Zelpha
1453 1784 1663 1884 ancilla
1711 1785 1822 1839 Lise
1854 1820 1902 1884 Β

170 1873 361 1928 ﬁlium
393 1875 719 1930 secundum
759 1875 940 1931 Jacob
975 1894 986 1931 :
1022 1879 1078 1931 et
1119 1874 1264 1929 dixit
1313 1874 1433 1944 Lia,
1478 1875 1651 1929 Beata
1696 1890 1823 1947 ego,

168 1950 311 2034 quia
342 1963 683 2019 beatiﬁcant
726 1981 818 2019 me
864 1964 1140 2019 mulieres
1189 1981 1201 2018 :
1254 1967 1311 2020 et
1345 1964 1567 2020 vocavit
1615 1980 1829 2019 nomen

168 2053 299 2121 ejus
328 2056 476 2107 Aser
505 2051 739 2108 divitiae.
775 2075 803 2102 ››
836 2053 985 2108 Male
1038 2053 1249 2108 additae
1295 2057 1433 2108 sunt
1480 2051 1716 2121 divitize,
1770 2051 1829 2106 id

172 2143 286 2209 est,
317 2137 557 2200 πλοῦτος
589 2140 700 2211 (Al.
760 2138 1067 2213 πλουτῶν],
1119 2157 1249 2196 cum
1325 2139 1675 2213 etymologia
1723 2156 1830 2196 no-

173 2228 360 2285 minis
388 2233 534 2285 Aser
560 2230 871 2302 Scripturee
905 2231 1250 2286 auctoritate
1300 2231 1594 2303 pandetur
1634 2230 1830 2286 dicen-

170 2316 259 2372 tis
292 2333 305 2371 :
340 2320 507 2373 Beata
536 2334 659 2373 sum
689 2335 810 2388 ego,
843 2329 893 2374 et
944 2319 1260 2389 beatiﬁcant
1306 2336 1391 2374 me
1436 2320 1717 2374 mulieres.
1766 2318 1833 2374 Et

174 2405 250 2460 ab
283 2420 351 2459 eo
381 2406 536 2477 quod
570 2407 740 2463 beata
765 2407 994 2463 dicatur
1036 2408 1109 2464 ab
1156 2407 1498 2463 hominibus
1547 2408 1653 2478 [AL
1705 2423 1830 2463 om-

175 2493 397 2564 nibus],
422 2493 611 2550 ﬁlium
633 2512 809 2551 suum
838 2496 1077 2552 beatum
1094 2496 1386 2552 vocaverit
1420 2514 1433 2565 ;
1468 2503 1629 2551 Aass
1654 2497 1828 2567 (πω)

176 2598 317 2654 ergo
349 2599 462 2638 non
497 2582 733 2655 divitiae,
766 2586 865 2640 sed
919 2585 1107 2641 beatus
1154 2585 1389 2656 dicitur,
1440 2585 1723 2641 duntaxat
1769 2585 1828 2640 in

174 2672 453 2743 praesenti
486 2671 635 2728 loco.
669 2672 816 2731 Nam
858 2673 917 2729 in
949 2673 1079 2729 aliis
1110 2674 1433 2729 secundum
1475 2674 1831 2746 ambiguita-

175 2764 297 2815 tem
323 2761 345 2795 ⁸
373 2760 533 2817 verbi
560 2766 810 2834 possunt
837 2767 894 2818 et
923 2762 1134 2818 divitiae
1166 2763 1249 2819 sic
1282 2762 1496 2819 vocari.

250 2846 434 2918 (Vcrs.
472 2848 537 2902 17
567 2852 624 2902 et
655 2850 767 2920 18.)
800 2872 827 2899 ‹‹
860 2849 931 2904 Et
948 2850 1175 2905 audivit
1207 2855 1357 2906 Deus
1388 2850 1575 2917 Liam,
1608 2853 1664 2906 et
1693 2867 1827 2906 con-

175 2934 353 3007 cepit,
384 2939 441 2991 et
488 2936 714 3008 peperit
760 2938 941 2993 Jacob
994 2937 1179 2993 ﬁlium
1231 2938 1527 3010 quintum,
1585 2944 1641 2994 et
1687 2939 1833 2994 dixit

176 3024 283 3080 Lia
314 3040 326 3079 :
356 3024 523 3081 Dedit
551 3025 705 3081 Deus
737 3028 1063 3082 mercedem
1098 3044 1286 3083 meam
1322 3028 1489 3093 mihi,
1525 3028 1663 3100 quia
1694 3028 1829 3083 dedi

174 3111 451 3168 ancillam
485 3130 676 3169 meam
706 3115 829 3170 viro
862 3132 989 3170 meo
1017 3134 1030 3170 :
1065 3120 1121 3170 et
1164 3117 1389 3172 vocavit
1433 3133 1647 3173 nomen
1697 3118 1827 3187 ejus

1942 540 2094 597 852
2125 540 2317 611 diliget
2346 558 2451 609 me,
2483 541 2542 596 in
2572 542 2812 598 Hebraeo
2840 541 3016 598 habet
3043 559 3342 601 IEZBULENI
3366 529 3593 620 (#35111)

1942 631 2007 684 Et
2037 635 2126 685 est
2157 647 2389 697 sensus,
2430 631 2571 703 quia
2618 648 2719 688 sex
2767 631 2918 689 filios
2966 632 3141 704 genui
3187 633 3591 708 Jacob,prop-

1939 723 2098 773 terea
2117 720 2245 790 jam
2279 735 2487 775 secura
2511 736 2644 776 sum
2674 738 2686 789 ;
2720 720 3005 777 habitavit
3034 721 3192 778 enim
3225 738 3457 779 mecum
3500 724 3594 780 vir

1942 823 2130 862 meus.
2166 806 2328 863 Unde
2376 812 2432 863 et
2480 807 2637 864 ﬁlius
2686 825 2855 865 meus
2900 815 3140 866 vocatur
3182 797 3587 884 habitaculum,

1941 894 2088 950 Male
2118 895 2299 969 igitur
2327 899 2383 952 et
2409 895 2686 952 violenter
2707 898 2767 953 in
2796 897 2945 955 libro
2966 898 3307 967 Nominum,
3340 901 3588 959 Zabulon

1937 986 2123 1054 [turus
2152 987 2326 1041 noctis
2355 984 2793 1058 interpretatur.

2009 1073 2196 1145 (Vers.
2232 1073 2345 1144 2i.)
2381 1094 2409 1124 «
2441 1074 2510 1129 Et
2538 1079 2671 1146 post
2698 1075 2821 1131 haec
2852 1076 3076 1149 peperit
3120 1076 3327 1146 ﬁliam,
3372 1082 3431 1135 et
3480 1094 3590 1136 vo-

1938 1163 2089 1217 cavit
2116 1179 2329 1218 nomen
2370 1164 2497 1234 ejus
2545 1163 2694 1219 Dina
2742 1165 2939 1237 (rm-i).
2988 1187 3017 1216 »
3062 1165 3192 1222 Haec
3238 1168 3592 1226 transfertur

1938 1250 1997 1305 in
2026 1267 2272 1318 causam,
2305 1268 2483 1323 quam
2515 1252 2946 1323 significantius
2976 1256 3158 1312 Graeci
3187 1251 3340 1323 δίκην
3375 1260 3589 1315 vocant

1935 1339 2126 1411 Jurgii
2158 1341 2315 1395 enim
2340 1340 2399 1395 in
2431 1341 2666 1397 Sicimis
2697 1358 2874 1398 causa
2922 1342 3160 1399 exstitit.
3210 1330 3352 1402 Post
3405 1345 3584 1417 filios,

1936 1432 1993 1482 et
2019 1432 2331 1499 parentum
2360 1430 2631 1500 ponenda
2661 1435 2799 1486 sunt
2829 1432 3088 1506 nomina.
3140 1432 3241 1489 Lia
3288 1418 3454 1506 (mi?)
3498 1434 3590 1491 in-

1935 1521 2296 1586 terpretatur
2348 1517 2632 1587 laborans,
2694 1519 2921 1575 RACHBL
2984 1505 3160 1592 (5:11),
3216 1505 3349 1589 ovis,
3416 1523 3589 1595 cujus

1936 1603 2094 1659 ﬁlius
2122 1621 2323 1660 IOSEPH
2356 1609 2555 1693 (Ἴων),
2604 1607 2677 1662 ab
2716 1623 2781 1662 eo
2840 1610 2995 1677 quod
3054 1610 3166 1666 sibi
3211 1610 3403 1667 alium’
3447 1611 3586 1668 addi

1936 1698 2123 1749 mater
2152 1698 2471 1766 optaverat,
2500 1699 2742 1750 vocatur
2769 1705 3154 1767 augmentum.
3578 1766 3583 1771 ἢ

2006 1781 2191 1854 (Vers.
2235 1783 2304 1836 32
2340 1787 2395 1838 et
2426 1784 2546 1854 35.)
2581 1805 2609 1833 »
2642 1785 2927 1841 Transibo
2969 1785 3030 1840 in
3065 1786 3336 1843 universo
3368 1804 3576 1860 pecore

1939 1875 2040 1927 tuo
2082 1871 2254 1926 hodie
2305 1889 2318 1926 :
2371 1889 2577 1944 separa
2604 1873 2760 1928 inde
2805 1891 2977 1930 omne
3034 1891 3214 1946 pecus
3256 1876 3486 1932 varium
3525 1882 3587 1935 et

1941 1959 2197 2015 discolor
2230 1977 2242 2016 :
2276 1965 2331 2016 et
2360 1978 2533 2017 omne
2564 1979 2741 2033 pecus
2770 1962 2946 2019 unius
2979 1964 3191 2020 coloris
3219 1965 3281 2021 in
3326 1967 3494 2040 agnis
3528 1970 3589 2024 et

1938 2050 2163 2105 varium
2197 2054 2252 2105 et
2284 2050 2539 2105 discolor
2567 2050 2626 2105 in
2660 2051 2877 2123 capris,
2907 2052 3019 2108 erit
3049 2069 3273 2110 merces
3303 2071 3434 2112 mea
3460 2056 3510 2125 6;
3533 2058 3594 2113 et

1940 2138 2320 2209 respondebit
2346 2137 2488 2193 mihi
2512 2139 2738 2208 ju.titia
2768 2156 2898 2196 mea
2928 2140 2987 2195 in
3019 2141 3113 2197 die
3140 2142 3419 2213 crastino,
3453 2159 3591 2200 cum

1939 2227 2159 2282 venerit
2188 2243 2412 2282 merces
2444 2242 2577 2283 mea
2609 2244 2806 2283 coram
2842 2233 2899 2283 te
2932 2246 2946 2284 :
2980 2245 3154 2285 omne
3197 2229 3257 2285 in
3308 2247 3423 2302 quo
3472 2248 3591 2288 non

1941 2316 2115 2372 fuerit
2157 2316 2388 2371 varium
2437 2320 2494 2371 et
2536 2316 2790 2372 discolor
2832 2317 2891 2372 in
2942 2317 3134 2388 capris
3181 2322 3239 2374 et
3285 2319 3344 2374 in
3395 2320 3588 2391 agnis,

1942 2407 2162 2459 furtum
2191 2404 2301 2460 erit
2332 2405 2486 2476 apud
2519 2421 2612 2460 me
2642 2406 2683 2471 ⁷,
2717 2427 2744 2453 ››
2770 2409 2826 2461 et
2855 2410 3079 2461 caetera.
3129 2406 3380 2463 Multum
3430 2408 3588 2480 apud

1940 2493 2325 2566 Septuaginta
2368 2493 2712 2565 interpretes
2783 2495 3065 2551 confusus
3114 2500 3205 2552 est
3250 2512 3482 2571 sensus,
3532 2501 3592 2555 et

1940 2599 2127 2655 usque
2158 2584 2216 2636 in
2250 2586 2596 2654 praesentem
2634 2582 2790 2638 diem
2838 2581 3068 2639 nullum
3120 2584 3280 2657 potui
3327 2584 3594 2642 invenire

1940 2676 2303 2740 nostrorum,
2338 2673 2440 2743 qui
2471 2673 2542 2727 ad
2571 2672 2865 2744 liquidum
2892 2672 3036 2745 quid
3066 2673 3126 2729 in
3160 2673 3269 2729 hoc
3288 2672 3415 2729 loco
3436 2674 3594 2731 dice-

1940 2766 2118 2829 retur,
2152 2766 2484 2833 exponeret.
2517 2761 2640 2826 Vis,
2674 2760 2887 2833 inquit,
2909 2762 3221 2829 Jacob,me
3253 2760 3468 2839 servire
3484 2763 3595 2820 tibi

1939 2851 2114 2906 etiam
2147 2850 2292 2905 alios
2324 2855 2545 2922 septem
2576 2867 2786 2919 annos,
2806 2851 2895 2907 fac
2922 2852 3076 2923 quod
3097 2850 3355 2924 postulo.
3376 2852 3595 2925 Separa

1939 2956 2143 2994 omnes
2173 2939 2491 2995 discolores
2528 2944 2585 2995 et
2603 2940 2813 3017 varias,
2863 2944 2985 2996 tam
3008 2957 3142 2996 oves
3186 2957 3362 3012 quam
3384 2957 3592 3014 capras

1939 3032 1995 3083 et
2029 3029 2192 3083 trade
2222 3027 2280 3082 in
2312 3045 2525 3083 manus
2557 3027 2809 3083 ﬁliorum
2843 3032 3100 3084 tuorum.
3126 3029 3500 3101 Rursumque
3519 3045 3590 3087 ex

1941 3120 2191 3187 utroque
2207 3116 2542 3189 grege,alba
2562 3120 2619 3171 et
2639 3117 2805 3188 nigra
2830 3133 3056 3188 pecora,
3100 3117 3157 3171 id
3178 3117 3472 3183 est,unius
3494 3134 3589 3174 co-

174 3201 466 3258 Issachar.
510 3224 539 3252 »
580 3203 1005 3276 Etymologiam
1053 3205 1227 3276 hujus
1275 3204 1531 3260 nominis
1577 3182 1825 3277 Septua-
1856 3182 1898 3249 (ἶ
1940 3182 2185 3259 loris—da
2209 3182 2382 3258 inihi.
2416 3205 2475 3259 Si
2507 3204 2647 3276 quid
2680 3182 2859 3276 igitur
2886 3220 2956 3259 ex
2985 3203 3133 3260 albis
3149 3209 3208 3261 et
3235 3205 3581 3278 nigris,quaa

173 3290 343 3363 ginta
368 3289 714 3363 interpretes
745 3292 1072 3362 ediderunt,
1104 3297 1183 3349 est
1210 3310 1433 3350 merces.
1462 3295 1586 3349 Non
1618 3294 1824 3366 utique
1934 3292 2108 3348 unius
2126 3291 2737 3359 coloris,suntvarium
2753 3296 2957 3349 natum
2975 3294 3373 3370 fuerit,meum
3389 3294 3581 3353 eritzsi

176 3385 245 3435 ut
276 3368 538 3456 plerique
568 3382 590 3414 ⁴
621 3381 817 3437 addito
848 3382 1193 3454 pronomine
1224 3383 1375 3439 male
1407 3384 1628 3456 legunt,
1669 3383 1823 3439 testi-

176 3455 464 3525 mand'um
496 3470 695 3525 estita
742 3472 1028 3542 scriptum
1078 3488 1227 3540 esse,
1281 3473 1420 3544 quod
1473 3481 1548 3528 est
1597 3489 1819 3540 merces,

175 3558 281 3614 sed
317 3562 505 3614 totum
566 3576 778 3615 nomen
837 3559 1278 3633 interpretatur,
1348 3566 1425 3616 est
1478 3577 1710 3628 merces,
1771 3563 1826 3617 Is

175 3645 395 3720 quippe
425 3646 636 3703 dicitur
664 3656 740 3704 est
771 3649 909 3721 (rei),
972 3655 1031 3705 et
1088 3666 1308 3705 SACHAR
1365 3652 1549 3721 (121?),
1602 3668 1822 3707 merces.

170 3736 295 3791 Hoc
316 3739 510 3791 autem
543 3737 695 3803 ideo,
718 3738 858 3810 quia
894 3739 1303 3811 mandragoris
1337 3739 1441 3794 filii
1492 3741 1699 3795 Ruben
1735 3742 1825 3795 in-

174 3826 442 3894 troitum,
476 3825 576 3897 qui
610 3826 845 3882 Racheli
875 3827 1221 3897 debebatur,
1252 3829 1324 3884 ad
1359 3845 1420 3885 se
1446 3829 1556 3884 viri
1579 3834 1825 3885 emerat.

173 3912 456 3985 Sequitur
489 3931 501 3970 :

251 4002 438 4073 (Vere.
474 4003 541 4058 19
576 4006 633 4059 et
683 4005 801 4070 20.)
865 4025 892 4058 α
936 4006 1006 4061 Et
1050 4007 1316 4078 concepit
1363 4006 1559 4062 adhuc
1618 4007 1738 4072 Lia,
1772 4011 1830 4062 et

175 4091 409 4165 peperit
438 4091 626 4148 lilium
660 4096 888 4149 sextum
909 4094 1112 4165 Jacob,
1145 4099 1202 4149 et
1232 4094 1377 4149 dixit
1425 4094 1546 4164 Lia,
1600 4094 1829 4150 Dotavit

178 4196 277 4236 me
308 4181 458 4235 Deus
489 4181 620 4237 dote
653 4182 806 4238 bona
838 4200 851 4238 ε
885 4182 946 4238 In
1008 4184 1116 4238 hoc
1170 4187 1430 4253 tempore
1486 4184 1505 4215 ⁵
1547 4182 1830 4239 habitavit

178 4284 415 4324 mecum
445 4268 535 4324 vir
558 4286 745 4341 meus,
781 4272 921 4342 quia
950 4271 1148 4343 peperi
1179 4271 1230 4326 ei
1261 4288 1361 4327 sex
1401 4270 1572 4340 ﬁlios,
1623 4276 1680 4327 et
1723 4289 1827 4327 vo-

178 4356 334 4412 cavit
358 4372 570 4412 nomen
604 4358 732 4429 ejus
762 4359 1077 4416 Zabulon.»
1112 4359 1219 4415 Ubi
1252 4377 1359 4416 nos
1390 4359 1828 4432 posuimus,ha-

1935 3381 2075 3452 quid
2106 3398 2238 3438 vero
2270 3381 2447 3437 unius
2477 3380 2709 3449 coloris,
2734 3387 2926 3438 tuum.
2952 3383 3097 3438 Rem
3128 3400 3245 3439 non
3277 3382 3580 3441 difﬁcilem

1935 3470 2186 3543 postulo.
2222 3471 2439 3526 Tecum
2472 3470 2609 3526 facit
2647 3475 2859 3527 natura
2907 3487 3184 3544 pecorum
3228 3477 3294 3528 ut
3340 3473 3475 3530 alba
3513 3486 3586 3530 ex

1937 3559 2106 3631 albis,
2139 3564 2195 3615 et
2226 3560 2394 3630 nigra
2425 3565 2748 3616 nascantur
2791 3576 2860 3615 ex
2906 3561 3092 3634 nigris
3125 3578 3137 3617 :
3195 3578 3427 3619 mecum
3476 3561 3589 3619 erit

1928 3649 2167 3719 justitia
2198 3649 2493 3717 mea,dum
2528 3649 2683 3705 Deus
2716 3649 3111 3705 humilitatem
3131 3667 3321 3706 meam
3346 3649 3586 3723 respicit

1938 3744 1994 3794 et
2024 3738 2304 3794 laborem.
2333 3738 2638 3811 Optionem
2671 3739 2865 3794 Laban
2898 3740 3096 3794 datam
3137 3738 3387 3795 libenter
3433 3738 3582 3794 arri-

1938 3828 2149 3899 puit,et
2168 3826 2251 3881 ita
2267 3830 2332 3881 ut
2352 3828 2532 3883 Jacob
2555 3825 2890 3899 postulabat
2904 3826 3329 3894 faciens,trium
3352 3827 3583 3883 dierum

1938 3916 2048 3970 iter
2074 3914 2228 3970 inter
2254 3916 2434 3971 Jacob
2474 3920 2531 3970 et
2559 3916 2711 3971 filios
2754 3930 2894 3970 suos
2944 3914 3253 3987 separavit,
3305 3916 3461 3972 858
3511 3930 3585 3972 ne

1938 4004 2073 4075 quis
2104 4020 2172 4059 ex
2198 4004 2492 4083 vicinitate
2524 4004 2748 4075 pecoris
2777 4008 3115 4060 nasceretur
3143 4003 3335 4061 dolus.
3388 4006 3589 4078 Itaque

1935 4091 2113 4147 Jacob
2146 4106 2353 4146 novam
2385 4090 2686 4163 stropham
2708 4096 3142 4149 commentatus
3162 4097 3271 4163 est,
3295 4097 3354 4150 et
3372 4097 3579 4150 contra

1939 4186 2209 4235 naturam
2243 4179 2359 4234 albi
2392 4184 2449 4235 et
2472 4179 2624 4252 nigri
2656 4181 2902 4253 pecoris,
2936 4181 3190 4238 naturali
3221 4186 3343 4239 arte
3364 4199 3590 4256 pugna-

1937 4269 2040 4325 vit.
2075 4270 2218 4324 Tres
2243 4268 2396 4324 enim
2425 4270 2639 4341 virgas,
2673 4270 2953 4342 populeas
2986 4275 3043 4328 et
3092 4272 3499 4347 amygdalinas
3529 4276 3589 4330 et

1940 4357 2332 4429 maligranati,
2367 4374 2707 4430 quanquam
2741 4360 3127 4433 Septuaginta
3165 4362 3490 4433 styracinas
3533 4365 3592 4419 et

256 4536 271 4614 ξ
305 4534 608 4614 Nephthule
635 4538 834 4614 Etoim,
864 4538 1271 4610 Nephthalethi.
1306 4541 1374 4595 In
1428 4540 1664 4595 Hebraeo
1718 4544 1825 4609 est,
1858 4550 1904 4614 D
1938 4551 2067 4614 j'e'x
2100 4537 2384 4609 scriptum
2406 4538 2549 4593 bum
2582 4539 2774 4594 medio
2806 4539 3106 4614 elemento
3125 4539 3242 4607 Sin,
3293 4538 3591 4614 significat

178 4605 403 4699 7115119.;
438 4608 628 4699 Dtnl'm
660 4610 904 4689 $111115:
937 4605 1199 4699 naphtule
1229 4629 1424 4693 Eloi-m,
1448 4605 1827 4699 niphtaltz,vel

173 4698 355 4770 juxta
377 4693 1020 4770 lectionemveterum,"
1039 4699 1339 4770 nephthule
1366 4693 1532 4755 elosn'z
1566 4693 1826 4770 nephthd-

181 4768 342 4842 tethi,
377 4765 455 4842 De
486 4783 662 4822 sensu
694 4768 908 4842 horum,
936 4765 1246 4825 verborum
1276 4770 1532 4826 diximus
1562 4765 1742 4842 supra
1768 4771 1826 4825 in

179 4836 469 4922 Apologia
497 4844 821 4922 nos-trapro
844 4841 1215 4922 Hieronymo.
1250 4843 1530 4897 MARTIAN.

257 4910 279 4944 ²
310 4909 473 4974 Quod
500 4909 1246 4984 scilicet,proauntia’tionis
1277 4931 1509 4974 sonum.
1541 4930 1656 4968 non
1679 4929 1833 4984 quoa

185 4978 597 5055 charac‘terum
630 4978 941 5055 utriusque
962 4984 1120 5039 vocis
1148 4986 1416 5039 formam.
1471 4986 1625 5040 Venit
1674 4978 1830 5039 enim

185 5063 272 5111 ΝΞ
303 5050 578 5127 scribitur
608 5070 740 5109 cum
774 5050 955 5126 Aleph
986 5055 1199 5122 littera,
1235 5072 1412 5127 quam
1436 5055 1493 5110 in
1520 5056 1628 5111 hoc
1657 5056 1832 5111 verbo

185 5122 773 5199 supprimeregneque
804 5122 967 5187 usus.
1013 5144 1203 5198 neque
1245 5122 1637 5198 grammatica:
1676 5128 1833 5199 leges

186 5194 513 5271 patiuntur.
548 5194 841 5271 Qartérum
864 5214 977 5254 non
1004 5194 1303 5271 moramur
1322 5199 1515 5253 Drusii
1534 5194 1836 5271 reprehen-

187 5266 418 5347 sionem
470 5268 528 5321 in
568 5268 720 5323 hanc
773 5269 1112 5347 Hieronymi
1149 5266 1708 5347 conjecturamfex
1757 5287 1835 5347 _eo

184 5337 350 5407 quod
382 5337 440 5390 in
460 5348 585 5407 υἷι,
613 5351 651 5399 3
668 5356 802 5395 cum
824 5337 1023 5396 eamets
1049 5337 1340 5397 scribatur
1367 5359 1379 5396 :
1406 5337 1653 5396 infirma:
1677 5341 1834 5397 enim

183 5406 443 5489 nimium
472 5415 612 5489 sunt
640 5413 1127 5489 Messoretharum
1162 5413 1428 5469 notiones
1459 5414 1530 5468 ad
1562 5412 1837 5470 lectiones

188 5479 490 5552 quaslibet
511 5484 876 5538 asserendas.

207 5552 278 5633 ί²
345 5549 654 5633 Secundum
712 5555 1157 5633 ambiguitatem.
1236 5554 1601 5633 Ambiguitas
1676 5557 1835 5612 verbi

212 5572 277 5605 .-⁸
345 5572 654 5608 oecunaum
720 5572 1157 5624 amoiguztatem.
1236 5572 1396 5610 AmDI
1449 5572 1601 5609 ultas
1676 5572 1835 5612 VGI‘DI

179 5623 322 5684 Aser
350 5623 542 5698 posita
567 5627 658 5681 est
708 5626 767 5681 in
814 5628 1138 5683 mutatione
1182 5627 1386 5683 medim
1405 5572 1653 5685 ﬁitterre.
1697 5644 1837 5687 nam

512 5752 780 5817 ΡΑτιιοι.
826 5753 1051 5819 XXIII.

1940 4611 2155 4665 beatum
2188 4627 2201 4677 ;
2234 4621 2351 4669 Ἕκ
2382 4626 2505 4664 aser
2530 4614 2725 4665 autem
2758 4627 2892 4665 eum
2925 4610 3062 4665 Sade
3094 4611 3151 4665 in
3185 4610 3377 4665 medio
3417 4613 3591 4667 sonat

1938 4683 2176 4736 divitias.
2212 4679 2374 4735 Unde
2405 4681 2515 4736 lsa.
2549 4699 2709 4748 χχιιι,
2749 4682 2833 4747 10,
2867 4692 3008 4742 '1er
3040 4684 3232 4750 ieaser,
3268 4681 3327 4736 id
3381 4685 3494 4749 est,
3521 4683 3586 4736 in

1938 4754 2218 4808 thesauros
2248 4756 2555 4807 renovetur.
2591 4754 2875 4807 MARTIAN.

2011 4856 2076 4864 —
2108 4824 2251 4878 Cum
2286 4822 2504 4877 scilicet
2538 4835 2695 4894 per}:
2726 4839 2938 4877 nomen
2974 4822 3083 4878 hoc
3113 4822 3414 4891 scribitur,
3463 4834 3584 4884 wn

1940 4913 2008 4951 ex
2039 4912 2153 4966 quo
2184 4899 2272 4950 est
2301 4893 2600 4961 cimoliam,
2633 4896 2890 4965 apotheca
2929 4894 3183 4950 thesauro
3228 4893 3586 4951 recondenda.

1943 4969 2001 5023 In
2030 4985 2146 5021 uno
2178 4966 2380 5037 ltegin.
2416 4982 2550 5032 ms.,
2585 4968 2805 5037 possunt
2834 4974 2884 5020 et
2909 4966 3102 5021 divites
3129 4968 3209 5020 sic
3238 4967 3443 5021 vocari.

2010 5048 2032 5081 ‘
2064 5047 2295 5102 l’tectius
2328 5045 2441 5099 fere
2483 5044 2542 5099 in
2570 5047 2773 5100 eodem
2808 5062 2918 5101 ms.
2970 5046 3088 5100 Non
3118 5046 3314 5114 igitur,
3365 5048 3426 5100 ut
3470 5045 3593 5118 ple-

1942 5121 2121 5190 rique,
2154 5121 2263 5172 etc.

2015 5199 2035 5232 ⁶
2068 5199 2153 5251 Ita
2180 5197 2563 5252 emendamus
2593 5212 2622 5249 e
2655 5211 2822 5263 mss,
2855 5195 2982 5267 ipso
3013 5199 3208 5267 Graeco
3250 5198 3408 5252 textu
3463 5196 3592 5252 suf-

1946 5272 2229 5341 fragante,
2260 5267 2310 5320 ἐν
2344 5271 2421 5319 τῶ
2474 5270 2799 5341 νῦν-καιρία).
2854 5266 3032 5322 Antea
3078 5266 3137 5321 in
3194 5268 3367 5324 editis
3424 5267 3593 5325 libris

1948 5337 2093 5395 falso
2126 5340 2450 5405 obtinebat,
2479 5355 2545 5393 en
2576 5337 2673 5393 hoc
2700 5337 2958 5409 tempore.

1944 5416 1965 5448 δ
1999 5412 2228 5483 Ριοείοω
2268 5412 2413 5465 alter
2444 5426 2554 5464 ms.
2587 5426 2781 5479 separa
2829 5411 2965 5483 inde
3004 5425 3161 5465 omne
3211 5412 3376 5481 pecus
3427 5413 3596 5467 unius

1946 5485 2140 5539 coloris
2170 5485 2227 5537 in
2259 5484 2439 5551 agnis,
2471 5484 2520 5537 et
2552 5483 2767 5535 varium
2814 5489 2863 5537 et
2908 5481 3145 5537 discolor
3188 5484 3248 5536 in
3292 5485 3479 5556 capris
3500 5500 3521 5547 ;
3542 5485 3597 5540 et

1945 5558 2184 5617 crit,etc.

2018 5628 2036 5663 ⁷
2069 5626 2308 5683 Temere
2337 5624 2492 5681 idem
2524 5639 2660 5691 ms.,
2689 5625 2947 5699 futurum
2977 5626 3105 5697 erit,
3138 5641 3243 5701 pro
3272 5627 3506 5699 furtum.

3196 5751 3277 5819 33
