3992 6398
427 330 595 416 uss

1663 350 1727 414 S.
1774 347 2086 415 EUSEBH
2123 348 2594 415 HIERONYMI.

3662 332 3825 413 {036

427 466 711 559 niucinas’
734 486 789 541 et
807 479 1137 557 plataninas
1151 480 1506 551 babeant,ex
1520 489 1682 556 parte
1702 484 2067 539 decerticans
2097 489 2152 552 Α
2182 485 2376 553 virgas
2404 484 2604 549 Jaceb,
2635 484 2829 555 virgas
2860 499 3007 555 quas
3036 482 3309 553 posuerat
3349 494 3545 537 ceram
3594 479 3822 552 pecori-

426 558 653 628 varium
682 571 979 645 virgarum
1009 573 1144 628 fecit
1183 573 1458 641 celerem,
1511 577 1577 627 ut
1624 573 1958 644 ubicunque
2006 572 2069 627 in

427 661 599 733 virga
638 660 914 717 corticem
974 660 1335 733 reliquisset,
1380 662 1657 733 antiquus
1707 668 2073 733 permaneret

430 747 587 805 celer
617 767 631 805 :
665 749 767 804 ubi
795 766 930 805 vero
967 750 1203 806 tulisset
1234 751 1537 817 corticem,
1580 749 1739 806 celer
1784 749 2070 805 candidus

428 836 799 910 panderetur.
851 838 1211 895 Observabat
1258 855 1395 911 ergo
1455 839 1637 895 Jaceb
1684 842 1741 893 et
1788 841 2067 908 tempore,

429 922 545 996 quo
574 924 1044 982 ascendebantur
1070 942 1299 999 pecora,
1331 930 1388 983 et
1417 931 1548 1000 post
1577 925 1828 983 calorem
1861 925 1974 981 diei
1997 925 2070 981 ad

427 1014 751 1085 potandum
782 1014 950 1070 avida
980 1016 1318 1088 pergebant,
1352 1015 1671 1073 discolores
1686 1015 1879 1087 virgas
1902 1031 2074 1086 pene-

427 1103 529 1159 bat
555 1102 616 1157 in
646 1101 974 1171 canalibus,
1006 1108 1063 1159 et
1109 1104 1385 1161 admissis
1434 1105 1717 1160 arietibus
1766 1108 1823 1159 et
1870 1102 2069 1158 hircis.

428 1188 486 1245 in
514 1189 645 1262 ipsa
673 1191 914 1263 potandi
956 1192 1251 1259 aviditate,
1304 1209 1437 1249 oves
1479 1199 1537 1249 et
1577 1209 1783 1266 capras
1826 1192 2074 1248 faciebat

429 1279 689 1348 aseendi,
712 1282 777 1335 ut
800 1296 869 1335 ex
898 1279 1118 1353 duplici
1149 1282 1458 1348 desiderio,
1491 1283 1634 1337 dum
1666 1280 1830 1336 avide
1864 1279 2073 1335 bibunt

428 1370 487 1421 et
515 1368 915 1424 accenduntur
942 1385 976 1424 a
1004 1370 1290 1437 maribus,
1322 1370 1470 1427 tales
1495 1371 1651 1426 fetus
1677 1369 2068 1440 conciperent,

427 1455 630 1527 quales
662 1457 907 1513 umbras
935 1457 1185 1514 arietum
1207 1462 1263 1514 et
1281 1458 1578 1513 hircorum
1603 1458 1855 1528 desuper
1875 1470 2071 1510 ascen-

427 1544 693 1599 dentium
720 1544 781 1601 in
810 1561 1096 1617 aquarum
1128 1544 1366 1618 speculo
1397 1544 1967 1616 centemplabantur.
1991 1544 2073 1598 Ex

427 1631 607 1705 virgis
635 1632 793 1688 enim
823 1633 884 1688 in
915 1633 1221 1689 canalibus
1252 1634 1461 1705 positis
1489 1633 1687 1688 varius
1718 1633 1864 1688 erat’
1893 1632 2069 1687 etiam

429 1720 757 1792 imaginum
787 1720 964 1777 color.
996 1721 1112 1777 Nec
1138 1722 1355 1777 mirum
1388 1721 1537 1776 hanc
1565 1721 1626 1776 in
1668 1724 1950 1793 conceptu
1992 1722 2067 1775 fe-

430 1808 727 1864 minarum
767 1824 896 1864 esse
943 1814 1236 1877 naturam,
1287 1814 1353 1865 ut
1395 1810 1600 1881 quales
1650 1810 2067 1881 perspexerint,

427 1896 549 1953 sive
578 1900 772 1952 mente
800 1898 1172 1969 conceperint
1202 1899 1261 1952 in
1292 1902 1548 1954 extreme
1568 1897 1882 1970 voluptatis
1904 1902 2068 1965 azstu,

431 1994 558 2057 qua;
606 1984 944 2057 concipiunt
986 1985 1162 2042 talem
1213 1985 1473 2043 sobolem
1533 1989 1838 2058 procreent
1887 2002 2068 2053 ;cum

428 2073 539 2131 hoc
587 2073 783 2147 ipsum
824 2072 1001 2129 etiam
1057 2073 1117 2130 in
1174 2091 1461 2146 equarum
1520 2074 1795 2147 gregibus
1847 2075 1869 2109 ³
1916 2076 2069 2146 apud

429 2164 726 2236 Hispanos
766 2162 997 2219 dicatur
1026 2162 1151 2219 ﬁeri
1186 2180 1198 2218 :
1230 2168 1286 2219 et
1305 2162 1701 2228 Quintilianus
1734 2163 1794 2219 in
1824 2179 1893 2219 ea
1933 2180 2074 2219 cen—

429 2250 714 2308 troversia
742 2251 800 2306 in
836 2267 954 2322 qua
983 2252 1371 2307 accusabatur
1399 2255 1665 2307 matrona
1693 2268 1818 2323 qua:
1851 2252 2069 2309 JEthie-

428 2356 561 2415 pem
595 2338 901 2413 pepererit,
935 2355 1037 2411 pre
1068 2340 1405 2396 defensione
1434 2340 1596 2395 illius
1629 2345 2072 2412 argumentetur

426 2428 578 2485 hanc
608 2433 995 2500 conceptuum
1024 2443 1153 2485 esse
1184 2434 1456 2485 naturam
1490 2446 1668 2501 quam
1699 2446 1877 2501 supra
1917 2430 2068 2485 dixi-

427 2534 564 2574 mus
593 2519 634 2574 ‘.
658 2516 974 2589 Postquam
1007 2521 1201 2573 autem
1225 2517 1346 2574 nati
1379 2519 1609 2573 fuerant
1638 2517 1809 2584 haedi,
1841 2523 1898 2573 et
1936 2519 2069 2590 agni

430 2607 577 2663 varii
607 2610 667 2661 et
694 2605 1011 2662 discolores
1041 2622 1111 2661 ex
1139 2604 1288 2661 albis
1319 2610 1374 2662 et
1404 2606 1581 2661 unius
1626 2606 1838 2663 celeris
1881 2607 2070 2680 gregi-

430 2696 543 2772 bus
574 2695 885 2766 separabat
911 2693 1043 2749 illos
1069 2695 1263 2764 Jaceb,
1300 2699 1356 2751 et
1401 2694 1603 2767 procul
1651 2712 1778 2751 esse
1826 2696 2072 2751 faciebat

430 2782 588 2840 I54
630 2799 664 2837 a
691 2781 962 2854 pristimo
994 2797 1187 2854 grege.
1220 2783 1279 2838 Si
1309 2783 1410 2855 qui
1442 2788 1637 2839 autem
1679 2784 2074 2840 nascebantur

432 2872 612 2927 unius
638 2868 869 2935 coleris,
913 2870 973 2925 id
1018 2874 1108 2925 est
1148 2869 1265 2926 albi
1307 2870 1426 2927 sive
1473 2872 1647 2944 nigri,
1694 2872 1963 2928 tradebat
2010 2874 2070 2928 in

430 2976 646 3017 manus
695 2958 952 3017 ﬁliorum
1003 2958 1202 3015 Laban
1236 2977 1250 3016 :
1282 2963 1339 3016 et
1385 2961 1638 3034 ponebat
1681 2960 1874 3033 virgas
1923 2978 2069 3033 quas

430 3048 909 3120 decertieaverat,
945 3047 1004 3103 in
1036 3047 1341 3105 canalibus
1371 3048 1588 3120 quibus
1618 3048 2071 3106 effundebantur

429 3154 616 3211 aqum,
666 3142 725 3194 et
763 3137 1075 3194 veniebant
1112 3138 1185 3194 ad
1234 3138 1557 3211 potandum
1595 3141 1796 3194 contra
1838 3155 2067 3210 pecora,

2182 572 2289 626 bus
2321 574 2425 642 (AI.
2461 573 2684 644 pecore]
2718 572 2775 627 in
2807 572 3111 628 canalibus
3142 573 3213 627 ad
3262 568 3705 641 concipiendum
3759 568 3819 623 in

2178 661 2283 728 eis,
2316 666 2371 714 et
2402 660 2461 715 in
2492 661 2763 715 serotinis
2786 662 2989 715 ovibus
3035 678 3149 715 non
3182 661 3436 733 ponebat
3471 683 3484 724 ;
3516 662 3574 713 et
3605 657 3824 713 ﬁebant

2180 750 2439 804 seretina
2469 750 3179 821 Laban,ettemperanea
3234 749 3432 803 Jaceb.
3495 770 3523 797 ››
3581 749 3700 801 Hec
3757 743 3817 799 in

2178 838 2561 909 Septuaginta
2612 838 3034 910 lnterpretibus
3082 855 3197 892 non
3242 838 3509 905 habetur,
3568 834 3671 890 sed
3717 849 3820 906 pro

2177 928 2430 981 serotinis
2453 930 2503 981 et
2532 929 2915 998 temporaneis,
2948 925 3104 980 aliud
3139 926 3335 981 nescio
3367 925 3510 996 quid
3550 923 3705 996 quod
3750 922 3821 978 ad

2180 1030 2421 1070 sensum
2453 1031 2568 1071 non
2599 1016 2844 1087 pertinet
2875 1015 2914 1073 ⁵.
2946 1014 3397 1070 transtulerunt.
3426 1012 3591 1077 Quod
3628 1014 3824 1067 autem

2180 1102 2320 1157 dicit
2346 1103 2663 1174 Scriptura,
2698 1103 2805 1158 hec
2834 1108 2923 1158 est
2956 1120 2968 1157 :
3001 1104 3177 1157 Jaeeb
3211 1103 3469 1173 prudens
3499 1106 3556 1156 et
3576 1098 3826 1156 callidus

2172 1192 2469 1261 justitiam
2496 1196 2552 1246 et
2580 1192 2911 1263 zequitatem
2944 1193 2964 1225 δ
2990 1191 3166 1246 etiam
3200 1192 3257 1245 in
3290 1208 3436 1245 nova
3465 1194 3588 1246 arte
3630 1204 3820 1245 serva-

2180 1280 2298 1334 bat.
2335 1281 2391 1334 Si
2424 1280 2579 1335 enim
2613 1297 2817 1335 omnes
2849 1297 3029 1352 agnos
3062 1284 3118 1334 et
3149 1280 3343 1335 hazdes
3375 1280 3569 1335 varies
3619 1293 3827 1350 pecora

2181 1371 2604 1438 procreassent,
2636 1372 2764 1422 erat
2794 1367 2991 1439 aliqua
3022 1368 3276 1438 suspicio
3317 1366 3455 1433 deli,
3510 1371 3567 1421 et
3625 1369 3823 1438 aperte

2182 1455 2317 1510 huic
2349 1457 2427 1510 rei
2464 1456 2658 1511 Laban
2687 1456 2920 1511 invidus
2953 1456 3319 1511 centraisset.
3355 1458 3500 1527 Ergo
3532 1456 3615 1510 ita
3632 1454 3829 1510 omnia

2180 1544 2617 1615 temperavit,ut
2646 1550 2701 1599 et
2733 1546 2857 1615 ipse
2878 1546 3135 1601 fructum
3169 1545 3261 1599 sui
3292 1544 3511 1600 laberis
3542 1543 3829 1615 acciperet

2180 1637 2238 1687 et
2264 1633 2456 1687 Laban
2489 1650 2603 1687 non
2633 1634 2867 1703 penitus
2906 1634 3273 1705 spoliaretur.
3326 1633 3383 1686 Si
3421 1632 3656 1702 quando
3696 1647 3829 1687 oves

2180 1725 2237 1775 et
2266 1738 2448 1793 caprae
2480 1722 2667 1793 prime
2698 1726 2958 1793 tempore
2992 1722 3479 1785 ascendebantur,
3532 1719 3670 1792 quia
3701 1736 3828 1775 me-

2180 1808 2291 1864 lior
2318 1826 2531 1865 vernus
2562 1814 2651 1864 est
2682 1810 2854 1879 fetus,
2889 1814 3023 1866 ante
3053 1810 3213 1881 ipsas
3244 1810 3499 1881 ponebat
3522 1809 3737 1881 virgas,
3762 1813 3828 1864 ut

2179 1897 2369 1953 varias
2401 1898 2629 1953 soboles
2663 1905 3022 1954 nasceretur.
3056 1902 3426 1971 Quaecunque
3456 1901 3646 1954 autem
3687 1912 3832 1954 oves

2181 1992 2237 2039 et
2324 2003 2507 2058 caprae
2575 2003 2704 2042 sere
2730 1988 3061 2058 querebant
3126 2004 3368 2057 marem,
3436 1990 3569 2042 ante
3627 2001 3832 2041 earum

2181 2074 2381 2131 oculos
2411 2091 2529 2130 non
2563 2076 2835 2147 ponebat,
2873 2088 2937 2131 ut
2984 2077 3161 2131 unius
3210 2076 3420 2131 celeris
3465 2091 3675 2147 pecora
3720 2090 3833 2129 na-

2181 2167 2500 2220 scerentur.
2529 2165 2600 2219 Et
2629 2164 2915 2236 quidquid
2948 2165 3205 2236 primum
3239 2165 3604 2234 nascebatur,
3650 2178 3827 2218 suum

2180 2257 2320 2323 erat,
2355 2255 2494 2324 quia
2525 2253 2781 2309 discolor
2808 2257 2864 2309 et
2891 2254 3117 2309 varium
3152 2258 3294 2309 erat:
3321 2253 3608 2325 quidquid
3626 2255 3829 2325 postea

2183 2340 2377 2396 Laban
2412 2358 2425 2397 :
2462 2341 2639 2397 unius
2673 2342 2827 2396 enim
2862 2347 2981 2396 tam
3018 2344 3074 2397 in
3110 2342 3296 2414 nigro.
3350 2358 3529 2413 quam
3584 2341 3642 2396 in
3689 2339 3822 2397 albo

2181 2429 2388 2485 Celeris
2420 2447 2597 2501 pecus
2626 2430 2939 2485 oriebatur.
2973 2431 3034 2485 In
3069 2448 3133 2486 eo
3162 2437 3358 2485 autem
3389 2428 3512 2484 loco
3543 2429 3642 2485 ubi
3675 2429 3822 2485 scri-

2182 2524 2346 2590 ptum
2376 2524 2490 2591 est,
2518 2524 2576 2573 ut
2607 2522 2947 2590 reuripermt
2977 2522 3031 2574 in
3068 2522 3233 2590 virgis
3267 2521 3324 2573 in
3371 2519 3607 2574 Hebraeo
3649 2518 3829 2573 habet

2183 2609 2435 2663 IEAMENA
2466 2608 2724 2678 ((nmnt)
2756 2609 2795 2663 ⁸.
2829 2608 2959 2665 Vim
2988 2609 3145 2664 verbi
3185 2607 3450 2664 chraici
3500 2607 3613 2663 nisi
3662 2605 3818 2662 855

2182 2697 2489 2752 circumitu
2524 2696 2844 2768 exprimere
2895 2715 3007 2752 nen
3054 2694 3317 2769 pessum.
3372 2699 3619 2752 IEAMENA
3666 2695 3826 2750 enim

2182 2786 2413 2857 proprie
2444 2784 2658 2841 dicitur
2689 2790 2985 2841 extremus
3014 2787 3073 2841 in
3108 2787 3262 2841 coitu
3312 2785 3486 2855 calor,
3539 2801 3651 2856 quo
3697 2799 3824 2839 cer-

2180 2889 2290 2945 pus
2313 2890 2484 2929 emne
2514 2874 2865 2943 concutitur,
2900 2880 2957 2929 et
2984 2874 3239 2947 patranti
3279 2872 3568 2945 voluptati
3595 2872 3825 2928 vicinus

2178 2967 2266 3018 est
2286 2962 2441 3017 ﬁnis.

2252 3052 2411 3123 (Cap.
2442 3052 2630 3107 XXXI.
2662 3084 2731 3093 —
2758 3051 2925 3107 Vers.
2955 3053 2987 3108 7
3027 3057 3083 3107 et
3125 3050 3209 3114 8.‘,-
3244 3071 3271 3102 α
3314 3051 3386 3105 Et
3431 3054 3596 3122 pater
3633 3053 3827 3106 vester

2179 3141 2461 3196 mentitus
2492 3145 2582 3195 est
2604 3139 2831 3208 mihi,et
2863 3140 3108 3195 mutavit
3138 3140 3466 3194 mercedem
3497 3153 3685 3194 meam
3726 3139 3827 3194 de-

432 3233 498 3286 ut
527 3227 898 3301 conciperent
944 3242 1011 3283 ee
1038 3230 1318 3299 tempore,
1359 3242 1495 3283 cum
1538 3228 1802 3283 venirent
1843 3228 1914 3283 ad
1964 3245 2071 3301 pe-
2105 3216 2148 3282 C
2186 3244 2312 3284 cem
2345 3229 2588 3297 vicibus,
2623 3234 2680 3284 et
2712 3246 2827 3284 non
2859 3229 3019 3284 dedit
3046 3229 3099 3284 ei
3130 3228 3283 3284 Deus
3315 3233 3378 3282 ut
3401 3231 3631 3283 noceret
3651 3226 3820 3295 mihi,

427 3316 783 3472 “1:323:41
813 3407 871 3459 et
899 3403 1012 3474 42.)
1045 3426 1074 3454 α
1107 3403 1173 3459 Et
1200 3404 1605 3478 concipiebant
1633 3422 1843 3478 pecora
1871 3412 2075 3464 contra

504 3546 866 3619 ‘Styracinas
893 3550 946 3601 et
969 3547 1225 3615 nucinas,
1271 3551 1381 3603 etc.
1424 3547 1661 3619 Aliquot
1708 3566 1851 3605 mss.
1910 3552 2067 3607 cedi-

428 3634 545 3686 ees,
576 3618 864 3674 saracinas
886 3622 937 3673 et
964 3618 1227 3673 nucineas
1264 3627 1316 3674 et
1350 3619 1641 3690 plataneas
1668 3637 1688 3681 ;
1720 3620 1838 3686 alii,
1887 3631 2066 3692 styra-

429 3708 553 3747 ceas
582 3695 631 3745 et
660 3705 881 3757 nueeas,
907 3694 1017 3744 etc.
1050 3692 1333 3744 MARTIAN.
1764 3714 1771 3721 -

497 3794 564 3803 —
594 3767 717 3817 Due
749 3778 891 3817 mss.
918 3770 1212 3832 styraeeas,
1245 3764 1555 3833 etnuceas,
1575 3765 1626 3816 et
1651 3763 1990 3833 platauinas.

494 3836 517 3869 ²
544 3833 801 3889 Verbum
832 3840 952 3887 erat
980 3849 1049 3887 ex
1081 3848 1223 3887 mss.
1258 3836 1315 3887 et
1343 3831 1597 3887 Victorie
1613 3831 1973 3890 suffecimus.

422 3975 441 4032 1
493 3906 923 4032 :ggcpgirtquam
954 3903 1250 3976 eleganter
1280 3903 1579 3976 Oppianus
1628 3904 1688 3960 in
1736 3906 2060 3979 Cygenetic.

449 4018 461 4032 .
494 3994 515 4033 I
544 3992 754 4034 οθειῐιιι
786 3992 799 4030 ἒ

493 4073 697 4157 ὲηράκι
728 4068 921 4157 ξ’ἅλλοξ
955 4071 1142 4157 βροτρὶ
1172 4070 1541 4157 παχξπίφρονᾳ
1567 4072 1883 4157 pytismate,

490 4140 685 4197 Πῶλον
728 4140 1019 4217 Eii-typide
1047 4143 1143 4196 κᾶν
1174 4140 1334 4212 νηδύϊ
1368 4140 1577 4217 μὴτρὸέ
1607 4140 1782 4213 ἔοντα,
1808 4140 1916 4203 etc.

490 4232 668 4304 Μυιιαν
680 4231 921 4304 homines
950 4233 1136 4286 animo
1164 4247 1319 4304 swpe
1336 4234 1595 4288 invenere
1620 4237 1829 4304 sagaci,

493 4303 557 4359 Ut
571 4303 791 4375 pullum
806 4303 1037 4356 maculis
1054 4302 1267 4357 varient
1288 4302 1418 4357 dum
1434 4306 1629 4359 matris
1643 4302 1700 4359 iri
1720 4307 2060 4374 alvo,est,etc

416 4400 621 4473 viginti
670 4398 965 4455 continuis
1006 4399 1295 4480 versibus,
1358 4417 1506 4472 quos
1545 4402 1779 4471 juvabit
1826 4403 2055 4475 legisse.

415 4472 559 4527 Vide
588 4477 885 4543 S.queque
910 4472 1331 4543 Augustinum,
1353 4477 1558 4541 quaest.
1590 4474 1662 4528 92
1708 4476 1767 4529 in
1798 4475 1953 4543 Gem,
2004 4482 2059 4532 et

632 4508 885 4539 .quuxiuu
910 4508 1331 4539 (IUSUOUIIIUILI’
1353 4508 1558 4539 ιιυωουο
1595 4508 1662 4528 ua
1710 4508 1767 4529 ιιι
1798 4508 1927 4530 ιιι-ιι.

414 4519 815 4610 Βίῖεἱάοἶύῐῐῖ,
847 4542 950 4605 lib,
979 4519 1057 4598 xiii
1089 4519 1452 4614 Origz’n.,cap.
1557 4519 1662 4599 ubi
1677 4519 2058 4605 tetidem'l‘ere

412 4615 605 4671 verbis
634 4615 1052 4686 Hieronymum
1082 4614 1379 4686 describit.

484 4688 831 4768 ‘fostquam
854 4685 1057 4768 autem.
1092 4685 1195 4766 llic
1232 4702 1308 4768 ex.
1339 4685 1472 4768 libri
1496 4686 1892 4768 _Hippecratis
1929 4690 2056 4745 edi-

412 4758 493 4831 tie
524 4756 868 4814 Erasmiana
898 4757 1208 4831 brsteriam
1238 4756 1382 4812 false
1413 4756 1697 4828 obtrudit,
1729 4778 1904 4831 quam
1955 4779 2055 4817 ce-

412 4830 572 4886 dices
605 4846 749 4885 mss.
784 4846 900 4884 neu
932 4829 1203 4883 retinent.
1239 4831 1523 4884 MARTIAN.

481 4933 551 4942 ——
580 4901 660 4956 Ex
691 4901 750 4956 S.
785 4900 1137 4971 Augustine,
1170 4906 1375 4969 quaest.
1409 4902 1479 4954 93
1522 4903 1583 4955 in
1638 4902 1765 4957 Gen.
1819 4919 1932 4957 non
1992 4908 2056 4957 ut

412 4972 785 5029 Martianaaus
816 4976 1004 5044 putat,
1032 4988 1101 5044 ex
1134 4971 1320 5042 ipsius
1351 4972 1718 5043 Hippocratis
1742 4973 1926 5040 libris,
1951 4974 2057 5029 hu-

402 5044 663 5114 jusmedi
688 5043 992 5100 histeriam
1016 5043 1242 5114 addunt
1263 5047 1483 5098 veteres
1501 5044 1753 5099 editores
1776 5049 2052 5101 Erasmus

410 5113 475 5169 ac
504 5116 815 5177 Victorius.
870 5130 1088 5186 proque
1138 5113 1585 5185 Hierenymiane
1634 5122 1903 5171 contextu
1951 5118 2053 5172 eb-

410 5187 656 5259 trudunt
686 5204 699 5242 :
734 5211 760 5237 ‹‹
782 5188 865 5259 Et
886 5186 1178 5259 scriptum
1204 5186 1491 5259 reperitur
1520 5187 1578 5259 in
1620 5186 1786 5243 libris
1834 5188 2050 5259 Hippo-

410 5256 606 5338 cratis,
640 5258 791 5338 quod
845 5255 1131 5338 quaedam
1162 5255 1392 5338 (supple
1443 5257 1682 5338 mulier)_
1722 5255 2051 5338 suspicione

410 5326 679 5401 adulterii
746 5326 933 5384 fuerat
991 5326 1317 5401 punienda,
1368 5344 1502 5401 cum
1589 5326 2048 5401 pulcherrimum

407 5397 638 5479 (supple
668 5401 936 5523 puerum?
986 5397 1329 5471 peperisset,
1367 5397 1605 5470 utrique
1648 5402 1893 5472 parenti,
1951 5418 2046 5473 ge-

407 5484 647 5523 nerique
676 5470 904 5523 dissimi
934 5486 1048 5523 em.
1080 5469 1194 5523 nisi
1222 5477 1582 5523 memoratus
1631 5474 1893 5523 medicus
1939 5473 2046 5523 sol-

406 5469 647 5540 nerique
675 5469 1194 5538 dissimilem,inisi
1222 5469 1582 5526 memoratus
1631 5469 1893 5528 medicus
1939 5469 2048 5529 sel-

404 5539 583 5595 visset
611 5541 1490 5621 quaestien_em,__menens.(Aug.
1541 5542 1659 5599 illis
1708 5545 2046 5621 admonitis)

404 5611 764 5686 gumrerene
798 5611 943 5686 forte
973 5611 1171 5682 aliqua
1219 5612 1354 5686 talis
1395 5611 1625 5686 pictura
1650 5622 1805 5672 esset
1849 5617 1909 5686 in
1942 5611 2045 5672 cu;

402 5680 598 5743 bicule
632 5682 729 5756 ;in
760 5680 1148 5760 quoinventa,
1184 5680 1414 5741 mulier'
1436 5701 1471 5742 a
1515 5686 1847 5760 suspicione
1896 5685 2042 5746 libe-

2155 5475 2262 5542 gri,

2186 3317 2242 3371 Si
2277 3316 2514 3383 dixerat,
2548 3317 2657 3372 hec
2686 3317 2912 3372 varium
2946 3333 3122 3389 pecus
3152 3317 3262 3372 erit
3294 3331 3515 3371 merces
3559 3319 3678 3381 tua,
3713 3332 3820 3371 na-

2185 3406 2457 3461 scebatur
2486 3406 2592 3475 [AL
2629 3407 2984 3476 nasceretur]
3018 3422 3189 3461 omne
3214 3422 3389 3477 pecus
3408 3404 3656 3460 varium.
3682 3403 3750 3459 Et
3769 3404 3823 3460 si

2179 3552 2306 3605 rata
2333 3552 2441 3605 est.

2251 3623 2270 3653 ⁵
2302 3620 2451 3687 Quod
2479 3621 2552 3675 ad
2580 3636 2797 3676 sensum
2826 3637 2933 3676 non
2955 3624 3211 3691 pertinet,
3260 3620 3429 3691 Apud
3478 3618 3615 3674 LXX
3670 3617 3821 3691 legi-

2180 3710 2331 3753 mus,
2366 3693 2521 3746 Facta
2552 3702 2676 3746 sunt
2706 3697 2890 3747 autem
2918 3690 3029 3745 nen
3067 3693 3295 3759 signata
3318 3690 3329 3691 ί
3357 3692 3527 3761 ipsius
3584 3690 3767 3761 Laban
3802 3708 3815 3746 :

2174 3766 2389 3833 signata
2424 3768 2605 3817 autem
2637 3766 2813 3833 ipsius
2841 3765 3025 3818 Iacob.
3052 3764 3212 3827 Quod
3236 3760 3473 3817 sensum
3498 3761 3674 3832 hujus
3705 3760 3818 3817 loci

2177 3850 2546 3905 nequaquam
2582 3836 2908 3905 exprimere
2935 3835 3183 3905 videtur.
3220 3835 3505 3888 MARTIAN.

2245 3896 2319 3977 έτέ
2363 3896 2594 3977 scilicet
2640 3896 2848 3977 ἕγὲνὲτο
2890 3902 2945 3957 δὲ
2987 3905 3070 3977 κ’·Ξὰ
3105 3904 3195 3977 μὲν
3242 3906 3339 3973 ἄση
3356 3925 3426 3975 μα
3462 3896 3813 3977 “mensis”,

2172 3976 2239 4028 τὰ
2281 3973 2338 4029 δὲ
2399 3975 2641 4047 ἐπίσημα
2678 3970 2793 4029 ’τοῦ
2851 3970 3065 4044 Ἰακώϐ,
3106 3970 3513 4048 ’ϐϐδδενῑὶὶὶιᾳαε
3568 3970 3812 4042 Labano,

2173 4063 2298 4118 qua?
2352 4064 2457 4104 non
2517 4052 2675 4103 erant
2733 4051 2952 4116 signata
2998 4065 3017 4109 ,'
3048 4064 3173 4118 quze
3223 4065 3346 4103 vero
3400 4049 3575 4118 δέραια
3627 4051 3812 4113 erant,

2170 4120 2389 4175 Jacebo.
2457 4122 2587 4174 Jam
2646 4136 2802 4184 vero,
2872 4136 2986 4190 quo
3051 4121 3291 4174 serotina
3355 4122 3411 4173 et
3469 4122 3816 4188 temporanea

2167 4192 2555 4262 Hieronymus
2620 4191 3037 4261 interpretatur
3106 4191 3590 4262 autumnalisnac
3645 4190 3813 4262 verni

2171 4260 2451 4334 temporis
2483 4265 2636 4316 fctus
2668 4260 2983 4332 (siquidem
3012 4279 3079 4317 ex
3115 4267 3246 4334 ejus
3298 4278 3432 4316 mox
3471 4260 3817 4334 disserenda

2170 4330 2481 4397 sententia,
2515 4351 2647 4388 oves
2678 4330 2737 4387 in
2764 4330 3164 4405 Mesepetania
3203 4334 3294 4387 bis
3343 4330 3591 4405 singulis
3639 4331 3815 4387 annis

2169 4404 2871 4485 pariebant),_0r_ientales
2910 4403 3299 4485 interpretes,
3329 4403 3654 4485 Chaldaeus,
3681 4406 3809 4485 “Sy-

2169 4473 2270 4529 rus
2295 4482 2467 4545 atque
2510 4478 2693 4529 Arabs
2736 4477 3012 4547 probant;
3062 4473 3393 4541 innuentes,
3442 4475 3634 4599 virfas
3677 4473 3811 4529 illas

2176 4564 2288 4599 non
2341 4547 2721 4599 supposuisse
2751 4549 3030 4599 Jacebum
3062 4564 3194 4599 cum
3247 4553 3531 4599 autumna
3553 4561 3615 4599 es
3661 4545 3811 4599 fetus

2176 4564 2288 4601 non
2341 4545 3030 4617 suppesuisseilacebum
3062 4564 3194 4602 cum
3247 4545 3615 4601 autumnales
3661 4545 3813 4601 fetus

2164 4616 2627 4690 conciperentur,
2683 4623 2881 4690 utpote
2927 4619 3377 4690 imbecilliores,
3452 4633 3599 4689 ques
3653 4616 3810 4690 ultre

2168 4689 2397 4744 Labano
2428 4689 2786 4761 concederet.
2822 4689 2938 4745 Etsi
2968 4690 3122 4745 enim
3147 4691 3441 4761 proditum
3467 4705 3497 4743 e
3520 4689 3810 4743 contrarie

2166 4761 2241 4815 sit
2267 4760 2603 4826 Columella,
2646 4761 2743 4820 lib.
2768 4777 2891 4818 VIII.
2927 4778 3051 4831 cap.
3076 4765 3107 4814 3
3142 4760 3162 4815 Ξ
3190 4785 3215 4807 ‹‹
3254 4761 3449 4815 Melior
3476 4764 3565 4815 est
3594 4775 3811 4831 (agnus

2163 4832 2523 4886 autumnalis
2568 4850 2763 4897 verno,
2828 4830 3095 4887 siculait
3160 4834 3459 4886 verissime
3517 4830 3741 4895 Celsus,
3779 4853 3809 4880 ››

2164 4910 2299 4971 etc,,
2370 4908 2452 4956 sic
2519 4908 2713 4958 tamen
2792 4904 3084 4957 conciliari
3156 4921 3289 4959 cum
3353 4903 3812 4973 llierenymiana

2165 4976 2454 5028 sententia
2484 4982 2695 5044 potest,
2730 4981 2793 5028 ut
2821 4982 2876 5029 S.
2911 4977 3111 5030 doctor
3140 4977 3211 5029 de
3243 4974 3638 5045 eeuceptionis
3660 4978 3810 5029 tem-

2167 5064 2323 5116 pore,
2361 5048 2577 5100 nonde
2609 5047 2775 5100 effusi
2845 5053 3066 5117 partus,
3139 5048 3430 5115 subjectus
3495 5062 3530 5100 a
3590 5046 3809 5117 Iacobo

2165 5117 2359 5189 virgas
2398 5118 2763 5182 intellexerit,
2801 5116 2981 5188 atque
3013 5120 3153 5171 adeo
3179 5126 3551 5189 temperance
3571 5116 3812 5177 vocarit.

2163 5204 2290 5259 quae
2323 5206 2452 5243 vere
2477 5190 2713 5259 quidem
2738 5191 3181 5259 cencipereutur
3212 5192 3283 5244 ad
3314 5190 3611 5259 virgarum
3642 5205 3810 5260 διερε-

2160 5266 2337 5323 ctum,
2370 5262 2680 5315 ederentur
2718 5266 2910 5315 autem
2943 5268 3247 5317 autumno.

2230 5334 2250 5365 δ
2280 5332 2517 5401 Aliquot
2548 5349 2690 5386 mss.
2729 5336 2792 5386 Et
2822 5335 3209 5401 a’qualimtcm.
3245 5337 3354 5387 etc.

2229 5404 2247 5436 τ
2284 5403 2462 5457 Iidem
2499 5403 2771 5473 Quidquid
2800 5420 2924 5457 vero
2963 5410 3167 5474 postea,
3218 5410 3275 5459 et
3321 5420 3452 5458 mox
3486 5417 3500 5456 :
3531 5407 3668 5458 Tam
3716 5404 3807 5457 ni-

2332 5491 2455 5528 uam
2489 5476 2604 5528 albi
2634 5476 2853 5529 coleris.

2227 5547 2246 5579 ⁸
2280 5545 2439 5600 Unus
2486 5546 2720 5613 Reginae
2776 5562 2888 5611 ms,
2947 5546 3161 5602 GI‘ZDClS
3205 5545 3411 5601 litteris
3470 5547 3805 5598 ΥΔΑΜΗΝΑ

2157 5620 2405 5690 utroque
2428 5616 2487 5674 in
2519 5617 2669 5686 loco,
2700 5616 2850 5674 alius
2884 5618 3086 5675 Latine
3115 5620 3403 5676 Iaameua.
