3992 6440
151 410 303 478 ωεπ

1199 402 1429 468 LIBER
1471 400 1704 467 HEBR.
1748 398 2055 475 QUIEST.
2100 401 2183 464 IN
2226 400 2505 465 GENES.

3390 372 3559 469 was

151 544 390 611 dixeret,
422 539 601 599 unius
639 537 851 598 coloris
880 537 989 595 erit
1018 554 1242 594 merces
1267 543 1369 593 tua
1395 556 1407 593 :
1438 538 1790 593 nascebatur
1819 537 1871 603 Α
1906 535 2106 607 lingua
2131 536 2273 606 Syra
2300 553 2529 592 acervus
2580 551 2716 593 IGAR
2760 535 3124 609 appellatur:
3174 534 3554 594 testimonium

150 651 319 692 omne
348 649 529 706 pecus
559 630 739 688 unius
769 627 999 685 coloris.
1035 649 1064 677 ››
1114 632 1225 683 Pro
1274 644 1340 683 eo
1373 628 1529 699 quod
1556 644 1661 681 nos
1692 643 1791 697 po-

146 722 396 788 suimus,
454 721 681 777 Mutavit
741 716 1042 775 mercedem
1103 732 1282 771 meam
1327 716 1508 772 decem
1564 714 1793 782 vicibus,

145 809 524 883 Septuaginta
568 808 923 878 Interpretes
982 808 1327 877 posuerunt,
1386 804 1566 860 decem
1614 804 1793 875 agnis,

145 899 338 957 nescio
356 915 474 971 qua
493 895 768 970 opinione
793 894 975 965 ducti,
994 908 1129 949 cum
1151 893 1396 948 verbum
1419 891 1791 958 Hebraicum,

142 1006 286 1046 MONI
330 989 349 1023 ί
395 985 545 1057 (un)
576 999 875 1041 numerum
904 981 1095 1055 magis
1148 998 1326 1053 quam
1392 996 1564 1052 agnos
1604 983 1791 1036 sonet.

140 1077 401 1150 Denique
419 1080 477 1132 et
493 1091 563 1133 ex
581 1071 1079 1145 consequentibus
1100 1070 1195 1126 hic
1215 1069 1405 1143 magis
1429 1086 1638 1126 sensus
1661 1086 1795 1142 pro-

141 1167 336 1234 batur,
368 1165 524 1238 quod
555 1179 661 1236 per
687 1160 957 1235 singulos
988 1159 1141 1215 fetus
1172 1176 1404 1232 semper
1433 1158 1629 1214 Laban
1660 1174 1795 1214 con-

142 1253 426 1310 ditionem
458 1250 790 1309 mutaverit.
818 1249 878 1306 Si
901 1248 1133 1304 videbat
1154 1247 1375 1302 varium
1400 1246 1563 1302 nasci
1586 1262 1790 1319 pecus,

141 1346 280 1415 post
308 1343 489 1398 fetum
521 1340 772 1406 dicebat,
801 1337 931 1395 volo
960 1341 1027 1393 ut
1054 1337 1114 1392 in
1158 1337 1423 1392 futurum
1455 1335 1603 1391 mihi
1632 1335 1794 1391 varia

141 1436 485 1488 nascantur.
503 1430 761 1486 Rursum
779 1443 913 1485 cum
930 1426 1172 1483 vidisset
1193 1424 1370 1481 unius
1392 1424 1603 1481 coloris
1627 1424 1790 1479 nasci

139 1535 355 1592 pecora
392 1519 595 1593 (Jacob
622 1518 861 1590 quippe,
893 1517 1002 1572 hoc
1032 1515 1252 1577 audito,
1301 1514 1494 1587 virgas
1526 1514 1585 1569 in
1618 1530 1794 1568 cana-

139 1606 303 1664 libus
333 1624 449 1664 non
480 1606 772 1679 ponebat),
805 1605 1053 1671 dicebat,
1090 1608 1153 1660 ut
1174 1603 1402 1659 futuros
1434 1603 1584 1658 fetus
1614 1603 1793 1657 unius

136 1694 357 1752 coloris
401 1694 514 1751 sibi
561 1698 771 1767 onra
822 1696 1210 1764 procrearent.
1263 1692 1332 1748 Et
1380 1692 1524 1764 quid
1576 1690 1797 1763 plura?

136 1800 336 1856 usque
355 1784 428 1839 ad
449 1784 607 1840 vices
629 1783 830 1839 decem
861 1799 1093 1853 semper
1122 1798 1155 1836 a
1186 1781 1383 1837 Laban
1414 1781 1644 1853 pecoris
1674 1779 1792 1846 sui,

112 1874 269 1930 .sive
304 1872 505 1940 Jacob,
549 1874 777 1928 mutata
817 1870 1072 1928 conditio
1120 1874 1230 1926 est.
1284 1870 1354 1924 Et
1403 1871 1796 1942 quodcunque

136 1960 256 2018 sibi
287 1964 674 2034 proposuerat
703 1964 769 2015 ut
797 1963 1158 2026 nasceretur,
1191 1959 1250 2013 in
1283 1958 1540 2015 colorem
1571 1962 1800 2014 contra-

134 2049 298 2106 rium
326 2050 681 2106 vertebatur.
720 2049 801 2104 Nc
829 2047 923 2104 cui
954 2052 1149 2104 autem
1182 2048 1242 2103 in
1273 2064 1373 2102 sex
1401 2047 1574 2103 annis
1596 2047 1797 2103 decem

133 2138 408 2211 pariendi
422 2138 579 2196 vices
594 2135 971 2193 incredibiles
986 2136 1315 2203 videantur,
1340 2134 1466 2207 lege
1486 2134 1796 2209 Virgilium

134 2227 367 2301 (Georg.
398 2228 485 2297 ιι),
517 2226 578 2282 in
608 2242 725 2298 quo
765 2223 1015 2280 dicitur:

397 2315 479 2366 Bia
507 2314 735 2380 gravidae
765 2312 1019 2379 pecudes.

131 2398 368 2454 Natura
396 2398 592 2453 autem
623 2393 962 2450 Italicarum
1010 2391 1208 2450 ovium
1257 2396 1315 2448 et
1362 2391 1797 2463 Mesopotamiae

135 2503 262 2544 una
296 2500 430 2542 esse
467 2483 742 2540 traditur.

205 2573 402 2647 (Vera.
439 2571 550 2644 19.)
587 2592 616 2626 α
645 2571 717 2627 Et
763 2571 955 2633 furata
1008 2574 1100 2627 est
1151 2569 1367 2626 Rachel
1416 2569 1573 2626 idola
1614 2568 1798 2642 patris

129 2661 251 2721 sui.
289 2684 321 2713 υ
356 2661 469 2718 Ubi
494 2676 652 2717 nunc
706 2659 860 2716 idola
902 2659 1178 2733 legimus,
1207 2658 1270 2714 in
1322 2659 1556 2715 Hebraeo
1585 2675 1798 2715 rasas-

129 2767 288 2806 pnm
321 2750 609 2823 ’(nimn)
641 2748 928 2820 scriptum
978 2752 1087 2815 est,
1137 2765 1264 2819 quae
1312 2746 1532 2820 Aquila.
1575 2747 1797 2824 μορφώ-

135 2857 315 2912 ματα,
371 2838 431 2894 id
484 2842 576 2895 est
618 2836 834 2909 ﬁguras
876 2836 965 2892 vel
1010 2839 1303 2906 imagines,
1356 2837 1796 2909 interpretatur.

129 2928 259 2985 Hoc
289 2930 496 2983 autem
526 2926 680 2993 ideo,
731 2929 798 2981 ut
845 2924 1103 2982 sciamus
1149 2924 1290 2998 quid
1341 2925 1619 2982 Judicum
1651 2924 1801 2982 libro

127 3034 280 3085 xvn,
316 3016 380 3088 5)
411 3032 746 3071 rasuram
767 3018 953 3071 sonet.

204 3105 411 3178 (Vere.
450 3103 567 3175 2i.)
600 3125 629 3156 ‹‹
675 3104 744 3160 Et
800 3104 1071 3161 transivit
1126 3104 1391 3175 ﬂuvium,
1441 3108 1499 3161 et
1549 3104 1710 3160 venit
1738 3103 1800 3160 in

123 3197 411 3250 montem
442 3191 680 3249 Calaad.
708 3215 735 3243 »
778 3193 905 3249 Non
957 3193 1111 3266 quod
1161 3208 1227 3249 eo
1274 3197 1536 3264 tempore
1583 3192 1799 3249 Galaad

1906 642 2161 679 securus
2183 626 2497 696 (amaras).
2515 626 2698 682 Jacob
2719 625 2898 698 igitur
2910 642 3182 683 acervum
3202 626 3551 696 testimonii,

1906 713 2013 767 hoc
2046 719 2131 769 est
2158 730 2399 782 causa,
2431 713 2634 787 lingua
2681 714 2996 787 appellavit
3037 715 3315 772 Hebrma:
3348 715 3549 772 Laban

1904 818 2037 856 vero
2091 802 2370 874 idipsum,
2441 803 2499 859 id
2552 807 2642 860 est
2698 820 2969 861 acervum
3018 803 3362 873 testimonii,
3416 820 3551 861 lGAR

1906 906 2186 960 securas,
2218 890 2412 947 nantis
2458 908 2582 948 sua)
2631 909 2899 950 sermone
2937 892 3178 949 vocavit.
3229 893 3366 949 Erat
3392 890 3551 948 enim

1905 978 2106 1049 Syrus,
2142 983 2201 1033 et
2230 978 2534 1051 antiquam
2557 980 2820 1053 linguam
2851 985 3185 1054 parentum,
3218 979 3552 1054 provincia,

1903 1068 1963 1122 in
1996 1084 2113 1138 qua
2143 1067 2463 1137 habitabat,
2505 1086 2777 1127 sermone
2808 1073 3154 1126 mutaverat.

1977 1156 2137 1228 (Cap.
2170 1156 2384 1213 XXXII.
2417 1188 2486 1199 —-
2514 1158 2681 1214 Vere.
2721 1165 2740 1214 1
2776 1162 2834 1214 et
2850 1159 2931 1229 2.)
2956 1180 2985 1208 «
3007 1159 3078 1214 Et
3098 1160 3480 1215 occurrerunt
3498 1158 3553 1214 ei

1903 1244 2096 1317 angeli
2131 1245 2249 1312 Dei,
2275 1250 2332 1300 et
2359 1245 2506 1302 dixit
2532 1246 2716 1303 Jacob
2744 1251 2810 1302 ut
2832 1247 2980 1303 vidit
3028 1262 3129 1303 eos
3154 1263 3167 1303 :
3218 1247 3422 1304 Castra
3449 1246 3551 1304 Dei

1904 1332 2023 1388 haec
2063 1337 2223 1403 sunt,
2256 1339 2313 1389 et
2341 1334 2564 1391 vocavit
2591 1352 2803 1392 nomen
2834 1334 2946 1391 loci
2976 1336 3107 1407 ejus
3122 1336 3350 1394 Castra.
3389 1356 3419 1386 »
3443 1335 3555 1392 Ubi

1902 1421 1999 1477 hic
2028 1429 2209 1477 castra
2240 1424 2429 1494 posita
2476 1427 2634 1492 sunt,
2692 1425 2753 1480 in
2807 1425 3044 1481 Hebraeo
3097 1424 3275 1480 habet
3329 1440 3559 1481 MANAII

1904 1511 2155 1581 (unum)
2183 1529 2196 1577 ς
2229 1515 2294 1565 ut
2322 1512 2601 1579 sciamus,
2634 1512 2682 1569 si
2705 1514 2940 1584 quando
2962 1529 3079 1569 non
3098 1512 3555 1586 interpretatum

1904 1600 1964 1653 in
1997 1598 2110 1655 alio
2140 1598 2265 1655 loco
2297 1600 2555 1671 ponitur,
2589 1617 2762 1673 quem
2788 1602 2979 1657 locum
3002 1601 3307 1673 signiﬁcet.
3334 1604 3402 1656 Et
3428 1599 3554 1673 pul-

1905 1687 2064 1753 chre,
2098 1688 2170 1742 ad
2224 1688 2463 1744 fratrem
2504 1689 2695 1745 iturus
2741 1689 3069 1760 inimicum,
3116 1689 3459 1762 angelorum
3491 1705 3556 1746 se

1905 1776 2378 1833 commitantium
2421 1777 2709 1850 excipitur
2737 1777 2950 1834 choris.

1977 1866 2163 1938 (Vers.
2194 1869 2224 1922 ‘7
2257 1870 2315 1922 et
2346 1866 2457 1936 l0.)
2499 1887 2526 1920 α
2546 1868 2616 1922 Et
2639 1868 2785 1923 dixit
2808 1867 2988 1924 Jacob
3014 1884 3027 1922 :
3053 1867 3205 1924 Deus
3232 1867 3415 1940 patris
3440 1867 3559 1925 mei

1912 1956 2096 2024 Isaac,
2125 1955 2390 2024 Domine,
2423 1955 2525 2026 qui
2557 1956 2759 2012 dixisti
2791 1957 2863 2013 ad
2886 1973 2979 2013 me
3003 1972 3017 2013 :
3042 1956 3346 2013 Revertere
3365 1956 3424 2011 in
3449 1960 3560 2013 ter-

1909 2060 2035 2101 ram
2088 2048 2276 2111 tuam,
2306 2048 2365 2100 et
2403 2044 2742 2101 benedicam
2794 2046 2934 2101 tibi:
2988 2046 3181 2102 minor
3228 2062 3362 2103 sum
3392 2045 3556 2102 omni

1910 2132 2313 2189 misericordia
2339 2136 2462 2201 tua,
2494 2138 2555 2189 et
2598 2134 2760 2190 omni
2805 2134 3050 2191 veritate
3101 2140 3222 2202 tua,
3267 2150 3446 2207 quam
3476 2134 3562 2191 fe-

1909 2221 2039 2278 cisti
2068 2238 2175 2294 pro
2204 2237 2369 2277 servo
2398 2225 2519 2277 tuo.
2549 2243 2579 2273 »
2619 2222 2727 2278 Pro
2776 2240 2842 2279 eo
2890 2225 3049 2295 quod
3098 2239 3205 2280 nos
3252 2223 3563 2296 posuimus

1908 2311 2092 2366 minor
2114 2326 2255 2376 sum,
2289 2308 2448 2364 aliud
2482 2309 2676 2366 nescio
2706 2309 2847 2381 quid
2877 2310 2918 2378 ³,
2970 2309 3127 2382 quod
3159 2326 3405 2366 sensum
3433 2313 3562 2367 tur-

1907 2398 2026 2459 bet,
2050 2397 2110 2453 in
2143 2396 2357 2453 Graecis
2390 2401 2448 2452 et
2477 2397 2696 2453 Latinis
2727 2397 3029 2454 codicibus
3059 2398 3414 2455 continetur.

1979 2487 2163 2557 (Vere.
2190 2490 2256 2540 21
2290 2490 2347 2541 et
2373 2486 2493 2556 28.)
2529 2507 2556 2537 ‹‹
2586 2486 2656 2542 Et
2685 2487 2833 2542 dixit
2860 2486 2911 2542 ei
2936 2503 2950 2542 :
2979 2486 3140 2551 Quod
3168 2502 3384 2542 nomen
3403 2484 3561 2543 tibi?

1907 2576 2016 2641 Qui
2045 2576 2147 2647 ait,
2179 2576 2381 2643 Jacob,
2412 2574 2567 2631 Dixit
2588 2579 2788 2631 autem
2822 2576 2878 2631 ei
2904 2593 2917 2631 :
2948 2575 3082 2632 Jam
3112 2592 3229 2631 non
3258 2574 3565 2632 vocabitur

1905 2664 2084 2721 Jacob
2114 2680 2325 2720 nomen
2377 2668 2569 2733 tuum,
2621 2665 2723 2720 sed
2775 2664 3079 2720 vocabitur
3127 2679 3341 2720 nomen
3389 2666 3561 2719 tuum

1908 2753 2085 2810 Israel
2110 2770 2123 2809 :
2156 2753 2294 2825 quia
2326 2753 2625 2809 invaluisti
2661 2771 2795 2809 cum
2818 2754 2957 2821 Deo,
2985 2756 3043 2808 et
3062 2769 3195 2808 cum
3217 2752 3567 2808 hominibus

1905 2841 2142 2899 valebis.
2179 2864 2208 2893 »
2249 2842 2546 2915 Josephus
2592 2841 2650 2897 in
2700 2842 2890 2914 primo
2937 2842 3344 2914 Antiquitatum
3389 2840 3562 2912 libro,

1909 2932 2086 2989 Israel
2117 2933 2245 2988 ideo
2278 2931 2635 3005 appellatum
2666 2935 2853 3004 putat,
2910 2932 3067 3003 quod
3112 2932 3425 2987 adversum
3457 2946 3564 2986 an-

1908 3021 2103 3093 gelum
2136 3020 2400 3076 steterit:
2434 3021 2590 3091 quod
2632 3036 2740 3092 ego
2788 3019 3101 3092 diligenter
3148 3019 3470 3085 excutiens,
3502 3017 3569 3074 in

1908 3111 2146 3166 Hebraeo
2204 3109 2439 3181 penitus
2491 3109 2751 3164 invenire
2806 3125 2922 3165 non
2989 3107 3221 3180 potui‘.
3282 3106 3353 3161 Et
3408 3106 3560 3163 357

1911 3198 2051 3271 quid
2078 3214 2170 3255 me
2192 3214 2430 3253 necesse
2449 3202 2541 3253 est
2562 3196 2865 3268 opiniones
2886 3212 3144 3268 quaerere
3165 3194 3562 3268 singulorum,
3602 3254 3605 3257 _

121 3299 312 3340 mons
355 3280 684 3338 diceretur:
738 3281 839 3337 sed
896 3298 998 3354 per
1045 3281 1550 3353 anticipationem,
1588 3285 1653 3337 ut
1682 3281 1794 3337 fre-
1826 3274 1869 3341 C
1909 3304 2042 3343 cum
2064 3286 2474 3359 etymologiam
2498 3284 2753 3341 nominis
2775 3290 3025 3358 exponat
3045 3284 3172 3356 ipse
3193 3282 3293 3356 qui
3315 3281 3561 3356 posuit?

120 3375 398 3445 quenter
447 3369 723 3439 diximus,
774 3369 933 3426 356
980 3369 1080 3426 illo
1126 3374 1365 3426 vocatur
1412 3370 1649 3426 nomine
1679 3386 1796 3442 quo

116 3464 346 3533 postea
370 3462 748 3531 nuncupatus
777 3463 886 3515 est.

192 3549 409 3621 (Vere.
443 3547 558 3618 41.)
586 3569 614 3598 ‹‹
647 3546 717 3601 Et
746 3548 990 3604 mutasti
1020 3548 1349 3603 mercedem
1381 3563 1573 3603 meam
1596 3548 1796 3604 decem

114 3638 332 3710 agnis.
370 3657 404 3687 ››
454 3635 611 3691 Idem
660 3651 842 3703 error,
889 3637 988 3708 qui
1037 3653 1257 3709 supra:
1309 3651 1593 3692 numerus
1642 3637 1797 3692 enim

115 3744 231 3799 pro
266 3724 455 3799 agnis
485 3723 767 3797 legendus
800 3729 907 3781 est.

192 3818 412 3885 (Vere.
443 3813 559 3884 46.)
595 3834 623 3863 ι(
654 3812 722 3869 Et
758 3812 903 3868 dixit
946 3812 1126 3869 Jacob
1181 3814 1460 3870 fratribus
1492 3815 1639 3883 suis,
1672 3813 1800 3871 Col-

117 3904 412 3977 ligamus
442 3901 691 3974 lapides.
714 3902 784 3957 Et
813 3901 1178 3974 congregatis
1210 3902 1507 3976 lapidibus
1540 3905 1804 3959 facerunt

114 4007 429 4051 acervum
459 3996 517 4047 et
547 3991 926 4047 comederunt
957 4008 1134 4064 super
1173 4009 1330 4049 eum.
1381 3993 1451 4048 Et
1479 3994 1704 4049 vocavit
1734 3993 1804 4048 il-

114 4084 255 4139 lum
297 4081 512 4138 Laban
542 4085 829 4135 Acervum
879 4080 1220 4149 testimonii,
1270 4086 1328 4137 et
1372 4082 1551 4137 Jacob
1580 4081 1807 4137 vocavit

112 4172 313 4228 illum
348 4172 636 4226 Acervum
663 4169 851 4226 testis.
887 4191 914 4219 »
948 4171 1183 4225 Acervus
1207 4170 1446 4226 Hebraea
1474 4169 1676 4242 lingua
1697 4155 1805 4242 (θλ)

113 4278 234 4318 SAL
275 4257 549 4345 dicitur:
602 4274 711 4314 AAD
761 4258 879 4330 (τῇ)
922 4261 1496 4345 νενομειίτηοηίιιηι.
1548 4259 1805 4315 Rursum

193 4423 213 4457 ¹
250 4419 504 4480 Verbum
535 4419 864 4492 Hebraicum
889 4418 1057 4475 Mani.
1092 4420 1243 4476 Editi
1292 4424 1464 4477 antea
1489 4419 1626 4475 libri
1658 4420 1811 4492 lege-

115 4496 279 4551 bant
306 4493 391 4548 rin
424 4490 643 4564 plurali
669 4500 821 4564 nui:
852 4494 1057 4564 monim
1091 4508 1102 4547 :
1147 4492 1249 4547 sed
1294 4509 1402 4549 nos
1448 4490 1809 4564 singularem

110 4562 645 4635 numerumimoni
664 4562 1053 4631 restituimus,
1070 4564 1241 4635 juxta
1257 4564 1433 4620 ﬁdem
1454 4562 1597 4620 mss.
1624 4580 1812 4620 exem-

112 4637 446 4711 plarium.
468 4633 754 4711 ΜρκτιΑΝ.

196 4739 283 4750 --
318 4705 487 4777 Vide
516 4705 575 4761 S.
617 4705 931 4777 Augustin.
964 4710 1170 4777 quaest.
1203 4706 1272 4761 93
1302 4706 1361 4760 in
1394 4706 1599 4761 Gen.M
1618 4723 1689 4762 ox
1719 4723 1808 4762 ve-

113 4789 292 4837 teres
360 4776 625 4849 editores
684 4776 898 4844 M’omm,
971 4776 1037 4832 ut
1093 4778 1152 4832 in
1214 4778 1340 4849 ipso
1389 4783 1477 4833 est
1534 4777 1814 4833 Hebraico

111 4847 505 4923 exemplari.
537 4857 710 4923 Disp.

190 4926 217 4959 ²
249 4918 407 4980 Ι)ὗο
441 4936 587 4991 mss.
622 4919 818 4990 Taraﬁ,
846 4922 1199 4976 constanter.
1230 4919 1374 4976 Vide
1405 4918 1584 4991 Epist.
1623 4919 1682 4974 in
1718 4936 1815 4974 no-

112 5001 258 5052 stra
328 4990 683 5049 recensione
752 4991 822 5045 29
878 4990 948 5046 ad
1016 4991 1351 5059 Marcellam,
1414 4990 1578 5046 num.
1633 4992 1703 5046 30
1762 4995 1820 5047 et

110 5083 508 5204 segcﬁempe
538 5129 838 5204 ἱκανφύσοω
874 5153 988 5203 μοι,
1030 5133 1181 5204 quod
1235 5131 1437 5187 Latine
1470 5132 1817 5200 reddideris,

106 5209 365 5282 sufficit
400 5202 565 5282 mihi,
598 5202 997 5282 veleri/ﬁciens
1036 5202 1179 5282 sum.

1845 4644 1890 4708 D
1922 4642 2007 4696 dit
2039 4640 2174 4695 huic
2206 4638 2552 4708 expositioni

1904 3378 2022 3433 Non
2070 3376 2372 3443 vocabitur,
2456 3374 2671 3446 inquit,
2745 3390 2941 3431 nomen
3014 3383 3174 3429 tuum
3227 3373 3409 3441 Iacob,
3467 3371 3560 3428 sed

1906 3467 2076 3522 Israel
2095 3468 2201 3521 erit
2221 3480 2415 3521 nomen
2439 3467 2615 3519 tuum.
2632 3464 2819 3528 Quare
2838 3465 2865 3518 ‘?
2884 3463 3309 3535 Interpretatur
3327 3460 3559 3534 Aquila,

1907 3550 1990 3609 ὅτι
2038 3553 2205 3629 ἧρξας
2268 3552 2401 3626 μετὰ
2452 3554 2585 3606 Θεοῦ
2629 3552 3035 3626 Symmachus,
3081 3545 3165 3603 ὅτι
3216 3549 3367 3626 ἤρξω
3422 3549 3561 3626 πρὸς

1908 3642 2061 3699 Θεόν.
2097 3642 2480 3715 Septuaginta
2510 3645 2567 3696 et
2602 3641 2943 3707 Theodotio,
2974 3633 3059 3693 ὅτι
3104 3639 3391 3713 svio-xum:
3428 3635 3564 3709 μετὰ

1910 3737 2044 3788 Θεοῦ
2075 3733 2282 3788 SARITH
2314 3730 2517 3802 (NW!)
2548 3731 2568 3763 ⁵
2617 3729 2796 3801 enim,
2849 3730 3006 3801 quod
3057 3728 3130 3784 ab
3177 3726 3353 3784 Israel
3391 3741 3563 3782 voca-

1916 3822 2056 3878 bulo
2087 3821 2403 3889 derivatur,
2436 3820 2744 3890 principem
2768 3822 2954 3874 sonat.
3002 3818 3224 3872 Sensus
3251 3814 3451 3886 itaque
3474 3816 3566 3869 est

1912 3913 2037 3969 Non
2068 3909 2371 3966 vocabitur
2399 3923 2610 3963 nomen
2640 3911 2811 3962 tuum
2861 3905 3261 3977 supplantaior,
3294 3902 3404 3958 hoc
3433 3903 3560 3958 est:

1911 4000 2091 4067 Jacob,
2126 3998 2227 4054 sed
2259 3996 2565 4052 vocabitur
2587 4012 2798 4050 nomen
2820 3999 2990 4050 tuum
3008 3995 3262 4065 princeps
3283 4007 3409 4047 cum
3432 3994 3564 4060 Deo,

1912 4090 2023 4145 hoc
2053 4091 2142 4143 est
2172 4086 2359 4141 Israel.
2393 4084 2694 4149 Quomodo
2742 4082 2900 4138 enim
2933 4082 3201 4154 princeps
3251 4097 3357 4154 ego
3387 4096 3522 4136 sum
3549 4096 3563 4135 :

1915 4178 1999 4233 sic
2030 4180 2087 4232 et
2114 4180 2203 4242 tu,
2234 4172 2335 4245 qui
2369 4187 2601 4227 mecum
2634 4170 2844 4227 luctari
2871 4170 3142 4243 potuisti,
3174 4169 3447 4243 princeps
3475 4184 3573 4225 vo-

1917 4264 2164 4323 caberis.
2207 4262 2267 4318 Si
2299 4264 2493 4316 autem
2526 4275 2760 4315 mecum
2792 4260 2894 4333 qui
2925 4259 3083 4317 Deus
3122 4277 3279 4328 sum,
3312 4259 3434 4315 sive
3463 4274 3572 4315 an-

1915 4428 2012 4496 τήν
2101 4417 2367 4498 Ἐϐραίων
2463 4418 2711 4495 γλῶτταν
2806 4422 2896 4498 “cev
2974 4421 3289 4498 ᾲντιστάντα
3342 4414 3570 4498 ᾲγγὲλιρ

1917 4488 2047 4569 Οέίῳ
2078 4488 2278 4561 ααδοέίν,
2314 4488 2599 4569 angelus,
2622 4498 2698 4569 ut
2753 4510 2811 4550 se
2837 4495 3100 4569 Israelum
3135 4488 3568 4569 vocaretiguod

1920 4563 2188 4626 llebraica
2219 4563 2419 4638 tingui
2448 4567 2727 4694 significat
2754 4565 2955 4636 angelo
2987 4565 3364 4619 reluctantem.
3389 4563 3566 4616 Acce-

1922 4642 2007 4694 dit
2039 4640 2174 4694 huic
2206 4637 2552 4694 exnositioni
2619 4638 2853 4693 ustinus
2876 4635 3079 4694 Dialoe
3099 4651 3234 4690 cum
3256 4631 3566 4694 Tripbone,

2536 4637 2552 4690 i
2580 4631 2853 4707 Justinus
2876 4635 3079 4707 Dialog
3099 4631 3548 4707 cump'AI‘ripbone

1927 4712 2018 4768 cui
2092 4700 2309 4793 Israel;
2346 4708 2580 4793 dicitur,
2652 4703 2931 4793 ἅνθρωπος
2997 4700 3441 4793 ξιῖιιξκννὶδύνξξιν
3506 4720 3537 4755 τ

1924 4784 2051 4857 γὰρ’
2106 4787 2251 4857 Ισραι,
2284 4771 2933 4857 ἃνθρωποέγικῳκὶηὲστι
2970 4774 3035 4857 τᾷ
3094 4774 3151 4857 δξ
3182 4772 3287 4845 ἔλι,
3321 4771 3568 4857 Silvanum.

1972 4844 2089 4910 omo
2136 4844 2355 4908 vincens
2384 4844 2721 4920 'potentiam'.
2775 4850 2887 4905 V0.1:
2931 4850 3081 4904 enim
3125 4848 3250 4904 Isra
3276 4844 3370 4902 est
3397 4844 3574 4920 homo

1927 4927 2188 4988 vincens,
2220 4922 2271 4978 el
2303 4914 2485 4976 autem
2518 4920 2796 4992 potentia.
2820 4920 3133 4975 Deduxerit
3154 4935 3221 4973 ex
3238 4929 3389 4992 iam,
3412 4914 3570 4987 quod

1926 5001 2109 5053 virum
2138 4997 2328 5059 sonat,
2361 4998 2415 5047 et
2447 4990 2559 5051 "111‘:
2589 4992 2744 5065 quod
2778 4996 2868 5047 est
2896 4992 3179 5047 dominari
3206 4994 3307 5045 aut
3336 4990 3571 5054 vincere,

1929 5085 2182 5155 denique
2210 5067 2286 5155 ΒΝ
2313 5085 2545 5155 potestas
2576 5080 2973 5155 s_iye_angelus.

2000 5158 2021 5189 ⁵
2049 5146 2235 5210 sarit]:
2263 5146 2434 5218 enim,
2457 5155 2563 5205 etc.
2599 5150 2777 5206 Hodie
2810 5146 3061 5223 legimus
3102 5160 3236 5208 me
3258 5146 3513 5223 ‘Saritha,

1933 5243 2082 5300 pers.
2118 5225 2271 5296 sing,
2304 5217 2483 5277 masc.
2519 5223 2790 5300 praeteriti
2824 5217 3059 5300 avverbo
3085 5232 3216 5282 mur
3235 5221 3395 5288 Sara,
3420 5217 3578 5290 quod

194 5274 234 5317 δ’
257 5275 557 5336 Invenias
608 5279 805 5331 autem
866 5275 1033 5333 facile
1082 5277 1129 5331 si
1190 5274 1337 5331 sacri
1401 5279 1592 5330 textus
1650 5275 1825 5330 verba

109 5338 325 5415 ’ἐστιθιά
370 5358 468 5418 DY
496 5356 560 5406 ru
593 5357 738 5407 1W3:
770 5363 884 5402 non
917 5348 986 5403 de
1022 5349 1145 5413 Deo,
1170 5353 1235 5401 ut
1264 5346 1670 5418 Hieronymus,
1698 5346 1820 5413 sed,

111 5430 189 5481 ut
212 5416 575 5491 Josephus,
602 5419 674 5474 de
696 5419 891 5491 angelo
910 5418 1224 5491 intelligas,
1248 5416 1747 5489 quemadmodum
1769 5422 1828 5473 et

110 5496 323 5555 Osias
374 5488 673 5562 propheta
703 5489 925 5561 accepit
955 5507 1081 5563 cap.
1103 5488 1201 5557 in,
1226 5488 1337 5543 v17
1362 5505 1374 5544 :
1398 5501 1572 5575 1mm
1589 5501 1664 5549 7R
1690 5498 1825 5549 wn

104 5576 664 5659 pugpgz_contendit
699 5594 825 5633 cum
872 5579 1083 5659 angelo.
1104 5579 1247 5659 ___Sic‘
1277 5581 1473 5659 autem
1525 5576 1700 5659 habet
1727 5579 1826 5659 1Io-

110 5644 313 5716 lsevhi
351 5650 532 5706 locus
562 5648 666 5703 lib.
700 5666 741 5717 I,
779 5666 906 5721 cap.
938 5644 1040 5707 Q0:
1104 5645 1386 5703 Ἐκέλευσε
1416 5649 1555 5718 (80.0
1587 5644 1825 5721 ἃγγελος

110 5673 458 5788 καῖεἷίσθαι
512 5718 670 5778 αὑτὸν
728 5716 1009 5788 Ἰσραηλον
1068 5718 1322 5788 σημαίνει
1380 5718 1437 5774 σὲ
1492 5737 1521 5772 τ
1560 5721 1654 5776 Gtc
1692 5724 1825 5781 κατά

108 5716 458 5789 καλεῖσθαι
512 5718 670 5778 αὑτὸν
728 5716 1009 5801 ἰσράηλον
1068 5718 1322 5795 σημαίνει
1380 5716 1437 5774 σὲ
1492 5716 1829 5781 τᾟτᾶκατὰ

1931 5294 2239 5371 principem
2262 5311 2318 5349 se
2346 5310 2538 5371 gerere
2568 5294 2879 5371 signiﬁcat.
2917 5298 3197 5371 MAn'rIaN.

2006 5402 2071 5409 —
2102 5362 2250 5423 Sunt
2280 5366 2378 5436 qui
2413 5364 2525 5435 legi
2558 5362 2932 5436 supplerique
2961 5363 3143 5419 velint
3172 5363 3244 5418 ad
3264 5362 3435 5436 hunc
3456 5376 3582 5436 mo-_

1936 5444 2073 5497 dum
2106 5458 2119 5495 :
2151 5431 2341 5495 Sarit'h
2374 5431 2542 5503 enim,
2572 5431 2857 5504 vel—Sor;
2885 5455 2918 5491 a
2967 5451 3073 5507 quo
3112 5433 3382 5507 uocabulo
3411 5431 3585 5507 Israel

1935 5515 2233 5576 derivatur,
2278 5502 2587 5580 principem
2626 5502 2821 5562 sonat.
2852 5502 3018 5563 Certe
3065 5506 3224 5562 hisce
3272 5502 3585 5578 postremis

1937 5578 2491 5654 Hieronymi'vcrbis
2540 5579 3013 5654 subaudiendum
3045 5583 3134 5654 est
3178 5594 3233 5654 se
3274 5592 3478 5654 gerere,
3511 5590 3586 5632 ne

1938 5649 2254 5711 secundam
2285 5665 2597 5723 personam
2626 5649 2785 5705 verbi
2818 5661 2951 5723 mu:
2981 5650 3116 5723 quis
3138 5649 3431 5723 existimet
3458 5652 3586 5706 tan-

1942 5742 2118 5803 quam
2144 5720 2579 5784 substaativum
2609 5738 2823 5781 nomen
2853 5720 3021 5782 illum
3052 5720 3368 5795 accepisse.
