3992 6408
441 374 602 443 1089

1675 381 1740 443 S.
1788 379 2102 443 EUSEBII
2148 374 2610 442 HIEHONYMI.

3686 374 3852 439 ωω

433 510 566 568 elus
595 510 847 583 (quonia
866 525 925 566 m
959 507 1427 583 pleriquevarie
1458 512 1961 584 interpretantur),
1991 529 2095 583 pu-
2123 516 2177 580 Α
2209 512 2366 567 Liam
2395 529 2528 568 vero
2554 516 2611 568 et
2640 526 2851 585 pueros
2875 513 3003 584 ejus
3033 510 3388 568 novissimos
3432 511 3475 579 ‘,
3525 511 3582 566 et
3628 508 3845 566 Rachel

453 614 634 677 gnare
663 598 905 671 potuisti
930 615 942 655 :
975 603 1195 671 quanto
1226 600 1416 674 magis
1446 616 1581 656 cum
1601 598 1960 669 hominibus,
1984 601 2094 657 hoc

452 691 543 745 est
571 704 707 744 cum
744 689 919 755 Esau,
966 704 1140 760 quem
1192 689 1505 744 lormidare
1555 706 1671 744 non
1709 688 1914 745 debes!
1947 688 2095 744 Illud

452 780 671 843 autem,
703 777 859 847 quod
882 777 939 831 in
957 775 1105 833 libro
1127 777 1443 834 Nominum
1466 778 1882 850 interpretatur
1906 779 2094 846 Israel,

451 867 540 921 vir
565 865 754 922 videns
779 866 952 922 Deum
981 867 1021 935 ³,
1056 867 1175 923 sive
1210 884 1363 923 mens
1392 867 1579 923 videns
1609 868 1798 937 Deum,
1832 867 2097 922 omnium

454 970 605 1028 pene
633 970 902 1011 sermone
951 956 1252 1024 detritum,
1283 973 1399 1011 non
1428 960 1550 1011 tam
1578 971 1731 1023 vere,
1766 972 1944 1027 quam
1974 956 2099 1011 vio-

454 1042 645 1100 lenter
673 1042 819 1099 mihi
841 1043 1293 1115 interpretatum
1322 1044 1569 1100 videtur.
1600 1044 1704 1098 Hic
1736 1044 1891 1100 enim
1923 1043 2101 1100 Israel

458 1116 693 1205 (SNWW’)
723 1148 828 1205 per
873 1132 980 1189 has
1027 1132 1249 1189 litteras
1305 1132 1601 1199 scribitur,
1657 1149 1774 1200 10D,
1826 1149 1939 1197 sm,
1972 1148 2099 1199 nes,

454 1237 661 1291 uera,
692 1237 901 1290 LAMED,
934 1222 1088 1293 quod
1110 1221 1529 1293 interpretatur
1546 1222 1803 1293 princeps
1819 1222 1934 1289 Dei,
1958 1220 2097 1287 sive,

455 1308 691 1366 directus
727 1311 844 1380 Dei,
906 1309 1016 1365 hoc
1060 1314 1149 1366 est
1177 1307 1463 1369 εὐθύτατος
1496 1313 1651 1365 Θεοῦ.
1702 1311 1793 1365 Vir
1835 1326 1970 1365 vero
2018 1312 2099 1365 vi-

455 1399 586 1454 dens
612 1399 782 1455 Deum
810 1398 904 1453 his
933 1398 1144 1455 litteris
1174 1397 1472 1468 scribitur,
1512 1416 1714 1466 ALEPH,
1746 1415 1863 1467 10D,
1894 1416 2008 1467 sm,
2040 1402 2104 1454 ut

453 1489 543 1542 vir
566 1503 634 1542 ex
660 1487 850 1543 tribus
888 1487 1102 1543 litteris
1131 1488 1445 1557 scribatur,
1474 1492 1532 1543 et
1561 1488 1789 1543 dicatur
1820 1501 1873 1543 IS
1897 1487 2061 1557 (eos)
2086 1505 2099 1542 z

456 1576 644 1632 videns
674 1580 869 1632 autem
908 1593 977 1632 ex
1004 1575 1215 1645 tribus,
1248 1593 1376 1644 nes,
1404 1592 1605 1644 ALEPH,
1651 1592 1744 1644 HE,
1792 1579 1848 1631 et
1877 1576 2106 1631 dicatur

460 1683 571 1720 ΒΑΛ
596 1664 780 1736 (nm).
815 1663 989 1719 Porro
1017 1681 1086 1719 BL
1116 1649 1238 1736 (Lm)
1286 1681 1354 1719 ex
1402 1665 1632 1719 duabus
1681 1681 1881 1730 scere,
1924 1669 1980 1719 et
2010 1682 2105 1720 LA-

462 1769 619 1808 MED:
663 1758 721 1808 et
765 1752 1184 1824 interpretatur
1225 1753 1385 1820 Deus,
1436 1752 1555 1807 sive
1599 1753 1780 1823 fortis.
1831 1752 2107 1817 Quamvis

460 1841 641 1914 igitur
679 1841 920 1913 grandis
968 1840 1332 1897 auctoritatis
1380 1840 1498 1896 sint
1544 1842 1588 1908 ³,
1649 1845 1705 1896 et
1761 1841 2105 1911 eloquentiae

461 1931 729 2003 ipsorum
759 1928 972 1985 umbra
992 1944 1098 1984 nos
1124 1929 1437 2001 opprimat,
1461 1928 1563 2000 qui
1586 1927 1761 1984 Israel
1780 1931 1959 1984 virum
1988 1929 2107 1985 sive

461 2027 699 2074 mentem
727 2016 999 2073 videntem
1045 2018 1217 2073 Deum
1244 2016 1672 2073 transtulerunt
1700 2034 1712 2073 :
1782 2034 1888 2072 nos
1920 2016 2107 2088 magis

463 2107 797 2179 Scriptura),
846 2110 903 2161 et
951 2104 1165 2177 angeli,
1213 2105 1301 2161 vel
1349 2106 1472 2171 Dei,
1524 2106 1624 2177 qui
1679 2107 1875 2177 ipsum
1931 2104 2109 2160 Israel

459 2195 707 2263 vocavit,
739 2193 1083 2250 auctoritate
1112 2193 1406 2263 ducimur,
1440 2210 1617 2265 quam
1649 2193 1963 2265 cujuslibet
1990 2192 2110 2250 elo-

462 2284 712 2357 quentia
746 2281 1060 2340 saecularis.
1108 2280 1258 2338 Illud
1307 2298 1539 2354 quoque
1588 2283 1741 2355 quod
1788 2288 1990 2355 postea
2020 2298 2107 2338 se-

462 2374 697 2448 quitur:

531 2462 718 2536 (Vers.
752 2461 822 2516 29
850 2463 908 2516 et
935 2459 1050 2531 30.)
1084 2481 1113 2511 «
1141 2461 1212 2516 Et
1251 2459 1547 2517 benedixit
1596 2475 1732 2515 eum
1785 2459 1887 2526 ibi,
1921 2464 1979 2515 et
2008 2476 2111 2516 vo-

461 2552 613 2609 cavit
648 2550 829 2607 Jacob
868 2549 1023 2606 858
1073 2564 1289 2605 nomen
1333 2548 1445 2605 loci
1493 2548 1673 2616 illius,
1726 2548 1927 2605 Facies
1974 2549 2108 2604 Dei:

461 2641 582 2698 vidi
613 2639 770 2695 enim
800 2639 985 2695 Deum
1018 2638 1164 2693 faeie
1202 2639 1271 2693 ad
1303 2637 1529 2705 faciem,
1560 2643 1617 2693 et
1646 2637 1805 2694 salva
1847 2638 1998 2693 facta
2026 2640 2115 2693 est

467 2728 668 2788 anima
697 2742 861 2783 mea:
897 2726 957 2780 in
988 2725 1224 2782 Hebraeo
1264 2726 1480 2781 dicitur
1528 2742 1793 2781 PHANUEL
1819 2727 1841 2760 ³
1872 2711 2111 2796 (Smne).

468 2821 536 2874 ut
562 2815 820 2873 sciamus
850 2814 1045 2887 ipsum
1077 2829 1206 2871 esse
1235 2812 1431 2869 locum
1473 2814 1573 2886 qui
1618 2815 1678 2869 in
1709 2814 1930 2870 caeteris
1959 2814 2114 2870 Scri-

464 2910 649 2980 pturze
680 2907 895 2961 sanctae
926 2902 1350 2971 voluminibus,
1377 2901 1460 2958 ita
1508 2906 1573 2957 ut
1602 2904 1660 2959 in
1700 2903 1941 2959 Hebraeo
1974 2903 2115 2960 scri-

465 2999 633 3068 ptum
665 2996 773 3061 est,
809 2991 1066 3049 Phanuel
1095 2990 1310 3064 legitur
1348 2991 1407 3046 in
1438 2991 1650 3047 Graeco.

543 3084 703 3158 (Cap.
734 3081 981 3138 XXXIII.
1012 3112 1083 3124 —
1112 3081 1275 3137 Vers.
1309 3081 1332 3137 i
1372 3085 1429 3137 et
1460 3081 1539 3153 2.)
1589 3104 1617 3130 «
1650 3082 1718 3136 Et
1749 3081 1947 3137 divisit
1976 3098 2116 3155 pue-

2205 605 2263 656 et
2289 601 2505 676 Joseph
2534 601 2909 669 novissimos,
2939 605 2996 655 et
3033 601 3156 672 ipse
3200 598 3469 656 transivit
3499 604 3633 655 ante
3662 616 3782 656 eos.
3816 620 3847 649 κ

2205 689 2352 756 Non,
2388 694 2451 744 ut
2481 690 2740 762 plerique
2771 690 3081 756 aestimant,
3123 694 3241 745 tres
3288 693 3516 744 turmas
3560 689 3714 759 fecit,
3747 688 3849 745 sed

2207 778 2373 833 duas.
2426 778 2683 850 Denique
2741 778 2840 833 ubi
2897 797 3005 833 nos
3058 779 3345 834 habemus
3401 778 3609 844 divisit,
3643 775 3853 849 Aquila

2208 866 2407 938 posuit
2460 867 2749 937 ήμίσευσεν
2784 868 2826 935 ⁵,
2866 867 2924 921 id
2968 872 3058 923 est
3113 866 3487 921 dimidiavit:
3547 871 3613 921 ut
3667 881 3849 920 unum

2208 971 2462 1011 cuneum
2492 956 2707 1010 faceret
2734 954 3082 1011 ancillarum
3122 972 3257 1010 cum
3306 954 3588 1027 parvullis
3620 954 3765 1018 suis,
3794 959 3853 1010 et

2210 1043 2391 1099 alium
2419 1044 2528 1098 Liaz
2559 1049 2616 1099 et
2647 1043 2882 1109 Rachel,
2917 1061 3043 1116 qum
3074 1043 3268 1099 liberte
3317 1048 3503 1112 erant,
3548 1059 3684 1100 cum
3715 1042 3851 1098 ﬁliis

2209 1148 2450 1187 earum:
2484 1132 2823 1203 primasque
2864 1132 2944 1187 ire
2992 1132 3202 1187 faceret
3251 1131 3515 1197 ancillas,
3566 1132 3853 1187 secundas

2211 1221 2460 1276 liberas:
2496 1221 2622 1292 ipse
2652 1224 2844 1276 autem
2893 1224 3027 1275 ante
3075 1226 3393 1293 utrumque
3441 1236 3701 1293 gregem,
3733 1220 3853 1275 fra-

2208 1314 2357 1365 trem
2390 1310 2741 1365 adoraturus
2770 1314 3116 1365 occurreret.

2282 1398 2466 1467 (Vers.
2501 1398 2613 1469 i7.)
2645 1421 2671 1447 ‹‹
2724 1399 2793 1453 Et
2846 1398 3151 1453 zediﬁcavit
3206 1398 3284 1452 ibi
3343 1399 3446 1469 [ΑΙ.
3501 1398 3636 1470 sibi]
3665 1399 3841 1455 Jacob

2214 1487 2474 1554 domum,
2507 1490 2564 1541 et
2593 1487 2900 1558 pecoribus
2933 1486 3056 1543 suis
3090 1486 3395 1542 aediﬁcavit
3438 1486 3851 1544 tabernacula:

2213 1575 2341 1631 ideo
2373 1576 2595 1631 vocavit
2624 1592 2835 1631 nomen
2867 1575 2979 1630 loci
3021 1575 3180 1630 illius
3231 1575 3653 1631 Tabernacula.
3685 1599 3713 1627 »
3750 1576 3855 1631 Ubi

2215 1681 2321 1719 nos
2354 1664 2709 1719 tabernacula
2738 1664 3045 1732 habemus,
3080 1664 3138 1717 in
3172 1663 3409 1719 Hebraﬁ
3458 1664 3670 1737 legitur
3700 1665 3857 1737 (me)

2216 1769 2493 1808 socno'rn.
2528 1756 2623 1807 Est
2654 1758 2851 1808 autem
2885 1769 3073 1825 usque
3104 1753 3277 1808 hodie
3309 1753 3515 1809 civitas
3543 1758 3705 1809 trans
3736 1754 3861 1809 Jor-

2218 1841 2427 1895 danem
2458 1841 2566 1895 hoc
2595 1839 2876 1895 vocabulo
2908 1840 2965 1895 in
3001 1845 3161 1913 parte
3190 1836 3616 1913 SeythopOleos,
3640 1842 3714 1897 de
3744 1858 3860 1913 qua

2215 1930 2274 1985 in
2307 1930 2454 1984 libro
2485 1931 2745 1985 Locorum
2775 1928 3120 2000 scripsimus
3149 1932 3189 1984 θ.

2288 2018 2473 2089 (Vers.
2520 2019 2633 2088 48.)
2683 2042 2709 2067 ‹‹
2768 2022 2836 2072 Et
2884 2018 3043 2074 venit
3086 2019 3265 2074 Jacob
3320 2018 3509 2074 Salem
3570 2018 3860 2075 civitatem

2215 2106 2444 2162 Sichem
2475 2109 2535 2162 in
2566 2112 2778 2162 terram
2829 2106 3122 2173 Chanaan,
3172 2123 3304 2161 cum
3346 2106 3600 2164 venisset
3647 2111 3715 2163 de
3742 2108 3861 2165 Me-

2218 2195 2543 2267 SOpotamia
2572 2195 2768 2267 Syriae.
2806 2217 2832 2243 ››
2882 2195 3053 2250 Error
3101 2195 3381 2262 oboritur,
3433 2196 3721 2267 quomodo
3753 2197 3860 2252 Sa-

2219 2283 2354 2351 lem,
2406 2283 2639 2339 Sichem
2703 2284 2905 2339 civitas
2964 2283 3306 2356 appelletur,
3356 2301 3489 2339 cum
3536 2284 3859 2342 Jerusalem

2218 2373 2278 2427 in
2336 2389 2454 2444 qua
2511 2372 2768 2444 regnavit
2823 2372 3267 2439 Melchisedech,
3339 2372 3531 2428 Salem
3605 2377 3738 2430 ante
3786 2374 3865 2431 sit

2219 2461 2392 2517 dicta.
2436 2466 2554 2516 Aut
2584 2462 2762 2533 igitur
2791 2466 3037 2533 utraque
3077 2463 3219 2517 urbs
3246 2461 3421 2518 unius
3451 2462 3708 2518 nominis
3739 2467 3864 2520 est:

2221 2551 2375 2622 quod
2407 2551 2581 2606 etiam
2614 2552 2633 2584 7
2664 2551 2734 2605 de
2782 2549 3054 2622 pluribus
3101 2551 3316 2607 Judzeze
3363 2550 3506 2607 locis
3548 2567 3867 2623 possumus

2222 2639 2477 2694 invenire
2502 2658 2514 2695 :
2543 2643 2609 2693 ut
2638 2640 2792 2694 idem
2816 2638 2979 2695 urbis
3025 2644 3081 2695 et
3126 2639 3237 2695 loci
3280 2655 3492 2695 nomen
3544 2639 3605 2695 in
3636 2640 3753 2696 alia
3782 2644 3865 2697 at-

2223 2744 2336 2799 que
2365 2727 2478 2784 alia
2510 2728 2668 2783 tribu
2724 2727 2837 2796 sit;
2900 2730 3003 2783 aut
3058 2732 3211 2783 certe
3267 2729 3443 2784 istam
3495 2728 3705 2798 Salem,
3738 2747 3865 2801 qua:

2224 2834 2380 2873 nunc
2413 2834 2513 2887 pro
2554 2816 2784 2872 Sichem
2839 2816 3196 2884 nominatur,
3250 2817 3500 2873 dicimus
3553 2817 3649 2872 hic
3686 2817 3867 2874 inter-

2224 2904 2438 2978 pretari
2484 2910 2923 2961 consummatum
2989 2910 3165 2976 atque
3207 2908 3553 2977 perfectum:
3601 2910 3659 2962 et
3703 2906 3866 2962 illam

2226 3010 2352 3066 qum
2384 2998 2587 3065 postea
2643 2992 2964 3049 Jerusalem
3024 2993 3178 3049 dicta
3229 2998 3337 3061 est,
3398 2996 3682 3065 paciﬁcum
3710 2994 3866 3051 359

2226 3086 2424 3139 nostro
2473 3099 2740 3138 sermone
2794 3083 3114 3138 transferri.
3176 3086 3503 3154 Utrumque
3557 3083 3736 3150 enim,
3771 3099 3864 3140 ac-

470 3191 565 3232 ros
595 3189 773 3246 super
821 3171 986 3228 Liam
1035 3175 1092 3227 et
1148 3186 1328 3243 super
1378 3169 1615 3238 Rachel,
1647 3174 1704 3225 et
1746 3187 1923 3243 super
1970 3172 2119 3226 duas
2227 3176 2397 3227 centu
2429 3171 2738 3244 paululum
2770 3171 3059 3226 declinato
3118 3170 3652 3238 3,hocvocabulum
3674 3175 3865 3228 sonat.

472 3262 741 3331 ancillas,
771 3265 829 3317 et
857 3261 1056 3334 posuit
1085 3259 1329 3317 ancillas
1359 3264 1416 3315 et
1446 3260 1599 3315 ﬁlios
1631 3276 1833 3316 earum
1855 3260 2113 3331 primos:
2147 3253 2189 3318 C
2229 3260 2494 3315 Tradunt
2523 3258 2766 3326 Hebraei,
2809 3259 2963 3331 quod
3019 3258 3403 3315 claudicantis
3455 3259 3645 3315 femur
3687 3259 3866 3316 Jacob

544 3370 561 3403 ¹
594 3370 687 3425 Vir
712 3383 837 3423 vero
884 3366 1074 3423 videns
1128 3371 1326 3435 Deum,
1379 3370 1486 3421 etc.
1520 3366 1671 3421 Editi
1730 3365 1864 3421 libri
1919 3365 2113 3423 locum

474 3440 633 3509 istud
655 3438 823 3495 aliter
851 3438 1221 3509 exprimunt;
1256 3437 1459 3509 legunt
1504 3438 1661 3494 enim
1712 3437 1770 3491 in
1804 3437 1957 3492 hunc
1989 3455 2113 3493 mo-

474 3502 659 3566 dum:
698 3509 791 3565 Vir
825 3502 949 3565 vero
993 3509 1182 3565 videns
1209 3502 1399 3564 'Deum
1451 3508 1535 3563 his
1583 3509 1782 3563 litteris
1829 3510 2110 3577 scribitur,

472 3592 533 3638 ut
561 3583 649 3638 vir
674 3588 743 3637 ex
772 3581 946 3636 tribus
976 3581 1174 3653 litteris
1209 3581 1505 3653 scribatur,
1556 3579 1736 3653 aleph,
1768 3581 1879 3653 iod,
1904 3583 2021 3653 sin,
2056 3589 2116 3635 ut

469 3655 691 3710 dicatur
717 3662 837 3712 tam
860 3655 907 3707 is
926 3670 948 3706 :
976 3652 1192 3716 videns,
1208 3656 1316 3706 etc.
1351 3650 1512 3709 Unus
1560 3650 1657 3705 est
1680 3652 1859 3706 codex
1888 3651 2115 3706 Colber-

469 3726 653 3792 tinus,
694 3724 796 3796 qui
852 3724 1125 3796 eumdem
1184 3722 1447 3796 ordinem
1497 3722 1807 3796 verborum
1866 3723 2110 3789 retinet;

468 3797 659 3854 caeteri
688 3792 911 3862 omnes,
933 3794 1117 3866 Regii,
1140 3792 1474 3866 Colbertini,
1505 3798 1562 3866 et
1577 3792 1947 3849 Corbcienses
1979 3811 2112 3849 cum

468 3867 740 3942 plurimis
758 3865 1136 3942 aliislegunt
1167 3869 1231 3920 ut
1261 3881 1367 3942 nos
1388 3865 1700 3942 edidimus.
1730 3869 2002 3942 Murram

542 3972 611 3980 —
641 3938 831 3995 Verba
875 3936 1185 3994 sive'mens
1221 3937 1419 3991 videns
1464 3936 1653 4003 Deum,
1704 3952 1830 4007 quae
1879 3937 2111 3992 Martia-

469 4029 632 4067 nzeus
662 4009 881 4078 omisit,
915 4026 983 4065 ex
1013 4026 1157 4065 mss.
1202 4014 1539 4064 nostrorum
1588 4023 1899 4076 consensu,
1934 4013 1991 4064 et
2012 4008 2111 4062 Vi-

468 4082 633 4138 ctorii
664 4081 938 4146 editione,
987 4080 1348 4135 suﬂ‘ecimus.
1389 4079 1619 4134 Videsis
1666 4095 1835 4151 porro
1885 4096 2012 4151 qua:
2039 4081 2110 4135 ad

470 4169 601 4208 eam
629 4168 827 4208 vocem
859 4152 1026 4207 Israel
1056 4151 1114 4205 in
1163 4151 1312 4205 libro
1360 4150 1675 4206 Nominum
1709 4150 2110 4206 observamus.

541 4224 564 4257 ³
594 4227 673 4278 Ex
700 4222 794 4278 his
821 4239 945 4277 nerr
959 4238 1029 4293 pe
1051 4222 1289 4276 fuerunt
1315 4221 1501 4288 Philo,
1536 4221 1636 4277 lib.
1669 4221 1733 4276 de
1763 4224 2030 4277 Precmiis
2057 4228 2114 4277 et

474 4295 669 4364 Famis,
702 4292 1353 4365 Eusebius,‘Pr_:eparat.
1387 4294 1593 4365 an-ny.
1618 4311 1696 4361 x1,
1718 4294 1754 4346 6
1772 4292 2111 4365 _;WOlympio-

470 4362 672 4432 dorus,
704 4365 762 4419 in
796 4380 923 4436 cap.
959 4382 972 4419 ι
1006 4362 1401 4436 Ecclesiaste};
1434 4364 1736 4436 Didymus,
1772 4362 1960 4436 libfde
1988 4362 2112 4434 Spi~

467 4440 585 4493 ritu
603 4439 807 4503 sancto,
842 4434 1015 4507 atque
1044 4434 1142 4489 alii
1172 4434 1414 4505 passim,
1444 4434 1599 4508 quod
1633 4434 1704 4489 ad
1728 4451 1862 4489 cum
1890 4435 2111 4508 Didymi

468 4508 664 4566 locum
698 4524 859 4564 num.
892 4506 960 4561 4⁷4
989 4521 1407 4561 memoramus.
1442 4506 1521 4560 Eo
1564 4522 1795 4576 quoque
1826 4506 2111 4576 referendi

468 4585 610 4637 sunt
639 4580 797 4652 bene,
835 4577 1028 4647 multi,
1067 4577 1306 4652 quibus
1364 4576 1540 4632 Israel
1587 4575 1806 4632 dicitur
1857 4575 2110 4652 ὀρᾳτικός

466 4652 603 4726 amp
632 4648 758 4726 xal_
781 4646 1122 4726 Osuipn'cixog‘
1170 4648 1302 4726 Una
1337 4664 1473 4704 vera
1515 4653 1625 4713 est,
1646 4665 1844 4726 _quam
1878 4646 2114 4706 Hieron.

466 4720 585 4781 fere
612 4722 844 4794 praefert
868 4720 1171 4793 expositio,
1199 4722 1462 4794 Princeps
1479 4736 1615 4794 cum
1637 4722 1760 4775 Dco.

539 4791 650 4850 ³Ιῇ
709 4791 1188 4849 Hebraeo—dicitur
1247 4791 1510 4848 Phanuel.
1591 4792 1652 4845 In
1722 4791 1961 4847 Hebraeo
2013 4792 2116 4847 ho-

468 4885 670 4940 dierno
701 4899 816 4937 non
846 4866 1020 4943 531:5
1049 4880 1297 4936 Phanuel
1329 4896 1462 4935 eum
1512 4896 1619 4934 vau
1664 4879 1723 4934 in
1770 4880 1981 4946 medio,
2014 4882 2115 4936 sed

468 4966 643 5019 7mm
693 4954 932 5009 Phaniel
990 4953 1076 5008 vel
1136 4952 1333 5023 Paniel
1389 4968 1523 5006 eum
1579 4951 1671 5006 iod
1719 4952 2003 5023 scriptum
2035 4950 2115 5008 le-

464 5029 684 5101 gimus.
720 5024 1134 5101 Faeilispgrro
1166 5028 1254 5101 est
1283 5022 1612 5101 litterarum
1641 5040 1747 5101 van
1778 5022 1954 5101 etioti
1985 5040 2113 5094 per-

466 5093 733 5166 mutatio,
763 5096 903 5168 quia
932 5093 1208 5168 differunt
1255 5093 1949 5168 sola_r_nagnitudine_vel
1984 5111 2113 5165 par-

466 5170 661 5236 vitate,
683 5165 837 5240 quod
860 5168 1076 5240 saepius
1100 5167 1369 5240 observat
1389 5165 2110 5240 Hieronymussltlaa'rim.

540 5271 607 5282 -—
636 5236 741 5294 Hic
773 5236 1010 5311 quidem
1043 5238 1104 5292 in
1154 5236 1455 5293 Hebraicis
1505 5236 1937 5308 exemplaribus
1978 5252 2109 5292 cum

463 5327 552 5382 iod
582 5313 1103 5396 scribiturﬁszus,
1137 5326 1238 5380 sed
1279 5325 1336 5379 in
1393 5325 1775 5396 subsequenti
1824 5325 2111 5381 versiculo

464 5415 596 5454 cum
642 5408 664 5458 ’ί
714 5414 841 5467 uau,
873 5384 1100 5461 ⁸76τὶδῖ
1134 5397 1201 5451 Et
1258 5397 1280 5452 Ι
1337 5384 1762 5469 Paralipornen.
1844 5413 1968 5469 vm,
2017 5398 2108 5464 24,

464 5470 868 5540 ἾΝἾΞΞοεΙιὶνεΙε,
903 5486 1030 5540 quae
1063 5468 1558 5525 Massoretharum
1591 5473 1679 5523 est
1694 5468 1764 5523 ad
1785 5468 2108 5540 marginem

467 5524 632 5608 seu:
644 5524 844 5602 Sane.

534 5613 555 5645 ἰ
584 5616 805 5667 Erasm.
839 5626 924 5665 ac.
956 5609 1245 5665 Victorius
1266 5610 1546 5675 secundos,
1572 5610 2108 5666 contradicentibus

462 5699 604 5738 mss.
641 5683 886 5753 ipsoque
928 5680 1202 5753 Hebraico
1230 5686 1408 5735 textu.

530 5787 597 5797 —
626 5751 831 5809 Pueros
889 5753 1006 5822 ejus
1061 5752 1404 5806 novissimos.
1468 5752 1573 5807 Pro
1618 5754 1944 5808 novissimos
1980 5751 2104 5808 edi-

452 5825 642 5887 tiones
691 5828 915 5885 veteres
969 5826 1297 5898 posuerunt
1347 5822 1657 5884 secundos;
1710 5823 2103 5900 manuscripti

2224 3370 2416 3423 autem
2450 3367 2678 3423 codices
2707 3365 2926 3421 habent
2955 3367 3267 3421 novissimos
3297 3383 3316 3427 ,ο
3347 3382 3450 3421 nec
3471 3365 3760 3421 immerito
3784 3367 3867 3421 ita

2222 3438 2447 3509 legunt,
2507 3454 2640 3493 cum
2698 3437 2759 3491 in
2820 3437 2946 3509 ipso
3001 3438 3281 3492 Hebraico
3320 3441 3589 3493 contextu
3620 3436 3724 3491 ﬁlii
3754 3438 3865 3493 Liaa

2223 3508 2397 3581 pesiti
2430 3510 2548 3564 sint
2578 3508 3175 3581 Dumrziahharonim,
3204 3509 3416 3581 idest,
3448 3509 3767 3581 posteriores
3798 3524 3864 3564 ac

2223 3578 2527 3648 novissimi,
2572 3580 3069 3652 quemadmodum
3108 3586 3174 3652 et
3223 3578 3323 3633 ﬁlii
3372 3578 3639 3652 Rachelis
3670 3584 3863 3651 poste-

2224 3653 2404 3707 riores
2438 3650 2669 3723 quoque
2702 3654 2966 3723 feruntur
2995 3650 3190 3722 positi.
3223 3652 3357 3715 Quae
3398 3650 3567 3706 lectio
3600 3650 3866 3723 ﬁrmatur

2224 3724 2474 3778 maxime
2506 3722 2956 3793 Hieronymiana
2987 3722 3377 3794 adnotatione,
3428 3739 3545 3794 qua
3573 3722 3776 3778 statuit
3804 3726 3859 3778 S.

2228 3799 2452 3860 Doctor,
2496 3811 2611 3849 non
2662 3792 2781 3849 tres
2823 3810 3038 3849 cuneos
3087 3792 3291 3848 fecisse
3336 3792 3537 3863 Jacbb,
3584 3794 3683 3848 sed
3715 3794 3863 3849 duos

2224 3870 2491 3933 tantum;
2545 3881 2755 3936 nempe
2812 3882 2995 3920 unum
3046 3881 3296 3919 cuneum
3342 3864 3863 3936 ancillarumgcum

2222 3936 2479 4008 parvulis
2510 3937 2656 4000 suis,
2677 3934 2733 4008 et
2754 3936 2934 3991 alium
2958 3936 3066 3990 Lize
3086 3941 3155 4008 et
3186 3935 3478 4002 Rachelis,
3510 3953 3637 4008 qua:
3667 3934 3864 3992 liberae

2221 4007 2405 4076 erant,
2439 4024 2572 4063 cum
2614 4007 2751 4062 ﬁliis
2791 4024 3012 4062 earum.
3048 4007 3330 4063 MARTIAN.

2291 4088 2634 4143 “Hactenus
2681 4086 2819 4142 editi
2878 4087 3139 4157 ήμὶσυσεν
3203 4103 3305 4158 pro
3364 4086 3652 4158 ήμὶσευσεν
3716 4088 3875 4159 quod

2223 4160 2535 4231 praeferunt
2566 4176 2709 4215 mss.

2291 4240 2312 4274 ⁶
2345 4239 2767 4295 Recensuimus
2799 4255 2978 4310 supra
3005 4238 3264 4295 column.
3297 4238 3423 4293 966.

2292 4320 2311 4353 ⁷
2344 4318 2506 4374 Unus
2538 4318 2769 4389 Regina:
2800 4334 2944 4374 mss.
2976 4318 3081 4373 Aut
3121 4320 3307 4391 itaque
3338 4320 3501 4374 unius
3532 4318 3686 4374 urbis
3720 4323 3878 4375 utra-

2222 4407 2323 4462 que
2351 4391 2593 4444 nominis
2621 4391 3079 4461 estintcrpretatio
3124 4390 3267 4461 quod
3294 4393 3484 4457 etiam,
3515 4395 3625 4445 etc.
3811 4400 3815 4406 '

2291 4473 2311 4504 ⁸
2342 4473 2573 4525 Accentu
2618 4472 2883 4541 populum
2930 4469 3228 4533 declinato,
3278 4473 3386 4525 etc.
3440 4473 3730 4526 Accentus
3777 4469 3879 4525 ille

2222 4541 2431 4614 littera:
2460 4555 2514 4599 Ψ
2547 4541 2858 4614 ρξιιιὶωιπη
2883 4542 3236 4614 declinatus,
3268 4545 3501 4614 notatur
3530 4541 3702 4597 hodie
3730 4558 3880 4614 pun-

2148 4622 2194 4686 1)
2229 4613 2384 4668 ctulo
2415 4612 2701 4686 superiori
2732 4613 2932 4667 dextro
2961 4613 3046 4686 vel
3081 4612 3413 4686 sinistroad
3447 4613 3603 4668 hunc
3633 4612 3880 4669 modum

2228 4698 2303 4753 1v,
2332 4697 2407 4757 ve.
2428 4686 2507 4757 ln
2532 4683 2731 4757 lexicis
2761 4689 2959 4739 tamen
2990 4684 3288 4757 Hebraicis
3318 4684 3683 4757 salemicum
3729 4700 3881 4757 pun-

2230 4756 2386 4811 ctulo
2422 4756 2479 4809 in
2513 4756 2747 4810 dextera
2795 4761 2958 4826 parte
2996 4756 3196 4827 litlerm
3247 4769 3301 4814 ιτ]
3347 4755 3636 4827 signiﬁcat
3661 4755 3881 4810 et‘con-

2229 4830 2565 4882 summatum
2595 4832 2651 4881 et
2695 4828 3004 4898 paciﬁcum.
3066 4826 3227 4882 Unde
3278 4826 3461 4898 liquet
3511 4832 3735 4898 veteres
3766 4827 3880 4898 He-

2226 4900 2411 4953 braeos
2441 4897 2707 4953 nonnihil
2739 4898 3069 4969 discrepare
3096 4903 3155 4952 et
3192 4897 3507 4953 dissentire
3537 4899 3606 4953 ab
3639 4897 3878 4953 hodier-

2227 4970 2339 5025 nis.
2372 4970 2579 5025 Confer
2608 4970 2720 5024 ista
2751 4986 2883 5023 cum
2931 4968 3130 5024 nostra
3177 4968 3459 5041 Apologia
3512 4969 3875 5041 Hieronymi,

2224 5047 2280 5167 ﬁ
2310 5058 2443 5096 cum
2476 5058 2613 5096 voce
2645 5041 2810 5096 Sabce
2841 5046 3009 5096 antea
3041 5041 3232 5112 posita
3263 5040 3386 5111 capi
3419 5057 3594 5106 xxvii,
3627 5056 3782 5096 vers.
3807 5040 3876 5095 33

2284 5129 2513 5167 ARTIAN.

2284 5129 2513 5168 ARTIAN.

2294 5215 2363 5224 —
2391 5184 2535 5238 Vide
2565 5199 2691 5254 quae
2723 5198 2902 5253 supra
2931 5183 3000 5236 de
3048 5184 3160 5237 Issa
3204 5183 3276 5237 ad
3324 5182 3465 5238 Gen.
3517 5198 3566 5237 c.
3618 5199 3683 5247 ιι,
3717 5198 3772 5237 v.
3805 5181 3877 5237 23

2223 5259 2281 5309 et
2310 5256 2380 5310 de
2412 5254 2580 5310 Sabee
2608 5254 2667 5309 in
2699 5271 2824 5324 cap.
2859 5271 3005 5315 xxiv,
3051 5271 3102 5308 v.
3155 5255 3243 5319 33,
3294 5254 3393 5309 ubi
3441 5254 3641 5309 eadem
3674 5269 3876 5308 recur-

2222 5326 2301 5381 rit
2328 5326 2661 5390 difﬁcultas,
2696 5326 2972 5380 diximus.
3006 5324 3122 5379 Hoc
3163 5326 3417 5396 profecto
3447 5324 3628 5396 liquet
3654 5329 3717 5379 et
3737 5324 3877 5379 Hie-

2222 5414 2488 5478 ronymo,
2522 5397 2861 5478 litteram}?
2894 5413 2995 5466 pro
3035 5396 3263 5478 diversa
3304 5396 3746 5478 signiﬁcatione
3772 5411 3876 5450 vo-

2221 5467 2414 5523 cabuli
2442 5470 2503 5523 in
2536 5485 2648 5540 quo
2679 5472 2822 5529 erat.
2857 5473 3095 5540 accentu
3127 5467 3264 5522 olim
3300 5467 3480 5524 fuisse
3498 5467 3873 5540 distinctam.

2221 5539 2589 5595 Recentiores
2648 5539 3014 5611 grammatici
3067 5556 3192 5594 eam
3248 5544 3445 5611 notam
3492 5539 3552 5593 in
3582 5543 3878 5610 punctum

2218 5609 2846 5691 commutarint,'quod
2870 5609 3289 5691 alterutriejus
3341 5609 3561 5691 'litterze
3587 5609 3885 5691 cornuum

2214 5666 2892 5753 imponuntztamétsiin
2925 5666 3243 5753 propositio
3293 5666 3431 5741 D513
3488 5681 3756 5753 nomine,
3775 5679 3870 5737 vel

2214 5752 2487 5828 integrum
2516 5758 2704 5828 sonet,
2733 5752 2821 5809 vel
2850 5754 3158 5828 paciﬁcum,
3207 5757 3491 5828 punctum
3533 5752 3595 5812 in
3626 5753 3875 5813 dextero

2213 5824 2396 5887 cornu
2426 5825 2602 5886 hodie
2629 5824 2905 5903 pingunt.
