3992 6396
177 385 339 474 tua

180 632 315 690 dem
346 634 644 692 civitatem
674 639 866 692 curati
884 641 1060 710 atque
1076 639 1311 709 perfecti
1328 635 1679 693 vocabulum
1701 650 1837 692 con-

184 727 447 781 secutam
458 767 470 780 .

257 814 418 885 (Cap.
468 814 704 870 XXXIV.
753 846 822 855 ——
865 815 1029 871 Vers.
1082 816 1196 887 20.)
1248 818 1314 871 Et
1360 816 1519 870 venit
1558 816 1734 870 Emor
1782 818 1840 870 et

182 900 421 957 Siohem
452 902 611 959 filius
641 904 768 975 ejus
799 905 870 959 ad
903 907 1133 977 portam
1166 906 1416 961 civitatis
1464 922 1604 970 suae,
1655 909 1712 959 et
1750 903 1837 958 lo-

198 990 320 1046 cuti
363 996 504 1047 sunt
552 992 624 1047 ad
654 993 809 1048 viros
844 993 1099 1049 civitatis
1126 994 1406 1059 dicentes,
1429 994 1536 1049 viri
1558 993 1657 1048 isti
1680 994 1836 1065 paci-

185 1078 283 1134 fici
331 1080 503 1135 nobis
553 1081 663 1151 [Αἱ.
707 1082 1041 1152 nobiscum]
1091 1086 1249 1138 sunt.
1286 1105 1314 1131 ››
1371 1082 1478 1137 Ubi
1529 1099 1687 1137 nunc
1734 1081 1835 1136 Se-

164 1169 494 1239 ptuaginta
514 1168 857 1241 interpretes
877 1171 1135 1241 paciﬁcos
1155 1171 1599 1237 transtulerunt,
1626 1169 1837 1241 Aquila

184 1254 605 1329 interpretatus
673 1262 763 1314 est
832 1258 1289 1333 ἀπηρτισμένους,
1361 1260 1420 1314 id
1468 1264 1559 1315 est
1583 1274 1833 1315 consum-

185 1348 358 1421 matos
385 1350 564 1418 atque
594 1350 879 1418 perfectos,
909 1365 1011 1420 pro
1040 1364 1155 1421 quo
1210 1350 1269 1403 in
1326 1350 1567 1405 Hebraeo
1624 1348 1838 1420 legitur

183 1419 450 1503 (ambs)
481 1452 758 1492 SALAMIM.
792 1438 870 1492 Ex
908 1419 1023 1509 quo
1054 1419 1430 1509 perspicuum
1480 1440 1590 1506 est,
1632 1419 1834 1492 verum

187 1536 317 1578 esse
346 1522 495 1579 illud
528 1524 685 1596 quod
717 1542 897 1598 supra
926 1526 997 1582 de
1028 1526 1221 1583 Salem
1254 1527 1533 1583 diximus.

259 1611 449 1683 (Vers.
482 1612 599 1682 25.)
631 1636 658 1663 ‹‹
695 1615 761 1669 Et
792 1615 1133 1687 introgressi
1163 1620 1306 1671 sunt
1352 1616 1645 1672 civitatem
1695 1615 1833 1671 dili-

186 1703 410 1770 genter,
444 1704 502 1755 et
531 1699 947 1758 interfecerunt
978 1720 1149 1759 omne
1180 1704 1533 1760 masculum.
1567 1724 1593 1757 ιο
1630 1705 1737 1759 Pro
1768 1722 1833 1760 eo

184 1789 342 1859 quod
376 1788 437 1843 in
468 1789 682 1846 Graecis
712 1789 926 1863 legitur
957 1789 1239 1869 ἀσφαλῶς,
1272 1793 1329 1848 id
1381 1798 1472 1849 est
1498 1793 1834 1863 diligenter:

1236 404 1468 477 LIBER
1511 408 1749 475 HEBR.
1794 407 2102 483 QUEST.
2146 406 2228 474 IN
2272 406 2549 477 GENES.

180 539 269 601 ibi
309 540 671 604 canvaluerit
717 549 776 604 et
818 548 1091 605 sanatum
1153 545 1262 604 sit:
1312 552 1620 620 propterea
1675 562 1833 601 eam-
1863 546 1919 611 Α

3437 398 3597 479 £042

2021 546 2209 619 (Vers.
2242 547 2264 603 t
2276 546 2353 619 6,)
2376 570 2405 597 «
2439 548 2508 604 Et
2529 547 2750 604 factum
2774 551 2866 605 est
2909 547 3053 606 dum
3097 532 3598 623 appropinquaret

1949 635 2280 693 Chabratha
2310 635 2371 692 in
2401 640 2558 692 terra
2586 636 2887 705 Chanaan,
2919 641 2985 693 ut
3019 638 3245 695 veniret
3270 637 3593 709 Ephratha,

1948 725 2173 797 peperit
2202 724 2436 781 Rachel.
2470 744 2498 778 ι
2529 725 2787 782 Verbum
2816 726 3189 783 Hebraicum'
3225 727 3423 798 (τι-νει»)
3462 743 3596 782 caa-

1949 814 2262 881 samaaﬁn
2306 814 2823 886 consequentibus,
2861 815 2962 871 ubi
3005 815 3183 872 Jacob
3230 814 3492 886 loquitur
3520 815 3594 871 ad

1944 902 2163 975 Joseph
2185 904 2241 958 ἰε
2274 903 2384 972 Ego
2414 907 2602 959 autem
2630 919 2756 959 cum
2795 905 3042 959 venirem
3097 903 3161 959 de
3205 903 3595 975 Mesopotamia

1947 990 2145 1063 Syriae,
2180 996 2403 1048 mortua
2430 996 2506 1048 est
2561 995 2738 1049 mater
2766 997 2862 1048 tua
2917 994 3116 1049 Rachel
3142 994 3206 1048 in
3257 996 3408 1048 terra
3457 990 3592 1048 Cha-

1945 1098 2116 1149 naan,
2146 1083 2209 1136 in
2236 1082 2327 1136 via
2352 1080 2730 1153 Hippodromi,
2758 1086 2822 1137 ut
2844 1083 3086 1138 venirem
3112 1081 3394 1154 Ephratha
3433 1080 3587 1153 (Gen.

1951 1170 2183 1240 vam);
2254 1170 2451 1226 nescio
2527 1170 2669 1242 quid
2734 1169 2996 1227 volentes
3086 1170 3590 1243 Hipprodromum‘

1945 1260 2326 1331 Septuaginta
2366 1259 2718 1330 Interpretes
2768 1258 3235 1316 transtulerunt:
3292 1262 3350 1315 et
3387 1259 3588 1315 statim

1946 1346 2047 1413 ibi,
2081 1347 2181 1402 ubi
2214 1348 2271 1402 in
2302 1347 2540 1403 Hebraeo
2571 1347 2821 1404 dicitur:
2853 1350 2920 1404 Et
2982 1348 3314 1421 sepelierunt
3367 1363 3492 1403 eam
3528 1348 3590 1403 in

1943 1439 2035 1492 via
2064 1438 2346 1508 Ephratha
2402 1442 2515 1493 haec
2565 1444 2641 1492 est
2694 1437 3003 1493 Bethlehem
3060 1437 3212 1509 (Gen.
3273 1452 3443 1503 xxxv,
3476 1435 3591 1505 19),

1944 1542 2181 1581 rursum
2204 1526 2588 1598 Septuaginta
2617 1542 2722 1598 pro
2768 1526 3048 1598 Ephratha
3076 1529 3402 1599 posuerunt
3455 1525 3591 1598 Hip-

1936 1615 2260 1687 podromum
2284 1632 2305 1677 ;
2337 1630 2470 1670 cum
2502 1615 2727 1686 utique,
2760 1614 2811 1669 si
2844 1630 3178 1670 cessamus
3198 1614 3597 1685 Hippodromus

1942 1708 2049 1771 est,
2080 1704 2376 1776 Ephratha
2408 1704 2816 1776 IIippodromus
2845 1719 2976 1759 esse
3005 1720 3123 1759 non
3156 1703 3361 1775 possit.
3386 1702 3597 1775 Aquila

1941 1796 2135 1848 autem
2170 1792 2280 1849 hoc
2310 1793 2393 1848 ita
2447 1790 2793 1848 transtulit:
2853 1793 2917 1846 Et
2944 1793 3157 1862 factum
3210 1799 3291 1847 est
3318 1789 3433 1844 καθ’
3467 1786 3592 1844 ὁδὸν

182 1874 246 1980 ip
274 1875 516 1932 Hebraeo
565 1878 850 1951 scriptum
896 1885 1004 1950 est,
1057 1898 1195 1937 es'rs
1243 1882 1443 1954 (mnu),
1494 1882 1552 1938 id
1603 1886 1693 1938 est
1729 1900 1830 1938 au-

1953 1884 2041 1947 εῆς
2088 1885 2210 1949 τῆς,
2253 1881 2341 1944 ,id
2401 1884 2511 1947 est,
2566 1881 2627 1934 in
2680 1881 2878 1936 itinere
2945 1884 3133 1948 terrae,
3213 1881 3480 1937 introieris
3533 1895 3596 1935 in

182 1963 372 2021 dacter
391 1968 450 2021 et
467 1966 819 2037 conﬁdenter.

255 2053 414 2126 (Cap.
447 2054 654 2110 XXXV.
702 2087 771 2096 -—
818 2057 983 2113 Vers.
1027 2059 1107 2130 6.)
1159 2081 1187 2109 ‹‹
1240 2060 1307 2114 Et
1353 2059 1508 2114 venit
1550 2059 1728 2116 Jacob
1770 2060 1830 2114 in

186 2142 403 2199 Luzam
433 2142 494 2198 in
524 2148 740 2202 terram
773 2145 1071 2217 Chanaan,
1106 2164 1237 2219 quae
1263 2151 1352 2204 est
1377 2147 1594 2204 Bethel.
1630 2170 1659 2197 »
1689 2149 1833 2204 Ecce

185 2231 671 2288 manifestissime
718 2236 1153 2307 comprobatur.
1204 2235 1402 2292 Bethel
1452 2253 1566 2291 non
1635 2236 1830 2292 Ulam-

185 2321 415 2389 maus‘,
451 2324 516 2376 ut
558 2338 737 2394 supra
786 2324 1010 2380 dictum
1058 2329 1171 2393 est,
1220 2325 1322 2381 sed
1371 2328 1599 2397 Lunam,
1650 2325 1707 2381 id
1740 2330 1830 2381 est

184 2409 539 2481 amygdalon,
572 2415 707 2467 ante
736 2412 1067 2469 vocitatam.

257 2498 445 2568 (Vers.
476 2499 554 2571 8.)
588 2522 617 2550 ‹‹
644 2501 717 2557 Et
765 2506 997 2557 mortua
1042 2505 1132 2558 est
1176 2502 1440 2559 Debbora
1481 2503 1677 2559 nutrix
1720 2504 1827 2559 Re-

183 2585 393 2655 beccae,
427 2591 485 2642 et
513 2589 745 2659 sepulta
792 2593 882 2645 est
921 2591 1093 2661 juxta
1136 2591 1394 2648 Bethel’.
1428 2614 1457 2642 »
1489 2592 1546 2649 Si
1601 2597 1831 2649 mortua

174 2672 270 2731 est
310 2675 510 2730 nutrix
553 2676 823 2733 Rebeccae
874 2679 1115 2735 nomine
1155 2680 1441 2748 Debbora,
1494 2684 1557 2736 ut
1585 2684 1826 2753 Septua-

1939 1969 2242 2041 Eplzratha.
2275 1970 2383 2025 Sed
2418 1968 2629 2025 melius
2658 1973 2749 2025 est
2789 1969 2838 2024 si
2867 1968 3281 2036 transferatur,
3311 1971 3373 2024 in
3426 1969 3593 2024 eiecto

1941 2066 2106 2115 terrae
2161 2062 2397 2129 tempore
2414 2058 2456 2125 ⁸,
2517 2073 2645 2113 cum
2713 2058 2973 2113 introiret
3050 2058 3354 2130 Ephratha.
3410 2060 3591 2111 Porro

1940 2162 2182 2202 vernum
2212 2150 2446 2219 tempus
2477 2145 2792 2218 significat,
2842 2162 2978 2201 cum
3028 2145 3088 2201 in
3138 2146 3339 2202 ﬂorem
3378 2147 3592 2201 cuncta

1940 2239 2317 2308 rumpuntur,
2350 2238 2407 2291 et
2435 2234 2575 2290 anni
2607 2242 2835 2307 tempus
2879 2233 3128 2290 electum
3177 2238 3301 2290 est:
3340 2233 3431 2290 vel
3452 2247 3587 2289 cum

1938 2327 2309 2381 transeuntes
2341 2341 2443 2396 per
2469 2322 2626 2379 viam
2653 2326 2925 2395 carpunt,
2957 2326 3014 2379 et
3043 2320 3269 2395 eligunt
3314 2338 3346 2377 e
3378 2321 3587 2378 vicinis

1940 2413 2098 2486 agris
2128 2413 2521 2485 quodcunque
2550 2413 2624 2467 ad
2655 2428 2868 2467 manus
2896 2417 3140 2479 venerit,
3165 2409 3412 2467 diversis
3436 2409 3589 2466 ﬂori-

1939 2502 2050 2557 bus
2080 2501 2329 2558 invitati.
2361 2499 2663 2573 Ephratha
2689 2516 2823 2556 vero
2845 2503 2902 2556 et
2929 2499 3273 2556 Bethlehem
3299 2497 3481 2555 unius
3496 2514 3591 2554 ur-

1938 2588 2030 2646 bis
2057 2590 2407 2647 vocabulum
2438 2592 2547 2657 est,
2596 2589 2707 2645 sub
2755 2588 3240 2661 interpretatione
3269 2586 3585 2643 consimili.

1939 2679 2242 2751 Siquidem
2276 2680 2335 2734 in
2365 2679 2700 2750 frugiferam
2752 2682 2809 2734 et
2837 2677 2897 2733 in
2958 2677 3183 2734 domum
3241 2677 3391 2733 861
3424 2677 3589 2748 panis

176 2763 351 2836 ginta
406 2778 641 2836 quoque
689 2766 785 2822 hic
833 2768 1182 2839 Interpretes
1255 2768 1711 2837 transtulerunt,
1770 2775 1830 2826 et
1936 2768 2218 2823 vertitur:
2253 2772 2491 2840 propter
2518 2784 2653 2823 eum
2686 2781 2900 2839 panem
2933 2764 3032 2837 qui
3064 2765 3136 2821 de
3166 2763 3312 2822 coelo
3347 2765 3588 2822 descen-

172 2850 375 2923 ipsum
422 2853 667 2909 verbum
714 2859 799 2910 est
848 2855 1195 2911 Hebraicum
1244 2866 1438 2944 mpm
1487 2874 1824 2928 MENECE’I‘H;

174 2939 331 2997 scire
378 2956 494 2996 non
537 2957 857 3013 possumus
904 2960 1086 3015 quare
1135 2944 1215 2999 ibi
1263 2939 1668 3002 substantiam3
1722 2965 1829 3019 po-

174 3032 445 3101 suerunt,
481 3028 575 3086 hic
600 3034 892 3088 natricem.

250 3119 440 3187 (Vers.
478 3123 589 3193 10.)
622 3143 650 3171 ‹‹
695 3122 766 3176 Et
813 3122 959 3176 dixit
1006 3122 1056 3177 ei
1109 3124 1279 3190 Deus,
1331 3124 1464 3179 Jam
1512 3141 1629 3179 non
1659 3141 1824 3180 voca-

1940 2857 2098 2913 disse
2130 2873 2192 2913 se
2218 2857 2360 2912 dicit
2388 2857 2562 2929 (.Ioan.
2588 2874 2666 2927 v1,
2684 2857 2796 2929 51).

2007 2946 2195 3018 (Vers.
2222 2946 2336 3018 48.)
2370 2968 2399 2996 ‹‹
2429 2947 2499 3001 Et
2528 2946 2747 3001 factum
2795 2949 2886 3001 est
2922 2961 3059 3000 cum
3092 2943 3410 3000 dimitteret
3454 2958 3585 2999 eam

1936 3035 2154 3103 anima,
2188 3034 2483 3106 siquidem
2506 3033 2921 3090 moriebatur":
2947 3032 3171 3089 vocavit
3194 3047 3405 3088 nomen
3428 3031 3580 3100 ejus,

1935 3123 2119 3178 Filius
2143 3123 2362 3179 doloris
2392 3123 2506 3179 mei
2534 3140 2547 3179 :
2581 3126 2746 3194 pater
2773 3137 2907 3177 vero
2934 3121 3063 3191 ejus
3090 3121 3315 3176 vocavit
3363 3135 3578 3174 nomen

173 3207 340 3263 bitur
389 3210 546 3267 860
594 3226 807 3267 nomen
855 3215 1026 3266 tuum
1073 3211 1274 3279 Jacob,
1322 3213 1422 3267 sed
1484 3213 1659 3268 Israel
1715 3214 1826 3268 erit
1865 3276 1895 3283 _
1935 3213 2064 3282 ejus
2093 3212 2419 3283 Benjamin.
2455 3234 2484 3260 ››
2513 3216 2576 3265 In
2610 3211 2846 3267 Hebraeo
2865 3209 3188 3266 similitudo
3214 3207 3472 3264 nominis
3494 3224 3579 3263 re-

175 3294 395 3353 nomen
420 3302 628 3354 tunm:
666 3303 723 3354 et
747 3300 970 3353 vocavit
1000 3316 1211 3355 nomen
1242 3300 1371 3371 ejus
1402 3300 1600 3357 Israel.
1632 3322 1660 3352 »
1706 3302 1821 3358 Du-
1854 3276 1897 3344 C
1937 3305 2145 3368 sonat;
2178 3300 2329 3370 ﬁlius
2375 3300 2531 3356 enim
2579 3299 2784 3356 doloris
2831 3300 2958 3367 mei,
3005 3298 3160 3370 quod
3204 3312 3418 3352 nomen
3449 3312 3575 3352 mo-

173 3379 327 3441 dum
353 3403 725 3459 nequaquam
780 3387 831 3443 ei
865 3388 938 3443 ab
980 3388 1187 3461 angelo
1238 3405 1451 3445 nomen
1483 3390 1827 3462 imponitur,

175 3474 285 3531 sed
344 3476 500 3547 quod
559 3476 981 3547 imponendum
1035 3495 1069 3533 a
1143 3483 1256 3533 Deo
1313 3478 1410 3545 sit,
1471 3479 1826 3551 praedicitur,

175 3563 344 3630 Quod
374 3563 554 3635 igitur
583 3564 665 3619 ibi
696 3565 962 3621 futurum
1012 3566 1394 3637 promittitur,
1447 3566 1543 3623 hic
1588 3569 1832 3627 docetur

174 3650 499 3725 expletum.

1938 3388 2096 3444 riens
2128 3393 2314 3443 mater
2343 3388 2646 3461 imposuit,
2678 3386 2894 3443 dicitur
2940 3403 3149 3443 BENONI
3196 3386 3338 3457 (ms
3369 3386 3457 3476 ῃ)
3488 3386 3576 3440 Η-

1937 3477 2046 3532 lius
2099 3493 2233 3534 vero
2289 3477 2521 3542 dextrm,
2580 3476 2690 3532 hoc
2744 3481 2834 3533 est
2886 3478 3129 3546 virtutis,
3189 3474 3343 3547 quod
3380 3474 3581 3530 'Jacob

1942 3566 2212 3634 mutavit,
2259 3564 2587 3638 appellatur
2638 3582 2952 3621 BENIAMIM.
3000 3564 3205 3621 Unde8
3254 3566 3454 3620 errant
3483 3560 3584 3634 qui

1940 3657 2149 3726 putant
2178 3672 2468 3710 BENJAMIM
2516 3654 2756 3745 (Visun)
2806 3656 2990 3725 ﬁlium
3037 3653 3255 3709 dierum
3295 3651 3586 3723 interpre-

252 3796 431 3849 4Duo
464 3794 696 3880 Reginae
728 3812 870 3851 mss.
925 3795 1354 3853 Ulammaulam.
1415 3798 1560 3854 Vide
1610 3815 1735 3870 quae
1774 3803 1832 3855 et
1937 3797 2137 3880 Neque
2167 3796 2334 3880 aliter
2360 3796 2788 3880 Hippodromum
2832 3811 3038 3880 rursus
3080 3790 3586 3880 interpretaripof

181 3882 296 3921 nos
310 3882 393 3938 su
403 3883 508 3938 pra
528 3867 899 3922 adnotamus.

235 3938 279 3991 ,³
308 3936 472 4011 Unus
502 3938 733 4009 Reginae
766 3956 909 3994 mss.
941 3939 1151 4010 sepulta
1179 3943 1257 3994 est
1302 3942 1555 4011 superius
1608 3941 1830 4004 Bethel;

178 4007 351 4078 alter,
381 4009 571 4063 subtus
596 4007 807 4064 Bethel.

257 4080 280 4113 ³
310 4082 431 4135 Hac
453 4080 686 4155 scilicet
716 4097 836 4135 una
861 4080 933 4134 de
970 4096 1149 4135 causa
1191 4081 1365 4155 quod
1395 4081 1672 4155 ibi,__sive
1703 4099 1831 4155 cap.

179 4166 339 4221 xnv,
370 4152 540 4239 ν.
565 4163 777 4238 rumpi:
829 4168 931 4223 pro
962 4162 1197 4239 mpm,
1268 4152 1444 4208 unius
1502 4152 1836 4237 litterulas—(3

182 4238 664 4311 transpositione,
696 4239 980 4311 (legerint.
1034 4238 1139 4294 Illa
1196 4244 1389 4296 autem
1433 4258 1541 4296 vox
1583 4243 1835 4296 substan-

183 4312 317 4380 tias,
350 4310 471 4366 sive
501 4311 641 4367 bona
689 4310 1145 4384 interpretatur:
1198 4311 1315 4367 haec
1372 4328 1506 4368 vero
1555 4318 1837 4369 nutricem

184 4385 437 4526 Βοῖιῖἕίιο
469 4470 612 4509 mss.
643 4455 926 4526 adJoseph
957 4454 1140 4509 dicens
1161 4473 1179 4508 :
1210 4456 1318 4525 Ego
1334 4462 1548 4519 ‘autem,
1580 4459 1694 4513 etc.

234 4525 281 4611 ⁸
307 4523 436 4611 an
466 4528 664 4611 tamen
690 4523 1127 4611 {lippodromum‘
1141 4523 1523 4611 tantumhsed
1557 4543 1709 4611 cum‘
1739 4527 1839 4611 ad-

186 4595 315 4651 dito
346 4595 656 4652 Chabratha
690 4595 779 4651 LX

1940 3862 2203 3944 tuissent
2219 3886 2233 3923 :
2268 3885 2397 3944 quae
2428 3862 2804 3944 etymologia,
2829 3870 3133 3944 utcunque
3174 3862 3531 3944 extundatur
3555 3877 3588 3918 e

1941 3933 2553 4008 Chabrathafminime
2580 3933 2719 3994 vero
2743 3933 3385 4009 Ephrathdconveniat.
3402 3933 3588 4009 __Pro_-

1943 4012 2066 4084 prie
2096 4003 2528 4084 njnz'stadium
2570 4012 2752 4084 notat,
2784 4003 3051 4084 hocque
3074 4022 3205 4084 uno
3246 4003 3477 4084 abludit
3512 4004 3586 4060 ab

1943 4075 2299 4154 Hippodrqmi
2340 4075 2784 4154 signiﬁcatione,
2831 4075 2988 4150 quod
3036 4077 3096 4133 in
3145 4076 3250 4134 illo
3290 4075 3588 4154 imagina-

1946 4151 2099 4209 rium
2134 4151 2314 4208 fuisse
2344 4151 2558 4207 dicitur
2603 4152 2868 4221 equitum
2908 4154 3205 4206 certamen
3248 4152 3307 4205 et
3345 4163 3589 4204 concur-

1945 4241 2048 4281 sus
2079 4224 2138 4279 in
2171 4224 2278 4278 hoc
2310 4222 2455 4279 citra
2502 4238 2709 4294 pugnae
2760 4221 3143 4278 simulacrum
3197 4221 3269 4294 de
3303 4236 3590 4294 equorum

1988 4295 2291 4351 ernicitate
2312 4289 2647 4350 certaretur.
2675 4294 2822 4349 Hinc
2839 4289 3418 4366 quemadmodum‘et
3432 4289 3589 4362 apud

1988 4314 2291 4351 ermouane
2312 4314 2647 4350 certaretur.
2675 4314 2822 4349 tunc
2839 4314 3338 4366 quemaumouum
3360 4314 3418 4348 BI.
3432 4314 3585 4362 apuu

1946 4314 2185 4443 Eatinos
2217 4367 2496 4443 stadium,
2528 4383 2632 4438 pro
2666 4369 2827 4422 certa
2852 4366 3110 4443 quadam
3157 4362 3385 4443 itineris
3416 4378 3585 4443 men-

1949 4455 2089 4494 sura
2126 4438 2195 4510 in
2237 4432 2577 4510 universum
2625 4432 2985 4510 usurpat—ur,
3017 4436 3100 4492 ita
3145 4439 3203 4490 et
3251 4432 3520 4510 nonnulli
3561 4447 3592 4486 e

1950 4509 2234 4565 Rabbinis
2266 4509 2537 4581 componi
2564 4524 2692 4564 eam
2724 4507 2922 4564 vdcem
2955 4508 3166 4581 docent
3190 4522 3257 4560 ex
3289 4507 3430 4581 ;,_et
3473 4513 3592 4562 mn

880 4577 1528 4653 {aegiaiéiiahi‘i'i'rﬁa
1561 4577 1719 4651 ’ἱᾶἔά
1741 4577 1839 4651 ἓξν
1873 4646 1909 4653 _
1951 4581 2104 4653 quod
2137 4584 2227 4653 est
2252 4577 2573 4653 Ρνβηῗίἱαῖη,
2604 4585 2672 4653 ut
2699 4584 2930 4653 tantum
2962 4577 3187 4633 itineris
3216 4578 3590 4653 ηοιοῌιμαη·

184 4644 862 4742 ῇξτὲῥξξξελδςςῑαξέξδά
883 4644 1316 4742 ;'.:gjt;§;:1;.;s
1332 4644 1830 4742 "regnasse;

1953 4644 2073 4707 tum
2106 4652 2179 4707 ab
2209 4644 2375 4706 initio
2402 4651 2515 4706 diei
2546 4644 2618 4706 ad
2668 4650 2982 4723 prandium
3034 4663 3222 4720 usque
3261 4644 3587 4742 conficitur.

181 4736 770 4827 braeig’WNﬂ-h'ii:
802 4750 919 4803 την.
969 4736 1177 4811 Utique
1207 4736 1585 4811 subsequens
1630 4740 1840 4812 Epitra-

184 4825 299 4899 tua;
316 4825 583 4899 absolute
610 4828 863 4899 reddunt
892 4828 1322 4899 Hippodromum
1346 4846 1359 4895 ;
1394 4828 1662 4884 videlicet
1692 4827 1743 4881 ἐν
1772 4835 1839 4897 τῆ

187 4892 307 4967 ὁδῷ
330 4898 433 4973 ςτοῦ
465 4896 856 4973 Ἱπποδρόμοῳ,
883 4892 1009 4973 pro-
1022 4892 1531 4973 in_1{t(_l_Ephratha.
1557 4900 1739 4971 Igitur
1770 4892 1841 4968 si,

190 4968 754 5042 quedmadmodum
787 4968 1028 5042 abifpsis
1073 4969 1212 5042 LXX
1258 4968 1544 5041 scriptum
1588 4968 1699 5038 est,
1734 4972 1842 5027 ho-

187 5039 419 5123 dierna.
454 5039 649 5123 Graeca
678 5039 1038 5123 exemplaria
1081 5040 1353 5108 retinent,
1378 5039 1599 5123 ipsum
1631 5060 1841 5123 nomen

192 5110 520 5184 Chabrallga
554 5110 952 5184 servaverunt.
994 5112 1209 5167 Verum
1260 5129 1376 5167 non
1423 5110 1505 5167 ita
1550 5115 1704 5184 apud
1746 5132 1845 5177 eos

188 5181 413 5256 legisse
429 5181 566 5256 oljm
580 5183 815 5256 videtur
832 5183 1092 5252 Hieron.,
1118 5187 1293 5254 atque
1310 5200 1415 5255 ego
1442 5181 1680 5254 quidem
1704 5192 1844 5256 puto

190 5246 344 5336 ille
382 5246 637 5336 Καϐραθὰ
664 5256 960 5310 intrusnm
992 5246 1293 5336 postea-ex
1338 5246 1842 5336 @aﬁginalilnota.

190 5324 263 5380 Et
290 5339 427 5381 vero
458 5324 512 5380 si
538 5342 810 5397 amoveas
842 5324 1019 5397 quam
1044 5330 1210 5397 urget
1240 5328 1298 5381 S.
1338 5324 1548 5381 Doctor
1592 5327 1845 5384 difﬁcul-

186 5398 407 5469 tatem,
447 5396 646 5469 statim
705 5396 1027 5469 intelliges:
1062 5396 1226 5469 facile
1283 5396 1480 5460 etiam,
1533 5402 1605 5469 ut
1637 5400 1844 5465 sentio,

191 5464 476 5541 explices.
514 5468 816 5541 Putatpro
846 5464 1129 5541 Ephratha
1158 5468 1372 5524 lectum
1404 5485 1439 5522 a
1472 5468 1611 5523 LXX
1633 5469 1743 5527 hoc
1772 5464 1850 5527 al-

187 5537 505 5613 terodoco
570 5537 904 5613 Chatratha',
934 5540 1004 5613 _id
1052 5544 1272 5613 θείη-Ψ.
1326 5556 1434 5613 pro
1482 5552 1668 5613 man,
1722 5559 1846 5613 quae

189 5607 443 5665 nomine
473 5613 532 5664 et
560 5610 1100 5684 facilepermisceri
1125 5607 1679 5684 oeulis-fallentibus
1710 5607 1848 5684 p'os-

152 5734 158 5741 ,
189 5684 448 5764 sunthet
468 5681 862 5764 verosimilius
890 5682 1073 5764 videri
1107 5697 1341 5764 quoque
1363 5681 1570 5764 potuit,
1600 5681 1847 5764 alterum

188 5752 482 5826 s_ubst_itui
512 5752 723 5813 debere
752 5771 856 5826 pro
886 5754 1090 5822 altero,
1128 5752 1213 5826 rut
1251 5752 1308 5808 in
1355 5753 1556 5826 eadem
1595 5754 1848 5812 Chabra-

185 5822 333 5893 tbae,
366 5822 428 5885 in
462 5839 577 5895 qua
607 5822 849 5895 obierat,
880 5826 972 5883 via
1004 5824 1219 5883 Rachel
1252 5824 1480 5897 sepulta
1520 5830 1873 5897 putaretur.h

2022 4742 2044 4774 ⁸
2092 4739 2164 4795 Ut
2211 4738 2363 4794 hanc
2410 4738 2972 4809 interpretationem,
3023 4753 3151 4808 qua;
3201 4735 3273 4790 ab
3311 4731 3594 4809 hodierno

1952 4811 2235 4867 Hebraico
2280 4802 2593 4884 archetypo
2651 4810 2829 4884 distat
2877 4802 3141 4884 immane
3179 4808 3490 4884 quantum,
3531 4802 3591 4857 S.

1954 4887 2164 4958 Doctor
2195 4877 2506 4958 praeferret,
2520 4877 2783 4958 'non_h_ic
2813 4880 3009 4958 modo,
3042 4879 3157 4958 sed
3177 4877 3238 4932 in
3269 4893 3378 4958 sua
3417 4877 3594 4958 etiam

1956 4954 2163 5010 Latina
2195 4945 2588 5007 'versione’ex
2630 4950 2915 5007 Hebraica
2958 4945 3219 5015 veritate,
3269 4946 3328 5001 in
3360 4962 3477 5018 qua
3505 4945 3596 5018 bis

1954 5041 2117 5100 verno
2164 5029 2440 5100 tempore,
2479 5022 2655 5100 semel
2697 5023 2859 5100 electo
2904 5026 3064 5077 terrae
3122 5015 3412 5100 temporef.
3438 5015 3595 5087 quod

1955 5098 2110 5152 idem
2141 5100 2250 5162 est,
2275 5090 2478 5166 vertit:
2515 5090 3203 5166 nullarpotiorsuccurrit
3226 5090 3393 5166 ratio,
3417 5103 3595 5166 quam

1956 5168 2005 5224 si
2036 5158 2340 5223 existimen
2400 5165 2614 5220 lectum
2645 5158 2725 5220 ab
2776 5163 2875 5220 illo
2904 5163 2964 5219 in
3023 5179 3130 5218 suo
3159 5158 3475 5231 exemplari
3515 5168 3600 5231 ny

1955 5238 2262 5305 mamheth
2292 5236 2607 5307 chephrath,
2656 5251 2758 5307 pro
2807 5247 2965 5295 τηε)
2995 5243 3150 5307 1w,__
3175 5231 3279 5287 had
3315 5229 3598 5295 cliebrath,

1957 5328 2083 5385 qua:
2114 5302 2281 5385 voces
2314 5302 2441 5385 soni
2475 5324 2619 5379 pene
2646 5302 2823 5385 unius
2845 5310 3094 5385 sunt,.et
3115 5302 3441 5385 litterarum
3472 5317 3600 5385 quas

1957 5376 2109 5437 inter
2138 5396 2199 5435 se
2233 5376 2508 5435 facillime
2532 5382 2969 5434 cammutantur
3008 5376 3066 5431 in
3118 5376 3598 5447 pronuntiando:

1958 5462 2017 5512 ’ππ
2050 5453 2109 5507 in
2140 5464 2203 5517 Π,
2236 5456 2292 5505 et
2322 5464 2359 5510 ι
2388 5449 2446 5504 in
2478 5463 2538 5512 ε.
2572 5451 2672 5504 Est
2720 5454 2916 5504 autem
2947 5459 3031 5512 ny
3076 5454 3308 5518 tempus,
3340 5450 3398 5500 et
3423 5454 3603 5518 ωε».

1959 5540 2075 5604 pr0_
2092 5514 2213 5578 vere
2245 5521 2363 5576 sive
2394 5522 2560 5577 electo
2602 5524 2764 5577 terra:
2806 5528 3045 5591 tempore
3093 5514 3395 5590 utcunque
3432 5514 3606 5571 liceat

1959 5609 2239 5666 accupere.

2030 5677 2049 5707 ⁷
2082 5670 2377 5728 Vetustior
2408 5671 2633 5742 Regina:
2665 5687 2777 5726 ms.
2810 5672 2871 5726 Et
2900 5673 3110 5743 factum
3137 5673 3221 5725 est
3263 5684 3391 5724 cum
3417 5666 3608 5722 dimit-

1958 5751 2099 5802 teret
2128 5746 2379 5800 animam
2406 5743 2680 5814 siquidem
2709 5747 2821 5799 etc.

2030 5827 2267 5896 8.Atque
2301 5822 2422 5880 hmo
2450 5811 2648 5879 tamen
2679 5822 3080 5896 interpretatio
3100 5811 3606 5878 conﬁrmarivide-
