3992 6390
420 416 427 423 ι
458 375 618 449 ιοιθ

1678 382 1766 444 'S.
1813 379 2126 445 EUSEBII
2168 378 2635 444 HlEﬁONYMl.

3698 371 3866 441 10H

457 514 593 573 tari.
626 514 775 572 Cum
803 510 958 570 enim
990 513 1214 570 dextera
1243 512 1567 587 appelletur
1618 530 1785 570 manu
1821 514 1991 586 (τηεν)
2022 518 2098 583 et,
2129 513 2186 581 Α
2215 513 2525 587 diligenter
2554 512 3075 570 Deuteronomium
3106 512 3189 585 (ιι,
3217 509 3331 583 21),
3354 507 3457 568 ubi
3486 509 3866 571 manifestius

460 603 701 661 ﬁniatur
727 606 787 658 in
817 621 851 657 n
882 602 1160 671 litteram,
1190 603 1307 659 dies
1338 604 1580 674 quidem
1629 603 2003 675 appellantur
2049 608 2105 658 et

460 692 588 767 ipse
617 692 1027 763 IAM1M(D7D7),
1061 692 1161 746 sed
1194 691 1255 747 in
1283 709 1341 746 *η
1385 690 1641 747 litteram
1689 692 2101 747 terminantur.

533 782 719 853 (Vers.
749 782 839 836 21.
872 781 889 852 )
922 803 950 830 ‹‹
983 782 1050 835 Et
1079 780 1376 852 profectus
1404 785 1493 836 est
1520 780 1698 835 Israel
1724 798 1736 836 :
1762 784 1817 836 et
1846 780 2106 836 extendit

424 922 427 925 .
461 868 908 927 tabernaculum
940 885 1116 925 suum
1144 874 1310 925 trans
1340 870 1551 925 turrim
1580 870 1751 925 Ader.
1776 892 1805 920 ››
1830 870 1993 924 Hunc
2024 868 2104 925 lo-

461 975 599 1015 cum
628 957 851 1014 Hebraei
881 974 1008 1014 esse
1037 957 1257 1026 volunt,
1290 958 1389 1013 ubi
1421 962 1623 1030 postea
1649 958 1934 1030 templum
1966 958 2103 1013 tedi-

460 1048 704 1104 ﬁcatum
734 1052 857 1104 est:
894 1053 950 1103 et
979 1052 1179 1102 turrim
1206 1048 1367 1115 Ader,
1416 1049 1624 1103 turrim
1668 1051 1849 1119 gregis
1880 1046 2103 1119 signiﬁ-

428 1155 595 1195 care
660 1137 769 1193 hoc
833 1142 922 1193 est
987 1139 1416 1210 congregationis
1475 1142 1530 1192 et
1594 1140 1798 1192 eteius:
1851 1138 2005 1208 quod
2047 1140 2105 1191 et

462 1227 738 1284 Michzeas
761 1225 1045 1298 pr0pheta
1091 1230 1357 1293 testatur,
1406 1225 1648 1281 dicens:
1704 1228 1779 1281 Et
1829 1230 1889 1281 tu
1936 1227 2103 1281 turris

460 1318 644 1388 gregis
662 1316 941 1382 nebulosa,
973 1316 1092 1385 ﬁlia
1113 1314 1246 1370 Sion
1292 1314 1469 1385 (Mich.
1524 1332 1597 1383 Iv,
1648 1315 1724 1385 8),
1774 1319 1832 1369 et
1860 1318 2101 1370 caetera:

460 1403 681 1475 illoque
732 1406 993 1473 tempore
1040 1402 1243 1467 Jacob,
1291 1406 1455 1457 trans
1503 1400 1700 1456 locum
1744 1401 1845 1456 ubi
1902 1406 2105 1472 postea

459 1490 747 1564 templum
780 1490 1132 1547 aediﬁcatum
1165 1492 1275 1553 est,
1302 1488 1582 1544 habuisse
1614 1487 1883 1544 tentoria.
1908 1488 2019 1543 Sed
2054 1487 2103 1543 si

420 1632 425 1637 .
460 1570 781 1652 sequamur
807 1578 1073 1639 ordinem
1102 1577 1229 1647 vite,
1250 1580 1551 1648 pastorum
1572 1578 1744 1648 juxta
1762 1575 2103 1632 Bethlehem

458 1669 624 1727 locus
656 1673 764 1735 est,
797 1667 897 1723 ubi
937 1665 1029 1722 vel
1076 1665 1417 1738 angelorum
1467 1680 1566 1719 rex
1611 1664 1672 1719 in
1719 1669 1849 1719 ortu
1870 1663 2105 1719 Domini

460 1756 708 1814 cecinit:
739 1756 828 1812 vel
864 1755 1048 1813 Jacob
1100 1770 1309 1826 pecora
1356 1770 1464 1809 sua
1510 1753 1687 1825 pavit,
1738 1752 1863 1809 loco
1890 1770 2102 1809 nomen

460 1846 803 1919 imponens:
836 1844 925 1900 vel
959 1843 1112 1915 quod
1144 1843 1340 1898 verius
1367 1847 1476 1912 est,
1528 1843 1783 1913 quodam
1831 1841 2104 1898 vaticinio

459 1933 726 1992 futurum
747 1933 874 2005 jam
906 1935 1047 1988 tunc
1079 1932 1423 2003 mysterium
1456 1932 1913 1986 monstrabatur.

520 2023 718 2093 (Vers.
763 2022 879 2093 27.)
911 2044 938 2071 ‹‹
993 2022 1062 2076 Et
1108 2019 1266 2076 venit
1312 2020 1493 2076 Jacob
1542 2021 1615 2075 ad
1667 2020 1827 2076 Isaac
1877 2024 2101 2090 patrem

457 2128 635 2170 suum
666 2113 726 2167 in
759 2110 1037 2179 Mambre,
1069 2109 1359 2164 civitatem
1389 2110 1597 2173 Arbee,
1648 2108 1769 2163 haec
1818 2113 1910 2163 est
1957 2108 2103 2163 Che-

456 2202 599 2258 bron
625 2201 663 2258 ί.
697 2222 726 2250 ››
758 2200 876 2255 Pao
903 2215 1086 2254 ansas
1116 2198 1176 2253 in
1210 2198 1594 2269 Septuaginta
1608 2214 1862 2269 campum
1886 2198 2097 2253 habet:

458 2306 592 2347 cum
626 2289 867 2346 Chebron
898 2288 957 2343 in
990 2292 1187 2344 monte
1219 2287 1331 2342 sita
1359 2288 1451 2343 sit.
1504 2287 1723 2341 Eadem
1770 2291 1968 2343 autem
2021 2286 2102 2342 ci-

454 2379 605 2436 vitas
629 2378 847 2434 dicitur
875 2382 932 2433 et
962 2393 1228 2445 MAMBRE,
1260 2376 1333 2431 ab
1365 2374 1554 2431 amico
1585 2376 1829 2430 Abrahae
1885 2374 1971 2430 ila
1997 2393 2101 2431 an-

454 2465 709 2539 tiquitus
738 2464 1054 2538 appellata.

526 2557 686 2626 (Cap.
721 2552 967 2609 XXXVI.
991 2582 1061 2593 —
1080 2551 1243 2607 Vers.
1279 2551 1356 2621 4.)
1390 2572 1417 2599 ‹‹
1453 2550 1523 2605 Et
1550 2550 1774 2621 peperit
1801 2550 1925 2606 Ada
1951 2552 2103 2608 Esau

442 2636 715 2715 'Eliphaz.
751 2666 774 2695 δ
811 2642 927 2697 Iste
956 2645 1047 2697 est
1077 2639 1341 2712 Elipbaz,
1374 2640 1546 2710 cujus
1570 2637 1874 2709 Scriptura
1907 2639 1965 2694 in
1994 2638 2102 2695 Job

456 2728 755 2787 volumine
789 2728 1149 2786 recordatur.

531 2818 717 2890 (Vers.
747 2818 860 2885 19.)
894 2840 924 2867 ‹‹
958 2817 1057 2872 Isti
1088 2815 1199 2871 filii
1229 2817 1404 2885 Esau,
1436 2820 1494 2871 et
1531 2815 1627 2871 isti
1681 2815 1978 2888 principes
2010 2834 2105 2874 eo-

464 2923 596 2963 rum
630 2907 785 2963 862
817 2906 944 2979 ipse
972 2910 1062 2961 est
1093 2905 1293 2972 Edom,
1346 2909 1403 2959 et
1444 2904 1504 2959 hi
1553 2904 1658 2959 filii
1701 2904 1845 2960 Seir.
1886 2927 1912 2954 ››
1955 2910 2103 2962 Esau

464 3001 526 3054 et
556 2996 740 3052 Edom
786 2999 839 3051 et
893 2993 1037 3061 Seir,
1091 2993 1268 3048 unius
1319 3009 1530 3048 nomen
1579 2997 1666 3048 est
1713 2991 2011 3051 hominis:
2051 2998 2107 3050 et

467 3101 649 3158 quare
684 3082 841 3141 varie
869 3086 1241 3155 nuncupetur
1287 3098 1468 3154 supra
1509 3081 1733 3137 dictum
1781 3085 1888 3137 est.
1940 3083 2102 3147 Quod

468 3177 664 3232 autem
692 3172 992 3246 sequitur:

535 3263 715 3336 (Vers.
764 3263 932 3329 20.)»
972 3260 1042 3314 Et
1087 3258 1336 3315 Chorraei
1382 3258 1743 3315 habitantisﬁ
1789 3264 2026 3325 terram,
2072 3282 2102 3309 »

460 3354 518 3406 et
548 3348 777 3421 reliqua
803 3352 1120 3420 postquam
1151 3347 1515 3403 enumeravit
1546 3347 1697 3403 ﬁlios
1728 3348 1902 3412 Esau,
1927 3348 2105 3404 altius

456 3438 688 3515 repetit,
721 3441 777 3494 et
805 3436 1059 3509 exponit,
1110 3435 1209 3508 qui
1240 3442 1370 3491 ante
1417 3436 1570 3491 Esau
1615 3437 1674 3491 in
1723 3437 1906 3491 Edom
1950 3442 2104 3494 terra

414 3514 751 3601 'principes
794 3525 1011 3583 fuerint
1056 3541 1125 3580 ex
1180 3541 1390 3596 genere
1448 3525 1845 3594 Chorraeorum,
1909 3527 2009 3597 qui
2042 3525 2101 3581 in

452 3613 657 3689 lingua
720 3618 921 3671 nostra
988 3613 1450 3686 interpretantur
1513 3612 1678 3669 liberi
1700 3614 1743 3668 ³.
1814 3619 2101 3686 Legamus

448 3813 548 3867 tur
600 3814 742 3866 Gen.
795 3826 943 3865 xmv.
974 3810 1067 3876 20,
1091 3809 1187 3863 ubi
1213 3807 1517 3878 Benjamin
1538 3811 1782 3863 vocatur
1827 3807 1978 3877 ﬁlius
2015 3825 2097 3865 se-

446 3884 749 3953 nectutum.
779 3881 850 3936 Et
878 3882 1059 3936 lamin
1089 3896 1195 3953 pro
1226 3880 1441 3953 Iamimg
1472 3879 1758 3953 accipitur
1795 3878 2097 3953 dialectico

446 3952 705 4027 Syriaca,
739 3950 1131 4027 quaJacobu's
1162 3952 1396 4027 modos
1418 3950 1585 4022 Syria
1604 3950 1922 4027 adveniens
1952 3952 2097 4027 bene

446 4021 533 4079 uti
562 4021 811 4095 poterat.
846 4023 1006 4081 Adde
1036 4023 1192 4094 quod
1225 4021 1309 4077 illi
1334 4021 1832 4092 jam’contenario
1864 4022 2095 4094 genitus

447 4099 596 4150 erat.

520 4165 535 4198 ³
589 4168 711 4217 Duo
764 4178 907 4218 mss.
960 4166 1084 4219 Haec
1133 4167 1236 4235 est
1279 4164 1496 4235 Hebron
1541 4164 1635 4218 hic
1678 4168 1876 4235 atque
1920 4165 2089 4220 infra.

449 4236 625 4291 Porro
681 4237 975 4289 verterant
1030 4235 1167 4288 LXX
1200 4233 1276 4293 εὶς
1315 4231 1476 4286 πόλιν
1506 4238 1603 4287 τοῦ
1625 4231 1833 4302 πέδίοῦ,
1870 4238 1928 4291 in
1958 4239 2091 4290 civi-

446 4306 616 4362 tatem
643 4306 845 4375 campi.
873 4305 1019 4360 Vide
1047 4305 1263 4359 librum
1300 4310 1561 4360 Locorum
1590 4308 1661 4360 ad
1698 4321 1863 4361 voces
1920 4308 2093 4363 Arboc

447 4381 507 4433 et
536 4376 799 4432 Chebron.

516 4450 537 4483 ³
567 4447 748 4519 Iidem
781 4463 925 4502 mss.
958 4447 1242 4503 Chorrazos
1275 4447 1598 4501 habitantes.
1642 4447 1875 4519 Vulgat.
1925 4448 2090 4504 Chor-

444 4520 549 4575 ran’
587 4518 937 4574 habitatores.

2214 603 2511 670 scribitur,
2547 603 2839 675 quomodo
2863 602 3127 658 venerint
3153 600 3261 656 ﬁlii
3294 604 3466 668 Esau,
3519 605 3577 657 et
3622 600 3863 657 interfe-

2214 693 2399 747 cerint
2429 692 2749 759 Chorraaos,
2783 707 2849 746 ac
2874 695 3091 746 terram
3122 706 3325 747 eorum
3354 689 3694 747 haereditate
3724 706 3863 762 pos-

2213 780 2491 839 sederint.

2286 869 2469 941 (Vers.
2502 869 2617 941 22.)
2652 890 2679 919 «
2709 873 2776 924 Et
2821 869 3061 924 fuerunt
3109 866 3217 924 filii
3266 867 3516 935 Lothan,
3566 867 3775 924 Chorri
3798 872 3861 923 et

2212 959 2470 1013 Emam:
2539 964 2598 1012 et
2670 975 2836 1014 soror
2884 956 3107 1012 Lothan
3152 956 3439 1013 Thamna.
3472 978 3502 1005 »
3580 960 3715 1012 Haec
3768 961 3862 1013 est

2214 1048 2483 1103 Thamna
2512 1048 2583 1102 de
2622 1063 2739 1118 qua
2780 1063 2962 1118 supra
3003 1045 3227 1101 dictum
3257 1049 3384 1101 est:
3418 1067 3447 1095 «
3494 1046 3565 1100 Et
3590 1045 3859 1103 Thamna

2214 1140 2339 1192 erat
2359 1135 2685 1191 concubina
2699 1134 2939 1206 Eliphaz
2962 1133 3064 1188 lilii
3089 1132 3465 1205 primogeniti
3495 1134 3667 1201 Esau,
3700 1138 3759 1190 et
3785 1151 3857 1191 ex

2211 1223 2343 1297 ipsa
2372 1229 2546 1280 natus
2576 1228 2665 1281 est
2696 1222 2989 1280 Amalech.
3024 1245 3052 1272 ‹‹
3088 1222 3304 1278 Idcirco
3334 1226 3533 1278 autem
3564 1222 3860 1279 Chorrteo-

2214 1330 2346 1369 rum
2396 1313 2733 1369 recordatus
2780 1316 2888 1377 est,
2937 1310 3079 1383 quia
3126 1310 3551 1384 primogenitae
3598 1310 3856 1369 ﬁliorum

2213 1402 2362 1459 Esau
2395 1419 2460 1457 ex
2480 1401 2717 1457 ﬁliabus
2731 1416 2931 1456 eorum
2955 1403 3255 1471 acceperat
3269 1398 3679 1456 concubinam.
3692 1398 3857 1464 Quod

2213 1495 2410 1546 autem
2438 1489 2676 1557 dicitur,
2710 1490 2942 1545 Theman
2980 1497 3033 1544 et
3071 1489 3242 1544 Cenes
3268 1492 3320 1544 et
3366 1487 3649 1556 Amalech,
3681 1491 3741 1544 et
3768 1504 3857 1544 re-

2212 1579 2406 1651 liqua:
2442 1579 2700 1635 sciamus
2729 1581 2932 1650 postea
2972 1577 3314 1650 regionibus
3364 1577 3757 1633 Idumaeorum
3788 1591 3856 1632 ex

2214 1668 2307 1723 his
2336 1667 2620 1723 vocabula
2640 1667 2935 1739 imposita.

2286 1756 2473 1828 (Vers.
2504 1757 2619 1829 24.)
2651 1779 2679 1805 ‹‹
2712 1758 2839 1828 Ipse
2871 1760 2961 1811 est
2989 1757 3135 1824 Ana,
3171 1755 3272 1827 qui
3303 1754 3525 1810 invenit
3570 1754 3768 1812 Jamin
3797 1754 3857 1810 in

2213 1844 2468 1912 deserto,
2502 1860 2638 1899 cum
2669 1848 2934 1917 pasceret
2962 1843 3160 1900 asinos
3189 1844 3417 1899 Zebeon
3467 1843 3644 1915 patris
3673 1842 3792 1899 sui.
3824 1865 3854 1893 »

2211 1932 2394 1988 Multa
2423 1937 2481 1988 et
2505 1932 2665 1987 varia
2696 1933 2849 2003 apud
2883 1932 3152 1987 Hebraeos
3176 1932 3248 1986 de
3304 1931 3413 1987 hoc
3442 1930 3696 2004 capitulo
3726 1931 3857 1987 dis-

2212 2024 2531 2094 putantur:
2566 2022 2721 2093 apud
2753 2021 2981 2076 Grecos
3030 2020 3249 2092 quippe
3299 2025 3357 2075 ct
3403 2025 3631 2078 nostros
3675 2035 3861 2092 super

2212 2110 2322 2165 hoc
2351 2109 2650 2165 silentium
2681 2113 2789 2165 est.
2823 2108 2938 2163 Alii
2960 2112 3172 2181 putant
3188 2125 3402 2164 auum
3423 2109 3445 2142 ‘
3474 2110 3684 2179 (nam)
3724 2126 3856 2165 ma-

2214 2197 2625 2270 riaappellata.
2642 2198 2854 2253 Iisdem
2878 2197 3036 2252 enim
3061 2197 3267 2253 litteris
3284 2197 3627 2253 scribuntur
3645 2200 3852 2263 maria,

2214 2286 2428 2359 quibus
2458 2292 2515 2341 et
2544 2303 2699 2342 nunc
2730 2286 2824 2341 hic
2856 2301 3046 2342 sermo
3076 2285 3407 2358 descriptus
3437 2290 3547 2342 est.
3570 2286 3639 2341 Et
3656 2286 3856 2343 volunt

2213 2374 2383 2431 illum
2443 2376 2585 2429 dum
2642 2375 2828 2446 pascit
2882 2375 3080 2431 asinos
3137 2374 3322 2447 patris
3360 2373 3455 2431 sui
3513 2375 3574 2431 in
3603 2375 3854 2440 deserto,

2214 2480 2502 2535 aquarum
2562 2463 3041 2536 congregationes
3128 2464 3437 2536 reperisse,
3503 2480 3630 2536 quae
3685 2466 3858 2535 juxta

2213 2553 2433 2610 idioma
2461 2552 2672 2625 linguae
2706 2552 3000 2608 Hebraicae
3029 2555 3214 2609 maria
3260 2557 3674 2625 nuncupentur
3699 2553 3855 2625 quod

2215 2641 2440 2697 scilicet
2484 2646 2759 2713 stagnum
2810 2640 3107 2712 repererit,
3154 2642 3324 2713 cujus
3374 2640 3457 2697 rei
3503 2640 3756 2697 inventio
3789 2641 3849 2697 in

2214 2746 2409 2785 eremo
2440 2729 2699 2785 difﬁcilis
2730 2733 2837 2785 est.
2885 2728 3161 2785 Nonnulli
3210 2732 3440 2801 putant,
3499 2744 3666 2800 aquas
3708 2727 3857 2786 cali-

2214 2818 2349 2873 dasx5
2371 2819 2541 2888 juxta
2564 2818 2793 2873 Punicae
2823 2817 3036 2890 linguae
3086 2817 3386 2885 viciniam,
3434 2834 3563 2889 quis
3607 2817 3853 2874 Hebreis

2215 2906 2578 2963 contermina
2627 2910 2739 2975 est,
2788 2906 2897 2963 hoc
2945 2905 3226 2963 vocabulo
3278 2906 3520 2979 signari.
3572 2910 3719 2962 Sunt
3748 2906 3851 2978 qui

2214 2994 2575 3051 arbitrentur
2604 2997 2873 3067 onagros6
2904 2996 2975 3050 ab
3025 2995 3133 3051 hoc
3183 2994 3476 3052 admissos
3517 2995 3670 3053 ιω
3723 3010 3853 3052 esse

2215 3084 2285 3138 ad
2320 3083 2551 3139 asinas:
2587 3088 2645 3138 et
2672 3083 2865 3155 ipsum
2899 3082 3074 3140 istius
3103 3084 3260 3140 modi
3314 3082 3598 3157 reperisse
3639 3099 3853 3141 coucu-

2214 3173 2424 3239 bitum,
2458 3177 2522 3228 ut
2548 3172 2901 3228 velocissimi
2932 3189 3001 3228 ex
3029 3172 3123 3228 his
3154 3173 3304 3229 asini
3338 3176 3719 3229 nascerentur
3745 3173 3848 3245 qui

2215 3264 2496 3317 vocantur
2516 3277 2689 3316 unum
2711 3262 2929 3331 (nam).
2959 3260 3226 3333 Plerique
3242 3264 3473 3333 putant,
3499 3261 3652 3333 quod
3675 3277 3853 3333 equa-

2216 3366 2346 3405 rum
2378 3364 2582 3422 greges
2614 3350 2686 3405 ab
2718 3349 2905 3405 asinis
2925 3350 2987 3404 in
3008 3350 3238 3405 deserto
3258 3349 3387 3421 ipse
3411 3350 3608 3406 fecerit
3624 3349 3848 3422 primus

2213 3438 2471 3503 escendi,
2506 3440 2572 3492 ut
2618 3437 2914 3493 mulorum
2960 3437 3097 3494 inde
3143 3454 3292 3494 nova
3338 3443 3540 3495 contra
3582 3443 3850 3497 naturam

2212 3524 2491 3581 animalia
2546 3530 2943 3582 nascerentur.
3002 3526 3217 3599 Aquila
3274 3526 3431 3583 hunc
3516 3526 3711 3583 locum
3766 3528 3848 3584 ita

2209 3613 2549 3670 transtulit:
2583 3614 2700 3686 Ipse
2726 3618 2806 3670 est
2835 3617 2977 3684 Ana,
3006 3618 3104 3688 qui
3131 3618 3342 3672 invenit
3370 3613 3461 3669 σὺν
3491 3613 3638 3688 τοὺς,
3673 3612 3812 3689 tutu
3830 3618 3849 3651 ⁷

2209 3812 2267 3864 et
2297 3807 2464 3881 asina
2494 3812 2833 3865 nascantur.
2868 3810 2931 3867 Id
2962 3826 3133 3881 porro
3164 3810 3531 3869 adinvenisse
3554 3816 3703 3879 Ana,
3729 3812 3848 3870 sive

2208 3880 2585 3956 excogitasse,
2637 3897 2771 3935 cum
2824 3880 3089 3956 pasceret
3137 3882 3355 3956 asinos,
3409 3886 3473 3939 ut
3532 3882 3849 3956 applicaret

2208 3967 2428 4022 equum
2459 3952 2681 4023 asinae,
2721 3968 2788 4007 ex
2822 3951 3038 4023 quibus
3094 3970 3242 4010 nova
3298 3953 3400 4010 illa
3429 3951 3723 4011 mulorum
3779 3955 3841 4012 in

2208 4023 2498 4095 mundum
2528 4022 2754 4095 species
2802 4024 3101 4095 prodierit.
3154 4026 3219 4082 In
3266 4026 3421 4082 idem
3469 4025 3734 4083 recidunt
3791 4030 3850 4083 et

2206 4093 2307 4165 qui
2338 4093 2725 4166 putantfquod
2754 4093 3023 4165 equarum
3057 4113 3243 4166 greges
3262 4098 3330 4153 ab
3356 4099 3529 4154 asinis
3549 4099 3609 4153 in
3637 4097 3849 4155 deserto

2206 4167 2319 4235 ipse
2336 4167 2525 4235 fecerit
2566 4167 2782 4236 primus
2825 4167 3047 4223 ascendi
3098 4167 3171 4223 Ut
3216 4183 3350 4224 vero
3398 4168 3518 4224 haec
3558 4170 3851 4225 sententia

2204 4254 2271 4320 ex
2303 4252 2390 4320 eo.
2418 4237 2782 4320 commodior
2834 4236 3121 4320 videatur,
3164 4240 3328 4320 quod
3382 4241 3506 4294 Ana
3545 4237 3754 4320 asinos
3784 4238 3845 4295 in

2204 4309 2433 4363 deserto
2465 4308 3093 4383 tradituccustodisse,
3122 4308 3473 4383 aliistamen
3494 4325 3527 4365 e
3544 4310 3848 4383 Scriptura

2203 4378 2569 4459 argumentis
2598 4376 2906 4459 refellitur,
2922 4395 3105 4451 eoque
3119 4380 3177 4435 in
3194 4381 3423 4459 primis,
3441 4382 3595 4453 quod
3610 4376 3845 4459 nomine

2205 4448 2349 4524 βῆν
2381 4448 2527 4503 nulli
2560 4448 2771 4524 nullibi
2802 4448 3063 4524 locorum
3095 4448 3513 4524 memorentu},
3546 4452 3689 4524 quin
3726 4452 3844 4508 imo

2201 4521 2330 4591 ipsa
2360 4537 2563 4575 eorum
2595 4521 2818 4591 species
2848 4526 2975 4577 tum
3007 4523 3246 4580 demum
3297 4523 3407 4579 sub
3453 4521 3668 4581 Dav—ide
3708 4528 3846 4581 nota

513 4592 535 4627 ³
562 4589 811 4677 In‘librg
831 4590 1172 4677 Nominum,
1212 4588 1521 4677 iracundos,
1576 4588 1640 4645 de
1692 4591 2086 4660 foraminibus,
2119 4612 2167 4677 D
2199 4588 2742 4677 ex'Suc‘ripturisgsi’t.

440 4665 500 4717 et
529 4658 753 4733 rectius?
772 4661 1123 4733 Troglodytas
1149 4660 1585 4733 interpretatur.

2269 4663 2288 4695 7
2317 4660 2998 4737 Σὴίτπὺςᾼέμίμτ-Ιλοουε
3029 4663 3338 4737 insigniter
3390 4665 3737 4737 depravatus
3774 4664 3838 4737 in

507 4734 532 4767 ⁴
566 4734 626 4787 In
682 4732 922 4819 aliquot"
963 4731 1107 4819 mss.
1158 4736 1215 4787 et
1263 4731 1816 4819 penesilabanum.
1872 4733 2085 4819 IAMIl‘l
2196 4731 2916 4819 veteribusheditionjbus.
2966 4731 3262 4819 Erasinus“
3294 4735 3400 4792 hoc
3443 4731 3615 4819 modo
3664 4733 3840 4819 legit,

438 4804 662 4874 absque
690 4806 736 4858 A
767 4804 1021 4874 praefixo,
1056 4808 1229 4928 atque
1260 4803 1341 4857 ita
1386 4802 1622 4874 quidem
1672 4805 1878 4870 maria,
1926 4807 2077 4875 quod

438 4873 669 4928 Hieron.
730 4878 913 4928 notat.
984 4892 1131 4928 anne
1160 4874 1373 4928 lantur.
1437 4873 1599 4928 Unus
1671 4874 1902 4928 Regina:
1952 4877 2077 4928 cod.

436 4873 669 4931 Hieron.
730 4873 913 4942 natat,
984 4873 1373 4946 appellantur.
1408 4873 1599 4928 ’Unus
1671 4874 1902 4945 Regina:
1945 4873 2078 4931 cod.

2191 4807 2289 4877 qui
2319 4806 2529 4879 inuenit
2558 4803 2649 4879 σὺγ
2680 4808 2799 4879 τοῖς
2832 4804 3045 4879 σῳείμ.
3105 4809 3183 4879 Et
3225 4807 3581 4879 Symmachus
3621 4803 3842 4879 δι’νηῖιί-

2192 4873 2295 4959 ter.
2327 4873 2455 4965 “€9qu
2488 4874 2700 4965 σξμεῖξι..
2738 4873 3036 4965 Marianas
3067 4873 3284 4965 omisit
3337 4876 3687 4965 particulam
3700 4876 3837 4961 ὀῦν,

435 4949 773 5022 constanter
805 4945 1078 5022 lammim,
1135 4950 1194 5002 et
1256 4961 1386 5000 mox
1440 4946 1639 5000 iisdem
1695 4948 1844 5001 enim
1880 4947 2082 5002 litteris
2191 4949 2402 5022 inuenit
2455 4945 2585 5007 τοὺς
2649 4945 2863 5022 impetu,
2923 4952 3032 5004 etc.
3097 4945 3496 5022 _Manuséripti
3587 4945 3835 5022 codices,

432 5018 698 5073 scribitur
718 5034 893 5083 mare,
927 5020 1125 5087 quibus
1150 5022 1258 5072 etc.

2190 5017 2353 5073 nullo
2383 5023 2640 5090 excepto,
2676 5018 2928 5090 retinent
2959 5019 3307 5090 particulam
3339 5017 3430 5073 ab»)
3463 5021 3520 5075 in
3552 5021 3833 5089 versione,

499 5067 1545 5168 ﬁnitast-steti"igiérﬁémaonem
1576 5067 1703 5168 ipse
1735 5087 1968 5168 ῌίθποη.
2007 5087 2076 5168 _i_n
2187 5067 3307 5168 Kﬁﬁlaif'tﬁoéizjiExegi"iam:
3343 5067 3424 5168 ἑξ
3465 5067 3836 5168 ’ἑρίγῖἱιῖᾱὲνῖᾶᾇ

431 5159 638 5214 Latina
667 5176 735 5213 ex
752 5158 1004 5216 ’Hebrmo
1035 5158 1193 5215 fonte
1222 5158 1518 5214 versione:
1553 5158 1654 5229 qui
1698 5159 1842 5213 adeo
1891 5160 2076 5213 credi-

430 5234 530 5301 tur
559 5229 620 5283 in
650 5246 737 5301 eo,
773 5247 887 5301 quo
915 5232 1208 5296 utebatur,
1240 5228 1556 5300 exemplari
1611 5240 1733 5290 an:
1771 5229 1856 5285 vel
1887 5241 2072 5297 ωηεη,

433 5299 807 5374 balnea.__sive
830 5319 999 5374 aquas
1035 5303 1244 5358 calidas
1273 5299 1483 5374 legisse
1534 5317 1638 5371 pro
1671 5310 1871 5374 tamn,
1920 5303 2077 5356 Ilaie-

2188 5231 2233 5303 H
2265 5232 2462 5303 legant
2492 5248 2688 5286 nonnu

2187 5157 2446 5216 similiter
2473 5158 2599 5220 τοὺς
2876 5160 2938 5215 In
2987 5178 3052 5218 eo
3094 5157 3324 5218 tantum
3358 5157 3640 5219 dissident
3671 5165 3829 5236 quod

2188 5231 2233 5285 H
2265 5232 2462 5285 leuant
2492 5248 2688 5285 nonnu
2720 5231 2759 5284 Ιι
2790 5247 2894 5285 nro
2927 5233 2991 5285 E.
3022 5237 3081 5285 et
3109 5235 3155 5285 N
3186 5251 3289 5285 nm
3315 5234 3369 5285 M
3418 5233 3478 5285 in
3527 5234 3644 5285 ﬁne
3672 5235 3829 5285 vocis

2744 5231 2759 5284 i
2789 5247 2894 5301 pro
2927 5233 2991 5306 E,
3022 5237 3081 5288 et
3108 5235 3155 5290 N
3186 5251 3289 5306 pro
3315 5234 3369 5289 M
3418 5233 3478 5290 in
3527 5234 3644 5306 line
3672 5231 3833 5290 vocis

2185 5301 2378 5373 Ἐμίμ.
2414 5303 2703 5358 Diodorus
2739 5319 2906 5373 porro
2938 5304 3107 5360 docet
3136 5301 3243 5362 nos
3282 5322 3480 5361 vocem
3531 5304 3830 5361 Hebraeum

429 5372 585 5425 mim.
637 5370 758 5424 Non
802 5370 1033 5447 videtur
1078 5379 1297 5447 autem
1340 5370 1478 5447 huic
1530 5371 1875 5440 expositioni
1930 5374 2074 5447 satis
2183 5370 2470 5447 integram
2506 5374 2686 5428 fuisse
2719 5370 3001 5429 servatam
3053 5377 3125 5431 ab
3174 5376 3451 5432 omnibus
3496 5376 3831 5447 interpreti-

429 5456 748 5511 congrucre
795 5444 1240 5499 circumstantia
1285 5442 1508 5507 islhnrc,
1555 5459 1681 5511 quae
1739 5443 2070 5513 apponitur,

427 5529 552 5567 cum
581 5518 823 5581 pasceret
855 5517 1035 5568 asinos
1075 5518 1268 5570 Schem:
1299 5515 1473 5582 [antris
1504 5515 1608 5565 sui.

497 5584 519 5617 δ
551 5583 797 5637 Rabbini
850 5601 985 5637 cum
1036 5586 1264 5655 primis,
1312 5602 1458 5652 quos
1507 5584 1713 5655 laudat
1746 5584 2070 5652 Kimchius,

2184 5446 2314 5509 bus,
2351 5461 2561 5515 nempe
2594 5455 2737 5504 ωηεν
2765 5464 2779 5511 ς
2810 5462 2936 5514 quae
2967 5448 3135 5511 enim,
3167 5447 3255 5503 vel
3288 5448 3480 5515 hmim,
3507 5454 3608 5503 aut
3635 5446 3832 5504 iamim

2184 5516 2295 5585 legi
2358 5517 2547 5587 potuit
2598 5534 2631 5570 a
2689 5517 2924 5581 Graecis,
2984 5518 3136 5573 sicut
3210 5519 3462 5591 legimus
3516 5521 3709 5574 Esaias
3771 5525 3830 5574 et

2180 5590 2377 5644 Isaias.
2484 5587 2629 5642 Hinc
2731 5586 2915 5644 liquet
2972 5589 3595 5644 aliiequrasmianum
3694 5606 3828 5644 om-

2211 5605 2270 5642 δα
2283 5604 2377 5642 εαδ.

2484 5587 2629 5661 Hinc
2731 5586 2915 5658 liquet
2972 5586 3595 5661 azuequrasmianum
3694 5606 3828 5645 om-

427 5669 697 5729 asserens
723 5653 1062 5777 maniplos
1080 5656 1191 5711 alio
1211 5656 1446 5709 nomine
1471 5664 1676 5720 ειν-τηε),
1703 5653 1759 5709 id
1782 5658 2072 5711 estmulos
2180 5658 2319 5714 nino
2368 5659 2681 5729 reprobum
2731 5653 2878 5726 esse,
2928 5663 2985 5715 et
3032 5653 3403 5718 manifestam
3450 5661 3668 5732 Aquilae
3722 5662 3825 5719 de-

427 5729 635 5777 vocant
663 5724 746 5777 ita
776 5742 923 5777 anne
953 5724 1101 5777 latos
1132 5726 1306 5777 voluti
1340 5725 1731 5777 compositum
1771 5728 2066 5777 auoddam
2180 5731 2580 5777 nravatinnem
2614 5730 2671 5777 in
2706 5729 3122 5777 Hiernnvmnm
3156 5732 3480 5777 inductam-

896 5742 923 5779 e

422 5724 635 5782 vocant
660 5724 746 5797 ita
776 5724 1101 5797 appellatos
1132 5726 1306 5782 veluti
1340 5725 1731 5797 compositum
1771 5728 2068 5797 quoddam

421 5814 491 5856 ex
538 5795 770 5855 duabus
812 5794 1147 5870 speciebus,
1209 5797 1365 5871 quod
1412 5794 1493 5853 ex—
1532 5813 1748 5869 onagro
1787 5794 1888 5856 'vel
1918 5815 2067 5871 equo

2180 5731 2583 5802 pravationem
2614 5730 2673 5786 in
2705 5729 3126 5801 Hieronymum
3156 5732 3480 5791 inductam.

3383 5804 3679 5867 timus.
