3992 6402
398 410 556 481 rem

1634 417 1696 479 S.
1729 410 2040 481 EUSEBII
2085 414 2553 482 HIERONYMI.

3638 412 3809 481 (Μ

394 545 577 619 olivae,
636 548 697 607 id
752 553 861 618 est,
915 545 1157 621 fructum
1211 549 1358 606 oliva
1415 565 1527 606 non
1582 551 1747 621 faciet
1812 549 2030 621 (Habac.
2063 552 2120 617 Α
2148 551 2511 622 porrexisse:
2545 556 2718 619 poetae
2771 568 3005 625 quoque
3062 551 3133 608 de
3179 549 3507 608 Catamitho
3554 554 3611 608 et
3657 550 3803 608 Jove

469 727 654 799 (Vers.
720 728 829 798 12.)
868 749 897 779 ‹‹
954 729 1025 783 Et
1057 728 1389 783 consolatus
1435 727 1620 782 Judas
1665 726 1930 781 ascendit
1971 726 2042 780 ad

398 831 519 883 eos,
552 815 653 887 qui
681 816 1005 872 tondebant
1034 833 1166 872 oves
1188 817 1316 887 ejus
1344 833 1355 870 :
1392 815 1537 886 ipse,
1570 819 1627 869 et
1648 813 1819 868 HiPLS
1845 819 2046 885 pastor

398 904 528 975 ejus
566 903 966 960 Odoilamites.
1000 926 1027 955 »
1054 905 1160 961 Pro
1204 908 1440 976 pastore,
1500 905 1710 958 amicus
1758 902 1972 973 legitur
2003 904 2041 955 ¹.

398 993 513 1051 Sed
557 993 800 1049 verbum
844 992 1187 1066 ambiguum
1236 998 1343 1059 est,
1396 993 1534 1063 quia
1583 992 1791 1046 iisdem
1837 990 2045 1046 litteris

395 1084 718 1155 utrumque
788 1099 1000 1138 nomen
1058 1082 1769 1153 scribitur(ny1):verum
1819 1079 2045 1135 amicus

393 1184 524 1239 nan,
556 1176 759 1243 pastor
789 1189 896 1227 nos
918 1170 1149 1243 legitur.

468 1259 655 1331 (Vers.
691 1260 800 1331 14.)
829 1283 849 1309 α
887 1260 953 1314 Et
982 1258 1132 1314 sedit
1160 1259 1231 1313 ad
1266 1262 1491 1329 portam
1534 1258 1739 1322 Enam,
1790 1272 1919 1328 quae
1958 1259 2047 1311 est

396 1348 459 1405 in
505 1351 758 1405 transitu
815 1349 1098 1404 Thamna.
1129 1369 1156 1397 »
1218 1348 1419 1403 Sermo
1488 1345 1806 1401 Hebraicus
1873 1361 2047 1399 manu

398 1438 628 1510 (ωνενν),
651 1437 1002 1494 transfertur
1026 1438 1084 1491 in
1116 1437 1315 1492 oculos.
1349 1436 1475 1491 Non
1525 1439 1614 1490 est
1634 1434 1816 1505 igitur
1836 1448 2047 1488 nomen

394 1524 545 1596 loci;
579 1526 681 1582 sed
713 1531 802 1582 est
830 1543 1040 1582 sensus
1069 1543 1081 1581 :
1115 1525 1264 1581 Sedit
1304 1527 1363 1579 in
1406 1524 1570 1592 bivio,
1622 1522 1743 1578 sive
1792 1523 1851 1576 in
1899 1538 2050 1575 com-

392 1616 531 1689 pita,
580 1615 684 1671 ubi
721 1614 1065 1687 diligentius
1107 1614 1278 1669 debet
1327 1612 1511 1667 viator
1573 1611 1855 1683 aspicere,
1894 1609 2049 1681 quod

398 1702 514 1761 iter
530 1702 835 1775 gradiendi
867 1702 1082 1774 capiat.

472 1790 658 1862 (Vere.
705 1790 819 1863 :9.)
847 1813 875 1840 ‹‹
904 1788 1183 1862 Cognovit
1228 1793 1426 1844 autem
1473 1787 1679 1854 Judas,
1738 1791 1794 1842 et
1868 1785 2047 1840 dixit:

2152 640 2484 713 seriptitont
2514 644 2555 710 3,
2591 643 2746 714 quod
2777 643 3070 698 amasium
3103 644 3145 712 δ,
3185 658 3365 698 suum
3422 640 3560 697 huic
3610 640 3800 697 officio

2154 731 2341 785 manci
2350 732 2521 802 parit.

2224 820 2407 889 (Vere.
2444 820 2557 891 10.)
2593 844 2620 869 ››
2651 822 2720 877 Et
2748 837 2880 877 ecce
2911 820 3047 876 vitis
3076 821 3137 875 in
3182 823 3498 892 conspectu
3546 835 3697 888 meo,
3746 821 3804 874 et

2154 907 2214 962 in
2244 908 2358 963 vite
2380 912 2496 965 tres
2527 910 2715 975 fundi,
2749 915 2806 965 et
2834 909 2962 981 ipsa
2993 909 3333 981 germinans
3363 912 3481 964 tres
3510 908 3746 964 fundos.
3772 928 3799 957 η

2154 997 2293 1052 Tria
2323 997 2643 1069 flagella,et
2670 1003 2795 1053 tres
2824 1015 3041 1067 ramos,
3088 998 3207 1053 sive
3268 996 3639 1070 propagines,
3696 996 3805 1051 He-

2154 1086 2344 1141 brzeus
2376 1103 2569 1144 sermo
2599 1088 2620 1121 ⁵
2675 1087 2991 1160 significat,
3054 1104 3181 1159 quae
3222 1087 3295 1142 ab
3346 1084 3466 1141 illis
3522 1088 3804 1142 vocantur

2157 1191 2390 1230 SARIGIM
2422 1176 2683 1247 (animi).

2227 1262 2412 1331 (Vers.
2449 1264 2559 1335 16.)
2582 1286 2609 1313 ‹‹
2641 1264 2710 1318 Et
2738 1262 2976 1318 videbar
3006 1262 3150 1318 mihi
3181 1262 3294 1317 tria
3322 1262 3578 1319 canistra
3625 1263 3801 1317 chon-

2156 1351 2442 1406 dritorum
2477 1356 2703 1422 portare
2734 1352 2793 1406 in
2816 1351 3003 1423 capite
3035 1368 3186 1407 meo.
3222 1373 3249 1401 »
3280 1351 3386 1407 Pro
3415 1351 3607 1407 tribus
3653 1350 3805 1405 cani-

2160 1439 2297 1494 stris
2327 1439 2789 1508 ehondritorum,
2820 1444 2929 1495 tres
2953 1440 3213 1512 cophinos
3240 1442 3447 1509 farinae
3473 1439 3536 1495 in
3567 1438 3803 1495 Hebrmo

2157 1527 2355 1583 habet.

2231 1634 2388 1707 (Cap.
2422 1637 2560 1691 XM.
2596 1667 2665 1676 -ι
2692 1634 2857 1691 Vers.
2888 1635 2968 1705 2.)
2992 1657 3020 1685 «
3053 1636 3124 1691 Et
3151 1651 3282 1692 ecce
3306 1635 3376 1690 de
3401 1634 3575 1691 ﬂuvio
3604 1649 3807 1690 ascen-

2159 1724 2373 1779 debant
2404 1728 2628 1796 septem
2661 1724 2855 1783 boves.
2887 1724 3161 1795 speciosae
3192 1725 3263 1780 ad
3293 1724 3633 1790 videndum,
3692 1722 3806 1778 ele-

2160 1817 2263 1867 etas
2304 1812 2580 1868 carnibus
2610 1814 2648 1879 δ,
2699 1817 2757 1868 et
2807 1814 3203 1886 pascebantur
3247 1813 3308 1868 in
3350 1811 3500 1869 aehi.
3525 1833 3552 1861 »
3607 1811 3705 1867 Bis
3747 1811 3806 1866 in

398 1878 627 1945 Iustior
649 1883 738 1935 est
766 1878 867 1934 illa
896 1895 1073 1950 quam
1105 1894 1230 1950 ego,
1259 1894 1325 1933 eo
1365 1878 1519 1949 quod
1573 1893 1687 1931 non
1739 1875 1871 1930 dedi
1921 1891 2045 1929 eam

2169 1900 2367 1955 Genesi
2417 1875 2700 1972 scriptum
2734 1875 2826 1956 est
2860 1918 2989 1957 ACHI
3020 1900 3209 1975 ’(Αχα)
3242 1906 3299 1957 et
3326 1917 3514 1973 neque
3574 1900 3809 1956 Graecus

402 1966 600 2025 Selom
652 1967 772 2023 ﬁlio
824 1983 1028 2023 meo.»
1073 1966 1137 2021 In
1185 1967 1420 2021 Hebrazo
1469 1965 1665 2032 habet,
1744 1965 2053 2035 justiﬁcata

399 2063 481 2113 est
506 2073 579 2111 ex
604 2071 727 2112 me:
762 2072 878 2111 non
910 2056 1065 2126 quod
1089 2055 1261 2125 juxta
1320 2054 1513 2124 fuerit,
1556 2054 1656 2108 sed
1687 2052 1843 2123 quod
1892 2068 2051 2105 com-

401 2144 701 2218 paratione
748 2144 908 2199 illius
957 2144 1153 2198 minus
1204 2142 1341 2198 mali
1403 2142 1623 2211 fecerit,
1677 2155 2052 2212 nequaquam

399 2248 608 2306 vagam
639 2232 1083 2304 turpitudinem,
1116 2231 1218 2287 sed
1239 2231 1455 2286 liberos
1489 2229 1859 2301 requirendo.

471 2321 656 2391 (Vers.
689 2322 816 2393 29.)
848 2341 877 2371 »
910 2322 978 2375 Et
1006 2337 1137 2376 ecce
1166 2334 1436 2391 egressus
1485 2323 1575 2373 est
1608 2318 1784 2372 frater
1821 2318 1969 2387 ejus,
1999 2320 2056 2371 et

402 2409 569 2477 dixit,
592 2414 659 2466 ut
680 2410 819 2482 quid
852 2409 1048 2466 divisa
1102 2412 1193 2464 est
1250 2413 1487 2480 propter
1537 2411 1592 2461 te
1643 2405 1942 2461 maceria?
1986 2405 2057 2459 Et

400 2498 627 2556 vocavit
671 2515 885 2555 nomen
916 2499 1046 2569 ejus
1102 2496 1391 2552 Phares.»
1455 2497 1563 2550 Pro
1621 2496 1866 2549 maceria
1912 2495 2052 2548 divi-

400 2588 614 2645 sionem
643 2587 856 2659 Aquila
884 2591 940 2642 et
966 2585 1357 2659 Symmachus
1388 2583 1837 2653 transtulerunt,
1898 2583 2053 2654 quod

401 2675 686 2733 Habraiee
713 2675 947 2741 dicitur,
978 2690 1196 2729 prunas
1215 2674 1403 2762 (γ’-τῃ).
1437 2673 1521 2727 Ab
1552 2689 1618 2727 eo
1665 2672 1871 2762 igitur,
1899 2671 2054 2762 quod

402 2762 670 2819 diviserit
697 2762 1165 2819 membranulam
1198 2759 1595 2817 secundarum
1635 2759 1744 2830 [ΑΙ.
1805 2760 2053 2814 secundi-

401 2852 650 2922 narum],
694 2850 998 2907 divisionis
1048 2867 1262 2906 nomen
1295 2848 1532 2920 accepit.
1592 2848 1756 2904 Unde
1805 2852 1863 2903 et
1915 2848 2056 2902 Pha-

401 2942 556 2997 risaei
584 2942 627 3008 ³,
661 2940 763 3012 qui
796 2958 857 2996 se
889 2940 1058 3012 quasi
1081 2941 1277 3012 justos
1308 2956 1341 2995 a
1372 2938 1586 3011 populo
1626 2942 2052 3011 separaverant,

402 3028 569 3085 divisi
597 3028 1069 3102 appellabantur.

475 3118 661 3190 (Vers.
695 3118 809 3189 30.)
836 3139 865 3168 «
896 3118 1033 3173 Poet
1064 3117 1169 3172 hoc
1200 3115 1339 3171 exiit
1371 3116 1544 3170 frater
1577 3117 1727 3186 ejus,
1786 3114 1844 3168 in
1886 3115 2056 3184 cujus

405 3223 588 3265 manu
619 3211 744 3263 erat
773 3206 1072 3262 coccinum
1098 3222 1112 3260 :
1147 3203 1438 3260 etvocavit
1454 3220 1665 3259 nomen
1691 3204 1820 3274 ejus
1837 3205 1997 3259 Zara.
2027 3227 2054 3253 »

409 3296 529 3351 Hoc
550 3312 762 3351 nomen
793 3294 1210 3366 interpretatur
1238 3296 1439 3348 oriens.
1488 3294 1617 3347 Sive
1668 3292 1867 3365 igitur,
1917 3292 2057 3363 quia
2086 3278 2128 3343 C

406 3382 639 3456 primus
668 3383 960 3455 apparuit,
992 3382 1112 3437 sive
1149 3382 1300 3452 quod
1336 3380 1571 3453 plurimi
1592 3380 1741 3451 justi
1760 3398 1828 3436 ex
1848 3397 1913 3435 eo
1935 3380 2053 3434 dati

405 3475 568 3538 sunt,
600 3476 667 3527 ut
694 3471 753 3526 in
784 3471 931 3527 libro
962 3470 1441 3541 Paralipomenon
1474 3471 1520 3541 (I
1538 3470 1725 3524 Parat.
1752 3487 1793 3523 II
1814 3477 1864 3524 et
1883 3469 2052 3540 seqq.)

405 3559 757 3630 continetur,
788 3576 931 3615 ZARA
988 3561 1162 3628 (Γπ-Π),
1204 3558 1261 3613 id
1320 3562 1427 3627 est,
1477 3560 1662 3613 oriens
1728 3556 2052 3629 appellatus

405 3652 527 3705 est.

472 3754 628 3827 (Cap.
659 3755 769 3810 XL.
801 3753 1052 3810 —Vers.
1089 3754 1165 3825 1.)
1196 3776 1224 3802 ‹‹
1260 3754 1394 3808 Post
1433 3752 1611 3807 verba
1670 3752 1807 3820 hinc,
1858 3767 2053 3822 pecca-

396 3843 481 3900 vit
506 3843 778 3916 prineepe
835 3842 1194 3898 vinariorum
1242 3841 1395 3913 regis
1432 3840 1677 3912 Egypti.
1705 3862 1727 3889 ι»
1783 3840 1889 3894 Ubi
1944 3856 2050 3895 nos

394 3932 704 4005 pOeuimus
735 3931 1043 4003 principem
1069 3933 1441 3997 vinariorum,
1492 3929 1550 3983 in
1611 3929 1846 3983 Hebraeo
1906 3928 2048 3982 scri-

395 4025 567 4093 ptum
598 4018 775 4076 habet
833 4036 1018 4075 MASEC
1064 4020 1278 4107 (pum),
1331 4018 1473 4073 illud
1515 4018 1755 4090 verbum
1799 4017 1953 4088 quod
1985 4017 2045 4071 in

394 4108 636 4164 nomine
658 4107 808 4164 servi
839 4107 1133 4163 Abraham
1166 4108 1390 4162 dudum
1424 4106 1696 4178 legimus,
1732 4123 1905 4177 quem
1939 4123 2045 4161 nos

394 4211 718 4268 possumus
776 4210 937 4250 more
989 4194 1147 4267 vulgi
1198 4195 1352 4250 366
1416 4212 1618 4250 vocare
1699 4196 2042 4265 pincernam.

396 4280 514 4338 Nec
542 4281 654 4338 vile
685 4286 918 4351 putetur
945 4282 1225 4348 officium,
1246 4299 1379 4337 cum
1411 4283 1566 4353 apud
1590 4299 1754 4353 reges
1770 4283 2045 4337 barbaros

390 4377 571 4444 utque
601 4370 774 4427 hodie
806 4369 1072 4426 maximae
1103 4369 1427 4442 dignitatis,
1460 4370 1554 4439 sil,
1597 4371 1718 4443 regi
1770 4370 2043 4443 poculum

2161 2004 2353 2044 sermo
2402 1994 2508 2057 est,
2573 2006 2676 2044 nec
2725 1989 2983 2045 Latinus.
3044 1990 3154 2045 Sed
3205 1994 3263 2044 et
3326 1989 3614 2044 Hazbrazus
3682 1988 3810 2060 ipse

2161 2082 2470 2148 corruptus
2518 2083 2645 2133 est:
2724 2078 2942 2133 dicitur
3015 2079 3171 2133 enim
3224 2079 3283 2133 in
3341 2076 3638 2147 annum!)
3697 2075 3811 2131 hoc

2161 2170 2250 2221 est
2278 2168 2338 2220 in
2366 2167 2567 2237 ratu/te
2594 2169 2633 2220 ⁷.
2668 2168 2779 2222 Sed
2812 2167 2911 2238 qui
2950 2184 3067 2223 AIIU
3100 2167 3293 2222 littera
3318 2167 3473 2239 apud
3502 2166 3810 2231 Hebraeos,

2162 2259 2220 2310 et
2278 2272 2369 2309 IOD
2428 2255 2653 2311 similes
2718 2260 2876 2325 sunt,
2963 2261 3019 2311 et
3101 2259 3332 2311 tantum
3409 2252 3811 2327 magnitudine

2164 2344 2473 2399 differunt:
2509 2361 2612 2416 pro
2643 2362 2780 2410 Αιιυ,
2837 2362 2970 2400 nam
3021 2344 3406 2417 Septuaginta
3457 2343 3809 2414 Interpretes

2163 2432 2610 2501 transtulerunt,
2643 2438 2701 2488 et
2731 2434 3057 2488 secundum
3106 2431 3591 2488 consuetudinem
3640 2447 3811 2487 suam

2164 2521 2235 2575 ad
2305 2521 2737 2591 exprimendam
2799 2522 3091 2594 duplicem
3177 2520 3591 2593 aspirationem
3662 2536 3809 2575 nam

2165 2610 2411 2665 Hebraeis
2440 2609 2666 2679 litterae,
2702 2611 2803 2665 Chi
2831 2610 2913 2681 (χ)
2955 2611 3213 2667 Graecam
3256 2609 3511 2665 litteram
3572 2606 3811 2680 copula-

2163 2702 2389 2754 verunt.

2235 2787 2418 2859 (Vers.
2472 2789 2631 2858 16.)‹‹
2706 2790 2775 2843 Et
2840 2788 3143 2860 respondit
3209 2786 3426 2859 Joseph
3502 2785 3810 2852 Pharaoni,

2164 2875 2398 2932 dicens:
2432 2876 2565 2932 Sine
2598 2878 2711 2932 Deo
2746 2895 2859 2933 non
2892 2876 3341 2949 respondebitur
3369 2875 3622 2931 salutare
3663 2874 3811 2929 Pha-

2166 2964 2347 3020 raoni.
2388 2988 2407 3012 η
2438 2968 2498 3020 In
2531 2966 2765 3021 Hebraeo
2819 2966 2988 3022 aliter
3035 2966 3244 3021 habet:
3278 2988 3304 3014 ‹‹
3338 2965 3475 3020 Sine
3524 2979 3616 3019 me
3656 2963 3813 3019 Deus

2167 3054 2539 3124 respondebit
2596 3072 2797 3127 pacem
2852 3054 3213 3110 Pharaoni.»
3273 3053 3532 3125 Denique
3573 3056 3815 3124 Symna-

2166 3140 2312 3196 chus
2338 3159 2497 3198 more
2527 3161 2633 3199 suo
2665 3144 2922 3216 apertius
2952 3141 3286 3199 transtulit:
3323 3164 3351 3192 «
3371 3142 3496 3198 Non
3523 3157 3649 3213 ego,
3705 3140 3809 3196 sed

2167 3235 2316 3285 Deus
2340 3233 2716 3303 respondebit
2746 3250 2944 3303 pacem
2981 3232 3288 3287 Pharaoni.
3314 3254 3342 3281 ››

2238 3320 2426 3390 (Vers.
2484 3324 2599 3390 29.)
2625 3344 2652 3371 ‹‹
2683 3323 2822 3377 Ecce
2872 3325 3093 3393 septem
3134 3320 3271 3376 anni
3322 3318 3557 3374 venient
3618 3320 3808 3373 abun-

2164 3409 2371 3463 dantiae
2418 3426 2643 3482 magna:
2693 3411 2751 3465 in
2825 3413 2985 3465 omni
3063 3416 3217 3466 terra
3283 3408 3584 3480 rEgypti.»
3632 3406 3809 3462 Miror

2162 3499 2454 3569 quomodo
2483 3500 2724 3555 verbum
2782 3499 3130 3555 Hebraicum
3179 3498 3354 3568 (me)
3405 3512 3598 3563 sanan,
3648 3496 3805 3567 quod

2162 3604 2269 3642 nos
2304 3605 2504 3659 supra,
2534 3588 2956 3657 abundantiam,
2988 3589 3107 3644 sive
3148 3589 3474 3652 satietatem,
3525 3586 3583 3640 in
3632 3588 3805 3657 puteo

2162 3692 2337 3747 quem
2356 3676 2628 3732 foderunt
2656 3682 2980 3731 extremum
3016 3676 3163 3732 servi
3196 3675 3377 3743 Isaac,
3436 3673 3799 3745 interpretati

2159 3780 2369 3819 eumue
2394 3782 2407 3819 :
2441 3781 2596 3819 nunc
2614 3764 2996 3835 Septuaginta
3018 3763 3337 3820 rectissime
3360 3764 3798 3828 transferentes,

2159 3852 2239 3907 ibi
2260 3854 2639 3924 juramentum
2664 3852 3029 3924 interpretati
3061 3857 3221 3919 sunt,
3255 3869 3389 3907 eum
3422 3857 3479 3907 et
3510 3853 3804 3924 juramen-

2140 3948 2273 3995 ~tum
2325 3947 2380 3996 et
2424 3950 2625 4013 septem
2678 3946 2735 3997 et
2786 3944 3008 3997 satietas
3074 3947 3130 3997 et
3196 3941 3559 4007 abundantia,
3629 3945 3805 4013 prout

2158 4028 2321 4085 locus
2365 4037 2420 4085 et
2457 4032 2597 4087 ordo
2633 4030 3037 4103 ﬂagitaverint,
3108 4030 3295 4102 possit
3358 4028 3624 4102 intelligi.
3687 4030 3802 4085 Sed

2156 4124 2213 4175 et
2270 4120 2327 4174 in
2376 4120 2873 4191 consequentibus
2921 4120 3070 4175 807
3128 4118 3461 4192 ubicunque
3505 4118 3801 4175 abundan-

2154 4210 2235 4263 tia
2284 4209 2513 4280 legitur,
2557 4210 2613 4263 in
2664 4209 2900 4263 Hebraeo
2970 4208 3126 4263 idem
3193 4209 3434 4264 verbum
3516 4207 3803 4280 scriptum

2155 4304 2260 4353 est.

2225 4388 2408 4457 (Vers.
2461 4387 2627 4457 43.)»
2677 4389 2746 4442 Et
2784 4387 3054 4443 clamavit
3097 4393 3233 4444 ante
3282 4403 3416 4442 eum
3460 4401 3669 4458 praeco,
3739 4389 3802 4441 et

455 4671 523 4723 Τ-
570 4638 1103 4723 αοηίτθι,εθηῖίυηί
1151 4638 1503 4723 ,ί,ηίθῐ“ΡΓθ,ίθδ
1587 4638 1851 4710 Plerique
1896 4638 2034 4723 "alii
2071 4640 2114 4703 D
2146 4650 2261 4706 lius
2308 4670 2325 4706 1
2372 4652 2623 4719 .Eneid.,
2670 4654 2831 4723 Rapti
2875 4652 3187 4708 Callimedis
3237 4653 3484 4708 honores.
3537 4651 3797 4723 Honores

379 4714 603 4768 veteres
634 4714 1031 4782 recentesque,
1064 4711 1280 4781 quibus
1313 4709 1424 4765 loci
1451 4709 1696 4782 “nomen
1748 4709 2036 4782 peculiare

380 4785 472 4839 est
525 4782 736 4838 Chasib
794 4780 931 4838 non'
971 4780 1143 4851 longe
1204 4782 1276 4837 ab
1321 4780 1583 4835 Odollam
1645 4786 1701 4835 et
1750 4780 2033 4836 Mambre.

379 4853 529 4980 Qﬁliﬂ
548 4854 727 4979 etiainll‘
758 4853 975 4909 mentio
1033 4854 1163 4923 ejus
1211 4857 1300 4908 est
1336 4852 1518 4908 Josue
1564 4870 1654 4919 xv,
1691 4852 1777 4919 44,
1830 4857 1886 4906 et
1933 4853 2035 4906 Mi-

379 4940 411 4980 c
456 4941 551 4980 sese
582 4942 621 4980 ι.
736 4966 748 4979 .

379 4929 551 4981 chaere
582 4942 621 4991 ι,
657 4929 748 4979 14.

450 4996 467 5030 ¹
502 4996 565 5052 In
595 5012 705 5051 sua
734 4998 932 5050 autem
963 4992 1446 5063 interpretatione
1477 5009 1545 5047 ex
1593 4993 1826 5047 llebraco
1883 4992 2034 5048 hanc

378 5064 589 5145 ipsam,
624 5082 751 5138 qua":
781 5071 837 5120 et
864 5065 1167 5145 eiByHLXX
1199 5070 1308 5130 est,
1350 5064 1779 5145 ennusitionem
1829 5065 2033 5134 opilio-

377 5135 920 5209 n—is,g_sive—pastoris,
955 5135 1191 5191 Hieron.
1227 5135 1500 5209 praetulit.

450 5207 618 5262 ’Non
663 5204 872 5263 tamen
906 5204 954 5263 'a
999 5218 1130 5296 V13,
1193 5204 1349 5277 quod
1405 5212 1493 5260 est
1546 5204 1910 5296 disrumpere,
1968 5224 2034 5261 ac

377 5296 744 5366 perfringere,
814 5291 1028 5350 nomen
1087 5295 1437 5366 invenerunt
1514 5291 1625 5347 sibi
1713 5293 2030 5366 Pharisirci,

379 5365 482 5491 eis
509 5381 544 5420 a
574 5376 726 5436 WW3,
786 5366 941 5436 quod
1000 5370 1090 5420 est
1141 5365 1403 5431 recedere,
1457 5380 1732 5435 separare,
1792 5365 2036 5420 dividere

381 5451 413 5491 e
478 5476 490 5489 .

381 5451 490 5492 6w.

446 5524 468 5557 ³
498 5522 809 5592 Antiquior
838 5523 1038 5589 Regin.
1077 5542 1183 5578 ms.
1218 5524 1282 5577 de
1327 5524 1644 5578 Catamitho
1700 5526 2028 5593 .srrz'plitent,

376 5594 602 5720 absque
627 5596 695 5648 de
722 5596 866 5648 Jove.
901 5595 1112 5649 Notum
1140 5613 1309 5666 porro
1334 5603 1440 5662 est,
1474 5597 1870 5666 Ganymedem
1930 5599 2027 5650 de-

376 5681 451 5720 no
482 5681 596 5719 ari.
808 5683 822 5691 ·

376 5681 570 5720 ηοιωνι
586 5703 596 5719 .
808 5683 822 5691 “

448 5737 469 5771 ⁵
498 5733 656 5808 Quod
703 5738 997 5801 amasium,
1059 5742 1167 5790 etc.
1219 5737 1491 5808 Amasius
1540 5736 1639 5808 ille
1668 5736 1779 5790 fuit
1808 5738 2027 5808 turpis-

380 5807 571 5862 simus
601 5807 965 5878 Ganymedes
997 5808 1165 5861 Trois
1210 5806 1365 5862 illius
1408 5806 2029 5878 formosissimus,fqui

2147 4723 2290 4778 dixit
2343 4730 2577 4795 propter
2612 4722 3007 4779 ministerium
3069 4723 3433 4796 poculorum,
3502 4724 3573 4778 ad
3640 4722 3797 4796 quod

2147 4793 2416 4864 receptus
2448 4793 2538 4849 est
2568 4800 2787 4850 remota
2849 4796 3005 4851 Hebe
3043 4793 3164 4850 tilia
3194 4794 3465 4858 Junonis,
3507 4811 3633 4865 qua:
3667 4793 3797 4865 Jovi

2145 4865 2345 4947 bibere
2410 4866 3082 4947 minisﬁtrabaLAFIIavam
3118 4864 3800 4947 Ganymedemﬂappellat

2144 4936 2418 4991 Horatius
2467 4954 2520 4991 Iv
2563 4938 2754 4993 Carm.
2814 4937 2933 4993 Ode
2985 4940 3056 4993 li:
3106 4936 3415 5009 Phrygium
3479 4936 3718 5009 Ovidius
3759 4952 3800 4992 Χ

2142 5010 2356 5063 Metam.
2404 5012 2684 5063 Caeterum
2736 5011 3018 5064 Pinccrnaa
3086 5007 3345 5064 ofﬁcium
3414 5025 3530 5063 non
3600 5007 3796 5063 solum

2144 5079 2297 5149 apud
2331 5097 2494 5151 rcges
2527 5080 2826 5146 barbaros,
2878 5081 2979 5135 sed
3031 5081 3183 5151 apud
3233 5096 3398 5151 reges
3441 5080 3793 5151 Francorum

2146 5151 2409 5204 maxime:
2463 5151 2766 5221 dignitatis
2812 5151 2938 5205 fuit.
2984 5150 3130 5207 Vide
3188 5150 3409 5206 tomum
3455 5152 3474 5204 Ι
3520 5150 3587 5205 de
3634 5150 3790 5205 Statu

2144 5225 2406 5291 Franciw,
2441 5239 2498 5293 p.
2529 5225 2618 5276 70.
2657 5222 2938 5277 ΜΑΜἾΑΝ.

2214 5293 2234 5325 ⁵
2264 5292 2455 5347 Antea
2486 5293 2740 5347 multum
2798 5293 3145 5348 inconcinne
3194 5297 3341 5359 erat,
3396 5292 3618 5348 Hebraeo
3673 5308 3794 5347 ser-

2141 5380 2317 5429 mone,
2353 5364 2886 5419 contradicentibus
2933 5369 2989 5419 et
3032 5365 3250 5419 nostris
3301 5380 3444 5418 mss.
3512 5362 3613 5434 qui
3659 5366 3791 5418 tum

2144 5434 2440 5505 Sariagim,
2473 5440 2527 5489 et
2556 5436 2768 5490 Graecis
2798 5435 3010 5491 litteris
3039 5435 3411 5490 CAPl‘ALl‘M
3442 5434 3661 5507 legunt.

2211 5526 2232 5557 δ
2264 5525 2302 5577 Ε
2335 5524 2676 5591 glossatoris
2698 5540 2875 5578 manu
2900 5526 3048 5579 duos
3072 5540 3212 5579 mss.
3236 5531 3287 5579 et
3305 5524 3486 5579 electas
3507 5523 3789 5590 cat-nibus,

2140 5597 2189 5648 et
2212 5596 2509 5665 pascebant
2530 5597 2585 5649 in
2617 5597 2759 5649 aelii.

2214 5667 2231 5698 ⁷
2256 5666 2413 5748 Voce
2441 5670 2602 5748 "fixa:
2636 5683 2750 5748 pro.
2778 5666 2993 5748 palude
3030 5665 3243 5748 utitur.
3284 5681 3526 5748 quoque.
3587 5670 3797 5747 auctor

2141 5734 2552 5863 lliclclesiastici'
2592 5734 2680 5803 xi,
2737 5734 2817 5792 id.
2878 5737 3021 5793 Vide
3077 5734 3333 5809 adnotat,
3402 5734 3660 5796 nostram
3726 5734 3790 5790 in

2172 5824 2201 5863 0
2252 5851 2264 5863 .

2139 5812 2264 5863 Job.

381 5882 588 5951 raptus
604 5878 664 5937 in
689 5877 902 5937 caelum
929 5877 1055 5938 Jovi
1086 5881 1209 5937 erat
1241 5894 1274 5937 a
1301 5877 1548 5950 poeulis.
1597 5879 1676 5937 De
1720 5894 1785 5935 eo
1842 5877 2029 5949 Virgi-
2132 5914 2150 5950 ε
