3992 6398
217 420 386 491 ωιο

1277 426 1508 490 LIBER
1550 426 1784 489 HEBR.
1831 422 2134 497 οῠιεετ.
2180 422 2259 485 ΙΝ
2306 420 2583 486 GENES.

3470 412 3631 486 1060

221 559 531 618 constituit
571 576 705 619 eum
756 577 933 635 super
996 576 1228 618 omnem
1276 567 1492 617 terram
1544 562 1787 635 lEgypti.
1842 583 1869 610 ››
1899 564 1954 629 Α
1984 559 2252 615 Manasse
2284 574 2297 613 :
2332 556 2483 629 quia’
2502 554 2763 613 oblivisci
2788 572 2879 613 me
2911 555 3043 615 fecit
3072 555 3227 614 Deus
3249 556 3515 615 omnium
3546 546 3628 616 la-

220 653 336 706 Pro
368 666 482 722 quo
512 650 719 722 Aquila
748 650 1051 707 transtulit
1081 668 1094 706 :
1130 674 1157 701 ‹‹
1189 651 1258 705 Et
1307 650 1578 707 clamavit
1623 651 1681 705 iu
1733 667 1872 706 con-

1980 648 2189 704 borum
2254 661 2539 711 meorum,
2604 649 2660 700 et
2723 646 2916 701 omnis
2982 647 3192 703 domus
3232 647 3414 719 patris
3485 649 3620 705 mei.

220 743 429 811 spectu
460 740 588 809 ejus
609 740 1198 812 adgeniculationem.
1222 764 1248 789 ››
1272 740 1654 812 Symmachus
1677 739 1873 811 ipsum
1981 736 2204 792 Nomen
2236 739 2434 790 autem
2460 734 2703 791 secundi
2734 735 2954 791 vocavit
2987 734 3283 807 Ephraim,
3334 737 3474 809 quia
3503 754 3628 794 cre-

218 827 576 885 Hebraicum
644 845 975 885 sermonem
1025 830 1419 900 interpretans
1467 828 1549 883 ait
1602 847 1613 884 :
1666 829 1873 884 clama-

219 917 303 973 vit
330 920 458 972 ante
486 932 610 972 eum
636 933 852 972 suasca
878 917 1102 1002 (112R).
1130 917 1291 972 Unde
1322 917 1467 972 mihi
1499 916 1729 973 videtur
1757 933 1873 971 non

221 1008 349 1061 tam
376 1020 584 1076 praeco,
619 1004 737 1060 sive
768 1004 1215 1076 adgeniculatio,
1273 1022 1406 1077 quoe
1455 1005 1514 1060 in
1565 1004 1875 1061 salutando

222 1091 317 1149 vel
363 1092 657 1149 adoraudo
704 1092 921 1165 Joseph
962 1092 1149 1165 accipi
1204 1097 1413 1165 potest,
1446 1092 1826 1166 intelligenda
1861 1111 1873 1149 :

226 1196 409 1252 quam
439 1179 584 1236 illud
618 1182 774 1253 quod
811 1181 1033 1237 Hebraei
1083 1182 1327 1237 tradunt
1373 1183 1630 1239 dicentes
1658 1186 1881 1254 patrem

230 1278 482 1348 tenerum
529 1270 567 1340 ¹,
627 1274 684 1325 et
729 1270 839 1325 hoc
886 1286 1154 1326 sermone
1203 1271 1504 1325 transferri
1549 1290 1561 1339 ;
1619 1289 1691 1326 ΑΒ
1754 1271 1879 1342 (2N)

230 1355 451 1427 quippe
498 1354 714 1411 dicitur
757 1363 935 1427 pater,
1010 1373 1154 1412 που
1210 1358 1327 1443 (T1)
1366 1357 1630 1413 delicatus
1660 1359 1781 1413 sive
1808 1366 1881 1413 te-

230 1446 557 1507 nerrimus;
591 1444 961 1516 signiﬁcante
1011 1445 1331 1517 Scriptura,
1362 1448 1514 1517 quod
1541 1448 1711 1518 juxta
1740 1464 1878 1519 pru-

233 1532 497 1589 dentiam
543 1533 781 1605 quidem
825 1537 989 1605 pater
1038 1534 1304 1590 omnium
1339 1535 1512 1590 fuerit
1544 1553 1556 1591 :
1591 1536 1689 1591 sed
1716 1536 1884 1607 juxta

234 1625 470 1679 aetatem
499 1622 851 1679 tenerrimus
880 1621 1224 1680 adolescens
1253 1628 1311 1679 et
1340 1640 1505 1697 puer.

309 1712 498 1781 (Vers.
531 1711 646 1781 45.)
699 1731 727 1760 «ί
768 1711 837 1765 Et
881 1711 1105 1767 vocavit
1152 1711 1377 1767 Pharao
1425 1729 1636 1769 nomen
1666 1712 1882 1785 Joseph

230 1799 567 1871 Saphaneth
637 1798 887 1868 Phanee,
950 1804 1006 1854 et
1072 1800 1231 1856 dedit
1279 1801 1330 1856 ei
1400 1802 1651 1857 Aseneth
1702 1801 1884 1857 filiam

229 1887 562 1959 Phutiphar
612 1887 932 1943 sacerdotis
982 1887 1341 1960 Ileliopoleos
1404 1889 1464 1944 in
1532 1905 1793 1946 uxorem.
1854 1912 1881 1940 ››

228 1976 392 2031 Licet
441 1976 722 2032 Hebraice
765 1976 875 2031 hoc
926 1993 1159 2045 nomen,
1209 1977 1649 2034 absconditorum
1696 1995 1886 2049 reper-

230 2073 403 2123 torem
432 2070 621 2133 sonet,
658 2070 858 2121 tamen
881 2064 1021 2134 quia
1040 2067 1114 2120 ab
1144 2067 1406 2139 zEgyptio
1438 2067 1890 2140 ponitur,ipsius

228 2153 448 2226 lingua:
480 2155 650 2210 debet
682 2154 894 2209 habere
925 2154 1231 2211 rationem.
1289 2156 1712 2229 Interpretatur
1753 2173 1889 2229 ergo

235 2258 509 2300 sermone
556 2243 819 2315 Egyptio
869 2260 1193 2298 smmum}!
1245 2261 1465 2300 manus
1497 2246 1672 2316 (nnis
1704 2247 1889 2317 nam)

236 2331 364 2387 sive
385 2336 451 2387 ut
471 2331 853 2405 Septuaginta
871 2332 1188 2387 transferre
1204 2333 1534 2402 voluerunt,
1559 2335 1891 2390 Psomthom-

238 2420 520 2477 Phaneeh.
568 2420 825 2476 Salvator
868 2420 1065 2475 mundi
1106 2422 1146 2487 ²,
1196 2439 1262 2477 eo
1294 2424 1447 2494 quod
1496 2424 1696 2479 orbem
1726 2428 1890 2479 terrae

242 2509 321 2566 ab
368 2508 711 2565 imminente
760 2509 933 2564 famis
980 2510 1201 2566 excidio
1230 2510 1516 2568 liberavit.
1556 2513 1889 2568 Notandum

240 2602 467 2663 autem,
519 2599 676 2669 quod
742 2598 965 2654 domini
1024 2600 1323 2670 quondam
1371 2606 1427 2656 et
1474 2601 1753 2674 emptoris
1799 2603 1891 2658 sui

239 2686 428 2743 ﬁliam
454 2703 691 2742 uxorem
724 2686 1011 2759 acceperit
1039 2688 1079 2754 ³,
1110 2688 1212 2760 qui
1241 2689 1311 2743 ad
1360 2688 1419 2743 id
1457 2689 1716 2746 locorum
1747 2707 1891 2763 pon-

235 2776 382 2832 tifex
412 2773 771 2847 Heliopoleos
800 2779 942 2831 erat.
977 2776 1175 2848 Neque
1204 2776 1361 2832 enim
1394 2777 1481 2833 fas
1528 2779 1751 2851 absque
1791 2796 1893 2835 eu-

238 2864 456 2923 nuchis
502 2863 643 2919 idoli
708 2863 868 2920 illius
930 2881 1057 2921 esse
1104 2866 1434 2933 antistites,
1485 2873 1553 2923 ut
1607 2884 1744 2923 vera
1793 2868 1895 2923 illa

238 2954 621 3010 Hebraeorum
673 2970 850 3025 super
897 2970 963 3009 eo
992 2955 1146 3025 quod
1193 2957 1317 3027 jam
1376 2956 1653 3027 diximus,
1699 2959 1893 3030 suspi-

242 3043 337 3098 cio
370 3042 799 3114 comprobetur.

314 3131 502 3204 (Vere.
550 3130 768 3202 50-52.)
819 3153 839 3179 ι
890 3132 958 3186 Et
1003 3132 1219 3204 Joseph
1273 3133 1393 3189 nati
1455 3138 1593 3188 sunt
1641 3136 1757 3189 duo
1789 3134 1894 3190 filii

1984 840 2145 881 scere
2172 840 2265 879 me
2311 824 2448 879 fecit
2490 824 2645 879 Deus
2689 826 2748 880 in
2799 828 2955 881 terra
3002 825 3355 881 humilitatis
3401 842 3561 882 meae.
3599 849 3627 877 ››

1984 914 2239 969 Observa
2268 917 2502 986 propter
2532 914 2937 985 quaestionem,
2972 931 3099 986 quae
3144 918 3275 986 post
3322 915 3629 986 paululum

1985 1003 2056 1058 de
2084 1001 2298 1074 Joseph
2332 1000 2468 1056 filiis
2501 1002 2883 1073 proponenda
2931 1007 3038 1070 est,
3089 1004 3243 1073 quod
3293 1007 3427 1059 ante
3456 1004 3630 1061 famis

1984 1096 2238 1164 tempus,
2284 1107 2400 1162 quo
2442 1089 2621 1145 Jacob
2683 1089 2921 1146 intravit
2970 1091 3029 1145 in
3095 1095 3423 1163 ngyptum,
3483 1093 3630 1148 duos

1987 1183 2219 1236 tantum
2238 1178 2453 1250 Joseph
2480 1176 2631 1233 filios
2661 1178 3231 1245 babuerit,Manasse
3257 1184 3314 1236 et
3334 1180 3629 1253 Ephraim.

1986 1269 2241 1324 Manasse
2282 1284 2496 1323 vocans
2544 1268 2615 1323 ab
2663 1283 2749 1337 eo,
2803 1268 2957 1339 quod
3001 1268 3079 1323 sit
3120 1268 3335 1324 oblitus
3365 1268 3633 1326 laborum

1990 1373 2232 1413 suorum
2291 1374 2303 1411 :
2358 1357 2441 1411 ita
2510 1356 2667 1412 enim
2742 1356 3019 1413 Hebraice
3099 1361 3340 1413 vocatur
3414 1359 3635 1415 oblivio.

1990 1447 2275 1517 Ephraim,
2316 1461 2382 1500 eo
2432 1446 2585 1516 quod
2631 1444 2855 1501 auxerit
2901 1462 3037 1501 eum
3084 1450 3258 1502 Deus.
3303 1450 3372 1501 Et
3413 1462 3482 1501 ex
3528 1447 3637 1503 hoc

1990 1533 2148 1591 enim
2197 1532 2479 1589 vocabulo
2547 1533 2607 1587 in
2656 1532 2920 1605 linguam
2978 1538 3242 1590 nostram
3286 1536 3640 1591 transfertur

1991 1630 2365 1693 augmentum.

2066 1712 2225 1783 (Cap.
2294 1710 2482 1766 XLIII.
2535 1743 2603 1751 ——
2650 1710 2816 1767 Vers.
2874 1711 2983 1782 lt.)
3042 1734 3071 1761 ‹‹
3134 1713 3204 1768 Et
3252 1712 3472 1768 deferte
3517 1712 3640 1769 viro

1994 1817 2260 1869 munera,
2311 1800 2534 1871 aliquid
2586 1800 2814 1867 resinae,
2862 1804 2921 1855 et
2968 1799 3180 1865 mellis,
3236 1800 3564 1873 thymiama
3587 1805 3645 1857 et

1994 1893 2247 1945 stactent
2336 1893 2395 1944 et
2441 1888 2859 1958 terebintbum,
2934 1893 2991 1944 et
3038 1905 3235 1945 nuces.
3289 1910 3317 1939 η
3366 1890 3514 1957 Sive,
3579 1895 3646 1946 ut

1968 1978 2203 2049 _Aquila
2242 1982 2299 2033 et
2358 1976 2744 2051 Symmachus
2806 1976 3253 2043 transtulerunt,
3316 1979 3641 2051 amygdala.

1999 2066 2217 2123 Idcirco
2262 2066 2370 2121 hoc
2420 2065 2743 2137 capitulum
2793 2065 3123 2137 posuimus,
3159 2071 3224 2122 ut
3253 2065 3512 2124 sciamus
3544 2067 3644 2123 ubi

1998 2155 2058 2210 in
2090 2154 2307 2211 nostris
2339 2154 2640 2210 eodicibus
2673 2153 2924 2209 habetur
2952 2155 3278 2226 thymiama,
3312 2156 3372 2210 in
3404 2156 3643 2212 Hebraeo

1998 2259 2127 2300 esse
2153 2260 2404 2299 NECOTIIA
2436 2243 2653 2315 (nam),
2686 2243 2844 2314 quod
2891 2242 3097 2315 Aquila
3147 2252 3417 2300 storaeem
3445 2247 3647 2301 trans-

1999 2333 2153 2388 tulit.
2187 2334 2269 2388 Ex
2297 2349 2412 2404 quo
2442 2332 2630 2387 domus
2688 2333 2914 2387 nechota
2955 2347 3083 2403 quas
3138 2331 3198 2386 in
3232 2331 3383 2388 Isaia
3428 2336 3641 2403 (χχχιχ,

1997 2422 2053 2494 2)
2096 2421 2330 2493 legitur,
2380 2420 2858 2476 manifestissime
2907 2421 3052 2475 cella
3108 2421 3487 2492 thymiamatis
3524 2421 3645 2478 sive

1997 2513 2224 2567 storocis
2270 2509 2639 2583 intelligitur,
2689 2509 2843 2581 quod
2888 2509 2948 2565 in
2979 2509 3081 2565 illa
3110 2512 3370 2565 aromata
3417 2509 3646 2567 diversa

2001 2600 2121 2657 sint
2147 2600 2404 2656 condita.

2071 2687 2255 2757 (Vers.
2324 2688 2437 2759 3t.)
2500 2709 2529 2737 «
2584 2688 2655 2743 Et
2720 2686 3015 2751 biberunt,
3084 2690 3141 2744 et
3168 2686 3444 2743 inebriati
3507 2692 3648 2744 sunt

2002 2792 2137 2832 cum
2170 2793 2255 2832 eo.
2296 2798 2320 2823 ιε
2353 2775 2578 2832 Idioma
2623 2775 2836 2847 linguae
2892 2776 3136 2831 Hebraeae
3182 2780 3293 2843 est,
3320 2780 3385 2832 ut
3413 2777 3646 2833 ebrietae

2002 2874 2111 2921 tem
2158 2881 2260 2936 pro
2303 2866 2553 2921 satietate
2602 2869 2800 2937 ponat,
2848 2866 3003 2921 sicut
3030 2864 3111 2920 ibi
3166 2882 3178 2919 :
3231 2866 3295 2920 In
3334 2864 3649 2922 stillicidiis

2001 2955 2120 3023 eius
2150 2955 2521 3010 inebriabitur
2549 2956 2572 2989 ⁴
2599 2956 2921 3025 geminans
2948 2955 3124 3022 (Psal.
3154 2971 3300 3022 wa,
3334 2955 3438 3023 11),
3480 2953 3637 3011 haud

2004 3043 2250 3098 dubium
2281 3044 2424 3114 quin
2456 3049 2608 3099 terra
2642 3042 2854 3115 pluviis
2886 3043 3146 3115 irrigata.

2074 3131 2232 3203 (Cap.
2270 3131 2456 3187 XLIV.
2509 3160 2578 3172 -—-
2624 3135 2794 3186 Vers.
2850 3131 2930 3201 2.)
2979 3152 3008 3180 ‹‹
3059 3131 3125 3185 Et
3162 3146 3310 3202 pone
3338 3134 3647 3202 argentum

240 3224 563 3292 antequam
634 3219 901 3275 venirent
949 3221 1087 3276 anni
1137 3221 1330 3288 famis,
1376 3240 1522 3295 quos
1570 3225 1795 3296 peperit
1843 3224 1893 3278 ei
1937 3291 1966 3296 μ
2005 3220 2474 3291 uniuscujusque
2504 3219 2562 3274 in
2595 3235 2693 3275 ore
2724 3218 2966 3289 saeculi,
3020 3222 3076 3274 et
3113 3219 3300 3289 condy
3330 3233 3527 3275 meum
3556 3237 3649 3276 ar-

235 3291 494 3366 Aseneth
544 3308 664 3363 filia
712 3307 1089 3381 Phutipharis
1137 3291 1456 3368 sacerdotis
1509 3291 1890 3383 Ileliopoleos.
1925 3291 1967 3358 α
2006 3313 2281 3378 genteum
2309 3308 2332 3343 ⁸
2362 3307 2526 3363 mitte
2552 3307 2611 3362 in
2644 3306 2946 3363 sacculum
2987 3306 3263 3379 junioris.
3315 3328 3343 3357 »
3392 3312 3501 3363 Pro
3529 3324 3651 3364 sae-

238 3397 400 3456 368
448 3396 681 3455 Vocavit
723 3400 920 3453 autem
974 3398 1192 3471 Joseph
1243 3416 1456 3455 nomen
1523 3401 1892 3473 primogeniti

322 3540 339 3616 ἦ
408 3537 669 3616 Videtur;
718 3542 913 3595 autem
949 3556 1025 3616 ea
1054 3539 1299 3616 Origene
1332 3542 1648 3616 delibasse
1677 3544 1779 3616 qui
1836 3544 1894 3599 in

240 3611 480 3683 catenis
528 3610 725 3683 regiis,
757 3615 918 3683 teste
949 3610 1401 3683 Montfauconio,
1452 3614 1535 3670 ita
1579 3610 1757 3671 habet
1788 3633 1800 3670 :
1834 3626 1898 3672 Τὸ

240 3680 499 3751 Ἕόραῖιὸν
572 3680 717 3747 ἕλκ’
757 3680 991 3751 ’Λβρήχι
1054 3682 1081 3730 ὅ
1139 3683 1330 3747 ικυρίως
1388 3680 1666 3747 σημαὶνει,
1736 3688 1898 3751 πατήρ

241 3750 432 3810 ἁπαλὸς
464 3787 478 3811 ,
559 3753 643 3799 καὶ
698 3751 917 3807 εἰκότως.
974 3750 1215 3811 ἐνάπαλος
1288 3756 1449 3817 (forte
1510 3756 1607 3819 leg.
1667 3759 1717 3804 ὲν
1772 3750 1900 3805 dmi-

238 3821 372 3885 λοῖς)
425 3824 519 3887 γὰρ
576 3823 643 3869 ὥν
700 3826 858 3870 una
901 3822 995 3882 τήν
1052 3824 1266 3886 ἠλικίαν,
1325 3826 1385 3884 ὥς
1439 3828 1601 3891 πατήρ
1659 3829 1900 3892 σωτήριον

240 3893 412 3959 ἀρχήν
492 3894 764 3956 Αἰγυπτίοις
854 3894 1138 3954 ἐνεδείξατο
1190 3932 1205 3946 .
1288 3896 1432 3955 δηλοῖ
1510 3898 1562 3946 δὲ
1644 3899 1785 3947 οὐδὲν
1866 3902 1901 3958 ὴ

238 3963 429 4025 λὲξιςῆ
483 3966 540 4012 τὸ
594 3965 844 4027 γονατζειν
878 4003 889 4016 .
949 3969 1138 4031 φανερά
1192 3969 1286 4032 γάρ
1343 3971 1475 4019 ἐστιν
1530 3970 1564 4029 ή
1620 3971 1757 4034 φωνή
1812 3971 1899 4018 τοὺ

241 4043 404 4107 κήρις.
466 4036 851 4111 Hebraicum_
909 4038 1071 4111 habet
1165 4039 1396 4106 Abrech,
1471 4041 1609 4110 quod
1680 4043 1903 4111 proprie

243 4112 414 4180 pater
457 4110 622 4162 tener
666 4109 962 4178 signiﬁcat.
1014 4110 1154 4165 Nam
1198 4127 1324 4164 cum
1370 4109 1528 4166 (etate
1569 4109 1722 4167 tener
1748 4109 1899 4179 esset,

281 4180 410 4233 uasi
461 4186 618 4248 pater
669 4181 970 4235 salutarem
1054 4182 1390 4252 rincipatum
1436 4184 1712 4252 Egyptiis
1740 4184 1899 4237 exhi-

244 4196 385 4306 guit.
435 4250 559 4304 Haec
598 4266 705 4305 vox
748 4259 931 4306 autem
958 4197 1171 4306 Atracia
1224 4252 1369 4306 nihil
1410 4254 1566 4306 aliud
1606 4254 1899 4306 signiﬁcat.

280 4250 385 4305 uit.
435 4250 559 4304 Haec
598 4266 721 4324 vos:~
748 4259 931 4307 autem
958 4250 1171 4324 Abrech
1197 4250 1369 4307 nihil
1410 4250 1899 4324 aliud'signi/icat,

244 4337 416 4403 quam
465 4336 659 4393 genua
688 4321 938 4378 ﬂectere.
972 4323 1138 4378 Clara
1184 4325 1383 4396 quippe
1423 4330 1497 4380 est
1543 4321 1901 4397 vox'praxo-

246 4408 358 4449 ms.

321 4464 345 4499 ³
381 4461 531 4519 Scite
590 4462 1100 4547 Hieronymusad
1160 4466 1556 4547 {Egyptiacam
1614 4466 1901 4547 originem

247 4533 361 4610 has
384 4550 554 4610 voces
583 4535 779 4604 refert,
807 4533 1069 4610 itametsi
1128 4533 1397 4592 nihil'in
1451 4539 1524 4594 iis
1582 4533 1900 4610 sit,"quod

243 4604 591 4681 Hebraicam
620 4606 1033 4681 etymologiam
1083 4610 1457 4681 noanapiat,
1502 4604 1676 4680 juxta
1722 4604 1898 4681 quam

244 4676 592 4804 pervulgata
615 4676 770 4748 apud
800 4676 1004 4735 omnes
1061 4682 1149 4734 est
1180 4678 1279 4734 illa
1317 4676 1758 4764 interpretatio;
1785 4698 1899 4751 qua

289 4748 892 4804 somthom-Phanech
967 4751 1324 4804 obscurarum
1382 4768 1569 4804 rerum
1628 4757 1896 4804 interpres

289 4748 892 4823 somthom-Phanech
950 4751 1324 4823 _obscurarum
1382 4748 1569 4808 rerum
1628 4748 1896 4823 interpres

242 4817 632 4904 dicitursive
655 4823 767 4904 lqui
800 4821 1038 4904 _oeculta_
1069 4822 1225 4904 clare
1264 4826 1530 4904 exposuit.
1564 4817 1897 4904 Bern‘ardus

243 4894 447 4966 tanien
476 4891 536 4945 in
562 4891 725 4966 Notis
748 4892 819 4947 ad
846 4894 1165 4966 Josephium
1193 4891 1344 4949 duos
1375 4897 1595 4966 profert
1623 4895 1897 4965 antiquos

242 4961 561 5039 Scriptura:
592 4964 841 5029 codices,
897 4961 1000 5035 qui
1050 4961 1508 5039 Hieronymi‘anae
1548 4961 1896 5039 expositioni

243 5032 647 5109 suil‘ragentur
680 5052 723 5109 _:
778 5032 1507 5109 Pentateuchum'nempe
1563 5032 1894 5105 Arabicum,

242 5102 476 5180 pridem
518 5105 608 5180 ab
658 5105 925 5179 Egyptia
953 5102 1575 5180 _menu_descriptum,
1609 5108 1669 5166 in
1728 5102 1898 5180 cujus

242 5174 558 5247 inarginali
610 5174 1230 5254 nottgi—‘I’ovﬂoupzvéx
1264 5221 1278 5247 ,
1358 5174 1621 5254 A'rabicis
1702 5174 1897 5254 verbis

243 5255 490 5322 servator
572 5248 770 5322 mundi
809 5248 1275 5322 _interpretatu'r,
1344 5255 1402 5306 et
1476 5252 1895 5307 Octateuchum

242 5321 509 5397 graecum
539 5318 766 5397 collegii
797 5318 1141 5397 pxoniensis
1184 5318 1268 5375 in'
1302 5339 1415 5397 quo
1461 5323 1895 5397 Ψφνοομςραινηὴγξ

243 5385 279 5443 ὅ
334 5386 447 5465 ἐστὶ
487 5385 825 5465 σωτὴρντοῦ
875 5389 1082 5465 κόσμου
1144 5385 1720 5450 Psonthom-Phanéch
1753 5437 1766 5461 ,
1818 5385 1898 5450 "ill

238 5462 672 5537 estLServato’r
734 5462 1168 5537 muudi.'_Vide
1219 5470 1276 5519 et
1335 5465 1411 5519 Le
1470 5466 1763 5537 Moynium
1825 5468 1893 5520 ad

254 5533 420 5591 Varia
465 5549 643 5599 sacra,
697 5551 752 5599 p.
809 5534 913 5588 402
969 5535 1102 5591 Jam
1164 5553 1294 5591 vero
1356 5536 1414 5591 in
1473 5533 1691 5593 nostris
1750 5554 1892 5595 mss.

256 5551 420 5591 varia
465 5551 643 5599 sacra,
741 5576 752 5588 .
809 5551 913 5588 wz
969 5551 1102 5591 dum
1164 5553 1294 5591 vero
1356 5554 1414 5591 1n
1473 5551 1691 5593 nostris
1750 5554 1892 5595 mss.

236 5603 460 5731 legiltur
511 5551 732 5660 Fancc}?
780 5608 930 5672 faue.
992 5613 1049 5661 et
1121 5607 1312 5663 Graece
1368 5608 1697 5679 Spomothon
1752 5611 1894 5680 pha-

237 5692 343 5731 nee
386 5718 399 5731 .

237 5692 399 5734 mea.

312 5730 398 5791 Ᾰ-ὲή
417 5730 725 5820 δαρθαηειή
754 5747 993 5807 Phanae.
1053 5750 1133 5808 De
1163 5749 1270 5807 hoc
1327 5750 1562 5808 nomine
1592 5751 1899 5825 Saphaneth

2010 3398 2146 3467 culo,
2174 3413 2450 3469 peronem,
2508 3395 2593 3452 vel
2641 3398 2850 3468 follem,
2905 3396 2965 3452 in
3013 3396 3248 3452 Hebraeo
3292 3395 3486 3453 habet.
3540 3401 3651 3454 Pro

2008 3540 2226 3596 Phanee
2269 3540 2502 3595 abunde
2549 3538 2980 3612 disputavimus
3018 3540 3080 3612 in
3129 3538 3405 3611 Apologia
3438 3543 3655 3612 nostra

2049 3628 2111 3667 ro
2145 3612 2509 3682 Hieronymo.
2541 3608 2790 3667 Consule
2832 3627 3013 3682 supra
3057 3608 3556 3666 Commentarium
3590 3610 3651 3665 in

2033 3683 2109 3739 ib.
2145 3685 2306 3739 Hebr.
2340 3684 2561 3738 Nomia.
2602 3699 2729 3754 cap.
2760 3686 2813 3738 2.
2846 3685 3117 3754 Mimas.

2082 3755 2105 3787 ³
2130 3755 2361 3826 Reginae
2391 3772 2504 3810 ms.
2539 3750 2850 3825 antiquior,
2903 3752 3054 3821 Quod
3101 3752 3337 3826 hominis
3379 3750 3654 3822 quondam

2010 3822 2266 3898 emptoris
2297 3826 2409 3898 sui.
2442 3822 2709 3882 Diximus
2754 3840 2889 3880 vero
2935 3839 3117 3894 supra
3163 3822 3224 3898 in_
3273 3837 3401 3892 cap.
3434 3838 3651 3898 xxgvn,

2011 3892 2165 3969 hanc
2222 3897 2578 3969 opinionem,
2627 3913 2753 3968 quae
2805 3892 3445 3969 unum—eumdemque
3516 3892 3656 3948 facit

2010 3962 2325 4037 herumfet
2357 3962 2573 4040 postea“
2604 3962 2866 4040 socerum
2916 3963 3157 4036 Josephi
3209 3962 3652 4035 Phutipharem,

2010 4055 2079 4112 ex
2125 4038 2455 4112 apocrypho
2504 4039 2651 4112 libro
2691 4038 3004 4112 ‘Hebreos,_
3032 4052 3107 4112 ex
3159 4050 3409 4107 quorum
3475 4051 3653 4112 sensu

2010 4106 2247 4167 Hieron.
2280 4106 2558 4181 loquitur,
2583 4108 2897 4181 derivasse,
2918 4106 3310 4181 sublestaique
3339 4122 3468 4181 esse
3497 4106 3653 4163 fidei.

2010 4185 2067 4238 S.
2114 4177 2501 4254 Augustinus,
2542 4177 2914 4254 ‘QuaistLIBti,
2965 4178 3150 4235 multa
3181 4177 3453 4254 proponit
3481 4194 3654 4254 argue

2011 4250 2236 4323 menta:
2257 4258 2323 4307 ut
2353 4251 2599 4307 alterum
2633 4250 2828 4307 abillo
2861 4251 3155 4323 diversum
3184 4250 3656 4323 exstitisse_evin-'

2009 4329 2122 4390 cat,
2162 4320 2291 4395 quae
2320 4323 2556 4379 videsis.
2592 4325 2723 4395 Ipsa
2769 4322 3031 4395 nominis
3065 4320 3656 4395 hujusiPhutipharis

2011 4393 2301 4452 elementa
2332 4395 2389 4450 in
2443 4393 2721 4451 Hebraice
2772 4398 2955 4460 textu,
2987 4394 3059 4450 ab
3090 4393 3206 4450 illis
3239 4394 3468 4449 diversa
3496 4395 3654 4462 sunt,

2011 4484 2139 4546 qua:
2170 4467 2563 4546 alteriussive
2614 4466 2791 4546 primi
2822 4482 3045 4546 nomen
3093 4468 3453 4546 componunt
3495 4479 3510 4529 ;
3559 4462 3656 4546 ille

2009 4535 2167 4595 enim
2196 4538 2434 4610 Josephi
2452 4535 2631 4595 herus
2661 4537 2939 4610 scribitur
2958 4546 3152 4610 151:1};
3177 4555 3199 4601 .°
3230 4535 3353 4610 hic,
3379 4535 3501 4610 sive
3525 4535 3655 4610 ejus

2011 4626 2270 4675 socerus,
2304 4604 2535 4665 d'uobus
2588 4609 2802 4678 verbis,
2854 4613 3030 4681 atque
3060 4606 3173 4663 alia
3223 4606 3418 4662 addita
3450 4604 3508 4659 in
3540 4604 3655 4660 fine

2010 4680 2802 4771 ¹ίιεθξξξιγέξἸὲῖεμμμμ.--
2846 4766 2859 4771 -
2914 4680 3147 4771 _’__..-_

2078 4753 2101 4786 ‘
2126 4749 2279 4808 Mss.‘
2300 4752 2483 4808 nostri
2516 4750 2802 4807 laetabitur
2846 4766 2860 4804 :
2910 4749 3150 4819 quidam
3198 4749 3372 4819 etiam
3404 4749 3521 4802 suis
3552 4762 3655 4819 pro

2006 4825 2143 4894 ejus.
2188 4829 2336 4904 Sane
2382 4822 2756 4904 inebriahitur
2791 4820 2851 4904 in
2894 4816 3059 4875 nulla
3102 4818 3279 4875 veteri
3329 4819 3531 4874 Latina
3556 4816 3654 4871 in-

2006 4898 2421 4968 terpretatione
2453 4898 2710 4949 invenire
2741 4898 2849 4948 cst.

2067 4966 2556 5041 fﬂondyumeum
2603 4972 2941 5041 argenteunm.
2990 4961 3225 5041 _Condy,
3254 4960 3407 5041 quod
3451 4959 3654 5041 Δ(ἰιιωθρ

2006 5034 2176 5091 Κὸνδυ
2226 5029 2519 5105 scribitur,
2558 5029 2816 5106 poculum
2844 5035 3124 5106 Persicum
3160 5029 3470 5106 significat
3498 5029 3653 5102 apud

2048 5109 2421 5164 rammaticos
2465 5104 2711 5172 Graecos,
2780 5104 3100 5177 Hesychius
3167 5104 3306 5177 dicit
3334 5120 3463 5159 esse
3486 5117 3654 5174 pocu-

2048 5125 2421 5164 rammaucos
2465 5125 2711 5172 uraecos,
2780 5125 3100 5177 nesycnius
3167 5125 3306 5159 uicit
3334 5125 3463 5159 esse
3486 5125 3654 5174 pacu-

2005 5125 2124 5235 fum
2149 5180 2509 5235 Barbaricam
2541 5177 2967 5233 :Nicomachus
3024 5176 3304 5231 Persicum
3357 5190 3473 5229 esse
3498 5189 3658 5245 pocu-

2008 5253 2125 5307 lum
2174 5251 2359 5307 voluit
2409 5268 2421 5305 :
2470 5250 2787 5305 Athenmus
2844 5264 2979 5303 vero
3028 5248 3342 5302 Asiaticum
3379 5246 3658 5318 poculum,

2008 5324 2209 5379 decem
2243 5321 2565 5395 cotylarum
2597 5320 3120 5395 captantium“:

2080 5425 2146 5435 —
2179 5385 2376 5470 Condy
2406 5385 2974 5470 explicat'Diodorus
3031 5385 3464 5463 ἀπλοπορτήων,
3485 5386 3654 5470 quod

2008 5470 2118 5532 est,
2164 5459 2400 5536 amplae
2442 5459 2716 5536 poculum.
2795 5461 3111 5536 Asiaticum
3163 5459 3449 5536 vas'wesse
3478 5459 3658 5536 tradit

2008 5531 2325 5593 Menander
2379 5531 2455 5591 in'
2497 5537 2792 5593 Adulatore
2847 5552 2859 5590 :
2912 5533 3209 5588 Persicum
3267 5531 3658 5587 Nicomachus

2006 5610 2078 5664 ab
2115 5610 2383 5663 Athenaeo
2415 5607 2692 5663 laudatus
2725 5606 2825 5660 lib.
2861 5623 2937 5671 ιε,
2972 5621 3021 5658 c.
3052 5606 3121 5671 8;
3174 5603 3471 5659 Relandus
3504 5606 3652 5674 part.

2008 5682 2034 5734 1
2070 5679 2307 5737 Dissert.
2340 5678 2580 5737 Miscell.
2624 5677 2883 5733 Indicam
2930 5676 3186 5733 nominis
3242 5673 3528 5749 originem
3557 5673 3659 5729 do!

2008 5755 2118 5809 cet.
