3992 6394
258 391 426 462 4083

1321 395 1552 460 LIBER
1595 394 1829 459 HEBR.
1875 392 2178 468 QUES'I‘.
2222 394 2303 458 IN
2349 396 2626 459 GENES.

3490 373 3664 462 ἰοέι

258 530 446 589 fuerit
473 529 673 588 Jacob.
708 529 869 589 Hanc
901 547 1049 600 rem,
1082 548 1154 588 ne
1183 530 1276 586 cui
1302 531 1566 586 videatur
1602 531 1911 586 adversum
1940 530 1997 597 Α
2023 531 2136 602 ptri
2171 529 2573 603 Joseph,quod
2607 528 2875 588 videlicet
2901 529 3196 588 honorans
3218 529 3662 606 ﬁlium,potesta

267 619 584 693 Scriptura
642 621 1046 678 auctoritatem
1106 620 1288 693 loqui,
1320 619 1494 675 etiam
1530 620 1912 692 Septuaginta

267 710 623 782 Interpretes
653 710 714 765 in
745 709 1189 765 Deuteronomio
1223 711 1300 780 (χ,
1332 708 1421 778 22)
1446 707 1908 764 transtulerunt‘

263 798 422 870 quod
454 798 514 853 in
545 798 917 870 septuaginta
947 798 1257 854 animabus
1285 796 1588 868 ingressus
1619 797 1697 851 sit
1729 797 1912 853 Jacob

267 887 376 959 [AL
408 886 606 957 Israel]
663 886 724 942 in
781 891 1095 960 IEgyptum
1156 886 1213 940 Si
1273 885 1406 956 quis
1470 884 1648 956 igitur
1701 891 1911 942 nostra:

267 975 570 1032 sententiae
601 975 944 1048 refragatur.
979 975 1337 1047 Scripturam
1370 973 1520 1028 inter
1569 990 1630 1028 se
1682 980 1914 1030 eontra-

266 1064 417 1120 riam
449 1065 639 1120 faciet.
671 1063 782 1137 Ipsi
814 1063 970 1120 enim
1004 1065 1388 1137 Septuaginta
1419 1063 1785 1133 Interpretes,
1813 1065 1914 1135 qui

267 1154 364 1210 hic
396 1154 766 1226 septuaginta
794 1154 1054 1225 quinque
1095 1154 1323 1211 animas
1361 1173 1464 1228 per
1491 1163 1755 1227 πρόληψιν,
1779 1171 1914 1209 cum

265 1243 502 1314 Joseqb,
532 1247 587 1298 et
634 1242 884 1314 posteris
918 1243 1042 1298 suis
1091 1245 1403 1316 lEgyptum
1445 1246 1740 1317 ingressas
1787 1258 1916 1298 esse

265 1331 558 1398 dixerunt,
593 1331 652 1385 in
677 1330 1125 1387 Deuteronomio
1157 1333 1530 1405 septuaginta
1560 1337 1792 1390 tantum
1823 1331 1913 1386 in-

264 1425 456 1478 trasse
487 1425 891 1476 memorarunt
924 1421 1025 1487 [AL
1049 1421 1325 1477 introisse
1348 1424 1718 1492 memorant].
1752 1422 1913 1487 Quod

265 1510 319 1565 si
352 1525 383 1565 e
415 1508 703 1565 contrario
741 1508 909 1565 nobis
928 1509 1073 1564 illud
1097 1512 1430 1583 opponitur,
1450 1511 1743 1584 quomodo
1763 1512 1904 1566 311

266 1599 330 1653 in
360 1598 600 1654 Actibus
629 1597 1019 1670 apostolorum
1055 1600 1197 1670 (vn),
1231 1599 1290 1655 in
1323 1601 1603 1656 concione
1634 1599 1914 1671 Stephani

269 1687 499 1742 dicatur
528 1687 598 1742 ad
629 1686 1315 1760 p0pulum,septuaginta
1338 1689 1602 1761 quinque
1632 1691 1654 1724 ²
1687 1689 1916 1744 animas

266 1776 565 1848 ingressas
596 1791 724 1831 esse
753 1776 1064 1848 [Egyptum
1100 1801 1114 1844 ;
1148 1777 1335 1833 facilis
1357 1779 1651 1834 excusatio
1675 1778 1915 1835 est.Non

263 1865 425 1921 enim
456 1864 659 1919 debuit
705 1869 945 1920 sanctus
1005 1866 1214 1930 Lucas,
1275 1866 1372 1937 qui
1421 1867 1608 1938 ipsius
1656 1866 1914 1921 historiae
1947 1897 1995 1964 Β

264 1953 517 2025 scriptor
545 1958 654 2016 est,
689 1953 747 2007 in
779 1957 980 2025 gentes
1011 1956 1262 2009 Actuum
1304 1955 1704 2027 apostolorum
1750 1955 1914 2012 volu-

267 2057 404 2098 men
435 2041 736 2108 amittens,
763 2042 1118 2097 contrarium
1164 2042 1385 2115 aliquid
1417 2044 1671 2099 scribere
1716 2045 1915 2100 adver-

263 2148 372 2187 sus
402 2146 531 2187 eam
562 2129 947 2201 Scripturam,
982 2147 1110 2202 quae
1134 2132 1259 2202 jam
1291 2133 1479 2187 fuerat
1507 2133 1782 2204 gentibus
1828 2133 1915 2188 di-

263 2219 526 2291 vulgata.
561 2219 628 2273 Et
649 2217 851 2290 utique
882 2220 1127 2290 majoris
1159 2221 1450 2294 Opinionis
1493 2222 1591 2278 illo
1636 2225 1918 2281 duntaxat

261 2313 530 2380 tempore
557 2307 936 2380 Septuaginta
957 2309 1346 2381 Interpretum
1369 2311 1702 2368 habebatur
1724 2318 1918 2369 aucto-

263 2396 432 2463 ritas,
466 2411 644 2467 quam
679 2397 871 2463 Lucas,
906 2396 1008 2468 qui
1056 2397 1314 2470 ignotus,
1377 2404 1436 2455 et
1490 2398 1644 2467 vilis,
1699 2405 1756 2456 et
1800 2418 1915 2456 non

261 2500 493 2557 magnae
524 2484 658 2539 fidei
690 2485 748 2540 in
782 2485 1118 2541 nationibus
1169 2487 1269 2552 [ΑΙ.
1321 2487 1615 2560 gentibus]
1664 2490 1914 2546 duceba-

259 2577 382 2629 tur.
430 2573 548 2628 Hoc
597 2576 794 2629 autem
836 2573 1186 2645 generaliter
1244 2577 1696 2641 observandum,
1759 2579 1913 2649 quod

259 2662 606 2734 ubicunque
637 2661 822 2717 sancti
863 2662 1131 2734 apostoli,
1182 2668 1284 2719 aut
1331 2664 1632 2736 apostolici
1678 2665 1786 2721 viri
1832 2666 1915 2722 lo-

261 2755 532 2822 quuntur
561 2751 632 2806 ad
679 2750 944 2823 populos,
1003 2750 1092 2806 his
1150 2751 1498 2825 plerumque
1562 2754 1917 2811 testimoniis

261 2839 613 2907 abutuntur,
648 2855 779 2910 quae
800 2840 924 2910 jam
947 2840 1182 2896 fuerant
1211 2840 1268 2895 in
1283 2842 1556 2912 gentibus
1572 2843 1868 2915 divulgata
1900 2860 1913 2898 :

260 2927 403 2984 licet
432 2927 696 3000 plerique
722 2929 960 2984 tradant
989 2929 1206 2986 Lucam
1225 2930 1663 3002 evangelistam,
1688 2936 1754 2986 ut
1784 2948 1914 3003 pro-

262 3017 538 3090 selytum,
571 3018 845 3073 Hebraeae
875 3017 1101 3073 litteras
1130 3019 1152 3052 ³
1182 3018 1502 3090 ignorasse.

337 3106 524 3178 (Vers.
555 3106 644 3162 28.
676 3109 696 3175 )
726 3129 757 3155 ‹‹
788 3105 1005 3162 Judam
1034 3123 1170 3162 vero
1202 3107 1359 3162 misit
1401 3113 1532 3163 ante
1583 3125 1646 3164 se
1691 3110 1761 3163 ad
1815 3110 1915 3164 Jo-

262 3194 434 3266 seph,
468 3198 533 3249 ut
561 3198 890 3250 occurreret
916 3193 967 3249 ei
998 3195 1068 3249 ad
1103 3195 1306 3250 urbem
1331 3195 1582 3250 Heroum
1613 3196 1672 3251 in
1697 3200 1912 3252 terram

2019 623 2136 675 tem
2169 619 2298 690 ejus
2341 620 2685 688 adoraverit,
2718 638 2853 677 eum
2886 622 2945 676 in
2996 623 3232 678 Hebraeo
3282 622 3467 677 multo
3497 621 3666 679 aliter

2020 707 2248 780 legatur
2281 726 2293 764 :
2322 733 2350 758 ‹‹
2387 709 2451 763 Et
2481 709 2759 778 adoravit,
2794 710 3003 782 inquit,
3027 709 3200 766 Israel
3246 712 3318 766 ad
3367 716 3546 784 caput
3591 712 3666 769 le-

2023 797 2163 852 ctuli
2200 815 2212 864 ;
2253 819 2278 846 ›ι
2311 799 2465 869 quod
2498 798 2741 865 scilicet,
2766 804 3076 871 postquam
3107 799 3158 854 ei
3186 801 3481 870 juraverat
3509 801 3666 857 illius

2023 903 2266 942 securus
2299 887 2370 942 de
2410 887 2709 958 petitione,
2752 905 2926 959 quam
2978 893 3293 960 regaverat,
3343 889 3669 944 adoraverit

2026 977 2204 1030 Deum
2235 980 2434 1031 contra
2466 981 2640 1048 caput
2671 977 2866 1032 lectuli
2899 978 3013 1032 sui.
3057 981 3302 1034 Sanctus
3351 978 3566 1050 quippe
3613 982 3671 1033 et

2023 1064 2139 1120 Deo
2170 1064 2403 1120 deditus
2433 1065 2520 1120 vir
2549 1066 2589 1134 ⁵,
2623 1082 2940 1138 oppressus
2971 1071 3288 1133 senectute,
3321 1066 3404 1122 sic
3421 1067 3671 1125 habebat

2025 1152 2304 1208 lectulum
2343 1155 2804 1225 positum,.372
2845 1159 2912 1210 ut
2959 1156 3082 1227 ipse
3123 1156 3375 1226 jacentis
3431 1155 3668 1211 habitus

2024 1243 2246 1314 absque
2278 1242 2397 1298 ulla
2425 1243 2770 1298 difficultate
2795 1245 2866 1299 ad
2915 1243 3237 1300 orationem
3290 1249 3447 1301 esset
3492 1261 3664 1317 para-

2023 1334 2142 1386 tus.

2095 1419 2254 1491 (Cap.
2289 1420 2538 1476 XLVII].
2576 1453 2640 1462 —
2665 1421 2826 1476 Vers.
2877 1423 2928 1475 1.
2965 1421 2982 1491 )
3035 1444 3061 1470 «
3092 1423 3163 1476 Et
3197 1421 3532 1478 nuntiatum
3581 1427 3671 1478 est

2023 1508 2257 1579 Joseph.
2292 1509 2436 1564 Ecce
2468 1513 2628 1580 pater
2657 1514 2794 1564 tuus
2825 1514 3065 1582 aegrotat
3109 1527 3121 1565 :
3155 1513 3211 1565 et
3240 1510 3377 1565 tulit
3422 1511 3571 1567 duos
3601 1514 3667 1566 fl-

2025 1595 2134 1651 lios
2168 1613 2387 1666 secum,
2419 1600 2715 1653 Masassen
2745 1602 2800 1653 et
2830 1597 3124 1669 Ephraim.
3164 1622 3192 1649 »
3239 1600 3309 1654 Et
3333 1616 3402 1656 ex
3445 1599 3555 1656 hoc
3598 1599 3668 1655 il-

2023 1685 2124 1740 lud
2159 1687 2314 1758 quod
2349 1704 2528 1759 supra
2547 1687 3434 1760 diximus,demonstratur,quia
3451 1689 3668 1761 Joseph

2027 1775 2188 1829 adid
2249 1774 2512 1831 locorum
2571 1778 2592 1811 θ
2651 1777 2800 1831 duos
2867 1780 3093 1832 tantum
3161 1777 3313 1834 filios
3378 1778 3669 1849 habuerit,

2024 1863 2300 1936 Ephraim
2331 1868 2389 1920 et
2412 1865 2747 1921 Manassen.
2780 1865 2836 1918 Si
2867 1865 3023 1920 enim
3054 1869 3188 1937 post
3238 1866 3456 1922 multos
3487 1883 3672 1923 annos

2027 1953 2313 2009 moriente
2342 1953 2521 2009 Jacob
2554 1958 2718 2025 patre
2749 1970 2876 2022 suo,
2910 1954 3058 2009 duos
3080 1956 3488 2011 tantummodo
3520 1956 3672 2012 filios

2026 2041 2192 2096 duxit
2217 2043 2286 2096 ad
2317 2043 2804 2113 benedictionem,
2839 2043 3042 2114 utique
3081 2041 3180 2098 illo
3212 2049 3495 2116 tempore,
3538 2063 3671 2102 cum

2026 2127 2132 2183 ﬁlii
2163 2131 2292 2200 ejus
2321 2145 2603 2201 generare
2633 2147 2748 2186 non
2799 2129 3107 2201 quiverant
3147 2132 3188 2196 ⁷,
3223 2131 3446 2203 parvuli
3500 2137 3674 2205 atque

2023 2216 2327 2285 lactentes,
2358 2217 2418 2272 in
2450 2218 2723 2290 ingressu
2754 2217 2938 2290 patris
2969 2221 3026 2273 et
3052 2217 3298 2276 fratrum
3343 2221 3385 2286 ⁸,
3436 2227 3674 2294 nepotes

2025 2322 2095 2362 ex
2118 2307 2204 2362 eis
2236 2307 2455 2362 habere
2485 2323 2600 2362 non
2633 2307 2839 2379 potuit.

2099 2397 2287 2466 (Vere,
2318 2399 2372 2451 2.
2409 2396 2424 2466 )
2459 2417 2485 2444 ››
2531 2396 2597 2450 Et
2647 2396 3009 2453 confortatus
3059 2396 3255 2464 Israel,
3305 2397 3455 2453 sedit
3499 2414 3675 2468 super

2025 2483 2328 2540 lectulum.
2383 2507 2404 2533 ι
2453 2486 2664 2551 Causa,
2714 2501 2817 2539 cur
2891 2486 3276 2558 Septuaginta
3323 2486 3674 2558 Interpretes

2024 2573 2180 2628 idem
2214 2573 2459 2629 verbum
2486 2573 2656 2628 aliter
2684 2577 2860 2645 atque
2891 2573 3059 2630 aliter
3088 2574 3394 2640 ediderint,
3437 2576 3633 2632 nescio
3658 2595 3671 2644 ;

2026 2662 2134 2718 hoc
2153 2679 2339 2719 unum
2369 2663 2644 2718 audacter
2673 2662 2822 2730 dico,
2857 2663 3011 2734 quod
3034 2662 3229 2735 ipsum
3247 2664 3490 2719 verbum
3511 2667 3674 2721 META

2026 2763 2193 2816 nun,
2246 2753 2401 2822 quod
2451 2751 2546 2806 hic
2594 2751 2654 2806 in
2716 2752 2914 2807 lectum
2987 2752 3435 2821 transtulerunt,
3495 2770 3675 2826 supra

2026 2839 2125 2895 ubi
2161 2839 2439 2907 diximus,
2474 2841 2750 2896 adorasse
2777 2840 2979 2909 Jacob,
3012 2843 3226 2912 virgam
3246 2843 3460 2914 potius,
3493 2859 3672 2915 quam

2026 2928 2290 2984 lectulum
2324 2927 2794 2984 nominaverunt.

2097 3016 2282 3087 (Vers.
2310 3016 2388 3088 5.)
2420 3038 2448 3066 «
2479 3017 2550 3070 Et
2595 3033 2751 3071 nunc
2795 3033 2926 3072 ecce
2953 3019 3069 3073 duo
3116 3018 3219 3073 ﬁlii
3274 3020 3358 3074 tui
3404 3021 3505 3090 qui
3550 3022 3670 3076 nati

2027 3109 2166 3160 sunt
2194 3105 2299 3159 tibi
2333 3105 2390 3159 in
2423 3108 2577 3159 terra
2604 3105 2858 3177 Egypti,
2891 3110 3202 3178 antequam
3234 3108 3490 3163 venirem
3509 3110 3581 3164 ad
3615 3114 3669 3165 te

2026 3192 2086 3248 in
2117 3193 2519 3265 ngypto,mei
2552 3198 2711 3261 sunt,
2758 3194 3036 3265 Ephraim
3087 3199 3143 3250 et
3186 3196 3455 3252 Manasse
3496 3198 3667 3269 quasi

255 3285 562 3340 Ramesse.
597 3306 625 3333 »
662 3284 723 3337 In
757 3283 993 3338 Hebraeo
1024 3298 1130 3338 nec
1157 3284 1362 3338 urbem
1411 3284 1587 3340 habet
1635 3285 1911 3352 Heroum,
1939 3266 1986 3333 Ὀ
2027 3283 2227 3338 Ruben
2277 3286 2334 3337 et
2381 3282 2549 3353 quasi
2599 3282 2794 3337 Simeo
2841 3287 3016 3339 erunt
3063 3284 3227 3339 mihi.
3269 3288 3424 3351 Quos
3470 3266 3666 3342 autem

259 3388 371 3428 nec
399 3375 613 3427 terram
645 3371 940 3437 Ramesse,
975 3373 1075 3427 sed
1106 3373 1450 3428 tantumodo
1498 3374 1705 3429 Gesen.
1758 3375 1912 3431 Non-

257 3460 408 3519 nulli
431 3461 770 3516 Judzeorum
803 3465 1075 3517 asserunt
1104 3462 1126 3494 ⁴
1151 3461 1335 3517 Gesen
1369 3479 1526 3516 nunc
1551 3463 1910 3518 Thebaidem

255 3547 474 3605 vocari.
507 3549 578 3604 Et
605 3548 662 3603 id
716 3550 874 3620 quod
923 3553 1126 3621 postea
1175 3549 1488 3620 sequitur:
1523 3572 1550 3600 «
1585 3550 1754 3607 Dedit
1804 3552 1910 3618 eis,

253 3642 330 3695 ut
377 3637 743 3710 possiderent
787 3637 1018 3710 :Egypti
1061 3639 1167 3709 [Αἰ.
1202 3639 1261 3692 in
1316 3639 1580 3710 [Egypto]
1631 3639 1913 3711 optimam

255 3731 477 3783 terram
508 3725 568 3780 in
591 3723 891 3782 Ramesse.
925 3748 953 3778 »
986 3743 1204 3799 pagum
1242 3728 1612 3784 Arsenoitem
1655 3729 1741 3784 sic
1772 3729 1912 3786 olim

253 3818 536 3870 vocatum
569 3818 904 3870 autumant.

335 3904 492 3975 (Cap.
526 3902 742 3959 XXVII.
775 3935 843 3944 —-
887 3903 1051 3960 Vers.
1093 3906 1185 3972 31,
1220 3905 1236 3976 )
1274 3928 1294 3954 ι
1344 3907 1413 3961 Et
1453 3907 1596 3962 dixit
1650 3907 1723 3976 ei,
1772 3909 1914 3964 Jura

259 3991 434 4060 mihi,
469 3993 539 4047 Et
559 3992 779 4063 juravit
808 3993 858 4048 ei
893 4011 905 4048 :
939 3997 995 4048 et
1017 3993 1278 4049 adoravit
1310 3995 1483 4050 Israel
1515 4000 1714 4051 contra
1745 4013 1912 4052 sum-

259 4080 531 4140 mitatem
579 4081 750 4154 virgae
805 4083 952 4154 ejus.
1009 4105 1036 4132 »
1081 4083 1150 4137 Et
1197 4083 1256 4137 in
1312 4083 1424 4139 hoc
1488 4083 1613 4139 loco
1673 4085 1910 4156 quidam

249 4172 476 4228 frustra
504 4169 789 4226 simulant
818 4172 1093 4226 adorasse
1120 4171 1301 4227 Jacob
1329 4171 1733 4228 summitatem
1784 4190 1905 4230 sce-

327 4328 544 4386 ‘Nunc
576 4329 642 4402 in_
689 4345 802 4402 uno
850 4331 1111 4402 Romano
1161 4330 1476 4402 exemplari
1528 4331 1611 4387 ita
1650 4331 1908 4388 invenire

247 4403 365 4467 est,
392 4400 894 4475 quemadmodum
926 4401 986 4455 in
1022 4418 1128 4457 suo
1161 4400 1554 4474 Hieronymus
1606 4403 1768 4475 legit,
1819 4421 1908 4460 sc-

244 4473 558 4546 ptquintu
578 4474 808 4528 animae.

321 4544 349 4617 Ἀ
372 4543 451 4598 Eo
483 4543 664 4616 igitur
694 4544 959 4617 sensuqin
988 4543 1516 4617 Actisreferuntur
1560 4549 1910 4617 septuaginta

247 4614 642 4740 quin'ﬁue‘quo
676 4630 850 4686 penes
878 4615 1040 4687 ipsos
1070 4614 1208 4696 LXX
1241 4615 1298 4669 id
1344 4621 1454 4697 est,
1505 4614 1908 4693 ρθιίπρόληψιν.
1943 4638 1988 4703 D

321 4686 344 4722 ³
423 4689 627 4740 autum
656 4702 791 4740 vero
831 4687 1016 4740 abest.
1051 4691 1117 4740 ut
1146 4703 1204 4740 1n
1246 4685 1354 4740 hac
1407 4703 1531 4740 inse
1579 4700 1911 4740 versaretur

423 4701 494 4740 an

527 4702 627 4769 IIII"!
656 4685 791 4741 vero
831 4685 1016 4752 abest,
1041 4691 1117 4769 ut
1146 4687 1204 4741 in
1246 4685 1354 4769 hac
1407 4685 1531 4769 ipse
1579 4685 1911 4748 versaretur

243 4755 526 4831 opinione
555 4757 944 4831 Hieronymus
995 4763 1060 4813 ut
1106 4773 1137 4812 e
1184 4755 1664 4831 contrariopost
1708 4780 1909 4819 verna-

243 4827 789 4906 eulumllebraeum
819 4845 1174 4906 sermonem,
1194 4845 1374 4906 quem
1404 4828 1460 4906 in
1484 4827 1639 4906 Luca
1670 4835 1740 4890 ab
1765 4835 1906 4906 ipsis

240 4899 603 4955 incunabilis
661 4900 1053 4972 suponitilib.
1106 4900 1172 4954 de
1226 4899 1621 4971 'Scriptorz'bus
1694 4899 1902 4962 Ecéles.

241 4987 648 5050 c_ap.__vn,cum
679 4971 856 5050 dicat,
908 4971 1085 5050 (ἓνκᾷ
1130 4973 1417 5050 δενγηοη-ἰις,
1467 4989 1639 5050 quem
1695 4994 1906 5050 nempe

240 5043 440 5118 studio
473 5043 854 5118 comparavit,
886 5059 999 5100 non
1020 5044 1303 5118 ignarum.
1339 5043 1454 5098 Nec
1484 5043 1900 5118 dubitandum,

237 5113 513 5170 Judaeum
553 5113 679 5184 jam
721 5114 888 5170 illum
939 5113 1256 5182 exstitisse,
1309 5118 1624 5185 antequam
1675 5113 1902 5177 Christo

238 5185 689 5263 nomendaret,
709 5185 963 5263 maxime
989 5186 1042 5263 si
1087 5186 1263 5263 fidem
1314 5185 1595 5263 adhibeas
1629 5191 1901 5263 antiquis

2023 3371 2390 3444 generaveris
2421 3374 2552 3442 post
2582 3371 2724 3436 hmo,
2769 3371 2857 3426 tui
2901 3377 3092 3428 erunt.
3150 3375 3212 3429 In
3262 3375 3498 3431 nomine
3557 3377 3669 3432 fra-

2025 3467 2180 3516 trum
2212 3462 2233 3494 θ
2261 3475 2502 3516 suorum
2534 3461 2918 3518 vocabuntur.
2955 3485 2984 3513 »
3034 3463 3088 3517 Si
3134 3464 3268 3535 quis
3317 3465 3668 3539 ambigebat,

2024 3550 2180 3622 quod
2229 3548 2602 3620 septuaginta
2665 3550 2874 3604 animm
2930 3551 3275 3608 introissent
3332 3555 3669 3627 Egyptum,

2023 3638 2280 3694 ﬁliorum
2312 3637 2512 3704 Israel,
2545 3643 2604 3694 et
2628 3639 2784 3709 quod
2834 3639 3051 3713 Joseph
3110 3658 3176 3697 eo
3222 3646 3505 3713 tempore,
3553 3635 3668 3714 quo

2027 3727 2330 3801 ingressus
2351 3732 2440 3783 est
2469 3727 2670 3799 Jacob,
2704 3745 2819 3784 non
2851 3746 3080 3797 novem,
3111 3731 3211 3786 sed
3241 3731 3390 3786 duos
3438 3733 3666 3786 tantum

2024 3817 2175 3873 filios
2206 3817 2495 3885 habuerit,
2529 3818 2801 3889 prmsenti
2831 3817 3085 3890 capitulo
3128 3819 3528 3874 conﬁrmatur.
3576 3819 3665 3874 Si-

2023 3907 2261 3979 quidem
2286 3906 2409 3978 ipse
2437 3906 2617 3961 Jacob
2649 3905 2928 3977 loquitur,
2984 3907 3134 3962 duos
3183 3923 3317 3963 eum
3369 3907 3519 3964 ﬁlios
3561 3907 3663 3963 ha-

2021 3996 2243 4062 buisse,
2277 4011 2392 4050 non
2425 4010 2652 4049 novem.
2683 3995 2843 4059 Quod
2875 3998 3072 4049 autem
3104 3995 3264 4060 dicit,
3317 3997 3582 4068 Ephraim
3613 4006 3666 4053 et

2019 4085 2265 4139 Manasse
2307 4085 2445 4137 sicut
2495 4082 2676 4138 Ruben
2726 4086 2777 4138 et
2823 4083 3040 4139 Simeon
3104 4089 3264 4141 erunt
3307 4086 3467 4155 mihi,
3521 4085 3665 4141 illud

2020 4171 2330 4245 significat,
2364 4171 2518 4227 sicut
2545 4171 2750 4227 Ruben
2778 4176 2835 4228 et
2865 4172 3101 4229 Simeon
3125 4174 3252 4230 duae
3275 4175 3464 4232 tribus
3495 4181 3667 4232 erunt

2021 4347 2264 4405 messes,
2299 4347 2367 4386 ex
2389 4346 2514 4405 qua
2545 4329 2776 4386 civitate
2816 4349 3030 4389 nomen
3087 4333 3311 4389 obtinet
3343 4350 3355 4388 :
3391 4335 3544 4405 quod
3597 4351 3666 4390 ex

2020 4402 2402 4478 subsequenti
2438 4418 2585 4478 cap”
2620 4418 2766 4478 versi.
2798 4405 2905 4478 NH,
2928 4406 3301 4478 perspicuum
3333 4402 3440 4478 est.
3476 4406 3664 4478 ‘Reete

2018 4491 2124 4531 suo
2160 4491 2336 4530 sensu
2371 4473 2588 4547 habent
2623 4473 2760 4530 LXX
2785 4473 3039 4543 Heroum,
3064 4473 3206 4547 'quae
3257 4477 3418 4542 urbs,
3476 4475 3661 4531 Ptole-

2017 4565 2162 4602 maeo
2194 4545 2519 4616 Heropolis,
2553 4550 2678 4616 erat
2706 4547 2778 4600 ad
2809 4545 3127 4602 extremam
3161 4564 3319 4602 oram
3352 4547 3518 4602 sinus
3546 4551 3664 4602 Ara

2019 4618 2154 4684 biei,
2186 4616 2285 4689 qui
2318 4615 2376 4671 et
2417 4616 2583 4672 sinus
2602 4615 2920 4689 Ileropolis
2945 4617 3265 4673 dicebatur.

2091 4687 2551 4760 ‘Réginzeimss.
2594 4687 2808 4760 EtDeb
2866 4689 3091 4743 dilectus
3146 4705 3234 4743 mr
3256 4705 3279 4760 ;7
3303 4692 3426 4742 tum
3488 4687 3660 4759 paulo

2019 4759 2300 4831 inferius,
2343 4759 2544 4830 absque
2603 4759 2733 4831 ulla,
2771 4760 3157 4831 impedimento
3214 4759 3283 4814 ad
3336 4760 3656 4831 oratiomm.

2015 4837 2123 4887 etc.
2152 4830 2361 4904 Confer
2391 4828 2908 4900 SJAugnstinum,
2957 4836 3162 4904 quasst.
3225 4832 3347 4894 162,
3394 4829 3450 4883 in
3501 4828 3660 4886 hunc

2015 4904 2156 4960 Gen.
2182 4903 2394 4958 locum.

2084 4977 2104 5010 ⁶
2137 4973 2333 5030 Malim
2370 4989 2437 5027 ex
2463 4971 2780 5027 vetustiore
2813 4972 3042 5044 Reginae
3068 4989 3178 5027 ms.
3214 4971 3446 5044 corrigi,
3477 4971 3549 5027 ad
3600 4971 3658 5027 id

2014 5048 2287 5117 temporis,
2322 5060 2424 5116 pro
2464 5044 2753 5117 locorum._
2783 5045 2863 5099 Ea
2907 5043 3062 5100 enim
3092 5043 3442 5117 _I_iieronymi
3490 5058 3658 5099 mens

2013 5115 2216 5198 θεείῳ
2250 5133 2321 5198 ei:
2351 5119 2471 5170 toto
2499 5115 2757 5197 inferiori
2791 5120 3060 5198 contextu
3091 5115 3294 5198 liquet.

2081 5191 2105 5267 ἶ
2133 5188 2860 5267 Μω’ῐίρηωυεθαίευθναηέ
2885 5205 2904 5240 .·
2939 5185 3202 5267 fortassis
3220 5185 3654 5267 typothetarum

238 5256 602 5330 guctoribus,
654 5257 887 5329 Origeni
955 5257 1098 5330 sive,
1134 5257 1513 5330 Adamantio
1548 5256 1802 5318 cuidam-
1840 5265 1898 5321 in
2007 5261 2167 5326 vitio,
2224 5256 2558 5328 cujusmodi
2617 5258 2904 5313 nonnulla
2977 5257 3092 5314 alia
3149 5256 3420 5330 superius
3493 5257 3657 5314 taciti

235 5326 806 5401 Dialogisadversu's
824 5329 1288 5401 Marcianitas.et
1310 5328 1680 5401 Ephiphanio
1704 5333 1898 5392 Haeres
2007 5326 2412 5388 emendamus.

237 5398 518 5472 L1,H_,qui
553 5416 687 5455 eum
715 5417 745 5456 e
777 5417 1024 5456 numero
1049 5401 1187 5456 LXX
1203 5398 1632 5470 discipulorum
1655 5407 1897 5462 tradunt
2075 5405 2097 5438 ⁸
2121 5404 2276 5458 Idem
2309 5399 2699 5464 Martianaaus,
2760 5401 2820 5472 In
2859 5416 3077 5470 egressu
3128 5401 3327 5472 patris,
3373 5404 3510 5472 etc.,
3565 5416 3654 5457 re-

230 5469 550 5548 exstitisse,
587 5472 864 5548 Praetereo
912 5471 1294 5548 Hebraismos
1349 5469 1406 5548 in
1452 5473 1585 5548 ejus
1635 5476 1894 5548 scriptis,
2005 5474 2496 5548 nuentibu_s_mss.
2533 5475 2706 5548 atque
2735 5469 2906 5526 editis
2937 5469 3414 5544 castigatioribus
3463 5471 3650 5539 libris,

229 5559 353 5619 non
386 5545 824 5600 contemnendae
860 5543 1214 5600 eruditionis
1241 5542 1582 5600 hominibus
1628 5542 1894 5606 observa;
2002 5547 2245 5619 ipsoque
2279 5543 2727 5619 Ilieronymiano
2760 5550 3051 5619 contextu.

227 5618 420 5687 tos.__
471 5684 480 5687 _
1049 5686 1052 5687 ν
1187 5684 1197 5687 Α
2027 5612 2042 5619 ’
2072 5620 2093 5653 θ
2123 5612 2263 5673 Mss.
2299 5615 2416 5687 duo
2445 5612 2879 5687 cumVulgata,
2903 5617 2967 5672 Et
2997 5617 3223 5672 nomine
3249 5617 3512 5687 fratrum,
3540 5618 3648 5670 etc.

301 5683 963 5759 ‘ADixiAssethomniant
995 5705 1008 5744 :
1043 5684 1313 5759 homines
1361 5687 1727 5759 geographia:
1777 5691 1890 5747 im-
2000 5691 2128 5748 Mox
2155 5686 2455 5754 Martian.,
2485 5683 2749 5753 ambigat.

222 5755 606 5829 peritissimi,
640 5757 820 5831 Regio
849 5762 1071 5817 Gessen
1093 5757 1298 5815 eadem
1342 5755 1432 5815 est
1469 5755 1534 5814 ac
1579 5755 1738 5820 terra
1767 5763 1888 5821 Ra-
