3992 6410
398 376 562 455 ωας

1642 386 1706 451 8.
1752 384 2067 453 EUSEBII
2112 384 2576 452 HIERONYMI.

3646 376 3815 452 ωας

405 526 465 582 et
491 538 563 581 ex
591 521 716 581 suis
744 518 1044 579 vocabulis
1092 517 1590 595 appellabuntur;
1641 521 1726 577 sic
1777 522 2050 593 Ephraim
2080 523 2136 588 Α
2165 538 2350 589 meus,
2384 527 2448 577 tu
2498 520 2777 577 fortitudo
2827 536 2957 576 mea
3011 523 3068 576 et
3125 515 3486 592 principium
3542 515 3809 577 filiorum

298 658 299 661 η
408 617 467 670 et
494 613 766 671 Manasse
794 612 922 666 duae
959 612 1115 667 813
1173 611 1364 666 tribus
1401 615 1593 676 erunt,
1632 610 1896 682 duosque
1944 627 2046 683 po-

406 702 578 775 pulos
610 700 1017 773 procreabunt,
1046 704 1103 755 et
1132 700 1215 755 sic
1246 700 1675 755 hzereditabunt
1726 700 2047 773 repromis-

404 790 587 846 sionis
619 795 859 853 terram,
896 788 1051 843 sicut
1103 794 1161 844 et
1205 788 1311 843 ﬁlii
1356 790 1492 843 mei.
1544 788 1774 860 Reliqui
1825 793 2045 855 autem,

402 879 502 945 ait,
537 877 663 944 filii,
697 894 845 949 quos
877 882 1007 949 post
1038 882 1286 933 mortem
1310 894 1499 932 meam
1527 877 1800 949 genueris
1849 883 2047 932 osten-

401 968 545 1023 dens
577 967 830 1022 necdum
861 966 960 1021 illo
1007 971 1267 1037 tempore
1324 971 1679 1037 procreatos,
1730 966 1814 1021 tui
1852 971 2043 1022 erunt.

467 1056 659 1126 (Vers.
692 1056 771 1127 6.)
806 1077 833 1104 «
883 1056 945 1109 ln
1003 1056 1241 1109 nomine
1289 1056 1535 1109 fratrum
1587 1072 1827 1111 suorum
1877 1071 2043 1110 voca-

398 1145 624 1201 buntur
654 1144 713 1199 in
744 1143 1141 1199 haereditatem
1172 1160 1362 1198 suam.
1395 1167 1415 1193 ιι
1452 1144 1598 1211 Non,
1632 1145 1842 1215 inquit.
1894 1145 2043 1199 acci-

398 1232 563 1306 pient
592 1232 907 1304 separatim
940 1236 1173 1302 terram,
1208 1249 1313 1287 nec
1345 1231 1637 1288 funiculos
1660 1232 1924 1304 proprios
1941 1232 2044 1287 ha-

405 1322 649 1387 bebunt,
687 1320 988 1391 utreliquae
1010 1320 1218 1375 tribus.
1254 1321 1353 1375 sed
1382 1320 1442 1375 in
1472 1321 1743 1376 tribubus
1767 1320 2041 1393 Ephraim

397 1415 455 1466 et
484 1411 776 1478 Manasse,
810 1408 979 1479 quasi
1010 1410 1361 1481 appendices
1380 1408 1579 1481 populi
1602 1410 2039 1465 commiscebun

398 1502 516 1555 tur.

468 1588 656 1658 (Vers.
689 1586 779 1641 22.
815 1607 843 1636 α
875 1586 945 1641 Et
974 1602 1079 1659 ego
1123 1587 1255 1642 dedi
1305 1588 1411 1658 [Αι.
1457 1587 1552 1658 (10]
1604 1586 1710 1641 tibi
1764 1586 2040 1642 Sicimam

395 1676 752 1749 praecipuam
784 1690 962 1747 super
1009 1676 1221 1731 fratres
1268 1680 1403 1731 tuos
1428 1677 1465 1743 ',
1497 1692 1673 1747 quam
1726 1676 1921 1746 accepi
1971 1676 2043 1730 de

396 1763 673 1821 manibus
701 1762 1171 1819 Amorrhzeorum
1204 1765 1263 1821 in
1297 1764 1491 1837 gladio
1524 1782 1652 1820 meo
1681 1769 1738 1820 et
1767 1766 2036 1837 sagitta.»

392 1853 611 1910 Sicima
633 1853 803 1923 juxta
831 1856 1088 1907 Graecam
1136 1858 1193 1909 et
1239 1854 1508 1909 Latinam
1558 1854 2042 1909 consuetudinem

2163 626 2451 676 meorum,
2483 611 2668 666 durus
2693 610 2765 666 ad
2796 608 3098 666 ferendum
3128 611 3185 665 et
3214 608 3401 664 durus
3432 608 3808 681 procacitate,

2164 705 2220 755 et
2262 699 2499 771 injuria,
2552 700 2706 756 sicut
2755 716 2905 771 aqua
2960 716 3075 754 non
3138 697 3408 754 ebullias.
3474 698 3810 755 Aseendisti

2162 789 2319 845 enim
2367 805 2543 861 super
2589 788 2869 844 lectulum
2942 787 3127 858 patris
3199 787 3285 841 tui
3349 786 3511 841 Tunc
3578 786 3808 843 violasti

2166 884 2438 948 stratum,
2472 893 2605 933 cum
2633 876 2944 932 ascendisti
2975 878 3015 930 ‘.
3054 898 3081 925 »
3123 875 3186 930 In
3236 874 3473 930 Hebraeo
3521 875 3805 948 scriptum

2165 972 2253 1022 est
2282 986 2295 1022 :
2330 988 2358 1016 ‹‹
2391 967 2593 1022 Ruben
2625 963 3051 1037 primogenitus
3073 980 3261 1025 meus.
3291 969 3354 1018 tu
3380 962 3657 1019 fortitudo
3676 981 3810 1020 mea

2165 1060 2222 1111 et
2251 1056 2573 1127 capitulum
2605 1056 2663 1109 in
2698 1054 2896 1109 liberis
2919 1054 3082 1109 meis.
3114 1054 3298 1124 Major
3326 1053 3399 1107 ad
3430 1053 3804 1124 portandum,

2166 1148 2222 1200 et
2253 1145 2438 1215 major
2468 1145 2693 1200 robore.
2726 1144 2961 1197 Effusus
2992 1148 3083 1197 est
3125 1142 3279 1197 sicut
3322 1157 3495 1212 aqua,
3539 1158 3613 1197 ne
3654 1142 3807 1213 adji-

2163 1233 2303 1289 cias.
2332 1233 2657 1289 Assendisti
2688 1232 2844 1287 enim
2877 1229 3067 1286 cubile
3105 1232 3288 1302 patris
3335 1230 3443 1297 tui,
3494 1234 3550 1284 et
3601 1235 3805 1287 conta-

2165 1322 2404 1378 minasti
2437 1324 2683 1377 stratum
2716 1321 2775 1375 in
2801 1335 3073 1384 ascensu,
3116 1340 3141 1366 ››
3198 1319 3301 1373 Est
3343 1323 3539 1375 autem
3594 1334 3806 1375 sensus

2163 1412 2258 1466 hic
2291 1428 2304 1465 :
2341 1412 2427 1467 Tu
2458 1428 2520 1467 es
2546 1409 2969 1483 primogenitus
2998 1423 3189 1473 meus,
3230 1407 3420 1479 major
3455 1406 3515 1462 in
3579 1405 3802 1475 liberis,

2163 1504 2220 1555 et
2249 1500 2500 1555 debebas
2522 1500 2542 1533 ⁸
2563 1500 2736 1570 juxta
2765 1497 3029 1553 ordinem
3062 1495 3385 1552 nativitatis
3414 1503 3544 1563 tum,
3567 1495 3806 1552 haeredi-

2160 1592 2363 1655 tatem,
2396 1605 2523 1659 quaa
2558 1586 2962 1659 primogenitis
2985 1587 3121 1657 jure
3150 1585 3492 1653 debebatur,
3525 1589 3582 1641 et
3609 1602 3802 1642 sacer-

2162 1678 2386 1731 dotium
2418 1677 2677 1748 accipere
2711 1681 2768 1731 et
2810 1690 3058 1747 regnum
3095 1692 3108 1730 :
3143 1674 3250 1729 hoc
3296 1674 3511 1745 quippe
3554 1674 3614 1729 in
3663 1690 3800 1747 por-

2158 1766 2335 1821 tando
2379 1782 2553 1821 onere
2599 1769 2658 1820 et
2706 1762 3017 1837 praevalido
3087 1762 3292 1818 robore
3346 1762 3797 1818 demonstratur.

2158 1858 2377 1910 Veeum
2410 1855 2549 1926 quia
2580 1852 2856 1926 peccasti,
2889 1856 2945 1907 et
2976 1851 3144 1923 quasi
3174 1866 3347 1921 aqua,
3392 1867 3518 1922 qua:
3566 1851 3801 1907 vasculo

394 1913 687 1997 declinata
744 1947 849 1996 est.
880 1940 1156 2012 Alioquin
1212 1941 1491 1997 Hebraice
1565 1959 1773 1997 SICHEM
1805 1942 2040 2010 dicitur,
2073 1913 2121 1977 Β
2151 1961 2266 2000 non
2297 1913 2546 2009 tenetur,
2577 1913 2895 2013 voluptatis
2936 1913 3158 2011 impetu
3201 1913 3427 1995 eli‘usus.
3469 1955 3551 2005 es,
3584 1938 3802 1994 idcirco

392 2036 458 2085 ut
500 2030 759 2085 Joannes
807 2045 1043 2101 quoque
1101 2030 1459 2103 evangelista
1497 2034 1747 2085 testatur
1798 2035 1905 2097 (ιν,
1937 2031 2035 2102 5):

393 2118 529 2173 licet
555 2118 782 2183 vitiose,
835 2122 901 2172 ut
944 2118 1144 2173 Sichar
1190 2119 1440 2190 legatur,
1500 2135 1662 2174 error
1709 2118 1947 2175 inolevit
1976 2121 2037 2187 ²;

394 2210 453 2264 et
483 2211 755 2263 estnunc
805 2207 1063 2278 Neapolis
1119 2208 1261 2263 urbs
1319 2207 1843 2263 Samaritanorum.
1897 2207 2042 2273 Quia

391 2294 574 2369 igitur
604 2311 813 2350 sxcnem
845 2296 1031 2366 (new)
1063 2294 1267 2367 lingua
1313 2296 1554 2350 Hebraea
1595 2297 1949 2351 transfertur
1980 2296 2039 2351 in

393 2384 703 2450 humerum,
737 2381 982 2455 pulchre
1033 2382 1234 2438 allusit
1289 2384 1361 2438 ad
1422 2400 1654 2450 nomen,
1704 2384 1943 2440 dicens:
1976 2386 2042 2439 Et

390 2490 489 2545 ego
517 2473 653 2529 dabo
686 2472 790 2528 tibi
816 2472 1116 2527 humerum
1146 2489 1342 2528 unum.
1375 2476 1486 2527 Pro
1532 2474 1814 2543 praecipuo
1859 2474 2038 2539 enim,

392 2561 452 2618 id
512 2567 605 2618 est
668 2572 919 2636 ἐξαιρέτῳ,
984 2578 1158 2617 unum
1227 2561 1503 2616 scribitur
1568 2561 1628 2616 in
1696 2562 1931 2617 Hebraeo
1997 2562 2037 2616 ‘.

392 2650 556 2715 Quod
589 2656 785 2707 autem
818 2652 966 2707 dicit
1005 2667 1068 2706 se
1098 2665 1228 2705 eam
1270 2649 1331 2704 in
1361 2666 1495 2706 arcu
1530 2654 1587 2705 ct
1627 2649 1821 2721 gladio
1853 2666 2042 2722 posse-

392 2737 553 2793 disse
604 2756 616 2793 :
664 2756 867 2795 arcum
919 2739 1013 2793 hic
1063 2742 1121 2792 et
1168 2736 1452 2807 gladium,
1494 2738 1795 2808 justitiam
1853 2743 2038 2806 vocat,

389 2841 496 2898 per
547 2842 725 2897 quam
758 2826 989 2892 meruit,
1015 2826 1358 2898 peregrinus
1388 2830 1445 2880 et
1465 2826 1707 2893 advena,
1738 2826 2041 2882 interfecto

396 2914 628 2971 Sichem
684 2920 741 2971 et
796 2916 991 2983 Emor,
1034 2916 1106 2971 de
1168 2914 1427 2986 periculo
1506 2914 1757 2970 liberari.
1826 2916 2042 2970 Timuit

390 3003 572 3069 enim,
604 3007 669 3058 ut
699 3020 879 3076 supra
909 3003 1187 3075 legimus,
1234 3019 1305 3057 ne
1353 3002 1547 3058 vicina
1598 3002 1813 3075 oppida
1865 3008 2041 3074 atque

390 3091 652 3160 castella,
684 3094 757 3149 ob
788 3093 1151 3149 eversionem
1182 3092 1478 3147 foederata:
1513 3092 1696 3161 urbis,
1729 3094 2039 3148 adversum

389 3197 451 3238 se
500 3186 925 3255 consurgerent
977 3182 1131 3248 (Gen.
1179 3181 1372 3252 xxxm)
1419 3197 1431 3234 :
1485 3187 1541 3235 et
1592 3181 1873 3237 Dominus
1922 3198 2037 3237 non

2151 2032 2419 2105 prazcipio
2448 2032 2553 2087 tibi
2587 2038 2652 2086 ut
2679 2030 2832 2086 ultra
2890 2046 3005 2084 non
3054 2044 3278 2099 pecces,
3331 2026 3530 2100 sisque
3582 2027 3641 2082 in
3676 2027 3799 2083 fra-

2150 2127 2310 2178 trum
2342 2137 2609 2183 numero,
2642 2135 2874 2192 poenam
2896 2117 3117 2189 peccati
3148 2117 3317 2173 luens
3346 2117 3387 2171 ⁵.
3420 2117 3573 2188 quod
3603 2117 3799 2189 primo

2150 2210 2332 2283 geniti
2363 2209 2567 2266 ordine
2597 2206 2926 2280 perdidisti,

2223 2299 2410 2370 (Vers,
2442 2298 2478 2352 5
2509 2301 2565 2353 et
2593 2297 2670 2368 6.)
2705 2319 2733 2346 ‹‹
2768 2295 3003 2352 Simeon
3034 2298 3091 2349 et
3121 2292 3253 2350 Levi
3282 2293 3490 2350 fratres
3519 2309 3793 2350 consum-

2151 2391 2463 2443 maverunt
2484 2386 2857 2457 iniquitatem
2891 2382 3320 2440 adinventionis
3350 2399 3506 2439 sum:
3541 2382 3600 2437 in
3646 2399 3791 2438 con-

2152 2475 2352 2530 silium
2386 2490 2588 2531 eorum
2621 2490 2736 2528 non
2766 2472 2959 2528 veniat
2987 2471 3186 2527 anima
3228 2487 3354 2527 mea
3392 2486 3405 2526 :
3438 2474 3496 2526 et
3541 2471 3599 2525 in
3653 2487 3791 2527 con-

2148 2565 2485 2637 gregatione
2535 2578 2738 2618 eorum
2782 2578 2898 2617 non
2947 2558 3256 2615 mmuletur
3291 2561 3461 2631 jecur
3506 2576 3704 2616 meum
3747 2561 3788 2614 ".

2150 2653 2290 2725 quia
2319 2652 2379 2707 in
2431 2653 2622 2707 furore
2671 2667 2777 2706 suo
2826 2649 3243 2706 interfecerunt
3289 2648 3577 2716 homines,
3626 2650 3683 2704 et
3730 2648 3789 2702 in

2150 2742 2437 2798 desiderio
2460 2759 2565 2797 suo
2588 2741 3089 2796 subnervaverunt
3101 2743 3358 2793 taurum.
3389 2760 3417 2787 »
3444 2736 3792 2793 Necessitate

2150 2830 2562 2902 compellimur
2590 2831 2756 2900 juxta
2803 2828 3173 2900 propositum
3224 2826 3417 2899 Operis
3463 2825 3693 2899 longius
3724 2843 3794 2882 ea

2150 2924 2434 2991 repetere,
2510 2935 2638 2989 qua:
2685 2918 2757 2972 ab
2808 2916 3089 2972 Hebraica
3121 2916 3363 2971 veritate
3432 2914 3789 2971 discordant.

2152 3008 2385 3079 Legitur
2416 3006 2570 3062 enim
2593 3006 2673 3061 ibi
2709 3024 2722 3061 :
2758 3027 2787 3055 «
2816 3005 3047 3061 Simeon
3087 3010 3144 3060 et
3193 3005 3327 3060 Levi
3375 3005 3603 3073 fratres,
3654 3020 3796 3060 vasa

2150 3096 2484 3168 iniquitatis
2536 3112 2702 3151 arma
2742 3112 2967 3151 eorum.
3019 3098 3082 3149 In
3149 3110 3429 3150 arcanum
3469 3109 3669 3149 eorum
3719 3110 3793 3148 ne

2147 3185 2323 3241 intret
2363 3185 2560 3241 anima
2627 3202 2775 3248 mea,
2845 3189 2904 3239 et
2968 3183 3027 3238 in
3095 3187 3380 3239 conventu
3435 3198 3657 3248 eorum,
3716 3197 3792 3237 ne

387 3269 550 3326 dedit
578 3271 663 3325 eis
696 3275 762 3325 ut
792 3274 1069 3326 nocerent
1096 3269 1206 3334 illi,
1234 3268 1332 3324 Vel
1384 3274 1535 3324 certe
1586 3269 1678 3324 hic
1708 3269 2034 3342 intelligen-
2067 3272 2111 3339 C
2150 3274 2445 3331 desoletur
2472 3274 2660 3346 gloria
2688 3290 2840 3339 mea,
2874 3273 2916 3340 ⁸,
2947 3272 3087 3344 quia
3116 3272 3176 3327 in
3217 3272 3411 3328 furore
3456 3288 3562 3327 suo
3607 3270 3790 3327 inter-

390 3358 582 3413 dum:
617 3358 778 3413 Dabo
810 3358 918 3413 tibi
952 3359 1440 3429 Sicimam.quam
1473 3357 1667 3412 cmiin
1695 3358 2035 3413 fortitudine
2146 3364 2407 3419 fecerunt
2454 3362 2667 3430 virum,
2726 3367 2784 3417 et
2840 3361 2903 3417 in
2958 3360 3203 3417 libidine
3258 3377 3366 3416 sua
3423 3360 3793 3416 suffoderunt

322 3491 341 3497 -
390 3462 543 3512 mea,
584 3446 708 3502 hoc
767 3451 855 3502 est
912 3446 969 3501 in
1028 3447 1301 3519 pecunia,
1358 3464 1532 3518 quam
1594 3446 1780 3502 multo
1837 3446 2035 3502 labore
2147 3468 2382 3508 murum
2469 3452 2617 3523 (Gen.
2704 3452 2915 3521 xxxvr).
3005 3473 3033 3500 «
3119 3450 3423 3523 Significat
3510 3453 3705 3505 autem
3769 3449 3792 3483 ’

385 3533 697 3607 multoque
727 3536 940 3592 sudore
971 3536 1274 3608 acquisivi.
1310 3537 1471 3601 Quod
1503 3541 1700 3592 autem
1733 3537 1833 3604 ait,
1873 3552 2037 3607 super
2145 3557 2262 3596 non
2303 3540 2397 3596 sui
2447 3539 2673 3595 consilii
2741 3539 2922 3594 fuisse
2992 3538 3146 3610 quod
3212 3538 3444 3594 Sichem
3508 3538 3661 3594 875
3735 3541 3795 3592 et

380 3626 586 3697 fratres
633 3628 771 3694 tuos,
832 3625 1090 3680 ostendit
1136 3626 1360 3697 absque
1405 3630 1560 3680 sorte
1628 3625 1860 3680 dedisse
1904 3640 2033 3679 eam
2143 3630 2320 3684 Emor
2368 3628 2677 3684 fcederatos
2738 3628 2894 3683 viros
2978 3626 3390 3692 interfecerint,
3471 3629 3793 3697 contraque

382 3712 564 3769 tribui
588 3713 831 3786 Joseph.
867 3715 1169 3784 Siquidem
1199 3714 1401 3771 eodem
1452 3713 1576 3768 loco
1629 3712 1896 3784 sepultus
1945 3721 2035 3771 est

383 3802 795 3875 874Joseph,
824 3808 881 3859 et
903 3802 1271 3860 mausoleum
1299 3803 1427 3874 ejus
1460 3801 1541 3856 ibi
1588 3801 1878 3875 hodieque
1904 3820 2030 3860 cer-

382 3896 614 4054 uligip.
652 3980 840 4047 XLIX,
874 4012 941 4023 —
970 3985 1135 4037 Vers.
1164 3982 1243 4053 3.)
1280 4002 1300 4031 ε
1351 3979 1555 4035 Ruben
1604 3980 2031 4053 primogenitus

451 4105 467 4138 ί
525 4104 717 4179 Nostri
782 4122 926 4179 mss,
985 4110 1162 4178 atque
1217 4105 1313 4162 alii
1374 4104 1795 4178 quamplurimi
1856 4125 2031 4179 penes

382 4174 813 4250 Martianaeum,
847 4176 1023 4248 Super
1049 4174 1252 4247 fratres
1282 4174 1421 4245 tuos,
1454 4174 1579 4249 plus
1621 4194 1787 4247 quam
1836 4174 2029 4250 fratri-

382 4246 480 4302 bus
508 4247 644 4317 tuis,
673 4263 858 4317 quam,
892 4246 1000 4302 etc.

452 4316 653 4398 'hQuiu
684 4316 883 4398 potius
914 4318 1221 4398 factum-id
1268 4318 1565 4398 anJudazis
1613 4318 1823 4398 dedita.
1857 4338 2033 4398 Opera

380 4387 441 4444 in
473 4387 981 4444 Samaritanorum
1034 4389 1475 4458 contumeliam,
1526 4390 1677 4444 docti
1718 4390 1825 4445 viri
1871 4387 2029 4449 a'rbi-

378 4463 615 4533 trantur
648 4479 663 4522 ς
698 4476 889 4533 neque
911 4461 1055 4516 adeo
1078 4460 1414 4533 erroremiin
1434 4460 1811 4533 Evangelistae
1833 4465 2032 4521 codice

379 4530 716 4604 inolevisse.
745 4530 843 4586 sed
868 4532 995 4602 jam
1028 4538 1198 4588 antea
1230 4532 1555 4587 obtinuisse
1587 4530 1781 4604 vulgo,
1839 4541 1904 4590 ut
1951 4537 2031 4592 ita

379 4619 594 4678 nomen
627 4602 1042 4678 inﬂecteretur,
1077 4611 1134 4660 et
1157 4620 1267 4678 pro
1302 4616 1456 4678 0:13,
1490 4602 1843 4678 Secemialia
1872 4608 2028 4678 ejus-

379 4674 513 4729 dem
570 4675 772 4746 organi
821 4674 1013 4729 littera
1058 4675 1312 4746 maligne
1359 4674 2032 4741 substituta,-‘diceretur

386 4756 536 4833 ἾΡΨ,
581 4745 794 4812 Sichar,
854 4749 1010 4818 quod
1066 4752 1156 4803 est
1209 4745 1572 4813 mendacium,
1654 4750 1896 4815 falsitas.
1960 4752 2031 4807 Ut

380 4849 601 4905 nempe
623 4834 1040 4905 exprobrarent
1070 4835 1453 4891 Samaritanis
1482 4834 1771 4891 idolorum
1785 4836 2032 4905 cultum,

378 4921 556 5031 (tjuem
590 4904 650 5031 itn
682 4904 761 4962 ila
809 4907 972 4974 urbe,
1025 4925 1141 4963 suae
1180 4908 1374 4980 gentis
1424 4907 1753 4978 metropoli,
1806 4904 2031 4964 consti4

410 4994 592 5031 ueran
630 5017 642 5030 .

410 4994 642 5033 uerant.

446 5049 469 5083 ⁸
498 5049 561 5103 In
586 5047 888 5122 vetustiori
917 5048 1157 5122 Reginae
1216 5066 1327 5104 ms.
1363 5048 1558 5119 idque,
1597 5052 1661 5103 ut
1691 5050 1899 5117 sentio,
1925 5066 2028 5122 fve-

378 5118 522 5186 rius,
548 5120 788 5174 additur
835 5118 1035 5189 AHID,’
1069 5120 1125 5175 id
1172 5129 1252 5175 est
1294 5118 1486 5185 unum,
1534 5125 1640 5175 etc.
1695 5121 1794 5175 Est
1843 5121 2028 5176 enim-

640 5190 922 5247 Hebraico
976 5203 1121 5259 'mN,
1175 5191 1331 5264 quod
1383 5193 1589 5247 eil'eras
1642 5192 1855 5261 AHAD,
1910 5192 2030 5248 sive

450 5330 646 5385 ‘Hinc
674 5333 977 5388 exordium
1035 5332 1289 5393 libellus,
1349 5332 1439 5387 cui
1501 5332 1733 5396 titulus,
1794 5334 2027 5389 Benedi-

378 5403 584 5455 ctiones
612 5401 675 5455 de
697 5402 830 5470 ﬁliis
858 5405 1044 5469 Iacob,
1087 5405 1332 5459 totidem
1368 5408 1483 5458 fere
1540 5404 1732 5459 verbis
1772 5422 1839 5459 ex
1890 5406 2028 5459 sub-

381 5472 1133 5556 sequentinﬁieronymiana
1164 5476 1542 5556 expositione,
1598 5481 1726 5556 tum
1776 5476 2027 5556 ali-orum

381 5559 616 5624 quoque
651 5543 911 5624 Patrum,
944 5543 1254 5624 Augustini
1286 5552 1343 5624 et
1373 5547 1655 5624 Gregorii,
1689 5546 1917 5624 laciniis
1938 5549 2030 5603 de-

377 5616 834 5689 scriptus,q_uem
865 5616 920 5669 in
954 5616 1128 5685 hujus
1158 5616 1637 5689 temiAppmulice
1668 5619 2017 5674 exhibemus

451 5686 472 5719 ⁸
506 5684 632 5740 Duo
677 5684 1084 5767 Reginzegmss,
1120 5684 1500 5767 tresque'_'alii
1553 5706 1734 5760 penes
1790 5691 2026 5767 Martia-

381 5773 596 5824 naaum,
628 5758 847 5829 quibus
876 5765 932 5813 et
960 5758 1305 5815 vetustiores
1333 5758 1621 5817 editiones
1653 5762 2029 5818 consentiunt

2062 4640 2110 4705 D

2139 3719 2238 3790 jus
2271 3717 2431 3790 pacis
2462 3722 2520 3772 et
2549 3716 2942 3773 amicitiarum
2973 3715 3317 3788 sanguinem
3349 3714 3605 3771 fuderint
3624 3714 3795 3771 inno-

2144 3813 2392 3874 eentem,
2427 3810 2484 3862 et
2535 3806 2702 3878 quasi
2749 3806 3003 3878 quodam
3054 3806 3269 3871 furore,
3315 3803 3399 3859 sic
3445 3801 3793 3859 crudelitate

2144 3896 2317 3967 rapti,
2347 3911 2548 3950 muros
2579 3895 2821 3966 hospitae
2853 3893 3019 3950 urbis
3050 3892 3379 3949 everterint.
3407 3891 3569 3947 Unde
3596 3892 3792 3963 sequi-

2141 3988 2240 4040 tur
2269 3988 2325 4039 et
2354 3984 2494 4039 dicit
2527 4001 2539 4039 :

2143 4117 2193 4164 et
2222 4107 2464 4163 sedebas.
2499 4108 2609 4179 Sed
2639 4106 3128 4179 interpunctionis
3151 4121 3384 4177 quoque
3424 4103 3563 4161 vitio
3615 4108 3791 4161 antea

2142 4179 2443 4235 laborabat
2466 4178 2560 4233 hic
2592 4178 2774 4233 locus.

2212 4252 2233 4284 ⁸
2284 4250 2450 4316 Editi,
2509 4267 2723 4321 paenam
2777 4266 2846 4304 ex
2890 4251 3078 4321 pacato
3111 4267 3125 4317 ;
3157 4251 3283 4304 tum
3342 4247 3578 4319 quidam
3635 4265 3783 4304 mss.

2143 4324 2355 4389 lugens,
2390 4339 2493 4393 pro
2518 4324 2692 4375 luens.

2213 4388 2231 4427 τ
2264 4388 2693 4447 Non'azmuletur
2714 4394 2874 4463 jecur
2919 4409 3125 4446 meum.
3165 4392 3381 4447 Eodem
3430 4405 3604 4463 sensu
3645 4388 3788 4462 legi-

2143 4480 2275 4519 mus
2301 4465 2358 4518 in
2385 4465 2615 4519 duobus
2640 4462 2750 4519 ms.
2780 4481 2792 4518 :
2816 4466 2891 4519 Ne
2907 4464 3197 4519 aemuletur
3214 4462 3789 4519 cormeum.Man'ruN

2212 4537 2232 4569 ⁸
2264 4537 2543 4591 Desoletur
2572 4537 2753 4604 gloria
2802 4552 2941 4589 mea.
2996 4536 3090 4590 Sic
3139 4534 3343 4605 legunt
3393 4532 3588 4605 plures
3636 4549 3786 4588 mss.

2141 4607 2389 4661 codices.
2426 4600 2592 4662 Unus
2622 4606 2985 4661 Corheiensis
3036 4605 3157 4660 hazc
3197 4600 3411 4671 liabet,-
3447 4605 3627 4673 gloria
3662 4612 3791 4659 mea

2138 4694 2208 4733 ne
2234 4679 2497 4733 solvatur.
2530 4678 2681 4733 Editi
2714 4683 2886 4733 antea
2916 4676 3070 4741 libri,
3092 4678 3439 4732 dissolvatur.
3464 4681 3528 4729 In
3550 4675 3788 4731 Hebraeo

2146 4754 2235 4804 est
2266 4762 2391 4811 'mn
2424 4749 2621 4804 tehhad
2653 4766 2722 4804 ex
2751 4749 3086 4820 'mVjahhad.
3110 4749 3268 4820 quod
3285 4750 3452 4820 unire
3471 4745 3786 4819 significat.

2146 4765 2235 4804 ese
2266 4765 2391 4811 'mn
2424 4765 2621 4804 lennaa
2653 4766 2722 4804 ex
2751 4765 3086 4820 'muannaa.
3110 4765 3263 4872 quoa
3285 4765 3452 4803 umre
3471 4765 3786 4819 sngnmcat.

2144 4820 2341 4901 Igitur
2361 4820 2499 4901 ΙλξςΧ
2525 4821 2867 4901 interpretes
2888 4832 3010 4901 ’Ἱππ
3041 4820 3129 4901 teh
3150 4837 3235 4875 lar
3257 4818 3527 4901 legebant
3555 4824 3792 4901 propter

2145 4889 2591 4947 similitudinem
2625 4889 2789 4947 Résch
2819 4896 2875 4946 et
2902 4890 3097 4946 Daleth
3142 4904 3195 4957 Ἴ,
3224 4904 3257 4951 ’τ
3292 4889 3493 4945 {unde
3514 4889 3603 4945 est
3631 4889 3789 4961 apud

2144 4962 2298 5030 illos,
2330 4980 2441 5019 non
2472 4964 2791 5028 aemuletur,
2826 4963 2944 5018 sive
2971 4978 3082 5018 non
3110 4961 3419 5018 contendat.
3442 4966 3729 5016 Maurum

2212 5072 2281 5081 -—
2310 5042 2548 5121 Veteres
2578 5040 2817 5121 vulgati,
2844 5058 2936 5121 pne
2980 5041 3352 5121 dissolvatur"
3403 5040 3580 5121 Quod.
3614 5055 3788 5121 porro

2132 5114 2292 5195 jecur
2321 5131 2421 5183 pro
2452 5115 2630 5195 gloria
2663 5110 2810 5195 ΙίξΧ
2837 5112 3287 5195 transtulerunt,
3320 5128 3387 5167 ex
3421 5110 3785 5195 dupliciﬁe-

2142 5182 2347 5240 δι’θὶεώ
2379 5182 2535 5241 vocis
2568 5184 2997 5256 significatione
3020 5184 3176 5256 venit
3202 5196 3332 5251 rm:
3362 5182 3521 5238 enim
3548 5187 3605 5237 et
3626 5183 3789 5254 jeCur

2139 5261 2197 5311 et
2242 5258 2477 5325 gloriam
2534 5254 2705 5311 sonat
2754 5256 3033 5311 :tametsi
3078 5254 3536 5327 glo.ia_semper
3593 5269 3730 5327 cum
3760 5262 3784 5309 Ἴ

2140 5328 2432 5383 scribatur
2461 5337 2616 5387 11:3.
2652 5328 2761 5383 Sed
2794 5344 2981 5399 neque
3011 5324 3155 5399 satis
3177 5325 3393 5381 arridet
3408 5324 3476 5381 ne
3489 5324 3788 5399 desqletur:

2139 5403 2195 5453 et
2224 5399 2467 5471 fortasse
2500 5399 2749 5471 negandi
2800 5394 3185 5471 expungenda
3230 5394 3671 5471 estgparticula,
3720 5400 3787 5450 ut

2137 5470 2767 5541 Hebraeqeonsentiat,
2814 5468 2889 5525 in_
2924 5468 3039 5541 quo
3101 5468 3391 5526 contrario
3468 5484 3645 5541 sensu
3695 5473 3788 5541 est

2140 5553 2264 5600 'mn
2345 5526 2442 5605 NL),
2473 5559 2585 5597 non
2619 5526 2851 5596 unialur
2879 5526 3109 5613 vulgat.
3154 5557 3265 5596 non
3309 5541 3399 5606 sit,
3436 5564 3451 5607 ;
3481 5539 3632 5595 unde
3673 5539 3785 5595 sub

2138 5614 2453 5668 asserentis
2486 5630 2754 5684 persona,
2786 5614 3075 5680 desolc'tur,
3108 5613 3455 5668 dissolvatur.
3568 5682 3571 5685 _

2138 5693 2417 5819 Sl°hUnus
2445 5694 2680 5819 {legium
2713 5710 2849 5763 ms.,
2880 5697 3003 5750 Non
3030 5695 3203 5764 fuisse
3225 5694 3341 5764 ejus
3370 5690 3608 5758 consilii,
3652 5692 3787 5761 quia

2180 5781 2228 5819 to
2270 5780 2377 5819 em.
2410 5781 2440 5819 e
2469 5782 2519 5819 c.

2180 5765 2377 5832 ichem,
2410 5767 2519 5821 etc.
