3992 6400
231 366 399 443 105'}

1276 360 1511 431 LIBER
1556 366 1788 430 HEBR.
1833 364 2136 439 QUEST.
2184 368 2265 428 IN
2310 365 2588 431 GENES.

3481 368 3649 435 1030

307 499 510 572 (Vers.
541 500 623 573 7.)
655 522 683 551 ‹‹
715 498 1060 558 Maledictus
1107 502 1269 557 furor
1313 518 1537 569 eorum,
1578 502 1717 573 quia
1747 518 1883 574 pro-
1913 503 1968 569 Α
1998 500 2074 557 sit
2103 501 2375 557 universa
2400 501 2681 558 facturus.
2723 502 2832 558 Sed
2877 504 2935 558 et
2978 502 3089 557 hoc
3120 501 3449 574 sciendum,
3480 505 3639 576 quod

235 605 383 657 cax;
416 592 474 644 et
501 588 591 643 ira
647 606 872 657 eorum,
932 589 1072 661 quia
1126 590 1309 657 dura;
1373 589 1628 645 dividam
1687 606 1786 645 eos
1826 589 1884 645 in

234 677 440 743 Jacob,
473 681 530 732 et
560 676 897 751 dispergam
923 694 1022 734 eos
1042 678 1102 733 in
1135 677 1331 734 Israel.
1363 700 1391 727 »
1426 678 1553 732 Levi
1585 678 1740 733 enim
1771 677 1888 732 ba:-

234 766 547 821 reditatem
578 767 878 838 propriam
911 784 1025 823 non
1057 767 1298 839 accepit,
1348 767 1449 821 sed
1501 766 1562 821 in
1614 766 1889 822 omnibus

235 853 484 926 sceptris
514 870 733 925 paucas
762 856 939 911 urbes
988 856 1060 910 ad
1112 854 1499 910 habitandum
1546 855 1767 910 habuit.
1809 855 1889 911 De

236 942 474 999 Simeon
499 959 633 999 vero
666 943 728 998 in
757 941 907 998 libro
935 943 1075 1000 Jesu
1107 942 1394 1015 scriptum
1429 946 1517 999 est
1546 944 1723 1014 (Josue
1750 944 1887 1015 xxx),

238 1032 398 1103 quod
424 1035 481 1087 et
508 1030 633 1103 ipse
662 1033 967 1104 proprium
999 1032 1327 1088 funiculum
1367 1049 1484 1088 non
1534 1032 1707 1088 fuerit
1754 1049 1889 1088 con-

239 1124 501 1191 secutus,
534 1121 634 1176 sed
663 1121 735 1176 de
763 1121 921 1177 tribu
950 1121 981 1176 J
991 1122 1107 1177 uda
1155 1122 1438 1193 quiddam
1486 1122 1792 1193 acceperit.
1826 1122 1890 1176 In

242 1208 731 1280 Paratipomenon
772 1209 836 1279 (I,
892 1210 947 1279 ll)
1006 1213 1201 1265 autem
1263 1209 1465 1265 libris1
1525 1209 1892 1266 manifestius

243 1296 541 1365 scribitur,
575 1298 755 1369 quod.
785 1314 919 1353 cum
953 1297 1380 1370 multiplicatus
1428 1298 1655 1366 fuisset,
1689 1303 1747 1354 et
1778 1316 1892 1354 non

244 1386 487 1441 haberet
516 1386 907 1458 possessionis
942 1387 1160 1452 locum,
1209 1387 1413 1443 exierit
1465 1387 1525 1442 in
1573 1388 1891 1443 desertum.

244 1475 496 1540 Quidam
527 1475 903 1546 prophetice’
942 1476 1275 1532 interfectos
1324 1477 1614 1545 homines,
1664 1482 1893 1548 aposto-

244 1562 357 1631 los,
390 1569 447 1617 et
476 1563 899 1620 subnervatum
924 1567 1160 1620 taurum
1182 1582 1215 1620 a
1237 1565 1566 1633 Pharisazis,
1595 1564 1894 1621 Christum

245 1651 731 1723 interpretantur.

320 1741 502 1809 (Vers.
554 1742 634 1812 8.)
689 1763 716 1791 ‹‹
762 1740 937 1809 Juda,
986 1746 1042 1797 te
1086 1741 1413 1799 laudabunt
1462 1744 1668 1798 fratres
1720 1744 1829 1797 tui.
1868 1764 1896 1792 ››

245 1827 395 1894 Quia
420 1828 594 1896 Juda,
631 1828 918 1902 confessio,
955 1831 1075 1885 sive
1118 1832 1259 1897 laus,
1292 1832 1728 1903 interpretatur,
1762 1850 1895 1887 con-
1930 1868 1977 1931 B

247 1922 566 1989 sequenter
639 1917 957 1974 scribitur:
1034 1920 1206 1988 Juda,
1284 1920 1389 1975 tibi
1466 1921 1902 1976 confitebuntur

248 2006 457 2061 fratres
486 2006 572 2061 tui
599 2024 611 2061 :
648 2028 675 2057 ››
707 2007 817 2075 vel,
851 2031 879 2057 ‹‹
915 2012 970 2064 te
1000 2007 1328 2065 laudabunt
1360 2010 1564 2065 fratres
1596 2010 1702 2065 tui.
1734 2033 1753 2059 η

324 2096 511 2167 (Vers.
542 2096 630 2167 9.)
665 2118 688 2142 ι
726 2097 1071 2153 Adorabunt
1100 2102 1154 2153 te
1184 2098 1289 2153 filii
1322 2099 1506 2170 patris
1528 2099 1634 2154 tui.
1659 2099 1901 2156 Catulus

248 2184 441 2239 leonis
468 2184 642 2253 Juda,
676 2201 745 2240 ex
773 2186 1056 2257 germine,
1111 2186 1194 2241 ﬁli
1244 2187 1346 2255 mi,
1398 2187 1734 2256 ascendisti,
1769 2206 1901 2260 pro-

252 2273 542 2329 cumbens
573 2277 637 2328 ut
664 2272 777 2343 leo,
808 2278 865 2329 et
894 2275 1058 2345 quasi
1090 2275 1324 2332 catulus
1354 2275 1558 2332 leonis.
1593 2277 1733 2343 Quis
1772 2294 1902 2333 sus-

250 2360 461 2417 citabit
488 2378 623 2417 eum
644 2360 673 2415 ‘2
704 2383 730 2411 ››
768 2361 927 2418 Licet
954 2363 1024 2419 de
1054 2363 1285 2420 Christo
1311 2366 1531 2437 grande
1557 2366 1902 2436 mysterium

250 2448 355 2517 sit,
386 2452 582 2505 tamen
600 2450 773 2520 juxta
794 2449 1046 2507 litteram
1072 2453 1455 2525 prophetatur
1480 2455 1596 2519 [Αἰ.
1629 2454 1907 2526 interpre-

249 2539 457 2609 tatur],
490 2539 645 2610 quod
678 2555 842 2610 reges
872 2556 941 2595 ex
967 2540 999 2596 J
1008 2543 1124 2597 uda
1151 2558 1255 2613 per
1309 2542 1483 2598 David
1530 2543 1773 2615 stirpem
1805 2560 1903 2616 ge-

250 2630 553 2695 nerentur,
586 2630 645 2682 et
673 2629 828 2700 quod
859 2630 1103 2685 adorent
1131 2646 1266 2686 eum
1298 2646 1499 2687 omnes
1531 2632 1743 2687 tribus.
1775 2632 1901 2687 Non

252 2716 416 2772 enim
470 2716 570 2784 ait,
601 2715 711 2785 ﬁlii
746 2719 942 2773 matris
986 2722 1115 2786 tua’,
1165 2720 1263 2775 sed
1314 2720 1422 2788 ﬁlii
1464 2722 1642 2791 patris
1695 2722 1797 2775 tui.
1842 2725 1908 2776 Et

253 2805 413 2876 quod
445 2804 732 2877 sequitur,
765 2822 835 2860 ex
863 2809 1127 2875 germine,
1162 2808 1247 2876 ﬁli
1292 2810 1391 2875 mi,
1427 2808 1481 2863 in
1533 2809 1770 2864 Hebraeo
1801 2808 1907 2865 ha-

252 2895 379 2960 bet,
409 2893 475 2948 de
503 2896 834 2965 captivitate,
870 2896 957 2965 ﬁli
984 2898 1082 2963 mi,
1115 2897 1413 2952 ascendisti
1431 2915 1443 2965 ;
1479 2902 1544 2953 ut
1574 2899 1909 2955 ostenderet

254 2998 396 3037 eum
440 2982 699 3054 captivos
755 2983 1005 3055 papulos
1062 3000 1192 3040 esse
1243 2987 1602 3042 ducturum:
1650 2992 1706 3042 et
1740 2987 1910 3057 juxta

257 3069 711 3143 intelligentiam
739 3074 1116 3129 sacratiorem
1148 3075 1482 3131 ascendisse
1512 3076 1571 3130 in
1612 3075 1820 3145 altum,
1854 3082 1910 3132 et

261 3158 556 3231 captivam
588 3159 825 3217 duxisse
854 3161 1245 3233 captivitatem
1290 3164 1461 3230 (Psal.
1512 3164 1702 3234 vau).
1755 3163 1905 3232 Sive,

1999 590 2099 645 ubi
2128 607 2234 646 nos
2262 589 2552 663 legimus:
2603 592 2848 662 Alligans
2894 591 2965 646 ad
3011 593 3175 647 vitem
3209 592 3430 663 pullum
3456 609 3641 662 suum,

2000 696 2103 751 pro
2129 680 2330 751 pullo‘
2374 680 2433 734 in
2480 679 2716 735 Hebraeo
2767 681 2953 752 possit
3000 679 3133 753 legi,
3188 681 3378 736 urbem
3415 698 3577 737 suam
3596 682 3638 750 ⁵,

1991 768 2163 837 juxta
2190 768 2463 823 eumdem
2495 785 2735 825 sensum
2758 768 2887 825 aliis
2907 770 3098 825 verbis
3129 768 3382 825 Ecclesia
3400 771 3642 827 demon-

2000 860 2201 923 strata,
2235 856 2305 911 de
2336 873 2450 927 qua
2482 856 2619 911 alibi
2651 858 2935 930 scriptum
2967 862 3091 912 est:
3125 859 3241 913 Non
3257 864 3429 930 potest
3450 860 3643 915 civitas

2001 944 2259 1000 abscondi
2294 961 2463 1017 supra
2508 950 2742 1002 montem
2785 949 2963 1019 posita
3020 948 3243 1016 (Matth.
3294 964 3345 1002 v.
3408 948 3517 1019 15).
3577 946 3646 1003 Et

2000 1034 2279 1090 Fluminis
2346 1035 2578 1105 impetus
2642 1035 2884 1106 laetiﬁcat
2965 1037 3243 1091 civitatem
3306 1037 3406 1092 Dei
3469 1037 3644 1109 (Psal.

2000 1139 2126 1187 xcv,
2157 1123 2233 1193 5).

2074 1209 2257 1282 (Vers.
2294 1212 2359 1265 14
2389 1221 2444 1266 et
2474 1211 2583 1281 l5.)
2622 1233 2647 1260 ι(
2700 1211 2968 1268 Issachar
3014 1213 3235 1269 bonum
3274 1214 3646 1285 desideravit,

2005 1299 2380 1371 requiescens
2410 1300 2560 1354 inter
2581 1300 2803 1355 medios
2824 1300 3029 1369 cleros,
3054 1305 3112 1357 et
3129 1302 3333 1359 videns
3364 1304 3647 1375 requiem,

2006 1388 2144 1459 quia
2174 1388 2327 1443 bona
2356 1393 2464 1455 est,
2498 1393 2553 1443 et
2584 1393 2818 1457 terram,
2862 1390 3000 1460 quia
3030 1390 3301 1462 pinguis:
3337 1393 3652 1464 supposuit

2006 1476 2318 1530 humerum
2351 1493 2526 1531 suum
2561 1477 2631 1530 ad
2664 1476 3074 1543 laborandum,
3124 1484 3182 1534 et
3228 1478 3420 1535 factus
3451 1484 3540 1536 est
3564 1481 3653 1537 vir

2006 1564 2279 1635 agricola.
2316 1587 2341 1614 ››
2378 1564 2439 1619 In
2470 1566 2708 1620 Hebraeo
2739 1567 2821 1619 ita
2853 1567 3138 1639 scriptum
3168 1572 3258 1623 est
3279 1586 3298 1623 :
3329 1592 3357 1619 «
3387 1569 3653 1626 lssachar

2008 1653 2214 1708 asinus
2272 1668 2477 1707 osseus
2524 1654 2567 1719 θ,
2628 1655 2971 1708 recumbens
3028 1654 3180 1710 inter
3233 1656 3537 1728 terminos,
3596 1661 3655 1713 et

2006 1739 2209 1795 videns
2254 1741 2540 1812 requiem,
2593 1740 2731 1811 quia
2778 1741 2933 1796 bona
2976 1746 3085 1806 est,
3127 1747 3183 1797 et
3228 1747 3467 1811 terram,
3514 1745 3655 1816 quia

2010 1828 2254 1900 pulchra
2303 1837 2423 1883 est:
2476 1829 2776 1883 inclinavit
2822 1828 3134 1885 humerUm
3184 1847 3359 1886 suum
3409 1832 3480 1887 ad
3521 1849 3655 1904 por-

2011 1914 2273 1979 landum,
2309 1922 2365 1973 et
2392 1917 2577 1973 factus
2622 1922 2712 1973 est
2758 1918 2817 1973 in
2864 1919 3153 1974 tributum
3196 1921 3475 1977 serviens.
3510 1922 3658 1989 Quia

2010 2007 2239 2078 supra"
2292 2007 2361 2061 de
2426 2006 2682 2062 Zabulon
2732 2006 2976 2077 dixerat,
3029 2009 3183 2080 quod
3232 2009 3409 2067 maris
3460 2010 3656 2084 Magni

2010 2098 2166 2149 esset
2222 2093 2421 2149 littora
2495 2112 2900 2166 possessurus,
2959 2096 3232 2153 Sidonem
3303 2114 3536 2170 quoque
3602 2104 3660 2157 et

2011 2181 2269 2253 reliquas
2328 2182 2620 2238 Phoenicis
2677 2184 2853 2238 urbes
2907 2184 3313 2257 contingeret;
3373 2203 3531 2243 nunc
3585 2188 3659 2245 ad

2012 2270 2498 2326 Mediterraneum
2530 2271 2887 2344 provinciam
2919 2272 3089 2340 redit,
3122 2276 3180 2328 et
3208 2273 3495 2343 Issachar,
3520 2275 3660 2348 quia

2003 2360 2213 2431 juxta8
2244 2358 2640 2431 Nephthalim,
2675 2359 3130 2432 pulcherrimam
3183 2362 3241 2417 in
3290 2361 3528 2419 Galilsea
3569 2380 3659 2420 re-

2012 2447 2265 2520 gionem,
2300 2464 2681 2520 possessurus
2713 2452 2819 2515 est,
2855 2448 3255 2506 benedictione
3294 2468 3403 2508 sua
3431 2451 3660 2509 babila-

2013 2540 2196 2592 torem
2230 2537 2386 2592 facit.
2419 2537 2662 2592 Asinum
2717 2542 2915 2593 autem
2965 2555 3200 2594 osseum
3241 2545 3424 2606 vocat,
3456 2545 3513 2597 et
3541 2540 3663 2597 hu-

2016 2642 2242 2681 merum
2277 2626 2348 2681 ad
2380 2626 2731 2697 portandum
2765 2626 3051 2694 deditum,
3085 2627 3301 2699 quiain
3327 2628 3525 2686 labore
3548 2634 3665 2686 ter-

2015 2733 2089 2770 ra:
2141 2720 2198 2770 et
2244 2714 2523 2770 vehendis
2570 2715 2641 2769 ad
2692 2731 2851 2770 mare
2898 2715 3175 2772 oneribus
3194 2717 3234 2784 θ,
3268 2733 3395 2788 quae
3444 2717 3504 2773 in
3537 2718 3663 2775 suis

2015 2804 2234 2860 ﬁnibus
2265 2805 2677 2871 nascebantur,
2712 2801 3034 2875 plurimum
3083 2803 3393 2873 laboraret,
3426 2806 3665 2879 regibus

2016 2910 2251 2967 quoque
2302 2892 2521 2948 tributa
2566 2898 2963 2964 comportans.
3025 2894 3209 2950 Aiunt
3258 2895 3502 2966 Hebraei,
3560 2913 3665 2970 per

2018 2982 2420 3055 metaphoram
2444 2982 2781 3054 significari,
2816 2983 2968 3054 quod
3003 2982 3335 3055 Scripturas
3366 2989 3601 3042 sanctas
3623 2986 3666 3023 ¹⁰

2018 3072 2110 3127 die
2143 3088 2208 3127 ac
2239 3076 2405 3126 nocte
2435 3072 2749 3142 meditans,
2798 3071 3061 3127 studium
3111 3088 3286 3128 suum
3333 3073 3560 3130 dederit
3589 3075 3662 3131 ad

2020 3160 2427 3227 laborandum,
2451 3164 2510 3215 et
2528 3159 2656 3215 ideo
2677 3159 2729 3214 ei
2751 3175 2956 3215 omnes
2980 3159 3170 3217 tribus
3190 3161 3466 3231 serviant,
3492 3162 3665 3235 quasi

258 3247 417 3320 quod
453 3248 663 3305 melius
691 3253 857 3320 puto,
887 3249 1189 3322 captivitas
1239 3251 1594 3323 passionem,
1628 3268 1908 3308 ascensus
1940 3234 1982 3300 C
2020 3249 2305 3321 magistro
2337 3250 2490 3304 dona
2518 3252 2840 3320 portantes.

255 3338 747 3394 resurrectionem
780 3338 996 3411 signat.

334 3424 517 3496 (Vers.
552 3426 666 3495 11.)
710 3448 738 3477 ‹‹
767 3426 1031 3500 Alligans
1076 3428 1149 3484 ad
1199 3428 1375 3484 vitem
1425 3427 1654 3501 pullum
1704 3447 1901 3498 suum,

252 3518 319 3572 et
346 3514 604 3571 funiculo
637 3514 867 3587 pullum
898 3517 1093 3573 asinae.
1128 3540 1149 3567 ιι
1204 3518 1266 3573 ln
1318 3518 1553 3573 Hebraeo
1583 3518 1663 3574 ita
1706 3520 1901 3590 habet,

249 3603 509 3673 Alligans
546 3604 617 3660 ad
662 3608 826 3661 vitem
867 3607 1083 3678 pullum
1128 3624 1310 3675 suum,
1365 3608 1521 3663 370
1549 3616 1600 3663 et
1626 3610 1687 3663 in
1726 3609 1902 3677 Sorec,

250 3694 343 3764 [ili
367 3694 467 3760 mi,
499 3695 717 3749 asinam
744 3711 904 3749 suam
930 3713 943 3762 ;
969 3697 1125 3767 quod
1146 3695 1414 3752 videlicet
1444 3695 1672 3768 pullum
1706 3698 1904 3767 asinae,

251 3780 352 3836 cui
391 3782 721 3854 supersedit
748 3782 944 3851 Jesus,
980 3783 1089 3839 hoc
1135 3789 1244 3853 est,
1286 3784 1563 3856 gentilem
1598 3787 1900 3858 papulum,

252 3868 439 3925 vineae
471 3871 894 3943 apostolorum,
927 3873 1028 3945 qui
1058 3889 1128 3929 ex
1153 3872 1373 3930 Judaais
1402 3880 1559 3943 sunt,
1594 3876 1904 3946 copulave-

254 3957 355 4013 rit.
390 3959 460 4013 Et
488 3959 559 4015 ad
593 3960 787 4028 Sorec,
819 3961 875 4015 id
937 3966 1027 4017 est
1079 3964 1310 4017 electam
1360 3965 1545 4031 vitem,
1586 3963 1906 4035 alligaverit

255 4047 512 4113 asinam,
562 4049 653 4103 cui
703 4051 1053 4121 supersedit,
1086 4050 1405 4107 Ecclesiam
1450 4068 1519 4106 ex
1566 4052 1904 4111 nationibus

249 4141 689 4209 congregatam.
741 4139 904 4203 Quod
950 4145 1147 4195 autem
1197 4140 1360 4207 dicit,
1390 4140 1476 4211 ﬁli
1502 4142 1601 4207 mi,
1637 4145 1903 4212 apostro-

247 4224 407 4297 phen
432 4226 453 4260 ³
482 4227 553 4282 ad
587 4226 783 4299 ipsum
815 4227 1027 4283 Judam
1058 4229 1217 4298 facit,
1270 4228 1423 4300 quod
1476 4228 1745 4285 Christus
1779 4230 1903 4287 hinc

323 4383 595 4460 ‘_Nomen
632 4385 812 4460 libris,
849 4389 1002 4460 quod
1033 4389 1252 4453 deerat,
1285 4389 1624 4445 sulfecimus
1656 4406 1724 4445 ex
1754 4407 1900 4447 mss.

244 4455 371 4532 ᾼυι
399 4460 553 4532 certe
584 4473 717 4513 cum
748 4455 1003 4515 Victorio
1032 4459 1348 4532 legendum
1392 4466 1517 4516 erat
1545 4462 1812 4519 absolute
1841 4465 1900 4518 in

243 4528 714 4595 Paralipomenis.

2084 3339 2272 3408 (Vers.
2307 3338 2375 3391 16
2404 3341 2462 3393 et
2518 3338 2708 3409 seqq.)
2768 3360 2795 3386 «
2857 3337 2980 3393 Dan
3032 3338 3327 3409 judicabit
3378 3341 3665 3414 populum

2015 3443 2211 3494 suum,
2245 3425 2401 3481 sicut
2429 3427 2576 3481 877
2633 3442 2818 3481 unum
2868 3427 2939 3481 de
2988 3427 3238 3500 sceptris
3287 3428 3483 3486 Israel.
3538 3430 3667 3488 Fiat

2018 3521 2135 3571 Dan
2168 3514 2405 3570 coluber
2434 3514 2493 3569 in
2541 3514 2656 3580 via,
2709 3514 2948 3586 regulus
2991 3514 3052 3570 in
3102 3516 3332 3583 semita,
3384 3520 3661 3576 mordens

2015 3603 2265 3678 ungulas
2296 3604 2453 3675 equi,
2476 3607 2541 3659 ut
2569 3603 2734 3659 cadat
2768 3604 2875 3675 [AL
2910 3608 2966 3659 et
2994 3605 3182 3675 cadet]
3222 3622 3499 3663 ascensor
3527 3609 3657 3680 ejus

2014 3702 2393 3750 retrorsum:
2461 3691 2810 3748 salvatorem
2870 3695 3240 3765 exspectabo,
3306 3694 3572 3751 Domine.
3625 3719 3656 3748 ι»

2013 3783 2262 3839 Samson
2304 3783 2488 3853 judex
2533 3781 2593 3836 in
2642 3781 2841 3849 Israel,
2897 3783 2967 3837 de
3014 3782 3171 3837 tribu
3221 3786 3339 3836 Dan
3376 3782 3503 3837 fuit.
3537 3784 3658 3840 Hoc

2013 3890 2149 3945 ergo
2181 3871 2358 3927 dicit:
2393 3870 2558 3925 Nunc
2586 3869 2787 3925 videns
2820 3869 2877 3922 in
2926 3868 3136 3941 spiritu
3169 3885 3397 3925 comam
3431 3871 3659 3929 nutrire

2012 3963 2260 4018 Samson
2282 3960 2617 4014 Nazaraeum
2642 3962 2830 4024 tuum,
2854 3958 3135 4029 caesisque
3160 3958 3430 4015 hostibus
3459 3960 3663 4017 trium-

2012 4051 2224 4122 phare;
2279 4048 2431 4120 quod
2480 4046 2539 4101 in
2589 4045 3037 4102 similitudinem
3086 4047 3307 4103 colubri
3356 4049 3659 4122 regulique

2012 4136 2339 4194 obsidentis
2367 4135 2510 4201 vias,
2545 4134 2772 4190 nullum
2807 4151 2908 4206 per
2935 4140 3151 4193 terram
3185 4137 3364 4193 Israel
3404 4138 3659 4195 transire

2013 4225 2345 4298 permittat:
2380 4224 2481 4280 sed
2506 4224 2626 4297 [ΑΙ.
2659 4223 2835 4295 sicut]
2865 4224 3039 4280 etiam
3072 4225 3120 4281 si
3153 4225 3288 4298 quis
3313 4226 3662 4284 temerarius

2083 4386 2236 4459 {Est
2260 4385 2431 4459 enim
2471 4386 2540 4459 in
2591 4385 2828 4459 Hebraeo
2865 4397 2976 4447 ma
3028 4399 3159 4459 mn
3203 4388 3427 4459 Asinus
3454 4402 3660 4459 osseus.

2013 4457 2157 4514 LXX
2189 4456 2438 4513 solemni
2470 4456 2677 4514 litteras
2706 4470 2736 4517 Ἴ
2760 4457 2816 4513 in
2842 4470 2877 4517 Ἰ
2909 4458 3232 4514 mutatione
3255 4458 3503 4530 legerint
3527 4456 3658 4519 Ὅτι

2011 4530 2362 4585 desideravit.
2397 4534 2506 4584 etc.

318 4598 340 4630 ³
371 4597 603 4673 Etcum
664 4602 875 4673 primis
933 4601 1334 4659 Tertullianus
1388 4601 1534 4658 satis
1574 4602 1903 4661 luculenter
1934 4605 1979 4668 D
2082 4603 2100 4635 ’ί
2134 4601 2283 4656 Sunt
2330 4601 2429 4673 qui
2458 4598 3016 4673 putantfcbhsupra
3055 4598 3272 4673 indicio
3309 4615 3466 4673 esse,
3499 4597 3659 4670 quod

238 4667 351 4723 lib.
384 4667 908 4746 adversus‘lludmos,
958 4691 1086 4746 cap.
1140 4673 1224 4746 1,0,
1278 4695 1305 4721 ‹‹
1340 4674 1500 4729 Idem
1534 4674 1645 4729 erit
1674 4681 1731 4730 et
1761 4675 1897 4731 alibi

235 4745 453 4827 taurus
511 4744 705 4827 apud“.
727 4746 995 4827 eamdem
1022 4744 1428 4827 ;Scripturam.
1474 4748 1627 4827 (Cen.
1662 4749 1901 4827 xnix,_6)

235 4761 453 4797 taurus
511 4761 665 4869 agna
727 4761 995 4800 eamdem
1055 4761 1428 4827 scripturam.
1474 4761 1627 4827 tuen.
1662 4764 1811 4813 xux,
1846 4761 1901 4818 ῡ)

234 4827 382 4867 cum
412 4812 612 4896 Jacon,
648 4815 890 4896 Simeon
931 4817 1153 4896 e_t_Levi
1204 4818 1902 4896 exporrigitbenedictio-

239 4899 404 4959 nam,
444 4884 532 4959 ‘de‘
572 4887 791 4942 Scribis
843 4893 899 4943 et
947 4884 1657 4959 Phariaca-prophetat;
1691 4906 1760 4945 ex
1785 4889 1903 4945 illis

237 4954 404 5031 enim
427 4955 739 5031 deducitur
762 4976 972 5014 sensus
1004 4959 1262 5031 illorum.
1292 4954 1714 5031 Interpretatur
1742 4961 1901 5017 enim

239 5024 631 5104 spiritualiter
652 5030 757 5096 sic,
783 5031 1018 5087 Simcon
1049 5037 1107 5085 et
1137 5030 1267 5104 Levi
1293 5024 1659 5104 perfecerunt
1685 5032 1903 5104 iniqui-

238 5101 426 5153 tatem
479 5115 547 5174 es
592 5118 700 5156 sua
747 5107 924 5170 secta,
975 5119 1092 5174 qua
1137 5101 1360 5174 scilicet
1407 5102 1703 5158 Christum
1764 5101 1905 5159 sunt

237 5172 562 5295 Eerseeuti,
595 5178 705 5229 etc.
745 5196 771 5222 ››
823 5174 966 5229 Vide
994 5172 1073 5229 ‘et
1119 5173 1458 5244 Origenem,
1505 5173 1706 5230 homil.
1746 5176 1811 5230 17
1841 5176 1901 5230 in

292 5255 451 5295 cnes.

292 5255 451 5295 CD68.

314 5310 336 5344 ³
363 5312 755 5399 ειρρδινορΙιθηί
786 5321 896 5399 etc.
942 5316 1066 5372 Duo
1116 5332 1259 5372 mss.
1322 5315 1550 5371 codices
1597 5316 1791 5373 Graece
1822 5316 1897 5374 le-

241 5386 400 5455 gunt
430 5386 801 5462 ἀποστροφήν.
825 5389 1111 5444 MARTIAN.

314 5451 823 5539 ‘qusdem‘nempe
872 5459 1082 5539 litteris
1123 5468 1249 5539 fin],
1280 5461 1357 5539 .et
1407 5459 1599 5539 pullus
1628 5462 1685 5514 et
1711 5461 1903 5539 civitas

229 5524 515 5603 scribitur
538 5546 550 5596 ;
577 5524 818 5603 tametsi
845 5533 1081 5603 pullum,
1111 5530 1241 5586 hair
1264 5524 1479 5585 dicunt
1502 5531 1898 5595 Massoretbaa,

225 5598 533 5667 civitatem,
569 5599 679 5655 hir.

308 5669 329 5702 ⁵
359 5668 759 5746 Urbemsuam.
784 5673 1059 5730 Hebraeus
1082 5683 1223 5737 mur
1245 5676 1327 5746 iro
1358 5670 1566 5746 habet,
1592 5674 1747 5745 quod
1772 5673 1901 5746 pul-

230 5738 358 5799 lum
387 5755 568 5813 suum,
600 5743 689 5804 vel
719 5746 914 5806 urbem
940 5762 1100 5805 suam
1129 5745 1423 5819 signiﬁcat
1441 5785 1456 5807 .
1502 5738 1792 5806 Μλῇτιληζ

2013 4668 2632 4744 (ίυεθᾶειωίθὶςοὶᾀὸιυὶῐιῑ
2688 4671 2760 4725 de
2818 4668 3271 4744 Hieronymiano
3309 4668 3418 4725 hoc
3448 4668 3659 4744 opere;

2015 4740 2151 4799 nam
2183 4744 2255 4797 de
2283 4742 2541 4797 Zabulon
2573 4747 2630 4797 et
2659 4742 3029 4812 possessione
3056 4740 3203 4795 nihil
3232 4757 3416 4812 supra
3434 4740 3661 4797 dictum

2015 4817 2086 4871 ab
2119 4832 2185 4870 eo
2217 4820 2324 4869 est.
2359 4815 2614 4869 Tantum
2646 4811 2755 4867 σοι.
2789 4813 2948 4874 4034,
2996 4812 3068 4867 de
3114 4811 3418 4867 nativitate
3448 4812 3579 4881 ejus
3608 4815 3668 4867 et

2016 4887 2253 4942 nomine
2287 4902 2502 4958 pauca._
2523 4884 2738 4958 Verum
2772 4900 2901 4958 non_
2920 4882 2990 4937 de
3018 4883 3126 4938 hoc
3158 4900 3285 4951 suo,
3318 4883 3419 4938 sed
3450 4884 3521 4937 de
3565 4898 3667 4939 sa-

2014 4975 2110 5013 cro
2144 4954 2461 5028 ipso'textu
2490 4955 2753 5028 loquitur
2780 4956 2833 5009 S.
2870 4954 3055 5009 Pater.

2085 5032 2105 5063 ⁸
2139 5028 2278 5084 Mss.
2315 5029 2451 5094 duo,
2484 5028 2787 5098 quijuxla.

2086 5101 2194 5155 9In
2244 5117 2359 5155 uno
2404 5096 2609 5169 Regia.
2662 5114 2809 5169 ms.,
2847 5097 2903 5151 In
2957 5096 3139 5151 labore
3187 5103 3443 5169 terraeet
3487 5098 3663 5153 maris

2049 5187 2139 5229 uti?
2166 5175 2225 5227 in
2253 5173 2368 5227 suis
2398 5168 2600 5241 ﬁnibus
2632 5168 3021 5241 nascebantur,
3037 5168 3344 5241 plurimum
3366 5168 3660 5227 laboravit.

2041 5262 2075 5298 n
2108 5243 2289 5299 altero
2320 5239 2549 5297 tantum
2573 5257 2679 5296 vox
2703 5240 2961 5295 oneribus
2992 5239 3377 5295 desideratur.

2087 5316 2129 5349 ¹⁰
2159 5314 2309 5383 Quod
2337 5313 2657 5386 Scripturas
2707 5314 2946 5386 sanctas.
2978 5313 3193 5365 Auctor
3241 5309 3665 5386 Commentarii

2013 5387 2072 5440 in
2129 5382 2759 5441 Canticum—Debborae
2810 5382 3159 5453 Hieronymo
3209 5384 3539 5451 consentit;
3582 5382 3667 5439 ait

2013 5457 2166 5512 enim
2200 5476 2211 5512 :
2246 5457 2464 5512 Asinus
2497 5456 2555 5510 in
2586 5454 2733 5510 libro
2779 5457 3070 5526 Geneseos
3117 5454 3282 5511 fortis
3319 5454 3666 5526 diciturlls-

2012 5530 2230 5595 sachar)
2265 5534 2497 5599 prepter
2525 5525 2927 5582 fortitudinem
2960 5524 3125 5599 legis,
3159 5541 3225 5582 eo
3271 5528 3426 5599 quod
3458 5526 3517 5581 in
3548 5524 3666 5583 hu-

2014 5617 2172 5655 mero
2206 5596 2391 5669 legem
2424 5603 2691 5670 portaret»
2706 5601 2764 5651 et
2789 5596 3017 5670 caeteris
3047 5596 3318 5670 tribubus
3347 5598 3663 5668 tributum,

2012 5672 2071 5745 id
2104 5675 2194 5727 est
2222 5668 2552 5745 doctrinam
2575 5668 2751 5745 legis,
2786 5668 3168 5739 impenderet.
3207 5694 3233 5721 ι»
3262 5669 3406 5729 Vide
3436 5674 3663 5745 Appem

2013 5684 2071 5726 ια
2104 5684 2194 5727 est
2222 5684 2552 5726 doctrinam
2584 5684 2751 5800 legis,
2786 5684 2935 5739 impe

2013 5743 2201 5804 dicem
2232 5742 2414 5817 huius
2443 5740 2610 5802 tomi.
2704 5755 2935 5800 ARTIAN.
