3992 6394
362 351 529 418 1069

1599 348 1673 412 S.
1711 340 2023 410 EUSEBII
2062 340 2533 409 HERONYMI.

355 486 569 543 virtute
619 500 750 551 sua,
800 481 970 557 quasi
1022 481 1156 557 equi
1199 483 1504 540 velocitate
1554 481 1834 545 conﬁsus,
1875 493 2003 534 eam
2035 478 2090 546 Α
2120 482 2331 534 cuncta
2359 479 2682 534 referamus
2713 478 2866 550 quod
2899 475 2981 535 ibi
3016 475 3107 534 vel
3154 474 3406 534 maxime
3434 477 3767 548 docuerit‘,

352 575 606 632 voluerit
635 572 923 647 praedonis
953 588 1118 629 more
1145 571 1432 646 populari,
1466 572 1718 642 effugere
1759 586 1874 624 non
1903 584 2000 622 va-

352 662 517 721 lebit.
550 663 766 718 Totum
798 665 995 717 autem
1027 677 1132 733 per
1175 660 1578 733 metaphoram
1629 656 1919 730 serpentis
1947 657 2004 709 et

352 751 568 823 equitis
589 748 872 821 loquitur.
895 748 1115 806 Videns
1136 765 1272 823 ergo
1290 753 1414 805 tam
1436 747 1645 803 fortem
1664 745 2000 801 Nazarzeum

2116 572 2181 621 ut
2202 567 2259 620 in
2292 566 2601 638 Evangelio
2633 584 2867 639 quoque
2896 566 3181 639 scriptum
3212 570 3322 623 est.
3494 637 3499 642 _

2183 654 2369 726 (Vers.
2404 654 2477 708 22
2506 658 2563 710 et
2592 656 2780 728 seqq.)
2814 677 2843 705 ‹‹
2874 654 3057 711 Filius
3086 659 3297 712 auctus
3325 646 3564 728 Joseph,
3597 655 3771 712 ﬁlius-

2113 746 2324 799 auctus
2354 760 2531 815 super
2559 744 2778 801 fontem
2808 742 2962 812 ﬁlim,
3011 744 3198 817 gradu
3247 744 3570 817 composito
3602 743 3761 801 ince-

350 844 543 907 tuum,
577 839 734 911 quod
782 841 841 893 et
882 838 1011 910 ipse
1052 843 1288 911 propter
1334 835 1700 893 meretricem
1731 838 2003 889 mortuus
2111 832 2316 887 dentes
2361 848 2541 904 super
2588 848 2847 895 murum.
2898 833 2970 888 Et
3012 832 3505 889 exacerbaverunt
3533 847 3669 890 eum
3699 836 3761 890 et

348 931 464 995 est,
495 931 555 985 et
603 926 863 985 moriens
903 930 1134 983 nostros
1182 926 1396 983 occidit
1441 924 1735 989 inimicos,
1778 921 1999 995 putavi,

345 1015 389 1069 Ο
420 1014 602 1083 Deus,
624 1013 824 1087 ipsum
852 1031 982 1071 esse
1001 1014 1301 1071 Christum
1323 1012 1534 1068 Filium
1558 1015 1728 1067 tuum
1756 1026 1769 1065 :
1795 1024 1999 1065 verum

347 1103 486 1175 quia
516 1107 784 1159 mortuus
833 1107 945 1171 est,
994 1107 1052 1159 et
1105 1120 1218 1159 non
1269 1101 1607 1167 resurrexit,
1659 1104 1717 1155 et
1759 1114 2000 1154 rursum

346 1191 613 1265 captivus
663 1193 879 1248 ductus
926 1195 1017 1248 est
1066 1190 1267 1257 Israel,
1319 1190 1472 1245 alius
1536 1188 1683 1244 mihi
1735 1186 2000 1244 Salvator

344 1281 573 1349 mundi,
605 1286 663 1338 et
692 1281 808 1337 mei
836 1279 1067 1354 generis
1097 1279 1528 1353 praestolandus
1559 1281 1667 1344 est,
1703 1279 1769 1335 Ut
1815 1277 1998 1333 veniat

341 1372 433 1426 cui
468 1372 764 1442 repositum
792 1373 870 1425 est
898 1374 952 1425 et
982 1370 1097 1441 ipse
1125 1370 1232 1425 erit
1259 1368 1590 1441 exspectatio
1619 1366 1885 1437 gentium.

411 1502 596 1575 (Vers.
632 1502 744 1575 49.)
767 1525 794 1551 ‹‹
820 1502 943 1557 Gad
974 1500 1346 1557 latrunculos
1368 1499 1815 1557 latrocinabitur
1835 1515 1992 1566 eum,

340 1597 397 1647 et
425 1592 551 1664 ipse
597 1590 1047 1647 latrocinabitur
1092 1590 1375 1663 plantam.
1412 1611 1440 1639 »
1471 1589 1647 1646 Juxta
1685 1588 1997 1643 Hebraeum

337 1679 704 1752 interpretati
736 1695 965 1736 sumus.
1000 1679 1113 1734 Sed
1153 1677 1253 1733 ubi
1302 1695 1409 1734 nos
1459 1677 1840 1734 latrunculum
1890 1693 1993 1748 po-

336 1767 591 1838 suimus,
622 1767 704 1822 ibi
735 1767 1023 1839 scriptum
1054 1770 1143 1822 est
1171 1782 1360 1822 annuo
1408 1766 1607 1839 (πυ),
1659 1769 1726 1820 ut
1766 1765 1838 1820 ad
1882 1780 1992 1820 ano

337 1872 551 1913 nomen
597 1855 906 1923 alluderet,
959 1854 1057 1927 qui
1105 1854 1538 1926 signiﬁcantius
1588 1850 1886 1921 εὓζωνος¹.
1934 1853 1992 1908 id
2021 1844 2069 1909 B

335 1950 446 2015 est,
478 1945 775 2011 accinctus,
827 1944 949 1999 sive
994 1944 1279 2015 expeditus
1326 1943 1573 2015 exprimi
1627 1946 1838 2015 potest.
1872 1942 1989 1997 To-

337 2039 464 2091 tum
496 2038 693 2091 autem
724 2033 869 2089 illud
904 2036 1012 2101 est,
1047 2032 1225 2106 quod,
1258 2036 1393 2088 ante
1442 2031 1645 2087 Ruben
1668 2032 1709 2098 ²,
1741 2034 1798 2086 et
1823 2029 1990 2085 dimi-

335 2124 496 2180 diam
525 2122 746 2178 tribum
776 2122 1065 2189 Manasse,
1098 2122 1173 2177 ad
1208 2120 1381 2191 ﬁlios,
1415 2138 1563 2192 quos
1595 2127 1758 2176 trans
1782 2119 1989 2176 Jorda-

336 2225 472 2268 nem
501 2210 561 2267 in
579 2208 1015 2283 possessionem
1038 2208 1363 2276 dimiserat,
1388 2213 1521 2282 post
1541 2207 1988 2281 quatuordecim

336 2316 521 2357 annos
552 2303 866 2365 revertens,
916 2297 1184 2372 praelium
1234 2299 1547 2355 adversum
1579 2313 1679 2353 eos
1720 2295 1988 2369 gentium

333 2389 655 2447 vicinarum
687 2389 909 2462 grande
940 2388 1239 2461 repererit,
1272 2391 1329 2443 et
1358 2387 1528 2443 victis
1559 2384 1849 2453 hostibus,
1880 2386 1991 2441 for-

334 2478 470 2536 titer
495 2477 810 2534 dimicarit.
846 2477 995 2549 Lege
1029 2477 1254 2532 librum
1274 2476 1306 2533 J
1314 2492 1417 2532 esu
1442 2475 1597 2531 Nave
1631 2475 1811 2545 (Iosue
1838 2475 1986 2542 xm),

332 2570 390 2623 et
420 2566 898 2639 Paralipomenon
949 2568 1017 2636 (Ι,
1054 2567 1130 2637 v).
1184 2565 1310 2623 Non
1360 2565 1563 2637 ignoro
1597 2562 1768 2635 plura
1800 2563 1859 2617 in
1894 2562 1987 2618 be-

335 2654 769 2712 nedictionibus
819 2653 1287 2726 patriarcharum
1326 2669 1455 2711 esse
1509 2651 1789 2725 mysteria
1808 2652 1849 2719 3,
1884 2651 1984 2706 sed

335 2742 407 2798 ad
437 2757 693 2813 praesens
724 2742 1077 2813 apusculum
1108 2758 1220 2797 non
1257 2739 1529 2813 pertinet.

405 2872 592 2957 (Vers.
625 2874 740 2945 21.)
772 2895 799 2923 ‹‹
841 2872 1215 2945 Nephthalim
1264 2870 1586 2945 virgultum
1636 2870 1988 2941 resolutum,

336 2963 489 3021 dans
518 2961 578 3017 in
611 2960 989 3035 generatione
1018 2960 1541 3033 pulchritudinem.
1573 2982 1601 3011 »
1636 2961 1699 3016 In
1749 2959 1988 3016 Hebraeo
2027 2959 2037 3035 ξ

336 3051 419 3108 ita
465 3051 749 3123 scriptum
797 3054 921 3107 est:
973 3072 1002 3102 ‹‹
1048 3048 1420 3123 Nephthalim
1452 3050 1475 3084 δ
1521 3064 1659 3121 ager
1704 3048 1985 3121 irriguus,

335 3138 769 3223 dans‘eloquia
828 3137 1371 3211 pulchritudinis,»
1430 3136 1791 3210 signiﬁcans,
1828 3139 1986 3210 quod

2111 920 2556 988 contenderunt,
2596 925 2654 977 et
2699 920 3103 977 irascebantur
3151 924 3432 978 adversus
3461 938 3619 988 eum,
3650 921 3755 978 lia-

2107 1009 2315 1065 bentes
2346 1009 2611 1082 sagittas.
2643 1009 2802 1066 Sedit
2829 1010 2889 1066 in
2921 1009 3056 1066 forti
3103 1027 3277 1067 arcus
3327 1010 3478 1082 ejus,
3507 1013 3565 1066 et
3590 1010 3754 1067 dim-

2108 1102 2209 1169 pta
2262 1102 2405 1156 sunt
2479 1097 2763 1155 vincula"
2815 1114 3101 1155 manuum
3176 1099 3325 1169 ejus,
3384 1116 3419 1154 a
3477 1099 3755 1157 manibus

2111 1185 2275 1242 fortis
2302 1186 2500 1254 Iacob,
2544 1186 2679 1243 inde
2719 1190 2993 1259 pascatur
3036 1185 3188 1259 lapis
3236 1185 3413 1243 Israel
3442 1203 3478 1243 a
3505 1191 3619 1244 Deo
3648 1205 3752 1260 pa-

2104 1273 2216 1331 tris
2241 1274 2351 1343 tui,
2384 1296 2412 1323 ››
2443 1279 2498 1331 et
2527 1273 2774 1346 reliqua.
2808 1275 2955 1342 Quia
2983 1273 3369 1349 Septuaginta
3404 1275 3755 1349 Interpretes

2106 1362 2165 1417 in
2184 1362 2478 1435 plerisque
2501 1363 2879 1430 dissentiunt,
2903 1380 3006 1436 pro
3027 1363 3503 1437 interpretatione
3524 1381 3749 1435 eorum,

2107 1454 2171 1506 ut
2201 1450 2259 1506 in
2292 1451 2526 1507 Hebraeo
2559 1451 2828 1520 habetur,
2861 1452 3280 1525 expressimus.
3311 1454 3379 1509 Et
3420 1457 3510 1509 est
3540 1469 3753 1514 sensus

2106 1539 2384 1612 capituli:
2436 1543 2482 1597 Ο
2531 1541 2774 1613 Josepb,
2826 1542 2925 1614 qui
2984 1541 3114 1598 ideo
3168 1541 3250 1597 sic
3306 1542 3551 1611 vocaris,
3610 1543 3752 1615 quia

2107 1628 2343 1683 adauxit
2371 1633 2425 1684 te
2455 1630 2601 1685 mihi
2634 1634 2803 1695 Deus,
2838 1631 2959 1686 sive
2998 1630 3138 1702 quia
3180 1630 3333 1685 inter
3377 1630 3587 1687 fratres
3614 1636 3750 1688 tuos

2107 1719 2295 1788 major
2325 1718 2557 1773 futurus
2585 1735 2648 1773 es
2696 1718 3039 1790 (fortissima
3084 1718 3375 1790 siquidem
3421 1719 3533 1775 fuit
3559 1719 3749 1776 tribus

2106 1805 2405 1878 Ephraim,
2438 1811 2504 1862 ut
2534 1807 2594 1862 in
2625 1807 2958 1879 Regnorum
2988 1812 3046 1864 et
3074 1806 3559 1880 Paralipomenon
3578 1807 3749 1866 libris

2100 1893 2413 1967 legimus):
2446 1898 2514 1963 Ο,
2538 1895 2803 1967 inquam,
2839 1896 2921 1951 ﬁli
2950 1896 3030 1951 mi
3061 1896 3301 1969 Joseph,
3332 1896 3434 1969 qui
3462 1900 3581 1953 tam
3610 1896 3747 1970 pul-

2098 1980 2236 2038 cher
2265 1998 2348 2049 es,
2395 1987 2459 2038 ut
2505 1988 2561 2039 te
2607 1988 2729 2039 tota
2772 1985 2844 2040 de
2892 1985 3102 2052 muris,
3144 1990 3200 2041 et
3242 1985 3525 2054 turribus,
3563 2002 3628 2042 ac
3654 1985 3743 2041 fe-

2101 2070 2315 2127 nestris
2344 2070 2676 2143 puellarum
2707 2073 2934 2146 Egypti
2954 2074 3128 2130 turba
3152 2078 3500 2147 prospectet,
3523 2073 3741 2130 invide-

2100 2161 2238 2215 runt
2294 2160 2422 2228 tibi,
2478 2165 2535 2217 et
2591 2164 2647 2216 te
2718 2162 2789 2218 ad
2868 2162 3234 2219 iracundiam
3291 2166 3749 2235 provocaverunt

2098 2248 2309 2305 fratres
2334 2250 2447 2318 tui,
2476 2250 2758 2308 habentes
2792 2250 2995 2307 livoris
3024 2251 3291 2325 sagittas,
3318 2256 3375 2307 et
3403 2250 3508 2308 zeli
3530 2250 3747 2323 iaculis

2098 2336 2410 2395 vulnerati.
2432 2340 2646 2396 Verum
2670 2344 2732 2396 tu
2760 2356 2963 2397 arcum
2984 2345 3152 2396 tuum
3175 2346 3232 2396 et
3250 2356 3415 2397 arma
3441 2340 3749 2414 pugnandi

2097 2427 2345 2498 posuisti
2393 2428 2453 2483 in
2501 2428 2639 2497 Deo,
2690 2429 2794 2501 qui
2843 2429 3010 2486 fortis
3058 2432 3148 2485 est
3206 2434 3631 2502 propugnator:
3684 2432 3751 2486 et

2094 2515 2325 2573 vincula
2355 2520 2476 2586 tua,
2510 2518 2728 2588 quibus
2762 2523 2819 2573 te
2868 2518 3076 2574 fratres
3123 2518 3471 2590 ligaverunt,
3501 2518 3573 2574 ab
3613 2518 3745 2591 ipso

2096 2603 2289 2660 soluta
2318 2611 2478 2673 sunt,
2512 2611 2568 2662 et
2611 2606 2863 2679 dirupta,
2917 2616 2983 2662 ut
3031 2624 3101 2663 ex
3148 2612 3247 2662 tuo
3298 2606 3521 2663 semine
3549 2606 3747 2664 tribus

2097 2698 2372 2749 nascatur
2400 2694 2701 2766 Ephraim,
2735 2694 2898 2751 fortis
2933 2700 2993 2753 et
3037 2695 3286 2764 stabilis,
3340 2700 3397 2752 et
3438 2696 3626 2752 instar
3650 2695 3746 2752 la-

2098 2782 2254 2855 pidis
2283 2783 2540 2838 durioris
2574 2784 2812 2853 invicta,
2834 2784 3131 2857 imperans
3152 2802 3386 2858 quoque
3414 2786 3613 2843 decem
3641 2784 3744 2840 tri.

2180 2871 2293 2927 bus
2322 2872 2519 2928 Israel.

2165 2964 2355 3029 (Vers.
2390 2962 2516 3033 27.)
2559 2984 2587 3012 «
2623 2962 2928 3033 Benjamin
2961 2963 3138 3035 lupus
3182 2980 3379 3036 rapax,
3423 2979 3595 3021 mane
3642 2980 3743 3020 eo-

2098 3050 2295 3105 medet
2323 3048 2535 3117 adhuc,
2568 3055 2624 3106 et
2652 3051 2723 3106 ad
2752 3068 3056 3124 vesperam
3086 3052 3250 3108 dabit
3277 3069 3497 3110 escam.
3539 3074 3567 3104 »

2168 3140 2355 3203 Quam
2386 3140 2457 3195 de
2496 3138 2674 3196 Paulo
2727 3140 3030 3212 apostolo8
3078 3141 3560 3198 manifestissima
3598 3158 3743 3215 pro-

337 3216 509 3300 aquaa‘
534 3210 734 3285 calidae
766 3210 842 3283 ini
868 3228 995 3299 ipsa
1040 3232 1362 3285 nascantur
1408 3227 1604 3284 tribu:
1658 3227 1777 3284 sive
1827 3227 1981 3299 quod
2014 3210 2058 3278 (ἶ
2096 3226 2293 3299 phetia
2325 3227 2423 3299 sit,
2457 3228 2732 3285 omnibus
2766 3210 2941 3300 patet,
2965 3231 3119 3286 879
3139 3231 3296 3302 quod
3318 3230 3381 3286 in
3408 3210 3743 3287 adolescen-

336 3332 515 3389 super
545 3315 739 3373 lacum
799 3315 954 3372 818
1012 3316 1389 3384 Genesareth,
1451 3316 1672 3373 ﬂuento
1708 3316 1984 3373 Jordanis

336 3402 561 3476 irrigua
591 3403 687 3459 sit.
719 3403 943 3459 Hebraei
972 3408 1168 3460 autem
1201 3403 1425 3474 volunt,
1460 3409 1700 3477 propter
1726 3403 1985 3461 Tiberia-

338 3492 496 3559 dem,
527 3507 656 3563 qua:
685 3490 833 3564 legis
865 3491 1169 3548 videbatur
1199 3492 1412 3549 habere
1455 3493 1744 3562 notitiam,
1778 3509 1984 3564 agrum

339 3579 650 3654 irriguum,
698 3586 757 3636 et
822 3579 1054 3652 eloquia
1114 3580 1571 3653 pulchritudinis
1629 3582 1982 3654 prophetari.

337 3673 513 3726 Porro
546 3669 644 3725 ubi
676 3686 783 3725 nos
814 3686 1012 3741 agrum
1041 3671 1338 3740 irriguum,
1370 3674 1427 3726 et
1456 3670 1838 3743 Septuaginta
1867 3669 1986 3723 στὲ-

338 3752 506 3831 λεχος
543 3756 843 3829 ἀνειμένον,
878 3758 935 3813 id
965 3763 1056 3814 est
1100 3760 1396 3830 virgultum
1446 3760 1747 3815 resolutum
1777 3776 1985 3830 posue-

336 3851 496 3914 runt,
530 3846 590 3901 in
625 3847 858 3903 Hebraeo
890 3845 1105 3920 legitur
1133 3864 1300 3903 AIALA
1338 3863 1519 3904 SLUAA
1541 3832 1739 3919 (nn‘m
1770 3833 1980 3919 .1573)“,

336 3936 490 4007 quod
541 3940 731 4007 potest
773 3941 830 3991 et
872 3951 1058 3992 cervus
1101 3940 1329 3993 emissus
1376 3936 1699 3999 transferri.
1750 3941 1986 4008 propter

335 4028 745 4096 temporaneas
797 4024 1014 4097 fruges,
1058 4026 1425 4082 velocitatem
1478 4030 1641 4081 terris
1699 4024 1985 4081 uberioris

336 4112 673 4170 ostendens.
705 4111 815 4167 Sed
847 4112 1077 4182 melius,
1109 4114 1158 4169 si
1192 4113 1265 4169 ad
1297 4113 1623 4170 doctrinam
1664 4111 1983 4169 Salvatoris

408 4271 426 4307 ¹
456 4268 680 4346 Vitiosa
727 4274 852 4346 erat
901 4266 1149 4346 513:0on
1186 4273 1319 4346 Vi‘d.
1370 4274 1429 4329 in
1462 4272 1751 4346 superiori
1778 4271 1881 4328 lib.
1914 4273 1986 4328 de

336 4342 662 4400 Nominibus
692 4358 760 4397 ex
788 4342 999 4398 Genesi
1029 4348 1086 4400 et
1113 4343 1326 4400 Exodo.

405 4413 566 4486 ’Pro
614 4420 740 4469 ante
784 4414 1005 4486 legerat
1047 4414 1330 4471 Alcuinus
1378 4413 1740 4471 concinniori
1783 4431 1981 4481 sensu,

340 4485 482 4553 Gad,’
512 4489 820 4557 etcaatera
848 4485 1002 4542 item
1049 4486 1107 4541 in
1160 4491 1336 4555 recto,
1389 4487 1592 4557 Ruben,
1641 4491 1692 4542 et
1747 4486 1985 4542 dimidia

338 4558 516 4613 tribus
545 4555 807 4613 Manasse.

406 4629 428 4663 ³
457 4628 915 4685 Patriarcharum
959 4644 1073 4685 esse
1120 4630 1400 4700 mysteria.
1450 4628 1843 4700 Praetermittit
1881 4630 1985 4685 be-

339 4700 726 4757 nedictionem
759 4702 919 4770 Aser,
951 4700 1091 4771 quia
1122 4699 1185 4755 in
1222 4700 1329 4755 hac
1383 4699 1546 4755 nulla
1574 4705 1663 4755 est
1692 4700 1987 4757 discordia

338 4771 559 4827 Hebraei
592 4772 769 4844 fontis
790 4787 924 4826 cum
949 4772 1162 4827 Grazcis
1184 4771 1617 4844 exemplaribus
1646 4772 1779 4827 LXX
1812 4771 1987 4828 inter-

337 4848 592 4915 pretum.
628 4843 907 4899 MARTIAN.
1363 4843 1371 4844 “

407 4917 429 4950 ⁴
468 4915 704 4971 Rectius
749 4914 980 4986 Reginae
1031 4931 1141 4969 ms.
1192 4914 1495 4981 vetustior,
1543 4913 1853 4986 Nephthati,
1913 4914 1984 4970 ad

337 5003 645 5060 Hebrzeum
677 4988 876 5067 #51193.
910 5004 1021 5059 Sed
1052 5021 1166 5060 non
1200 5004 1339 5060 item
1372 5004 1516 5059 bene
1548 5020 1679 5058 mox
1710 5004 1768 5059 in
1804 5003 1985 5059 altero

337 5081 445 5141 est,
506 5076 646 5132 dans
699 5077 916 5145 eloquia
966 5076 1417 5147 pulchritudinis.
1468 5076 1797 5144 Signi/imus
1848 5074 1987 5147 quod

337 5163 483 5217 aqua
512 5147 947 5203 immortalitatis
965 5147 1131 5202 Gades
1156 5149 1214 5202 in
1244 5150 1362 5218 ipsa
1386 5149 1644 5202 nascitur
1672 5148 1839 5213 tribu,
1872 5152 1983 5203 etc.

410 5217 430 5249 ³
465 5218 546 5272 Ita
586 5218 779 5273 verius
811 5220 1059 5274 efferunt
1108 5217 1427 5274 Palatinus.
1471 5224 1529 5272 et
1579 5217 1809 5274 Reginis
1843 5234 1986 5274 prte-

410 5234 430 5249 υ
465 5234 546 5272 ua
586 5235 779 5273 verius
811 5234 1059 5274 emerunt
1108 5234 1427 5283 Balaunus,
1471 5234 1529 5272 et
1582 5234 1809 5289 Reginis
1843 5234 1982 5289 prie-

340 5288 588 5361 stantior
616 5305 727 5344 ms.
759 5289 1017 5356 SLUAA,
1051 5306 1155 5361 pro
1188 5306 1303 5361 quo
1336 5289 1708 5361 Martianzeus
1735 5290 1982 5344 SELUA.

340 5358 504 5441 Apud
539 5364 760 5415 veteres
793 5358 1095 5443 nunquam
1132 5358 1247 5442 fere
1277 5360 1501 5427 Scheva,
1551 5361 1671 5415 sive
1699 5377 1728 5416 c
1758 5360 1986 5416 tenuis-

341 5435 586 5495 simum,
617 5435 851 5486 resonat
882 5435 1046 5487 initio
1076 5435 1256 5488 vocis.

412 5502 433 5535 ⁸
471 5500 633 5556 Unus
664 5518 799 5567 ms.,
832 5502 1002 5570 Quam
1030 5504 1110 5558 ibi
1146 5504 1230 5559 vel
1258 5504 1567 5558 maximam
1604 5501 1805 5557 docuit.

411 5573 567 5627 7Pro
603 5572 827 5627 vincula
872 5578 989 5629 tres
1047 5591 1189 5630 mss.
1242 5574 1423 5630 nostri
1474 5572 1693 5629 habent
1740 5573 1983 5630 brachia.

344 5639 673 5716 Utrumque
687 5649 879 5716 autem
904 5645 1154 5700 retinent
1173 5645 1347 5716 Vulg.
1370 5645 1592 5701 vincula
1613 5646 1983 5716 brachiorum,

340 5719 453 5778 etc.
498 5714 612 5779 Sed
660 5714 937 5777 Hebrwus
984 5725 1105 5785 um
1148 5714 1376 5779 bracﬁia
1414 5720 1672 5792 tantum,
1702 5717 1860 5794 quod
1891 5714 1988 5781 hic

2098 3316 2178 3371 tia
2199 3318 2219 3351 θ
2250 3320 2591 3387 persecutus
2622 3317 2961 3387 Ecclesiam,
2985 3318 3044 3374 in
3076 3322 3371 3375 senectute
3400 3320 3744 3392 praedicator

2095 3404 2390 3476 Evangelii
2460 3404 2653 3475 fuerit,
2702 3410 2898 3462 tamen
2945 3407 3006 3462 in
3052 3407 3289 3464 Hebraeo
3349 3409 3433 3465 sic
3487 3407 3738 3481 legitur:

2098 3516 2124 3573 ᾳ
2158 3494 2462 3564 Beniamin
2492 3493 2666 3566 lupus
2698 3512 2876 3568 rapax
2906 3496 3035 3560 [sive
3055 3496 3336 3571 capiens],
3360 3498 3418 3552 in
3450 3498 3743 3554 matutino

2095 3583 2359 3637 comedet
2386 3583 2667 3655 praedam,
2700 3588 2757 3639 et
2785 3584 2858 3639 ad
2886 3601 3187 3657 vesperam
3220 3586 3436 3641 dividet
3466 3584 3669 3659 spolia.
3705 3608 3741 3636 ιι

2094 3671 2258 3737 Quod
2291 3671 2371 3726 ita
2410 3671 2628 3727 Hebraei
2659 3672 3024 3730 edisserunt:
3058 3674 3252 3730 Altare
3281 3674 3342 3730 in
3374 3691 3489 3747 quo
3517 3676 3737 3731 immo-

2095 3759 2369 3815 labantur
2398 3760 2624 3827 hostiae,
2658 3766 2717 3817 et
2746 3762 3119 3818 victimarum
3151 3763 3393 3833 sanguis
3429 3763 3502 3819 ad
3532 3765 3732 3821 basem

2094 3847 2253 3905 illius
2283 3848 2657 3917 fundebatur,
2692 3850 2751 3905 in
2800 3854 2964 3923 parte
3007 3852 3164 3907 880
3210 3852 3401 3909 tribus
3429 3852 3733 3924 Benjamin

2094 3936 2225 3992 fuit.
2258 3936 2398 4006 Hoc,
2431 3936 2727 4008 inquiunt,
2760 3955 2895 4010 ergo
2925 3940 3237 4013 significat,
3270 3942 3424 4013 quod
3465 3941 3733 3998 sacerdo-

2093 4030 2181 4082 tes
2213 4042 2382 4081 mane
2413 4026 2722 4082 immolant
2746 4027 2993 4097 hostias,
3033 4033 3090 4085 et
3136 4030 3208 4085 ad
3254 4046 3554 4103 vesperam
3586 4030 3735 4086 divi-

2093 4114 2242 4170 dunt
2271 4131 2355 4185 ea,
2387 4130 2515 4186 quae
2564 4116 2676 4172 sibi
2734 4133 2767 4172 a
2823 4116 3037 4189 populo
3080 4134 3151 4174 ex
3181 4117 3307 4191 lege
3336 4118 3545 4176 collata
3574 4123 3735 4189 sunt,

2095 4291 2327 4347 quoque
2356 4276 2649 4347 prmferas.

2164 4355 2193 4429 εξ
2217 4355 2378 4410 Meus
2410 4360 2466 4429 et
2496 4354 2700 4429 Regin.
2731 4372 2867 4423 ms.,
2914 4359 3248 4429 Quanquam
3289 4358 3357 4415 de
3401 4359 3576 4416 Paulo
3603 4372 3736 4429 apo-

2091 4427 2726 4551 stolarmantifcstissima
2769 4428 3056 4499 prophetia
3089 4427 3189 4497 sit,
3238 4436 3378 4502 quod
3435 4432 3498 4485 in
3549 4427 3741 4487 adola-

2092 4514 2216 4553 scen
2247 4514 2324 4565 ia,
2358 4513 2388 4553 e
2417 4514 2464 4552 c.

2015 4582 2063 4647 Ι)
2164 4579 2185 4611 ⁹
2214 4577 2503 4649 Victorius
2530 4577 2699 4649 addit
2724 4595 2845 4645 sua,
2890 4579 3023 4635 Jam
3069 4596 3202 4636 vero
3252 4597 3322 4637 ex
3360 4585 3444 4637 tot
3473 4580 3733 4649 Patrum,

2096 4648 2385 4724 praecipue
2416 4648 2778 4724 Iiatinorum,
2830 4666 3095 4724 numero,
3142 4652 3245 4724 qui
3285 4653 3356 4708 de
3388 4652 3563 4708 Paulo
3593 4648 3736 4724 apo?-

2095 4720 2266 4787 stolo,
2317 4737 2385 4775 ex
2434 4720 2733 4791 Benjamin
2784 4722 2941 4777 tribu
2990 4720 3395 4787 natm—Jacobi
3434 4720 3732 4779 oraculum

2095 4792 2573 4862 interpretantur,
2608 4797 2845 4863 prastat
2875 4793 3076 4850 audire
3103 4794 3443 4851 Tertulliani
3475 4794 3735 4851 luculen-

2094 4862 2854 4939 tissimum_testimoniym_
2875 4863 2977 4919 lib.
3010 4883 3067 4939 v_
3089 4874 3277 4939 contra
3318 4866 3574 4939 Marcion.
3607 4882 3734 4939 cap.

2094 4934 2118 4989 4
2161 4950 2174 4987 :
2210 4956 2237 4982 ‹‹
2274 4934 2438 5002 Mihi,
2470 4934 2684 5005 inquit,
2719 4933 2964 4991 Paulum
2994 4936 3170 4993 etiam
3203 4938 3443 4994 Genesis
3473 4938 3610 4995 olim
3640 4933 3734 4994 re-

2096 5006 2386 5082 promisit.
2422 5007 2574 5061 Inter
2604 5005 2739 5082 illas
2781 5006 2940 5082 enim
2990 5010 3226 5081 figuras,
3270 5015 3327 5065 et
3373 5009 3740 5082 propheticus

2096 5075 2274 5148 super
2305 5075 2455 5132 filios
2487 5093 2625 5133 suos
2658 5075 3110 5145 benedictionés,
3134 5075 3311 5137 Jacob
3338 5075 3566 5136 cum-ad
3597 5081 3740 5136 Ben-

2088 5148 2638 5225 jamindirexisset,
2659 5151 2985 5225 _Benja_1m'n,
3032 5151 3241 5225 inquit,
3276 5153 3434 5224 lupus
3464 5169 3642 5225 rapa;
3668 5152 3738 5225 ad

2095 5220 2435 5295 matutinum
2483 5219 2717 5295 comedet
2766 5219 2962 5295 adhuc,
3010 5227 3068 5295 et
3114 5219 3187 5278 ad
3258 5219 3543 5295 vesperam
3587 5223 3738 5295 dabit

2096 5306 2292 5364 escam,
2328 5291 2404 5346 Ex
2438 5292 2591 5364 tribu
2623 5292 2779 5347 enim
2812 5291 3115 5364 Benjamin
3164 5291 3453 5351 oriturum
3486 5294 3733 5351 Paulum

2098 5362 2455 5435 providebat,
2489 5362 2694 5434 lupum
2728 5362 2995 5435 rapacem
3043 5366 3115 5421 ad
3159 5368 3516 5423 matutinum
3546 5382 3738 5423 come-

2098 5435 2352 5520 dentem,
2384 5434 2442 5520 id
2499 5439 2608 5501 est,
2671 5434 2860 5520 prima
2916 5441 3086 5520 aetate
3137 5443 3507 5520 vastaturum
3533 5453 3739 5520 pecora

2097 5504 2349 5572 Domini,
2388 5510 2451 5561 ut
2478 5504 2933 5577 persecutorem
2959 5508 3348 5565 Ecclesiarum
3374 5552 3389 5577 ,
3419 5504 3629 5565 dehinc
3659 5509 3733 5565 ad

2094 5593 2395 5654 vesperam
2428 5594 2622 5654 eseam
2654 5578 2950 5654 daturum,
2993 5579 3050 5634 id
3099 5585 3208 5646 est,
3243 5582 3588 5654 devergente
3607 5582 3736 5654 jam

2095 5653 2447 5780 ἒὲῗιιὲὦονθε
2477 5648 2692 5707 Christi
2722 5649 3131 5725 educaturum,
3164 5656 3230 5711 ut
3276 5648 3571 5713 doctorem
3609 5648 3735 5713 Na-

2328 5762 2343 5780 .
2378 5742 2409 5775 υ

2122 5735 2343 5783 tonum.
2378 5742 2409 5775 ³³
