3992 6390
200 320 365 413 ibes

1236 351 1862 417 COMMENTARIUS
1904 353 1985 418 IN
2028 354 2629 425 ECGLESIASTEN.

3453 371 3619 443 1006

199 484 449 557 pientes,
483 486 541 540 et
568 482 959 556 proﬁcientes,
991 488 1050 539 et
1080 488 1322 554 paterna
1365 485 1516 541 385
1576 486 1850 557 dignitas,
1882 490 1937 557 Α
1968 490 2024 545 in
2061 491 2313 549 vanitate
2340 495 2687 564 vanitatum,
2730 500 3007 558 vanitatis
3052 504 3419 577 magnitudo
3440 523 3611 566 mon-

199 579 262 630 et
290 572 454 645 regni
484 572 706 645 proprii
740 572 946 629 merito
977 572 1313 628 vindicatur
1344 574 1657 630 auctoritas
1692 577 1729 630 ¹.
1762 577 1843 631 Ad

197 658 487 749 perfectos
511 679 665 730 vero,
700 662 799 717 ubi
822 679 938 718 non
966 663 1175 718 timore
1205 664 1473 719 eruditur
1501 663 1847 735 discipulus,

196 753 303 809 sed
334 769 550 822 amore,
584 751 890 823 proprium
923 768 1135 807 nomen
1166 752 1385 807 sufﬁcit
1422 754 1462 820 ³,
1498 757 1553 808 et
1609 754 1850 825 aequalis

199 841 481 915 magister
503 845 613 907 est,
644 845 701 897 et
729 839 914 896 nescit
942 856 1071 897 esse
1103 858 1164 896 se
1196 857 1412 914 regem.
1449 845 1579 896 Haec
1611 841 1848 898 interim

191 933 367 1003 juxta
395 929 670 986 litteram.

270 1022 551 1078 Caeterum
584 1019 911 1075 secundum
942 1018 1389 1091 intelligentiam
1428 1019 1798 1092 spiritualem
1834 1038 1846 1076 :

197 1110 479 1184 pacificus
508 1112 566 1165 et
595 1107 845 1163 dilectus
876 1108 976 1163 Dei
1010 1108 1218 1175 Patris,
1253 1113 1310 1163 et
1332 1108 1710 1166 Ecclesiastes
1743 1128 1849 1166 no-

196 1204 319 1257 ster
348 1202 437 1255 est
464 1197 769 1264 Christus;
803 1196 904 1268 qui
936 1196 1126 1252 medio
1152 1196 1371 1267 pariete
1404 1198 1722 1265 destructo,
1757 1200 1850 1255 et3

196 1287 540 1346 inimicitias
591 1287 651 1341 in
712 1302 885 1342 carne
940 1302 1247 1351 evacuans,
1320 1285 1455 1341 fecit
1527 1278 1847 1359 utrumque

197 1395 385 1439 unum
406 1377 658 1433 .dicens:
691 1377 891 1431 Pacem
920 1392 1093 1429 meam
1126 1374 1191 1430 do
1226 1375 1391 1443 vobis,
1429 1392 1621 1447 pacem
1668 1393 1849 1432 meam

198 1469 450 1539 relinquo
482 1467 633 1522 vobis
661 1465 838 1535 (Joan.
873 1481 986 1529 xiv,
1018 1464 1129 1531 27).
1163 1462 1241 1519 De
1274 1480 1387 1536 quo
1429 1467 1603 1519 Pater
1633 1466 1702 1518 ad
1766 1464 1849 1519 di-

197 1555 498 1628 scipulos:
533 1553 631 1608 llic
657 1556 753 1620 est,
786 1550 979 1624 inquit
1007 1552 1216 1623 (Matth.
1258 1566 1345 1618 In,
1382 1552 1489 1623 t7),
1515 1553 1663 1622 ﬁlius
1697 1569 1847 1609 meus

193 1646 453 1711 dilectus,
486 1645 541 1698 in
582 1658 683 1715 quo
712 1642 856 1696 milii
883 1642 1226 1712 romplacui;
1286 1642 1432 1696 hunc
1487 1642 1695 1707 audite,
1745 1642 1844 1715 qui

194 1739 288 1790 est
315 1737 491 1806 caput
546 1730 738 1787 omnis
808 1730 1116 1786 Ecclesiae:
1186 1746 1559 1803 nequaquam
1623 1732 1694 1785 ad
1751 1748 1846 1803 sy-

192 1839 483 1895 nagogam
513 1821 849 1876 Judmorum
883 1819 982 1875 sed
1017 1819 1087 1874 ad
1118 1819 1382 1892 gentium
1404 1820 1844 1875 multitudinem

188 1912 440 1984 loquens
470 1927 570 1965 rex
596 1907 926 1965 Jerusalem
956 1908 1102 1964 vivis
1141 1909 1437 1980 lapidibus
1494 1912 1803 1965 exstructa:
1831 1926 1844 1964 :

194 2018 315 2056 non
344 1998 525 2065 illius,
558 1999 628 2053 de
658 2015 775 2069 qua
805 1997 929 2069 ipse
960 1996 1074 2051 ait:
1123 1998 1456 2065 Jeruralem,
1514 1998 1847 2066 Jerusalem,

192 2104 321 2162 quae
363 2087 567 2145 occidis
612 2086 904 2157 prophetas
944 2086 1147 2154 (Matth.
1200 2104 1356 2153 xxiii,
1390 2086 1517 2158 37);
1575 2092 1669 2142 et:
1721 2088 1851 2142 Ecce

190 2179 542 2250 relinquetur
595 2176 744 2232 vobis
789 2174 979 2231 domus
1034 2179 1213 2230 vestra
1265 2174 1477 2231 deserta
1517 2175 1673 2247 (Ibid.
1709 2177 1842 2248 38):

192 2267 299 2325 sed
330 2267 509 2336 illius,
539 2282 640 2337 per
670 2281 849 2336 quam
873 2264 1076 2335 jurare
1105 2268 1289 2333 vetat;
1326 2264 1464 2336 quia
1512 2264 1590 2320 sit
1645 2265 1847 2320 civitas

195 2352 402 2429 magn!
430 2356 604 2428 regis.
636 2354 741 2410 Hic
764 2357 852 2409 est
881 2352 1041 2408 filius
1070 2354 1272 2422 David,
1306 2353 1377 2408 ad
1419 2370 1595 2426 quem
1627 2354 1759 2410 caeci
1787 2355 1847 2411 in

202 2443 511 2517 Evangelio
564 2441 923 2509 clamabant;
979 2443 1230 2497 Miserere
1284 2444 1476 2511 nostri,
1536 2442 1621 2511 ﬁli
1677 2443 1850 2498 David

202 2535 427 2606 (Matth.
462 2550 538 2602 1x,
567 2534 658 2604 27)
684 2549 698 2596 ;
730 2536 787 2587 et
815 2530 1008 2587 omnis
1038 2532 1211 2586 turba
1241 2547 1498 2586 consona
1557 2548 1694 2587 voce
1756 2550 1847 2588 re-

201 2624 484 2689 sonabat;
522 2621 745 2677 Osanna
762 2621 880 2692 ﬁlio
912 2620 1306 2692 David(Matth.
1339 2637 1457 2689 xxi,
1481 2621 1556 2685 9).
1591 2620 1849 2693 Denique

200 2731 321 2769 non
352 2713 423 2768 ad
454 2728 591 2767 eum
623 2712 687 2766 fit
713 2711 957 2766 verbum
992 2709 1109 2777 Dei,
1140 2711 1288 2765 sicut
1318 2713 1374 2764 et
1405 2710 1476 2764 ad
1504 2710 1844 2783 Jeremiam,

198 2808 259 2859 et
291 2803 361 2858 ad
394 2807 627 2857 caeteros
660 2799 971 2872 prophetas
1002 2816 1015 2854 :
1050 2799 1151 2854 sed
1171 2798 1310 2870 quia
1325 2798 1486 2854 dives
1504 2802 1613 2866 est,
1646 2803 1703 2854 et
1725 2816 1843 2868 rex,

197 2897 256 2948 et
288 2897 491 2964 potens
531 2890 679 2963 (ipse
708 2895 797 2946 est
827 2889 1113 2961 siquidem
1145 2888 1399 2943 Verbum
1432 2893 1489 2944 et
1537 2888 1841 2961 sapientia,

194 2986 533 3053 ceteraeque
559 2980 849 3051 virtutes),
909 2979 1083 3035 verba
1137 2977 1400 3049 loquitur
1449 2978 1522 3033 ad
1573 2976 1843 3034 Ecclesiae

189 3071 387 3128 viros:
422 3070 599 3126 verba
628 3068 889 3125 insinuat
918 3066 1219 3139 apostolis,
1251 3068 1322 3122 de
1372 3067 1590 3139 quibus
1645 3071 1841 3123 canta-

191 3166 294 3217 tur
321 3163 381 3214 in
406 3157 677 3215 .Psalmo:
705 3159 767 3213 In
799 3172 1013 3213 omnem
1033 3164 1235 3212 terram
1268 3158 1442 3211 exivit
1469 3172 1633 3212 sonus
1653 3172 1842 3212 eorum

1962 583 2197 635 strctur.
2231 582 2364 638 Tale
2398 585 2539 656 quid
2561 591 2617 642 et
2645 586 2704 643 in
2738 588 2967 647 Psalmo
3000 591 3289 665 scriptum
3319 599 3445 652 est:
3512 599 3607 654 Ve-

1961 674 2266 727 rumtamen
2297 675 2554 731 universa
2585 678 2801 734 vanitas
2828 680 3010 735 omnis
3037 682 3195 739 homo
3221 685 3407 740 vivens
3428 685 3606 757 (Psal.

1958 775 2192 826 xxxvm,
2226 761 2303 833 6).
2338 762 2397 818 Si
2427 762 2624 820 vivens
2654 764 2830 823 homo
2862 770 3090 827 vanitas
3119 776 3246 828 est:
3281 788 3418 847 ergo
3448 790 3606 832 mor-

1959 851 2055 936 tus
2086 848 2312 905 vanitas
2341 851 2689 911 vanitatum.
2723 856 2998 929 Legimus
3038 858 3096 915 in
3152 861 3368 931 Exodo,
3425 863 3604 936 glori-

1959 935 2198 993 ﬁcatum
2231 937 2453 995 vultum
2478 941 2662 1015 Moysi
2680 943 2739 999 in
2761 949 3016 1014 tantum,
3049 953 3115 1004 ut
3141 948 3247 1004 filii
3267 935 3450 1007 Israel
3466 969 3603 1010 eum

1960 1025 2219 1096 aspicere
2246 1044 2360 1083 non
2393 1034 2651 1101 possent.
2685 1034 2870 1098 Quam
2902 1035 3148 1109 gloriam
3198 1037 3414 1097 Paulus
3460 1058 3605 1115 apo-

1960 1112 2145 1170 stolus
2178 1115 2249 1171 ad
2286 1119 2783 1189 comparationem
2814 1123 3158 1199 evangelica
3187 1126 3405 1199 glorise,
3466 1112 3608 1189 dicit

1959 1218 2088 1258 esse
2121 1221 2236 1259 non
2267 1204 2553 1277 gloriam:
2587 1214 2728 1266 Nam
2756 1228 2855 1268 nec
2878 1214 3247 1285 gloriﬁcatum
3301 1221 3379 1276 est
3424 1220 3466 1287 ⁸,
3513 1219 3605 1277 in-

1958 1291 2105 1383 quit,
2137 1294 2277 1363 quotl
2306 1296 2684 1369 glori/iculum
2715 1301 2828 1371 fuit
2884 1304 2945 1357 in
2998 1302 3102 1360 hac
3151 1314 3327 1378 parte,
3380 1315 3608 1383 propter

1956 1381 2287 1438 excellentem
2360 1386 2600 1455 gloriam
2653 1390 2727 1461 (ΙΙ
2780 1390 2900 1447 Cor.
2962 1410 3048 1460 III,
3116 1395 3217 1467 10).
3282 1381 3606 1457 Possumus

1957 1469 2137 1543 igitur
2165 1476 2222 1526 et
2256 1489 2361 1529 nos
2420 1475 2478 1529 in
2539 1476 2698 1533 hunc
2750 1481 3013 1550 modum,
3070 1483 3304 1556 coelum,
3362 1490 3606 1558 terram,

1956 1559 2160 1627 maria,
2195 1565 2251 1616 et
2282 1563 2481 1619 omnia
2511 1582 2639 1636 quae
2670 1566 2728 1621 in
2761 1567 2871 1624 hoc
2930 1571 3147 1628 circulo
3204 1575 3603 1647 continentur,

1956 1648 2110 1704 bona
2141 1648 2375 1720 quidem
2411 1669 2513 1725 per
2542 1671 2603 1709 se
2634 1655 2844 1725 dicere,
2876 1659 2976 1713 sed
3009 1661 3083 1716 ad
3129 1661 3313 1718 Deum
3365 1680 3605 1738 compa-

1954 1740 2101 1801 rata,
2134 1755 2262 1793 esse
2294 1756 2397 1810 pro
2430 1740 2635 1798 nihilo.
2670 1744 2739 1798 Et
2795 1748 3109 1817 quomodo,
3170 1750 3221 1805 si
3276 1750 3604 1824 igniculum

1956 1825 2207 1882 lucernae
2239 1829 2466 1903 videns,
2500 1836 2809 1889 contentus
2840 1850 3031 1891 essem
3061 1838 3191 1909 ejus
3247 1839 3492 1913 lumine,
3536 1846 3611 1901 et

1960 1919 2185 1986 postea,
2219 1922 2343 1973 orto
2393 1926 2536 1987 sole,
2587 1938 2701 1977 non
2762 1939 3084 1996 cernerem,
3141 1929 3295 1999 quod
3350 1929 3604 2003 lucebat,

1960 2002 2261 2060 stellarum
2294 2023 2526 2080 quoque
2553 2008 2778 2066 lumina
2803 2013 3014 2083 jubare
3042 2014 3299 2074 viderem
3320 2017 3462 2076 solis
3479 2002 3610 2077 abs-

1959 2093 2127 2147 condi
2155 2110 2167 2147 :
2204 2094 2288 2149 ita
2317 2096 2607 2168 aspiciens
2639 2098 2931 2158 elementa
2958 2107 3015 2159 et
3065 2120 3263 2162 rerum
3322 2107 3605 2184 multipli-

1959 2195 2084 2236 cem
2117 2183 2475 2252 varietatem,
2498 2187 2757 2244 admiror
2776 2190 3014 2262 quidem
3047 2209 3291 2265 operum
3312 2183 3608 2270 magnitu-

1959 2269 2195 2342 dinem;
2256 2274 2584 2346 recogitans
2616 2282 2812 2332 autem
2871 2279 3070 2335 omnia
3123 2269 3497 2354 pertransire,
3548 2290 3608 2344 et

1959 2360 2249 2415 mundum
2280 2378 2387 2418 suo
2420 2362 2534 2419 fine
2573 2381 2895 2432 senescere,
2927 2367 3241 2441 solumque
3292 2370 3481 2430 Deum
3541 2374 3601 2432 id

1960 2464 2191 2518 semper
2220 2467 2347 2505 esse
2405 2453 2561 2522 quod
2622 2453 2815 2524 fuerit,
2871 2456 3188 2528 compellor
3236 2458 3428 2517 dicere
3485 2478 3605 2520 non

1959 2536 2157 2607 semel,
2189 2540 2287 2593 scd
2318 2538 2442 2596 bis:
2482 2542 2701 2597 Vanitas
2727 2545 3057 2611 vanitatum,
3097 2554 3149 2601 et
3203 2551 3390 2605 omnia
3445 2553 3602 2608 vani-

1958 2628 2064 2704 tas.
2097 2626 2158 2682 In
2190 2627 2427 2704 Hebraeo
2458 2647 2561 2702 pro
2590 2634 2836 2689 vanitate
2866 2636 3190 2704 vanitatum,
3218 2654 3362 2694 ΑΒΜ.
3387 2657 3606 2700 manu

1958 2699 2169 2786 (@5371
2201 2701 2338 2785 52.1)
2371 2699 2660 2791 scriptum
2693 2726 2802 2789 est,
2837 2724 3016 2795 quod,
3048 2699 3303 2797 exceptis
3358 2728 3605 2801 Septua-

1956 2802 2120 2875 ginta
2148 2805 2593 2877 interpretibus,
2625 2825 2831 2866 omnes
2862 2811 3136 2870 similiter
3176 2816 3607 2878 transtulerunt

1956 2891 2162 2965 Ἀτμός
2187 2890 2427 2966 ἀτμίδων
2459 2897 2480 2931 ⁸
2511 2898 2630 2953 sive
2675 2897 2884 2970 ἀτμῶν,
2917 2902 3071 2973 quod
3130 2920 3237 2960 nos
3281 2921 3605 2977 possumus

1953 2999 2205 3054 vaporem
2226 2985 2380 3040 sumi
2402 2990 2459 3041 et
2480 3004 2676 3043 auram
2698 2992 2953 3058 tenuem,
2987 3008 3115 3063 qua}
3137 2992 3250 3049 cito
3269 2995 3603 3065 resolvitur,

1951 3071 2261 3143 appellare.
2289 3073 2587 3131 Caducum
2618 3077 2818 3150 itaque
2843 3086 2897 3134 et
2927 3079 3074 3135 nihil
3114 3082 3511 3141 universitatis
3531 3103 3607 3144 ex-

1953 3159 2061 3214 hoc
2117 3162 2292 3216 verbo
2351 3164 2680 3219 ostenditur
2734 3167 2774 3221 ⁷.
2836 3168 2969 3231 Quae
3041 3167 3196 3224 enim
3255 3170 3530 3228 videntur
3555 3174 3604 3243 ⁸,

188 3254 245 3306 et
272 3252 335 3305 in
360 3251 494 3321 ﬁnes
521 3248 667 3302 orbis
696 3250 859 3301 terrae
902 3245 1067 3300 verba
1121 3261 1309 3301 eorum
1363 3246 1533 3315 (Psal.
1569 3263 1730 3313 xvm,
1761 3246 1839 3315 5).
1876 3224 1918 3290 (ἶ
1954 3250 2303 3322 temporalia
2358 3256 2497 3308 sunt
2554 3254 2611 3321 ⁸,
2672 3270 2800 3325 quae
2846 3259 3039 3311 autem
3101 3273 3218 3313 non
3304 3260 3601 3332 videntur,

191 3337 347 3396 Male
375 3337 555 3410 igitur
586 3335 828 3408 quidam
860 3334 1175 3407 opinantur
1204 3334 1249 3401 ‘,
1273 3351 1379 3389 nos
1418 3351 1486 3389 ex
1533 3334 1642 3390 hoc
1690 3334 1838 3389 libro

191 3429 269 3483 ad
294 3428 651 3499 voluptatem
682 3428 741 3479 et
769 3424 1061 3480 luxuriam
1097 3424 1430 3496 provocari:
1466 3441 1599 3479 cum
1636 3441 1667 3479 e
1697 3440 1837 3479 con-

184 3517 372 3573 trario
402 3515 620 3582 omnia,
645 3531 772 3586 quae
804 3513 863 3568 in
898 3513 1113 3568 mundo
1145 3513 1465 3579 cernimus,
1524 3530 1674 3569 vana
1733 3512 1835 3567 do-

184 3610 469 3663 ceantur:
504 3621 610 3660 NEC
663 3620 881 3658 unauna
938 3620 1007 3657 EA
1060 3619 1168 3658 nos
1216 3602 1478 3659 studiose
1539 3607 1829 3675 appetere,

185 3713 321 3771 quas
352 3695 492 3751 dum
518 3697 794 3749 tenentur
821 3691 1130 3747 intereant.

260 3809 291 3837 ‹‹
320 3784 566 3840 Vanitas
596 3782 942 3849 vanitatum,
975 3779 1119 3835 dixit
1140 3780 1519 3837 Ecclesiastes
1544 3799 1557 3836 :
1591 3780 1833 3838 Vanitas

178 3875 536 3940 vanitatum,
568 3876 624 3928 et
655 3872 854 3927 omnia
882 3870 1128 3925 vanitas.
1162 3892 1182 3919 ι»
1219 3870 1277 3925 Si
1308 3875 1520 3926 cuncta
1552 3887 1679 3942 quae
1703 3868 1837 3925 fecit

181 3967 364 4026 Deus,
397 3962 562 4017 valde
592 3961 745 4016 bona
782 3964 940 4027 sunt,
975 3960 1268 4030 quomodo
1299 3959 1499 4014 omnia
1524 3960 1839 4028 vanitas,et

180 4070 306 4110 non
337 4051 530 4109 solum
564 4051 813 4119 vanitas,
858 4064 1061 4103 verum
1093 4049 1270 4104 etiam
1326 4049 1554 4104 vanitas
1615 4048 1837 4105 vanita-

184 4147 319 4201 tum
340 4142 368 4196 ?
399 4140 470 4196 Ut
491 4140 644 4196 sicut
673 4139 733 4194 in
763 4135 1017 4194 Canticis
1048 4136 1407 4193 canticorum
1438 4137 1591 4193 inter
1640 4137 1840 4193 omnia

180 4230 473 4298 carmina,
504 4227 793 4285 excellens
823 4244 1058 4285 carmen
1110 4227 1266 4283 386
1324 4226 1699 4283 ostenditur:
1760 4226 1842 4282 ita

206 4470 211 4473 ‘
260 4466 279 4500 ¹
313 4465 440 4520 Duo
469 4463 718 4521 Palatini
766 4480 937 4535 mss.,
970 4464 1163 4518 merito
1218 4461 1518 4518 indicatur.
1586 4463 1839 4535 Alcuin.,

184 4539 389 4594 merito
415 4536 726 4594 iudicatur.

1948 3341 2181 3394 aeterna.
2210 3340 2339 3396 Sive
2365 3340 2504 3412 quia
2531 3341 2775 3398 vanitati
2803 3348 3071 3401 creatura
3108 3348 3374 3419 subjecta
3403 3354 3512 3421 est,
3545 3355 3604 3409 et

1946 3426 2299 3499 ingemiscit,
2330 3430 2600 3501 parturit,
2650 3436 2706 3487 et
2760 3433 3130 3505 praestolatur
3176 3436 3593 3499 revelationem

1946 3514 2196 3572 ﬁliorum
2233 3518 2251 3552 ¹
2282 3518 2404 3586 Dei,
2437 3524 2493 3573 et
2543 3537 2698 3575 nunc
2728 3537 2796 3576 ex
2824 3526 2987 3593 parte
3043 3527 3476 3597 cognoscimus,
3534 3533 3595 3586 et

1944 3621 2012 3659 ex
2037 3610 2199 3678 parte
2229 3608 2671 3680 prOphetamus.
2704 3610 2933 3667 Tandiu
2965 3614 3164 3669 omnia
3217 3631 3367 3672 vana
3424 3621 3587 3687 sunt,

1943 3695 2125 3750 donec
2156 3696 2348 3752 veniat
2376 3698 2529 3770 quod
2560 3699 2881 3771 perfectum
2911 3705 3019 3758 est.

2017 3808 2043 3833 ‹‹
2079 3786 2227 3851 Quid
2259 3792 2530 3859 superest
2559 3787 2783 3844 homini
2813 3788 2873 3845 in
2905 3790 3066 3846 omni
3098 3790 3293 3847 labore
3322 3808 3452 3864 suo,
3475 3782 3605 3866 quo

1944 3872 2173 3930 laborat
2202 3875 2313 3931 sub
2346 3875 2510 3932 sole?
2544 3899 2571 3925 ››
2613 3877 2752 3933 Post
2807 3876 3138 3950 generalem
3199 3882 3591 3940 sententiam:

1946 3963 2101 4036 quod
2132 3981 2283 4020 vana
2313 3964 2432 4020 sint
2460 3965 2678 4032 omnia,
2708 3968 2779 4021 ab
2805 3965 3146 4023 hominibus
3168 3968 3373 4042 incipit
3396 3987 3410 4026 :
3436 3971 3595 4043 quod

1947 4052 2165 4108 frustra
2192 4052 2251 4106 in
2317 4053 2523 4109 mundi
2579 4054 2729 4110 381
2789 4053 2960 4111 istius
3016 4055 3213 4113 labore
3273 4059 3593 4133 desudent;

1948 4145 2367 4214 congregantes
2398 4142 2631 4198 divitias
2655 4144 2716 4210 ¹⁰,
2749 4144 3022 4201 erudiens
3066 4146 3302 4217 liberos,
3336 4149 3599 4211 ambien-

1949 4237 2033 4287 tes
2063 4232 2133 4288 ad
2165 4231 2469 4301 honorem,
2497 4232 2741 4289 aediﬁcia
2770 4239 3201 4305 construentes,
3231 4243 3291 4295 et
3311 4238 3373 4296 in
3402 4240 3599 4298 medio

1950 4462 2349 4552 Corbeiens‘cs,
2398 4464 2533 4552 licet
2578 4466 2966 4552 vetustissimi
3002 4473 3081 4552 _et
3132 4470 3366 4552 optimas
3395 4475 3594 4552 "nota,

1951 4537 2231 4611 omittunt
2260 4536 2380 4591 haec
2408 4538 2583 4593 verba
2610 4540 2871 4611 Apostoli
2901 4536 3212 4596 scribentis
3258 4542 3330 4596 ad
3390 4536 3593 4601 Corin;

212 4624 219 4625 ί
260 4610 284 4643 ²
313 4601 423 4664 Sed
439 4624 631 4664 amore
657 4608 966 4678 proprium,
1010 4610 1118 4662 etc.
1178 4608 1418 4662 Addunt
1470 4607 1610 4662 editi
1671 4613 1843 4665 antea
1870 4601 1916 4665 D
1948 4608 2121 4665 thios.
2154 4612 2434 4678 tuarum.

186 4679 329 4736 libri
360 4696 571 4735 nomen
603 4678 773 4749 ﬁlius,
807 4680 908 4733 sed
941 4679 1255 4750 superflue.
1290 4678 1580 4734 Maurum.

260 4750 497 4806 8Aliter
552 4751 776 4823 absque
823 4759 885 4823 et
926 4750 1162 4822 copula;
1214 4755 1346 4823 tum
1406 4753 1658 4822 utraque,
1738 4768 1842 4823 pro

187 4830 522 4906 utrumque;
553 4823 809 4895 denique
868 4822 999 4877 bene
1047 4822 1369 4892 complacui,
1429 4838 1533 4894 pro
1589 4822 1841 4896 simplici

182 4896 523 5021 mygfriahtdh
545 4964 845 5020 malesana
884 4963 1158 5036 Opinione
1181 4963 1419 5048 priscos
1423 4964 1842 5048 “Hebraeorum

187 5038 496 5094 Rabhinos
525 5041 785 5092 versatos
815 5052 969 5103 esse,
998 5041 1198 5091 narrat
1228 5038 1354 5107 ipse
1396 5038 1629 5104 Hieron,
1690 5038 1845 5092 infra

184 5111 258 5180 in.
292 5109 470 5180 hujus
499 5108 629 5180 libri
666 5125 792 5180 cap.
824 5110 906 5163 12.
930 5107 1125 5179 Videri
1158 5112 1408 5180 possunt
1438 5107 1759 5163 hodienum
1782 5109 1841 5163 in

187 5178 527 5260 Thalmude
556 5178 885 5260 liber—gi?
939 5179 1126 5260 capite
1161 5178 1370 5260 itertio,
1418 5183 1476 5260 et
1531 5181 1839 5260 Tractatus

189 5251 434 5309 Sabbati
456 5268 581 5324 cap.
604 5256 658 5319 2,
682 5254 738 5306 et
758 5250 1138 5305 Maimonides
1160 5250 1397 5324 in‘More
1418 5250 1847 5317 Nevochim,at-

190 5338 316 5395 que
336 5324 451 5379 alii.
486 5321 645 5379 Hanc
676 5339 1177 5395 quoquegcausam
1219 5321 1497 5395 habuisse
1554 5325 1841 5394 quosdam

184 5393 522 5477 haereticos,
556 5413 661 5450 cur
701 5393 855 5477 hunc
914 5393 1128 5477 lihﬂrum
1186 5393 1845 5477 repudiarent,uscribit

183 5465 546 5535 Philastrius
579 5483 705 5538 cap.
743 5467 835 5521 131
866 5482 877 5520 :
915 5487 943 5514 «
978 5466 1129 5521 Sunt
1159 5466 1398 5538 quidam
1435 5465 1711 5529 haeretici,
1741 5467 1841 5538 qui

184 5541 264 5595 de
296 5538 487 5595 Veteri
519 5537 891 5593 Testamento
914 5538 1100 5593 multa
1124 5537 1456 5608 reprobant,
1478 5538 1535 5592 id
1567 5542 1656 5593 est
1682 5537 1841 5594 Salo-

184 5610 388 5667 monis
420 5609 828 5673 Ecclesiasten,
863 5630 891 5657 »
922 5613 1029 5664 etc.

259 5683 283 5720 ⁶
312 5685 459 5740 Nam
512 5698 611 5738 nec
664 5681 1029 5753 gloriﬁcatum
1080 5682 1176 5736 est.
1231 5680 1356 5736 Duo
1410 5696 1552 5739 mss.
1611 5682 1841 5740 codices

517 5811 786 5874 ΡΑΤιιοι.
827 5807 1046 5872 XXIII.

2022 4682 2043 4714 ⁸
2074 4676 2278 4750 Ἀτμός
2311 4675 2577 4750 ἀτμίδων,
2612 4683 2720 4735 etc.
2758 4681 2909 4736 Editi
2956 4680 3091 4737 libri
3123 4683 3348 4739 Erasm.
3381 4688 3441 4740 et
3470 4683 3595 4741 Ma-

1952 4751 2100 4807 rian.
2134 4752 2588 4828 praetermittunt
2612 4751 2727 4828 duo
2766 4752 3099 4828 illa__verba
3157 4750 3426 4825 ἀτμέδων,
3454 4758 3595 4828 sive,

1953 4841 2078 4899 quae
2110 4822 2306 4899 tamen
2336 4822 2611 4894 leguntur
2636 4823 2697 4877 in
2726 4823 3003 4880 omnibus
3053 4840 3197 4881 mss.
3229 4822 3600 4899 exemplari;

1952 4895 2085 4951 bus.
2119 4895 2402 4949 MARTIAN.

2022 4997 2091 5006 —-
2122 4967 2320 5039 Malim
2355 4965 2512 5039 dij:qu
2546 4979 2690 5020 mss.
2721 4982 2856 5023 vero
2888 4983 2992 5039 pro
3031 4964 3274 5039 ἀτμίὸων
3318 4972 3597 5027 constan-

1950 5042 2039 5093 ter
2068 5037 2402 5092 ATMEAQN
2434 5036 2703 5092 etl‘erunt.

2023 5110 2372 5164 "Victorius.
2407 5110 2469 5163 Et
2513 5107 2777 5163 nonnihil
2834 5111 3107 5166 vanitatis
3162 5127 3232 5166 ea:
3287 5111 3387 5167 hoc
3438 5111 3600 5170 verba

1952 5182 2276 5237 ostenditur.

2022 5255 2044 5287 θ
2076 5254 2201 5320 Quae
2227 5253 2381 5329 enirn
2411 5250 2825 5329 videnturtetc.
2858 5252 2962 5329 llic
3000 5269 3162 5329 vero_
3184 5254 3408 5329 addunt
3465 5259 3603 5329 post

1952 5341 2148 5379 vocem
2181 5324 2470 5396 videntur,
2487 5325 2547 5376 ut
2566 5323 2650 5396 ait
2675 5323 2977 5392 Apostolus,
3012 5324 3166 5396 quod
3198 5324 3256 5381 in
3286 5323 3486 5383 nullo'
3511 5344 3602 5385 re-

1953 5396 2175 5468 peritur
2206 5412 2316 5450 ms.
2347 5394 2562 5468 codice.
2599 5393 2883 5468 Maa'riAN.
3002 5393 3046 5468 ί
3560 5411 3567 5415 ·

2023 5469 2042 5502 ⁷
2075 5468 2295 5522 Nomen
2326 5467 2590 5540 ﬁliorum,
2634 5466 2788 5536 quod
2837 5466 3111 5540 Martium.
3174 5473 3307 5540 post
3363 5470 3597 5531 Erasm.

1952 5540 2248 5602 omiserat,
2277 5553 2306 5591 e
2337 5537 2556 5592 nostris
2580 5552 2721 5591 mss.
2751 5541 2808 5591 et
2836 5538 3089 5593 Victorio
3120 5537 3483 5599 suffecimus.

2024 5612 2065 5644 ιο
2094 5608 2346 5686 Alc_uin.,
2380 5609 2801 5686 Congregantes
2842 5608 3070 5667 divitias
3112 5615 3422 5686 perituras,
3480 5630 3608 5672 am-

1953 5682 2155 5738 bientes
2183 5682 2429 5750 honores,
2461 5679 2731 5753 aediﬁcia,
2752 5681 2860 5738 etc.

3207 5811 3288 5876 84
