3992 6394
411 365 568 435 1067

1642 378 1706 439 S.
1753 376 2066 443 EUSEBII
2110 374 2580 444 HIERONYMI.

3652 372 3830 442 1068

412 517 583 577 opere
612 504 808 563 subita
837 507 1023 563 morte
1074 504 1357 563 subtracti
1417 508 1697 565 audiant:
1758 514 2050 583 lnsipiens,
2084 518 2137 582 Α
2169 514 2404 585 aspiret.
2440 518 2556 569 Hoc
2587 518 2778 569 autem
2811 515 2999 569 totum
3033 508 3271 578 idcirco,
3302 513 3370 568 ut
3401 508 3622 583 doceat,
3685 528 3827 569 mu-

411 595 514 651 hac
540 600 694 652 nocte
722 598 1006 666 auferetur
1032 598 1224 652 anima
1252 600 1348 651 tua
1380 616 1411 651 a
1443 606 1491 653 te
1515 617 1527 666 ;
1557 615 1683 670 quae
1720 605 1897 655 autem
1953 620 2052 673 pa-

410 686 567 751 rasti,
600 688 756 758 cujus
785 690 947 741 erunt
978 687 1125 757 (Luc.
1158 703 1257 751 xu,
1290 686 1427 756 20)?
1476 688 1730 744 maxime
1788 706 1919 745 cum
1986 707 2055 745 ex

409 775 570 829 omni
600 774 798 830 labore
828 775 974 830 nihil
1005 793 1204 831 secum
1239 776 1446 843 ferant,
1482 778 1581 832 sed
1625 778 1768 833 nudi
1818 780 1874 832 in
1936 786 2053 833 ter-

408 879 533 918 ram
565 863 825 932 redeant,
855 866 1011 920 unde
1037 864 1258 937 sumpti
1290 871 1448 919 sunt.

482 953 841 1009 «Generatio
871 954 1049 1021 vadit,
1100 959 1158 1009 et
1210 954 1503 1027 generatio
1533 953 1734 1022 venit;
1795 960 1853 1011 et
1902 960 2057 1010 terra

407 1040 468 1096 in
498 1042 782 1098 saculum
813 1044 830 1078 ¹
863 1046 997 1098 stat.
1029 1065 1057 1092 »
1088 1042 1232 1097 Aliis
1261 1043 1667 1110 morientibus,
1729 1048 2057 1099 nascuntur

410 1130 538 1199 alii;
572 1136 629 1187 et
658 1148 806 1205 quos
836 1133 1086 1199 videras,
1139 1149 1251 1187 non
1306 1132 1528 1199 videns,
1588 1132 1801 1206 incipis
1859 1133 2055 1189 videre

411 1236 559 1292 quos
618 1238 733 1277 non
790 1220 1016 1277 videras
1060 1222 1099 1274 ³.
1151 1220 1296 1283 Quid
1350 1220 1459 1275 hac
1513 1222 1719 1277 vanius
1778 1223 2053 1289 vanitate,

412 1312 589 1383 quam
639 1315 823 1366 terras
884 1326 1139 1376 manere,
1174 1326 1300 1381 quae
1333 1310 1642 1367 hominum
1675 1329 1854 1368 causa
1906 1314 2056 1368 facta

412 1404 500 1458 est
525 1418 538 1456 :
568 1404 623 1455 et
653 1400 848 1471 ipsum
878 1399 1177 1455 hominem
1209 1404 1374 1455 terra:
1405 1402 1735 1469 dominum,
1769 1402 1828 1457 in
1856 1402 2054 1474 pulve-

411 1506 531 1546 rem
563 1494 799 1561 repente
829 1488 1118 1543 dissolvi?
1148 1487 1348 1555 Aliter,
1386 1489 1576 1545 Prima
1608 1491 1826 1545 recedit
1876 1507 2055 1562 gene-

410 1581 557 1637 ratio
586 1578 945 1645 Judazorum,
979 1582 1037 1632 et
1067 1578 1327 1632 succedit
1356 1577 1654 1649 generatio
1684 1580 1753 1634 de
1780 1579 2055 1650 gentibus

409 1672 797 1742 congregata:
846 1671 1002 1722 terra
1058 1671 1252 1722 autem
1308 1668 1512 1723 tandiu
1574 1672 1708 1735 stat,
1769 1668 2056 1739 quandiu,

406 1764 714 1831 Synagoga
741 1756 1063 1811 reredente.
1095 1756 1352 1811 Ecclesia
1380 1755 1573 1812 omnis
1606 1757 1875 1812 introeat.
1910 1758 2054 1813 Cum

412 1848 567 1904 enim
601 1845 978 1918 praedicatum
1012 1844 1187 1899 fuerit
1218 1844 1595 1917 Evangelium
1628 1845 1686 1899 in
1719 1851 1837 1901 toto
1896 1848 2055 1913 orbe,

408 1942 549 1993 tunc
581 1935 690 1991 erit
731 1935 884 1990 ﬁnis.
946 1933 1291 1989 lmminente
1336 1950 1469 1990 vero
1527 1937 2057 2001 consummatione,

410 2026 621 2082 cmlum
654 2029 710 2081 et
737 2028 892 2079 terra
940 2024 1400 2095 pertransibunt.
1462 2025 1531 2078 Et
1580 2025 1883 2096 signanter
1940 2042 2055 2080 non

411 2117 530 2172 ait:
565 2116 728 2170 Terra
757 2115 817 2167 in
845 2113 1065 2169 saeculis
1095 2116 1222 2181 stat,
1255 2114 1357 2167 sed
1390 2114 1446 2167 in
1488 2115 1751 2169 saeculum
1780 2116 1819 2169 ⁸.
1884 2115 2057 2170 Porro

410 2205 725 2261 laudamus
770 2202 1103 2271 Dominum,
1139 2218 1252 2257 non
1294 2201 1353 2256 in
1380 2219 1496 2258 uno
1547 2203 1776 2273 saeculo,
1838 2205 1936 2260 sed
1997 2204 2055 2260 in

413 2293 645 2369 saeculis
674 2291 1042 2349 smculorum.

485 2408 514 2435 «
546 2382 743 2440 Oritur
773 2380 882 2448 sol,
914 2385 970 2436 et
999 2379 1210 2437 occidit
1240 2380 1345 2447 sol,
1393 2385 1451 2436 et
1508 2382 1578 2437 ad
1627 2382 1820 2438 locum
1882 2399 2056 2438 suum

411 2473 595 2543 ducit,
628 2476 686 2528 et
714 2472 901 2527 oritur
927 2471 1053 2543 ipse
1074 2471 1153 2525 ibi
1184 2471 1225 2525 ‘.
1258 2491 1285 2519 »
1309 2469 1406 2525 Sol
1439 2471 1582 2542 ipse,
1617 2471 1714 2543 qui
1748 2471 1807 2526 in
1867 2471 2056 2528 lucem

413 2562 764 2620 mortalibus
794 2561 965 2616 datus
996 2563 1104 2627 est,
1131 2558 1434 2615 interitum
1462 2564 1593 2615 ortu
1643 2577 1749 2615 suo
1796 2562 2061 2632 quotidie

410 2652 634 2709 indicat
654 2654 711 2705 et
740 2665 971 2705 occasu.
1006 2648 1113 2713 Qui
1144 2652 1455 2719 postquam
1509 2648 1811 2704 ardentem
1872 2654 2058 2705 rotam

414 2741 643 2797 Oceano
673 2737 929 2803 tinxerit,
964 2753 1065 2808 per
1092 2735 1420 2806 incognitas
1451 2736 1619 2791 nobis
1666 2737 1791 2792 vias
1848 2739 1918 2792 ad
1976 2739 2059 2793 lo-

415 2846 573 2897 cum,
608 2827 762 2883 unde
795 2826 1030 2893 exierat,
1076 2825 1442 2897 regreditur:
1477 2824 1822 2898 cxpletoque
1873 2827 2060 2883 noctis

414 2917 658 2987 circulo,
690 2931 926 2971 rursum
959 2915 1030 2969 de
1059 2913 1319 2969 thalamo
1343 2931 1448 2969 suo
1482 2914 1730 2971 festinus
1784 2916 2056 2989 erumpit.

417 3014 529 3064 Pro
560 3025 625 3063 eo
648 3010 864 3071 autem,
898 3003 1052 3076 quod
1082 3001 1393 3075 Vulgatam
1449 3004 1765 3059 editionem
1820 3022 2063 3078 sequen-

414 3104 504 3157 tes
537 3096 867 3171 posuimus,
900 3094 969 3149 ad
1026 3093 1205 3149 locum
1260 3110 1423 3148 suum
1477 3093 1644 3160 ducit,
1706 3094 1764 3149 in
1826 3095 2061 3152 llebraao

417 3189 595 3247 habet
649 3202 824 3242 sosrn
856 3184 1101 3273 (quia):
1166 3182 1321 3255 quod
1378 3183 1590 3255 Aquila
1643 3183 2065 3256 interpretatur

2167 603 2487 658 tationibus
2520 608 2874 675 temporum,
2908 602 3063 658 888
3096 606 3151 658 et
3182 606 3310 657 ortu
3357 616 3688 673 occasuque
3747 602 3828 657 81-

2166 693 2394 761 derum,
2429 692 2750 746 humanam
2782 691 3143 747 aetatemlabi
3170 696 3224 745 et
3258 690 3513 757 interire,
3539 691 3693 745 dum
3717 707 3827 745 ne-

2167 781 2331 835 sciat.
2367 781 2561 845 Aliter,
2596 780 2693 835 Sol
2720 782 2987 852 justitize,
3021 781 3077 834 in
3110 781 3280 851 cujus
3312 779 3420 833 alis
3450 784 3539 835 est
3568 780 3820 845 sanitas;

2165 869 2510 925 timentibus
2542 870 2723 925 Deum
2756 870 3022 935 oritur,et
3053 868 3575 940 pseudoprophetis
3605 868 3825 923 occidit

2168 959 2432 1013 meridie.
2467 959 2611 1014 Cum
2645 964 2840 1013 autem
2874 965 3037 1013 ortus
3070 958 3265 1025 fuerit,
3296 958 3353 1012 in
3386 956 3581 1013 locum
3637 974 3822 1013 suum

2167 1064 2275 1103 nos
2304 1047 2502 1103 trahit.
2536 1048 2701 1112 Quo?
2732 1047 3010 1102 Videlicet
3031 1047 3098 1101 ad
3133 1051 3384 1101 Patrem.
3416 1046 3500 1101 Ad
3531 1046 3639 1103 hoc
3657 1048 3822 1103 enim

2166 1137 2349 1204 venit,
2380 1142 2447 1191 ut
2478 1154 2582 1192 nos
2614 1138 2683 1191 de
2716 1136 2885 1192 terris
2916 1137 2986 1190 ad
3022 1135 3231 1191 ccelum
3277 1135 3444 1202 levet,
3502 1140 3559 1191 et
3615 1137 3817 1192 dicat:

2168 1226 2302 1280 Cum
2350 1228 2625 1281 multatus
2667 1228 2841 1297 fuerit
2898 1228 2939 1279 F
2942 1226 3073 1279 ilius
3116 1225 3374 1289 hominis,
3409 1227 3596 1281 omnia
3634 1228 3819 1281 trahet

2168 1316 2235 1369 ad
2272 1332 2327 1369 se
2344 1317 2519 1386 (Joan.
2552 1316 2674 1386 χιι).
2709 1316 2823 1369 Νο0
2851 1316 3090 1380 mirum,
3124 1314 3334 1369 Filium
3366 1316 3436 1369 ad
3467 1331 3526 1370 se
3584 1315 3819 1372 trahere

2168 1405 2490 1471 credentes,
2524 1421 2657 1459 cum
2689 1409 2745 1458 et
2776 1404 2943 1458 Pater
2973 1402 3097 1474 ipse
3128 1404 3199 1457 ad
3255 1402 3463 1457 Filium
3521 1403 3718 1459 trahat
3746 1405 3769 1439 ⁶
3798 1421 3814 1459 :

2167 1496 2332 1549 Nemo
2362 1495 2531 1563 enim,
2564 1494 2664 1557 ait,
2698 1495 2842 1547 venit
2871 1494 2943 1547 ad
2980 1509 3085 1559 me,
3136 1495 3248 1546 nisi
3279 1482 3466 1560 Pﬂer,
3518 1494 3614 1563 qui
3659 1496 3819 1549 misit

2172 1601 2272 1647 me,
2313 1583 2545 1637 adducat
2584 1600 2708 1637 eum
2743 1585 2917 1651 (Joan.
2951 1600 3026 1651 γι,
3053 1583 3161 1653 44).
3198 1585 3305 1637 [ste
3327 1599 3463 1655 ergo
3495 1582 3602 1647 sol,
3634 1599 3817 1655 quem

2169 1673 2300 1727 aliis
2332 1673 2614 1738 occidere,
2648 1671 2779 1726 aliis
2812 1672 2972 1726 nasci
3006 1671 3304 1727 diximus:
3338 1678 3393 1726 et
3420 1672 3601 1727 Jacob
3622 1688 3817 1743 quon-

2168 1763 2301 1816 dam
2338 1761 2677 1833 patriarchre
2709 1762 2778 1815 de
2809 1761 2985 1815 Terra
3014 1765 3213 1815 sancta
3243 1760 3559 1832 egredienti
3595 1763 3697 1827 [AL
3731 1778 3819 1817 re-

2168 1850 2476 1923 gredienti]
2499 1851 2729 1916 occidit,
2768 1866 3118 1920 rursumque
3144 1866 3277 1904 cum
3310 1850 3381 1905 de
3411 1850 3574 1921 Syria
3594 1855 3815 1906 terram

2171 1939 2642 2011 repromissionis
2675 1940 2934 2004 intraret,
2969 1944 3130 1992 ortus
3168 1942 3255 1993 est
3303 1939 3351 1993 ei
3388 1938 3537 2008 (Gen.
3588 1940 3814 2007 xxvm).

2170 2030 2273 2083 Lot
2305 2046 2535 2099 quoque
2562 2029 2840 2099 quoniam
2874 2028 2977 2100 [AL
3012 2028 3267 2100 quando]
3300 2044 3565 2099 egressus
3594 2033 3680 2084 est
3738 2030 3818 2085 de

2168 2118 2456 2185 Sodomis,
2491 2123 2547 2172 et
2575 2118 2729 2171 venit
2762 2118 2831 2171 ad
2867 2116 3177 2185 civitatem,
3210 2117 3281 2171 ad
3315 2133 3512 2188 quam,
3547 2121 3609 2172 ut
3646 2118 3813 2173 festi-

2169 2211 2352 2274 naret,
2381 2206 2431 2261 ei
2466 2207 2651 2261 fuerat
2680 2208 3057 2278 imperatum.
3102 2206 3364 2261 ascendit
3414 2206 3473 2261 in
3530 2210 3812 2277 montem,

2169 2300 2225 2352 et
2256 2294 2341 2351 801
2372 2295 2545 2351 exivit
2567 2312 2742 2368 super
2771 2299 2949 2366 Segor
2980 2295 3131 2363 (Gen.
3165 2295 3306 2365 xxx).

2242 2409 2267 2435 ((
2302 2385 2475 2440 Vadit
2506 2385 2578 2440 ad
2611 2388 2899 2452 austrum,
2934 2390 2989 2439 et
3011 2384 3161 2455 girat
3208 2386 3278 2439 ad
3313 2383 3646 2456 aquilonem
3682 2403 3696 2442 :
3728 2386 3812 2459 gi-

2173 2492 2308 2530 rans
2339 2474 2582 2546 girando
2614 2473 2774 2527 vadit
2806 2473 3069 2545 spiritus,
3098 2477 3152 2527 et
3184 2472 3240 2527 in
3275 2472 3521 2529 circulos
3563 2491 3702 2530 suos
3734 2491 3818 2531 re-

2168 2564 2413 2618 vertitur
2443 2564 2708 2634 spiritus.
2738 2562 2932 2617 »111110
2956 2578 3271 2633 possumus
3294 2563 3580 2618 aestimare
3602 2562 3818 2621 hiemis

2171 2658 2429 2724 tempore
2462 2654 2647 2707 solem
2679 2652 2750 2706 ad
2783 2650 3166 2707 meridianam
3212 2651 3442 2723 plagam
3475 2668 3728 2723 currere,
3760 2658 3818 2710 et

2173 2758 2275 2813 per
2305 2746 2562 2796 restatem
2597 2740 2975 2812 septentrioni
3006 2756 3135 2795 esse
3172 2740 3446 2807 vicinum,
3479 2746 3537 2796 et
3567 2758 3682 2797 non
3714 2759 3819 2814 per

2172 2831 2585 2902 aequinoctium
2618 2830 2887 2885 autumni
2918 2830 3131 2885 habere
3153 2829 3504 2902 principium
3533 2848 3545 2885 :
3578 2832 3679 2887 sed
3702 2833 3820 2904 pri-

2174 2938 2336 2975 mum
2370 2921 2627 2992 spirante
2659 2919 2906 2984 favonio,
2941 2919 3172 2991 quando
3203 2921 3222 2954 ⁷
3261 2923 3519 2991 tempore
3565 2920 3714 2976 veris
3755 2922 3812 2977 in

2172 3010 2353 3066 fetum
2386 3014 2595 3064 cuncta
2626 3012 3001 3081 rumpuntur.
3038 3009 3198 3073 Quod
3230 3013 3424 3064 autem
3456 3009 3568 3065 ait:
3630 3033 3656 3060 ‹‹
3717 3011 3816 3065 Gi-

2172 3116 2311 3154 rans
2342 3098 2583 3171 girando
2613 3097 2772 3152 vadit
2802 3097 3065 3169 spiritus,
3096 3102 3152 3152 et
3182 3097 3239 3151 in
3271 3096 3520 3154 circulos
3551 3115 3690 3154 suos
3723 3116 3815 3156 re-

2172 3188 2438 3253 vertitur,
2475 3211 2495 3238 »
2535 3187 2653 3241 sive
2680 3186 2876 3257 ipsum
2909 3185 3090 3241 solem
3134 3185 3406 3258 spiritum
3466 3187 3813 3256 nominavit,

420 3274 623 3332 εἳσπνεῖ
653 3277 695 3341 ⁵,
727 3274 785 3329 id
816 3265 923 3342 est,
956 3275 1187 3345 aspirat,
1205 3273 1591 3345 Symmachus
1612 3288 1767 3341 vero,
1801 3279 1857 3329 et
1877 3275 2062 3332 Theo-
2092 3265 2134 3332 C
2174 3277 2330 3350 quod
2361 3275 2579 3332 animet
2606 3277 2646 3342 ⁸,
2681 3283 2733 3329 01
2760 3274 2961 3346 spiret,
2995 3279 3051 3331 et
3078 3274 3288 3346 vigeat,
3322 3279 3377 3329 et
3398 3292 3620 3333 annuos
3643 3279 3817 3333 orbes

421 3366 641 3433 dotion,
681 3364 939 3432 recurrit,
973 3362 1112 3433 quia
1156 3361 1425 3418 videlicet
1479 3362 1564 3417 801
1615 3368 1937 3419 revertatur
1992 3366 2063 3421 ad

422 3455 619 3511 locum
650 3468 845 3522 suum,
876 3456 933 3508 et
956 3451 1060 3519 ibi,
1104 3452 1260 3506 unde
1309 3452 1473 3524 prius
1532 3468 1802 3524 egressus
1855 3453 2061 3520 fuerat,

495 3580 674 3646 ³1110,
731 3581 788 3634 01
841 3576 1015 3650 paulo
1072 3576 1337 3642 inferius,
1397 3576 1496 3631 ubi
1554 3578 1855 3649 signanter
1912 3580 2064 3635 hanc

421 3654 611 3725 ipsam
644 3667 839 3725 vocem
871 3650 1114 3725 Hieron._
1138 3652 1323 3725 uota_t,_
1352 3664 1495 3725 mss.
1546 3654 1719 3719 atque
1751 3650 1889 3725 editi
1929 3650 2059 3706 libri

420 3719 625 3781 omnes
654 3723 831 3779 habet
860 3724 919 3775 in
946 3721 1230 3777 saccutum.
1272 3719 1642 3774 Μαι-1101110118
1690 3736 1757 3774 ex
1804 3722 2064 3778 subnexa

419 3794 924 3852 animadversione
953 3798 1219 3847 constare
1251 3791 1333 3845 ait
1363 3791 1825 3856 rescribendum,
1862 3794 1943 3847 uti
1981 3796 2059 3849 1³0-

418 3869 496 3925 011
523 3871 584 3923 in
613 3868 833 3923 swculo.
858 3869 991 3931 Quae
1023 3863 1353 3929 diversitas,
1390 3867 1451 3917 ut
1483 3863 1552 3917 de
1583 3862 1765 3918 nihilo
1799 3864 1894 3927 sit,
1957 3882 2063 3920 ne-

415 3957 529 4013 que
558 3945 647 3996 est
666 3935 1103 4013 adllieronymi
1135 3940 1411 4013 mentem,
1436 3935 1535 4013 qui
1567 3933 1625 4013 id
1657 3936 2060 4013 unumpbser;

412 4006 527 4078 vat,
560 4028 676 4066 non
706 4008 964 4081 plurium
990 4006 1239 4063 numero
1270 4006 1555 4077 scriptum
1605 4008 1663 4060 in
1694 4007 1929 4076 saeculis,
1957 4010 2057 4064 sed

414 4081 630 4139 minori
660 4083 721 4135 in
749 4081 1034 4136 saeculum.

486 4184 553 4232 τ
576 4154 639 4232 Et
669 4159 818 4232 terra
848 4153 907 4206 in
935 4150 1137 4232 saecula
1163 4152 1288 4232 stat,
1335 4152 1445 4232 _et_c.
1501 4150 1781 4232 Corrupte
1830 4151 2055 4232 E'rasm.

416 4228 473 4279 et
499 4224 765 4288 Mariam,
796 4230 942 4278 terra
971 4222 1033 4275 in
1060 4219 1271 4276 saecula
1296 4227 1402 4292 stat
1427 4236 1439 4274 :
1501 4236 1633 4274 cum
1689 4219 1817 4292 ipse
1865 4222 2059 4278 Hiero-

414 4310 633 4367 nymus
662 4293 902 4367 infraiin
935 4290 1352 4367 commentario
1384 4290 2055 4367 earumdem'rverborum

417 4364 503 4421 sic
530 4365 778 4421 habeat:
810 4366 873 4419 Et
900 4366 1189 4430 signanter
1217 4378 1327 4415 non
1358 4364 1439 4416 ait
1458 4379 1479 4421 ;
1516 4364 1676 4417 Terra
1723 4366 1781 4417 in
1836 4366 2057 4420 saeculis

412 4442 543 4505 stat,
574 4438 675 4492 sed
705 4438 764 4491 in
792 4436 1015 4491 swcuto.
1049 4434 1341 4488 Maurus.

485 4504 796 4574 ’Quatuor
854 4506 1280 4574 mss.,lncipies
1320 4504 1525 4565 videre,
1572 4506 1667 4575 qui
1712 4522 1817 4558 non
1879 4517 2052 4562 erant.

411 4580 662 4644 Alcuin.,
698 4580 1040 4651 Incipiesque
1068 4577 1248 4632 videre
1272 4591 1379 4651 eos,
1412 4576 1507 4651 qui
1531 4579 1655 4631 ante
1708 4594 1815 4651 non
1877 4585 2052 4634 erant.

2175 3383 2280 3421 suo
2312 3382 2509 3432 cursu,
2544 3362 2792 3435 expleat,
2826 3367 2889 3417 ut
2920 3362 2997 3419 ait
3030 3368 3197 3435 poeta
3227 3363 3462 3434 (inciti.
3498 3365 3583 3436 ιιι)
3610 3383 3622 3421 :

2238 3465 2443 3513 Interea
2472 3475 2723 3525 magnum
2757 3461 2834 3510 sol
2862 3460 3297 3511 circumvolvitur
3325 3475 3529 3512 annum
3552 3477 3566 3511 :

2174 3578 2397 3645 είσπνεῐ,
2434 3578 2589 3649 quod
2620 3575 2966 3650 Scholiastes
2990 3575 3198 3650 getiam
3230 3576 3463 3633 Grmcus
3511 3595 3579 3633 ex
3605 3579 3817 3650 Aquila

2173 3651 2415 3721 replicat
2444 3647 2599 3720 apud
2625 3647 3305 3721 FlaminiumNobilium,
3332 3651 3607 3705 Erasmus
3627 3647 3817 3707 01Μο-

2174 3719 2375 3776 rianas
2406 3719 2608 3775 contra
2639 3719 3039 3793 auctoritatem
3060 3720 3333 3793 omnium
3355 3792 3367 3793 ί
3394 3721 3811 3793 exemplarium

2173 3811 2314 3848 mss.
2352 3794 2539 3863 legere
2569 3791 2879 3846 voluerunt
2908 3790 3287 3864 wpooérrveucs.
3318 3790 3606 3848 Mammi.

2240 3866 2261 3898 ⁶
2294 3862 2432 3919 Cum
2472 3868 2523 3917 et
2570 3864 2732 3917 Pater
2782 3864 2898 3933 ipse
2954 3862 3024 3917 ad
3070 3864 3275 3917 Filium
3325 3865 3525 3918 trahat.
3579 3865 3640 3919 In
3703 3863 3812 3919 hoc

2170 3952 2403 4009 quoque
2434 3940 2723 4009 commate
2754 3950 2992 4009 sensum
3026 3934 3317 4009 Evangelii
3349 3939 3406 3989 et
3462 3936 3810 4009 sententiam

2170 4005 2501 4076 Hieranymi
2535 4008 2898 4078 subvertunt,
2927 4005 3185 4077 legentes
3200 4005 3221 4059 ’:
3257 4007 3389 4061 Cum
3425 4009 3476 4061 et
3499 4008 3663 4062 Pater
3700 4008 3812 4078 ipse

2168 4080 2238 4133 ad
2267 4096 2323 4134 se
2352 4080 2555 4133 Filium
2583 4078 2784 4132 trahat.
2821 4077 3111 4132 Maurum.

2239 4152 2257 4185 ⁷
2289 4153 2471 4205 Antea
2499 4154 2624 4204 erat
2645 4150 2907 4220 quoniam
2932 4166 2943 4204 :
2972 4148 3167 4204 minus
3198 4152 3370 4214 recte,
3403 4152 3457 4203 et
3488 4164 3628 4204 mss.
3668 4165 3810 4205 con-

2169 4222 2612 4277 tradicentibus.

2238 4294 2257 4327 ε
2298 4293 2441 4347 Vide
2472 4291 2738 4346 libellum
2768 4290 3089 4363 blateronis
3111 4292 3306 4347 nescio
3328 4292 3497 4362 cujus
3526 4290 3595 4345 de
3612 4305 3808 4363 grege,

2168 4369 2233 4419 ut
2263 4365 2532 4425 arbitror,
2567 4363 2859 4427 Fratrum,
2893 4362 2984 4417 cui
3015 4363 3253 4417 titulum
3288 4362 3420 4417 10011
3443 4363 3703 4429 Socrates,
3730 4362 3811 4417 et

2167 4437 2404 4490 Phazrus
2437 4434 2712 4503 Dialogus
2745 4450 2873 4505 pag.
2907 4434 3013 4487 2l2
3043 4440 3098 4489 et
3129 4451 3277 4505 scq.,
3309 4435 3407 4488 ubi
3433 4432 3623 4505 locum
3655 4433 3809 4505 hunc

2167 4508 2722 4575 aduotulionemque
2745 4504 3158 4569 Calumniatur,
3184 4504 3291 4560 nec
3317 4505 3517 4560 Latine
3538 4504 3704 4559 illum
3724 4504 3811 4559 in-

2172 4579 2401 4658 telligit.
2436 4578 2603 4658 quasi
2635 4577 3078 4658 scripserimus.
3103 4594 3288 4658 omnes
3329 4576 3533 4658 radices
3579 4581 3638 4631 et
3666 4576 3806 4658 Har-

481 4653 504 4688 ³
536 4638 693 4708 Idem
724 4638 976 4713 Alduini,
1008 4650 1291 4719 signanter
1318 4638 1482 4712 dill'it,
1514 4654 1659 4701 terra
1693 4650 1748 4702 in
1792 4651 2057 4705 secratum
2088 4638 2133 4701 D
2169 4638 2648 4719 tianfeum‘ipsum
2706 4638 2900 4715 [ei/isse
2939 4648 3079 4719 quod
3128 4649 3341 4705 animal
3370 4650 3501 4719 sit
3530 4663 3661 4703 cum
3717 4647 3806 4701 di-

408 4729 538 4792 stat,
572 4741 683 4779 non
713 4726 770 4778 in
796 4723 1011 4778 saeculo.
1044 4719 1175 4773 Vid.
1210 4720 1712 4792 superioremgnot.
1751 4722 1801 4774 1.

480 4798 502 4830 ⁸
526 4790 593 4851 Et
623 4797 803 4851 oritur
832 4797 943 4867 ipse
966 4795 1077 4867 ι’ίιί.Δ
1096 4790 1280 4845 Ambo
1314 4806 1467 4867 mss.
1489 4790 1713 4867 codices
1745 4792 2049 4867 (1011101011-

409 4885 525 4933 ses,
557 4872 609 4922 et
636 4861 865 4931 orietur,
895 4871 1002 4921 etc.
1055 4864 1228 4935 juxta
1274 4861 1535 4935 phrasim
1595 4863 1936 4918 Hebraicam
1996 4870 2052 4920 et

407 4938 703 5011 enallages
727 4933 1073 5011 temporum
1097 4935 1156 4988 in
1176 4933 1386 5011 verbis.
1407 4933 1610 5011 Solent
1638 4935 1795 4989 enim
1827 4935 2049 5011 Hebraei

406 5016 463 5067 et
493 5005 815 5067 Orientales
848 5005 1171 5080 exprimere
1202 5005 1622 5080 per_f_uturum,
1657 5022 1782 5080 quae
1823 5008 2050 5063 evenire

406 5082 614 5149 solent,
647 5086 748 5137 aut
776 5076 1179 5154 possun_t,laut
1204 5076 1629 5154 desiderantur,
1663 5076 1800 5154 licet
1857 5096 2048 5154 sermo

405 5154 483 5207 sit
510 5148 883 5220 depraesenti
914 5148 1385 5220 indeterminato,
1422 5152 1483 5201 ut
1541 5152 1667 5220 est:
1718 5152 1779 5203 Et
1836 5152 2051 5204 orietur

404 5227 519 5294 ipse
549 5218 644 5289 ibi,
679 5243 781 5296 pro
812 5227 1021 5279 ori/ur:
1056 5221 1195 5292 quia
1225 5219 1303 5273 ibi
1333 5220 1470 5296 o_rir_i
1514 5218 2045 5296 sol_ct._Nota_ndum

403 5290 599 5349 tamen
631 5290 697 5349 in'
720 5296 998 5351 Hebraico
1029 5290 1299 5347 centcxtu
1358 5290 1537 5359 hujus
1560 5362 1567 5363 ί
1592 5290 1700 5345 loci
1762 5292 2043 5363 scriptum

404 5381 531 5437 esse
563 5366 936 5437 participium
982 5380 1239 5437 nomen.‘
1277 5378 1405 5437 non
1458 5362 1697 5437 verbum
1757 5362 2041 5437 futurum.

403 5432 707 5509 Propterea
739 5432 880 5492 mss.
914 5432 1348 5492 Corbeiensium
1393 5432 1701 5488 lectionem
1764 5435 2044 5506 objicien—

402 5508 535 5563 dam
570 5526 683 5563 non
716 5509 994 5563 dubitavi.
1026 5511 1305 5561 MARTIAN.

472 5611 539 5619 -—
565 5579 743 5634 Penes
771 5579 1019 5643 Alcuin.,
1052 5587 1102 5633 et
1133 5577 1201 5631 ad
1232 5578 1406 5630 locunz
1434 5592 1597 5631 suum
1631 5580 1950 5646 revertitur,
1980 5589 2042 5634 ut

400 5653 600 5708 iterum
630 5653 860 5706 oriatur.
897 5651 984 5705 Sol
1014 5652 1147 5720 ipse,
1180 5653 1291 5702 etc.

470 5726 491 5760 ⁵
523 5724 672 5795 Quod
753 5724 950 5798 Aquila
999 5716 1391 5793 interpretatur
1422 5716 1644 5775 είσπνεῖ.
1701 5720 1806 5777 Pro
1866 5722 2041 5780 verbo

2162 4739 2367 4776 camus
2397 4718 2614 4791 aliquot
2657 4719 2829 4773 modo
2885 4718 3115 4774 codices
3168 4736 3235 4775 ex
3284 4719 3376 4774 his
3431 4718 3606 4774 etiam
3662 4734 3807 4791 quos

2164 4790 2536 4847 Martianmus
2570 4791 2843 4861 inspexit,
2875 4808 2990 4845 non
3038 4797 3273 4846 secutus
3320 4796 3517 4846 tamen
3563 4795 3666 4851 est,
3725 4790 3807 4844 ita

2161 4864 2370 4935 legere,
2428 4863 2605 4934 idque
2639 4879 2943 4935 perperam
2975 4864 3235 4929 omnino,
3270 4862 3664 4935 quodanimal
3709 4863 3803 4935 sit,

2159 4932 2398 5007 et‘spiret
2424 4953 2437 5002 ;
2472 4932 2607 5007 nam
2640 4932 2766 5007 quae
2799 4934 3064 5007 Origenis
3092 4932 3387 5007 sententia
3415 4933 3526 5007 fuit
3556 4934 3626 4988 de
3650 4932 3801 5007 sole,

2161 5004 2407 5077 aliisque
2433 5006 2617 5077 astris
2642 5005 2839 5077 anima
2878 5006 3158 5077 praeditis,
3188 5007 3247 5060 in
3289 5005 3395 5059 hoc
3454 5006 3590 5077 ipso;
3637 5004 3799 5077 Gom-

2159 5075 2577 5134 mentariorum
2606 5075 2665 5130 in
2701 5075 3082 5131 Ecclesiasten
3118 5077 3264 5132 libro
3296 5095 3356 5132 se
3414 5075 3623 5131 asserit
3675 5075 3799 5130 Bie-

2158 5167 2438 5222 ronymus
2517 5148 2857 5222 repudiasse
2918 5143 3178 5222 scribens
3236 5149 3308 5203 ad
3362 5146 3799 5222 Pammachium

2155 5218 2355 5276 contra
2400 5218 2682 5275 Joannem
2738 5219 3167 5291 Hierosolymit.
3226 5237 3388 5274 num.
3463 5221 3544 5275 17.
3609 5218 3797 5291 Neque

2156 5295 2297 5349 adeo
2330 5292 2485 5347 aliud
2512 5291 2810 5345 animandi
2843 5288 3016 5345 verbo
3050 5296 3232 5353 notat.
3267 5306 3443 5362 quam
3492 5290 3647 5362 quod
3690 5288 3793 5355 801,

2155 5366 2253 5434 qui
2283 5364 2611 5418 mundanas
2637 5379 2726 5417 res
2748 5380 2952 5417 omnes
2976 5362 3259 5427 calefacit,
3285 5361 3466 5417 vitam
3484 5361 3674 5434 calore
3692 5376 3794 5415 suo

2170 5432 2361 5492 iariat.
2396 5436 2525 5489 Mox
2551 5450 2763 5488 annuos
2794 5436 2939 5489 orbis
2967 5452 3175 5495 cursus,
3205 5452 3330 5506 qua:
3386 5438 3510 5488 erat
3558 5432 3795 5503 antiqua

2176 5508 2344 5569 ectio.
2379 5506 2639 5561 Vaticani
2671 5511 2727 5558 et
2759 5506 3000 5559 Palatini
3033 5505 3259 5561 codices
3293 5505 3527 5560 habent.

2223 5611 2290 5618 —
2320 5580 2382 5632 Et
2414 5594 2625 5631 (mnuos
2664 5577 2814 5631 orbes
2852 5595 2949 5631 suo
2994 5594 3157 5631 cursu
3194 5575 3437 5648 expleat.
3502 5575 3682 5643 Editi,
3745 5578 3793 5630 et

2150 5667 2361 5706 annuos
2400 5651 2555 5728 orbis
2597 5664 2790 5705 cursus
2828 5650 3041 5721 arpleat
3074 5647 3311 5728 :JquOd
3377 5652 3529 5703 certe
3566 5647 3796 5728 _incon_-_-

2151 5739 2363 5796 gruum
2388 5720 2567 5778 efficit
2597 5737 2859 5788 sensum,
2894 5718 2997 5778 nec
3030 5718 3526 5779 satis‘consonum
3566 5718 3791 5793 Virgilii
