3992 6436
177 431 347 499 ισθρ

174 571 237 624 et
267 566 406 625 alibi
435 565 699 640 (Georgio.
735 567 828 641 Ii):

214 678 415 757 'Atque
446 694 502 743 in
533 679 589 743 se
625 708 716 743 sus
745 707 843 757 per
869 694 1093 758 vestigia
1121 695 1351 745 volvitur
1391 710 1594 756 annus;

172 802 301 857 sive
332 802 489 874 quod
521 801 749 858 etlunze
782 801 1077 858 lucentem
1108 802 1351 874 globum
1384 808 1442 858 et
1485 809 1644 860 astra
1682 804 1837 860 Tita-

179 907 313 946 D18:

242 1015 470 1079 Spiritus
498 1015 643 1079 intus
673 1015 800 1079 alit:
834 1018 1107 1078 totamcple
1140 1016 1314 1065 infusa
1340 1030 1435 1079 per
1464 1020 1610 1066 artus

243 1077 397 1127 Mens
427 1078 592 1140 agitat
619 1077 834 1136 molem,
867 1083 919 1127 et
949 1077 1148 1142 magno
1180 1092 1233 1128 se
1257 1077 1739 1146 .corporemiscet;

172 1193 333 1249 389
364 1209 477 1248 non
511 1193 582 1247 de
611 1208 808 1249 annuo
839 1193 980 1249 solis
1011 1210 1208 1257 cursu,
1246 1194 1345 1249 sed
1378 1195 1448 1250 de
1478 1196 1834 1267 quotidianis

175 1281 409 1337 semitis
449 1282 575 1352 ejus
632 1282 912 1353 loquitur.
993 1282 1241 1354 Obliqua
1303 1282 1459 1338 enim
1529 1289 1586 1339 et
1654 1285 1835 1340 fracta

174 1372 337 1426 tinea
366 1371 383 1404 ¹
417 1387 519 1442 per
546 1374 814 1426 austrum
846 1370 1037 1443 pergit
1067 1372 1138 1427 ad
1184 1372 1446 1437 boream,
1509 1378 1564 1428 et
1615 1374 1695 1429 ita
1743 1392 1831 1429 re-

172 1459 423 1514 vertitur
478 1459 551 1513 ad
619 1459 923 1514 orientem.
992 1458 1210 1515 Aliter:
1274 1459 1367 1515 Sol
1437 1462 1670 1532 quando
1732 1480 1833 1534 per

176 1552 449 1603 austrum
510 1547 710 1612 currit,
757 1547 1005 1603 vicinior
1045 1553 1207 1603 terra;
1252 1554 1376 1615 est;
1447 1551 1685 1621 quando
1730 1568 1833 1622 per

178 1636 541 1707 aquilonem;
572 1635 843 1692 sublimis
878 1635 1185 1693 attollitur.
1239 1638 1502 1693 Forsitan
1548 1656 1684 1711 ergo
1736 1640 1829 1697 his

177 1726 285 1797 qui
337 1725 549 1780 hiemis
600 1730 656 1780 et
702 1725 1151 1781 tribulationum
1198 1727 1409 1799 frigore
1460 1734 1831 1785 coarctantur

176 1815 277 1886 (ab
334 1813 605 1886 aquilone
680 1814 836 1870 enim
905 1804 1123 1885 (Ierem.
1180 1834 1215 1883 ι,
1265 1817 1378 1884 lt),
1441 1819 1830 1874 exardescunt

175 1903 335 1958 mala
366 1919 543 1975 super
591 1906 828 1971 terram)
875 1903 1117 1959 vicinior
1174 1903 1259 1960 sol
1300 1905 1410 1960 iste
1448 1907 1693 1976 justitine
1742 1911 1831 1964 est

179 1992 273 2047 his
302 2008 435 2046 vero
468 1992 568 2063 qui
603 1992 659 2045 in
712 1992 902 2048 boreae
949 1998 1110 2065 parte
1148 1994 1435 2063 habitant,
1488 2000 1544 2050 et
1593 1996 1782 2053 calore
1810 1998 1832 2031 ³

178 2081 483 2152 privantur
512 2081 729 2147 aestivo,
779 2082 996 2136 incedit
1044 2082 1266 2154 procul,
1309 2088 1365 2138 et
1409 2101 1509 2156 per
1538 2102 1677 2141 suos
1723 2087 1831 2142 cir-

177 2170 366 2235 culos,
398 2170 552 2224 unde
594 2169 887 2241 profectus
937 2174 1043 2239 est,
1094 2171 1417 2228 revertitur.
1478 2175 1623 2229 Cum
1672 2176 1830 2231 enim

176 2259 422 2314 traxerit
449 2258 647 2314 omnia
674 2259 743 2313 ad
780 2275 861 2329 se,
896 2264 953 2315 et
983 2260 1288 2317 universos
1320 2261 1443 2319 suis
1473 2264 1653 2319 radiis
1696 2264 1830 2319 illu-

177 2347 510 2414 minaverit,
574 2347 636 2402 ﬁt
682 2348 977 2404 restitutio
1031 2350 1395 2423 principalis,
1444 2356 1500 2407 et
1538 2359 1625 2408 est
1678 2354 1831 2410 Deus

176 2437 379 2493 omnia
417 2436 477 2491 in
522 2435 814 2493 omnibus.
863 2437 1250 2508 Symmachus
1296 2440 1455 2496 hunc
1504 2441 1697 2497 locum
1750 2443 1832 2500 ita

175 2526 603 2597 interpretatus
634 2530 721 2581 est
750 2544 762 2581 :
791 2544 812 2574 α
844 2526 1020 2582 Vadit
1050 2529 1121 2582 ad
1146 2528 1473 2597 meridiem,
1508 2535 1564 2586 et
1584 2531 1831 2588 circum-

174 2614 224 2670 it
254 2615 327 2670 ad
359 2614 634 2681 boream;
666 2615 1087 2686 perambulans
1132 2617 1290 2673 vadit
1343 2623 1570 2688 ventus,
1616 2625 1673 2678 et
1728 2640 1831 2693 per

174 2721 307 2776 qua:
340 2703 728 2769 circumierat,
762 2704 1070 2761 revertitur
1098 2711 1326 2777 ventus,
1358 2731 1378 2757 η

250 2816 281 2845 ‹‹
311 2794 525 2849 Omnes
547 2798 832 2849 torrentes
861 2797 1083 2849 vadunt
1112 2795 1171 2850 in
1202 2812 1383 2864 mare,
1419 2801 1475 2853 et
1504 2815 1664 2855 mare
1710 2818 1827 2855 non

171 2881 473 2955 impletur.
505 2883 589 2937 Ad
621 2880 814 2937 locum
849 2883 919 2937 de
951 2900 1066 2954 quo
1097 2888 1384 2941 torrentes
1429 2893 1661 2954 exeunt,
1709 2888 1828 2944 illic

176 2971 295 3043 ipsi
339 2974 729 3039 revertuntur,
796 2975 862 3025 ut
923 2972 1134 3028 abeant
1164 2974 1203 3027 ².
1232 2996 1259 3021 ››
1302 2974 1513 3031 Putant
1561 2977 1823 3048 quidam,

175 3077 365 3131 aquas
392 3059 614 3128 dulces,
649 3077 776 3131 quae
829 3060 889 3115 in
928 3077 1089 3117 mare
1127 3061 1405 3130 influunt,
1449 3065 1536 3120 vel
1587 3068 1827 3124 ardente

170 3150 425 3219 desuper
450 3149 570 3204 sole
602 3149 892 3215 consumi,
940 3149 1027 3205 vel
1074 3149 1359 3224 salsugini
1418 3153 1522 3223 (Al.
1575 3155 1825 3228 salsugi-

168 3239 288 3305 nis]
323 3239 500 3294 maris
526 3255 653 3294 esse
683 3238 916 3309 pabula.
950 3239 1092 3295 Ecce
1122 3241 1502 3299 Ecclesiastes
1556 3249 1754 3301 noster
1782 3247 1821 3316 ‘,

172 3332 235 3383 et
262 3327 526 3399 ipsarum
558 3327 1141 3399 aquarumconditor,
1165 3345 1263 3385 eas
1287 3330 1428 3385 dicit
1453 3333 1827 3403 peroccultas

168 3433 356 3472 venas
386 3417 456 3472 ad
493 3417 683 3488 capita
735 3417 984 3472 fontium
1043 3418 1293 3490 regredi,
1355 3423 1411 3475 et
1465 3421 1536 3476 de
1585 3424 1828 3480 matrice

170 3504 388 3578 abysso
425 3504 485 3560 in
536 3523 644 3561 sua
687 3522 918 3577 semper
960 3506 1206 3563 ebullire
1246 3508 1559 3581 principia.
1619 3512 1828 3570 Melius

170 3599 373 3654 autem
406 3592 649 3652 Hebraei'
685 3598 796 3653 sub
856 3599 1202 3655 torrentium
1255 3603 1312 3655 et
1361 3599 1542 3655 maris
1591 3602 1827 3659 nomine

168 3701 281 3757 per
322 3684 731 3757 metaphoram
783 3687 854 3743 de
916 3687 1256 3744 hominibus
1307 3688 1626 3761 signiﬁcari
1672 3692 1825 3747 arbi-

168 3777 427 3842 trantur,
463 3775 617 3845 quod
653 3774 710 3830 in
752 3779 986 3843 terram,
1021 3778 1091 3833 de
1124 3795 1240 3850 qua
1270 3779 1488 3850 sumpti
1524 3784 1684 3848 sunt,
1738 3797 1825 3836 re-

167 3863 382 3931 deant;
444 3867 502 3918 et
546 3867 831 3920 torrentes
889 3870 1186 3937 vocentur,
1236 3884 1351 3923 non
1412 3868 1676 3939 ﬂumina,
1739 3887 1829 3926 eo-

168 3952 332 4024 quod
367 3950 478 4007 cito
509 3951 879 4022 intercidant,
920 3972 1023 4011 nec
1068 3959 1265 4012 tamen
1315 3957 1630 4029 impleatur
1670 3962 1827 4015 terra

172 4039 557 4097 multitudine
590 4046 975 4099 mortuorum.
1009 4048 1203 4113 Porro,
1236 4046 1281 4101 si
1315 4046 1387 4101 ad
1429 4046 1638 4103 altiora
1689 4064 1824 4104 con-

155 4166 664 4242 conseguentibus
696 4168 982 4242 versibus,
1017 4186 1266 4241 quorum
1300 4172 1459 4242 prior
1519 4177 1708 4228 exstat
1760 4191 1823 4228 ιιι

158 4237 446 4305 Ai'neidos,
507 4239 801 4295 secundus
852 4259 890 4295 ιι
946 4237 1376 4311 Georgicorurh;
1429 4244 1619 4299 caeteri
1666 4261 1823 4316 vero,

240 4328 634 4389 Lucentemque
665 4327 883 4390 globum
940 4329 1104 4390 lunae,
1134 4330 1447 4393 Titaniaque
1478 4336 1636 4391 astra,
1661 4335 1760 4380 etc.

156 4407 315 4462 libro
372 4409 532 4462 sexto
583 4406 855 4463 {Eneidos
915 4408 1068 4464 circa
1154 4410 1352 4465 ﬁnem.
1421 4412 1545 4470 Non
1621 4412 1824 4467 omitto

160 4477 729 4554 mss._Corbeienses
761 4483 817 4535 et
842 4479 1254 4554 Colbertinum,
1299 4481 1491 4554 legere
1540 4484 1695 4539 hunc
1746 4483 1824 4538 lo-

159 4549 490 4625 cumjuxta
536 4566 777 4625 errores,
817 4552 1173 4625 Origeniszru
1200 4553 1329 4609 Sive
1357 4549 1581 4625 wipsum
1643 4554 1822 4611 solem

168 4621 453 4698 spiritum
486 4622 828 4690 nominavit,
862 4621 1014 4695 quod
1048 4624 1295 4683 animal.
1326 4621 1427 4693 sit,
1457 4631 1513 4682 et
1569 4628 1770 4698 spiret,
1792 4649 1820 4677 ››

172 4692 293 4749 etc.
330 4692 616 4748 MARTIAN.

240 4763 416 4838 {Duo
445 4764 692 4838 Palatini
716 4756 1155 4838 mss.;__0blique
1181 4770 1329 4823 enim
1359 4768 1608 4838 acl/racla
1655 4770 1822 4825 linea.

166 4834 403 4908 Zodiaci
432 4835 582 4908 viam
606 4835 727 4908 dici
761 4834 1088 4908 intelligito'.

239 4909 262 4941 ³
292 4906 457 4961 Unus
486 4907 671 4963 Vatic.
720 4924 851 4962 cum
905 4906 1145 4965 Erasmo
1192 4913 1247 4964 et
1292 4909 1568 4977 Victorio,
1622 4914 1826 4967 βεδιίυο

166 4994 341 5053 δυτψ
366 4978 567 5053 incedit
598 4979 834 5053 (Vatic.,
852 4980 1119 5053 incendit)
1145 4983 1361 5052 procul.

240 5051 263 5084 ³
294 5049 688 5177 Νὲεῐιίιωεεη
720 5052 887 5106 illuc:
930 5049 1108 5122 atque
1145 5049 1302 5108 _olim
1361 5052 1500 5108 editi
1552 5056 1829 5111 introeant

240 5139 278 5177 ιο
308 5138 343 5176 a
381 5138 486 5177 ean
516 5164 527 5176 .

214 5138 278 5177 ro
308 5129 527 5177 abeant.

172 5140 278 5195 pro
308 5140 527 5177 coeant.

245 5223 318 5234 ---
372 5193 496 5248 Illic
548 5194 656 5264 ipsi
698 5198 1049 5249 revertuntur
1095 5203 1154 5250 ut
1198 5196 1413 5250 abeant.
1478 5195 1603 5251 Non
1681 5197 1827 5253 bene

173 5265 393 5336 legitur
422 5265 478 5318 in
512 5264 758 5321 antehac
788 5266 959 5321 editis
991 5265 1176 5335 libris,
1228 5270 1578 5323 revertuntur
1624 5276 1683 5323 ut
1737 5270 1825 5324 in-

172 5335 412 5395 troeant.
454 5335 748 5392 MARTIAN.

212 5407 269 5445 -"
299 5407 469 5477 Apud
527 5409 773 5477 Alcuin.,
824 5407 926 5464 Sed
970 5410 1317 5465 Ecclesiastes
1373 5414 1571 5473 noster.
1630 5410 1685 5465 id
1752 5413 1829 5465 est

174 5479 457 5548 Christus,
490 5481 739 5554 ipsarum
784 5480 1032 5535 conditor
1050 5497 1343 5552 aquarum,
1378 5486 1483 5536 etc.
1529 5482 1596 5536 Et
1656 5482 1829 5554 paulo

179 5555 441 5624 postper
468 5552 699 5606 occultas
730 5560 894 5607 terra:
918 5568 1098 5617 venas,
1134 5558 1241 5608 etc.

248 5625 268 5656 ²
298 5621 977 5697 Attutorreatemﬁhorath
1008 5625 1205 5680 latitat.
1242 5623 1587 5697 In_Vulgata
1634 5624 1829 5697 legen-

177 5694 323 5768 dum
358 5692 589 5750 Charitlt
620 5711 688 5749 cx
721 5694 955 5750 Hebraeo
984 5705 1121 5768 n77:
1152 5697 1251 5751 sed
1312 5695 1421 5751 hoc
1456 5692 1602 5768 'loco
1641 5692 1832 5768 legere

174 5766 462 5831 debemus
492 5782 629 5826 cum
677 5782 821 5825 mss.
855 5766 1284 5841 exemplaribus
1317 5767 1658 5839 Chorrathh;
1691 5766 1833 5845 quia

1189 430 1811 501 COMMENTARIUS
1855 438 1936 501 IN
1980 438 2583 504 ECCLESIASTEN.

1861 572 2283 638 Ascendimus
2339 574 2444 644 [Αι.
2513 573 2996 645 conscendamus]
3092 576 3244 629 recte
3344 572 3589 629 turbida

3431 388 3589 505 imo

1951 679 2113 732 aqum
2144 662 2203 716 in
2238 679 2414 729 mare,
2452 662 2603 717 unde
2634 661 3037 729 substiterant,
3061 665 3453 718 revertuntur.
3497 664 3586 732 Et,

1947 751 2005 804 ni
2040 750 2225 820 fallor,
2260 752 2483 821 absque
2512 749 2907 807 additamento
2940 766 3233 822 nusquam
3259 754 3489 806 torrens
3526 748 3589 805 in

1946 839 2159 893 bonam
2218 844 2442 910 partem
2492 838 2729 911 legitur.
2797 839 2942 895 Nam
2987 842 3226 895 torrente
3289 837 3591 910 voluptatis

1946 935 2049 981 tiae
2074 928 2287 998 potabis
2338 928 2486 994 illos,
2540 944 2673 983 cum
2712 926 3111 989 additamenta
3162 926 3378 982 dicitur
3435 926 3592 983 volu-

1942 1018 2112 1086 ptatz's
2147 1016 2316 1086 (Psal.
2364 1033 2531 1085 xxxv,
2571 1016 2647 1085 9).
2676 1016 2741 1070 Et
2788 1033 2818 1071 e
2851 1015 3141 1072 contrario
3186 1015 3451 1071 Salvator
3518 1015 3594 1071 ad

1945 1108 2258 1160 torrentem
2297 1105 2551 1160 traditur
2596 1104 2819 1161 Cedron
2850 1107 3026 1174 (Joan.
3078 1122 3239 1177 XVIII,
3290 1105 3365 1175 1).
3414 1104 3588 1160 890.

1943 1193 2011 1246 Et
2040 1192 2196 1248 Elias
2228 1193 2646 1265 persecutionis
2672 1197 2933 1265 tempore
2962 1193 3033 1249 ad
3064 1197 3383 1273 torrentem
3439 1191 3592 1249 Cho-

1942 1282 2096 1337 trath
2126 1282 2317 1337 latitat
2341 1284 2381 1347 5,
2416 1282 2516 1354 qui
2549 1286 2605 1337 et
2631 1282 2757 1354 ipse
2789 1281 3043 1338 siccatur
3071 1282 3175 1353 (III
3186 1286 3317 1351 Reg.
3340 1298 3477 1351 xvn,
3510 1281 3588 1354 3).

1942 1370 2067 1426 Non
2109 1370 2464 1442 adimpletur
2504 1374 2698 1426 autem
2748 1387 2908 1427 mare
2955 1372 2975 1405 θ
3023 1370 3376 1440 insatiabile,
3440 1387 3587 1443 quo-

1944 1460 2115 1514 modo
2146 1463 2202 1514 et
2231 1459 2288 1513 in
2323 1459 2644 1515 Proverbiis
2675 1458 2804 1515 filiae
2835 1459 3209 1532 sanguisuga:
3224 1459 3407 1533 (Prov.
3450 1475 3584 1531 xxx,

1945 1542 2051 1618 15).

2013 1636 2288 1693 «Omnes
2322 1654 2619 1694 sermones
2649 1654 2852 1709 graves
2901 1656 3017 1695 non
3060 1639 3313 1710 poterit"
3368 1637 3457 1694 vir
3500 1637 3585 1694 lo-

1941 1726 2059 1797 qui.
2085 1727 2209 1782 Non
2242 1727 2554 1784 satiabitur
2570 1726 2775 1783 oculus
2804 1727 3074 1796 videndo,
3113 1732 3170 1783 et
3218 1744 3333 1783 non
3376 1726 3589 1800 imple-

1938 1816 2096 1871 bitur
2126 1816 2284 1871 auris
2316 1817 2596 1872 auditu.»
2630 1820 2754 1872 Non
2802 1815 2993 1873 solum
3041 1817 3112 1872 de
3156 1815 3438 1889 physicis,
3485 1816 3589 1873 sed

1861 1933 1908 1997 Β
1937 1904 2092 1997 etde
2122 1905 2329 1960 ethicis
2361 1922 2593 1977 quoque
2625 1906 2773 1961 scire
2803 1904 3042 1961 difﬁcile
3071 1909 3181 1961 est.
3212 1911 3339 1961 Non
3398 1920 3590 1961 sermo

1937 1992 2090 2048 valet
2119 1993 2407 2065 explicare
2439 2010 2646 2049 causas
2679 1998 3038 2066 naturasque
3068 2010 3287 2063 rerum,
3318 2010 3424 2050 nec
3453 2011 3591 2051 oeu-

1939 2082 2055 2149 lus,
2105 2087 2169 2136 ut
2218 2082 2299 2137 rei
2337 2082 2525 2154 poscit
2554 2083 2573 2114 ³
2617 2082 2896 2155 dignitas,
2943 2082 3182 2152 intueri,
3244 2099 3350 2139 nec
3405 2083 3588 2152 auris,

1941 2172 2236 2226 instuente
2286 2171 2542 2239 doctore,
2606 2171 2678 2225 ad
2739 2187 3035 2226 summam
3094 2170 3398 2227 scientiam
3460 2189 3591 2245 per-

1939 2259 2155 2315 venire.
2208 2259 2266 2315 Si
2306 2260 2462 2315 enim
2512 2276 2666 2314 nunc
2712 2276 2815 2332 per
2849 2259 3152 2331 speculum
3221 2259 3490 2317 videmus
3529 2260 3590 2317 in

1941 2348 2268 2420 aenigmate,
2319 2350 2374 2404 et
2403 2365 2471 2404 ex
2518 2351 2681 2420 parte
2729 2347 3136 2420 cognoscimus
3203 2351 3260 2403 et
3301 2365 3370 2404 ex
3424 2354 3592 2421 parte

1940 2438 2381 2508 prophetamus,
2414 2441 2836 2509 consequenter
2866 2452 2971 2493 nec
3001 2452 3194 2493 sermo
3254 2440 3442 2509 potest
3496 2454 3591 2495 ex—

1940 2525 2155 2598 plicare
2180 2527 2331 2597 quod
2365 2526 2585 2593 nescit;
2634 2542 2739 2582 nec
2789 2526 3016 2597 oculus,
3065 2526 3126 2581 in
3179 2543 3293 2598 quo
3337 2526 3589 2597 caecutit,

1939 2617 2201 2688 aspicere
2230 2618 2285 2669 δε
2322 2633 2426 2672 nec
2459 2615 2639 2682 auris,
2672 2617 2748 2671 da
2777 2631 2891 2687 quo
2925 2615 3174 2682 dubitat,
3200 2614 3455 2689 impleri.
3504 2616 3593 2673 Si-

1939 2704 2060 2759 mul
2114 2709 2173 2761 et
2219 2705 2328 2762 hoc
2372 2705 2718 2772 notandum,
2779 2706 2933 2776 quod
2985 2704 3183 2761 omnia
3240 2705 3417 2761 verba
3473 2705 3593 2761 sint

1936 2793 2155 2866 gravia,
2205 2798 2261 2849 et
2306 2810 2519 2866 magno
2564 2794 2764 2850 labore
2819 2793 3143 2863 discantur,
3194 2798 3398 2851 contra
3469 2812 3590 2867 eos,

1938 2884 2035 2955 qui
2070 2887 2278 2956 putant
2306 2883 2507 2939 otiosis
2556 2882 2688 2954 sibi,
2732 2887 2789 2938 et
2832 2887 2965 2939 vota
3002 2883 3352 2941 facientibus
3396 2885 3593 2942 venire

1938 2973 2202 3028 notitiam
2232 2973 2313 3027 Al.
2338 2973 2410 3029 ad
2441 2972 2712 3027 notitiam
2745 2972 3206 3044 Scripturarum.
3320 3044 3323 3047 _

2009 3085 2035 3112 ‹‹
2061 3062 2208 3127 Quid
2242 3066 2330 3117 est
2369 3062 2523 3133 quod
2565 3061 2710 3116 fuit?
2742 3061 2938 3133 ipsum
2970 3062 3126 3133 quod
3159 3061 3286 3117 erit.
3333 3062 3403 3117 Et
3448 3063 3591 3134 quid

1936 3155 2021 3207 est
2052 3151 2206 3223 quod
2230 3151 2447 3205 factum
2480 3150 2616 3204 est?
2646 3150 2843 3221 ipsum
2872 3150 3026 3221 quod
3059 3150 3175 3206 ﬁet.
3224 3151 3290 3205 Et
3336 3167 3454 3207 non
3502 3154 3593 3207 est

1936 3257 2107 3297 omne
2139 3256 2339 3295 recens
2398 3240 2441 3273 ¹⁰
2487 3239 2597 3294 sub
2641 3238 2840 3294 sole.»
2888 3238 3129 3294 Videtur
3179 3239 3326 3295 mihi
3377 3239 3449 3295 de
3495 3238 3591 3296 his

1938 3347 2064 3402 quae
2088 3345 2267 3400 supra
2286 3327 3111 3398 enumeraverit,generatione
3123 3333 3177 3383 et
3190 3327 3587 3401 generatione,

1939 3419 2091 3475 molo
2122 3422 2435 3484 terrarum,
2486 3419 2618 3471 ortu
2672 3415 2813 3472 solis
2867 3420 2924 3471 et
2972 3433 3203 3485 occasu,
3257 3432 3436 3472 cursu
3488 3417 3593 3472 ﬂu-

1939 3508 2188 3577 minum,
2213 3504 2617 3577 magnitudine
2648 3504 2880 3574 Oceani,
2913 3505 3308 3579 omnibusque
3330 3522 3459 3579 quae
3490 3510 3593 3563 aut

1938 3595 2305 3668 cogitatione,
2338 3599 2439 3650 aut
2464 3595 2615 3663 visu,
2647 3594 2736 3651 vel
2768 3595 3013 3652 auribus
3068 3596 3375 3666 discimus,
3428 3598 3586 3652 nu'nc

1938 3684 2325 3740 communiter
2352 3683 2534 3756 loqui,
2566 3684 2723 3755 quod
2754 3684 2901 3740 nihil
2934 3685 3011 3741 sit
3039 3685 3099 3740 in
3132 3689 3341 3741 natura
3366 3702 3585 3756 rerum,

1937 3773 2093 3844 quod
2126 3790 2239 3828 non
2263 3777 2396 3827 ante
2417 3773 2543 3843 jam
2575 3772 2767 3827 fuerit.
2802 3773 2888 3827 Ab
2917 3772 3083 3829 initio
3113 3773 3269 3829 enim
3300 3773 3506 3829 mundi
3531 3778 3590 3830 et

1938 3861 2203 3917 homines
2227 3862 2345 3916 nati
2377 3867 2434 3917 et
2464 3861 2677 3917 mortui
2710 3866 2869 3930 sunt,
2910 3866 2967 3918 et
2997 3867 3152 3918 terra
3181 3880 3359 3935 super
3400 3878 3586 3935 aquas

1938 3951 2151 4007 librata
2171 3950 2451 4018 constitit,
2485 3955 2541 4005 et
2570 3949 2656 4005 sol
2686 3955 2851 4007 ortus
2883 3951 3175 4007 occubuit.
3210 3952 3281 4007 Et
3311 3969 3383 4009 ne
3411 3951 3585 4024 plura

1936 4056 2293 4111 percurram,
2327 4044 2383 4095 et
2400 4040 2605 4095 avibus
2636 4038 2847 4106 volare,
2888 4045 2945 4095 et
2976 4049 3177 4096 natare
3213 4040 3491 4113 piscibus,
3531 4045 3590 4096 et

1936 4166 2090 4242 apud
2120 4165 2282 4242 LXX
2316 4165 2609 4242 scriptum
2644 4169 2732 4219 est
2781 4164 2831 4242 tv
2889 4162 2968 4242 ςεῖ)
3033 4164 3323 4242 χξιμάῥρῳ
3378 4164 3591 4242 Χορῤ-άθ

1938 4183 1968 4221 a
2014 4183 2090 4219 ua
2120 4183 2257 4221 L.\.\
2316 4183 2599 4235 scriptum
2644 4183 2732 4219 esr.
2781 4183 2831 4217 εν
2889 4184 2968 4235 τῳ
3033 4184 3323 4241 χειμαρρῳ
3378 4183 3577 4242 λορραι

1938 4183 2123 4303 ιίξρεῐ,
2156 4239 2217 4291 in
2250 4240 2505 4310 torrente
2545 4236 2835 4310 Cltorratlt.
2892 4237 3037 4291 Nam
3070 4239 3473 4310 Hieronymus
3517 4239 3577 4293 in

1934 4309 2205 4379 prazsenti
2238 4308 2666 4363 Commentario
2704 4308 2911 4381 recitat
2947 4308 3287 4381 testimonia
3308 4308 3594 4381 'Scriptu-

1936 4381 2318 4450 rarumjuxta
2348 4395 2569 4435 morem
2622 4380 2714 4434 sui
2760 4379 3057 4450 temporis,
3106 4379 3217 4435 hoc
3262 4386 3369 4451 est,
3410 4379 3584 4451 juxta

1934 4452 2260 4506 versionem
2290 4468 2398 4505 usu
2434 4454 2726 4522 receptam
2756 4451 2815 4506 in
2845 4451 3100 4507 Ecclesia
3140 4451 3365 4507 Latina.

1933 4540 2088 4577 TIAN.

2005 4595 2026 4628 ⁵
2056 4594 2172 4648 Non
2201 4593 2533 4663 adimpletur
2566 4603 2750 4651 autem
2795 4610 2967 4657 mare,
3009 4598 3116 4649 etc.
3169 4593 3449 4649 Mendose
3497 4594 3586 4650 le-

3474 4469 3586 4508 AR-

1857 4672 1903 4736 D
1934 4670 2079 4736 gunt
2111 4669 2281 4719 antea
2311 4665 2449 4719 editi
2506 4666 2659 4734 libri,
2708 4668 2806 4737 qui
2834 4670 2883 4721 ct
2926 4668 3040 4735 ipse
3083 4666 3340 4730 siccatur,
3379 4674 3431 4720 et
3476 4682 3591 4721 non

1936 4738 2200 4808 impletur
2218 4752 2437 4808 {mare
2484 4747 2667 4793 autem
2714 4736 3050 4805 insatiabile,
3127 4742 3231 4793 etc.
3303 4736 3588 4793 Caeterum

1936 4807 2202 4863 consulat
2260 4807 2437 4862 lector
2501 4810 2805 4865 studiosus
2868 4809 3285 4865 Adnotationes
3362 4812 3591 4864 nostras

1935 4878 2278 4952 prolixiores
2308 4878 2554 4952 inferius
2583 4882 2802 4952 positas
2835 4886 3070 4952 propter
3113 4879 3426 4936 Historiam
3475 4880 3595 4935 Cri-

1936 4949 2113 5007 ticam
2147 4949 2420 5005 Richardi
2449 4949 2694 5007 Simonii
2726 4949 3016 5007 MAarliN.

2006 5033 2025 5065 ⁷
2058 5031 2219 5085 Unus
2243 5029 2424 5085 Vatic.
2460 5047 2601 5086 mss.
2637 5031 2834 5087 Graves
2853 5040 3019 5087 sunt:
3050 5048 3163 5088 non
3203 5035 3419 5105 peterit,
3478 5034 3587 5088 etc.

2007 5112 2027 5145 ⁸
2058 5110 2273 5185 Vitiose
2322 5111 2692 5185 Martianaeus
2751 5116 2947 5183 posset,
2995 5129 3099 5183 pro
3156 5116 3346 5185 poscit.
3409 5113 3592 5168 Penes

1937 5181 2191 5249 Alcuin.,
2219 5184 2322 5237 Nec
2350 5183 2537 5237 oculus
2564 5181 2823 5248 salutari,
2854 5191 2915 5238 ut
2940 5181 3025 5239 rei
3046 5181 3217 5255 possit
3264 5186 3593 5256 dignitatem

1938 5256 2166 5309 intueri.

2009 5328 2030 5360 9
2050 5328 2112 5380 In
2142 5341 2245 5397 quo
2273 5326 2485 5400 ceeculit
2512 5327 2787 5400 aspicere._
2805 5325 2911 5381 Ms.
2954 5327 3331 5383 Sorbonicus.
3398 5330 3460 5384 In
3487 5344 3592 5400 quo

1938 5413 2113 5454 caecus
2143 5399 2303 5471 situt
2333 5397 2577 5467 aspicere
2595 5414 2619 5471 ε
2650 5397 2811 5471 editi.
2851 5400 2913 5471 la
2954 5413 3057 5467 quo
3097 5415 3271 5453 caecus
3327 5401 3398 5454 sit
3443 5397 3593 5471 aspi-

1938 5487 2096 5525 cere:
2129 5468 2306 5523 codex
2333 5467 2952 5543 autem__Corbeiensis
3000 5486 3162 5523 num.
3196 5470 3324 5537 438,
3373 5475 3445 5527 In
3489 5467 3594 5543 auo

1940 5542 2192 5597 cazcutiat
2220 5542 2477 5609 aspicere.
2514 5539 2803 5593 MARTIAN.

2012 5643 2081 5653 —-
2110 5611 2410 5666 Palatinus
2427 5610 2572 5665 alter
2593 5627 2726 5665 cum
2756 5610 3036 5667 Vaticano
3059 5612 3263 5679 ms.,ln
3286 5630 3387 5685 quo
3416 5629 3592 5671 cacus

1941 5686 2033 5751 sit,
2064 5686 2124 5739 ut
2143 5699 2333 5751 caicus,
2361 5685 2630 5753 aspicere.

2015 5765 2058 5802 ιο
2084 5763 2293 5836 Vatia,
2326 5763 2389 5821 Et
2406 5778 2519 5822 non
2536 5771 2614 5822 est
2634 5777 2844 5821 recens.
