3992 6404
425 384 583 473 iam

1663 390 1729 453 S.
1774 388 2087 463 EUSEBII
2127 388 2594 455 HIERONYMI.

3800 376 3809 383 ι

423 521 799 581 terrestribus
828 521 1075 595 ingredi,
1100 526 1159 578 et
1185 522 1556 595 serpentibus
1582 522 1724 586 labi,
1756 523 1872 578 Deo
1930 521 2066 577 arti-
2096 522 2152 590 Α
2181 521 2349 589 fiunt,
2384 523 2442 577 in
2482 523 2775 595 prioribus
2803 522 3030 581 saeculis
3060 538 3189 579 esse
3227 523 3355 596 jam
3390 522 3589 593 tanta:
3610 526 3695 580 'et
3732 524 3829 581 lo-

424 608 531 666 ﬁce
568 627 910 687 concessum
939 616 1047 667 est.
1079 611 1226 669 Huic
1256 612 1397 685 quid
1428 611 1620 667 simile
1666 611 1963 668 sententia:
2011 614 2069 667 et

422 700 690 757 Comicus
711 701 794 758 ait
817 717 829 755 :

480 805 620 857 Nihil
647 811 728 857 est
754 806 975 865 dictum,
1008 807 1153 871 quod
1182 821 1293 858 non
1326 808 1393 858 sit
1414 807 1613 871 dictum
1641 807 1807 870 prius.

1100 871 1336 931 (Tenum.
1368 871 1421 919 in
1446 869 1656 932 Prolog.’
1680 869 1955 931 Eunuchi.)

485 964 649 1023 Unde
678 972 997 1041 praeceptor
1026 984 1193 1024 meus
1222 968 1503 1036 Donatus,
1539 983 1674 1023 cum
1715 966 1894 1022 istum
1937 982 2066 1021 ver-

415 1055 664 1129 siculum
716 1062 1069 1131 exponeret:
1097 1080 1125 1108 ‹‹
1159 1059 1422 1119 Pereant,
1502 1056 1714 1128 inquit,
1766 1054 1867 1127 qui
1933 1060 2066 1112 ante

416 1161 524 1209 nos
574 1149 776 1202 nostra
829 1146 1099 1202 dixerunt
1125 1148 1220 1200 ².››
1271 1146 1434 1212 Quod
1483 1145 1532 1202 si
1584 1145 1645 1200 in
1692 1145 2066 1201 sermonibus

418 1233 565 1315 nihil
596 1252 810 1292 novum
844 1234 958 1291 dici
1011 1239 1220 1307 potest,
1271 1239 1492 1306 quanto
1532 1233 1722 1307 magis
1770 1234 1828 1289 in
1877 1233 2065 1290 admi-

415 1321 759 1380 nistratione
787 1325 1011 1392 mundi,
1055 1341 1182 1395 qua:
1214 1324 1287 1380 ab
1319 1323 1485 1379 initio
1517 1323 1600 1380 sic
1631 1324 1776 1380 39]
1813 1323 2068 1395 perfecta

415 1415 504 1465 est
532 1412 1018 1485 utrequiesceret
1045 1412 1201 1469 Deus
1233 1413 1305 1467 ab
1357 1412 1633 1483 operibus
1690 1410 1817 1467 suis
1866 1412 1923 1465 in
1974 1411 2065 1467 die

413 1499 704 1571 septima!
750 1500 881 1571 Legi
913 1500 971 1556 in
1013 1501 1267 1573 quodam
1299 1499 1449 1555 libro
1477 1500 1537 1554 3:
1572 1500 1628 1555 Si
1662 1516 1855 1564 omne,
1911 1499 2064 1571 quod

414 1587 523 1663 sub
553 1586 675 1665 sole
706 1588 923 1644 factum
955 1594 1045 1645 est
1074 1589 1187 1644 fuit
1208 1589 1268 1644 in
1299 1588 1604 1661 praeteritis
1635 1588 1864 1644 saeculis
1905 1592 2063 1643 ante—

412 1692 591 1747 quam
624 1677 812 1744 fieret,
845 1682 903 1733 et
929 1677 1106 1735 homo
1129 1679 1256 1749 jam
1297 1677 1417 1735 sole
1467 1677 1698 1733 condito
1728 1677 1916 1734 factus
1942 1685 2063 1733 est:

411 1766 524 1821 fuit
569 1782 705 1839 ergo
751 1766 948 1836 homo,
998 1771 1318 1839 antequam
1359 1767 1468 1824 sub
1515 1767 1636 1822 sole
1682 1766 1846 1823 ﬁeret
1871 1768 1909 1820 ⁴.
1949 1767 2059 1822 Sed

2178 628 2313 665 cum
2345 611 2602 668 invenire
2619 612 2956 685 Epicurum,
2989 612 3090 685 qui
3121 613 3331 668 asserit
3358 628 3461 686 per
3486 611 3829 671 innumera-

2178 699 2325 755 biles
2356 700 2621 772 periodos
2669 702 2892 771 eadem,
2940 705 2997 756 et
3043 702 3262 757 eisdem
3301 701 3363 756 in
3410 700 3575 769 locis,
3618 707 3677 758 et
3722 719 3829 776 per

2176 790 2411 844 eosdem
2445 790 2589 844 ﬁeri.
2612 789 2883 862 Alioquin
2914 798 2968 845 el
2996 790 3027 844 J
3039 791 3180 845 udas
3211 790 3411 846 crebro
3444 790 3718 862 prodidit,
3766 794 3829 857 et

2177 876 2443 932 Christus
2477 894 2687 949 passus
2718 883 2969 951 estsaepe
2998 896 3103 951 pro
3133 880 3324 942 nobis,
3362 883 3418 933 et
3446 883 3649 935 caetera
3695 869 3826 951 qua

2177 965 2329 1021 facta
2348 972 2504 1034 sunt,
2538 972 2595 1023 et
2620 968 2837 1037 futura,
2867 968 2930 1023 in
2960 968 3195 1024 easdem
3247 966 3519 1024 similiter
3556 968 3827 1040 periodos

2176 1053 2561 1111 revolventur.
2607 1057 2713 1112 Sed
2763 1057 3100 1125 dicendum,
3150 1057 3305 1128 quod
3345 1072 3414 1112 ex
3462 1056 3828 1129 praescientia

2176 1147 2233 1200 et
2266 1144 2771 1215 prmdestinatione
2798 1146 2895 1200 Dei
2919 1147 3046 1216 jam
3076 1163 3145 1203 ea
3182 1147 3333 1202 facta
3376 1146 3521 1215 sint,
3566 1163 3691 1217 quae
3738 1146 3827 1203 fu-

2178 1236 2307 1287 tura
2339 1238 2500 1289 sunt.
2549 1234 2656 1300 Qui
2705 1234 2860 1289 enim
2907 1234 3073 1289 electi
3123 1240 3262 1290 sunt
3307 1234 3367 1291 in
3412 1234 3640 1292 Christo
3689 1240 3826 1292 ante

2177 1320 2655 1379 constitutionem
2683 1322 2909 1389 mundi,
2968 1322 3025 1377 in
3081 1323 3373 1395 prioribus
3402 1322 3637 1380 saeculis
3688 1325 3824 1396 jam

2177 1410 2431 1465 fuerunt.

2249 1523 2275 1548 ‹‹
2308 1498 2431 1554 Non
2476 1505 2558 1555 est
2589 1500 2875 1560 memoria
2922 1500 3151 1573 primis,
3203 1505 3258 1556 et
3301 1499 3539 1573 quidem
3572 1501 3824 1559 novissi-

2177 1587 2292 1643 mis
2314 1605 2441 1659 quze
2473 1589 2669 1644 futura
2699 1595 2857 1654 sunt,
2889 1606 3001 1644 non
3043 1590 3154 1645 erit
3190 1589 3275 1645 eis
3333 1590 3614 1647 memoria
3663 1591 3824 1664 apud

2175 1694 2274 1731 eos
2304 1677 2403 1748 qui
2434 1677 2615 1733 futuri
2648 1682 2788 1733 sunt
2817 1678 2877 1732 in
2903 1678 3242 1733 novissimo.
3272 1702 3294 1731 ι
3329 1680 3452 1744 Quo
3483 1678 3655 1737 modo
3670 1696 3829 1752 pra-

2176 1765 2348 1820 terita
2385 1767 2539 1837 apud
2592 1784 2699 1822 nos
2744 1766 2900 1822 ειωι
2950 1767 3259 1823 abscondit
3324 1766 3557 1836 oblivio,
3609 1767 3692 1825 sic
3746 1784 3827 1826 an

410 1854 742 1911 excluditur
768 1856 808 1923 ⁸,
843 1856 997 1929 quod
1022 1856 1131 1912 hac
1162 1856 1406 1923 ratione,
1440 1858 1804 1929 etjumenta,
1857 1860 1913 1911 et
1961 1873 2066 1911 cu-
2095 1890 2143 1956 B
2176 1870 2303 1925 qua:
2329 1853 2416 1909 vel
2450 1872 2606 1911 nunc
2638 1855 2808 1924 ﬁunt,
2838 1853 2926 1909 vel
2984 1871 3112 1926 quae
3165 1856 3361 1913 futura
3403 1861 3561 1924 sunt,
3608 1856 3667 1913 hi
3720 1856 3825 1927 qui

412 1943 573 2011 lices,
602 1948 667 1999 et
705 1944 934 2001 minuta
965 1961 1230 2019 qumque,
1263 1951 1319 2000 et
1356 1962 1571 2018 magna
1618 1944 1897 2000 animalia
1933 1950 2065 2000 ante

413 2032 749 2109 dicerentur
774 2032 981 2105 fuisse,
1040 2051 1219 2106 quam
1268 2034 1500 2090 ccelum.
1550 2033 1673 2090 Nisi
1722 2034 1867 2088 forte
1920 2032 2065 2088 illud

415 2121 787 2193 respondeat,
813 2138 881 2178 ex
909 2124 1405 2195 consequentibus
1436 2124 1666 2179 ostendi
1699 2140 1815 2177 non
1850 2123 1921 2177 de
1958 2138 2066 2176 cae-

416 2210 557 2265 teris
586 2209 964 2282 animalibus,
1017 2212 1118 2268 sed
1151 2212 1222 2267 de
1271 2210 1511 2268 homine
1541 2210 1909 2267 Ecclesiastes
1940 2227 2070 2267 esse

417 2314 770 2377 sermonem.
810 2300 905 2355 Ait
934 2300 1129 2356 enim:
1157 2324 1183 2349 ‹‹
1219 2302 1346 2358 Non
1379 2306 1467 2357 est
1505 2317 1677 2357 omne
1710 2317 1912 2356 recens
1960 2300 2069 2355 sub

418 2387 560 2463 sole,
612 2388 770 2461 quod
827 2388 1104 2462 loquatur
1168 2394 1223 2445 et
1272 2391 1455 2446 dicat:
1498 2394 1640 2446 Ecce
1686 2389 1797 2445 hoc
1854 2406 2069 2445 novum

419 2466 528 2555 est.
559 2505 580 2533 ι
617 2477 913 2549 Animalia
940 2482 1136 2534 autem
1166 2496 1283 2535 non
1316 2479 1503 2551 loqui,
1535 2479 1636 2535 sed
1685 2482 1917 2535 tantum
1962 2479 2071 2533 ho-

419 2556 679 2647 minem:
715 2568 869 2641 quod
901 2568 948 2623 si
981 2567 1298 2641 loquantur
1326 2567 1607 2624 animalia
1659 2584 1875 2623 novum
1920 2584 2068 2632 esse,

420 2642 650 2733 etlsolvi
702 2654 1075 2729 sententiam,
1136 2655 1283 2710 nihil
1341 2673 1559 2713 novum
1608 2672 1737 2712 esse
1776 2657 1893 2712 sub‘
1929 2655 2072 2712 sole.

495 2771 516 2817 τι
552 2747 731 2802 Estne
753 2744 997 2821 verbum
1028 2743 1099 2799 de
1120 2760 1236 2816 quo
1267 2744 1518 2811 dicatur,
1552 2745 1679 2801 vide
1708 2745 1817 2801 hoc
1859 2761 2073 2801 novum

425 2842 517 2911 est
539 2852 552 2892 ε
578 2836 705 2911 jam
736 2833 848 2889 fuit
874 2832 935 2888 in
968 2832 1216 2901 saeculis,
1250 2850 1376 2905 quae
1426 2834 1664 2890 fuerunt
1710 2839 1844 2891 ante
1892 2851 2020 2890 nos.
2047 2856 2075 2884 »

427 2925 702 2999 Apertius
762 2922 872 2995 hoc
932 2921 1319 2995 Symmachus
1384 2922 1773 2979 transtulitm
1824 2924 2077 2979 Putasne

431 3019 520 3072 est
538 3015 583 3085 ⁸,
614 3012 714 3086 qui
744 3011 933 3087 possit
969 3010 1193 3067 dicere:
1243 3011 1407 3078 Vide,
1448 3012 1558 3068 hoc
1607 3029 1817 3068 novum
1868 3016 1976 3081 est,
2023 3016 2079 3068 et

425 3106 551 3180 jam
580 3103 810 3177 factum
842 3105 931 3175 est
957 3100 1018 3156 in
1048 3099 1281 3166 saeculo,
1340 3102 1495 3173 quod
1562 3101 1673 3157 fuit
1714 3107 1846 3158 ante
1895 3118 2021 3158 nos.
2047 3125 2069 3156 ι

433 3194 578 3269 Cum
610 3190 1012 3264 superioribus
1040 3194 1237 3251 autem
1269 3191 1538 3263 congruit
1591 3191 1744 3262 quod
1780 3190 1925 3246 nihil
1983 3208 2080 3247 no-

2178 1944 2335 1998 nasci
2367 1943 2603 2013 habent,
2636 1944 2782 2000 scire
2821 1960 2937 1999 non
2969 1948 3262 2015 poterunt,
3297 1948 3354 1999 et
3392 1950 3598 2001 cuncta
3632 1945 3831 2003 silen-

2176 2034 2255 2087 tio
2287 2032 2683 2104 praeteribunt,
2713 2037 2770 2088 et
2818 2033 2986 2104 quasi
3036 2048 3150 2088 non
3204 2034 3423 2093 fuerint
3468 2032 3831 2093 absconden-

2177 2128 2309 2189 tur;
2343 2127 2402 2177 et
2431 2121 2824 2193 complebitur
2873 2121 2972 2177 illa
3019 2123 3344 2178 sententia:
3384 2144 3411 2173 «
3442 2122 3677 2181 Vanitas
3722 2139 3827 2180 va-

2180 2211 2431 2267 nitatum
2482 2216 2539 2267 et
2596 2212 2795 2267 omnia
2833 2211 3137 2267 vanitas.»
3204 2212 3350 2267 Nam
3396 2215 3454 2269 et
3517 2211 3825 2284 Seraphin:

2182 2305 2486 2372 propterea
2516 2300 2722 2355 faciem
2747 2301 2767 2335 ⁸
2799 2317 2965 2355 suam
2984 2304 3041 2354 et
3062 2301 3238 2372 pedes
3257 2299 3467 2371 velant,
3483 2299 3621 2372 quia
3635 2294 3829 2372 prima

2180 2393 2237 2444 et
2281 2393 2538 2443 extrema
2589 2393 2863 2459 cooperta
2910 2393 3066 2443 sunt.
3112 2387 3285 2443 Juxta
3329 2393 3525 2444 autem
3589 2388 3830 2461 Septue-

2180 2478 2344 2548 ginta
2372 2478 2742 2548 Interprctcs,
2776 2477 2878 2549 qui
2920 2477 3228 2534 dixerunt:
3279 2478 3396 2533 Non
3438 2484 3521 2535 est
3566 2479 3831 2536 manetis

2177 2567 2376 2638 primis
2406 2567 2448 2630 ο,
2476 2565 2768 2636 etquidem
2804 2567 3116 2623 novissimis
3160 2567 3257 2637 qui
3302 2567 3486 2637 futuri
3528 2570 3675 2635 sunt,
3717 2583 3833 2625 non

2180 2657 2285 2711 erit
2313 2657 2390 2710 eis
2420 2657 2702 2711 memoria
2740 2671 2867 2711 cum
2897 2655 2982 2710 his
3019 2656 3116 2726 qui
3141 2654 3326 2729 futuri
3369 2658 3499 2715 sunt
3534 2655 3599 2710 in
3640 2658 3831 2717 nomis-

2183 2746 2320 2799 simo
2359 2744 2559 2815 (Matth.
2618 2762 2709 2815 xx,
2765 2744 2886 2815 l9):
2940 2744 3038 2800 ille
3085 2744 3158 2800 de
3235 2743 3543 2816 Evangelia
3612 2761 3830 2803 sensus

2186 2838 2294 2899 est,
2327 2832 2491 2904 quod
2523 2832 2621 2905 qui
2653 2833 2711 2888 in
2740 2832 2851 2889 isto
2883 2832 3097 2889 saeculo
3131 2832 3304 2905 primi
3338 2836 3497 2904 sunt,
3542 2834 3661 2893 sint
3708 2851 3832 2892 om-

2185 2922 2351 2976 nium
2384 2922 2706 2979 novissimi.
2740 2922 2805 2977 Et
2834 2922 2972 2994 quia
2998 2922 3173 2991 Deus,
3205 2926 3271 2979 ut
3299 2921 3590 2993 benignus
3617 2926 3678 2980 et
3722 2923 3834 2981 cle-

2186 3028 2377 3078 mens,
2417 3010 2798 3067 minimorum
2847 3027 3099 3083 quoque,
3154 3016 3210 3067 et
3256 3010 3523 3073 omnium
3569 3013 3834 3086 recorda-

2184 3104 2302 3169 tur,
2336 3099 2428 3155 his
2459 3100 2560 3171 qui
2592 3105 2825 3172 propter
2876 3100 3085 3156 vitium
3134 3117 3309 3161 suum
3357 3098 3658 3159 novissimi
3704 3117 3835 3161 esse

2193 3192 2553 3257 meruerunt,
2587 3206 2703 3244 non
2743 3194 2968 3245 tantam
3018 3189 3180 3251 dabit
3226 3188 3493 3261 gloriam,
3550 3195 3833 3260 quantam

433 3262 572 3361 vum
601 3280 660 3339 in
684 3256 913 3347 mundo
960 3280 1104 3335 ﬁat:
1137 3295 1243 3335 nec
1296 3256 1631 3352 sitvaliquis
1660 3280 1702 3345 7,
1752 3279 1852 3352 qui
1896 3280 2087 3352 possit
2114 3256 2157 3323 (ἶ
2194 3278 2286 3334 his
2319 3279 2420 3351 qui
2462 3295 2524 3335 se
2570 3278 2950 3335 humiliantes
2998 3256 3306 3336 novissimi
3355 3278 3414 3334 in
3447 3256 3667 3337 mundo
3703 3296 3835 3338 esse

442 3370 705 3443 existere,
741 3373 800 3427 et
829 3368 1039 3443 dicere,
1071 3383 1199 3422 ecce
1229 3366 1339 3423 hoc
1364 3385 1577 3424 novum
1609 3371 1728 3424 est:
1791 3369 2083 3441 siquidem

440 3474 613 3533 omne
642 3457 796 3530 quod
836 3472 898 3513 se
926 3456 1217 3532 putaverit
1246 3473 1459 3512 novum
1490 3457 1816 3526 ostendere,
1858 3458 1986 3529 jam
2023 3458 2085 3514 in

442 3546 735 3624 prioribus
765 3543 994 3602 saeculis
1024 3545 1155 3601 fuit.
1188 3545 1303 3601 Nec
1346 3550 1623 3618 putemus
1670 3546 1859 3620 signa,
1911 3551 2087 3619 atque

437 3634 722 3713 prodigia,
755 3638 815 3691 et
843 3633 1048 3701 multa,
1083 3651 1209 3706 quas
1229 3634 1470 3690 arbitrio
1492 3635 1591 3691 Dei
1616 3652 1762 3691 nova
1783 3635 1843 3690 in
1866 3637 2087 3692 mundo

492 3781 521 3814 “
555 3779 707 3836 Nihil
735 3783 812 3834 est
839 3778 1046 3835 dictum
1089 3777 1394 3833 Terentius
1443 3778 1502 3832 in
1548 3777 1788 3849 Prologo
1837 3780 2090 3835 Eunuchi

435 3852 555 3908 haec
579 3851 792 3907 habet:

528 3940 738 3998 Nullum
764 3943 848 3989 est
870 3938 980 4001 jam
1010 3937 1227 3996 dictum,
1257 3936 1402 4000 quod
1431 3950 1542 3986 non
1573 3937 1771 3987 dictum
1786 3939 1854 3988 sit
1903 3940 2083 4002 prius:

529 4004 701 4066 Quare
730 4004 1060 4066 aequumest
1084 4014 1176 4051 vos
1201 4013 1523 4066 cognoscere
1543 4004 1714 4066 atque,
1730 4001 2023 4065 ignoscere,

529 4064 657 4124 Quae
686 4061 895 4114 vetéres
942 4061 1338 4125 factitaruntfsi
1367 4061 1569 4112 faciunt
1593 4061 1737 4113 novi.

510 4142 577 4193 —'-
606 4151 783 4207 Porro
814 4149 873 4205 in
904 4149 1351 4206 Commentariis
1379 4149 1587 4205 Donati
1616 4166 1845 4206 excusis
1863 4168 1977 4207 non
1999 4151 2083 4208 in-

434 4222 908 4294 veniturcomma
926 4221 1081 4294 quod
1103 4221 1491 4291 Hieronymus
1511 4221 2084 4294 replicat.Undecon-

422 4293 566 4374 ji_cio
597 4294 885 4374 Donatum
909 4292 1153 4374 dixisse,
1190 4297 1423 4374 Pereunt
1451 4295 1546 4374 qui
1575 4292 1721 4374 ante,
1763 4300 1895 4374 etc.,
1948 4312 2079 4374 cum

329 4388 335 4395 ·
428 4363 556 4422 viva
574 4381 711 4421 voce
740 4364 799 4418 in
826 4364 965 4419 ludo
996 4363 1420 4420 Grammaticos
1450 4363 1629 4420 istum
1653 4365 1869 4421 Comici
1900 4368 2080 4422 versi-

430 4437 626 4493 culum
661 4440 988 4507 exponeret.
1013 4435 1299 4507 MAajriAN.

498 4512 520 4544 ²
549 4505 1121 4575 ΡυιαιΜξιιτιίδηωυε
1149 4505 1259 4561 hoc
1291 4506 1361 4560 de
1384 4522 1483 4578 ore
1512 4507 1732 4562 dictum
1769 4525 1802 4564 a
1835 4508 2077 4578 Donato,

429 4597 565 4637 cum
587 4580 646 4634 in
678 4580 810 4651 ejus
840 4578 1287 4651 Commentariis
1318 4577 1462 4633 nihil
1488 4578 1679 4635 simile
1699 4580 1958 4635 invenire
1980 4580 2076 4636 sit.

2194 3367 2522 3424 voluerunt.
2572 3365 2795 3435 Dicitur
2840 3366 3039 3438 itaque
3080 3372 3138 3423 et
3180 3367 3241 3423 in
3298 3367 3833 3439 consequentibus:

2195 3458 2311 3513 Non
2341 3466 2419 3513 est
2447 3458 2712 3527 memoria
2739 3458 3008 3528 sapientis
3041 3457 3083 3491 ¹⁰
3109 3473 3234 3512 eum
3263 3456 3430 3513 stulto
3461 3456 3521 3509 in
3563 3463 3829 3533 aeternum

2267 3569 2294 3595 «
2320 3547 2435 3618 Ego
2466 3543 2845 3602 Ecclesiastes
2876 3544 2957 3599 fui
2983 3562 3081 3601 rex
3103 3562 3278 3617 super
3310 3542 3486 3602 Israel
3519 3541 3576 3599 in
3593 3543 3835 3607 Jerusa-

2197 3634 2383 3692 lem.»
2408 3634 2721 3707 Hucusque
2768 3634 3028 3707 praefatio
3057 3633 3403 3707 generaliter
3422 3636 3494 3695 de
3556 3639 3833 3696 omnibus

2196 3776 2545 3834 sententiam
2580 3775 2810 3849 jamdiu
2859 3776 2999 3832 olim
3053 3788 3464 3837 concesserant
3511 3785 3569 3838 et
3614 3781 3835 3849 Hebrgei

2195 3849 2457 3932 quidam,
2509 3864 2658 3919 quos
2708 3849 2794 3931 Β..
2856 3849 3046 3905 Moses
3113 3850 3499 3909 Maimonides
3574 3869 3835 3923 memora

2192 3921 2295 3977 llb.
2331 3938 2367 3975 ιι
2398 3921 2538 3976 More
2557 3920 2853 3976 Nevochm.

2217 3939 2295 3977 ιο.
2331 3939 2367 3975 ΙΙ
2398 3939 2538 3976 [ποτε
2557 3939 2853 3976 Ivevocnm.

2263 3993 2287 4065 ’ξ
2322 3992 2584 4065 κῖιηῇοαη.
2613 3992 2899 4065 antiquam
2952 3992 3033 4065 sol
3079 3993 3251 4063 fieret,
3294 4011 3472 4065 quam
3523 3994 3832 4053 lectionem

2192 4068 2249 4119 et
2272 4063 2571 4119 Palatinus
2603 4062 2759 4118 alter
2772 4063 3021 4132 reduxit,
3065 4062 3254 4136 priore
3281 4062 3583 4138 ekpuncta.

2262 4144 2283 4179 δ
2312 4142 2413 4198 Sed
2454 4142 2791 4209 eacluditur,
2849 4146 2958 4198 etc.
3007 4143 3069 4198 In
3127 4144 3421 4202 veteribus
3481 4146 3836 4211 editionibus

2191 4214 2304 4298 alio
2337 4213 2784 4298 modo'le‘gitur;
2811 4215 3200 4298 nempe,_§cd
3256 4218 3360 4273 hac
3393 4214 3698 4274 excluditur
3739 4236 3833 4275 ra-

2193 4290 2358 4349 tione,
2387 4286 2529 4357 quod
2544 4290 2597 4341 et
2620 4286 2891 4356 jumenta,
2912 4291 3021 4341 etc.
3056 4286 3340 4344 Maurus.

2260 4359 2281 4392 ⁶
2312 4357 2457 4412 Hinc
2487 4355 2727 4428 colligas
2765 4356 2960 4429 priora
2988 4357 3166 4429 hujus
3204 4359 3474 4417 versiculi
3500 4360 3833 4417 Grecaven-

2188 4428 2798 4510 bamquzetanquam
2834 4428 3167 4510 EymmaChi
3204 4430 3286 4510 in"
3322 4433 3462 4510 edit.
3504 4432 3676 4510 Rom;
3713 4452 3833 4510 ξων

2192 4500 2330 4576 ΙιξΧ
2362 4499 2800 4576 ςζιάἀυθμῂᾐμνε
2835 4499 2973 4576 Ἄρα
3021 4500 3135 4554 ἐατι
3164 4520 3231 4576 τι-
3256 4499 3286 4555 ὅ
3331 4503 3441 4576 ipsi
3485 4522 3592 4564 τις.
3632 4505 3726 4559 Est
3759 4519 3836 4576 ne

2191 4571 2427 4648 aliquid,
2459 4571 2597 4648 quod
2645 4571 2785 4648 dicet
2815 4571 2973 4648 guis,
3020 4577 3128 4648 etc.
3183 4571 3420 4648 alterius
3448 4591 3483 4631 a
3509 4574 3833 4648 Symnacho

426 4624 934 4733 Fortassef'autem‘
958 4650 1152 4733 verius
1204 4665 1419 4733 novum
1463 4667 1531 4706 ex
1580 4651 1689 4733 hoc
1746 4651 1872 4706 loco
1898 4667 2078 4733 Iargu-
2111 4624 2157 4689 D
2188 4624 2702 4733 ἰηξέερυθῐξειθῆξθε
2734 4624 3347 4733 θξγῖδτίᾷρεἱξᾉιιιξὶὶω.

426 4729 693 4781 mentum
726 4726 1017 4794 peteretur
1056 4722 1127 4794 ad
1162 4722 1552 4794 probandum,
1610 4722 2075 4779 Commentarios

423 4795 646 4921 illoslin
676 4792 929 4867 vulgatis
960 4792 1311 4848 hodiernum
1350 4792 1518 4849 libris
1560 4808 1799 4850 maneos
1838 4810 1967 4850 esse
2018 4798 2076 4850 et

425 4884 524 4921 mu
557 4885 574 4921 ι
602 4882 688 4921 os.

425 4873 688 5019 15113235.:
730 4939 789 5019 in
834 4936 1068 5019 quodam
1115 4936 1278 4991 libro.
1331 4934 1602 5019 Drigenjs
1650 4935 1867 5019 dogma
1908 4938 2068 5019 apud

421 5006 719 5090 originem
746 5006 971 5090 leg—isse
999 5006 1103 5090 lib.
1138 5024 1179 5090 ιε
1216 5025 1341 5090 περι
1385 5006 1603 5090 ’Δρχῷν
1627 5080 1636 5090 ⁸
1662 5006 1799 5090 θοῇ.
1823 5006 2067 5090 dubium

421 5078 551 5150 est?
576 5098 713 5139 nam
744 5080 801 5135 in
820 5078 1076 5151 'epistola
1104 5079 1176 5151 ad
1206 5078 1718 5151 Avitumg'testatur
1746 5079 1901 5151 idem
1944 5080 2071 5135 Hie-

419 5148 701 5235 ronymus
731 5148 1039 5222 Orig—onem
1079 5149 1332 5206 abusum
1364 5148 1548 5205 fuisse
1578 5149 1685 5204 hoc
1707 5149 2068 5206 Ecclesiaste:

420 5223 774 5275 testimonio.
810 5229 875 5275 ut
908 5223 1177 5275 nrobaret
1206 5221 1362 5275 uuod
1397 5225 1530 5275 ante
1561 5220 1842 5275 fabricam
1890 5222 2068 5275 istius

420 5223 774 5278 testimonio.
810 5229 875 5278 ut
906 5223 1177 5294 probaret
1206 5223 1362 5291 quod
1397 5225 1530 5275 ante
1561 5223 1842 5276 fabricam
1890 5223 2068 5278 istius

420 5293 647 5374 mundi,
681 5293 801 5374 allii
835 5294 1039 5374 mundi
1098 5292 1157 5349 in
1209 5292 1513 5374 prmferitis
1555 5292 1786 5374 szeculis
1830 5293 2064 5374 fuerint.

418 5363 667 5420 Consule
712 5364 1042 5435 epistolam,
1090 5363 1220 5434 quae
1259 5364 1500 5436 incipit:
1549 5368 1679 5419 ante
1733 5380 1907 5421 annos
1955 5368 2064 5420 cir-

416 5437 552 5491 citer
572 5437 781 5501 deeem,
815 5442 922 5495 etc.
966 5438 1254 5491 MARTIAN.

486 5539 555 5547 ——
585 5509 929 5579 Quanquam
977 5508 1036 5561 in
1095 5510 1369 5579 promptu
1416 5505 1492 5561 sit
1552 5505 2061 5579 opinarirlibrum

416 5578 654 5651 tertium
695 5576 963 5651 Origenis
987 5576 1113 5651 περὶ
1138 5576 1358 5651 ξΑρχῷν
1408 5594 1535 5649 cap.
1567 5580 1605 5632 5
1651 5578 1865 5651 innui,
1892 5579 2063 5651 cujus

415 5649 609 5707 locum
634 5649 700 5721 in
739 5648 909 5721 epist.
941 5648 1155 5704 iZh'ad
1201 5648 1454 5714 AVitum,
1484 5648 1670 5705 fnum.
1703 5651 1759 5711 9.
1801 5648 2058 5706 adduCit.

413 5728 470 5781 et
490 5720 816 5780 luculenter
842 5722 1152 5793 impugnat
1196 5721 1255 5778 S.
1306 5721 1535 5789 doctor;
1577 5721 1636 5779 in
1681 5738 1810 5779 eam
1861 5726 2060 5783 tamen

2256 4716 2275 4748 ⁷
2310 4716 2430 4797 Duo
2463 4714 2729 4782 Palatini,
2762 4715 2869 4770 Nec
2898 4717 2969 4771 sit
3006 4714 3244 4785 aliquid,
3292 4717 3432 4788 quod
3475 4719 3645 4790 possit
3686 4718 3833 4797 φοί.

2180 4789 2481 4913 mari’iciéiﬁ
2514 4860 2573 4913 et
2601 4855 2812 4923 Vatic.,
2843 4856 3048 4929 faciem
3076 4860 3214 4915 Dei:
3250 4860 3545 4917 mendose.

2252 4938 2272 4972 ⁹
2300 4938 2419 4993 Νοη
2464 4942 2543 4993 est
2610 4939 2879 5011 memoria
2930 4940 3155 5011 primis.
3221 4938 3463 4996 Nullum
3520 4938 3828 5011 vestigium

2180 5008 2511 5065 Griecorum
2540 5010 2877 5081 verborum,
2931 5008 3060 5080 qure
3098 5010 3193 5066 hic
3226 5012 3381 5081 apud
3434 5008 3741 5067 Erasmuin
3768 5016 3827 5066 et

2180 5081 2510 5163 Marianum
2543 5079 2837 5150 leguntur,
2857 5079 3139 5163 invenire
3170 5079 3328 5163 potui
3360 5083 3420 5163 in
3451 5099 3595 5139 mss.
3617 5082 3828 5163 codici-

2178 5152 2309 5219 bus,
2346 5151 2446 5278 qui
2476 5156 2673 5208 tamen
2707 5157 3044 5208 constanter
3082 5151 3337 5209 retinent
3365 5154 3594 5211 Graecas
3622 5153 3821 5210 lectio-

2178 5240 2282 5278 nes
2323 5241 2353 5278 a
2384 5225 2571 5278 iorum
2619 5223 2876 5278 locorum
2918 5229 2974 5278 ct
3014 5226 3464 5278 nrmcedentium
3512 5230 3569 5278 et
3623 5240 3821 5278 conse-

2178 5240 2282 5279 nes
2323 5223 2876 5296 nliorumﬁlocorum
2918 5229 2974 5279 ct
3014 5226 3464 5296 prsecedentium
3512 5230 3569 5281 et
3623 5240 3824 5296 conse-

2178 5295 2509 5379 quentium.
2571 5294 2737 5379 Unch
2810 5294 3291 5379 manifestissime
3350 5302 3591 5379 apparet
3655 5295 3825 5379 solita

2176 5366 2499 5421 temeritate
2563 5366 2865 5437 scriptoris
2926 5368 3175 5437 alicujus
3229 5366 3566 5425 recentioris
3627 5366 3824 5423 addita

2175 5437 2359 5493 fuisse
2396 5437 2593 5493 Graeca
2651 5438 2825 5493 verba
2871 5438 2929 5494 in
2975 5441 3300 5496 Comment.
3355 5438 3823 5510 Hieronymiano,

2173 5512 2407 5582 atqueie
2447 5510 2736 5582 corruptis
2766 5511 3204 5582 exemplaribus
3233 5512 3473 5568 ﬂuxisse
3509 5512 3568 5566 in
3616 5510 3823 5566 editio-

2172 5597 2306 5655 nem
2330 5581 2751 5655 Erasmianam,
2783 5581 2955 5651 cujus
3002 5599 3226 5638 errores
3279 5583 3543 5639 imitatur
3609 5582 3823 5655 sepius

2170 5653 2464 5741 Marianos
2486 5652 2780 5710 Victorius
2797 5655 3038 5741 Erasini
3050 5655 3392 5741 castigator.
3426 5652 3712 5741 Maurus;

2244 5724 2285 5761 ³ο
2313 5723 2453 5782 Tres
2484 5740 2652 5796 mss.,
2683 5725 2939 5797 sapienti.
2959 5726 3104 5784 Vide
3134 5723 3289 5784 infra
3315 5727 3377 5783 in
3407 5743 3536 5801 cap.
3562 5726 3730 5800 11,46.
