3992 6392
208 362 392 440 me:

1221 372 1846 444 COMMENTARIUS
1886 376 1966 441 IN
2010 372 2607 443 ECGLESIASTEN.

3453 371 3629 446 me

206 508 575 583 disputantis
605 506 712 585 ['Al.
744 508 1079 584 disputans]
1115 526 1129 569 :
1162 526 1319 568 nunc
1366 513 1439 569 ad
1471 512 1854 585 semetipsum
1883 514 1939 581 Α
1968 514 2185 570 dantur
2210 514 2271 569 in
2301 530 2391 584 ea,
2423 513 2563 587 quia
2590 513 2753 587 prius
2782 516 2989 589 sponte
3019 508 3130 573 sua
3155 514 3215 573 et
3240 514 3476 589 propria
3501 520 3610 573 vo—

206 601 457 670 redit,et
485 599 623 672 quis
644 601 837 665 fuerit,
852 602 1146 672 quomodo
1167 602 1562 673 experimento
1584 602 1857 658 universa

205 688 563 763 cognoverit,
596 690 783 745 docet.
818 686 993 745 Aiunt
1023 690 1243 746 Hebraei
1272 690 1427 745 hunc
1459 690 1676 746 librum
1700 690 1856 747 Solo-

158 805 166 812 -
203 777 401 836 monis
431 793 582 846 esse,
616 778 1022 851 paenitentiam
1053 780 1506 851 agentis‘,quod
1538 780 1599 835 in
1631 780 1857 852 sapien-

199 868 295 925 tia!
319 867 655 939 divitiisque
713 867 995 935 conﬁsus,
1049 884 1155 940 per
1209 867 1486 924 mulieres
1552 866 1855 925 offenderit

199 957 414 1015 Deum.

280 1058 311 1097 (ρ
338 1045 410 1101 Et
463 1040 598 1101 dedi
647 1060 747 1100 cor
776 1060 975 1100 meum
1007 1046 1079 1100 ad
1111 1044 1531 1117 inquirendum
1572 1050 1630 1102 et
1658 1046 1852 1102 consi-

200 1134 531 1191 derandum
562 1132 623 1188 in
655 1133 947 1206 sapientia
976 1135 1048 1188 de
1078 1134 1355 1190 omnibus
1387 1151 1514 1206 quae
1562 1135 1712 1190 fiunt
1741 1135 1851 1191 sub

203 1222 352 1280 sole.
383 1222 545 1279 Hanc
571 1221 1011 1294 occupationem
1044 1222 1260 1279 malam
1313 1224 1475 1278 dedit
1503 1224 1657 1279 Deus
1714 1224 1852 1278 ﬁliis

201 1310 536 1380 heminum,
565 1315 632 1367 ut
660 1315 1086 1383 occuparentur
1112 1311 1172 1366 in
1205 1327 1291 1367 ea.
1326 1334 1346 1360 ι»
1384 1311 1639 1367 Verbum
1677 1328 1851 1367 ANIAN

201 1399 367 1489 (την)
400 1398 636 1489 Aquila,
666 1400 1054 1489 Septuaginta
1117 1406 1175 1456 et
1233 1400 1553 1457 Theodotio
1584 1420 1848 1475 περισπα-

201 1488 342 1561 epse
376 1488 653 1545 similiter
680 1488 1129 1557 transtulerunt,
1168 1490 1323 1562 quod
1364 1488 1424 1545 in
1471 1490 1851 1546 distentionem

200 1577 449 1634 Latinus
479 1578 764 1649 interpres
797 1576 1102 1650 expressit,
1116 1593 1183 1633 eo
1213 1578 1370 1649 quod
1402 1578 1463 1633 in
1484 1578 1676 1634 varias
1698 1578 1854 1634 solli-

198 1666 493 1724 citudines
524 1682 691 1723 mens
718 1666 978 1723 hominis
1007 1667 1265 1723 distenta
1289 1666 1562 1724 lanietur.
1586 1668 1851 1740 Symma-

199 1755 350 1812 chus
381 1764 517 1812 ve‘ro
539 1752 826 1831 ἀσχολίαν,
858 1755 917 1810 id
948 1760 1056 1823 est,
1080 1758 1496 1828 occupationem
1523 1755 1847 1812 transtulit.

198 1844 349 1911 Quia
406 1843 589 1917 igitur
638 1844 857 1915 saepius
913 1843 975 1899 in
1006 1843 1115 1900 hoc
1142 1843 1439 1901 volumine
1490 1844 1846 1913 nominatur,
1879 1886 1928 1951 Β

195 1933 325 1990 sive'
400 1936 832 2005 occupationem,
884 1933 1003 1989 sive
1044 1934 1449 2001 distentionem,
1509 1934 1629 1990 sive
1705 1934 1846 2006 quid

195 2021 356 2079 aliud
405 2020 748 2088 dixerimus,
783 2022 854 2077 ad
922 2021 1285 2093 superiorem
1342 2039 1581 2079 sensum
1640 2026 1851 2079 cuncta

197 2111 548 2167 referantur.
579 2109 914 2181 Dedit'ergo
946 2110 1324 2167 Ecclesiastes
1367 2111 1554 2184 primo
1584 2112 1847 2167 omnium

200 2204 460 2256 mentem
490 2208 662 2255 suam
691 2200 850 2256 893
891 2200 965 2255 ad
1016 2199 1365 2272 sapientiam
1417 2201 1847 2272 requirendam,

197 2292 260 2344 et
293 2287 447 2343 ultra
473 2286 699 2343 licitum
725 2304 788 2343 se
818 2288 1156 2356 extendens,
1188 2288 1374 2344 voluit
1410 2302 1621 2345 causas
1676 2288 1846 2344 ratio-

199 2372 426 2449 n‘eeque
455 2368 802 2448 cognoscere
834 2392 847 2431 :
881 2374 1062 2448 quare
1091 2376 1317 2449 parvuli
1356 2378 1788 2450 corriperentur
1815 2394 1850 2433 a

202 2465 487 2531 demens,
520 2476 627 2520 cur
656 2465 964 2538 naufragia
991 2469 1049 2521 et
1068 2465 1265 2536 justos
1292 2469 1351 2522 et
1378 2465 1593 2538 impios
1630 2458 1851 2538 pariter

201 2554 620 2621 absurberen't;
653 2557 854 2609 utrum
906 2554 1028 2610 haec
1085 2558 1141 2610 et
1170 2554 1265 2611 his
1297 2554 1517 2611 similia
1546 2572 1685 2611 casu
1717 2571 1847 2611 eve-

200 2636 417 2710 dirent,
442 2658 515 2699 an
539 2640 764 2714 judicio
796 2638 915 2699 Dei.
942 2643 1008 2698 Et
1037 2642 1085 2698 si
1113 2659 1276 2713 casu,
1307 2644 1407 2699 ubi
1439 2640 1803 2716 providentia
1822 2644 1850 2697 ?

198 2724 531 2804 siijudicid,
581 2730 683 2786 ubi
722 2730 961 2803 justitia
1008 2731 1157 2787 Dei?
1201 2732 1355 2799 Hac,
1408 2732 1621 2805 inquit,
1674 2747 1848 2788 nosse

194 2820 557 2887 desiderans,
590 2818 845 2876 intellexi
898 2820 1257 2891 superﬂuam
1288 2836 1488 2876 curam
1539 2826 1596 2877 et
1633 2819 1846 2876 sollici-

194 2907 464 2966 tudinem
494 2920 597 2981 per
626 2908 856 2964 divorsa
898 2907 1259 2964 cruciantem
1289 2927 1324 2965 a
1352 2914 1467 2965 Deo
1506 2909 1849 2965 hominibus

202 2996 427 3068 datam,
458 3002 527 3052 ut
590 2996 740 3052 scire
780 2992 1040 3069 cupiant,
1071 2997 1225 3069 quod
1284 2998 1434 3053 scire
1464 3013 1580 3053 non
1619 2997 1847 3053 licitum

199 3086 313 3143 e’st.
347 3082 595 3142 Pulchre
649 3089 847 3141 autem
913 3101 1091 3142 causa
1145 3086 1467 3158 praemissa,
1502 3104 1536 3142 a
1565 3087 1680 3143 Deo
1712 3088 1850 3142 data

203 3168 484 3241 distentio
514 3178 622 3231 est.
642 3174 944 3239 Quomodo
974 3174 1131 3230 enim
1162 3174 1223 3230 in
1255 3176 1511 3247 Epistola
1538 3176 1612 3232 ad
1644 3176 1849 3231 Roma-

1963 601 2189 660 luntate
2217 594 2341 660 haec
2370 600 2460 660 vel
2493 603 2594 659 illa
2621 604 2903 660 fecerunt.

2035 715 2064 741 «
2096 693 2229 748 Vidi
2286 692 2559 751 universa
2605 690 2712 766 [Αἱ.
2763 693 2983 766 omnia]
3026 710 3222 767 opera,
3272 708 3399 768 quas
3457 695 3611 751 facta

1962 786 2103 837 sunt
2131 782 2242 837 sub
2282 781 2424 848 sole,
2438 786 2495 837 et
2515 797 2646 839 ecce
2668 784 2870 838 omnia
2889 783 3135 852 vanitas,
3150 786 3208 839 et
3227 772 3609 856 presumptio

1962 870 2292 943 spiritus.»
2349 871 2705 928 Necessitate
2759 866 3187 945 compellimur,
3220 875 3287 928 ut
3342 872 3605 929 crebrius

1962 974 2142 1032 quam
2189 959 2461 1017 volumus
2511 961 2825 1021 deverbis
2867 961 3166 1018 Hebraicis
3218 952 3602 1017 disseramus.

1960 1049 2075 1104 Nec
2105 1049 2263 1105 enim
2295 1065 2612 1121 possumus
2667 1049 2816 1106 scire
2872 1066 3133 1122 sensum,
3166 1049 3280 1106 nisi
3310 1066 3444 1107 eum
3502 1062 3606 1123 per

1959 1138 2135 1194 verba
2186 1138 2504 1195 discamus.
2538 1139 2731 1194 Roo'ru
2790 1139 2998 1211 (n‘ly'l).
3031 1139 3250 1212 Aquila
3275 1140 3299 1174 ³
3326 1143 3385 1195 et
3421 1139 3604 1196 Theo-

1959 1226 2116 1283 dotio
2152 1228 2351 1299 νομήν,
2386 1228 2775 1300 Symmachus
2837 1227 3093 1301 βὸσκησιν
3152 1218 3601 1285 transtulerunt.

1957 1316 2341 1389 Septuaginta
2368 1320 2562 1372 autem
2600 1317 2952 1389 interpretes
2981 1333 3097 1373 non
3146 1317 3451 1374 Hebraeum
3481 1324 3604 1374 ser-

1961 1421 2193 1460 monem
2251 1421 2602 1477 expressere.
2639 1407 2741 1461 sed
2789 1405 3022 1478 Syrum,
3063 1405 3324 1462 dicentes
3354 1409 3376 1440 δ
3404 1405 3604 1481 προαί-

1962 1501 2124 1569 ρεσιν.
2189 1493 2318 1550 Sive
2368 1511 2505 1567 ergo
2560 1494 2727 1565 νομὴ,
2770 1494 2887 1550 sive
2949 1492 3207 1568 βόσκησις
3247 1511 3283 1550 a
3336 1495 3603 1567 pastione

1958 1581 2308 1638 vocabulum
2356 1588 2445 1637 est
2488 1599 2501 1636 :
2545 1580 2861 1657 προαίρεσις
2912 1587 3108 1639 autem
3147 1582 3360 1640 melius
3409 1585 3602 1640 volun-

1961 1675 2149 1740 tatem,
2172 1687 2351 1743 quam
2378 1673 2863 1743 praesumptionem
2891 1676 3076 1727 sonat.
3107 1672 3337 1728 Dicitur
3379 1676 3600 1739 autem,

1960 1761 2117 1832 quod
2148 1765 2284 1832 agat
2314 1760 2724 1833 unusquisque
2754 1760 2910 1832 quod
2938 1759 3094 1829 velit,
3127 1764 3183 1816 et
3215 1761 3328 1818 sibi
3378 1764 3603 1817 rectum

1959 1863 2089 1906 esse
2130 1849 2416 1917 videatur,
2467 1852 2642 1921 atque
2690 1849 2750 1904 in
2805 1847 3036 1905 diversa
3090 1840 3274 1905 libero
3331 1849 3609 1906 homines

1957 1939 2223 1994 ferantur
2273 1932 2533 2002 arbitrio,
2566 1941 2624 1993 et
2678 1952 2828 1992 vana
2856 1936 2975 1992 sint
3002 1930 3278 1993 universa
3317 1938 3427 1994 sub
3456 1926 3600 2006 sole,
3631 2007 3639 2015 ι

1958 2028 2098 2082 dum
2124 2026 2372 2082 invicem
2397 2024 2567 2082 nobis
2593 2027 2653 2080 in
2691 2026 2979 2081 bonorum
3011 2030 3070 2081 et
3126 2024 3415 2082 malorum
3468 2026 3603 2082 fini-

1956 2117 2069 2172 bus
2096 2114 2499 2187 displicemus.
2533 2114 2769 2170 Dicebat
2796 2113 2942 2169 mihi
2973 2115 3272 2184 Hebraeus,
3298 2131 3415 2187 quo
3446 2103 3607 2174 894:

1958 2196 2292 2278 Scripturas
2317 2212 2550 2260 sanctas
2578 2203 2919 2259 instituente
2950 2203 3188 2277 perlegi,
3223 2198 3379 2276 quod
3422 2220 3603 2277 supra

1958 2295 2242 2366 scriptum
2271 2310 2453 2349 aoo'ra
2474 2292 2740 2357 verbum,
2773 2290 2963 2364 magis
2994 2291 3054 2346 in
3101 2292 3211 2348 hoc
3265 2291 3393 2348 loco
3450 2292 3602 2349 afﬂi-

1957 2383 2209 2439 ctionem
2239 2386 2294 2438 et
2324 2381 2632 2449 malitiam,
2665 2391 2844 2453 quam
2899 2380 3227 2451 pastionem
3286 2384 3345 2436 et
3394 2380 3613 2436 volun-'

1957 2476 2137 2529 tatem
2169 2471 2525 2543 significaret
2558 2487 2571 2525 :
2605 2486 2722 2525 non
2771 2485 2806 2525 a
2834 2468 3011 2536 malo,
3044 2462 3201 2540 quod
3231 2473 3321 2524 est
3377 2459 3603 2525 contra-

1955 2562 2112 2617 rium
2143 2560 2433 2628 bono,sed
2465 2560 2537 2615 ab
2564 2558 2821 2631 eo,quod
2854 2558 2912 2613 in
2945 2556 3256 2631 Evangelio
3287 2550 3598 2615 scribitur:

1958 2651 2172 2723 Sufﬁcit
2201 2649 2313 2705 diei
2342 2650 2566 2704 malitia
2594 2664 2695 2703 sua
2724 2648 2934 2719 (Matth.
2963 2660 3045 2715 vt,
3073 2647 3187 2719 34).
3210 2639 3397 2712 Quam
3419 2638 3602 2703 Graeci

1957 2736 2389 2811 signiﬁcantius
2418 2735 2714 2811 κακουχίαν
2748 2738 2957 2792 vocant
2984 2736 3024 2803 ³,
3059 2738 3116 2790 et
3148 2730 3277 2791 esse
3308 2730 3549 2792 sensum
3585 2753 3599 2792 :

1958 2827 2331 2887 Gonsideravi
2389 2826 2680 2895 universa,
2710 2840 2843 2897 quae
2879 2825 2939 2879 in
2973 2824 3195 2880 mundo
3225 2823 3395 2893 ﬁunt,
3427 2826 3485 2880 et
3515 2824 3604 2879 ni-

1959 2919 2039 2976 hil
2070 2917 2230 2974 aliud
2262 2913 2639 2989 deprehendi,
2673 2929 2852 2986 quam
2880 2910 3200 2969 vanitatem
3238 2917 3296 2968 et
3322 2911 3606 2984 malitias,

1958 2995 2157 3063 idest
2200 3004 2467 3061 miserias
2517 3003 2786 3075 spiritus,
2833 2997 3051 3073 quibus
3114 2999 3313 3055 anima
3359 3000 3629 3058 diversis

1959 3094 2412 3170 cogitationibus
2441 3090 2778 3147 afﬂictatur.
3460 3100 3469 3107 ·

2031 3206 2061 3236 ‹‹
2085 3184 2397 3240 Perversus
2428 3196 2542 3237 non
2574 3179 2788 3252 poterit
2833 3176 3104 3233 adornari
3132 3177 3174 3246 θ,
3208 3180 3266 3232 et
3321 3175 3603 3233 imminui

201 3281 327 3349 nos
366 3263 693 3320 scribitur:
726 3269 955 3335 Propter
1001 3263 1142 3335 quod
1183 3264 1414 3319 tradidit
1458 3280 1546 3320 eos
1604 3266 1744 3320 Deus
1785 3266 1845 3318 in
1878 3248 1922 3315 Ο
1958 3272 2037 3330 tio
2096 3288 2208 3328 non
2270 3269 2481 3343 poterit
2536 3248 2854 3322 numerari.
2891 3287 2920 3315 ››
2965 3261 3072 3330 Qui
3123 3279 3434 3338 perversus
3489 3258 3599 3329 est;

192 3354 485 3428 passiones
507 3353 833 3423 ignominiae‘
855 3352 1028 3422 (Rom.
1063 3353 1169 3423 1,6)
1190 3356 1214 3405 .9
1232 3354 1303 3408 Et
1333 3353 1543 3409 iterum
1569 3372 1582 3409 :
1614 3357 1848 3425 Propter

200 3442 347 3516 quod
373 3438 613 3498 tradidit
665 3456 753 3496 eos
801 3442 941 3495 Deus
970 3442 1032 3495 in
1059 3441 1353 3512 reprobum
1397 3458 1636 3512 sensum,
1669 3451 1729 3498 ut
1757 3445 1846 3514 fa-

201 3524 507 3603 ct‘ant'quae
522 3542 634 3586 non
659 3532 865 3601 oportet
894 3529 1049 3601 (Ibid.
1077 3528 1186 3600 28).
1201 3532 1279 3585 Ac
1294 3530 1534 3585 deinde:
1557 3534 1851 3603 Propterea

196 3618 431 3678 tradidit
467 3633 556 3675 eos
583 3620 724 3675 Deus
752 3620 815 3673 in
841 3616 1113 3673 desideria
1161 3619 1346 3674 cordis
1375 3621 1466 3674 sui
1512 3621 1571 3675 in
1605 3622 1849 3676 immun-

202 3708 402 3765 ditiam
432 3707 595 3781 (Ibid.
616 3707 817 3778 24).Et
847 3708 920 3762 ad
942 3707 1495 3764 Tbessalonicenses
1530 3710 1851 3781 :Propterea

197 3798 398 3853 mittet
448 3798 528 3853 eis
562 3865 577 3870 Α
604 3796 743 3852 Deus
819 3798 1200 3867 operationem
1278 3799 1486 3853 erroris
1551 3799 1622 3870 (II
1672 3800 1846 3856 Thess.

201 3897 271 3953 11;-
296 3884 415 3957 η10);
453 3886 526 3941 Et
560 3865 745 3956 'prius
794 3865 982 3940 causae
1049 3886 1445 3942 ostenduntur
1464 3888 1508 3951 9,
1543 3865 1724 3959 quare
1761 3888 1851 3944 vel

200 3973 583 4049 passionibus
620 3973 979 4047 ignominiae,
1035 3973 1124 4029 vel
1192 3975 1392 4030 sensui
1441 3977 1707 4048 reprobo,
1763 3978 1848 4033 vel

205 4060 413 4118 cordis
454 4058 547 4116 sui
604 4059 911 4116 desideriis
969 4061 1367 4117 concedantur
1400 4060 1501 4129 [AL
1547 4064 1853 4120 concidan-

201 4154 347 4221 tu‘r],
388 4152 491 4206 aut
546 4149 688 4222 quid
748 4149 1011 4214 fecerint,
1068 4153 1133 4204 ut
1189 4152 1585 4223 operationem
1641 4155 1853 4211 erroris

204 4236 515 4311 accipiant.
565 4238 651 4294 Ita
690 4240 753 4293 et
804 4238 864 4293 in
920 4240 1364 4310 praesentiarum
1428 4240 1644 4298 idcirco
1700 4243 1854 4300 Deus

205 4326 621 4384 distentionem
651 4326 867 4382 malam
913 4324 1074 4383 dedit
1124 4327 1483 4399 hominibus,
1516 4324 1582 4386 ut
1633 4332 1854 4389 disten-

282 4486 522 4570 ‘lAtque
560 4486 683 4570 haec
731 4487 969 4570 quidem
1013 4487 1413 4570 interpretum
1467 4491 1854 4570 plurimorum

206 4560 765 4633 sententia‘estgcui
786 4564 985 4633 tamen
1015 4560 1284 4633 nonnulli
1315 4561 1415 4617 alii
1447 4560 1856 4633 adversantur,

204 4632 266 4707 et
297 4633 431 4686 ante
484 4622 774 4685 liberioris
840 4629 988 4707 vitae
1025 4631 1274 4707 crimina
1304 4634 1589 4707 scriptum
1622 4651 1656 4689 a
1686 4622 1855 4691 Salo:
1884 4622 1932 4686 D

205 4703 390 4789 mone
429 4712 599 4789 opus,
632 4718 701 4757 ex
744 4703 1440 4789 c‘o‘conten‘dupt,.quod
1480 4707 1607 4775 ejus
1646 4707 1851 4789 resipi-

204 4772 444 4845 sccn‘tia
471 4771 639 4829 nulla
666 4775 855 4828 exstet
873 4773 1028 4845 apud
1046 4771 1320 4830 Ecclesiae
1333 4771 1530 4833 Patres
1549 4771 1850 4845 memoria,

204 4844 311 4917 qni
340 4844 414 4901 de
441 4845 572 4916 ejus
602 4848 817 4900 interna
847 4844 1040 4899 salute
1071 4846 1348 4903 continuo
1378 4848 1667 4904 dubitant.

277 4925 303 4999 ἲ
327 4922 624 4981 Victorius
660 4923 923 5000 supplet,
938 4925 1357 5000 jungitquc,Et
1384 4929 1522 4983 sicut
1546 4930 1705 5000 prius
1728 4946 1856 4984 cau-

202 4996 345 5070 sae",
371 5039 385 5052 .
420 5038 432 5050 .
461 5038 529 5070 ._.
561 5039 573 5051 .
602 5036 615 5050 .
648 4995 927 5066 accipiant
958 5012 977 5070 ς
1008 4995 1177 5070 itaet
1199 4995 1721 5070 inpraesentiarum,
1754 5009 1852 5055 etc.

279 5062 387 5140 sin
447 5064 672 5138 aliquot
724 5062 896 5140 nisa,
945 5067 1146 5140 Ruottt.
1207 5062 1473 5125 Martian.
1524 5070 1616 5125 hic
1658 5062 1856 5140 Routh,

204 5135 750 5212 paulo_post_Rooth
770 5137 930 5212 legit,
962 5142 1019 5192 et
1046 5136 1221 5212 νόμην
1254 5156 1357 5212 pro
1404 5141 1603 5212 νομὴν,
1637 5145 1745 5197 etc.

283 5208 575 5281 alicam
637 5208 854 5281 Aquila‘
904 5208 1410 5281 Ms._SOrhouicus
1472 5208 1678 5281 Rooth;
1719 5213 1855 5268 Cor-
1942 5228 1954 5238 ·

205 5276 465 5353 beien‘sis
495 5276 759 5353 uterque,
792 5279 988 5353 Death,
1018 5279 1131 5335 Sed
1163 5281 1374 5353 scheva
1404 5276 1753 5339 hodiernum
1802 5289 1859 5339 et

203 5351 695 5425 Messorethicum
718 5356 941 5425 veteres
968 5351 1159 5423 legere
1194 5352 1388 5425 solent
1423 5355 1594 5425 juxta
1646 5371 1859 5411 sonum

201 5420 428 5496 vpcalis
485 5422 789 5496 sequentis
839 5420 1052 5496 τηειηῶ
1094 5424 1313 5496 Sodom,
1365 5420 1467 5496 pr'o
1518 5426 1755 5494 Sedom;
1806 5431 1862 5482 et

204 5488 306 5551 hic
325 5502 467 5561 ΠῚνἾ
500 5488 685 5561 Boot/1,
715 5510 820 5565 pro
860 5492 1047 5558 Reuth,
1082 5494 1201 5549 sive
1235 5488 1412 5551 Reoth.
1448 5496 1735 5552 MARTIAN.

279 5575 303 5609 ‘
331 5574 451 5631 Sed
481 5575 703 5648 Syrum,
753 5573 1007 5628 dicentes.
1056 5574 1209 5629 Scite
1267 5577 1534 5631 observat
1582 5577 1858 5648 Hierony-

207 5646 369 5722 mus,
401 5642 1234 5722 non:Heb_rseum‘sermonem,
1266 5649 1367 5703 sed
1397 5642 1862 5722 Syrumexpres-

204 5719 362 5777 cisse
402 5717 543 5776 LXX
590 5718 982 5789 Interpretes;
1016 5716 1156 5790 quia
1206 5729 1323 5784 mn
1354 5716 1461 5777 real
1491 5716 1778 5777 Chaldaeis
1804 5723 1862 5778 et

1958 3362 2071 3419 nisi
2121 3364 2253 3418 ante
2301 3356 2645 3430 corrigatur,
2683 3370 2797 3411 non
2840 3354 3055 3427 poterit
3101 3348 3392 3409 adornari.
3426 3350 3603 3410 Recta

1959 3455 2230 3508 ornatum
2258 3447 2568 3519 recipiunt,
2601 3436 2778 3500 curva
2820 3440 3259 3499 correctionem.
3288 3440 3601 3500 Perversus

1960 3558 2076 3597 non
2125 3538 2359 3605 dicitur,
2394 3535 2507 3591 nisi
2555 3534 2655 3606 qui
2704 3533 3054 3605 depravatus
3080 3547 3114 3587 a
3142 3534 3299 3587 recto
3345 3536 3452 3587 est.
3482 3527 3619 3589 Hoc

1960 3632 2163 3685 contra
2212 3624 2538 3691 haereticos,
2573 3622 2673 3694 qui
2718 3620 3006 3693 quasdam
3065 3616 3605 3675 naturas'introdut-

1962 3721 2121 3783 c'unt,
2155 3732 2285 3789 quas
2341 3729 2458 3769 non
2513 3711 2807 3783 recipiunt
2836 3708 3172 3765 sanitatem.
3213 3707 3283 3762 Et
3310 3704 3453 3778 Quia
3494 3707 3607 3762 im:

1964 3804 2365 3872 minutio,hoc
2394 3807 2504 3868 est,
2522 3801 2678 3873 quod
2709 3799 2893 3867 deest,
2911 3806 3028 3853 non
3056 3799 3249 3868 potest
3276 3794 3608 3865 numerari;

1963 3900 2270 3969 prepterea
2326 3895 2557 3947 tantum
2615 3885 3007 3960 primogenita
3068 3882 3247 3939 Israel
3305 3880 3614 3969 numerata

1964 3967 2124 4042 sunt.
2157 3980 2409 4039 Feminis
2439 3993 2595 4043 vero,
2626 3981 2683 4032 et
2732 3973 2904 4043 servi,
2936 3977 2996 4028 et
3026 3970 3271 4043 parvuli,
3304 3974 3361 4026 et
3400 3967 3613 4043 vulgus

1963 4091 2033 4130 ex
2060 4073 2325 4144 Egypto,
2360 4080 2733 4137 nequaquam
2767 4061 3092 4135 plenitudo,
3125 4060 3226 4115 sed
3276 4058 3611 4116 imminutio

1964 4161 2274 4226 exercitus,
2307 4157 2527 4226 absque
2556 4167 2803 4209 numero
2835 4147 3211 4223 praetermissi
3241 4150 3399 4204 sunt.
3414 4151 3615 4205 Potest

1964 4255 2022 4306 et
2053 4249 2149 4304 hic
2179 4261 2309 4303 esse
2338 4258 2547 4301 sensus
2582 4259 2594 4297 :
2629 4242 2820 4297 Tanta
2848 4238 3075 4295 malitia
3102 4238 3164 4293 in
3197 4236 3403 4303 mundi
3428 4235 3609 4309 hujus

1966 4337 2286 4411 capacitate
2313 4337 2601 4398 versatur,
2635 4333 2701 4386 ut
2730 4330 2803 4385 ad
2842 4329 3138 4401 integrum
3198 4326 3336 4383 boni
3386 4328 3608 4383 statum

1967 4495 2145 4569 Syris,
2169 4495 2310 4569 cette
2335 4497 2512 4569 e_st_e_t
2540 4493 2799 4569 cogitare.
2832 4505 3111 4546 MARTIAN.
3384 4554 3395 4565 ο

2040 4598 2105 4608 -
2132 4553 2263 4621 Sive
2318 4553 2717 4630 Chaldaicum,
2749 4578 2865 4634 quo
2924 4573 3221 4634 sermone_
3238 4572 3345 4611 vox
3381 4553 3607 4634 isthmc,

1962 4648 2120 4711 nm
2144 4639 2480 4693 voluntatem
2505 4640 2677 4691 sonat
2693 4627 2712 4711 f,
2746 4627 3114 4711 occurritque
3182 4629 3305 4711 Ecr.
3338 4644 3396 4693 v,
3432 4627 3519 4711 iZ,
3551 4629 3611 4680 et

1965 4698 2067 4771 v1i,
2099 4698 2188 4764 48.
2219 4712 2578 4764 Consensere
2607 4698 2804 4760 autem
2824 4705 2940 4761 τοῖς
2962 4698 3109 4771 LXX
3140 4698 3379 4770 quidam
3425 4698 3602 4752 etiam

1966 4766 2324 4843 e'Rabbinis,
2356 4778 2455 4849 qui
2483 4793 2587 4848 pro
2612 4786 2759 4865 nam,
2785 4766 3135 4865 teneplacito,
3155 4766 3491 4865 :eaponunt.

2034 4870 2055 4903 ⁸
2086 4867 2389 4941 Κακᾳυχίαν
2409 4853 2803 4941 _vocantlEditi
2833 4863 3006 4915 antea
3036 4857 3167 4941 l‘ibri
3200 4856 3418 4941 habent
3436 4853 3610 4941 Ξιάκω-

1966 4960 2044 4992 σιν
2081 4955 2093 4994 :
2130 4940 2230 4995 sed
2263 4927 2463 4994 u'mnia
2490 4931 2844 5005 exemplaria
2875 4946 3020 5006 mss.
3050 4929 3256 5006 legunt
3297 4927 3455 5006 quod
3496 4942 3612 5006 nos

1964 5011 2279 5067 edidimus.
2310 5011 2409 5066 Est
2458 4999 2971 5077 εωιθῐῐίκακουχία,
3000 5003 3151 5077 mala
3190 5000 3426 5077 vexatio,
3460 4999 3615 5077 sicut

1963 5084 2237 5154 κᾳκοῦμαι
2277 5080 2570 5154 signiﬁcat
2596 5077 2740 5132 male
2782 5067 2969 5139 ocior,
3000 5074 3251 5127 animum
3293 5067 3609 5141 despondeo.

1966 5154 2253 5209 Murrum.

2039 5256 2105 5265 —
2139 5226 2224 5279 Ita
2253 5226 2309 5279 et
2339 5238 2495 5293 mss.
2525 5218 2710 5293 nostri
2740 5212 3341 5293 habenthatque‘ipse
3371 5209 3611 5293 Hieron.

1967 5294 2027 5350 in
2060 5296 2451 5351 Commentar.
2482 5291 2542 5347 in
2582 5292 2739 5346 hunc
2760 5286 3012 5345 Matthzci
3064 5282 3281 5351 locum,
3316 5282 3613 5355 matitiam,

1966 5366 2179 5444 inquit,
2211 5382 2323 5444 non
2366 5364 2703 5444 contrariam
2728 5360 2946 5444 Δῃίνιιιιί
2987 5358 3188 5444 posuit,
3219 5355 3314 5411 sed
3352 5353 3616 5421 laborem,

1967 5446 2021 5494 et
2040 5432 2424 5510 ufﬂictz'one-m,
2458 5438 2509 5489 et
2538 5434 2823 5503 angustias
2851 5432 3060 5486 szeculi.
3194 5499 3205 5510 .
3558 5493 3570 5507 '

2039 5511 2060 5544 ⁶
2095 5516 2383 5564 Pcrversus
2421 5523 2529 5561 non
2573 5505 2776 5574 poterit
2819 5502 3105 5557 adornari.
3140 5497 3243 5553 Hic
3283 5510 3518 5574 quoque
3542 5509 3617 5574 in

1971 5579 2325 5634 cditislibris
2356 5567 2641 5646 scriptu-tn
2663 5578 2761 5646 (est
2780 5586 3226 5646 perversumnon
3252 5567 3615 5646 p_o_terit,_etc.

1967 5650 2261 5717 Atdehoc
2282 5650 2455 5706 verbo
2479 5636 2640 5703 infra
2658 5645 2719 5702 in
2748 5636 2911 5700 Notis
2935 5642 3152 5700 nostris
3174 5636 3614 5714 prolixioribus.

1970 5724 2250 5779 Maenas.
