3992 6388
392 349 559 433 1075.

1630 356 1696 420 S.
1743 354 2055 421 EUSEBII
2096 353 2561 418 HIERONYMI.

3632 342 3820 415 £015.

392 490 656 547 mundus
714 489 900 547 redire
951 488 1047 547 vix
1093 490 1300 559 valeat,
1334 507 1439 547 nec
1470 490 1655 564 possit
1686 488 1853 546 facile
1884 487 2031 544 reci-
2062 489 2119 556 Α
2145 487 2336 543 doleat
2364 492 2485 542 tam
2526 487 2585 542 in
2619 487 2816 543 abdito
2868 490 2924 547 et
2967 484 3253 559 profundo
3282 483 3305 520 ¹
3334 482 3515 540 latere
3559 481 3795 555 sapien-

390 569 530 649 pére
562 580 824 635 ordinem
850 583 906 636 et
938 581 1349 653 perfectionem
1373 580 1641 648 suam,in
1684 579 1899 651 quibus
1921 577 2033 650 pri-

392 682 559 722 mum
590 668 862 724 conditus
891 673 997 724 est.
1031 669 1229 737 Aliter,
1263 670 1548 725 Omnibus
1597 685 1701 740 per
1746 668 2031 739 palmitem-

391 755 537 811 tiam
569 756 630 810 in
661 755 955 829 integrum
978 759 1288 825 restitutis,
1322 758 1482 814 solus
1510 757 1777 813 diabolus
1825 757 1885 811 in
1926 772 2032 811 suo

388 846 758 915 permanebit
804 863 1018 903 errore.
1079 848 1300 903 Cuncta
1356 848 1532 914 enim,
1566 864 1692 918 quae
1752 846 1861 900 sub
1913 844 2033 900 sole

390 932 546 989 facta
594 939 755 1004 sunt,
785 935 944 992 illius
979 937 1218 993 arbitrio
1276 941 1333 992 et
1388 936 1598 1008 spiritu
1653 933 2034 1007 malignitatis

391 1036 592 1078 eversa
625 1027 767 1079 sunt
796 1025 939 1080 dum
972 1027 1044 1082 ad
1070 1027 1198 1097 ejus
1222 1026 1568 1081 instinctum
1600 1024 1851 1097 peccatis
1904 1039 2036 1094 pec-

392 1114 524 1167 cata
572 1112 968 1169 cumulantur.
1012 1115 1294 1187 Denique,
1344 1116 1567 1169 Tantus
1619 1119 1707 1169 est
1756 1129 2037 1168 numerus

392 1200 767 1257 seductorum
795 1207 851 1258 et
880 1220 1081 1259 eorum
1113 1204 1211 1276 qui
1242 1205 1311 1259 de
1350 1219 1522 1276 grege
1554 1202 1785 1258 Domini
1842 1202 1913 1257 ab
1970 1218 2036 1256 eo

392 1289 545 1361 rapti
592 1295 750 1359 sunt,
783 1295 849 1347 ut
903 1294 1315 1364 supputatione
1368 1309 1483 1348 non
1542 1296 1718 1363 queat
1774 1306 2036 1362 compre-

394 1377 591 1434 hendL

470 1487 500 1517 ι(
531 1468 785 1524 Locutus
833 1486 967 1525 sum
1016 1488 1122 1544 ego
1170 1488 1304 1528 cum
1363 1472 1533 1528 corde
1600 1486 1749 1537 meo,
1798 1468 2035 1524 dicens:

394 1554 540 1611 Ecce
568 1572 673 1629 ego
722 1559 1133 1631 magniﬁcatus
1181 1578 1334 1627 sum,
1367 1564 1426 1617 et
1472 1559 1658 1632 adjeci
1690 1557 2038 1630 sapientiam

395 1660 575 1717 super
604 1663 828 1718 omnes,
861 1649 962 1720 qui
995 1649 1229 1705 fuerunt
1267 1654 1401 1705 ante
1449 1665 1543 1703 me
1590 1649 1649 1703 in
1686 1645 2039 1714 Jerusalem,

398 1736 457 1788 et
485 1750 584 1789 cor
612 1751 810 1792 meum
854 1738 999 1793 vidit
1052 1738 1299 1794 multam
1357 1737 1707 1810 sapientiam
1754 1740 1812 1792 et
1852 1735 2039 1790 scien-

397 1819 619 1878 tiam.»
655 1824 983 1897 Sapientior
1039 1827 1150 1882 fuit
1202 1826 1498 1896 Salomon,
1551 1842 1665 1881 non
1722 1824 2039 1891 Abraham,

407 1912 465 1965 et
494 1911 710 1982 Moyse,
744 1918 802 1970 et
830 1915 1050 1971 caeteris
1107 1915 1349 1981 sanctis,
1384 1915 1483 1969 sed
1526 1913 1619 1969 his
1663 1913 1761 1985 qui
1814 1913 2050 1967 fuerunt

408 2004 543 2055 ante
589 2018 653 2057 se
691 2002 751 2057 in
800 2003 1145 2059 Jerusalem.
1191 2004 1465 2075 Legimus
1508 2007 1565 2058 et
1610 2002 1669 2056 in
1715 2002 2049 2073 Regnorum

407 2088 595 2158 libris,
626 2090 824 2147 multae
874 2092 1169 2165 sapientiae
1219 2092 1410 2148 fuisse
1464 2091 1860 2156 Salomonem,
1895 2088 2046 2145 395

408 2182 467 2235 et
495 2180 604 2236 hoc
636 2199 670 2237 a
697 2182 813 2238 Deo
838 2182 1057 2237 donum
1089 2199 1203 2253 prae
1234 2181 1455 2237 caeteris
1487 2178 2049 2252 postulasse.Mundi

407 2284 513 2342 ego
542 2270 735 2325 cordis
766 2270 970 2326 oculus
1003 2269 1247 2325 multam
1281 2269 1629 2341 sapientiam
1658 2274 1714 2323 et
1748 2266 2050 2322 scientiam

408 2362 754 2429 contuetur;
789 2359 928 2431 quia
972 2376 1086 2416 non
1131 2359 1257 2415 ait:
1303 2357 1549 2413 multam
1599 2357 1945 2429 sapientiam
1995 2358 2053 2409 et

411 2447 717 2505 scientiam
750 2465 883 2504 sum
939 2448 1172 2505 locutus
1198 2466 1209 2514 ;
1238 2448 1360 2513 sed,
1404 2445 1649 2501 multam
1700 2444 2050 2517 sapientiam

409 2539 467 2592 et
497 2537 805 2593 scientiam
833 2538 980 2593 vidit
1010 2555 1107 2594 cor
1137 2554 1357 2593 meum.
1390 2537 1515 2591 Non
1547 2535 1704 2591 enim
1735 2550 2053 2607 possumus

411 2623 605 2696 eloqui
637 2626 836 2682 omnia
862 2643 987 2698 quae
1010 2625 1321 2682 sentimus.

490 2733 518 2763 ‹‹
548 2714 619 2769 Et
646 2715 778 2770 dedi
808 2731 908 2770 cor
937 2731 1155 2782 meum,
1189 2718 1254 2769 ut
1293 2728 1527 2769 nossem
1587 2712 1938 2783 sapientiam
1998 2714 2055 2765 et

413 2801 741 2870 scientiam,
773 2818 998 2858 errores
1032 2806 1089 2857 et
1118 2801 1427 2858 stultitiam
1462 2818 1475 2855 :
1510 2801 1751 2872 cognovi
1808 2800 1948 2870 quia
2001 2803 2057 2854 et

412 2889 521 2945 hoc
549 2893 640 2946 est
678 2890 864 2963 pastio
893 2890 1071 2959 venti,
1114 2891 1233 2946 sive
1292 2889 1668 2961 praesumptio
1720 2888 1981 2960 spiritus.
2027 2912 2048 2939 ι

412 2978 731 3035 Contrariis
805 2980 1094 3035 contraria
1166 2978 1590 3050 intelliguntur.
1641 2978 1706 3032 Et
1772 2976 2058 3047 sapientia

412 3068 605 3140 prima
633 3072 740 3137 est,
766 3068 1018 3125 stultitia
1047 3068 1327 3123 caruisse.
1348 3066 1606 3122 Stultitia
1635 3070 1829 3121 autem
1863 3081 2057 3120 carere

413 3172 528 3212 non
561 3161 771 3229 potest,
805 3156 917 3214 nisi
951 3156 1051 3228 qui
1080 3155 1430 3211 intellexerit
1459 3170 1606 3209 eam.
1641 3154 1807 3208 Unde
1835 3157 1892 3208 et
1932 3151 2059 3223 plu-

2140 577 2304 643 tia'm,
2338 593 2442 631 nec
2469 576 2550 632 ita
2578 594 2639 632 se
2671 577 2923 649 praebere
2954 576 3271 643 mentibus,
3289 579 3354 630 ut
3383 573 3582 629 lumen
3598 572 3791 642 visuig;

2143 667 2243 721 sed
2284 682 2386 737 per
2415 671 2706 721 tormenta
2738 666 3025 738 quaedam,
3060 668 3114 720 et
3158 663 3590 719 intolerandum
3622 660 3794 719 labo-

2144 770 2288 821 rem,
2314 755 2443 826 jugi
2479 754 2853 810 meditatione
2879 759 2935 809 ct
2965 754 3160 809 studio
3191 752 3513 824 provenire.

2215 843 2376 914 (Cap.
2412 843 2505 913 ΙΙ.)
2538 866 2565 892 ‹‹
2599 843 2723 897 Dixi
2782 859 2886 914 ego
2939 842 2998 897 in
3032 842 3199 896 corde
3231 856 3359 896 meo
3394 858 3406 896 :
3439 839 3581 896 Veni
3611 854 3791 909 nunc,

2144 933 2381 987 tentabo
2431 936 2484 986 te
2528 931 2586 986 in
2636 930 2856 1001 laetitia,
2891 936 2946 987 et
2996 930 3202 985 videbo
3236 930 3296 984 in
3341 930 3492 985 bono
3526 945 3539 984 :
3572 933 3631 984 et
3657 945 3794 985 ecce

2146 1021 2322 1076 etiam
2382 1020 2490 1075 hoc
2547 1021 2857 1076 vanitas.»
2919 1021 3235 1091 Postquam
3303 1018 3362 1072 in
3414 1017 3797 1074 multitudine

2146 1109 2441 1181 sapientiae
2473 1114 2531 1164 et
2553 1110 2878 1179 adjectione
2910 1108 3186 1174 scientiae,
3220 1106 3480 1163 laborem
3528 1112 3586 1162 et
3636 1106 3798 1162 dolo-

2148 1214 2272 1253 rem
2303 1214 2432 1253 esse
2460 1197 2837 1270 deprehendi,
2873 1201 2929 1252 et
2981 1195 3126 1251 nihil
3172 1195 3354 1261 aliud,
3388 1196 3501 1251 nisi
3556 1210 3797 1251 cassum

2148 1292 2201 1342 et
2233 1287 2358 1342 sine
2390 1287 2503 1342 ﬁne
2534 1292 2850 1353 certamen,
2884 1283 3162 1341 transtuli
3192 1300 3286 1341 me
3316 1284 3385 1340 ad
3417 1283 3698 1354 laetitiam,
3731 1289 3797 1338 ut

2150 1375 2289 1431 luxu
2338 1376 2602 1441 ﬂuerem,
2653 1391 3065 1447 congregarem
3142 1390 3301 1446 opes,
3351 1374 3504 1430 396
3568 1372 3790 1427 divitiis

2150 1464 2535 1530 abundarem,
2566 1469 2624 1520 et
2653 1464 2945 1536 perituras
2983 1462 3313 1534 voluptates
3369 1476 3660 1533 caperem,
3691 1476 3795 1516 an-

2148 1556 2388 1625 tequam
2422 1569 2698 1608 morerer.
2743 1552 2854 1607 Sed
2886 1556 2944 1606 et
2972 1551 3030 1606 in
3082 1550 3190 1606 hoc
3228 1549 3541 1606 vanitatem
3604 1565 3795 1605 meam

2150 1643 2275 1714 ipse
2308 1642 2595 1714 perspexi,
2627 1642 2766 1697 dum
2801 1640 3091 1710 praeterita
3135 1639 3402 1711 voluptas
3450 1643 3796 1711 praesentem

2149 1748 2265 1787 non
2292 1732 2478 1802 juvat,
2514 1735 2568 1786 et
2600 1730 2886 1786 exhausta
2916 1746 3030 1785 non
3065 1729 3259 1785 satiat.
3290 1728 3416 1783 Non
3448 1728 3640 1784 solum
3689 1744 3798 1783 au-

2153 1826 2273 1875 tem
2334 1819 2654 1892 corporalis
2714 1819 2936 1889 laetitia,
2968 1819 3067 1874 sed
3117 1818 3292 1873 etiam
3349 1816 3674 1889 spiritualis
3711 1820 3803 1872 est

2162 1909 2405 1965 tentatio
2468 1908 2812 1981 possidenti,
2847 1913 2910 1962 ut
2953 1907 3248 1979 indigeam
3313 1905 3655 1978 corripiente
3703 1920 3802 1961 me

2160 1997 2419 2063 stimulo,
2453 2003 2508 2053 et
2539 1997 2743 2068 angelo
2782 1996 3029 2063 Satanae,
3064 1996 3164 2067 qui
3216 2011 3309 2049 me
3356 1993 3688 2067 colaphizet,
3724 2010 3805 2049 ne

2159 2086 2345 2142 elever
2374 2087 2445 2157 (Il
2478 2087 2599 2142 Cor.
2631 2104 2734 2151 xu,
2763 2087 2842 2154 7).
2880 2085 3041 2140 Unde
3089 2088 3146 2140 et
3197 2083 3468 2139 Salomon
3502 2100 3515 2137 :
3546 2084 3803 2149 Divitias,
3830 2142 3840 2147 _

2160 2175 2373 2246 inquit,
2401 2184 2451 2231 et
2495 2179 2871 2247 paupertatem
2920 2192 2988 2228 ne
3038 2173 3247 2229 dederis
3294 2173 3436 2227 mihi
3464 2173 3803 2243 (Prov.xxx,

2159 2267 2213 2331 8)
2249 2282 2261 2318 :
2297 2265 2616 2336 statimque
2642 2263 2905 2320 subdidit
2937 2281 2949 2318 :
2986 2266 3067 2317 Ne
3107 2265 3337 2317 satiatus
3371 2261 3607 2316 mendax
3639 2261 3803 2328 fiam;

2160 2361 2210 2408 et
2230 2353 2430 2419 dicam,
2461 2356 2583 2424 quis
2630 2369 2715 2407 me
2767 2354 3031 2423 conspiczt
3073 2351 3230 2422 (Ibid.
3263 2350 3367 2421 9)?
3397 2348 3697 2421 Siquidem
3750 2352 3809 2403 et

2161 2441 2431 2497 diabolus
2462 2458 2563 2513 per
2582 2442 2871 2496 bonorum
2903 2440 3326 2496 abundantiam
3355 2437 3808 2493 concidit.Unde

2163 2536 2219 2584 et
2262 2532 2321 2585 in
2365 2530 2639 2602 Apostolo
2675 2529 2957 2601 scriptum
2995 2532 3085 2583 est
3117 2546 3129 2583 :
3162 2530 3237 2584 Ne
3261 2531 3322 2583 in
3342 2527 3653 2599 superbiam
3691 2526 3810 2581 eta-

2164 2628 2270 2688 tus,
2296 2623 2357 2675 in
2396 2619 2674 2690 judicium
2713 2618 2922 2673 incidat
2974 2617 3185 2673 diaboli
3230 2617 3279 2685 (I
3324 2618 3458 2673 Tim.
3504 2632 3587 2684 ιιι,
3638 2618 3715 2684 6),
3750 2614 3813 2669 id

2163 2713 2270 2776 est,
2302 2709 2361 2763 in
2388 2708 2500 2763 tale
2522 2707 2838 2779 judicium,
2872 2708 2931 2761 in
2962 2724 3078 2778 quo
3123 2708 3297 2762 etiam
3346 2705 3615 2761 diabolus
3663 2703 3815 2760 inci-

2166 2798 2272 2853 dit.
2308 2798 2417 2852 Sed
2458 2801 2515 2851 et
2558 2797 2668 2851 hoc
2724 2812 3039 2867 possumus
3069 2795 3284 2862 dicere,
3316 2798 3622 2867 propterea
3653 2809 3815 2848 nunc

2167 2884 2428 2940 laetitiam
2480 2883 2875 2956 spiritualem,
2915 2884 3068 2939 sicut
3115 2888 3171 2938 et
3222 2888 3445 2951 caetera,
3499 2882 3818 2938 vanitatem

2168 2974 2557 3046 pronuntiari,
2590 2974 2744 3045 quod
2778 2989 2881 3044 per
2902 2972 3205 3043 speculum
3238 2988 3367 3027 eam
3398 2971 3699 3027 videamus
3759 2977 3820 3026 et

2168 3063 2226 3117 in
2252 3063 2578 3134 aenigmate.
2620 3063 2765 3118 Cum
2825 3066 3023 3117 autem
3068 3061 3214 3116 facie
3263 3062 3334 3116 ad
3385 3059 3589 3116 faciem
3640 3059 3821 3114 fuerit

2170 3150 2437 3217 revelata,
2487 3155 2625 3205 tunc
2700 3167 2826 3207 eam
2894 3166 3265 3221 nequaquam
3297 3196 3303 3205 .
3332 3148 3667 3216 vanitatem,
3708 3147 3815 3203 sed

410 3228 651 3301 rimaiin
683 3247 859 3302 rebus
889 3246 1062 3301 noxia
1091 3249 1233 3299 sunt
1260 3248 1475 3311 creata,
1517 3247 1581 3297 ut
1612 3244 1752 3297 dum
1801 3242 2055 3295 vitamus
2085 3228 2129 3295 C
2164 3242 2468 3297 veritatem
2509 3240 2724 3296 vocari.

411 3351 501 3400 ea,
531 3334 604 3390 ad
637 3334 984 3408 sapientiam
1012 3333 1370 3389 erudiamur.
1403 3330 1667 3403 xEqualis
1710 3334 1846 3402 ergo
1878 3328 2052 3385 studii

368 3442 393 3469 ο
414 3421 528 3481 fuit
557 3421 855 3477 Salomoni
906 3421 1052 3477 scire
1103 3421 1447 3493 sapientiam
1493 3425 1553 3475 et
1582 3419 1909 3486 scientiam,
1942 3423 1997 3472 et
2027 3434 2056 3472 e

418 3510 654 3581 regione
685 3526 910 3567 errores
940 3515 996 3565 et
1026 3509 1363 3565 stultitiam:
1386 3509 1529 3564 utin
1560 3507 1691 3563 aliis
1713 3506 2057 3579 appetendis

417 3604 475 3654 et
503 3598 635 3655 aliis
664 3599 1195 3666 declinandis,vera
1224 3598 1352 3668 ejus
1382 3596 1669 3668 sapientia
1691 3596 2053 3666 probaretur.

414 3689 526 3745 Sed
586 3687 645 3744 in
702 3688 812 3743 hoc
865 3703 1119 3760 quoque,
1153 3690 1218 3741 ut
1271 3686 1331 3740 in
1362 3685 1603 3750 caeteris,
1639 3683 1781 3738 dicit
1826 3682 2055 3754 pavisse

412 3794 477 3835 se
500 3782 720 3846 ventos,
754 3781 812 3833 et
854 3794 970 3832 non
1015 3775 1269 3831 valuisse
1314 3774 1629 3844 perfectam
1674 3772 2052 3843 comprehen-

411 3866 547 3923 dere
607 3867 935 3923 veritatem.
998 3870 1072 3919 l)e
1125 3861 1578 3936 praesumptione
1635 3860 1898 3931 spiritus,
1934 3860 2055 3915 sive

410 3955 675 4027 pastione
703 3955 880 4020 venti,
913 3971 1040 4025 quae
1072 3952 1286 4023 saepius
1317 3952 1332 3985 ¹
1366 3951 1424 4005 in
1464 3949 1575 4004 hoc
1618 3948 1767 4004 libro
1817 3948 2052 4017 dicitur,

410 4060 590 4115 supra
614 4041 964 4098 disseruisse
995 4041 1270 4097 sufficiat.

482 4154 512 4183 ‹‹
542 4131 687 4195 Quia
713 4131 775 4184 in
817 4130 1193 4186 multitudine
1242 4128 1562 4201 sapientiae,
1595 4126 1909 4183 multitudo
1968 4130 2052 4183 fu-

409 4218 558 4275 roris
593 4236 605 4273 :
631 4224 688 4275 et
718 4219 819 4290 qui
845 4218 1087 4290 apponit
1116 4217 1695 4289 scientiam,apponit
1723 4216 2048 4272 dolorem.»

408 4310 637 4374 Quanto
667 4306 854 4379 magis
898 4306 1033 4377 quis
1069 4306 1411 4378 sapientiam
1459 4306 1631 4361 fuerit
1678 4309 2049 4373 consecutus,

407 4401 569 4452 tanto
616 4396 749 4469 plus
797 4396 1137 4468 indignatur
1185 4395 1483 4465 subjacere
1530 4395 1706 4461 vitiis,
1741 4398 1797 4448 et
1847 4394 2047 4465 procul

405 4503 534 4543 esse
566 4504 599 4542 a
626 4486 965 4554 virtutibus,
1000 4502 1146 4557 quas
1197 4484 1441 4555 requirit
1495 4484 1652 4555 (Sap.
1687 4500 1765 4550 v1,
1795 4485 1872 4551 7).
1904 4484 2050 4546 Quia

405 4580 600 4632 autem
654 4579 917 4647 potenter
965 4577 1256 4630 tormenta
1302 4573 1618 4645 patientur,
1659 4571 1871 4642 cuique
1913 4570 2046 4642 plus
2079 4593 2123 4660 D

401 4665 678 4728 creditur,
723 4664 858 4736 plus
907 4662 1158 4734 exigitur
1203 4662 1275 4717 ab
1323 4678 1412 4727 eo,
1456 4664 1762 4731 propterea
1808 4661 2046 4731 apponit

400 4753 683 4821 dolorem,
726 4751 1118 4825 quiaapponit
1164 4750 1489 4815 scientiam,
1537 4752 1594 4802 et
1656 4749 2043 4803 contristatur

399 4859 645 4899 maerore
671 4841 994 4896 secundum
1035 4845 1241 4905 Deum,
1276 4837 1547 4908 doletque
1590 4853 1768 4909 super
1813 4836 2043 4893 delictis

398 4931 545 4987 suis.
578 4929 739 4986 Unde
768 4928 1167 4999 et‘Apostolus
1199 4926 1281 4981 ait
1313 4942 1325 4980 :
1360 4928 1424 4980 Et
1462 4927 1584 4996 quis
1617 4935 1715 4995 est,
1748 4928 1845 4997 qui
1894 4926 2039 4981 laeti-

395 5019 527 5090 ﬁcat
554 5036 658 5087 me,
692 5019 805 5074 nisi
832 5019 928 5091 qui
968 5017 1324 5073 contristatur
1368 5030 1437 5069 ea:
1472 5030 1559 5069 me
1588 5016 1666 5087 (II
1695 5017 1815 5070 Cor.
1849 5032 1912 5081 ιι,
1936 5016 1989 5086 2)
2012 5016 2039 5070 ?

395 5106 517 5164 Nisi
549 5108 697 5163 forte
728 5111 785 5162 et
830 5107 938 5162 hoc
987 5104 1455 5176 intelligendum,
1489 5105 1644 5175 quod
1688 5104 1923 5176 sapiens
1954 5104 2041 5158 vir

459 5232 474 5265 ¹
507 5233 650 5286 Tres
684 5248 851 5298 mss.,
880 5234 1011 5304 quia
1034 5232 1261 5302 saepius,
1294 5234 1403 5284 etc.

459 5312 481 5345 ³
508 5311 725 5365 Vitiose
757 5311 893 5366 olim
919 5311 1079 5375 editi,
1114 5327 1279 5381 quam
1310 5312 1366 5363 in
1398 5308 1695 5380 profundo.

459 5414 526 5421 -—
558 5383 681 5435 Tam
720 5385 777 5435 in
827 5384 1012 5437 abdito
1064 5380 1434 5451 clima/anile.
1485 5386 1667 5434 Antea
1707 5380 2032 5450 legebatur,

388 5454 513 5506 Tam
545 5454 600 5507 in
635 5454 814 5507 «(alito
846 5472 1010 5523 quam
1070 5456 1124 5506 in
1162 5454 1433 5524 pro/mulo
1484 5454 1653 5505 latere
1682 5454 2031 5520 sapientiam.

385 5526 672 5577 MARTIAN.

455 5596 477 5628 ³
503 5598 685 5649 Antea
712 5596 987 5651 mendose
1018 5599 1159 5661 erat,
1194 5596 1679 5664 circum/creatur.

454 5676 475 5707 ’⁸
499 5674 853 5731 Cousidcravi
882 5677 937 5729 in
963 5674 1119 5729 corale
1149 5691 1283 5727 mro.
1321 5676 1424 5728 Ms.
1472 5673 1855 5729 Corbeiensis.
1894 5675 2029 5729 Con.-

381 5745 620 5805 sideravi
649 5748 707 5803 in
765 5761 871 5818 me,
905 5748 956 5800 et
979 5760 1070 5802 cor
1100 5761 1279 5803 meum
1304 5746 1533 5802 deduxit
1561 5762 1673 5817 me,
1703 5748 1812 5803 etc.
1845 5745 2031 5804 Omit-

2244 3352 2263 3378 α
2293 3329 2457 3385 Risui
2490 3329 2608 3384 dixi
2639 3329 2978 3395 amentiam,
3008 3333 3066 3384 et
3095 3326 3475 3398 jucunditati,
3508 3325 3646 3398 quid
3702 3324 3812 3380 hoc

2167 3418 2353 3473 facis?
2402 3441 2430 3466 »
2463 3418 2572 3473 Ubi
2626 3435 2732 3473 nos
2782 3420 3103 3485 minantium
3148 3416 3420 3489 legimus,
3471 3416 3530 3471 in
3574 3415 3812 3472 Hebraeo

2167 3506 2342 3562 habet
2400 3524 2588 3561 MOLAL
2643 3492 2876 3577 (551.172)
2927 3505 3080 3577 quod
3146 3503 3357 3576 Aquila
3403 3500 3697 3572 πλάνησιν,
3748 3504 3810 3558 id

2165 3599 2272 3663 est,
2306 3611 2564 3664 errorem,
2599 3595 2987 3666 Symmachus
3010 3586 3262 3667 Θόρυϐον,
3294 3592 3403 3648 hoc
3457 3597 3563 3659 est,
3598 3593 3811 3647 tumul-

2164 3692 2299 3750 tum,
2332 3682 2695 3754 interpretati
2745 3688 2901 3738 sunt.
2937 3682 3316 3753 Septuaginta
3360 3696 3492 3736 vero
3533 3684 3588 3735 et
3624 3680 3811 3736 Theo-

2165 3772 2341 3842 dotio,
2367 3772 2521 3827 sicut
2551 3772 2610 3826 in
2642 3771 2911 3843 pluribus
2941 3771 3106 3839 locis,
3135 3770 3213 3825 ita
3247 3774 3305 3824 et
3347 3769 3406 3824 in
3436 3769 3543 3826 hoc
3575 3782 3811 3841 quoque

2163 3861 2537 3926 concordant,
2570 3865 2628 3916 et
2657 3860 3085 3915 transtulerunt
3113 3858 3433 3934 περιφορὰν,
3456 3874 3633 3930 quam
3667 3874 3802 3926 nos,

2161 3950 2401 4004 verbum
2463 3950 2534 4004 de
2615 3950 2789 4004 verbo
2855 3949 3267 4020 exprimentes,
3342 3948 3809 4003 circuthin

2162 4055 2479 4111 possumus
2520 4038 2729 4096 dicere.
2764 4038 3064 4103 Quomodo
3096 4038 3275 4109 igitur
3304 4037 3384 4103 hi,
3415 4037 3514 4108 qui
3563 4036 3811 4093 circum-

2162 4129 2475 4184 feruntur3
2516 4129 2675 4183 omni
2724 4132 2893 4183 vento
2946 4127 3244 4193 doctrinae,
3296 4125 3594 4182 instabiles
3642 4130 3803 4194 sunt,

2160 4223 2218 4273 et
2247 4219 2306 4272 in
2339 4218 2567 4272 diversa
2599 4218 2887 4271 fluctuant
2911 4216 3127 4287 (Ep/tes.
3160 4231 3239 4282 ιν,
3282 4216 3367 4284 lli)
3400 4233 3412 4271 :
3443 4214 3523 4269 sic
3553 4212 3653 4284 qui
3703 4213 3803 4269 illo

2159 4307 2282 4363 risu
2314 4306 2687 4371 cachinnant,
2721 4321 2894 4376 quem
2922 4305 3205 4360 Dominus
3239 4306 3294 4359 in
3318 4301 3800 4374 Evangelio(Luc.

2157 4413 2233 4463 va,
2266 4398 2356 4467 25)
2393 4396 2529 4450 fletu
2581 4395 2721 4449 dicit
2772 4395 3145 4462 mutandum,
3196 4410 3388 4449 errore
3451 4390 3645 4447 saeculi
3702 4409 3801 4448 ra-

2157 4488 2395 4556 ptantur
2423 4488 2480 4538 et
2499 4484 2751 4549 turbine,
2785 4500 2900 4538 non
2933 4482 3324 4553 intelligentes
3348 4481 3577 4537 ruinam
3606 4496 3803 4552 pecca-

2155 4578 2348 4628 torum
2380 4588 2646 4639 suorum,
2674 4588 2865 4643 neque
2898 4572 3189 4643 praeterita
3235 4570 3373 4625 vitia
3412 4569 3753 4642 plangentes
3782 4587 3798 4637 ;

2156 4662 2257 4717 sed
2288 4665 2559 4733 putantes
2587 4661 2783 4716 brevia
2810 4661 2962 4716 bona
3010 4677 3137 4716 csse
3180 4663 3478 4731 perpetua,
3510 4663 3567 4714 et
3610 4657 3668 4712 in
3709 4656 3803 4713 his

2153 4750 2532 4819 exsultantes,
2567 4767 2690 4821 quae
2724 4750 2912 4822 magis
2944 4750 3122 4822 digna
3152 4755 3293 4805 sunt
3318 4750 3576 4821 planctu.
3606 4748 3803 4805 Potest

2152 4838 2261 4895 hoc
2293 4844 2350 4893 et
2378 4839 2448 4894 de
2480 4838 2767 4894 haereticis
2816 4839 3026 4911 accipi,
3057 4840 3159 4911 qui
3208 4838 3374 4895 falsis
3424 4838 3801 4910 dogmatibus

2151 4930 2613 5001 acquiescentes,
2645 4928 2776 4984 laeta
2812 4928 2923 4984 sibi
2963 4932 3020 4984 et
3056 4945 3335 5000 prospera
3364 4927 3798 5000 repromittunt.

2226 5040 2252 5068 «
2288 5018 2660 5073 Consideravi
2726 5018 2786 5072 in
2835 5018 3008 5073 corde
3053 5034 3179 5073 meo
3225 5019 3266 5085 ‘,
3301 5022 3365 5073 ut
3414 5015 3707 5073 traherem
3737 5016 3797 5072 in

2147 5107 2280 5162 vino
2328 5123 2559 5163 carnem
2610 5122 2821 5175 meam,
2871 5111 2927 5161 et
2970 5124 3069 5162 cor
3110 5124 3307 5163 meum
3346 5105 3585 5162 deduxit
3614 5121 3707 5161 me
3736 5106 3793 5160 in

2092 5214 2104 5224 ’
2148 5236 2281 5286 tunt
2317 5231 2545 5302 figitur,
2601 5233 2664 5287 (Tt
2709 5232 2983 5286 traherem
3028 5232 3094 5284 iit
3136 5232 3262 5285 uino
3317 5245 3540 5286 carnem
3595 5245 3792 5284 inetiam.

2148 5301 2433 5374 Supplent
2478 5319 2611 5357 vero
2662 5318 2899 5355 sensum
2933 5318 3107 5373 quem
3136 5302 3276 5357 editi
3328 5302 3459 5356 libri
3509 5304 3792 5367 evertunt,

2149 5373 2405 5443 legentes
2472 5378 2894 5443 consequenter
2945 5390 2956 5427 :
3015 5375 3076 5429 Ut
3128 5375 3427 5428 obtinerem
3476 5373 3794 5438 stultitiam,

2148 5463 2249 5516 pro
2280 5455 2331 5498 ct
2361 5450 2419 5499 ut
2452 5448 2749 5498 obtincrcm
2784 5446 2838 5497 in
2894 5445 3206 5499 stultitiam.
3243 5446 3386 5499 Nam
3445 5444 3503 5497 in
3560 5444 3793 5498 Hebraeo

2150 5539 2238 5589 est
2269 5518 2488 5594 11.25231
2521 5519 2717 5599 mam,
2750 5533 3006 5587 1’(’(C]tlt05
3047 5533 3369 5597 llesiclzluth,
3404 5532 3459 5586 id
3492 5535 3599 5597 est,
3632 5532 3695 5585 Et
3727 5530 3795 5585 ad

2143 5604 2657 5676 apprelzenitendum
2705 5605 2765 5657 in
2811 5606 3129 5674 stultitiam,
3162 5605 3279 5661 sive
3324 5604 3405 5660 Ad
3443 5603 3795 5659 obtinendum

2138 5679 2515 5747 principatum
2546 5681 2603 5732 in
2635 5676 2955 5731 stultitiam.
