3992 6404
185 370 340 445 1οπ

1189 372 1818 440 COMMENTARIUS
1862 374 1940 439 IN
1981 370 2583 443 ECCLESIASTEN.

3430 366 3591 441 1078

183 513 549 588 sapientiam,
582 512 642 569 et
688 514 755 569 ut
795 508 1119 568 obtinerem
1162 508 1223 567 in
1273 510 1609 579 stultitiam,
1641 511 1823 566 donec
1852 514 1906 577 Α
1936 513 2037 569 sed
2069 516 2285 585 quanto
2314 513 2430 570 ista
2457 513 2816 585 crescebant,
2843 512 3009 572 tanto
3040 509 3328 588 sapientia
3364 512 3583 573 deerat;

180 604 435 659 viderem
465 601 605 673 quid
638 606 792 657 esset
836 601 1054 657 bonum
1090 601 1100 633 ¹
1138 599 1276 656 [iliis
1306 600 1638 667 hominum,
1671 601 1826 672 quod

180 694 434 750 facerent
466 691 576 748 sub
611 691 732 746 sole
766 707 1010 746 numero
1070 690 1304 745 dierum
1336 691 1464 744 vitae
1493 707 1632 745 suae.
1661 712 1689 739 »
1723 689 1829 746 Vo-

182 780 263 837 lui
292 779 473 835 vitam
505 779 735 834 tradere
766 780 787 812 ²
816 780 963 835 397
1002 777 1251 845 deliciis,
1281 782 1339 833 et
1368 794 1601 833 carnem
1635 795 1826 833 meam

185 869 257 926 ab
304 867 579 924 omnibus
610 867 767 922 curis
820 866 1090 932 liberare,
1123 872 1181 922 et
1229 866 1397 939 quasi
1429 867 1580 934 vino,
1616 868 1699 922 sic
1738 884 1829 922 vo-

176 956 398 1031 luptate
427 954 656 1028 sopire;
690 956 791 1011 sed
839 953 1114 1027 cogitatio
1146 971 1293 1025 mea,
1327 960 1384 1011 et
1415 956 1559 1011 ratio
1590 960 1826 1011 natura-

174 1046 451 1120 lis,quam
482 1045 660 1103 etiam
690 1044 1095 1117 peccatoribus
1124 1045 1277 1100 Deus
1326 1051 1531 1101 auctor
1560 1046 1825 1114 inseruit,

177 1140 542 1192 retraxerunt
587 1151 701 1200 me,
733 1138 793 1190 et
836 1134 1206 1189 deduxerunt
1236 1135 1308 1190 ad
1338 1134 1684 1206 sapientiam
1740 1152 1829 1190 re-

177 1224 526 1296 quirendam
579 1222 1015 1293 stultitiamque
1069 1222 1430 1293 calcandam,
1465 1228 1529 1278 ut
1572 1224 1827 1279 viderem

177 1313 461 1387 quidnam
506 1312 653 1369 illud
710 1318 864 1368 esset
894 1312 1053 1380 boni,
1083 1313 1237 1383 quod
1289 1312 1555 1369 homines
1592 1314 1654 1368 in
1701 1313 1827 1368 vitae

174 1420 292 1458 sure
349 1405 599 1474 possunt
676 1418 847 1473 agere
904 1400 1213 1457 curriculo.
1269 1402 1572 1472 Eleganter
1630 1406 1827 1457 autem

171 1490 533 1564 voluptatem
557 1490 824 1546 ebrietati
856 1490 1233 1562 comparavit.
1255 1489 1554 1563 Siquidem
1579 1490 1827 1546 ebrietas

170 1579 379 1635 evertit
406 1579 589 1634 animi
621 1579 894 1650 vigorem,
928 1596 1105 1651 quam
1132 1579 1231 1652 qui
1263 1580 1518 1651 potuerit
1541 1579 1828 1653 sapientia

172 1672 648 1736 commutare,-et
700 1667 876 1738 (utin
908 1668 1261 1740 quibusdam
1313 1670 1612 1725 codicibus
1650 1669 1826 1725 habe-

172 1758 293 1829 tur)
324 1757 569 1813 obtinere
618 1758 872 1812 lwtz’tiam
919 1757 1287 1829 spiritualem
1323 1759 1383 1826 3;
1416 1759 1467 1813 is
1515 1758 1726 1830 poterit
1754 1759 1825 1813 ad

171 1846 480 1902 scientiam
531 1844 611 1902 rei
664 1845 839 1902 istius
888 1846 1211 1918 pervenire,
1254 1847 1396 1919 quid
1446 1849 1505 1902 in
1556 1847 1663 1903 hac
1709 1847 1878 1942 vitaB

167 1935 566 2008 appetendum
599 1934 696 1999 sit,
729 1934 869 2008 quid
900 1934 1228 1991 vitandum.

239 2047 267 2074 ‹‹
303 2023 673 2096 Magnificavi
695 2041 872 2097 opera
894 2040 1025 2079 mea
1054 2043 1067 2080 :
1099 2025 1379 2080 aediﬁcavi
1404 2024 1548 2080 mihi
1579 2026 1785 2080 domos
1811 2041 1825 2079 :

167 2111 428 2184 plantavi
481 2111 626 2167 mihi
656 2113 856 2168 vineas
885 2114 927 2180 ⁴,
967 2135 987 2163 ι
1025 2116 1081 2168 et
1110 2118 1316 2168 caetera
1347 2130 1536 2185 usque
1585 2114 1657 2170 ad
1689 2131 1825 2170 eum

164 2200 384 2268 locum,
418 2201 477 2256 in
536 2217 651 2273 quo
694 2201 777 2257 ait
820 2218 834 2270 ;
887 2224 914 2251 «
972 2202 1266 2274 Sapientis
1324 2202 1476 2258 oculi
1526 2203 1585 2257 in
1641 2202 1830 2275 capite

162 2291 315 2361 ejus,
353 2298 409 2346 et
450 2290 669 2346 stultus
716 2290 774 2345 in
810 2291 1065 2347 tenebris
1119 2292 1401 2347 ambulat.
1437 2314 1464 2341 »
1497 2296 1829 2363 Antequam

163 2379 234 2434 de
293 2377 549 2451 singulis
617 2378 926 2447 disseram,
986 2380 1219 2435 videtur
1276 2379 1422 2435 mihi
1479 2379 1619 2435 utile
1672 2382 1831 2442 brevi

163 2472 378 2523 cuncta
408 2484 680 2523 sermone
711 2468 1231 2540 comprehendere,
1264 2474 1323 2524 et
1354 2470 1521 2541 quasi
1554 2471 1614 2524 in
1644 2485 1829 2524 unum

165 2573 382 2628 corpus
404 2572 650 2613 sensum
683 2557 967 2629 redigere,
992 2558 1303 2630 utpossint
1327 2558 1557 2615 facilius
1582 2555 1831 2631 intelligi

168 2662 296 2718 quas
356 2646 658 2701 dicuntur.
712 2646 924 2702 Omnia
983 2664 1110 2719 quae
1167 2650 1453 2718 putantur
1502 2647 1559 2702 in
1620 2646 1831 2703 saeculo

165 2735 340 2805 bona,
396 2734 571 2807 quasi
600 2752 699 2790 rex
753 2740 809 2790 et
848 2740 1058 2807 potens
1106 2736 1308 2791 habui.
1338 2736 1636 2793 1Ediﬁcavi
1684 2736 1828 2791 mihi

165 2824 225 2880 in
256 2822 562 2881 excelsum
594 2822 830 2895 palatia,
864 2825 1085 2880 vitibus
1117 2822 1347 2882 montes
1375 2824 1666 2896 collesque
1699 2842 1830 2881 con-

168 2913 309 2969 seri.
367 2916 440 2968 Et
505 2929 577 2967 ne
627 2913 766 2985 quid
797 2914 1027 2969 deesset
1058 2915 1131 2969 ad
1178 2913 1403 2981 luxum,
1436 2914 1636 2970 hortos
1684 2914 1828 2969 mihi

165 3001 553 3074 pomariaque
598 2999 877 3073 plantavi,
909 3001 1169 3058 diversas
1221 3004 1457 3058 arbores
1487 3003 1824 3073 instituens,

165 3108 314 3164 quas
335 3089 597 3147 collectae
619 3088 679 3145 in
703 3090 959 3161 piscinas
982 3107 1144 3163 aqua:
1175 3092 1195 3125 ⁵
1217 3092 1469 3163 desuper
1493 3094 1823 3164 irrigarent,

164 3184 229 3236 ut
257 3179 501 3252 longius
539 3179 694 3233 viror
722 3181 742 3213 δ
774 3179 1019 3235 humore
1066 3180 1292 3253 perpeti
1319 3182 1665 3236 nutriretur.
1694 3182 1823 3236 Ser-

102 3281 108 3287 ’
163 3285 369 3324 vorum
404 3283 645 3341 quoque
676 3268 796 3323 sive
843 3274 1178 3341 emptorum
1209 3270 1328 3325 sive
1374 3269 1822 3325 vernaculorum
1855 3247 1897 3312 C

165 3356 275 3413 iuit
330 3356 794 3413 innumerabilis
862 3357 1199 3426 multitudo,
1258 3362 1315 3414 et
1374 3359 1822 3430 quadrupedum

164 3460 372 3519 greges
420 3444 621 3513 multi,
697 3446 876 3501 boum
930 3446 1149 3502 scilicet
1177 3450 1235 3502 et
1286 3447 1505 3517 ovium,
1536 3451 1824 3518 quantum

166 3534 369 3591 nullus
439 3538 583 3590 ante
616 3551 708 3589 me
755 3551 856 3590 rex
895 3534 1102 3591 habuit
1147 3536 1205 3591 in
1252 3536 1599 3592 Jerusalem.
1627 3537 1738 3591 Sed
1770 3540 1827 3591 et

162 3624 428 3681 thesauri
482 3623 711 3696 argenti
742 3628 799 3678 et
845 3624 971 3680 auri
1006 3623 1464 3680 innumerabiles
1492 3625 1826 3681 condeban-

164 3716 281 3782 tur,
314 3730 470 3785 quos
505 3711 652 3767 mihi
681 3712 1045 3768 diversorum
1094 3729 1298 3785 regum
1332 3730 1571 3770 munera
1601 3717 1658 3769 et
1687 3730 1825 3785 gen-

165 3804 315 3860 tium
344 3802 579 3859 tributa
601 3801 987 3857 contulerant.
1011 3801 1176 3858 Unde
1205 3807 1261 3857 et
1281 3802 1509 3870 accidit,
1535 3807 1599 3857 ut
1630 3803 1829 3858 nimiis

166 3891 381 3965 opibus
426 3892 507 3946 ad
560 3891 814 3961 majores
863 3889 1103 3946 delicias
1156 3907 1517 3962 provocarer,
1550 3896 1607 3948 et
1654 3891 1831 3947 musi-

165 3997 371 4038 carum
412 3977 636 4036 artium
667 3979 849 4050 chori,
885 3979 1027 4034 mihi
1079 3979 1244 4045 tibia,
1275 3980 1421 4052 lyra,
1452 3996 1589 4036 voce
1639 3980 1830 4036 conci-

167 4073 376 4128 nerent
406 4070 429 4103 ⁷
461 4071 525 4124 et
554 4072 803 4139 uterque
834 4085 1007 4125 sexus
1037 4068 1096 4124 in
1120 4069 1397 4125 conviviis
1433 4068 1829 4125 ministraret:

240 4213 257 4247 ¹
288 4210 535 4283 Nostris
564 4226 733 4276 mss.,
766 4209 908 4283 quid
940 4214 1095 4266 esset
1125 4211 1269 4266 boui.
1303 4211 1586 4283 ΜΑΜΙΑΝ.

237 4283 261 4319 ⁸
319 4282 515 4339 Iidem
577 4299 745 4350 mss.,
811 4283 965 4338 Volui
1020 4284 1191 4337 vitam
1235 4284 1452 4339 trahere
1498 4282 1730 4351 deliciis,
1787 4288 1837 4339 et

167 4371 409 4412 carnem
470 4368 657 4413 meam
714 4355 783 4409 ab
856 4354 1109 4408 omnibus
1164 4357 1314 4409 curis
1371 4355 1622 4423 liberam,
1682 4356 1840 4425 quasi

171 4430 323 4484 vino.
359 4430 475 4481 etc.

240 4469 583 4554 illudilium
611 4496 979 4567 spiritualem.
1024 4495 1253 4551 Omissa
1299 4511 1530 4567 quoque
1576 4496 1683 4551 hoc
1715 4496 1839 4552 loco

170 4571 231 4626 in
277 4568 461 4626 editis
521 4566 650 4624 duo
688 4566 886 4622 isthrec
933 4567 1128 4638 verba,
1167 4566 1836 4638 la’titiam’spiritualem,

171 4641 377 4698 sensui
428 4639 750 4711 Scriptura;
803 4655 869 4711 ac
923 4637 1256 4711 Hieronymi
1306 4637 1690 4711 observationi
1742 4656 1841 4695 no-

171 4717 325 4771 ctem
359 4709 775 4768 effundebant.
809 4710 973 4765 Nunc
1002 4709 1401 4765 vero’lucidus
1450 4715 1625 4781 atque
1658 4710 1845 4766 facilis

173 4784 448 4871 {emanet
498 4781 857 4871 iptellectu's'
889 4781 1067 4849 hujus
1115 4781 1259 4847 loci;
1294 4781 1434 4871 quia
1477 4781 1843 4871 exploratum

174 4857 476 4939 habemus
528 4853 742 4939 legisse
792 4851 1211 4939 Ilieronympm
1264 4851 1417 4939 apud
1477 4851 1846 4939 LXX‘Inter-

174 4932 418 5001 pretesx
462 4928 554 4976 καὶ
590 4922 697 5001 ξιξ)ῠῂ
751 4922 1115 5001 κρατῆσαίξῇ
1158 4922 1427 5001 ἀφρρύνμγ,
1486 4928 1537 4979 ει
1594 4927 1671 5001 τις⁸
1704 4926 1847 5001 qui-

174 4995 367 5056 iterem
395 4999 463 5055 in
493 4998 833 5057 stultitiam;
867 5012 1000 5050 cum
1036 4995 1095 5048 in
1146 4995 1500 5066 quibusdam
1547 4995 1847 5051 codicibus

172 5071 509 5128 haberetur
570 5068 644 5116 ἐπ’
695 5066 1025 5132 εὐφροσύνμν,
1086 5067 1148 5119 in
1204 5067 1469 5130 ltelitz'am,
1520 5068 1638 5121 sive
1684 5083 1850 5136 super

176 5144 466 5200 laetitiam.
502 5141 572 5197 Et
601 5141 711 5196 hoc
734 5139 906 5194 modo
938 5136 1190 5209 legimus
1216 5137 1274 5191 in
1296 5136 1550 5192 editione
1566 5137 1851 5193 hodierna

176 5213 323 5270 LXX
355 5212 812 5271 translatorum.
845 5210 1135 5265 Murrum.

249 5316 321 5326 —
352 5288 534 5343 Nunc
585 5299 615 5340 e
666 5281 956 5338 contrario
1006 5296 1123 5334 non
1154 5276 1621 5350 aliisupersunt
1668 5278 1849 5333 Graeci

176 5355 440 5428 codices,
504 5372 682 5428 quam
739 5353 840 5428 qui
898 5353 1177 5428 lartitiarn,
1232 5348 1738 5428 sive'eéepoedvuv_
1775 5350 1849 5405 le.

176 5431 352 5502 gunt,
417 5422 540 5502 pro:
602 5422 907 5502 ᾁφρθεξύνην,
964 5423 1281 5502 stultitiam,
1321 5422 1846 5502 quemadmodum

176 5491 767 5572 Hieronvmianimvi
817 5491 1170 5572 exemplaria
1218 5491 1410 5572 verius
1441 5492 1511 5546 ad
1546 5492 1847 5547 Hebraeum

178 5564 598 5642 praeferebant.
637 5568 793 5624 Infra
839 5564 1055 5621 leviora
1102 5564 1367 5635 qumdam
1401 5579 1431 5617 e
1476 5580 1618 5619 mss.
1652 5580 1848 5618 emcn-

181 5643 620 5789 da‘mi‘dfpressa
647 5708 816 5767 lectio
846 5712 972 5766 erat
997 5706 1140 5764 mihi
1190 5707 1396 5763 vineas.
1432 5706 1601 5780 Usque
1630 5705 1701 5762 ad
1728 5721 1853 5763 eum

1936 602 2081 657 Nam
2096 601 2153 656 in
2170 619 2582 676 quamcunque
2593 602 2946 677 voluptatem
2961 619 3054 660 me
3066 603 3584 677 cupidotraxisset,

1936 690 2181 746 infrenis
2243 692 2466 747 ferebar
2524 697 2579 749 et
2634 709 2915 766 praeceps,
2976 694 3130 750 398
3189 693 3589 765 putabamque

1936 779 2093 835 hunc
2123 796 2250 836 esse
2281 782 2535 837 fructum
2566 781 2834 839 laborum
2865 799 3150 853 meorum,
3184 783 3236 839 si
3264 784 3389 855 ipse
3419 782 3480 838 in
3519 781 3589 838 lia

1936 868 2136 924 bidine
2163 869 2513 943 luxuriaque
2543 888 2937 928 consumerer.
2970 872 3229 928 Tandem
3278 871 3337 927 in
3370 873 3588 928 memet

1937 973 2224 1027 reversus,
2297 963 2354 1015 et
2408 960 2579 1032 quasi
2637 962 2709 1017 de
2787 960 2946 1034 gravi
3005 977 3210 1017 somno
3277 959 3584 1033 evigilans,

1936 1047 2132 1119 aspexi
2164 1048 2235 1103 ad
2270 1049 2375 1119 [Αἰ.
2405 1051 2480 1121 et]
2513 1067 2725 1106 manus
2757 1067 2937 1118 meas,
2965 1054 3023 1105 et
3051 1066 3228 1122 opera
3255 1066 3386 1106 mea
3413 1049 3590 1121 plena

1935 1136 2231 1208 vanitatis,
2265 1136 2438 1209 plena
2469 1139 2754 1207 sordium,
2787 1138 2961 1211 plena
3004 1138 3212 1212 spiritu
3246 1136 3459 1195 erroris
3487 1138 3585 1193 in-

1935 1224 2121 1280 tuitus
2141 1243 2295 1281 sum.
2317 1226 2495 1293 Nihil,
2517 1228 2694 1297 enim,
2715 1229 2869 1300 quod
2893 1228 2954 1284 in
2978 1228 3199 1284 mundo
3218 1228 3539 1300 putabatur
3562 1226 3584 1263 ⁶

1936 1313 2175 1383 bonum,
2234 1314 2452 1371 bonum
2500 1316 2665 1387 potui
2715 1318 2987 1389 reperire.
3035 1317 3334 1389 Reputans
3384 1316 3582 1389 igitur,

1937 1418 2063 1472 quae
2094 1408 2292 1458 essent
2320 1404 2616 1476 sapientiae
2646 1404 2820 1471 bona,
2852 1409 2911 1461 et
2936 1423 3064 1478 quae
3112 1404 3376 1462 stultitiae
3404 1404 3581 1472 mala,

1936 1495 2359 1561 consequenter
2396 1492 2455 1547 in
2507 1492 2737 1549 laudem
2770 1493 2927 1550 illius
2974 1494 3232 1551 hominis
3262 1492 3448 1566 erupi,
3481 1492 3583 1565 qui

1937 1582 2070 1650 post
2096 1579 2238 1635 vitia
2268 1596 2329 1636 se
2358 1581 2679 1650 refrenans,
2711 1581 2990 1638 virtutum
3024 1582 3211 1655 possit
3238 1598 3368 1638 esse
3396 1584 3584 1637 secta-

1936 1672 2047 1722 tor.
2082 1667 2294 1740 Magna
2323 1668 2541 1741 quippe
2587 1669 2871 1725 distantia
2919 1673 3008 1725 est
3039 1670 3191 1726 inter
3234 1669 3583 1742 sapientiam

1937 1758 1993 1811 et
2023 1754 2357 1827 stultitiam,
2390 1761 2447 1813 et
2486 1763 2773 1831 quantum
2803 1758 2927 1813 dies
2956 1757 3134 1814 distat
3161 1775 3195 1813 θ.
3235 1761 3424 1826 nocte,
3456 1760 3584 1812 tan-

1935 1848 2063 1900 tum
2093 1845 2337 1902 virtutes
2368 1864 2403 1902 a
2430 1847 2590 1903 vitiis
2620 1852 2989 1920 separantur.
3020 1846 3266 1902 Videtur
3297 1846 3443 1901 mihi
3473 1845 3585 1901 ita-

1938 1950 2070 2005 que,
2120 1934 2222 2006 qui
2270 1934 2620 2007 sapientiam
2675 1937 2964 2008 sequitur,
3015 1934 3213 1992 oculos
3261 1934 3322 1990 in
3372 1933 3583 1991 coelum

1937 2039 2168 2094 semper
2186 2023 2427 2096 erigere,
2448 2029 2505 2079 et
2521 2024 2582 2079 in
2614 2024 2891 2093 sublime,
2910 2041 2975 2081 os
3002 2024 3218 2081 habere
3232 2027 3583 2094 surrectum,

1936 2128 2139 2183 eaque,
2174 2128 2302 2184 quae
2335 2129 2515 2184 supra
2545 2130 2724 2168 suum
2744 2114 3016 2169 verticem
3049 2116 3205 2183 sunt,
3233 2112 3588 2185 contempla-

1939 2201 2008 2256 ri.
2041 2200 2149 2265 Qui
2192 2217 2325 2256 vero
2373 2201 2633 2257 stultitia:
2681 2207 2740 2258 et
2766 2202 2924 2258 vitiis
2954 2202 3187 2258 deditus
3238 2202 3335 2266 sit,
3364 2201 3585 2257 versari

1937 2290 1998 2345 in
2028 2290 2305 2360 tenebris,
2341 2295 2398 2346 et
2422 2290 2492 2361 {in
2543 2306 2736 2346 rerum
2768 2290 3098 2362 ignorantia
3138 2290 3405 2346 volutari.
3436 2291 3585 2360 Mag-

1937 2380 2163 2452 niﬁcan
2191 2395 2352 2450 opera
2374 2395 2497 2435 mea
2525 2380 2564 2446 θ,
2597 2384 2705 2435 etc.
2741 2379 3075 2452 Magniﬁcat
3118 2395 3292 2451 opera
3320 2394 3447 2447 sua,
3482 2377 3585 2450 qui

1931 2468 2102 2538 juxta
2132 2467 2449 2539 imaginem
2482 2468 2810 2524 Conditoris
2840 2468 2899 2522 in
2947 2484 3203 2540 superna
3232 2466 3581 2522 sustollitur.

1940 2557 2008 2611 Et
2037 2556 2284 2612 aediﬁcat
2336 2557 2561 2625 domos,
2596 2560 2662 2611 ut
2708 2556 2945 2613 veniant
2972 2561 3164 2627 Pater,
3197 2559 3254 2612 et
3296 2554 3497 2622 Filius,
3529 2559 3586 2611 et

1939 2644 2193 2718 Spiritus
2224 2650 2484 2713 sanctus,
2517 2649 2574 2701 et
2612 2645 2877 2701 habitent
2904 2645 2963 2700 in
2996 2645 3102 2701 eis.
3135 2648 3202 2700 Et
3246 2644 3472 2717 plantat
3498 2644 3584 2700 vi-

1940 2750 2103 2803 neas,
2133 2735 2205 2790 ad
2238 2751 2387 2806 quas
2415 2734 2590 2791 Jesus
2619 2733 2759 2809 liget
2784 2734 3009 2791 asinam
3037 2751 3226 2792 suam.

2010 2938 2037 2963 ‹‹
2071 2915 2199 2970 Feci
2232 2914 2377 2970 mihi
2410 2915 2608 2972 hortos
2638 2920 2695 2972 et
2744 2915 3007 2988 pomaria
3040 2933 3053 2971 :
3086 2913 3343 2987 plantavi
3374 2913 3436 2969 in
3467 2912 3585 2968 illis

1937 3000 2159 3074 lignum
2194 3020 2365 3059 omne
2386 3003 2771 3059 fructiferum.
2809 3028 2832 3056 ι
2860 3006 2918 3059 In
2944 3004 3117 3059 domo
3138 3002 3333 3059 divitis
3358 3018 3476 3057 non
3498 3017 3588 3057 so-

1934 3089 2059 3146 lum
2089 3108 2267 3146 aurea
2308 3108 2447 3147 vasa
2475 3096 2615 3147 sunt
2659 3097 2716 3147 et
2745 3095 3038 3164 argentea,
3072 3091 3173 3147 sed
3203 3093 3261 3146 et
3304 3089 3500 3162 lignea
3528 3092 3586 3145 et

1936 3178 2137 3233 fictilia
2184 3180 2257 3250 (II
2302 3180 2413 3234 Tim
2461 3180 2576 3251 xx).
2622 3179 2795 3234 Fiunt
2839 3178 3019 3251 igitur
3046 3182 3103 3234 et
3146 3177 3298 3234 horti
3346 3180 3585 3249 propter

1934 3266 2342 3323 imbecilliores
2361 3283 2624 3339 quosque
2640 3272 2697 3323 et
2715 3267 3003 3323 inﬁrmos.
3022 3267 3166 3322 Nam
3185 3266 3285 3338 qui
3307 3265 3579 3321 infirmus

1933 3360 2041 3423 est,
2092 3355 2349 3412 oleribus
2408 3357 2661 3413 vescitur
2716 3358 2887 3425 (Rom.
2941 3373 3058 3423 x1v,
3108 3356 3186 3427 2).
3240 3353 3585 3411 Plantantur

1934 3446 2191 3511 arbores,
2216 3462 2329 3500 non
2363 3461 2546 3501 omnes
2565 3448 2869 3518 fructi/erae
2905 3446 2965 3514 ‘0,
2991 3448 3060 3501 ut
3089 3445 3148 3500 in
3168 3443 3395 3500 Latinis
3423 3436 3600 3499 codi-‘
3644 3454 3653 3467 ‘

1934 3534 2102 3589 cibus
2133 3533 2459 3601 habemus;
2494 3535 2595 3591 sed
2627 3551 2810 3591 omnes
2846 3536 3079 3605 fructus,
3113 3533 3222 3590 hoc
3252 3535 3359 3601 est,
3393 3531 3581 3588 diver-

1935 3639 2137 3679 sarum
2170 3624 2405 3695 frugum
2437 3629 2614 3696 atque
2643 3639 2973 3695 pomorum,
3006 3621 3146 3694 quia
3174 3621 3412 3677 diversae
3444 3622 3584 3675 sunt

1936 3710 2137 3784 gratiis
2167 3712 2226 3767 in
2278 3712 2536 3769 Ecclesia
2569 3729 2581 3767 :
2615 3717 2673 3768 et
2701 3711 2851 3767 alius
2884 3715 2973 3767 est
3018 3710 3243 3779 oculus,
3274 3708 3429 3764 alius
3457 3723 3583 3763 ma-

1938 3817 2074 3867 nus,
2108 3799 2260 3856 alius
2292 3818 2414 3873 pes,
2447 3806 2522 3867 et,
2556 3818 2682 3873 quae
2729 3798 3146 3856 verecundiora
3194 3800 3395 3853 nostra
3421 3799 3592 3873 sunt,

1940 3889 2031 3946 bis
2061 3890 2344 3961 majorem
2392 3889 2670 3945 honorem
2719 3888 3154 3943 circumdamus
3203 3886 3251 3957 (I
3295 3885 3416 3940 Cor.
3457 3883 3583 3954 xu).

1939 3978 2099 4033 Inter
2144 3994 2293 4050 quas
2339 3978 2648 4051 frugiferas
2694 3978 2930 4051 arbores
2959 3975 3183 4030 aestimo
3234 3978 3431 4029 tenere
3469 3971 3587 4043 pri-

1942 4070 2167 4122 matum
2198 4066 2427 4139 lignum
2459 4066 2611 4135 vitae,
2635 4067 2790 4138 quod
2823 4070 2912 4122 est
2940 4064 3248 4137 sapientia.
3279 4061 3402 4119 Nisi
3432 4061 3590 4118 enim

1944 4211 2142 4276 locum,
2175 4212 2282 4264 etc.

2027 4281 2047 4314 ⁵
2083 4282 2224 4349 Quas
2272 4280 2508 4336 collectae
2538 4285 2598 4334 in
2643 4282 2884 4351 piscinas
2930 4294 3108 4351 aquae,
3141 4283 3251 4335 etc.
3283 4279 3511 4351 Erasm.
3544 4276 3602 4330 et

1956 4348 2111 4408 Mar.
2155 4368 2290 4423 quas
2345 4352 2586 4408 collectae
2626 4348 2689 4407 in
2732 4368 2907 4407 unum
2957 4348 3184 4423 piscina:
3231 4366 3387 4423 aqum
3436 4348 3598 4423 desu-

1953 4440 2071 4495 per,
2105 4417 2212 4479 etc.
2246 4424 2680 4494 Conscquenter
2710 4417 3064 4480 Sorbonicus
3096 4439 3207 4495 ms.
3232 4417 3411 4495 codex
3436 4417 3597 4488 legit,
3646 4430 3655 4437 '

1952 4490 2011 4549 ut
2041 4497 2232 4564 longus
2253 4497 2411 4565 vigor
2428 4490 2857 4555 {Corbeienses
2881 4511 3038 4565 vero,
3059 4497 3119 4548 ut
3139 4492 3344 4565 harum
3374 4490 3602 4565 humore

1948 4558 2157 4637 perpeti
2210 4558 2574 4639 nutrirentur.
2626 4570 2760 4633 Quae
2809 4558 3041 4639 phrasis
3092 4564 3378 4636 Optimum
3425 4558 3602 4614 habet

1954 4653 2217 4692 sensum.
2252 4638 2539 4691 MARTIAN.

2028 4710 2048 4738 ⁶
2080 4712 2240 4775 Mss.,
2278 4710 2340 4763 Ut
2371 4709 2566 4779 longus
2596 4710 2770 4775 viror,
2802 4713 2911 4763 etc.

2028 4790 2045 4821 7
2080 4790 2259 4843 Penes
2292 4786 2547 4854 Alcuin.,
2582 4789 2643 4844 Ut
2672 4789 3007 4842 musicorum
3058 4786 3208 4841 chori
3236 4783 3378 4838 mihi
3420 4780 3605 4836 tibiali

1957 4876 2077 4914 voce
2108 4860 2476 4923 concinerent,
2512 4863 2620 4913 etc.

2028 4932 2048 4964 ⁸
2079 4932 2340 4994 Quatuor
2371 4946 2513 4983 mss.
2550 4930 2607 4983 in
2642 4929 2906 4995 instanti,
2932 4932 3183 4999 putatur.

2028 5013 2049 5045 θ
2105 5011 2343 5065 Addunt
2401 5009 2584 5064 nostri
2642 5026 2812 5078 mss.,
2861 5008 3151 5079 A‘diﬁcavi
3204 5004 3345 5059 mihi
3401 5002 3605 5067 domos,

1952 5083 2204 5155 plantavi
2229 5082 2370 5136 mihi
2397 5083 2609 5136 vineas.

2031 5163 2217 5237 ¹⁰,Νοη
2246 5177 2435 5237 omnes
2455 5162 2783 5237 fructiferae.
2820 5162 2880 5237 In
2911 5158 3146 5237 Hebraeo
3182 5154 3465 5237 scriptum
3496 5155 3605 5237 est,

1957 5243 2055 5298 "15
2078 5218 2144 5294 ἦ)
2174 5235 2386 5322 vitreis
2416 5218 2502 5287 Ιίὸι
2529 5218 2672 5304 peri,
2704 5232 2761 5286 id
2793 5234 2903 5298 est,
2936 5218 3349 5322 lignumomnis
3376 5218 3607 5322 (ructus,

1960 5327 2025 5378 ut
2078 5315 2238 5378 notat
2286 5320 2515 5376 Hieron.
2564 5321 2665 5393 qui
2714 5337 2829 5376 non
2883 5320 3093 5393 probat
3142 5315 3286 5393 ξύλον
3340 5317 3438 5362 πᾶν
3492 5329 3612 5393 me:

1962 5397 2078 5458 ποῦ,
2129 5396 2344 5461 lignum
2396 5408 2553 5447 omne
2582 5385 2838 5462 γνησίας,
2870 5385 2988 5463 sive
3033 5390 3405 5463 fructi/erum,
3458 5385 3613 5457 quod

1963 5460 2231 5537 legebant
2262 5465 2333 5537 in
2356 5460 2945 5537 Latinis-codicibus“
2974 5478 3004 5515 e
3034 5460 3177 5516 LXX
3228 5460 3613 5530 Interpretum

1962 5535 2159 5592 Graeca
2189 5535 2450 5591 versione
2481 5535 2772 5590 derivatis.
2809 5535 3093 5588 MAR'I‘IAN.

2034 5647 2099 5656 ——
2138 5617 2265 5687 Ipse
2292 5618 2486 5669 autem
2508 5612 2662 5667 Hier.
2694 5614 2867 5668 vertit
2886 5614 3068 5668 cuncti
3095 5612 3335 5681 generis.
3362 5610 3425 5665 In
3446 5607 3600 5665 Hebr

1960 5708 2067 5775 est,
2099 5713 2196 5767 τηε
2226 5689 2320 5775 5:1,
2343 5700 2409 5757 in
2443 5701 2638 5759 Graeco
2665 5704 2763 5751 πᾶν
2792 5702 3000 5768 καρποῦ.
