3992 6390
1631 387 1694 450 S.
1742 383 2052 450 EUSEBII
2097 382 2566 446 HIERONYMI.

3637 370 3813 447 i080

402 514 468 573 in
524 519 719 576 medio
774 520 789 556 ¹
846 520 948 579 illa
1002 521 1314 595 plantetur,
1372 522 1531 594 ligna
1600 525 1804 578 caetera
1861 520 2039 576 sicca-
2068 520 2125 586 Α
2154 534 2364 575 aurum
2395 534 2627 590 semper
2655 516 2957 591 Scriptura
2979 516 3177 574 divina
3195 532 3373 590 super
3399 531 3672 575 sermone
3704 531 3808 589 po-

399 605 645 665 buntur.

477 720 506 750 «
557 700 683 755 Feci
729 701 875 757 mihi
926 703 1183 775 piscinas
1225 719 1509 774 aquarum
1560 701 1629 756 ad
1681 699 2042 772 irrigandum

401 792 553 850 ιον
580 808 648 847 ex
677 791 763 848 eis
789 791 1005 860 saltum
1044 792 1469 864 germinantem
1523 789 1769 863 lignum.
1806 811 1833 838 ››
1866 788 2044 859 Ligna

388 881 649 938 saltuum
674 882 718 949 ²,
751 880 909 953 ligna
940 881 1240 947 silvarum,
1275 898 1400 953 qua:
1430 897 1549 934 non
1577 884 1715 935 sunt
1741 877 2042 949 frugifera,

390 980 518 1043 qua
550 987 725 1043 poma
747 986 862 1026 non
894 971 1167 1037 afferunt,
1190 988 1301 1026 non
1325 969 1565 1025 aluntur
1594 968 1779 1023 imbre
1800 965 2039 1029 caelesti,

390 1072 509 1117 non
554 1060 826 1133 supernis
873 1060 1043 1131 aquis
1087 1061 1185 1116 sed
1239 1060 1331 1115 his
1379 1076 1503 1131 quis
1547 1058 1608 1112 in
1656 1056 1915 1130 piscinas
1972 1055 2043 1109 de

393 1149 600 1206 rivulis
649 1149 1025 1222 colliguntur.
1058 1150 1205 1205 Nam
1252 1149 1533 1221 Egyptus
1580 1144 1824 1202 humilis
1878 1148 1935 1199 ct
1956 1144 2044 1214 ja-

393 1252 556 1305 eens,
590 1237 758 1310 quasi
788 1238 993 1293 hortus
1024 1238 1268 1305 olerum,
1292 1236 1539 1293 terrenis
1568 1241 1625 1291 et
1653 1236 1723 1291 de
1751 1232 2043 1304 JEthiopia

395 1327 767 1384 venientibus
799 1326 987 1399 aquis,
1020 1326 1312 1400 irrigatur.
1346 1328 1524 1382 Terra
1551 1342 1684 1382 vero
1729 1322 2042 1395 repromis-

395 1415 599 1481 sionis,
679 1432 806 1488 quae
862 1418 1171 1471 montuosa
1231 1420 1320 1471 est
1365 1419 1421 1471 et
1477 1418 1685 1482 erecta,
1757 1417 2044 1483 tempora-

396 1520 568 1563 neam
598 1508 657 1561 et
685 1504 1002 1561 serotinam
1033 1504 1293 1578 pluviam
1324 1508 1619 1576 exspectat
1647 1520 1678 1559 e
1708 1502 1870 1558 c0310.

468 1619 499 1647 ‹‹
532 1597 821 1651 Mercatus
852 1611 985 1651 sum
1017 1610 1235 1660 servos,
1266 1598 1323 1649 et
1352 1592 1616 1661 ancillas,
1650 1597 1709 1648 et
1746 1590 2042 1647 vernaculi

397 1687 637 1744 fuerunt
656 1684 820 1753 mihi,
843 1689 901 1740 et
920 1683 1155 1757 quidem
1180 1684 1475 1756 possessio
1497 1682 1743 1738 armenti
1766 1685 1821 1736 et
1850 1680 2041 1736 ovium

398 1775 587 1833 multa
628 1774 739 1830 fuit
783 1773 926 1829 mihi
973 1775 1016 1829 ³.
1053 1795 1079 1823 ››
1114 1773 1173 1829 Si
1220 1771 1492 1828 volumus
1538 1770 1946 1833 Ecclesiasten,
1980 1774 2043 1824 ut

2152 607 2240 664 nit
2267 612 2323 663 et
2354 624 2549 663 sensu.
2582 607 2745 663 Unde
2773 612 2829 662 et
2858 608 2917 662 in
2950 607 3309 680 sexagesimo
3357 607 3606 679 septimo
3638 605 3804 679 psal-

2153 714 2248 752 mo
2278 696 2547 752 columba
2577 713 2704 769 quae
2736 696 3151 769 interpretatur
3198 697 3256 751 in
3290 695 3520 769 spiritu,
3550 696 3803 753 manife-

2152 786 2360 842 stiores
2390 792 2447 842 et
2475 785 2625 842 visui
2657 786 2947 857 expositas
2978 786 3101 841 alas
3130 787 3534 859 deargentatas
3560 786 3803 853 habet‘,

2153 875 2528 931 occultiorem
2557 892 2691 930 vero
2722 874 3075 931 intrinsecus
3109 891 3348 930 sensum
3380 874 3438 929 in
3462 875 3587 931 auri
3622 875 3807 948 pallo—

2152 981 2213 1020 re
2243 963 2445 1035 operit.
2481 964 2705 1035 Regum
2737 970 2933 1018 autem
2964 963 3354 1030 substantias,
3387 968 3444 1019 et
3472 964 3807 1036 provincia-

2152 1070 2306 1121 rum,
2359 1053 2478 1108 sive
2527 1052 2854 1123 regionum,
2902 1052 2961 1107 in
3010 1053 3371 1108 credentium
3425 1054 3806 1127 congregavit

2152 1141 2512 1210 Ecclesiam;
2555 1141 2789 1197 illorum
2839 1158 3067 1214 regum,
3100 1143 3172 1197 de
3222 1143 3439 1214 quibus
3486 1141 3804 1198 Psalmista

2152 1230 2307 1285 canit
2359 1248 2371 1284 :
2427 1232 2734 1286 Astiterunt
2777 1247 2928 1301 reges
2975 1239 3155 1300 terrm,
3201 1235 3249 1287 et
3292 1234 3570 1304 principes
3615 1248 3805 1287 conve-

2152 1327 2352 1374 nerunt
2396 1321 2457 1374 in
2506 1336 2677 1375 unum
2726 1320 2894 1389 (Psal.
2940 1336 3000 1384 II,
3032 1320 3087 1391 2)
3143 1337 3156 1375 :
3209 1319 3559 1393 illarumque
3605 1321 3806 1394 regio-

2152 1425 2296 1463 num
2347 1409 2368 1442 θ
2420 1407 2481 1462 in
2530 1425 2674 1478 quas
2722 1407 2920 1463 oculos
2968 1408 3145 1463 levari
3197 1409 3455 1464 Salvator
3480 1410 3802 1482 praecepit:

2152 1498 2291 1571 quia
2312 1498 2440 1569 jam
2489 1499 2774 1553 candeant
2817 1498 2890 1552 ad
2934 1499 3271 1553 metendum
3321 1499 3626 1568 (Joan.1v).
3660 1503 3804 1555 Pos-

2152 1592 2291 1643 sunt
2319 1604 2524 1660 regum
2568 1586 2908 1643 substantias
2939 1591 2995 1641 et
3042 1586 3523 1659 philosophorum
3554 1587 3669 1643 dici
3699 1588 3803 1643 do-

2152 1681 2369 1750 gmata,
2404 1681 2457 1731 et
2503 1676 2756 1731 scientiis
2806 1675 3132 1742 saeculares,
3165 1692 3311 1747 quas
3362 1675 3806 1733 Ecclesiasticus

2151 1766 2240 1820 vir
2267 1764 2578 1837 diligenter
2605 1762 2956 1837 intelligens,
2989 1764 3377 1837 apprehendit
3418 1765 3713 1838 sapientes
3742 1767 3803 1821 in

400 1878 581 1937 Supra
608 1863 885 1931 diximus,
915 1850 1094 1917 etiam
1124 1878 1280 1917 nunc
1309 1861 1381 1917 ad
1412 1859 1626 1917 Christi
1666 1860 1877 1915 referre
1909 1877 2041 1931 per-
2077 1884 2125 1949 B
2156 1854 2377 1910 astutia
2404 1870 2626 1920 eorum,
2660 1858 2718 1907 et
2745 1853 2939 1949 perdit
2970 1853 3317 1945 sapientiam
3342 1854 3716 1926 sapientium,
3745 1858 3807 1909 et

399 1969 628 2022 sonam,
661 1967 980 2025 possumus
1016 1966 1213 2006 servos
1243 1950 1371 2021 ejus
1421 1949 1630 2016 dicere,
1665 1948 1763 2020 qui
1794 1948 2047 2003 habeant
2077 1940 2122 1949 ”
2155 1942 2528 2015 prudentiam
2580 1940 2959 2012 prudentium
3006 1940 3280 2013 reprobat
3326 1944 3372 2011 (Ι
3403 1942 3523 1998 Cor.
3557 1943 3616 2014 ι).
3648 1943 3806 1998 Can-

399 2043 676 2117 spiritum
706 2041 936 2097 timoris
964 2039 1026 2094 in
1075 2039 1371 2105 servitute,
1405 2042 1461 2093 et
1499 2036 1829 2109 spiritualia
1857 2037 2046 2109 magis

401 2133 759 2199 desiderant,
790 2145 969 2202 quam
1020 2131 1259 2184 teneant
1292 2145 1305 2183 :
1338 2126 1583 2183 ancillas
1608 2142 1741 2182 vero
1792 2143 1891 2182 eas
1921 2125 2045 2181 ani-

404 2240 534 2281 mas
569 2220 879 2295 appellare,
915 2235 1041 2290 quae
1082 2216 1274 2273 adhuc
1319 2216 1544 2288 corpori
1598 2220 1878 2287 terraeque
1908 2218 2049 2270 sunt

402 2312 632 2370 deditae.
665 2307 1022 2366 Vernaculos
1066 2322 1297 2379 quoque
1326 2304 1456 2361 illos
1490 2304 1588 2376 qui
1622 2310 1761 2360 sunt
1808 2304 2045 2376 quidem

403 2401 476 2459 de
504 2398 780 2468 Ecclesia,
812 2400 869 2453 et
912 2412 1128 2465 servos,
1160 2399 1218 2450 et
1248 2392 1508 2459 ancillas,
1541 2393 1611 2448 de
1656 2392 1870 2464 quibus
1901 2392 2047 2446 dixi-

404 2508 563 2559 mus,
594 2487 947 2545 antecedunt
978 2503 992 2541 :
1026 2485 1277 2541 necdum
1328 2488 1521 2538 tamen
1555 2482 1820 2537 libertate
1849 2480 2047 2536 donati

404 2584 565 2648 sunt,
599 2594 705 2633 nec
745 2574 1045 2632 nobilitate
1079 2590 1114 2628 a
1142 2571 1410 2628 Domino.
1445 2572 1595 2626 Sunt
1641 2575 1833 2626 autem
1864 2574 1921 2624 et
1951 2568 2049 2625 alii

402 2648 467 2726 iii
498 2665 722 2724 familia
747 2661 1108 2722 Ecclesiastes
1140 2660 1328 2716 instar
1371 2661 1551 2715 boum
1598 2662 1655 2714 et
1683 2659 1901 2726 ovium,
1924 2674 2052 2731 pro-

404 2763 536 2832 pter
564 2771 741 2828 opera
768 2756 827 2808 et
852 2749 1289 2822 simplicitatem
1324 2764 1338 2802 :
1372 2746 1472 2819 qui
1502 2748 1723 2819 absque
1745 2748 1968 2803 ratione
1997 2752 2053 2802 et

405 2843 654 2905 scientia
722 2840 1153 2911 Scripturarum
1222 2836 1488 2891 laborant
1544 2836 1783 2907 quidem
1841 2837 1902 2890 in
1952 2838 2050 2891 Ec-

407 2934 603 3000 clesia,
631 2931 732 2987 sed
784 2928 1033 2984 necdum
1083 2926 1155 2981 ad
1205 2924 1263 2979 id
1309 2940 1639 2996 pervenere,
1674 2929 1738 2979 ut
1786 2925 2051 2982 homines

404 3039 535 3082 esse
565 3021 919 3085 mereantur,
953 3020 1010 3071 et
1055 3015 1294 3071 redeant
1324 3014 1396 3069 ad
1445 3012 1758 3085 imaginem
1791 3013 2051 3069 condito-

406 3113 510 3170 ris.
543 3107 893 3181 Diligentius
930 3107 1068 3160 nota
1097 3103 1251 3175 quod
1284 3103 1343 3157 in
1393 3103 1594 3167 servis,
1630 3106 1686 3158 et
1718 3101 1963 3173 ancillis,
1997 3106 2055 3158 et

405 3197 734 3259 vernaculis
779 3193 1101 3251 multitudo
1147 3208 1262 3247 non
1293 3191 1546 3257 additur,
1579 3192 1638 3246 in
1687 3191 1876 3247 bobus
1918 3189 2050 3247 v'ero

409 3294 468 3348 et
497 3288 700 3346 ovibus
753 3284 985 3349 dicitur,
1011 3282 1274 3354 possessio
1313 3282 1557 3336 armenti
1583 3290 1634 3336 et
1680 3282 1863 3336 ovium
1894 3281 2055 3335 multi

411 3379 522 3452 fuit
594 3374 763 3430 mihi-
791 3375 832 3429 ‘.
884 3370 1053 3426 Pluta
1099 3368 1312 3442 quippe
1364 3368 1423 3423 in
1469 3368 1727 3425 Ecclesia
1772 3373 2055 3432 armenta,

418 3481 595 3540 quam
625 3461 934 3527 homines;
966 3458 1181 3531 plures
1211 3475 1365 3523 oves,
1400 3474 1577 3529 quam
1629 3458 1800 3523 servi,
1834 3456 2057 3512 ancillae

404 3560 599 3628 atque»
633 3548 948 3608 vernaculi.
1012 3547 1159 3604 Illud
1215 3563 1372 3615 vero,
1426 3547 1581 3617 quod
1641 3546 1700 3600 in
1751 3547 1866 3601 ﬁne
1914 3545 2027 3602 dici

405 3649 552 3703 thr:

473 3755 501 3783 α
533 3730 723 3804 Super
770 3741 997 3792 omnes,
1029 3725 1129 3796 qui
1178 3724 1417 3780 fuerunt
1466 3728 1602 3779 ante
1650 3739 1744 3778 me
1788 3723 1847 3777 in
1894 3724 2034 3779 Jeru

398 3820 607 3889 salem,
638 3842 667 3872 »
703 3835 816 3874 non
849 3817 921 3873 ad
974 3814 1256 3889 grandem
1313 3812 1558 3885 gloriam
1610 3812 1860 3884 pertinet
1901 3812 2059 3871 Salo-

400 3910 616 3977 monis;
647 3924 763 3965 uno
792 3910 957 3980 patre
987 3920 1093 3961 suo
1126 3917 1261 3975 rege
1291 3918 1355 3957 se
1385 3900 1654 3956 ditiorem
1689 3900 1892 3965 fuisse,
1917 3901 2059 3972 quia

394 4000 506 4057 sub
534 3998 715 4056 Saule‘
756 3996 1008 4052 necdum
1058 3992 1417 4064 regnabatur
1448 3990 1503 4044 in
1555 3988 1901 4056 Jerusalem,
1934 3992 1991 4045 et
2023 4007 2057 4045 a

393 4086 677 4145 Jebuszeis
707 4084 808 4156 qui
837 4083 950 4155 ipsi
974 4081 1103 4136 urbi
1128 4081 1485 4147 insederant,
1510 4079 1835 4134 tenebatur.
1858 4078 2054 4135 Altius

394 4176 594 4248 itaque
636 4172 1029 4237 tractandum,
1078 4186 1205 4240 qua:
1252 4169 1331 4223 sit
1374 4166 1745 4223 Jerusalem:
1797 4171 1850 4222 et
1900 4184 2041 4238 quo-

395 4264 569 4325 modo
618 4259 1017 4328 Ecclesiastes,
1048 4261 1185 4313 ante
1230 4273 1455 4324 omnes,
1497 4255 1597 4327 qui
1645 4272 1706 4311 se
1751 4273 2054 4327 praecesse-

395 4356 537 4409 runt
564 4364 731 4424 reges
760 4348 821 4403 in
849 4344 1197 4412 Jerusalem,
1233 4345 1407 4400 ditior
1436 4345 1627 4401 fuerit.

465 4462 494 4493 «
519 4436 874 4512 Congregavi
904 4436 1049 4491 mihi
1081 4438 1414 4505 argentum,
1448 4438 1503 4488 et
1544 4449 1775 4501 aurum,
1809 4441 1865 4489 et
1898 4435 2045 4490 sub-

391 4528 642 4588 stantias
674 4543 876 4599 regum
909 4528 967 4581 et
1005 4522 1455 4596 provinciarum.
1492 4521 1621 4576 Feci
1672 4522 1815 4577 mihi
1848 4527 2045 4578 canto-

2155 2037 2312 2088 tores
2343 2047 2576 2103 quoque
2617 2035 2673 2085 et
2703 2028 3069 2097 cantatrices,
3100 2030 3184 2085 illi
3230 2030 3315 2086 vel
3348 2030 3459 2086 illae
3508 2035 3658 2100 sunt,
3692 2032 3805 2103 qui

2155 2119 2416 2193 psallunt
2445 2119 2676 2192 spiritu,
2715 2118 2970 2190 psallunt
2999 2123 3055 2174 et
3072 2124 3286 2175 mente.
3319 2120 3591 2176 Cantator
3627 2120 3807 2192 quasi

2154 2210 2244 2264 vir
2273 2214 2329 2264 et
2372 2209 2649 2264 robustus
2693 2213 2749 2263 et
2796 2207 3117 2279 spiritualis
3148 2209 3217 2264 de
3264 2208 3566 2265 altioribus
3622 2210 3801 2265 canit.

2158 2297 2453 2355 Cantatrix
2501 2313 2637 2353 vero
2695 2297 2887 2352 adhuc
2934 2297 3087 2352 circa
3136 2298 3437 2353 materiam
3487 2297 3807 2366 volutatur,

2158 2404 2337 2459 quam
2385 2386 2563 2442 Graeci
2595 2387 2722 2449 ὕλμν
2755 2390 2957 2441 vocant
2986 2405 2999 2454 ;
3035 2403 3138 2441 nec
3170 2391 3360 2459 potest
3403 2403 3600 2443 vocem
3632 2404 3803 2443 suam

2159 2477 2217 2531 in
2286 2475 2538 2532 sublime
2595 2475 2815 2531 tollere.
2850 2475 3191 2548 Ubicunque
3240 2494 3374 2549 ergo
3403 2476 3460 2531 in
3492 2477 3808 2550 Scripturis

2160 2566 2379 2621 femina
2405 2565 2618 2638 legitur
2646 2571 2702 2620 et
2732 2581 2905 2621 sexus
2938 2564 3215 2637 fragilior,
3250 2567 3322 2621 ad
3354 2567 3605 2621 materiis
3636 2567 3807 2623 intel—

2159 2654 2461 2726 ligentiam
2507 2654 2953 2709 transferamus.
2987 2654 3151 2710 Unde
3181 2659 3238 2710 et
3285 2654 3507 2711 Pharao
3538 2673 3654 2711 non
3683 2656 3811 2712 vult

2162 2742 2455 2799 masculos
2492 2742 2790 2810 vivificari,
2824 2743 2924 2797 sed
2952 2746 3182 2798 tantum
3206 2743 3484 2816 ,feminas,
3518 2760 3644 2816 qua:
3676 2762 3808 2799 ma-

2160 2830 2316 2886 teriae
2348 2834 2488 2885 sunt
2532 2830 2730 2885 vicinae
2763 2831 2953 2898 (Exod.
2987 2824 3047 2903 ι).
3081 2832 3149 2887 Et
3185 2848 3216 2887 e
3263 2832 3553 2889 contrario
3603 2832 3805 2889 nullus

2161 2920 2529 2987 Sanctorum,
2550 2919 2662 2975 nisi
2686 2936 2920 2990 perraro
2949 2920 3197 2976 feminas
3217 2921 3491 2993 genuisse
3514 2927 3803 2977 narratur.

2161 3008 2450 3080 Solusque
2505 3007 2803 3079 Salphaat,
2840 3008 2939 3081 qui
2983 3009 3043 3063 in
3084 3010 3337 3081 peccatis
3387 3014 3654 3066 mortuus
3694 3015 3803 3078 est,

2161 3114 2365 3153 omnes
2394 3096 2544 3152 filias
2591 3097 2793 3169 genuit
2834 3101 3022 3165 (Num.
3054 3100 3207 3169 xxv).
3241 3097 3423 3155 Jacob
3469 3097 3622 3154 inter
3660 3099 3807 3155 duo-

2165 3187 2355 3242 decim
2413 3186 2775 3259 patriarchas
2832 3186 3009 3241 unius
3060 3185 3191 3241 ﬁliae
3242 3191 3406 3259 pater
3459 3191 3567 3253 est,
3621 3192 3677 3243 et
3732 3188 3805 3244 ob

2168 3276 2355 3348 ipsam
2389 3274 2746 3347 periclitatur
2777 3278 2943 3343 (Gen.
2970 3275 3123 3345 xxx).
3157 3275 3383 3331 Deliciae
3406 3291 3637 3348 quoque
3665 3276 3810 3331 filio-

2166 3382 2298 3420 rum
2338 3363 2642 3419 hominum
2690 3380 2866 3435 super
2912 3363 3197 3435 sapientia
3240 3362 3644 3437 intelligendae,
3675 3380 3810 3436 qua:

2168 3454 2238 3509 ad
2270 3453 2457 3508 instar
2500 3452 2752 3524 paradisi
2795 3451 2970 3507 habet
2999 3451 3261 3524 pomaria
3307 3452 3468 3508 varia
3496 3454 3541 3520 ⁷,
3568 3458 3623 3507 et
3652 3453 3811 3509 mul-

2165 3540 2394 3613 tiplices
2440 3540 2786 3613 voluptates.
2821 3541 2890 3595 Et
2940 3542 3009 3596 de
3058 3540 3186 3612 ipsa
3234 3540 3608 3613 praecipitur:
3651 3542 3811 3598 Dele-

2166 3640 2312 3686 ctare
2360 3633 2417 3685 in
2467 3632 2717 3700 Domino,
2749 3635 2799 3684 et
2847 3629 2999 3684 dabit
3042 3631 3148 3684 tibi
3188 3632 3474 3701 petitiones
3499 3630 3675 3686 cordi:
3722 3633 3813 3686 tui

2169 3721 2336 3792 (Psal.
2386 3737 2575 3787 xxxw,
2629 3720 2701 3789 4).
2753 3718 2822 3773 Et
2874 3719 2934 3773 in
2984 3718 3094 3774 alio
3140 3718 3313 3774 loco:
3364 3720 3612 3776 Torrente
3653 3720 3811 3775 votu-

2162 3811 2330 3880 ptatis
2383 3817 2492 3866 tua?
2537 3808 2749 3880 potabis
2796 3823 2883 3863 eos
2931 3808 3097 3877 (Psal.
3149 3823 3385 3876 xxxvm,
3416 3810 3492 3877 2).
3543 3808 3684 3863 Nam
3737 3810 3809 3865 de

2164 3898 2283 3953 vini
2333 3896 2651 3967 fusoribus,
2683 3901 2740 3952 et
2781 3895 2900 3950 vini
2950 3894 3311 3951 fusitricibus
3343 3896 3432 3968 (ad
3481 3895 3807 3953 distinctio-

2166 4004 2299 4044 nem
2331 3988 2546 4059 quippe
2579 4002 2732 4040 nunc
2756 3984 3084 4051 masculini,
3110 3984 3388 4041 feminino
3418 4000 3627 4058 genere
3646 3986 3803 4042 volui

2165 4077 2476 4145 declinare,
2510 4076 2665 4147 quod
2714 4074 2955 4130 Latinus
3005 4090 3196 4130 sermo
3227 4091 3341 4129 non
3392 4075 3613 4147 recipit)
3642 4074 3806 4131 aliud

2164 4167 2368 4227 multo.
2400 4181 2576 4237 quam
2610 4164 2671 4219 in
2704 4167 2976 4236 promptu
3008 4167 3117 4232 est,
3144 4162 3805 4236 Aquilainterpretatm'.

2161 4257 2287 4313 Non
2341 4255 2498 4311 enim
2558 4253 2847 4318 homines,
2896 4253 3050 4309 viros
3097 4250 3383 4323 videlicet,
3415 4257 3471 4309 ct
3516 4254 3673 4310 40!.
3715 4255 3805 4310 fe-

2161 4345 2371 4412 minas,
2405 4344 2504 4399 sed
2554 4340 2921 4398 vasculorum
2974 4342 3195 4414 species
3226 4343 3246 4376 ⁸
3293 4342 3630 4413 nominavit,
3661 4341 3804 4390 ιυλίο

2158 4450 2262 4482 κιον
2335 4438 2391 4488 et
2459 4431 2653 4478 κυλίκια
2723 4447 2955 4496 vocans,
3017 4432 3171 4502 quod
3243 4431 3523 4487 Hebraice
3592 4428 3807 4487 dicitur

2159 4539 2339 4580 sanna
2369 4520 2538 4593 (mw)
2583 4525 2639 4575 et
2682 4536 2936 4575 SADDOTH
2990 4521 3186 4592 (nus)
3234 4519 3492 4592 Denique
3540 4523 3804 4593 Symma-

388 4635 482 4676 res
511 4623 569 4674 et
597 4614 964 4678 cantatrices,
992 4616 1050 4667 et
1097 4611 1338 4667 delicias
1377 4611 1530 4666 400
1561 4610 1816 4667 ﬁliorum
1848 4610 2036 4667 homi-
2068 4618 2115 4682 D
2146 4612 2315 4681 chus,
2378 4608 2513 4664 licet
2570 4609 2813 4664 verbum
2873 4626 2989 4664 non
3048 4608 3301 4681 potuerit
3355 4608 3677 4681 exprimere
3732 4608 3804 4664 de

388 4724 553 4776 num,
588 4705 892 4761 ministros
934 4701 1055 4757 vini
1098 4705 1157 4757 et
1202 4699 1523 4758 ministras.
1557 4720 1586 4749 ››
1615 4701 1938 4772 Argentum
1984 4704 2040 4755 et

459 4869 475 4903 ¹
523 4867 648 4925 Nisi
693 4866 846 4920 enim
892 4866 950 4919 in
1000 4862 1202 4921 medio.
1235 4864 1343 4915 etc.
1395 4859 1777 4916 Corbeienses
1830 4876 2039 4915 manu-

383 4937 588 5011 scripti
616 4939 821 5011 eodem
852 4951 1027 4990 sensu
1060 4931 1406 5011 sic_legunt,
1438 4932 1550 4986 nisi
1580 4932 1730 4985 enim
1772 4932 1832 4985 in
1861 4932 2038 4987 medio

386 5003 620 5067 illarum
644 5010 942 5080 plantetur,
972 5012 1081 5080 etc.
1116 5003 1404 5080 MARTIAN.

454 5083 476 5116 ⁸
536 5074 696 5136 Unus
772 5079 984 5143 Vatic.,
1042 5077 1257 5132 Salium
1325 5074 1783 5145 germinantium.
1866 5075 2038 5143 Ligna

383 5154 651 5218 saltuum,
681 5154 772 5207 etc
784 5191 797 5207 .

454 5224 477 5257 ³
507 5216 649 5278 Mss.
704 5221 889 5277 nostri
940 5218 1188 5283 addunt,
1217 5220 1397 5287 Super
1442 5231 1648 5282 omnes,
1674 5216 1772 5286 qui
1810 5218 2040 5286 fuerunt

385 5297 514 5349 ante
540 5309 628 5348 me
655 5294 715 5346 in
740 5292 1071 5349 Jerusalem.

456 5366 479 5397 ⁸
506 5363 669 5417 Idem
700 5380 867 5428 mss.,
899 5363 966 5416 Et
994 5362 1179 5415 ovium
1208 5357 1501 5413 multitudo
1529 5358 1641 5426 fuit
1674 5356 1831 5412 mihi.

457 5435 478 5469 ⁸
528 5435 587 5488 In
645 5436 846 5504 spiritu
890 5432 1317 5504 manifestiores,
1369 5434 1477 5504 etc.
1538 5428 1898 5504 Depravatus
1945 5428 2039 5483 hic

386 5505 553 5561 locus
583 5499 684 5558 est'
721 5505 777 5556 in
832 5499 1124 5557 veteribus
1172 5500 1548 5562 editionibus,
1584 5499 1682 5552 ubi
1739 5499 1990 5569 legimus
2023 5518 2034 5555 :

385 5577 613 5646 Propter
653 5575 1033 5646 manifestiora
1079 5575 1127 5626 et
1178 5573 1320 5626 visui
1370 5571 1664 5642 expositas,
1714 5572 1832 5626 alas
1880 5571 2036 5627 dear-

386 5645 635 5719 gentatas
665 5645 841 5699 habet.
876 5645 1163 5719 Murrum.

458 5720 481 5757 °
508 5717 848 5786 (durumque
877 5715 1190 5786 regionum,
1225 5717 1328 5769 etc.
1365 5712 1547 5768 Iidem
1595 5711 1735 5768 editi
1773 5716 1943 5770 antea
1972 5712 2039 5768 li-

2144 4701 2341 4770 verbo,
2393 4699 2465 4754 ab
2512 4697 2620 4753 hac
2668 4698 2942 4770 opinione
2993 4713 3108 4753 non
3164 4696 3333 4769 longe
3382 4701 3488 4765 est,
3548 4696 3801 4754 dicens:

2147 4861 2257 4929 bri,
2289 4860 2519 4915 Illarum
2567 4874 2775 4930 quoque
2826 4860 3133 4927 regionum,
3182 4858 3242 4912 in
3294 4873 3425 4927 quas
3476 4858 3656 4913 oculos
3699 4859 3807 4914 ele-

2148 4948 2297 4995 vare,
2332 4936 2443 4985 etc.
2480 4930 2768 4984 MARTIAN.

2219 5005 2239 5037 ⁷
2274 5004 2529 5057 Rursum
2563 5001 2739 5055 iidem
2775 5017 2942 5069 mss.,
2976 4999 3151 5057 Habet
3174 4998 3343 5071 pom‘a
3372 5000 3551 5055 varia.

2216 5076 2237 5109 ⁸
2269 5074 2393 5129 Duo
2424 5072 2671 5127 Palatini
2713 5077 2769 5128 et
2797 5071 3086 5139 Vatican.,
3118 5072 3221 5128 Sed
3267 5079 3641 5127 maccutorum
3682 5085 3801 5142 spe-

2146 5163 2271 5201 cies.
2324 5144 2565 5192 Κυλίκιον
2611 5160 2744 5199 vero
2792 5160 2996 5213 parvus
3045 5148 3133 5197 est
3172 5143 3346 5209 calix,
3397 5148 3498 5197 aut
3538 5143 3795 5214 scyphus.

2217 5248 2287 5256 ——
2344 5215 2571 5264 κυλίκιον
2627 5220 2683 5269 et
2736 5214 2929 5277 κυγίκια
2983 5230 3199 5270 vocans.
3263 5214 3364 5268 Hic
3408 5230 3542 5269 vero
3599 5213 3802 5269 Greca

2149 5288 2234 5342 sic
2309 5291 2715 5357 corrumpunt,
2793 5285 3115 5341 nominavit
3168 5285 3392 5357 κυλικίαν
3456 5287 3538 5332 καὶ
3600 5284 3798 5332 κύλικα.

2148 5358 2369 5421 Deinde
2400 5355 2625 5412 addunt
2662 5356 2942 5412 Hebraica
2969 5357 3145 5412 verba
3175 5355 3233 5410 in
3282 5360 3552 5411 contextu
3584 5372 3797 5410 secun-

2148 5431 2289 5484 dum
2308 5429 2801 5484 Massoretharum
2823 5433 3040 5499 puncta
3052 5426 3291 5496 vocalia,
3307 5427 3538 5483 schidda
3554 5432 3609 5481 et
3622 5427 3798 5499 schid-

2147 5501 2293 5567 doth,
2350 5517 2482 5553 cum
2538 5498 2925 5571 Hieronymus
2977 5498 3183 5571 legerit
3228 5498 3401 5555 sedda
3447 5503 3501 5553 et
3546 5498 3795 5571 saddoth,

2148 5575 2271 5700 give
2317 5572 2492 5626 sadda
2538 5577 2595 5626 et
2644 5570 2887 5639 saddoth,
2925 5578 2989 5627 ut
3037 5570 3213 5626 habet
3258 5587 3365 5625 ms.
3419 5570 3795 5626 Sorbonicus.

2206 5660 2434 5699 ARTIAN.

2206 5660 2412 5699 ARTIAN
2421 5686 2434 5699 .
