3992 6408
221 402 379 477 1081

1252 402 1883 469 COMMENTARIUS
1927 402 2008 465 ΙΝ
2051 399 2657 465 ECCLESIASTEN.

3473 380 3637 465 ιοεὰ

223 546 537 604 Mensarum
572 545 589 580 ¹
674 543 896 619 species,
966 543 1015 600 et
1071 544 1431 615 appositones.
1506 540 1636 596 Sive
1692 539 1873 611 igitur
1899 537 1955 603 Α
1985 537 2055 593 Et
2098 537 2219 592 haec
2268 536 2380 591 fuit
2436 536 2622 607 portio
2679 552 2809 592 mea
2854 553 2923 593 ex
2968 534 3131 592 omni
3178 534 3376 594 labore
3418 553 3569 594 meo.
3605 558 3634 587 »

225 652 454 704 urceos,
488 635 608 691 sive
638 636 909 707 scyphos,
988 633 1107 688 sive
1154 636 1425 697 crateres,
1482 630 1580 701 qui
1610 629 1669 684 in
1704 628 1876 684 mini-

227 723 428 781 steriis
460 724 826 790 ordinantur,
861 738 1003 778 auro
1034 720 1402 793 gemmisque
1427 718 1736 774 distinctos
1768 719 1875 773 Sa-

225 813 524 870 lomonem
554 811 835 867 habuisse
856 810 1210 865 credendum
1245 813 1368 863 est:
1406 813 1463 862 et
1493 809 1645 880 quod
1670 824 1738 862 ex
1761 823 1877 862 uno

226 900 489 972 κυλικίῳ,
551 901 608 956 id
658 904 747 955 est
794 904 1012 955 cratere
1062 898 1192 953 aliis
1223 895 1513 963 κυλικίοις,
1551 897 1880 952 minoribus

228 990 457 1048 scilicet
513 990 768 1054 vasculis,
812 987 1186 1043 hauriretur:
1230 990 1285 1041 et
1333 1003 1434 1058 per
1475 986 1878 1041 ministrorum

229 1096 445 1137 manus
494 1078 825 1151 potentium
870 1076 1071 1131 vinum
1123 1076 1294 1130 turba
1349 1074 1688 1147 susciperet.
1736 1074 1883 1139 Quia

230 1169 414 1241 igitur
443 1168 831 1223 Ecclesiasten
863 1165 1316 1236 interpretamur
1347 1164 1406 1218 in
1464 1164 1693 1219 Christo
1742 1182 1754 1219 :
1825 1168 1883 1219 et

233 1256 523 1329 sapientia
573 1256 635 1311 in
696 1255 954 1311 cratere’I
1001 1253 1178 1309 misto
1238 1253 1297 1308 in
1355 1253 1680 1309 Proverbiis
1736 1270 1881 1324 prae-

232 1349 533 1402 tereuntes
572 1345 643 1400 ad
692 1360 755 1400 se
803 1346 1120 1399 convocat:
1180 1358 1391 1413 corpus
1442 1341 1671 1397 Domini
1727 1358 1884 1397 nunc

234 1437 521 1489 craterem
563 1448 845 1504 magnum
872 1430 1153 1486 debemus
1185 1431 1461 1502 accipere,
1495 1430 1552 1485 in
1585 1447 1699 1502 quo
1768 1447 1882 1485 non

236 1538 473 1578 meraca
500 1520 807 1585 Divinitas,
839 1524 905 1575 ut
934 1520 991 1575 in
1022 1519 1353 1575 coelestibus
1383 1520 1619 1585 fuit,sed
1653 1525 1888 1592 propter

237 1626 350 1665 nos
379 1608 744 1665 humanitate
775 1606 967 1663 media
996 1612 1322 1679 temperata
1351 1612 1459 1677 est,
1491 1614 1548 1663 et
1596 1625 1698 1680 per
1733 1611 1886 1680 Apo-

239 1696 443 1762 stolos,
508 1697 736 1753 minora
780 1693 1021 1764 κυλίκωι,
1079 1697 1327 1769 scyphos
1384 1696 1656 1769 parvulos
1684 1701 1741 1752 et
1769 1714 1888 1752 cra-

233 1792 413 1857 teras,
472 1786 531 1841 in
583 1790 701 1841 toto
753 1786 892 1841 orbe
945 1785 1317 1842 credentibus
1374 1788 1560 1842 effusa
1601 1786 1889 1858 sapientia

236 1879 349 1932 est.

312 1986 340 2013 ‹‹
370 1964 437 2018 Et
484 1962 897 2035 magniﬁcatus
948 1980 1103 2031 sum,
1154 1968 1210 2019 et
1261 1965 1446 2035 adjeci
1486 1964 1836 2035 sapientiam
1866 1965 1887 1998 ³

237 2069 419 2126 super
447 2068 651 2108 omnes
695 2051 796 2123 qui
832 2052 1071 2108 fuerunt
1120 2058 1253 2108 ante
1289 2070 1381 2109 me
1424 2054 1485 2108 in
1524 2052 1887 2109 Jerusalem:

235 2146 299 2220 et
328 2141 566 2213 quidem
599 2140 888 2213 sapientia
918 2158 1047 2196 mea
1080 2142 1241 2197 stetit
1278 2142 1442 2196 mihi.
1478 2166 1505 2191 ››
1553 2142 1887 2214 Magnifica-

235 2235 371 2287 tum
395 2229 803 2295 Ecclesiasten,
838 2230 1080 2285 minime
1109 2230 1337 2286 videtur
1382 2232 1628 2287 Domino
1678 2248 1891 2287 convc—

236 2319 393 2385 nire,
426 2318 539 2374 nisi
568 2319 713 2373 forte
745 2319 794 2373 ei
821 2318 962 2374 illud
994 2323 1264 2390 aptemus
1293 2337 1304 2373 :
1337 2322 1663 2391 Proﬁciebat
1679 2322 1893 2392 sapien-

238 2410 352 2474 tia,
384 2412 435 2464 et
464 2410 645 2474 aetate,
674 2416 727 2463 et
770 2410 956 2479 gratia
1014 2410 1167 2479 (Luc.
1240 2428 1296 2474 ιι,
1328 2410 1439 2479 5?).
1502 2411 1602 2466 Et:
1665 2415 1893 2481 Propter

241 2497 388 2569 quod
442 2496 605 2551 illum
666 2497 802 2551 Deus
851 2498 1117 2552 exultavit
1154 2498 1416 2569 (Philipp.
1478 2516 1539 2565 II,
1596 2499 1675 2568 9).
1728 2499 1890 2565 Quod

245 2589 451 2643 autem
481 2585 599 2641 ait:
660 2586 765 2653 Qui
819 2589 1046 2657 fuerunt
1100 2594 1228 2641 ante
1268 2603 1355 2643 me
1386 2589 1442 2642 in
1470 2590 1791 2651 Jerusalem,
1822 2588 1892 2643 de

241 2675 341 2731 his
372 2674 641 2746 dicit,qui
675 2680 808 2730 ante
839 2675 1153 2731 adventum
1177 2676 1890 2748 suum,congregationem

241 2768 587 2821 sanctorum
613 2768 670 2819 et
698 2763 1017 2819 Ecclesium
1062 2765 1550 2837 gubernarunt.Si
1573 2765 1893 2836 spirituali-

242 2858 338 2910 ter
362 2851 1115 2925 intelligimusScripturas,
1142 2853 1319 2909 ditior
1350 2859 1438 2909 est
1468 2854 1736 2911 Christus
1767 2873 1890 2912 om-

244 2943 424 2998 nibus
473 2942 578 3012 [AL
635 2942 707 2997 ab
756 2941 1151 3010 hominibus]:
1213 2942 1257 2998 si
1321 2947 1551 2999 tantum
1586 2944 1897 3000 carnaliter

246 3029 465 3087 melius
495 3028 843 3102 intelligitur
865 3030 886 3063 δ
915 3031 1238 3103 Synagoga,
1272 3048 1447 3103 quam
1480 3032 1756 3101 Ecclesia,
1778 3034 1893 3088 Tu-

241 3118 320 3175 lit
347 3135 482 3192 ergo
512 3118 795 3189 velamen,
828 3119 983 3190 quod
1017 3119 1127 3174 fuit
1154 3120 1410 3192 positum
1443 3137 1622 3193 super
1667 3121 1895 3177 vultum

246 3206 435 3281 Moysi
476 3206 665 3276 (Exod.
698 3208 910 3279 xxxrv),
943 3212 999 3263 et
1048 3207 1217 3280 pleno
1248 3207 1469 3265 lumine
1500 3208 1705 3265 faciem
1765 3211 1892 3281 ejus

1988 626 2151 682 Oculi
2183 626 2389 681 animae
2421 630 2477 680 et
2509 625 2723 681 mentis
2771 626 3021 682 intuitus
3079 628 3633 701 contemplationem

1990 715 2324 771 desiderant
2352 714 2740 786 spiritualem,
2788 732 2967 787 quam
3015 721 3283 789 peccator
3330 718 3638 791 ignorans,
3706 706 3713 714 ’

1988 804 2259 877 prohibet
2306 821 2340 858 a
2380 820 2514 859 vera
2548 804 2922 875 jucunditate
2952 822 3050 883 cor
3079 823 3281 863 suum.
3320 807 3468 863 Huic
3496 824 3636 880 ergo

1991 911 2050 950 se
2082 891 2456 949 Ecclesiastes
2488 897 2677 949 totum
2726 894 2903 958 dedit,
2955 900 3012 949 et
3069 894 3189 951 leve
3236 896 3636 954 tribulationis

1991 983 2097 1055 [Αἰ.
2134 981 2286 1037 leves
2317 982 2745 1053 tribulationes]
2780 984 2838 1038 in
2871 984 3104 1051 saeculo,
3174 989 3389 1041 aeterna
3452 985 3641 1058 gloria

1990 1071 2409 1143 compensavit.
2443 1071 2573 1126 Hmc
2602 1071 2758 1127 enim
2817 1073 3004 1144 portio
3065 1079 3269 1130 nostra
3326 1080 3637 1148 est,v;praa-

1992 1160 2299 1232 miumque
2328 1165 2704 1232 perpetuum,
2744 1161 2792 1217 si
2822 1161 2917 1218 hic
2966 1179 3069 1235 pro
3100 1163 3419 1221 virtutibus
3474 1165 3637 1222 labo-

1992 1264 2212 1306 remus.

2066 1361 2093 1389 ‹‹
2130 1339 2192 1393 Et
2214 1338 2437 1411 respexi
2469 1354 2574 1410 ego
2605 1340 2675 1395 ad
2704 1340 2903 1396 omnia
2932 1357 3108 1413 opera
3138 1358 3291 1410 mea,
3322 1360 3452 1417 quae
3484 1346 3637 1403 face-

1994 1431 2127 1483 rant
2175 1443 2387 1482 manus
2437 1443 2599 1493 meae,
2645 1432 2700 1483 et
2748 1428 2806 1483 in
2847 1427 3045 1485 labore
3091 1447 3206 1502 quo
3242 1431 3641 1490 laboraveram

1995 1516 2233 1572 faciens.
2271 1535 2292 1565 ι
2329 1515 2435 1581 Qui
2469 1532 2603 1571 cum
2632 1516 2938 1589 diligentia
2967 1524 3023 1574 et
3064 1520 3332 1576 cautione
3362 1522 3483 1596 agit
3512 1524 3643 1580 uni-

1994 1620 2182 1668 versa,
2215 1604 2337 1658 haec
2362 1608 2549 1676 potest
2579 1605 2787 1661 dicere.

2070 1715 2097 1741 α
2124 1693 2191 1747 Et
2219 1709 2351 1748 ecce
2382 1692 2580 1748 omnia
2609 1696 2855 1761 vanitas,
2898 1700 2954 1750 et
3000 1697 3270 1754 voluntas
3328 1700 3575 1773 spiritus
3594 1702 3640 1759 ‘.

1997 1781 2067 1836 Et
2098 1798 2213 1836 non
2268 1786 2357 1837 est
2406 1781 2767 1837 abundantia
2816 1785 2926 1839 sub
2974 1785 3118 1841 sole.
3170 1810 3197 1835 ››
3248 1787 3549 1851 Quomodo
3582 1790 3643 1846 in

1999 1870 2220 1926 caeteris
2251 1869 2389 1925 vilia
2419 1875 2630 1927 cuncta
2670 1872 2975 1943 reputavit,
3016 1891 3141 1945 quae
3191 1876 3302 1932 sub
3332 1877 3457 1934 sole
3483 1884 3644 1949 sunt,

1999 1963 2055 2015 et
2088 1976 2189 2031 pro
2230 1958 2601 2015 voluntatum
2648 1960 2924 2018 varietate
2963 1963 3211 2021 diversa.
3254 1987 3281 2016 ‹‹
3312 1967 3382 2022 Et
3411 1984 3527 2024 non
3558 1974 3648 2026 est

2000 2048 2362 2104 abundantia
2393 2048 2503 2105 sub
2535 2049 2656 2104 sole
2687 2050 2856 2122 (Psal.
2889 2068 3049 2119 xvm,
3081 2054 3158 2125 6).
3207 2076 3237 2103 »
3290 2055 3557 2114 Christus
3586 2058 3647 2115 in

2000 2136 2120 2192 sole
2142 2136 2341 2208 posuit
2370 2137 2813 2194 tabernaculum
2844 2142 3248 2213 suum.ltaque
3274 2145 3372 2217 qui
3396 2147 3647 2203 necdum

2001 2225 2072 2280 ad
2097 2224 2238 2281 solis
2269 2224 2613 2293 claritatem,
2650 2227 2936 2294 ordinem,
2982 2232 3493 2304 constantiamque
3517 2253 3647 2307 per-

1998 2314 2160 2370 venit
2190 2315 2294 2386 [Αἱ.
2330 2314 2696 2387 pervenerit],
2722 2315 2781 2370 in
2813 2316 2920 2372 hoc
2950 2317 3218 2375 Christus
3250 2336 3355 2376 nec
3384 2321 3649 2381 habitare

2001 2403 2231 2476 poterit,
2265 2420 2371 2458 nec
2400 2403 2719 2459 abundare.

2078 2514 2105 2541 ‹‹
2132 2493 2202 2547 Et
2234 2493 2454 2564 respexi
2489 2509 2614 2565 ego,
2650 2498 2713 2548 ut
2743 2493 2997 2551 viderem
3041 2497 3411 2569 sapientiam,
3453 2504 3511 2556 et
3559 2517 3647 2557 er-

2002 2597 2162 2637 rores
2192 2585 2248 2636 et
2278 2580 2610 2648 stultitiam,
2644 2582 2782 2654 quia
2820 2584 2952 2655 quis
3012 2589 3101 2641 est
3156 2586 3487 2657 hominum,
3547 2590 3649 2663 qui

2002 2671 2190 2741 possit
2231 2669 2313 2725 ire
2367 2674 2499 2742 post
2546 2687 2742 2743 regem
2796 2675 3011 2744 atque"
3061 2674 3336 2731 factorem
3366 2679 3589 2734 suum?
3624 2703 3651 2730 ››

2003 2758 2230 2823 Quiain
2264 2759 2664 2831 superioribus
2696 2778 2884 2834 usque
2929 2762 3000 2818 ad
3033 2779 3169 2819 eum
3201 2763 3393 2821 locum
3425 2766 3485 2822 in
3536 2786 3653 2841 quo

2003 2848 2308 2920 Scriptura
2339 2848 2455 2903 ait:
2497 2848 2771 2920 Sapientis
2813 2852 2962 2907 oculi
3008 2854 3069 2907 in
3107 2856 3283 2926 capite
3337 2857 3474 2928 ejus,
3536 2874 3651 2914 uno

2004 2941 2215 2992 cuncta
2244 2953 2513 2993 sermone
2545 2939 3124 3012 comprehenderem,
3175 2941 3377 2999 volens
3409 2962 3651 3002 sensum

2004 3025 2255 3081 breviter
2316 3025 2596 3090 indicare,
2656 3031 2713 3081 et
2772 3028 2845 3082 oh
2922 3029 2980 3083 id
3030 3046 3266 3086 rursum
3325 3034 3652 3089 secundum

2008 3113 2323 3187 ἀναγωγὴν,
2355 3113 2549 3184 aliqua
2578 3116 2731 3171 403
2778 3116 3255 3187 perstrinxeram,
3283 3136 3445 3175 nunc
3484 3121 3655 3192 justa

2005 3203 2065 3258 id
2097 3203 2250 3274 quod
2283 3219 2594 3274 cmperam,
2627 3220 2911 3276 exponere
2950 3206 3151 3262 debeo.
3212 3207 3461 3265 Multum
3491 3210 3653 3266 enim

241 3297 446 3354 videre
476 3296 842 3366 nos.iecit(II
865 3297 989 3351 Cor.
1025 3296 1130 3367 In).
1164 3298 1338 3353 Porro
1382 3298 1614 3353 stetisse
1663 3299 1897 3370 sapien-
1928 3284 1971 3350 C
2011 3308 2045 3347 a
2075 3291 2458 3363 Septuaginta
2487 3291 2961 3364 interpretatione
3005 3295 3064 3350 in
3097 3295 3204 3351 hoc
3233 3296 3355 3353 loco
3387 3299 3655 3355 diversus

242 3385 394 3443 tiam
424 3384 536 3441 sibi
556 3385 597 3456 ⁵,
630 3384 726 3440 ille
756 3401 967 3441 sensus
1013 3392 1122 3452 est,
1156 3387 1310 3457 quod
1370 3386 1546 3442 etiam
1604 3387 1662 3441 in
1723 3404 1897 3443 carne

256 3472 451 3547 posito
483 3472 596 3529 sibi
628 3473 782 3529 402
813 3475 1199 3545 permanserit
1228 3474 1536 3546 sapientia.
1598 3475 1704 3539 Qui
1765 3493 1896 3548 pro-

248 3563 474 3619 fectum
505 3561 681 3617 habet
710 3561 769 3616 in
803 3561 1109 3633 sapientia,
1156 3579 1269 3617 non
1328 3561 1378 3616 ei
1428 3567 1545 3618 stat
1575 3564 1892 3635 sapientia;

240 3649 351 3724 qui
376 3653 572 3706 autem
607 3666 722 3705 non
752 3650 955 3723 recipit
984 3651 1444 3723 profcctum,nec
1466 3668 1567 3724 per
1598 3659 1897 3710 momenta

243 3739 587 3811 succrescit,
616 3740 716 3795 sed
740 3755 972 3813 semper
1002 3739 1060 3794 in
1094 3739 1459 3813 plenitudine
1490 3747 1596 3809 est,
1652 3743 1760 3799 iste
1808 3744 1898 3799 di-

245 3844 381 3886 cere
411 3832 639 3901 potest:
664 3830 730 3883 Et
759 3830 906 3885 stetit
934 3828 1076 3883 mihi
1102 3831 1396 3900 sapientia.

327 3942 355 3968 ‹‹
382 3918 450 3973 Et
503 3933 676 3975 omne
733 3918 887 3989 quod
933 3917 1375 3990 postulaverunt
1413 3920 1563 3975 oculi
1601 3922 1735 3992 mei,
1783 3940 1898 3978 non

248 4005 365 4064 tuli
388 4006 459 4061 ab
481 4005 567 4062 eis
590 4023 603 4061 :
638 4022 742 4061 nec
765 4005 1037 4079 prohibui
1060 4023 1159 4062 cor
1181 4022 1376 4062 meum
1396 4008 1468 4063 ab
1492 4010 1649 4064 omni
1672 4009 1897 4067 laetitia:

250 4094 399 4169 quia
425 4110 525 4151 cor
554 4110 751 4150 meum
782 4094 1045 4151 lactatum
1069 4100 1157 4151 est
1182 4095 1240 4150 in
1286 4096 1445 4151 omni
1502 4097 1700 4154 labore
1749 4116 1899 4155 meo.

329 4236 533 4320 {Olim
584 4241 708 4320 erat
755 4246 1163 4303 inensurarum,
1228 4240 1904 4320 proquogiartianzeus

252 4308 397 4384 facit
427 4308 640 4384 minori
672 4324 920 4384 numero
938 4308 1282 4384 mensuram,
1316 4308 1460 4384 et_i_n
1504 4310 1901 4384 Hexaplorum

253 4379 600 4455 collectione
634 4380 865 4455 utrem,
903 4380 1047 4455 Mihi
1074 4381 1145 4436 ad
1178 4381 1353 4437 ﬁdem
1382 4381 1649 4455 Vaticani
1674 4379 1790 4441 ins.
1816 4391 1902 4440 at-

250 4468 375 4525 que
405 4450 647 4508 alterius
678 4450 923 4508 Palatini
955 4452 1356 4525 primagmanu
1389 4453 1572 4510 satius
1604 4455 1795 4511 visum
1819 4461 1905 4513 est

248 4522 392 4596 légi,
444 4539 789 4597 mensarum.
840 4522 1091 4597 EtAvero
1110 4522 1177 4597 si
1216 4540 1537 4579 mensarum
1579 4530 1804 4597 species,
1855 4537 1906 4583 et

250 4594 624 4678 oppositiones
646 4594 1228 4678 Symmachusdixit,
1264 4597 1338 4678 ab
1365 4594 1615 4668 Aquilae,
1654 4600 1773 4678 qui
1806 4616 1907 4670 po-

2008 3384 2097 3436 est
2126 3398 2356 3436 sensus.
2390 3380 2539 3436 Dicit
2566 3390 2761 3438 autem
2795 3399 2877 3449 se,
2912 3389 3044 3455 post
3097 3384 3341 3442 delicias
3382 3386 3656 3461 volupta-

2004 3473 2210 3541 tesque
2241 3469 2572 3538 damnatas,
2601 3472 2907 3528 revertisse
2937 3473 3010 3528 ad
3043 3474 3394 3545 sapientiam
3417 3478 3661 3550 perqui-

2007 3558 2249 3614 rendam
2280 3557 2339 3613 in
2370 3575 2488 3630 qua
2516 3558 2650 3631 plus
2680 3561 2895 3638 erroris
2927 3562 3310 3636 stultitiaque
3355 3566 3662 3638 repererit,

2005 3664 2178 3717 quam
2238 3664 2384 3703 verae
2433 3653 2724 3721 certosque
2756 3651 3097 3723 prudentiae.
3127 3652 3254 3709 Non
3282 3653 3441 3712 enim
3494 3670 3671 3730 posse

2006 3734 2307 3792 hominem
2366 3743 2485 3793 tam
2536 3736 2763 3810 liquido
2812 3743 2869 3812 et
2916 3757 3060 3812 pure
3106 3741 3256 3797 scire
3304 3743 3654 3816 sapientiam

2008 3825 2286 3882 creatoris
2317 3830 2374 3882 et
2402 3826 2558 3899 regis
2585 3828 2701 3895 sui,
2736 3845 2912 3899 quam
2946 3830 3057 3884 scit
3088 3829 3203 3899 ille,
3236 3831 3337 3901 qui
3385 3832 3671 3889 conditor-

2009 3920 2117 3971 est.
2154 3916 2353 3987 Itaque
2381 3922 2439 3971 et
2467 3916 2569 3972 illa
2598 3934 2725 3989 quae
2757 3917 3047 3988 novimus,
3082 3918 3305 3990 opinari
3334 3936 3442 3976 nos
3462 3922 3659 3993 potius

2012 4020 2193 4075 quam
2219 4009 2436 4070 tenere,
2467 4010 2523 4059 et
2553 4004 2844 4061 aestimare
2868 4006 3059 4079 magis
3086 4024 3263 4079 quam
3295 4008 3465 4079 scire,
3500 4012 3657 4084 quod

2010 4108 2212 4147 verum
2246 4096 2357 4149 est.

2012 4234 2324 4317 προσέθηκα
2354 4234 2541 4312 σοφίαν
2576 4238 2720 4317 τῖαξρά
2769 4238 2971 4299 πάντας
3009 4258 3021 4295 :
3068 4242 3134 4295 Et
3217 4241 3395 4317 adieci
3445 4245 3667 4317 sapien-

2015 4310 2332 4386 tiamsaper
2359 4310 2559 4386 manes.
2598 4310 2731 4386 NOX
2760 4327 2995 4386 quoque
3046 4328 3201 4367 unus
3252 4310 3528 4386 Palestin;
3568 4316 3664 4371 ad-

2013 4379 2183 4501 ἶςιθίξίι,
2234 4396 2337 4450 pro
2383 4383 2547 4438 stetit.
2598 4379 2836 4440 Veteres
2881 4379 3021 4439 edit.
3094 4387 3299 4452 astitit,
3345 4385 3443 4441 hic
3492 4379 3669 4459 atque

2015 4466 2072 4501 1n
2106 4466 2187 4501 ra.

2015 4466 2187 4505 lnll‘ﬂ.

2088 4519 2109 4552 ‘
2142 4522 2225 4596 Ita
2256 4527 2312 4596 et
2342 4539 2487 4596 mss.
2520 4524 2636 4581 duo
2668 4524 2933 4593 Palatini,
2968 4532 3025 4582 et
3072 4525 3364 4582 Victorius
3422 4526 3662 4596 habent,

2016 4593 2392 4669 concinniore
2419 4595 2589 4669 longe
2634 4614 2832 4653 sensu.
2883 4598 3254 4654 Martianazus
3278 4598 3462 4654 active
3493 4593 3661 4655 intetQ

248 4656 509 4723 culorum
537 4656 743 4740 speciEs
766 4669 1090 4740 nominavit,
1125 4656 1240 4740 non
1274 4656 1483 4740 longe,
1521 4656 1687 4740 quod.
1710 4656 1906 4727 Hiero-
1938 4656 1986 4721 D
2018 4658 2161 4740 ligjt.

250 4753 394 4810 nym
405 4755 472 4794 us
494 4738 966 4810 tradit,opinione
988 4737 1488 4810 abfuit.Contra,si
1511 4737 1901 4797 mensurarum

250 4808 379 4883 aut,
413 4826 545 4882 quae
608 4808 775 4881 pejor
815 4816 905 4866 est
947 4808 1133 4875 lectio,
1186 4826 1501 4883 mensuram
1551 4815 1753 4883 species
1782 4832 1906 4867 ver-

251 4880 465 4956 tisset,_
489 4880 623 4956 et_c.,
656 4880 783 4953 qua:
815 4897 991 4956 voces
1014 4897 1201 4956 neque
1232 4882 1302 4935 ad
1330 4898 1397 4956 se
1430 4880 1678 4956 invicem
1715 4903 1906 4956 respe-

251 4956 418 5027 ctum
452 4951 830 5027 habent,__nec
857 4952 1003 5027 quid
1023 4953 1259 5027 tandem
1294 4952 1473 5008 simul
1519 4956 1741 5024 junclm
1784 4951 1903 5027 sig-

250 4998 1253 5096 niﬁcen‘t-gintelligtuir.Reliquus
1312 4998 1909 5095 quohué'ééhiei’iﬁs

250 5094 908 5168 emendationem—hanc
939 5095 1164 5168 probat.

329 5164 647 5238 {martiam
694 5166 913 5237 absque
939 5164 1016 5221 ‘2'n
1070 5165 1513 5238 praepositione:
1575 5171 1700 5223 tum
1754 5186 1907 5225 unus

247 5236 507 5310 Palatin.
535 5239 721 5309 mista,
755 5236 857 5310 pro
880 5236 1541 5294 mistofProverbiorum
1573 5238 1736 5295 locus
1794 5247 1902 5297 est.

252 5325 336 5376 rx,
367 5308 439 5380 ὃς
485 5309 684 5376 Venite,
707 5308 945 5365 comedit.
974 5326 1204 5380 epanem
1232 5318 1489 5378 meum,et
1521 5310 1688 5366 bibite
1720 5316 1909 5367 vinum

252 5378 403 5454 quod
429 5383 633 5454 miscui
664 5378 1054 5454 vobis.Estque
1083 5379 1204 5454 llch
1229 5381 1285 5454 in
1310 5380 1518 5454 primis
1548 5383 1903 5454 adnotanda,

250 5449 331 5506 ad
366 5450 663 5524 veritatem
696 5449 1199 5524 corporis-Christi
1234 5452 1290 5505 in
1311 5449 1701 5508 Eucharistia
1732 5449 1905 5510 conti;

250 5522 517 5595 tendam,
552 5522 872 5594 anagogica
901 5524 1236 5595 Hieronymi
1270 5524 1692 5595 interpretatio.

329 5592 352 5627 ⁸
381 5592 592 5650 Vocem
627 5592 1162 5667 sapientiamquam
1192 5592 1654 5667 maleoiniserat
1683 5600 1908 5654 Martia-

251 5681 480 5736 naeus,e
491 5664 724 5723 duobus
738 5664 1195 5725 mss.Pa'lcstinis
1216 5672 1273 5721 et
1296 5664 1627 5722 Victoriana
1656 5669 1909 5727 editione

250 5734 630 5801 suﬁ‘ecimus.
669 5738 753 5797 Ita
808 5743 867 5797 et
916 5738 1098 5797 Graeci
1146 5737 1345 5812 plures
1376 5737 1510 5795 libri
1550 5737 1786 5814 habent,
1820 5743 1910 5796 καὶ

2092 4735 2312 4812 _‘_Porr_o
2340 4741 2551 4812 stetisse
2591 4740 2925 4810 sapientiam
2970 4740 3096 4795 sibi.
3151 4740 3290 4812 Ter,
3322 4743 3662 4812 corruptum

2019 4810 2107 4859 est
2140 4807 2292 4883 istud
2326 4810 2565 4864 verbum
2601 4807 2752 4881 apud
2788 4812 3013 4866 Erasm.
3048 4814 3105 4865 et
3150 4809 3393 4865 Marian.
3430 4807 3529 4883 qui
3588 4811 3665 4883 le-

2018 4884 2166 5001 gunt
2212 4879 2271 4934 in
2315 4884 2497 4948 textu,
2543 4879 2817 4950 sapientia
2868 4898 2989 4937 mea
3046 4884 3223 4937 astitit
3268 4883 3409 4936 mihi
3437 4879 3462 4949 ;’
3501 4886 3557 4937 et
3604 4882 3661 4938 in

2061 4951 2469 5001 ommeninrio-
2509 4955 2753 5001 astitissc
2793 4955 3125 5001 sanientimn
3172 4953 3298 5001 sibi-
3352 4960 3410 5001 et
3462 4970 3661 5001 conse-

2061 4951 2469 5016 ommentario,
2509 4955 2753 5007 astitisse
2793 4955 3125 5025 sapientiam
3172 4953 3299 5019 sibi,
3352 4960 3410 5008 et
3462 4970 3663 5010 conse-

2019 5028 2282 5091 quenter,
2317 5029 2470 5078 astat
2496 5025 2638 5078 mihi
2663 5026 2950 5094 sapientia.
2987 5024 3276 5079 MAR'I‘IAN.

2096 5096 2117 5129 θ
2146 5096 2490 5167 Τι’θξιμῐῐιεξη
2525 5098 2573 5150 et
2604 5092 2851 5166 voluptas
2895 5097 3171 5167 spiritus;
3223 5092 3411 5167 multo
3468 5103 3663 5167 autem

2018 5165 2235 5226 rectius
2266 5165 2360 5221 hic
2390 5165 2635 5221 alterum
2668 5165 2935 5222 comma}
2967 5175 3017 5223 et
3045 5183 3159 5223 non
3204 5174 3285 5222 est
3321 5166 3668 5224 abundantia

2015 5242 2117 5297 sub
2146 5238 2276 5306 sole,
2311 5238 2604 5308 ignorant.

2088 5314 2106 5347 ⁷
2143 5311 2262 5364 Duo
2297 5308 2541 5364 Palatini
2581 5326 2724 5366 mss.
2774 5326 2908 5365 cum
2952 5309 3251 5364 veteribus
3309 5308 3484 5365 editis
3537 5319 3668 5367 ante

2019 5402 2122 5457 pro
2154 5389 2341 5457 atque;
2375 5380 2904 5457 Vatpicsutramque
2933 5398 3132 5436 vocem
3165 5379 3626 5457 veriusomittit.

2089 5486 2157 5495 --
2190 5451 2315 5523 Qui
2340 5454 2509 5521 possit
2556 5454 2638 5507 ire
2680 5451 3051 5523 post’rcgcm,
3104 5457 3215 5507 etc.
3270 5451 3412 5509 Male
3460 5453 3520 5509 in
3552 5453 3665 5510 eis-

2019 5527 2150 5581 dem
2184 5522 2355 5598 editis
2386 5540 2451 5578 ac
2484 5522 2689 5595 paucis
2744 5542 2884 5578 mss.
2936 5524 3372 5596 exemplaribus
3428 5524 3662 5598 legitur,

2054 5600 2114 5652 ui
2168 5597 2336 5666 possit
2398 5597 2478 5648 ire
2539 5605 2657 5666 post
2730 5613 2905 5665 regem
2965 5601 3091 5652 ante
3146 5600 3409 5667 [actorem
3466 5597 3668 5653 suum?

2075 5681 2302 5725 ΑΒἸῚΑΝ.
