3992 6386
397 316 563 387 1083

1636 321 1699 383 S.
1748 317 2060 384 EUSEBII
2102 317 2573 384 HIERONYMI.

3643 314 3827 393 me,

468 480 495 507 ‹‹
530 461 597 512 Et
623 452 1028 529 vidiego,quia
1055 457 1145 513 est
1166 452 1526 512 abundantia
1546 455 1842 528 sapientiae
1866 471 2041 527 super
2069 458 2124 520 Α
2153 461 2210 511 et
2242 456 2298 511 in
2329 456 2709 513 tabernaculo
2739 455 2851 514 isto
2880 454 3759 532 Apostolusingemiscitdicens
3786 475 3804 518 :

394 545 732 613 stultitiam,
768 547 922 603 sicut
943 546 1302 601 abundantia
1324 546 1472 600 lucis
1496 562 1671 617 super
1693 545 1981 600 tenebras.
2011 568 2038 593 »

394 637 570 706 Licet,
606 636 818 709 inquit,
850 635 1039 707 ipsam
1070 635 1378 690 hominum
1421 635 1767 705 sapientiam
1800 634 2036 689 mistam

393 743 588 782 errore
620 724 991 799 perviderim,
1024 742 1129 780 nec
1162 729 1278 781 tam
1302 724 1516 796 purein
1546 728 1777 778 nostros
1806 724 2036 778 animos

388 815 547 871 illabi
580 831 767 886 posse,
803 830 981 885 quam
1013 818 1102 869 est
1134 814 1189 869 in
1224 830 1356 884 rege
1387 818 1443 868 et
1473 813 1768 868 conditore
1802 819 2031 879 nostro;

388 908 584 959 tamen
618 920 894 975 magnam
928 903 1102 957 etiam
1130 902 1190 957 in
1217 920 1281 957 eo
1314 903 1468 974 quod
1500 907 1609 965 est,
1644 903 2028 956 differentiam

388 994 541 1048 inter
569 990 732 1048 illam
765 996 821 1047 et
853 991 1158 1047 stultitiam
1191 1009 1318 1046 esse
1350 992 1903 1063 cognovi,quantum
1930 1009 2028 1064 po-

387 1086 502 1138 test
521 1081 743 1137 distare
772 1081 895 1137 dies
922 1099 955 1135 a
987 1086 1172 1146 nocte,
1201 1080 1398 1135 lumen
1431 1098 1464 1136 a
1492 1081 1782 1155 tenebris.‘

457 1194 485 1220 ‹‹
518 1170 811 1243 Sapientis
842 1169 993 1225 oculi
1028 1170 1085 1224 in
1114 1171 1299 1241 capite
1325 1172 1470 1240 ejus,
1504 1174 1560 1225 et
1591 1170 1810 1225 stultus
1848 1170 1908 1224 in
1942 1175 2027 1225 te-

388 1260 583 1316 nebris
616 1259 897 1315 ambulat.
929 1260 996 1314 Et
1019 1260 1261 1330 cognovi
1295 1260 1569 1331 ego,quia
1598 1267 1839 1315 eventus
1874 1277 2027 1315 unus

385 1349 609 1405 eveniet
647 1348 917 1403 omnibus
945 1348 1047 1402 cis.
1084 1368 1109 1397 ››
1172 1348 1277 1413 Qui
1338 1348 1396 1401 in
1457 1349 1776 1418 perfectum
1838 1348 2025 1403 virum

388 1438 735 1509 pervenerit,
767 1442 825 1491 et
856 1436 1219 1491 merueritut
1275 1442 1451 1508 caput
1514 1436 1700 1508 ipsius
1758 1436 2025 1492 Christus

383 1526 479 1595 sit,
511 1525 711 1581 oculos
742 1543 881 1581 suos
913 1542 1147 1597 semper
1176 1524 1414 1580 habebit
1435 1526 1502 1580 ad
1528 1525 1909 1594 Cbristum,et
1926 1542 2024 1580 eos

376 1615 435 1670 in
468 1614 721 1671 sublime
752 1615 1002 1677 elevans,
1037 1630 1339 1684 nunquam
1374 1613 1838 1669 deinferioribus
1870 1614 2022 1683 cogi-

375 1704 543 1760 tabit.
576 1704 721 1759 Cum
755 1703 873 1758 haec
906 1721 965 1759 se
998 1703 1078 1758 ita
1110 1703 1384 1771 habeant,
1414 1709 1469 1757 et
1500 1702 1651 1757 inter
1696 1704 2021 1773 sapientem

376 1797 434 1849 et
464 1792 708 1848 stultum
732 1797 894 1849 tanta
924 1792 1204 1847 distantia
1234 1792 1515 1891 sit,'quod
1551 1792 1697 1891 alter
1729 1790 2024 1891 diei,alter
2051 1827 2099 1891 B

376 1882 633 1938 tenebris
659 1885 1052 1955 comparetur,
1092 1881 1188 1937 ille
1230 1880 1428 1936 oculos
1479 1882 1551 1936 ad
1588 1880 1797 1937 coelum
1851 1879 2021 1946 levet,

374 1969 485 2026 iste
523 1972 581 2026 in
631 1976 847 2027 terram
899 1971 1226 2043 deprimat:
1278 1974 1514 2042 repente
1560 1969 1701 2025 mihi
1747 1969 2020 2041 cogitatio

374 2059 489 2115 ista
520 2060 835 2132 subrepsit,
870 2076 1051 2131 quare
1079 2060 1312 2131 sapiens
1343 2064 1401 2115 et
1451 2060 1669 2115 stultus
1718 2059 2017 2114 communi

374 2149 654 2206 finiantur
685 2149 945 2213 interitu,
976 2165 1079 2203 cur
1104 2149 1319 2203 eredem
1351 2148 1554 2220 plaga).
1575 2148 1727 2203 idem
1756 2154 2021 2205 eventus.

370 2239 573 2295 eadem
607 2255 787 2309 mors,
822 2255 992 2308 pares
1026 2242 1342 2309 utrumque
1374 2238 1656 2309 angustiae
1691 2242 1976 2309 premant.

444 2352 471 2377 ‹‹
506 2330 572 2383 Et
600 2328 715 2383 dixi
750 2344 853 2399 ego
885 2326 944 2381 in
975 2328 1145 2382 corde
1177 2345 1324 2387 meo.
1369 2326 1522 2382 sicut
1553 2331 1793 2382 eventus
1826 2326 2013 2381 stulti.

374 2418 456 2473 ita
485 2422 541 2473 et
566 2417 709 2472 mihi
743 2416 985 2482 eveniet,
1018 2421 1074 2471 et
1097 2421 1160 2471 ut
1192 2416 1329 2488 quid
1363 2416 1595 2488 sapiens
1630 2417 1815 2471 factus
1844 2432 1970 2471 sum
1990 2416 2017 2471 ?

374 2506 441 2561 Et
471 2504 701 2561 locutus
732 2521 865 2560 sum
898 2505 955 2560 in
988 2505 1158 2560 corde
1190 2505 1624 2576 meo,quoniam
1655 2504 1763 2559 hoc
1786 2521 2017 2576 quoque

369 2593 750 2651 vanitas.Non
772 2594 927 2650 enim
951 2594 1058 2649 erit
1076 2594 1357 2650 memoria
1380 2593 1658 2665 sapientis
1680 2610 1813 2649 cum
1836 2593 2016 2649 stulto

370 2683 432 2737 in
456 2686 835 2749 aeternum,eo
868 2684 1022 2755 quod
1057 2698 1187 2737 ecce
1209 2682 1415 2737 diebus
1450 2682 1547 2753 qui
1585 2682 2014 2754 supervenient,

371 2769 644 2827 universa
669 2770 879 2826 oblivio
924 2771 1245 2842 cOOperiet;
1294 2775 1350 2825 et
1398 2772 1691 2842 quomodo
1734 2771 2017 2826 morietur

372 2858 610 2931 sapiens
658 2874 790 2913 cum
836 2857 1067 2913 stulto?
1120 2881 1145 2906 ››
1195 2858 1342 2919 Dixi.
1391 2859 1625 2929 sapiens
1685 2864 1740 2913 et
1770 2859 2005 2927 stultus,

363 2950 565 3021 justus
596 2955 648 3003 et
687 2947 927 3020 impius,
960 2947 1165 3018 mquali
1195 2952 1346 3002 sorte
1378 2947 1715 3011 morientur,
1745 2953 1799 3002 et
1822 2948 2016 3003 omnia

371 3037 429 3092 in
462 3036 569 3092 hoc
600 3035 807 3092 saaculo
832 3035 986 3091 mala
1008 3041 1214 3091 eventu
1239 3034 1416 3090 simili
1440 3036 1846 3102 sustinebunt;
1872 3037 2011 3107 quid

368 3142 504 3199 ergo
536 3126 680 3181 mihi
713 3127 967 3199 prodest,
1003 3126 1154 3198 quod
1198 3129 1435 3181 secutus
1485 3143 1616 3181 sum
1666 3127 2011 3197 sapientiam

2148 546 2309 600 Miser
2345 562 2438 616 ego
2469 546 2644 613 homo,
2672 548 2793 617 quis
2831 564 2919 602 me
2949 546 3205 603 liberabit
3232 549 3300 603 de
3336 563 3558 619 corpore
3601 550 3805 605 mortis

2146 636 2310 707 hujus
2343 638 2522 705 (Rom.
2561 654 2662 703 vn,
2704 637 2840 708 2(1)?
2865 641 3019 692 recte
3058 638 3188 692 odio
3221 637 3394 693 habet
3426 652 3598 692 omne
3634 637 3800 709 quod

2148 724 2257 779 sub
2284 724 2405 779 sole
2438 724 2655 779 factum
2688 730 2793 779 est.
2828 726 2911 779 Ad
2932 725 3423 797 comparationem
3456 726 3675 798 quippe
3699 743 3799 799 pa-

2147 812 2324 868 radisi
2357 818 2414 868 et
2443 813 2602 869 illius
2633 814 2761 868 vitae
2794 814 3243 880 beatitudinem,
3278 814 3335 868 in
3369 830 3483 886 qua
3514 813 3793 886 spiritua-

2144 901 2300 957 libus
2332 903 2543 974 pomis,
2578 907 2631 957 et
2664 903 2946 958 virtutum
2978 902 3204 957 deliciis
3236 902 3597 958 fruebamur:
3631 920 3793 959 nunc

2144 992 2311 1064 quasi
2344 992 2398 1046 in
2433 991 2729 1065 ergastulo
2757 996 2813 1047 et
2844 1008 3072 1047 carcere
3105 1008 3307 1047 sumus
3337 996 3394 1046 et
3420 991 3569 1047 valle
3601 991 3789 1066 lacry-

2143 1082 2460 1151 marum,in
2484 1082 2696 1136 sudore
2712 1080 2911 1136 vultus
2944 1080 3129 1135 nostri
3152 1082 3523 1137 comedentes
3546 1097 3783 1153 panem.

2213 1192 2239 1217 ‹‹
2274 1172 2343 1225 Et
2373 1171 2525 1226 odivi
2556 1187 2660 1242 ego
2695 1186 2930 1226 omnem
2962 1169 3219 1225 laborem
3253 1185 3654 1242 meum,quem
3678 1187 3785 1244 ego

2137 1259 2356 1327 laboro,
2390 1260 2497 1315 sub
2530 1259 2815 1332 sole,quia
2853 1259 3081 1314 dimitto
3114 1258 3280 1313 illum
3311 1258 3554 1327 homini,
3578 1260 3783 1332 quifu-

2137 1353 2303 1404 turus
2336 1354 2424 1403 est
2456 1354 2587 1420 post
2627 1365 2738 1403 me.
2772 1349 2841 1402 Et
2873 1348 3007 1419 quis
3041 1347 3152 1403 scit
3182 1364 3367 1403 unum
3415 1346 3649 1419 sapiens
3677 1347 3770 1419 sit,

2136 1455 2209 1493 an
2239 1437 2458 1493 stultus
2478 1437 2505 1491 ?
2533 1443 2588 1491 et
2619 1437 3021 1492 dominabitur
3074 1437 3132 1491 in
3164 1435 3325 1492 omni
3355 1436 3577 1503 labore,
3624 1452 3775 1504 meo,

2135 1543 2249 1598 quo
2282 1525 2621 1591 laboravi,et
2642 1526 2700 1580 in
2733 1542 2848 1596 quo
2873 1525 3108 1597 sapiens
3127 1527 3315 1581 factus
3348 1542 3480 1581 sum
3504 1526 3615 1581 sub
3636 1525 3775 1582 sole:

2135 1616 2235 1671 sed
2269 1621 2325 1670 et
2354 1614 2462 1670 hoc
2493 1615 2742 1670 vanitas.
2780 1637 2807 1663 »
2838 1615 3084 1669 Videtur
3139 1614 3379 1685 quidem
3436 1615 3505 1670 de
3562 1615 3775 1670 divitiis

2132 1709 2188 1758 et
2217 1704 2429 1775 opibus
2460 1708 2791 1770 retractare,
2826 1704 2978 1774 quod
3022 1704 3347 1759 secundum
3404 1702 3773 1775 Evangelium

2134 1793 2438 1865 repentina
2469 1797 2653 1847 morte
2685 1792 3162 1863 subtracti,quali
3182 1793 3505 1847 moriamur
3526 1792 3770 1863 haarede,

2132 1882 2463 1937 nesciamus
2490 1900 2502 1949 ;
2536 1885 2735 1937 utrum
2762 1881 2981 1937 stultus
2994 1898 3066 1937 an
3089 1881 3323 1954 sapiens
3347 1880 3548 1953 sit,qui
3573 1886 3773 1938 nostro

2130 1975 2218 2027 est
2248 1970 2445 2026 labore
2474 1971 2777 2025 fruiturus.
2796 1970 2957 2035 Quod
2978 1969 3309 2025 Salomonio
3349 1985 3578 2041 quoque
3624 1970 3775 2024 acci-

2128 2060 2245 2114 dit:
2280 2076 2394 2115 non
2427 2060 2583 2114 enim
2626 2058 2880 2113 similem
2915 2058 3005 2113 sui
3037 2058 3245 2114 habuit
3276 2057 3462 2113 filium
3493 2059 3767 2113 Rohoam.

2127 2150 2206 2204 Ex
2238 2166 2352 2220 quo
2378 2147 2856 2220 intelligimus.ne
2888 2148 3072 2202 lilium
3104 2148 3342 2218 quidem
3373 2147 3552 2219 patris
3584 2146 3775 2202 haere-

2126 2238 2306 2292 ditate
2338 2237 2578 2307 dignum
2614 2253 2759 2305 esse,
2803 2236 2850 2291 si
2884 2235 3101 2292 stultus
3129 2237 3224 2292 sit.
3270 2237 3381 2291 Sed
3415 2236 3559 2291 mihi
3589 2236 3766 2291 altius

2126 2324 2585 2395 comtemplanti,
2620 2326 2691 2379 de
2720 2324 2917 2379 labore
2947 2324 3175 2379 videtur
3218 2324 3409 2380 dicere
3458 2323 3763 2396 spirituali,

2127 2415 2284 2486 quod
2325 2415 2533 2469 diebus
2567 2431 2631 2469 ac
2662 2414 2814 2470 405
2857 2414 3125 2469 noctibus
3156 2413 3243 2469 vir
3273 2414 3505 2486 sapiens
3532 2413 3589 2468 in
3623 2412 3769 2468 Scri-

2127 2504 2315 2576 pturis
2345 2502 2585 2573 laboret,
2619 2508 2675 2558 et
2704 2506 3016 2575 componat
3053 2502 3253 2570 libros,
3306 2507 3371 2557 ut
3427 2502 3768 2558 memoriam

2125 2593 2216 2647 sui
2258 2591 2505 2664 posteris
2536 2591 2923 2663 derelinquat,
2956 2596 3013 2647 et
3044 2591 3427 2648 nihilominus
3460 2591 3518 2646 in
3552 2608 3765 2648 manus

2125 2680 2440 2737 stultorum
2472 2682 2729 2748 veniant,
2766 2681 2865 2753 qui
2897 2681 3230 2753 frequenter
3287 2681 3610 2737 secundum
3642 2696 3766 2752 per-

2123 2771 2456 2825 versitatem
2489 2769 2679 2824 cordis
2713 2770 2823 2838 sui,
2858 2770 3086 2825 semina
3148 2770 3282 2825 inde
3333 2769 3626 2825 hareseon
3672 2786 3771 2824 ca-

2123 2859 2304 2930 piant,
2339 2863 2395 2914 et
2426 2858 2647 2913 alienos
2679 2857 2908 2913 labores
2942 2858 3395 2914 calumnientur.
3428 2858 3483 2912 Si
3513 2858 3666 2915 enim
3698 2858 3770 2913 de

2123 2946 2523 3019 corporalibus
2556 2946 2775 3001 divitiis
2808 2964 2963 3002 nunc
2995 2947 3350 3003 Ecclesiasten
3409 2963 3598 3003 sermo
3656 2951 3764 3016 est,

2124 3036 2261 3107 quid
2305 3052 2540 3091 necesse
2573 3035 2679 3090 fuit
2706 3037 2776 3091 de
2808 3035 3004 3091 laboro
3034 3040 3089 3091 et
3119 3036 3330 3107 opibus
3371 3036 3595 3090 dicere:
3628 3058 3655 3084 ‹‹
3699 3036 3772 3090 Et

2123 3124 2523 3180 dominabitur
2556 3124 2614 3179 in
2643 3124 2800 3179 omni
2835 3123 3031 3180 labore
3062 3141 3210 3195 meo,
3244 3125 3301 3179 in
3336 3141 3451 3197 quo
3481 3123 3765 3194 laboravi,

312 3214 319 3217 ’
370 3196 535 3272 ΔῘΙΔ
567 3220 623 3271 et
643 3196 776 3288 plus
807 3196 1035 3271 caeteris
1059 3214 1363 3270 laboravi?
1394 3215 1648 3270 Rursum
1673 3196 1933 3287 cogitans
1955 3219 2012 3270 et
2041 3196 2084 3262 (ἶ
2123 3218 2179 3270 et
2205 3213 2265 3268 in
2298 3230 2412 3285 quo
2436 3214 2671 3285 sapiens
2696 3213 2883 3270 factus
2906 3231 3036 3269 sum
3058 3214 3166 3269 sub
3195 3212 3315 3270 sole
3334 3196 3369 3268 .97
3392 3236 3419 3262 »
3450 3214 3584 3278 Qum
3606 3212 3764 3269 enim

369 3303 681 3376 diligenter
710 3321 940 3359 mecum
989 3309 1182 3359 mente
1230 3308 1609 3377 pertractans,
1659 3304 2010 3359 sententiam

370 3408 561 3448 meam
592 3408 803 3448 vanam
832 3410 958 3448 esse
989 3393 1365 3464 deprehendi.
1394 3394 1519 3448 Non
1551 3393 1707 3449 enim
1740 3392 2013 3448 similiter

370 3481 605 3553 sapiens
626 3485 682 3536 et
712 3480 995 3553 insipiens
1027 3481 1328 3535 habebunt
1357 3482 1416 3535 in
1440 3482 1633 3536 futuro
1665 3482 2010 3537 memoriam

370 3569 607 3641 quando
648 3570 1077 3649 consummatio
1125 3570 1316 3625 veniet
1344 3571 1778 3626 universitatis:
1823 3576 1880 3626 et
1911 3587 2009 3625 ne-

369 3675 665 3730 quaquam
698 3661 819 3732 pari
853 3659 1009 3714 exitu
1042 3660 1416 3723 tenebuntur,
1450 3659 1587 3730 quia
1617 3658 1709 3714 hic
1741 3660 1812 3714 ad
1847 3659 2010 3714 refri-

367 3748 546 3821 geria,
578 3747 675 3804 ille
704 3752 903 3820 perget
934 3749 1004 3803 ad
1040 3764 1292 3819 poenam.
1338 3748 1608 3819 Apertius
1641 3748 1700 3803 in
1749 3748 1856 3804 hoc
1886 3747 2010 3803 loco

368 3854 611 3893 sensum
641 3838 991 3893 Hebraicum
1025 3836 1411 3908 Septuaginta
1450 3837 1796 3908 interpretes
1828 3841 2012 3891 trans-

364 3926 649 3995 tulerunt,
685 3926 818 3981 licet
849 3927 1156 3982 verborum
1191 3924 1453 3980 ordinem
1480 3941 1592 3978 non
1637 3925 1753 3979 sint
1785 3926 1967 3980 secuti
2000 3944 2011 3980 :

365 4037 393 4065 «
426 4016 497 4069 Et
528 4019 594 4068 ut
622 4014 763 4084 quid
798 4015 1031 4085 sapiens
1055 4013 1240 4069 factus
1275 4030 1407 4068 sum
1439 4030 1543 4085 ego
1566 4014 1591 4066 ’ἔ
1619 4013 1779 4067 Tunc
1820 4014 2011 4068 abun-

364 4103 574 4158 danter
614 4103 845 4157 locutus
877 4119 1008 4157 sum
1041 4102 1098 4156 in
1132 4103 1303 4157 corde
1336 4120 1483 4171 meo,
1546 4103 1823 4173 quoniam
1874 4103 2012 4158 insi-

364 4188 530 4262 piens
554 4205 623 4243 ex
643 4189 1003 4244 abundantia
1021 4189 1314 4261 loquitur:
1340 4191 1620 4262 quoniam
1645 4192 1755 4246 hoc
1780 4208 2012 4263 quoque

362 4276 758 4348 vanitas,quia
774 4294 887 4332 non
919 4283 1007 4333 est
1038 4279 1321 4334 memoria
1347 4280 1631 4350 sapientis
1664 4297 1798 4334 cum
1831 4280 2011 4335 stulto

362 4366 423 4421 in
455 4370 759 4437 aeternum,
793 4387 822 4416 μ
874 4371 930 4420 et
971 4371 1196 4421 caetera.
1252 4369 1415 4432 Quod
1459 4367 1723 4422 videlicet
1753 4370 2006 4440 priorem

362 4455 758 4529 opinationem
791 4472 961 4511 suam
994 4455 1233 4511 stultam
1276 4472 1403 4512 esse
1453 4458 1824 4521 convincens,
1872 4458 2012 4514 insi-

2122 3302 2409 3374 sapientia
2438 3307 2545 3368 est,
2582 3304 2841 3357 terrenas
2870 3302 3104 3358 divitias
3144 3317 3491 3375 congregare
3510 3301 3539 3356 ?

2192 3414 2219 3440 ‹‹
2258 3391 2323 3445 Et
2354 3407 2667 3446 conversus
2690 3407 2823 3445 sum
2854 3407 2980 3463 ego,
3027 3395 3091 3446 ut
3147 3391 3544 3447 renuntiarem
3603 3390 3767 3446 cordi

2121 3496 2251 3535 meo
2293 3481 2351 3534 in
2383 3480 2542 3535 omni
2572 3479 2771 3535 labore
2804 3496 2953 3547 meo,
2988 3496 3102 3551 quo
3133 3479 3392 3536 laboravi
3448 3480 3555 3536 sub
3614 3479 3756 3549 sole,

2121 3568 2260 3641 quia
2289 3573 2379 3624 est
2407 3569 2583 3623 homo
2605 3568 2699 3623 cui
2729 3568 2893 3624 labor
2924 3570 3053 3639 ejus
3083 3574 3171 3624 est
3234 3568 3295 3623 in
3356 3569 3681 3641 sapientia’
3708 3573 3769 3623 et

2122 3657 2385 3725 scientia,
2419 3662 2476 3712 et
2504 3657 2736 3725 virtute,
2762 3662 2817 3713 et
2846 3657 3071 3713 homini
3102 3657 3202 3730 qui
3232 3675 3347 3713 non
3370 3656 3761 3725 laboravit,illi

2121 3746 2285 3802 dabit
2322 3750 2545 3817 partem
2577 3762 2768 3801 suam.
2804 3746 2873 3801 Et
2903 3746 3140 3817 quidem
3184 3746 3293 3802 hoc
3318 3746 3543 3802 vanitas
3572 3751 3628 3802 et
3674 3762 3768 3801 ne-

2122 3834 2309 3907 quitia
2366 3833 2550 3890 multa
2602 3835 2640 3889 ³.
2700 3834 2845 3900 Quid
2906 3835 3063 3891 enim
3122 3836 3187 3889 ﬁt
3235 3834 3456 3891 homini
3507 3835 3565 3890 in
3605 3834 3762 3890 omni

2121 3923 2318 3980 labore
2349 3941 2473 3983 suo.
2509 3923 2649 3978 etin
2708 3923 3001 3979 voluntate
3054 3924 3247 3980 cordis
3299 3923 3411 3990 sui,
3460 3939 3576 3995 qua
3638 3924 3764 3994 ipse

2119 4014 2341 4069 laborat
2380 4013 2488 4068 sub
2521 4010 2638 4068 sole
2654 4012 2843 4088 {Quia
2873 4029 3076 4069 omnes
3108 4012 3231 4069 dies
3262 4015 3389 4084 ejus
3421 4011 3683 4068 dolorum
3707 4016 3767 4067 et

2120 4102 2431 4158 iracundia:
2465 4118 2878 4174 curarumque,
2911 4106 2969 4157 et
2999 4102 3238 4174 quidem
3300 4102 3359 4157 in
3428 4104 3594 4157 nocte
3646 4117 3760 4157 non

2119 4192 2338 4247 dormit
2365 4207 2462 4246 cor
2493 4192 2657 4261 ejus;
2691 4192 2790 4246 sed
2825 4195 2881 4246 et
2902 4191 3010 4247 hoc
3038 4192 3288 4248 vanitas.
3333 4191 3523 4263 Supra
3568 4190 3638 4244 de
3667 4189 3758 4244 in-

2121 4285 2276 4337 certo
2304 4280 2566 4351 loquitur
2595 4280 2842 4346 haerede,
2876 4279 3015 4351 quia
3044 4284 3243 4335 utrum
3275 4279 3512 4349 stultus,
3545 4295 3618 4335 an
3667 4295 3758 4334 sa-

2121 4371 2286 4442 piens
2318 4370 2582 4425 lahorum
2626 4368 2865 4423 alterius
2897 4369 3130 4425 futurus
3161 4368 3237 4424 sit
3268 4369 3560 4440 dominus,
3593 4366 3760 4440 igno-

2122 4462 2301 4513 retur.
2337 4457 2503 4512 Nunc
2534 4458 2735 4511 eadem
2764 4457 2999 4528 quidem
3031 4457 3257 4530 repetit,
3288 4457 3388 4514 sed
3420 4457 3479 4512 in
3529 4454 3628 4511 illo
3674 4456 3760 4510 di-

362 4546 588 4618 pienter
618 4562 679 4600 se
711 4544 969 4600 locutum
1002 4560 1129 4601 esse
1162 4548 1410 4601 testatus
1438 4546 1597 4613 sit,et
1618 4547 2010 4618 errasse,quia
2042 4564 2088 4627 D
2120 4564 2322 4603 versus
2355 4546 2847 4617 estsensus,quod
2882 4547 3059 4602 etiam
3085 4547 3134 4603 si
3165 4546 3305 4616 ﬁlio,
3330 4546 3379 4602 si
3413 4545 3763 4618 propinquo,

362 4636 495 4688 ante
528 4630 610 4687 sic
643 4632 913 4688 senserit.

434 4742 461 4769 «
495 4722 566 4777 Et
620 4721 770 4776 odivi
828 4721 1032 4788 vitam,
1100 4722 1237 4793 quia
1271 4721 1493 4776 malum
1527 4739 1705 4793 super
1736 4739 1827 4777 me
1860 4741 2009 4795 opus

364 4811 518 4883 quod
555 4810 771 4865 factum
808 4814 895 4865 est
927 4810 1036 4864 sub
1064 4809 1204 4876 sole,
1248 4811 1384 4881 quia
1437 4812 1640 4865 omnia
1696 4813 1923 4867 vanitas
1955 4818 2011 4867 ct

361 4899 552 4970 pastio
584 4899 759 4955 venti.
794 4921 821 4949 »
857 4899 915 4954 Si
949 4900 1227 4969 mundus,
1265 4899 1323 4953 in
1356 4899 1613 4970 maligno
1665 4900 1890 4970 positus
1922 4905 2011 4956 est

432 5077 448 5110 ¹
491 5074 785 5148 Palatinus
817 5076 962 5148 alter
988 5078 1205 5148 sapiens
1232 5078 1409 5147 factus
1436 5093 1562 5131 sum
1589 5091 1682 5146 ego
1702 5076 1731 5131 ?
1760 5076 1832 5131 ad
1862 5081 2009 5132 Grae-

361 5163 494 5203 cum
536 5146 869 5222 ξῑᾳοφισάμην
913 5145 1042 5220 ἐγώ.

431 5248 499 5257 —-
529 5220 680 5290 Elui
709 5220 841 5289 quid
896 5221 1115 5290 sapiens
1170 5222 1352 5289 factus
1407 5235 1528 5272 sum
1587 5222 1731 5285 ego?
1787 5220 2005 5275 Eadem

362 5289 708 5361 temeritate,
744 5308 859 5361 qua
900 5289 1116 5345 multos
1147 5297 1319 5346 antea
1346 5292 1571 5345 Grmcos
1603 5308 1804 5353 versus
1856 5294 2004 5346 inte-

361 5375 496 5431 gros
564 5360 794 5433 additos
845 5362 1119 5427 vidimus,
1169 5380 1323 5418 nunc
1366 5361 1689 5433 capitulum
1740 5362 2002 5417 Greecum

361 5436 582 5485 veteres
608 5431 891 5502 editiones
924 5435 1088 5487 nobis
1120 5431 1461 5498 obtrudunt‘,
1495 5434 1664 5502 cujus
1726 5450 1827 5487 nec
1874 5434 2003 5488 uni-

362 5518 495 5557 cum
528 5501 762 5577 quidem
798 5503 1035 5557 verbum
1066 5511 1301 5577 apparet
1353 5506 1409 5558 in
1462 5501 1613 5559 veris
1670 5503 2003 5577 Hieronymi

362 5572 811 5642 exemplaribus.
846 5572 1125 5630 MARTIAN'.

435 5644 454 5677 ²
485 5644 627 5698 Tres
659 5659 838 5700 mss.e
869 5646 1083 5715 quibus
1103 5647 1398 5703 Palatinus
1424 5647 1571 5703 alter
1593 5647 1849 5702 secunda
1872 5664 2022 5704 ma-'

2121 4637 2171 4693 si
2202 4641 2339 4691 noto
2372 4636 2548 4691 alicui
2580 4634 2972 4691 substantiam
3005 4634 3351 4707 laboresque
3380 4634 3652 4701 dimittat;
3680 4634 3761 4688 ni-

2121 4725 2441 4781 hilominus
2464 4730 2656 4779 tamen
2682 4725 2739 4778 in
2773 4725 3047 4780 eumdem
3074 4724 3359 4780 circulum
3382 4739 3475 4780 res
3504 4724 3763 4779 recurrat

2118 4821 2184 4870 ut
2250 4814 2394 4870 alter
2459 4813 2657 4869 labore
2734 4812 2973 4869 alterius
3047 4814 3397 4886 perfruatur,
3464 4817 3522 4867 et
3587 4812 3764 4868 sudor

2121 4902 2401 4970 mortui‘,
2463 4901 2683 4958 delicia:
2751 4902 2871 4957 sint
2899 4902 3165 4957 viventis.
3225 4904 3297 4958 Se
3356 4900 3764 4972 unusquisque

2118 5099 2217 5152 nu,
2251 5081 2425 5136 Labor
2455 5082 2570 5151 ejus
2599 5082 2674 5134 est
2702 5080 2762 5135 in
2789 5081 3026 5148 iustitia,
3078 5085 3128 5137 et
3186 5080 3481 5152 sapientia,
3508 5081 3618 5160 etc.

2186 5155 2207 5187 ³
2242 5154 2463 5208 Ραηίιαε
2500 5156 2552 5207 et
2579 5153 2828 5208 nequitia
2856 5154 3058 5208 multa.
3093 5154 3158 5207 In
3189 5151 3428 5208 Hebraeo
3481 5150 3764 5208 scriptum

2186 5165 2207 5187 δ
2244 5165 2463 5208 ramms
2500 5165 2552 5207 et
2579 5165 2828 5222 nequ-ma
2856 5165 3058 5208 multa.
3096 5165 3158 5207 In
3190 5165 3428 5208 πίθοι·ωο
3481 5165 3764 5220 scriptum

2116 5228 2208 5281 est
2235 5236 2350 5283 nan
2382 5232 2521 5286 navi
2578 5239 2743 5277 veraa
2786 5223 2978 5294 rabba,
3038 5225 3193 5291 quod
3237 5231 3293 5278 et
3316 5222 3565 5293 nequitia
3592 5219 3767 5294 multa

2114 5294 2483 5366 interpretari
2516 5299 2725 5366 potest,
2759 5299 2859 5349 aut
2886 5307 2938 5349 et
2961 5292 3174 5350 hiatum
3195 5292 3481 5364 magnum,
3515 5292 3653 5363 quia
3679 5306 3768 5366 ra-

2115 5369 2211 5423 dix
2242 5364 2479 5421 Hehrzea
2509 5364 2620 5427 32"
2651 5366 2842 5434 rabab,
2874 5368 3104 5423 multum
3149 5372 3207 5423 et
3260 5381 3524 5434 magnum
3569 5364 3760 5419 sonat.

2122 5440 2416 5493 Maurum.

2182 5458 2416 5494 ARTIAN.

2183 5512 2204 5543 ὀ
2234 5511 2297 5564 Et
2349 5508 2514 5579 suer
2543 5509 2768 5579 mortui.
2796 5509 2853 5562 Si
2876 5510 3100 5565 vanitas
3122 5511 3291 5579 est,et
3309 5504 3573 5578 nequitia
3614 5501 3771 5579 mul-

2113 5586 2190 5649 ta,
2226 5581 2379 5653 quod
2404 5578 2566 5653 alter
2606 5578 2802 5653 labore
2830 5580 3071 5653 alterius
3102 5574 3457 5653 perfruatur,
3491 5581 3547 5631 et
3584 5574 3770 5653 sudor

2112 5646 2349 5721 martui,
2383 5650 2605 5707 deliciae
2642 5650 2763 5707 sint
2790 5652 3074 5723 viventis;
3102 5646 3394 5726 quantam
3432 5646 3760 5720 nequitiam
