3992 6394
229 359 398 428 ξοδδ

1263 360 1894 429 COMMENTARIUS
1937 362 2018 426 IN
2062 363 2670 429 ECCLESIASTEN.

3487 357 3660 426 ηοω

225 498 583 569 consideret,
616 499 675 556 et
701 496 940 569 videbit,
983 501 1202 572 quanto
1243 498 1426 554 libros
1475 498 1670 554 labore
1715 515 1876 554 com-
1906 505 1963 572 Α
1990 497 2232 556 delicias
2252 505 2471 556 vertere
2504 517 2516 556 :
2551 506 2608 557 et
2638 501 2746 557 hoc
2766 504 2973 573 putare
3013 499 3230 556 donum
3255 511 3384 556 esse
3431 497 3548 568 Dei,
3594 515 3625 555 s

225 592 434 659 ponat,
469 590 786 661 quomodo.

300 703 680 776 §aape_stylum
709 707 896 767 vertat,
927 706 1143 765 iterum,
1175 718 1294 768 quae
1325 704 1487 767 digna
1508 703 1610 768 legi
1641 703 1766 764 sint,

297 767 608 832 Scripturus
641 783 652 818 :

985 830 1081 892 (Ex
1112 830 1294 879 Horat.
1327 829 1438 878 Sat.
1469 829 1502 877 Ι.
1534 843 1570 888 ι,
1601 831 1698 878 sat.
1732 828 1830 889 10).

231 948 294 1001 et
336 944 562 1000 homini
613 946 715 1018 qui
762 962 878 1001 non
934 944 1241 1013 laboravit,
1288 946 1385 1000 det
1429 948 1652 1018 partem
1701 960 1894 1000 suam.

234 1033 387 1098 Quid
419 1035 602 1102 enim,
637 1039 703 1090 ut
736 1039 872 1090 ante
885 1035 1016 1105 jam
1049 1033 1191 1101 dixi,
1221 1034 1293 1089 ad
1326 1049 1466 1105 opes
1512 1038 1679 1088 terrae
1719 1031 1895 1104 perti-

232 1125 381 1178 nent
403 1123 695 1196 sapientia
721 1128 779 1180 et
809 1123 1055 1180 scientia
1097 1126 1154 1178 et
1199 1123 1406 1190 virtus,
1455 1122 1515 1176 in
1569 1122 1786 1193 quibus
1834 1137 1897 1177 se

235 1211 540 1268 laborasse
568 1216 818 1269 testatus
851 1217 959 1280 est,
993 1229 1129 1268 cum
1165 1211 1484 1284 sapientiae,
1521 1210 1777 1267 scientiae
1802 1213 1893 1266 at-

237 1317 357 1373 que
384 1301 620 1358 virtutis
651 1301 750 1370 sit,
781 1301 1004 1358 calcare
1036 1306 1268 1357 terrena
1297 1301 1324 1354 ?

273 1463 280 1468 _
315 1413 343 1440 «
377 1390 501 1446 Non
535 1394 626 1446 est
656 1391 880 1446 bonnm
911 1389 1160 1456 homini,
1191 1388 1303 1444 nisi
1334 1389 1487 1461 quod
1521 1389 1808 1453 comedat,
1839 1390 1896 1442 et

239 1478 427 1548 bibat,
461 1482 520 1534 et
559 1480 832 1535 ostendat
861 1479 1068 1534 animae
1100 1495 1217 1534 sua:
1250 1479 1468 1534 bonum
1517 1478 1671 1533 406
1720 1477 1779 1531 in
1810 1475 1894 1531 la-

239 1567 386 1624 bore
415 1584 544 1623 suo.
577 1569 645 1623 Et
673 1568 912 1640 quidem
943 1567 1053 1623 hoc
1084 1567 1200 1622 vidi
1231 1583 1359 1638 ego,
1411 1565 1548 1638 quia
1591 1566 1662 1620 de
1714 1581 1894 1620 manu

240 1655 349 1712 Dei
379 1660 486 1712 est.
521 1656 661 1722 Quis
692 1655 845 1712 enim
879 1656 1162 1722 comedet,
1196 1659 1254 1711 et
1301 1656 1434 1728 quis
1459 1659 1655 1728 parcet
1699 1656 1720 1688 ²
1769 1655 1894 1710 sine

240 1743 344 1814 illp
367 1744 396 1799 ?
417 1743 554 1815 quia
585 1744 807 1800 homini
839 1745 990 1800 bono
1021 1760 1216 1800 coram
1249 1760 1311 1800 se
1335 1745 1496 1800 dedit
1516 1743 1890 1816 sapientiam,

237 1837 301 1889 et
330 1831 694 1900 scientiam,e
720 1837 744 1888 t
766 1832 1052 1898 laetitiam,
1073 1839 1131 1888 et
1157 1834 1418 1906 peccanti
1441 1834 1550 1904 [AL
1574 1830 1887 1904 peccatori]

237 1921 402 1977 dedit
431 1919 910 1994 sollicitudinem,
942 1926 1008 1977 ut
1045 1927 1257 1990 augeat
1298 1928 1355 1978 et
1397 1926 1712 1994 congreget
1759 1937 1887 1992 quae

238 2010 460 2066 dantur
489 2012 644 2066 bono
673 2015 807 2067 ante
838 2011 1044 2066 faciem
1080 2011 1176 2066 Dei
1207 2013 1247 2066 ³.
1283 2012 1393 2067 Sed
1424 2015 1481 2067 et
1511 2011 1619 2066 hoc
1642 2011 1888 2074 vanitas,

238 2101 303 2154 et
332 2097 711 2170 praesumptio
741 2098 1004 2170 spiritus.
1041 2120 1069 2147 ››
1102 2103 1421 2170 Postquam
1467 2099 1742 2154 universa
1769 2101 1891 2152 tra-

239 2187 416 2256 ctavi,
447 2192 504 2243 et
535 2186 680 2242 nihil
711 2187 1130 2259 injustiusesse
1147 2189 1620 2260 perspexi,quam
1639 2188 1892 2244 alterius

239 2275 446 2332 labore
475 2275 724 2331 alterum
751 2275 885 2344 frui,
917 2281 1057 2331 tunc
1110 2277 1252 2332 mihi
1294 2278 1488 2332 visum
1535 2281 1624 2332 est
1666 2277 1774 2332 hoc
1829 2276 1900 2336 in

237 2367 424 2422 rebus
452 2381 579 2420 esse
608 2364 1004 2435 iustissimum
1037 2368 1077 2433 ⁸,
1111 2371 1166 2422 et
1198 2367 1366 2438 quasi
1397 2365 1494 2422 Dei
1526 2367 1770 2432 donum,
1827 2369 1893 2420 ut

237 2471 351 2511 suo
381 2454 512 2525 quis
543 2453 742 2509 labore
771 2453 1062 2510 frueretur
1109 2455 1318 2510 bibens
1364 2459 1421 2511 et
1469 2455 1800 2524 comedens,
1834 2458 1892 2510 et

236 2559 348 2616 pro
378 2546 638 2614 tempore
668 2557 914 2613 parcens
958 2543 1168 2614 opibus
1199 2545 1220 2578 ⁵
1259 2543 1645 2616 congregatis.
1696 2543 1890 2615 Siqui-

237 2632 376 2688 dem
408 2647 626 2686 munus
660 2631 759 2686 Dei
789 2635 898 2699 est,
930 2631 1108 2688 talem
1137 2633 1260 2688 viro
1285 2633 1445 2703 justo
1476 2634 1600 2688 dari
1633 2637 1888 2688 mentem

235 2724 308 2777 ut
335 2736 401 2775 ea
431 2737 558 2792 quae
589 2720 746 2775 curis
785 2720 1122 2793 vigiliisque
1171 2722 1456 2792 quaesivit,
1506 2723 1632 2793 ipse
1679 2739 1886 2778 consu-

235 2812 385 2864 mat.
418 2807 578 2865 Sicut
607 2823 637 2864 e
669 2809 977 2877 contrario,
1013 2809 1110 2864 irae
1141 2809 1242 2864 Dei
1274 2815 1363 2866 est
1405 2810 1464 2864 in
1499 2814 1884 2882 peccatorem,

231 2901 306 2952 ut
322 2896 529 2952 diebus
557 2913 622 2953 ac
642 2896 912 2952 noctibus
930 2913 1068 2970 epes
1091 2902 1488 2970 congreget,et
1513 2915 1885 2970 nequaquam

229 2984 323 3042 eis
353 2989 543 3054 utens,
577 2985 670 3041 his
700 2984 1016 3058 relinquat,
1049 2985 1148 3058 qui
1177 2987 1233 3041 in
1267 2991 1581 3059 conspectu
1612 2986 1711 3042 Dei
1736 2987 1885 3058 justi

231 3077 397 3132 snnt.
432 3075 542 3130 Sed
574 3079 632 3130 et
659 3073 792 3140 hoc,
815 3075 1348 3147 inquit,diligentcr
1378 3076 1700 3148 inspiciens
1729 3080 1787 3130 et
1805 3076 1886 3130 vi-

229 3164 383 3220 dens
410 3163 608 3220 omnia
639 3167 826 3219 morte
857 3159 1038 3232 ﬁniri,
1062 3164 1449 3220 vanissimum
1464 3164 1884 3235 judicavi.Haec

1995 587 2202 644 alienis
2233 589 2485 645 miseriis
2507 595 2564 646 et
2608 589 2908 647 laboribus
2951 588 3374 665 perfruamur?
3418 595 3646 647 Bonum

1999 680 2088 731 est
2116 675 2312 748 itaque
2340 695 2505 734 veros
2537 679 2699 736 cibos
2729 684 2786 735 et
2809 695 3006 736 veram
3045 695 3278 735 sumere
3326 678 3646 751 potionem,

2003 781 2150 835 quos
2183 766 2251 821 de
2282 768 2431 840 Agni
2483 786 2656 825 carne
2701 774 2758 826 et
2791 769 3072 841 sanguine
3116 769 3176 824 in
3224 767 3434 824 divinis
3477 768 3643 824 volu-

2005 854 2266 910 minibus
2299 855 2650 913 invenimus.
2683 858 2823 922 Quis
2855 857 3007 913 eaim
3053 855 3142 913 vel
3190 857 3514 922 comedere,
3555 854 3645 911 vel

2004 959 2138 998 cum
2172 961 2320 1016 opus
2348 951 2456 1012 est,
2503 963 2737 1013 parcere
2766 949 2786 982 ⁷
2831 951 3016 1020 potest
3065 948 3288 1019 asbque
3340 946 3456 1002 Deo
3485 944 3514 1000 ?
3545 943 3646 1018 qui

2003 1032 2264 1104 prmcipit
2307 1041 2575 1090 sanctum
2625 1036 2872 1092 canibus
2927 1053 3042 1092 non
3100 1053 3228 1092 esse
3291 1035 3645 1092 mittendum

2005 1121 2235 1192 (Matth.,
2266 1141 2367 1191 vn,
2397 1126 2474 1196 6),
2506 1128 2562 1180 et
2590 1126 2776 1193 docet,
2809 1126 3103 1197 quomodo
3130 1125 3189 1180 in
3215 1128 3476 1198 tempore
3507 1140 3647 1180 con-

2005 1211 2186 1267 servis
2236 1211 2355 1268 sint
2403 1214 2596 1270 danda
2661 1214 2882 1270 cibaria
2929 1214 3136 1287 (Matth.
3214 1231 3369 1282 xx1v,
3422 1215 3534 1285 45),
3591 1217 3650 1270 et

1995 1301 2164 1370 juxta
2194 1300 2374 1356 alium
2409 1319 2670 1370 sensum,
2695 1303 2996 1359 inventum
3029 1303 3144 1360 mel
3175 1307 3406 1359 tantum
3454 1319 3648 1358 come-

2003 1388 2138 1444 dere
2161 1391 2202 1456 ⁸,
2236 1395 2525 1462 quantum
2557 1391 2751 1448 suifcit
2779 1395 2961 1460 (Prov.
3004 1409 3137 1458 xxv,
3183 1392 3270 1464 16)
3319 1413 3346 1442 ››
3399 1389 3648 1448 Pulchre

2003 1481 2199 1533 autem
2231 1480 2452 1534 nomini
2484 1481 2634 1536 bono
2663 1481 2818 1536 Deus
2847 1483 2943 1536 dat
2973 1479 3344 1554 sapientiam,
3375 1484 3434 1536 et
3461 1481 3650 1535 scien-

2001 1566 2168 1637 tiam,
2200 1572 2256 1622 et
2288 1568 2546 1624 laetitiam
2572 1587 2585 1625 :
2610 1569 2724 1625 nisi
2755 1571 2908 1625 enim
2941 1572 3134 1626 bonus
3161 1571 3354 1637 fuerit,
3379 1574 3438 1625 et
3455 1586 3649 1626 mores

2005 1671 2144 1711 suos
2177 1658 2325 1713 407
2379 1657 2612 1729 proprio
2651 1658 2893 1714 arbitrio
2941 1665 3076 1714 ante
3129 1660 3150 1694 ⁹
3204 1658 3537 1728 correxerit,
3561 1675 3652 1714 sa-

2003 1744 2306 1815 pientiam,
2336 1750 2393 1800 et
2421 1746 2749 1814 scientiam,
2781 1752 2837 1803 et
2885 1747 3152 1803 laetitiam
3200 1764 3317 1803 non
3373 1751 3648 1815 meretur,

2005 1835 2331 1888 secundum
2358 1833 2500 1889 illud
2535 1837 2688 1906 quod
2721 1835 2858 1891 alibi
2890 1835 3110 1891 dicitur
3142 1853 3156 1902 ;
3194 1837 3469 1892 Seminate
3505 1835 3654 1891 vobis

2003 1924 2060 1976 in
2087 1923 2334 1993 justitia,
2386 1923 2717 1979 vindemiato
2764 1926 2824 1979 in
2883 1927 3070 1996 fructu
3139 1925 3288 1988 vitae,
3338 1925 3654 1981 illuminate

2000 2011 2148 2066 vobis
2180 2013 2363 2066 lumen
2391 2014 2644 2069 scientiae
2671 2014 2828 2085 (Osee
2875 2031 2928 2080 χ,
2980 2014 3068 2080 12,
3109 2015 3274 2085 juxta
3325 2014 3488 2083 LXX).
3551 2013 3653 2070 Se-

2002 2099 2282 2154 minanda
2312 2101 2528 2172 quippe
2559 2106 2692 2156 ante
2715 2101 2970 2172 justitia,
3001 2106 3058 2156 et
3094 2101 3223 2157 vitae
3278 2103 3503 2158 fructus
3551 2106 3657 2158 est

2000 2188 2404 2257 demetendus,
2454 2194 2526 2251 et,
2566 2195 2768 2262 postea
2847 2189 3100 2246 scientiae
3165 2190 3366 2246 lumen
3429 2191 3649 2263 poterit

2000 2293 2302 2349 apparere.
2343 2277 2413 2333 Ut
2447 2293 2583 2350 ergo
2616 2279 2766 2334 bono
2798 2295 2993 2334 coram
3042 2295 3106 2335 se
3161 2279 3323 2334 dedit
3372 2284 3526 2336 Deus
3557 2296 3654 2335 sa-

2001 2365 2300 2436 pientiam,
2334 2370 2390 2420 et
2436 2372 2642 2424 caetera
2675 2384 2687 2421 :
2721 2366 2804 2422 sic
2841 2370 3202 2438 peccatorem
3252 2383 3358 2423 suo
3408 2367 3654 2423 arbitrio

1999 2454 2435 2525 derelinquens,
2468 2455 2603 2510 fecit
2641 2470 2991 2527 congregare
3037 2455 3290 2522 divitias,
3334 2459 3393 2512 et
3419 2455 3560 2512 hinc
3593 2459 3650 2512 et

1999 2543 2135 2598 inde
2167 2560 2574 2615 perversorum
2606 2544 2947 2615 dogmatum
2987 2560 3266 2600 consuere
3313 2542 3645 2600 cervicalia.

1999 2633 2137 2698 Quae
2167 2648 2301 2687 cum
2335 2633 2424 2686 vir
2453 2637 2695 2688 sanctus
2725 2637 2783 2688 et
2813 2633 3049 2704 placens
3082 2637 3192 2689 Deo
3223 2633 3454 2700 viderit,
3486 2631 3652 2688 intel-

1999 2718 2130 2792 ligit
2177 2721 2284 2792 [Αἰ.
2337 2720 2667 2794 intelliget].
2714 2722 2856 2794 quia
2899 2738 3048 2776 vana
3096 2725 3254 2791 sunt,
3301 2726 3358 2778 et
3406 2721 3654 2794 spiritus

1995 2811 2448 2882 praesumptione
2465 2811 2931 2882 composita.Nec
2951 2811 3472 2884 mirandum,quod
3495 2811 3657 2867 dixe-

1995 2897 2116 2952 rit:
2151 2901 2432 2954 Peccatori
2477 2899 2627 2955 dedit
2675 2898 3128 2970 sollicitudinem,
3175 2904 3232 2954 et
3289 2903 3513 2956 cetera.
3567 2900 3655 2954 Ad

1995 2986 2161 3042 illum
2193 2987 2349 3042 enim
2381 3004 2622 3042 sensum
2653 2989 2724 3042 de
2755 3005 2870 3059 quo
2891 3004 3043 3059 saepe
3093 2989 3353 3054 tractavi,
3374 2987 3484 3044 hoc
3515 2989 3657 3044 refe-

1994 3076 2242 3132 rendum
2271 3080 2360 3131 est
2391 3077 2432 3110 ¹⁰
2465 3093 2478 3130 :
2517 3077 2795 3147 Proptera
2823 3077 3022 3132 datam
3069 3077 3176 3147 [Αἰ.
3223 3062 3325 3131 dat
3355 3077 3374 3146 ]
3412 3077 3464 3132 ei
3527 3092 3657 3132 esse

1992 3162 2446 3220 sollicitudinem
2479 3163 2602 3218 sive
2633 3163 3050 3219 distentionem
3084 3165 3194 3234 [Αἰ.
3221 3163 3655 3234 afﬂictionem],

228 3251 471 3308 interim
501 3253 831 3308 secundum
861 3251 1142 3320 litteram,
1189 3269 1262 3308 ne
1301 3253 1606 3308 videamur
1650 3253 1883 3324 penitus
1914 3239 1957 3305 C
1995 3255 2130 3323 quia
2161 3257 2428 3323 peccator
2461 3251 2634 3306 fuerit
2675 3253 2746 3308 de
2795 3268 2913 3306 non
2963 3267 3091 3308 esse
3139 3268 3378 3308 causam
3431 3252 3651 3308 disten-

228 3340 564 3414 simplicem
597 3341 898 3413 praeterire
932 3357 1199 3410 sensum,
1253 3346 1312 3397 et
1363 3343 1504 3397 dum
1554 3341 1892 3413 spirituales

231 3430 475 3486 divitias
505 3430 831 3502 sequimur,
877 3430 1139 3486 historiae
1165 3434 1536 3487 contemnere
1581 3435 1890 3503 pauperta-

228 3524 377 3576 tem.
409 3517 557 3584 Quid
589 3518 746 3574 enim
778 3518 916 3574 boni
948 3523 1056 3587 est,
1091 3523 1192 3575 aut
1220 3536 1256 3591 q
1277 3518 1408 3574 uale
1438 3518 1535 3576 Dei
1558 3518 1891 3588 munus,vel

229 3607 363 3666 suis
391 3607 602 3680 opibus
632 3606 878 3674 inhiare,
912 3612 969 3664 et
1021 3607 1193 3680 quasi
1238 3607 1557 3680 fugientem
1585 3609 1606 3642 ⁶
1652 3625 1892 3680 praecer-

228 3712 373 3770 pere
401 3696 782 3768 voluptatem,
816 3695 903 3752 vel
937 3695 1197 3752 alienum
1225 3696 1492 3753 laborum
1529 3697 1590 3752 in
1625 3697 1893 3770 proprias

229 3842 420 3915 putas
449 3837 1000 3915 sudaresBernardi
1030 3839 1294 3915 viventis,
1329 3840 1612 3915 honorem
1642 3857 1770 3915 esse
1801 3843 1896 3900 Ni-

233 3909 389 3968 colai
431 3910 747 3966 nescientis
781 3927 794 3976 ;
829 3915 930 3966 aut
971 3910 1200 3968 labores
1237 3912 1504 3977 Joannis,
1557 3912 1790 3967 divitias
1839 3918 1892 3970 et

230 3981 483 4058 gloriam
518 3997 720 4058 parere
770 3982 1022 4058 saevienti
1077 4000 1320 4058 operum
1365 3984 1648 4058 magistro
1675 3985 1702 4038 ?
1732 3989 1892 4040 Hanc

236 4053 560 4126 vanitatem
592 4055 702 4110 sub
735 4053 858 4109 sole
887 4055 985 4126 qui
1019 4053 1294 4123 sustinet,
1324 4053 1814 4126 moléstissimam
1837 4062 1894 4111 et

235 4123 669 4197 nequissimam
701 4123 1042 4197 pronuntiat
1073 4143 1208 4181 cum
1241 4125 1550 4182 Salomone
1597 4132 1655 4181 et
1700 4127 1890 4182 Eccle-

237 4199 423 4255 siaste
453 4200 678 4252 nostro.
711 4199 997 4252 Maenas.

318 4269 335 4302 ¹
365 4267 519 4339 sape
546 4269 753 4339 stytum
782 4273 978 4324 vertat.
1006 4267 1150 4322 Vide
1179 4284 1359 4339 supra
1389 4267 1447 4322 in
1481 4268 1632 4324 notis
1675 4270 1891 4324 nostris

235 4337 623 4397 Horatianum
681 4339 838 4395 istud
897 4355 1147 4406 comma,
1182 4337 1466 4394 ΜᾹΒΤΙΑΝ.

312 4412 334 4445 ²
363 4410 544 4466 Iidem
577 4427 729 4477 mss,
758 4410 1111 4466 Criticorum
1147 4415 1365 4476 tamen,
1397 4415 1460 4466 ut
1489 4411 1738 4478 videtur,
1769 4428 1892 4466 ma-

234 4493 386 4555 num
449 4483 690 4554 experti,
723 4490 776 4537 et
811 4483 934 4552 quis
977 4491 1180 4554 pascet.
1233 4484 1296 4537 In
1344 4487 1538 4538 Graeco
1585 4489 1674 4538 est
1715 4493 1892 4555 πίεται,

234 4554 403 4620 bibet,
431 4559 539 4625 aut
567 4561 804 4625 φείσεται,
829 4563 1036 4625 parcet.

313 4610 545 4692 —'Quis
573 4610 722 4680 enim
749 4610 1009 4691 comedet,
1069 4633 1174 4680 etc.
1229 4623 1355 4678 Non
1406 4624 1550 4679 bene
1598 4625 1656 4679 in
1717 4610 1964 4680 anteaD

229 4695 413 4755 editis
446 4695 530 4751 sic
562 4695 814 4766 legimus
848 4713 860 4752 :
897 4699 1041 4822 guis
1069 4699 1219 4751 enim
1247 4695 1552 4764 comedit,et
1573 4698 1693 4766 quis
1711 4699 1890 4768 parcit

231 4771 358 4822 sine
389 4767 494 4822 illo
523 4770 620 4822 aui
648 4769 864 4822 homini
942 4784 1065 4822 ono.
1099 4773 1208 4822 etc.
1243 4767 1528 4822 Maurus.

231 4767 494 4840 sinejttq
523 4770 620 4840 qui
648 4769 864 4840 homini
894 4767 1065 4840 Abono,
1099 4773 1208 4822 etc.
1243 4767 1528 4840 Manum.

304 4840 329 4874 ³
357 4837 783 4910 νοιὶοζάιιοῳιο
814 4837 1060 4894 Palatini
1095 4857 1108 4894 :
1144 4840 1274 4910 Quae
1299 4838 1525 4910 dentur
1573 4839 1722 4910 bono
1757 4842 1886 4892 ante

229 4911 436 4986 frciem
461 4922 638 4986 suam.
661 4909 1055 4986 ‘Dei._Veteres
1085 4909 1224 4966 editi
1254 4909 1614 4980 vitiose,quae
1636 4909 1888 4964 videntur

233 4981 379 5043 benti
401 4989 526 5038 ante
555 4983 756 5053 faciem
781 4983 900 5037 Dei.

309 5084 379 5095 —
411 5055 475 5108 Et
503 5050 936 5135 congregetquaa
964 5051 1188 5135 dantur,
1223 5050 1328 5106 Hic
1351 5050 1527 5135 etiam
1548 5055 1883 5135 corruptam

230 5141 481 5202 prorsus
510 5123 764 5202 retinent
793 5123 968 5202 istam
998 5123 1326 5202 lectionem,
1359 5123 1423 5176 Et
1449 5127 1732 5192 congreget
1761 5138 1886 5194 quw

229 5194 493 5256 videntur
525 5197 661 5268 bona
691 5205 818 5268 ante
843 5198 1043 5268 faciem
1073 5196 1190 5250 Dei.
1225 5194 1506 5268 Maurus.
1544 5236 1547 5238 .

308 5271 330 5303 ⁴
360 5267 541 5324 Penes
578 5267 784 5323 Alcuin
817 5283 831 5322 :
891 5269 1182 5338 Postquam
1236 5267 1492 5320 universa
1523 5268 1773 5330 tractavi,
1833 5268 1885 5320 et

228 5339 386 5398 nihil
431 5341 490 5394 in
533 5341 693 5394 istius
733 5339 930 5393 mumli
997 5339 1182 5394 labore
1227 5343 1551 5408 perpetuum
1610 5338 1880 5404 intellexi,

221 5411 693 5487 posterioremque
721 5411 1136 5487 generationem
1165 5411 1369 5487 prioris
1416 5410 1540 5478 frui
1584 5408 1880 5472 labori/rus,

219 5482 367 5544 tum!
394 5483 534 5536 mihi
555 5485 726 5536 visum
758 5482 858 5548 est,
891 5483 986 5535 hoc
1015 5483 1075 5534 in
1095 5484 1276 5548 rebus,
1301 5486 1408 5535 etc.

307 5557 328 5590 ⁸⁵
361 5553 463 5610 llic
495 5569 729 5624 quoque
759 5570 826 5607 ex
858 5551 1196 5624 praeiudicio
1249 5551 1569 5624 superioris
1619 5549 1884 5606 lectionis

220 5635 353 5688 tres
386 5641 528 5682 mss.
544 5641 659 5697 ,pro
681 5627 922 5696 tempore
945 5639 1173 5696 pascens
1202 5626 1415 5697 opibus,
1449 5626 1558 5677 etc.

299 5699 429 5756 “Et
457 5695 617 5769 quasi
642 5695 963 5770 fugientem.
1021 5700 1131 5756 etc.
1183 5697 1269 5753 Ita
1319 5695 1523 5767 legunt
1567 5697 1686 5750 tres
1733 5709 1882 5755 mss.

2001 3339 2178 3396 tionis
2203 3340 2316 3412 [Αἰ.
2351 3339 2709 3412 afﬂictionis)
2740 3340 2798 3396 in
2830 3341 2966 3408 Deo,
3001 3341 3102 3396 sed
3132 3339 3191 3396 in
3209 3339 3308 3397 illo
3330 3341 3430 3414 qui
3450 3347 3656 3414 sponte

2001 3445 2109 3484 sua
2139 3433 2274 3484 ante
2305 3427 2648 3500 peccaverit.

2071 3517 2231 3589 (Cap.
2283 3517 2401 3588 IlI).
2457 3540 2484 3566 «
2539 3516 2828 3572 Omnibus
2871 3521 3104 3590 tempus
3154 3521 3262 3586 est,
3313 3521 3371 3574 et
3417 3523 3656 3593 tempus

2001 3606 2162 3662 omni
2193 3605 2272 3661 rei
2305 3606 2413 3662 sub
2445 3605 2608 3662 ccelo.
2641 3627 2669 3656 »
2713 3606 3006 3663 Incertum
3036 3611 3094 3662 et
3121 3609 3499 3664 fluctuantem
3533 3614 3654 3666 sta-

2001 3699 2128 3752 tum
2159 3694 2508 3751 conditionis
2537 3695 2809 3751 humana:
2855 3695 2915 3750 in
2963 3696 3366 3768 superioribus
3390 3697 3599 3752 docuit
3634 3715 3662 3754 ε.

2002 3839 2230 3895 codices
2265 3857 2276 3907 ;
2310 3839 2448 3895 editi
2481 3846 2674 3894 autem
2707 3843 2880 3894 antea
2910 3837 3041 3893 libri
3077 3853 3088 3892 :
3122 3839 3187 3910 Et
3215 3839 3374 3910 quasi
3389 3839 3652 3894 scientem

1997 3915 2332 3982 prcesentem
2383 3927 2610 3980 carpere
2661 3911 3042 3982 voluptatem}
3086 3908 3196 3974 vel,
3225 3908 3310 3963 ‘Et
3358 3911 3522 3980 quasi
3563 3913 3654 3982 fu-

2001 3980 2237 4053 gientem
2265 3983 2543 4053 percipere
2571 3982 2922 4053 voluptatem.
2965 3980 3254 4053 Manum.

2072 4084 2141 4091 —
2173 4051 2462 4108 VictoriUs
2494 4069 2560 4106 ex
2592 4051 2876 4106 BriXianis
2908 4051 3076 4106 codd.
3124 4051 3266 4123 legit
3308 4053 3598 4124 percipere
3634 4072 3648 4110 :

2003 4128 2172 4179 antea
2203 4128 2326 4178 erat
2371 4125 2530 4196 quasi
2569 4125 2830 4196 scientem
2865 4127 3186 4196 praesentem
3229 4140 3450 4196 carpere
3497 4127 3647 4180 votu-

1997 4202 2204 4267 ptatem
2236 4212 2256 4256 ;
2289 4193 2467 4266 quam
2499 4193 2804 4250 lectionem
2837 4200 2893 4250 et
2923 4195 3155 4250 retineri
3188 4193 3360 4267 posse
3389 4194 3490 4263 ait,
3519 4199 3648 4253 tan-

2003 4266 2128 4322 tum
2162 4266 2210 4321 si
2240 4268 2542 4337 fugientem
2572 4283 2672 4337 pro
2702 4269 2978 4334 scientem,
3013 4266 3253 4323 scribas.

2074 4339 2092 4370 ⁷
2125 4338 2378 4411 Rursum
2416 4355 2559 4411 mss.
2594 4355 2798 4411 omnes
2847 4353 3071 4411 pascere
3105 4337 3324 4394 habent
3369 4354 3478 4411 pro
3514 4356 3648 4411 par-

2001 4426 2121 4465 cere
2151 4411 2303 4480 quod
2337 4409 2446 4464 hoc
2475 4409 2712 4464 demum
2746 4409 2871 4466 loco
2910 4411 3091 4466 ferme
3113 4409 3457 4466 concinni’us
3484 4409 3648 4466 vide-

2001 4487 2118 4548 tur,
2153 4498 2218 4536 ac
2248 4483 2516 4536 subnexa:
2547 4480 2890 4553 expositioni
2921 4481 3325 4537 cohaerentius.

2073 4554 2092 4586 ⁸
2124 4558 2247 4608 Duo
2279 4570 2423 4608 mss.
2460 4557 2678 4608 tantum
2709 4554 2867 4609 debet
2947 4553 3246 4608 comedere.

2067 4624 2588 4698 iPrzepositionem
2639 4629 2764 4681 ante
2783 4624 2977 4698 yatic.
3013 4623 3194 4679 codex
3235 4623 3484 4698 ignorat,
3529 4637 3648 4698 qua

1993 4694 2570 4770 quidem'expuncta,
2605 4701 2706 4770 aut
2737 4696 2901 4763 nihil,
2935 4698 3036 4770 aut
3065 4700 3218 4749 certe
3249 4694 3447 4770 minus
3476 4694 3646 4770 Ρβιετ

1993 4765 2234 4838 gianum
2269 4765 2524 4824 errorem
2557 4765 2652 4824 hic
2677 4768 2838 4823 locus
2873 4765 3146 4833 redoleat,
3181 4765 3430 4838 maxime
3489 4765 3538 4838 si
3569 4767 3640 4821 ad

1994 4836 2080 4905 ea,
2117 4855 2243 4911 quia
2267 4839 3046 4911 subsequuntur.annimum
3072 4837 3341 4911 intendas
3361 4836 3643 4892 Alcuinus

1995 4909 2346 4966 sententiam
2395 4909 2545 4968 hanc
2595 4912 2665 4967 ad
2717 4909 3012 4967 catholicae
3057 4909 3334 4965 doctrinae
3376 4924 3639 4977 sensum,

1996 4979 2097 5052 qui
2145 4987 2278 5052 post
2330 4982 2752 5055 Hieronymum
2819 4981 3035 5055 clarius
3100 4979 3387 5055 definitus
3422 4978 3641 5055 ubique

1993 5057 2284 5127 terrarum
2309 5059 2423 5127 est,
2460 5054 2539 5109 ita
2554 5052 2639 5109 'ex
2669 5053 2901 5127 ingenio
2931 5056 3219 5127 temperat
3254 5069 3266 5107 :
3318 5052 3439 5107 Nisi
3485 5053 3638 5127 enim

1996 5123 2164 5178 bonus
2187 5125 2376 5196 fuerit,
2409 5129 2460 5178 et
2496 5141 2672 5182 mores
2728 5123 2873 5193 suos,
2933 5127 3028 5180 Det
3056 5123 3386 5196 'adjuvantc
3431 5124 3636 5194 gratia,

1989 5196 2212 5266 proprio
2245 5195 2474 5250 arbitrio
2505 5201 2632 5252 ante
2659 5205 2914 5252 correxit.
2949 5203 3060 5253 etc.
3152 5195 3158 5196 7
3370 5265 3373 5266 ν
3634 5204 3638 5207 “

2065 5298 2132 5339 7——
2162 5267 2226 5318 Εἰ
2253 5282 2428 5339 mores
2455 5283 2559 5339 suo
2587 5271 2812 5339 proprio
2840 5270 3094 5324 arbitrio.
3126 5265 3403 5322 Nonnihil
3435 5281 3640 5338 sapere

1994 5337 2222 5410 videtur
2273 5337 2488 5408 Pelagii
2535 5337 2790 5393 errorem
2827 5357 2839 5394 :
2875 5340 2975 5395 sed
3027 5357 3095 5394 ex
3143 5337 3639 5410 consequentibus

1995 5409 2161 5463 facile
2192 5409 2384 5462 locum
2417 5410 2779 5466 emendabis.
2814 5410 3100 5465 Maurus.

2066 5481 2106 5512 ¹⁰
2138 5480 2368 5534 Alcuin.
2406 5496 2507 5550 pro
2541 5479 2699 5533 hisce
2730 5481 2942 5534 verbis.
2977 5482 3059 5536 Ad
3106 5483 3266 5535 illum
3312 5483 3462 5536 enim
3508 5497 3636 5537 sen-

1991 5568 2134 5618 sum,
2180 5557 2311 5613 ctc.,
2356 5567 2542 5624 usque
2589 5552 2934 5624 referendum
2981 5557 3078 5618 cst,
3145 5551 3320 5624 habet
3360 5551 3635 5624 pressiori

1994 5624 2172 5694 ferme
2202 5622 2564 5694 expositione
2605 5621 2804 5677 :Dcdit
2846 5621 3001 5677 enim
3050 5639 3152 5694 pro
3199 5621 3412 5680 (amna
3459 5622 3635 5680 intel-

1993 5692 2294 5766 ligendum
2325 5699 2433 5751 est.
