3992 6380
1638 355 1703 421 8.
1747 354 2061 422 EUSEBII
2102 354 2569 426 BIERONYMI‘.

407 498 565 543 nunc
593 486 717 544 vult
745 485 888 544 illud
911 484 1434 559 astendere,omnia
1450 488 1562 546 sibi
1591 490 1650 545 in
1671 490 1894 547 mundo
1915 506 2046 547 esse
2074 495 2130 560 Α
2160 491 2321 567 bant.
2356 494 2615 566 Tempus
2657 488 3009 565 dilectionis,
3059 508 3179 567 qua
3231 508 3331 551 eos
3376 489 3489 550 sub
3534 490 3821 567 patribus

407 578 719 644 contraria,
753 580 809 633 et
835 577 980 633 nihil
1021 583 1176 635 stare
1227 586 1597 652 perpetuum,
1643 596 1846 635 eorum
1899 580 2048 634 dun-

405 669 583 723 taxat.
616 683 743 739 quas
775 668 884 723 sub
919 667 1060 723 caelo
1109 673 1267 739 sunt,
1316 673 1373 725 et
1420 669 1574 723 intra
1624 673 1879 740 tempus,
1913 669 2053 739 quia

405 760 619 811 cetera;
650 756 992 812 substantiae
1032 757 1387 830 spirituales,
1420 774 1524 813 nec
1556 756 1718 823 caelo,
1756 773 1861 812 nec
1900 762 2048 813 tem-

405 856 543 917 pore
574 845 963 901 continentur.

424 970 429 975 ς
474 955 504 983 ‹‹
538 933 794 1006 Tempus
825 935 1111 1007 pariendi,
1142 940 1198 991 et
1226 940 1459 1007 tempus
1508 935 1819 991 moriendi.
1869 936 2046 992 Tem-

402 1036 515 1095 pus
544 1022 873 1095 plantandi,
896 1030 952 1080 et
981 1029 1212 1097 tempus
1236 1024 1515 1079 avellendi
1538 1025 1692 1095 quod
1717 1024 2045 1096 plantatum

402 1116 513 1168 est.
548 1135 575 1162 ››
610 1112 763 1168 Nulli
795 1113 1040 1169 dubium
1073 1115 1228 1185 quod
1259 1118 1316 1169 et
1346 1119 1510 1169 ortus
1542 1119 1599 1167 et
1633 1112 1904 1169 interitus
1935 1114 2044 1170 ha-

401 1201 652 1269 minum,
676 1202 793 1257 Deo
824 1208 997 1258 notus
1026 1204 1103 1258 sit
1131 1207 1189 1257 et
1220 1202 1542 1274 prwﬁnitus
1589 1203 1629 1269 ί,
1676 1206 1733 1256 et
1782 1201 2042 1274 idipsum

400 1304 769 1363 esseparere,
802 1292 954 1363 quod
986 1291 1295 1363 plantare:
1340 1292 1510 1354 mori,
1560 1294 1617 1346 et
1664 1292 1819 1363 quod
1873 1291 2041 1364 plan-

398 1383 586 1434 tatum
618 1384 705 1434 est
733 1379 993 1436 evellere.
1028 1382 1138 1436 Sed
1168 1380 1307 1452 quia
1362 1381 1417 1435 in
1455 1380 1604 1435 Isaia
1653 1379 1907 1452 legimus
1936 1387 1957 1434 .‘
1994 1384 2032 1436 A

397 1469 592 1523 timore
620 1476 731 1535 tuo,
762 1470 1007 1537 Domine,
1040 1471 1403 1541 concepimus.
1447 1478 1499 1525 et
1535 1471 1958 1540 parturivimus,
1991 1480 2044 1526 et

389 1558 703 1629 peperimus
734 1557 859 1629 (lsa.
891 1574 1043 1627 xxvr,
1075 1559 1162 1629 l8)
1195 1576 1208 1625 ;
1241 1557 1352 1614 hoc
1382 1558 1694 1613 dicendum
1726 1562 1833 1623 est,
1885 1558 2039 1630 quod

395 1646 649 1718 perfecta
677 1646 819 1716 viro,
853 1652 1059 1719 partus
1088 1648 1218 1713 iste,
1253 1647 1353 1719 qui
1385 1647 1455 1702 de
1482 1647 1693 1703 timore
1724 1651 1896 1702 natus
1926 1652 2034 1703 est.

394 1748 530 1791 cum
588 1734 774 1791 Deum
838 1752 1035 1791 amare
1106 1735 1359 1806 caaperit,
1441 1734 1709 1791 moritur.
1783 1737 2036 1806 Perfecta

393 1821 612 1895 quippe
630 1824 852 1880 dilectio
880 1827 1030 1895 fora:
1059 1825 1237 1880 mittit
1259 1826 1510 1879 timorem
1541 1824 1589 1894 (I
1618 1826 1775 1880 Joan.
1811 1841 1885 1890 1v,
1922 1826 2031 1895 18).

393 1911 617 1967 Hebraei
647 1928 820 1968 omne
858 1912 987 1981 hac,
1042 1913 1197 1985 quod
1240 1914 1312 1968 de
1361 1912 1768 1969 contrarietate
1810 1917 2035 1986 tempa-

395 2014 527 2056 rum
558 2001 844 2073 scriptum
872 2005 980 2067 est,
1012 2018 1201 2074 usque
1232 2002 1302 2057 ad
1347 2001 1514 2056 illum
1559 2001 1773 2067 locum,
1805 2001 1865 2056 in
1920 2019 2035 2075 qua

393 2089 704 2147 a‘it:408
762 2092 982 2163 Tempus
1041 2091 1185 2158 belli,
1246 2095 1295 2147 et
1350 2099 1562 2157 tempus
1628 2093 1802 2162 pacis,
1863 2106 2038 2162 super

393 2178 574 2237 Israel
624 2178 980 2253 intelligunt.
1028 2181 1099 2236 Et
1147 2180 1287 2252 quia
1326 2196 1442 2235 non
1508 2195 1746 2236 necesse
1794 2183 1885 2235 est
1932 2196 2038 2252 per

392 2268 658 2341 singulas
676 2286 880 2325 versus
910 2286 1141 2341 ponere,
1176 2269 1316 2341 quid
1348 2270 1807 2341 interpretentur
1827 2274 1884 2325 et
1906 2286 2036 2325 sen-

389 2358 559 2425 tiant,
605 2358 996 2431 perstringam
1043 2359 1298 2415 breviter
1334 2358 1446 2430 (At.
1497 2358 1716 2426 leviter)
1766 2359 2029 2415 latiorem

389 2460 568 2518 super
596 2446 705 2502 hoc
736 2445 1206 2503 dissertationem
1238 2446 1473 2502 lectoris
1502 2446 1737 2518 ingenio
1777 2447 2029 2503 derelin-

388 2550 596 2607 quens.
631 2537 887 2607 Tempus
913 2535 1024 2591 fuit
1052 2536 1363 2607 generandi
1395 2539 1451 2591 et
1491 2535 1792 2607 plantandi
1846 2538 2028 2592 Israe-

386 2622 524 2689 lem,
554 2627 787 2695 tempus
819 2624 1124 2679 moriendi.
1157 2628 1214 2679 ct
1240 2624 1493 2680 ducendi
1523 2624 1581 2678 in
1629 2625 2028 2697 captivitatem

385 2711 643 2783 Tempus
689 2710 985 2767 occidendi
1017 2727 1118 2767 eos
1146 2712 1204 2766 in
1254 2713 1517 2784 Egypto,
1574 2718 1633 2768 et
1678 2719 1914 2787 tempus
1957 2716 2028 2771 de

384 2803 629 2872 Bgypta
660 2798 967 2856 liberandi.
1001 2800 1259 2872 Tempus
1289 2802 1626 2856 destruendi
1679 2803 1883 2875 templi
1915 2805 2026 2859 sub

383 2884 936 2955 Nabuchodonosor,
969 2892 1027 2944 et
1054 2894 1290 2961 tempus
1317 2888 1641 2946 zadiﬂcandi
1674 2892 1787 2947 sub
1832 2893 2023 2948 Dario.

382 2977 642 3049 Tempus
695 2975 1007 3049 plangendi
1058 2978 1414 3034 eversionem
1464 2979 1647 3043 urbis,
1689 2985 1745 3035 et
1792 2986 2026 3053 tempus

383 3064 612 3123 ridendi
660 3070 835 3138 atque
884 3065 1136 3122 saltandi
1185 3068 1296 3123 sub
1348 3068 1680 3139 Zorobrbel,
1732 3070 1933 3136 Esdra,
1969 3077 2026 3126 et

379 3154 638 3212 Neemia.
671 3156 929 3229 Tempus
959 3156 1333 3230 dispergendi
1367 3157 1566 3225 Israel,
1599 3162 1656 3213 et
1694 3162 1931 3231 tempus
1962 3159 2021 3215 in

379 3258 567 3301 unum
632 3228 1350 3318 congregandi.iTevmpus
1396 3247 1566 3318 quasi
1612 3228 1915 3320 cingulum
1964 3254 2022 3304 et
2053 3228 2095 3295 (ἶ

379 3332 682 3389 baltheum
713 3332 1063 3390 circumdari
1093 3336 1115 3370 ¹
1148 3337 1257 3391 Deo
1288 3335 1568 3408 populum
1597 3336 2026 3404 Judaeorum,et

375 3423 616 3493 tempus
645 3422 895 3477 ducendi
926 3440 1027 3478 eos
1065 3423 1123 3477 in
1170 3424 1547 3496 Babyloniam
1597 3426 2019 3498 captivitatem,

376 3509 543 3566 stibi
574 3514 1043 3581 computrescere
1070 3515 1234 3568 trans
1280 3513 1633 3583 Euphraten.
1692 3514 1842 3586 Lege
1887 3524 2025 3587 περί-

379 3605 518 3670 ζωμα
563 3598 858 3671 (lumbare)
911 3598 1177 3656 Jeremiae
1262 3602 1478 3671 (larem.
1539 3617 1664 3669 xm,
1724 3603 1747 3658 l
1824 3606 2020 3675 seqq.).

377 3688 643 3760 Tempus
682 3688 980 3760 quaerendi
1032 3688 1164 3745 illos
1202 3693 1260 3744 et
1306 3689 1599 3758 servandi,
1663 3694 1719 3745 et
1786 3695 2023 3764 tempus

377 3776 681 3850 perdendi,
716 3781 773 3833 et
800 3782 1035 3851 tempus
1065 3778 1695 3851 projiciendi.'l‘empus
1713 3780 2020 3836 scindendi

378 3865 580 3936 Israel,
613 3870 669 3921 et
697 3870 932 3939 tempus
974 3867 1188 3923 iterum
1238 3867 1579 3923 consuendi.
1629 3869 1885 3941 Tempus
1933 3874 2017 3925 ta-

376 3955 548 4011 cendi
581 3955 918 4027 prophetas,
950 3972 1107 4012 nunc
1150 3956 1210 4012 in
1263 3956 1595 4028 captivitate
1654 3957 1938 4026 Romana,
1965 3964 2022 4015 et

372 4047 615 4115 tempus
644 4041 919 4114 loquendi
967 4062 1087 4111 eos,
1136 4049 1277 4100 tunc
1324 4046 1558 4117 quando
1606 4047 1780 4102 etiam
1823 4047 1882 4102 in
1915 4048 2020 4103 ha-

375 4129 496 4187 stili
526 4135 684 4185 terra
714 4130 825 4186 Dei”
850 4131 1245 4189 consolatione
1297 4138 1354 4189 et
1390 4134 1646 4206 alloquio
1697 4151 1811 4191 non
1861 4152 2018 4191 care-

446 4251 464 4334 ξ
495 4250 575 4334 Ex
602 4250 847 4334 Alcuipo
877 4256 1146 4334 legimus.
1187 4264 1373 4315 Antea
1417 4264 1545 4316 erat
1592 4270 1645 4316 ct
1690 4260 1885 4330 ﬁnitus
1920 4261 2017 4317 :in

373 4323 668 4400 veteribus
692 4323 964 4400 vulgatis:
995 4339 1048 4385 et
1060 4334 1298 4399 agnitus.

375 4424 515 4523 M:
544 4396 649 4451 Deo
678 4396 839 4455 notus
868 4396 957 4471 ﬁt,
989 4396 1266 4459 Erasmus
1296 4404 1403 4458 Deo
1428 4410 1587 4457 notus
1605 4404 1677 4457 sit
1707 4412 1758 4457 et
1776 4405 2016 4473 agnitus.

434 4484 468 4522 Α
511 4483 667 4523 run.

434 4482 667 4523 ARTIAN.

441 4538 464 4571 ³
493 4536 786 4597 Victorius
828 4559 896 4598 ex
944 4544 1221 4610 Mediceo,
1274 4544 1579 4610 Fesulana,
1631 4547 1688 4598 et
1730 4547 1785 4598 S.
1838 4544 2017 4600 Marci

372 4607 728 4696 Florentinis
759 4615 1061 4696 codicibus
1092 4607 1401 4696 rescripsit.
1439 4607 1850 4696 circumdandi.
1906 4617 2017 4671 Im-

371 4696 636 4752 pressam
666 4682 972 4741 lectionem
1006 4691 1248 4741 tuentur
1276 4682 1460 4742 nostri
1495 4701 1721 4741 omnes.

441 4752 463 4786 3
492 4751 756 4810 Vatican.
818 4762 874 4811 et
901 4756 1142 4812 Palatin.
1178 4757 1341 4813 alter.
1372 4758 1806 4813 dcstruxerimus
1845 4760 2015 4825 mala,

369 4825 1054 4895 sicutJeremiaevcrbum,
1105 4834 1213 4883 etc.
1279 4832 1563 4885 Craterum
1619 4833 1789 4884 antea
1835 4829 2015 4885 inter-

370 4897 709 4967 punctionis
740 4899 880 4954 vitio
910 4899 1215 4955 laborabat
1244 4901 1337 4956 hic
1369 4903 1551 4957 locus.

440 4968 463 5001 "
512 4969 577 5025 Ut
620 4974 805 5041 postea
844 4973 1047 5041 saltare
1100 4974 1401 5040 valeamus,
1463 4977 1573 5027 etc.
1618 4975 1753 5025 Mss.
1806 4972 2014 5028 Corbe-

369 5037 853 5128 i'eusc’spS'altare
885 5037 1173 5128 poterimus
1214 5037 1395 5128 illam
1428 5044 1793 5128 saltatioiiem,
1852 5061 2018 5128 quam

369 5110 544 5183 David
585 5112 825 5183 saltavit.
885 5114 1111 5171 Saltare
1171 5114 1565 5183 saltationem,
1631 5115 1784 5170 sicut
1827 5110 2018 5172 vivere

369 5179 571 5235 vitam.
605 5182 883 5241 Maurus.

440 5251 461 5284 ⁸
489 5251 742 5329 Additur
768 5256 828 5312 in
862 5257 1087 5313 Erasmi
1120 5262 1177 5313 et
1204 5256 1440 5313 Victorii
1471 5256 1828 5312 cditionibus
1857 5255 2014 5329 glas-

371 5337 535 5376 sema
564 5321 769 5400 istud:
801 5331 931 5399 quia
975 5331 1035 5385 in
1088 5332 1353 5400 praesenti
1398 5330 1596 5385 szecula
1642 5345 1744 5383 sua
1794 5321 2017 5400 plangit

363 5401 586 5517 pgcgata
616 5396 821 5517 igidebit‘
838 5402 1016 5469 potius
1046 5396 1105 5456 iri
1133 5402 1326 5475 futuro
1362 5417 1374 5456 :
1412 5401 1566 5471 quod
1600 5396 1834 5471 penitus
1867 5396 2012 5456 mes.

373 5480 388 5516 ι
437 5481 471 5516 n
516 5481 616 5517 ran
650 5504 662 5515 .

373 5479 662 5519 ignorant.

760 5543 966 5616 placuit
1014 5543 1139 5597 Deo.
1198 5545 1256 5597 In
1304 5541 1614 5616 veteribus
1657 5540 2015 5616 cditionibus

371 5604 770 5684 adulterinum
798 5613 1266 5684 additamentum
1298 5615 1547 5670 invenio.
1582 5614 1736 5684 quod
1773 5614 2015 5670 minime

370 5675 497 5733 loco
548 5688 849 5752 congruat.
903 5683 1066 5741 Unde
1114 5685 1360 5755 canjicio
1408 5675 1667 5758 positu‘m
1716 5684 1898 5743 fuisse
1940 5688 2012 5743 ab

2160 586 2296 637 ante
2327 581 2549 648 dilexit,
2581 586 2637 638 et
2665 587 2898 654 tempus
2928 584 3067 651 odii,
3102 584 3241 655 quia
3269 584 3329 638 in
3375 583 3689 643 Christum
3713 582 3811 638 in-

2158 669 2422 726 tulerunt
2442 688 2674 728 manus.
2717 673 2977 745 Tempus
3004 673 3208 746 praelii,
3241 672 3414 729 modo
3462 689 3580 729 non
3627 687 3808 744 agen-

2156 759 2316 815 tibus
2346 759 2429 816 eis
2460 761 2886 833 pcenitentiam,
2918 767 2976 818 et
3004 767 3242 835 tempus
3272 761 3432 834 pacis
3465 762 3525 817 in
3575 761 3801 827 futuro,

2158 850 2393 919 quando
2424 850 2677 905 intrante
2707 850 3071 922 plenitudine
3088 851 3373 923 gentium,
3406 850 3600 907 omnis
3629 849 3811 907 Israel

2157 936 2359 994 salvus
2387 938 2517 993 erit.

2233 1049 2251 1073 α
2273 1028 2532 1099 Tempus
2555 1028 2945 1096 occidendi,et
2972 1033 3205 1102 tempus
3237 1027 3540 1085 sanandi.»
3572 1028 3643 1084 Et
3660 1028 3810 1089 occis

2154 1114 2329 1170 dendi
2355 1120 2588 1188 tempus
2615 1121 2705 1172 est
2732 1122 2788 1173 et
2817 1117 3085 1185 sanandi,
3118 1118 3218 1190 qui
3252 1118 3339 1175 ait
3367 1119 3514 1190 :Ego
3531 1117 3803 1184 occidam,

2150 1213 2203 1260 et
2226 1220 2322 1274 ego
2352 1206 2637 1275 viviﬁcabo
2667 1206 2843 1277 (Deut.
2877 1223 3080 1274 χχχιιι,
3121 1206 3232 1277 49].
3283 1207 3461 1262 Sanat
3507 1206 3579 1262 ad
3616 1205 3799 1279 paeni-

2151 1294 2394 1349 tentiam
2437 1310 2777 1365 provocans.
2825 1293 3043 1360 Occidi,
3085 1294 3458 1366 juxta‘illum
3505 1306 3747 1351 sensum
3780 1312 3799 1350 :

2150 1383 2215 1437 In
2266 1384 2535 1437 matutino
2586 1381 2987 1453 interﬁciebam
3039 1399 3227 1439 omnes
3276 1389 3581 1455 pecaucns
3637 1389 3798 1440 terra

2150 1471 2323 1542 (Psal.
2356 1488 2408 1526 c.
2442 1472 2517 1539 8].

2222 1579 2250 1608 ‹‹
2282 1559 2538 1632 Tempus
2568 1560 2926 1628 destruendi,
2979 1564 3039 1617 et
3075 1564 3312 1633 tempus
3358 1560 3707 1618 adificandi.
3767 1584 3795 1612 »

2147 1647 2271 1703 Non
2304 1649 2938 1719 passumuaaadiﬁcare
2966 1649 3140 1717 bona,
3182 1649 3298 1705 nisi
3347 1650 3513 1722 prius
3556 1650 3790 1707 destru-

2145 1736 2405 1791 xerimus
2458 1736 2635 1792 mala.
2688 1737 2909 1793 Idcirco
2976 1738 3061 1793 sic
3102 1738 3373 1794 Jeremite
3420 1739 3662 1794 verbum
3711 1740 3796 1794 'a

2146 1823 2260 1879 Deo
2290 1826 2492 1881 datum
2524 1830 2631 1893 est,
2665 1831 2730 1880 ut
2760 1831 2894 1881 ante
2920 1826 3243 1882 eradicaret
3286 1831 3464 1899 atque
3504 1827 3795 1900 plantaret

2144 1918 2202 1968 et
2230 1914 2495 1985 perderet
2526 1931 2540 1971 :
2573 1918 2632 1969 et
2660 1918 2865 1986 postea
2912 1915 3227 1971 aediﬁcaret
3272 1920 3448 1988 atque
3491 1914 3785 1989 plantaret

2145 2004 2362 2071 (Jerem.
2397 2006 2457 2071 ι).

2214 2092 2370 2148 4οθ
2417 2114 2443 2140 ·.‹
2497 2092 2754 2163 Tempus
2816 2091 3014 2159 flendi,
3073 2097 3130 2148 et
3184 2098 3421 2165 tempus
3477 2093 3719 2149 ridendi.
3757 2116 3789 2144 υ

2141 2178 2307 2235 Nunc
2340 2180 2513 2235 ﬂendi
2542 2185 2777 2253 tempus
2797 2186 2907 2246 est,
2931 2186 2989 2236 et
3016 2182 3076 2236 in
3099 2182 3297 2237 futuro
3319 2181 3548 2237 ridendi
3580 2198 3593 2235 :
3616 2182 3783 2239 Beati

2142 2267 2299 2324 enim
2329 2270 2535 2338 ﬂentes,
2566 2269 2827 2340 quoniam
2858 2271 2967 2341 ipsi
2995 2270 3256 2326 ridebunt
3283 2271 3436 2341 (Luc.
3469 2285 3545 2326 xv.
3575 2271 3692 2341 2i).

2215 2378 2243 2407 «
2272 2358 2531 2430 Tempus
2562 2357 2895 2431 plangendi,
2930 2363 2988 2413 et
3013 2363 3251 2431 tempus
3300 2358 3574 2416 saltandi.
3631 2382 3659 2409 ››
3698 2359 3784 2416 Ιά-

2140 2446 2293 2502 circa
2324 2446 2722 2518 corripiuntur
2750 2447 2810 2501 in
2851 2446 3182 2521 Evangelia,
3232 2448 3450 2520 quibus
3494 2447 3779 2505 Dominus

2139 2534 2220 2589 ait
2250 2552 2263 2590 :
2298 2536 2742 2591 Lamentavimus
2765 2536 2937 2602 vobis,
2970 2544 3023 2591 et
3068 2552 3181 2591 non
3219 2536 3520 2607 planxistis
3551 2554 3565 2592 :
3594 2546 3783 2593 canta-

2137 2625 2333 2690 vimus,
2364 2626 2415 2678 et
2438 2639 2549 2678 non
2576 2624 2822 2679 saltastis
2859 2624 3011 2695 (Luc.
3057 2639 3158 2693 vn,
3212 2626 3324 2693 32).
3375 2624 3779 2697 Plangendum

2138 2716 2227 2766 est
2255 2712 2314 2767 in
2346 2711 2810 2784 praesentiarum,
2844 2716 2909 2767 ut
2939 2716 3144 2784 postea
3169 2712 3385 2769 saltare
3428 2712 3730 2770 valeamus
3760 2716 3783 2749 ‘

2136 2799 2238 2855 illa
2267 2800 2595 2865 saltatione,
2654 2818 2773 2872 qua
2805 2800 2979 2857 David
3011 2801 3248 2857 saltavit
3273 2804 3408 2857 ante
3437 2810 3635 2858 arcam
3665 2803 3783 2857 Te-

2135 2890 2409 2945 stamenti
2445 2907 2458 2957 ;
2494 2893 2551 2945 et
2573 2888 2769 2946 Saulis
2792 2889 2926 2945 ﬁlias
2956 2889 3304 2963 displicens,
3337 2890 3545 2964 magis
3561 2889 3784 2963 placuit

2139 2979 2251 3033 Dea
2282 2979 2302 3012 ⁵
2334 2979 2404 3048 (II
2433 2980 2558 3049 Reg.
2590 2978 2694 3049 v1).

2206 3088 2234 3118 «
2281 3068 2538 3139 Tempus
2569 3068 2881 3140 spargendi
2920 3066 3164 3141 lapides.
3214 3072 3271 3125 et
3314 3072 3563 3142 tsmws'
3605 3068 3773 3125 callis

2132 3155 2306 3229 gendi
2330 3155 2575 3227 lapides.
2609 3175 2636 3208 ιι
2673 3156 2868 3212 Miror.
2889 3157 3181 3229 quomoda
3201 3156 3289 3213 vir
3312 3157 3568 3214 disertus
3595 3158 3618 3193 ⁸
3648 3172 3775 3213 rem

2134 3244 2442 3301 ridiculam
2491 3245 2551 3300 in
2600 3247 2705 3301 hoc
2756 3244 2881 3301 loco
2937 3245 3150 3301 dixerit
3184 3262 3196 3301 :
3230 3246 3311 3302 De
3363 3245 3780 3313 destructione,

2133 3334 2427 3406 inquiens,
2460 3339 2517 3390 et
2545 3333 2927 3390 aediﬁcatione
2956 3334 3267 3390 domorum
3299 3333 3633 3391 Salomonis
3652 3350 3778 3391 ser-

2133 3440 2228 3479 mo
2260 3428 2367 3489 cst,
2400 3424 2556 3495 quod
2588 3422 2858 3479 homines
2888 3440 3045 3479 nunc
3074 3423 3403 3492 destruant,
3454 3438 3609 3479 nunc
3637 3423 3776 3479 ω’ἁίσι

2132 3513 2308 3569 licent
2357 3530 2370 3568 :
2404 3512 2501 3568 alii
2550 3516 2906 3585 congregant
2945 3512 3171 3584 lapides
3211 3513 3284 3568 ad
3334 3512 3593 3569 aediﬁcia
3634 3528 3773 3569 con-

2131 3602 2434 3668 struenda,
2496 3599 2591 3655 alii
2664 3616 2791 3672 quze
2859 3604 3153 3656 exstructa
3217 3604 3377 3667 sunt,
3444 3601 3774 3667 destruant,

2130 3690 2457 3746 secundum
2517 3687 2663 3745 illud
2720 3688 3103 3745 Horatianum
3181 3690 3201 3723 ⁷
3263 3690 3453 3762 (Epist;
3530 3688 3631 3745 lib.
3706 3706 3774 3757 n,

2130 3777 2304 3850 epist.
2341 3779 2394 3848 1)
2421 3794 2433 3833 :

2195 3883 2390 3944 Diruit,
2420 3883 2663 3945 aediﬁcat,
2694 3886 2865 3947 mutat
2891 3882 3153 3947 quadrata
3180 3883 3444 3947 rotundis.

2191 3947 2397 3997 Estuat
2427 3953 2471 4005 8,
2504 3951 2557 3996 et
2587 3947 2708 3995 vitae
2740 3945 3076 3996 disconvenit
3102 3945 3288 3996 ordine
3324 3950 3453 3996 toto.

2129 4048 2247 4100 Hoc
2295 4048 2495 4099 utrum
2551 4048 2724 4111 recte,
2792 4060 2863 4097 an
2908 4058 3212 4114 perperam
3261 4042 3489 4115 dixerit,
3541 4044 3774 4102 lectoris

2129 4131 2370 4189 arbitrio
2403 4132 2781 4203 derelinquat
2811 4133 2926 4188 Nos
2956 4131 3169 4203 prioris
3218 4132 3645 4206 explanationis
3675 4136 3767 4190 se.

2129 4256 2326 4340 aliqua
2353 4257 2636 4340 scriptore
2666 4255 3096 4340 imperitatqui
3127 4256 3573 4340 pretiosissimis
3614 4262 3770 4340 mar-

2170 4327 2336 4384 aritis
2367 4327 2700 4402 Hieronymi
2732 4327 2907 4383 suum
2931 4327 3150 4402 vitrum
3181 4329 3482 4402 adjecerit.
3511 4336 3721 4402 nempe
3749 4345 3765 4385 :

2170 4346 2336 4384 arms
2371 4346 2700 4400 meranymi
2732 4346 2907 4383 suum
2931 4346 3150 4383 varum
3181 4346 3482 4400 sagacem.
3511 4346 3721 4402 nempe
3749 4346 3764 4385 :

2128 4346 2271 4469 gata
2301 4401 2398 4471 qui
2424 4401 2487 4454 in
2528 4402 2799 4471 praesenti
2852 4399 3048 4473 saecula
3101 4410 3204 4455 sua
3253 4401 3477 4472 plangit
3524 4403 3764 4473 peccata,

2127 4472 2332 4527 ridebit
2361 4473 2543 4542 potius
2572 4474 2630 4525 in
2661 4474 2873 4541 futuro.
2906 4472 3186 4527 Maurum.
3370 4530 3375 4537 η

2199 4544 2221 4577 ⁸
2250 4541 2422 4598 Mirer
2448 4544 2718 4613 quomodo
2752 4544 2836 4597 vir
2882 4542 3142 4606 disertus,
3171 4545 3281 4613 etc.
3330 4541 3475 4607 Quis
3518 4541 3627 4598 hac
3674 4542 3769 4597 di4

2051 4599 2097 4663 Ι)
2126 4614 2302 4694 xerit,
2328 4599 2475 4668 scire
2500 4630 2614 4694 non
2647 4613 2808 4694 potui
2845 4630 2861 4694 ξ
2892 4599 3165 4694 quamvis
3212 4599 3473 4694 plurima;
3508 4618 3765 4693 veterum

2129 4686 2483 4768 scriptarum
2515 4684 2818 4768 volumina
2848 4684 2906 4768 in
2939 4684 3097 4768 hunc
3126 4684 3305 4768 tinem
3349 4684 3645 4768 perlegere
3669 4688 3767 4740 cu~

2129 4754 2329 4812 rariin.
2360 4760 2561 4830 Moneo
2603 4759 2798 4830 autem
2856 4754 3155 4830 lectorem,
3215 4754 3551 4830 Hieronymi
3602 4757 3769 4830 Cam-

2129 4828 2484 4884 mentarium
2532 4827 2590 4882 in
2640 4827 2796 4882 hunc
2860 4826 3221 4882 Ecclesiastes
3263 4826 3456 4884 locum
3502 4826 3767 4883 funditus

2126 4915 2256 4955 esse
2288 4900 2673 4972 depravatum
2703 4903 2762 4954 et
2790 4899 3140 4955 subversum
3162 4899 3227 4954 in’
3249 4899 3457 4956 Glossa
3474 4899 3775 4956 ordinaria

2127 4972 2557 5097 “inﬁgam
2606 5040 2743 5097 illud
2798 5041 3184 5108 Horatianum,
3243 5040 3427 5097 Alius'
3469 5042 3608 5098 01110
3675 5044 3767 5097 θεῖ

2124 5128 2401 5169 versuum
2451 5113 2607 5186 apud
2672 5112 2868 5183 ipsum
2933 5112 3260 5181 Horatium,
3324 5113 3495 5186 Epist.
3558 5112 3660 5169 lib.
3724 5130 3764 5168 ι.

2123 5186 2295 5258 epist.
2328 5186 2381 5253 Ι,
2414 5186 2486 5241 ad
2519 5186 2894 5241 Maecenatem
2930 5201 2944 5239 :

2185 5308 2338 5359 Ruod
2369 5309 2535 5372 petiit,
2567 5307 2776 5372 spernit
2808 5321 2826 5355 :
2855 5307 3053 5372 repetit
3080 5302 3429 5372 quod'nuper
3453 5309 3629 5360 omisit
3660 5324 3674 5357 :

2186 5370 2406 5427 Estuat.
2437 5376 2491 5421 et
2517 5370 2639 5421 vita:
2670 5370 3005 5420 disconvenit
3038 5370 3225 5421 ordine
3255 5375 3368 5421 tota
3403 5386 3416 5421 :

2187 5435 2373 5494 Diruit,
2404 5434 2647 5493 aediﬁcat,
2679 5436 2854 5483 mutat
2881 5433 3144 5496 quadrata
3173 5433 3440 5547 rtﬁundis.

3262 5510 3458 5547 Αιιτυιπ.

2193 5614 2213 5686 ἕ
2270 5613 2411 5686 Tres
2441 5629 2607 5686 mss.
2654 5611 2921 5667 Exstruit.
2980 5613 3050 5686 Et
3102 5611 3257 5684 apud
3308 5611 3773 5686 Horatium,.qui

2122 5682 2285 5755 prior
2311 5684 2407 5741 hic
2437 5684 2714 5742 laudatur
2742 5688 2969 5753 versus,
3003 5682 3184 5743 altera
3212 5684 3511 5759 posterior
3537 5682 3651 5755 est.
