3992 6404
1298 394 1925 461 COMMENTARIUS
1956 394 2047 458 .IN
2084 393 2698 459 EGGLESIASTEN.

3515 394 3675 460 ιοθο

267 526 822 601 quamtu‘iordinem
848 545 861 585 :
889 531 1144 601 Tempus
1175 530 1639 601 spargendarum
1694 536 1749 587 et
1780 548 1916 586 cnn-
1951 534 2001 598 Α
2030 531 2138 594 sio,
2171 534 2237 583 ut
2277 527 2588 602 Evangelia
2630 530 2993 585 consuantur
3014 527 3060 599 ⁴,
3110 528 3267 601 quod
3302 528 3673 603 evangelista

263 617 701 690 gregandorum
746 617 1014 691 lapidum
1063 634 1191 674 esse
1240 618 1521 685 dicentes,
1564 621 1735 690 juxta
1773 620 1917 675 illud

267 705 513 776 quodin
556 705 871 778 Evangelio
900 706 1204 778 .s‘criptum
1249 711 1369 764 est:
1423 710 1621 764 Potens
1664 714 1745 765 est
1780 710 1920 765 Deus

265 793 336 851 de
365 793 638 865 lapidibus
671 796 789 850 istis
816 797 1086 851 suscitare
1128 797 1272 866 filios
1306 797 1546 854 Abrahae
1593 798 1799 869 (Matth.
1833 815 1918 867 ιιι,

264 883 348 955 9).
374 884 543 948 Quod
578 887 815 956 tempus
836 885 1013 940 fuerit
1031 884 1281 956 gentiles
1302 884 1502 958 populi
1524 886 1920 959 dispergendi,

268 978 332 1041 et
352 976 588 1044 tempus
618 989 857 1029 rursum
887 973 947 1028 in
982 973 1302 1029 Ecclesium
1335 977 1753 1048 congregandi.
1788 976 1921 1049 Legi

269 1062 332 1117 in
364 1061 619 1134 quodam
649 1060 801 1118 libro
850 1063 1038 1133 (juxta
1083 1062 1463 1135 Septuaginta
1508 1068 1703 1120 tamen
1742 1064 1921 1120 inter-

271 1154 489 1221 pretes,
537 1150 638 1221 qui
676 1150 991 1219 dixerunt;
1044 1153 1264 1223 Tempus
1310 1152 1567 1208 mittendi
1603 1154 1839 1226 lapides,
1870 1159 1924 1211 et

266 1242 491 1311 tempus
520 1240 837 1311 colligendi)
866 1240 1200 1296 servitutem
1240 1239 1387 1314 legis
1430 1242 1706 1313 antiquae.
1740 1244 1923 1299 Evan-

274 1327 413 1402 gelii
446 1328 637 1401 gratia
669 1334 1073 1400 temperatam.
1110 1330 1222 1386 Lex
1250 1330 1467 1403 quippe
1495 1332 1705 1404 rigida,
1763 1332 1925 1388 inbe-

272 1415 477 1491 nigna,
506 1430 621 1474 non
656 1434 921 1489 parcens,
969 1423 1304 1490 peccantem
1352 1419 1629 1475 interﬁcit
1675 1424 1928 1492 Evange-

274 1504 341 1560 lii
366 1505 560 1577 gratia
588 1506 924 1573 miseretur,
955 1511 1011 1562 et
1054 1508 1129 1563 ad
1179 1507 1582 1580 paenitentiam
1632 1516 1923 1581 provocat.

274 1598 349 1650 Et.
393 1594 505 1653 hoc
547 1610 677 1665 esse
717 1599 952 1668 tempus
1002 1597 1422 1653 mittendorum
1476 1597 1762 1671 lapidum,
1810 1600 1928 1656 sive

278 1684 846 1756 congregandorum,
878 1686 1036 1755 quod
1073 1684 1300 1758 lapides
1348 1687 1660 1743 mittantur
1688 1688 1748 1743 in
1782 1687 1927 1761 lege,

276 1770 632 1844 colligantur
659 1772 719 1828 in
771 1772 1100 1846 Evangelio.
1155 1779 1277 1830 Hoc
1324 1779 1525 1831 utrum
1574 1794 1705 1833 vere
1751 1794 1931 1834 necne

274 1859 501 1916 dictum
532 1860 630 1927 sit,
656 1878 764 1917 suo
792 1862 1119 1934 imputetur
1147 1864 1394 1920 auctori.

351 1971 381 2000 ‹‹
408 1949 667 2021 Tempus
696 1948 1092 2022 amplexandi,
1126 1956 1182 2008 et
1210 1955 1445 2025 tempus
1485 1953 1655 2026 longe
1698 1955 1819 2011 ﬁeri
1860 1955 1932 2011 ab

278 2037 576 2110 amplexu.
614 2061 637 2089 ιο
670 2038 851 2095 Juxta
889 2038 1220 2111 simplicem
1266 2041 1710 2114 intelligentiam
1742 2045 1929 2099 mani-

277 2125 466 2185 festus
493 2131 581 2184 est
611 2143 842 2183 sensus.
875 2128 1151 2200 Apostolo
1203 2131 1359 2186 410
1404 2130 1462 2185 in
1511 2132 1712 2187 eadem
1762 2133 1935 2189 verba

278 2219 670 2287 congruente:
707 2217 885 2271 Nolite
930 2217 1197 2287 fraudare
1225 2218 1295 2273 ad
1350 2220 1605 2288 invicem,
1654 2222 1769 2275 nisi
1795 2222 1936 2290 forte

276 2319 355 2361 ea:
381 2319 644 2361 comensu
691 2304 762 2360 ad
809 2309 1045 2377 tempus,
1095 2314 1157 2363 ut
1197 2309 1405 2363 vacetis
1449 2311 1696 2365 orationi
1733 2312 1782 2380 (Ι
1807 2314 1932 2367 Cor.

277 2409 385 2463 v11,
414 2393 497 2463 5),
530 2392 731 2450 liberis
770 2394 1027 2450 dandam
1070 2412 1328 2467 operam,
1371 2400 1429 2451 et
1477 2413 1714 2453 rursum
1746 2400 1933 2454 conti-

280 2481 516 2538 nentia.
545 2482 650 2537 Vel
667 2483 823 2555 quod
839 2488 1077 2556 tempus
1093 2485 1268 2541 fuerit
1283 2485 1674 2557 amplexandi,
1700 2489 1934 2559 quando

275 2570 514 2642 vigebat
542 2570 647 2627 illa
686 2572 1011 2628 sententia:
1066 2572 1317 2640 Crescite,
1366 2581 1418 2630 et
1458 2576 1932 2648 multiplicamini,

276 2662 335 2716 et
360 2660 563 2731 replete
582 2664 797 2717 terram
829 2660 982 2733 (Gen.
1017 2679 1058 2730 ι,
1106 2663 1221 2733 28).
1277 2662 1345 2718 Et
1392 2668 1625 2736 tempus
1674 2666 1938 2738 procula

280 2748 590 2821 complexu
631 2749 782 2817 fieri,
831 2751 1067 2822 quando
1116 2753 1436 2808 successit:
1491 2754 1713 2826 Tempus
1742 2756 1801 2810 in
1830 2772 1937 2811 an-

280 2841 443 2909 gusto
470 2839 647 2903 ',.est.
689 2838 942 2910 Superest
989 2842 1052 2895 ut
1107 2848 1157 2895 et
1205 2842 1305 2911 qui
1354 2841 1552 2897 habent
1609 2859 1831 2912 uxores,
1859 2846 1941 2899 sic

282 2928 404 2983 sint
431 2928 593 2999 quasi
632 2942 740 2983 non
789 2927 1025 2985 habeant
1075 2931 1125 3001 (l
1168 2929 1288 2984 Cor.
1322 2948 1425 2999 v11,
1477 2931 1591 3003 29).
1639 2932 1699 2987 Si
1742 2937 1938 2989 autem

283 3015 650 3073 voluerimus
681 3016 753 3071 ad
785 3016 992 3072 altiora
1032 3020 1441 3090 conscendere,
1492 3020 1823 3077 videbimus
1854 3039 1940 3078 sa-

287 3104 574 3177 pientiam
602 3104 921 3178 amplexari
946 3111 1239 3164 amatores
1261 3124 1401 3163 suos
1425 3127 1438 3164 :
1464 3109 1699 3176 Honora,
1724 3112 1942 3184 quippe

286 3194 393 3265 ait,
425 3209 566 3261 eam,
601 3201 655 3249 et
682 3195 1091 3266 amplexabitur
1120 3205 1172 3251 te
1209 3197 1388 3269 (Prov.
1442 3215 1516 3264 IV,
1565 3200 1642 3272 8),
1670 3199 1941 3272 intraque

2029 617 2247 690 singuli
2303 622 2730 690 perpetrarunt,
2790 618 2861 672 de
2916 618 3063 690 Lege
3109 622 3166 673 et
3220 617 3525 690 Prophetis
3569 619 3676 675 ad-

2028 712 2237 763 ventus
2298 706 2587 763 Dominici
2651 706 2993 763 testimonia
3051 711 3441 775 consuentes;
3490 708 3679 764 itaret

2029 802 2264 868 tempus
2286 780 2401 851 luit
2448 796 2742 867 quaerendi
2773 801 2830 850 et
2884 796 3250 851 custodiendi
3292 796 3492 865 Israel,
3525 801 3677 853 tem-

2030 902 2142 956 pus
2176 884 2455 956 perdendi
2480 890 2536 940 et
2554 884 2899 956 projiciendi
2933 884 3120 940 illum.
3144 884 3244 941 Vel
3269 888 3422 941 certe
3441 889 3678 957 tempus

2032 973 2327 1043 quaerendi
2387 974 2671 1044 populum
2720 989 2790 1028 ex
2831 972 3126 1045 gentibus,
3174 978 3231 1029 et
3283 977 3519 1046 tempus
3549 990 3679 1045 per-

2031 1062 2206 1117 dendi
2254 1061 2536 1134 populum
2578 1062 2939 1117 Judieorum.
3006 1063 3265 1135 Tempus
3308 1062 3680 1119 custodiendi

2033 1152 2336 1207 credentes
2368 1167 2437 1206 ex
2467 1151 2828 1219 nationibus,
2874 1157 2932 1207 et
2958 1156 3195 1225 tempus
3242 1152 3559 1223 abjiciendi
3589 1151 3681 1207 in-

2033 1239 2300 1295 credulos
2331 1240 2403 1295 ab
2435 1239 2634 1295 Israel.

2107 1352 2134 1378 «
2166 1330 2423 1401 Tempus
2448 1331 2699 1399 tacendi,
2732 1335 2790 1385 et
2817 1335 3052 1401 tempus
3083 1329 3377 1403 loquendi.
3413 1352 3441 1380 »
3472 1330 3683 1404 Pytha-

2036 1418 2264 1490 goricos
2296 1434 2443 1479 reor,
2465 1434 2716 1489 quorum
2738 1417 3051 1491 disciplina
3070 1424 3160 1475 est
3178 1423 3371 1476 tacere
3392 1436 3495 1492 per
3511 1420 3684 1491 quin-

2038 1506 2385 1577 quennium,
2417 1512 2476 1560 et
2506 1511 2705 1578 postea
2735 1508 2995 1563 eruditos
3026 1506 3210 1579 loqui,
3238 1508 3376 1563 hinc
3397 1508 3684 1581 originem

2038 1594 2129 1651 sui
2162 1594 2409 1650 traxisse
2437 1596 2673 1650 decreti.
2711 1596 3016 1651 Discamus
3049 1597 3247 1668 itaque
3288 1601 3345 1652 et
3392 1600 3541 1654 4H
3578 1608 3685 1654 nos

2041 1684 2205 1755 prius
2241 1701 2355 1739 non
2386 1683 2567 1754 loqui,
2594 1689 2658 1738 ut
2680 1691 2881 1755 postea
2896 1686 2967 1740 ad
2990 1685 3350 1757 loquendum
3378 1691 3689 1758 praecepto-

2042 1773 2123 1827 ris
2155 1789 2256 1828 ora
2287 1788 2637 1827 rcseremus.
2682 1772 2971 1829 Sileamus
3016 1777 3172 1829 certo
3216 1779 3497 1846 tempore,
3527 1780 3584 1830 et
3611 1776 3686 1831 ad

2041 1861 2274 1933 eloquia
2304 1863 2683 1933 pendeamus.
2727 1861 2883 1916 Nihil
2930 1863 3100 1917 nobis
3148 1862 3416 1920 videatur
3463 1868 3688 1920 rectum

2044 1968 2193 2017 esse,
2212 1950 2325 2005 nisi
2346 1950 2502 2022 quod
2524 1950 2828 2019 discimus,
2854 1954 2919 2005 ut
2937 1955 3068 2022 post
3087 1950 3337 2006 multum
3361 1952 3687 2014 silentium.

2043 2040 2114 2094 de
2146 2039 2453 2111 discipulis
2492 2040 2820 2095 efficiamur
2866 2039 3153 2111 magistri.
3204 2044 3370 2096 Nunc
3422 2058 3555 2097 vero
3584 2057 3690 2115 pro

2045 2128 2388 2185 saeculorum
2438 2128 2698 2199 quotidie
2764 2130 2820 2183 in
2890 2130 3058 2201 pejus
3106 2129 3428 2186 labentium
3477 2130 3615 2186 vitio
3644 2131 3690 2199 ι,

2044 2220 2322 2273 docemus
2355 2217 2411 2271 in
2444 2216 2727 2283 ecclesiis,
2767 2219 2919 2289 quod
2972 2221 3290 2274 nescimus.
3339 2223 3409 2274 Et
3455 2219 3504 2275 si
3530 2236 3690 2276 com-

2046 2308 2333 2380 positione
2364 2307 2695 2374 verborum,
2728 2305 2814 2360 vel
2846 2306 3127 2362 instinctu
3159 2307 3397 2376 diaboli,
3430 2309 3531 2379 qui
3556 2310 3691 2364 fau-

2044 2401 2135 2451 tor
2182 2412 2446 2451 errorum
2497 2400 2610 2461 est,
2680 2394 2923 2465 plausus
2973 2394 3171 2467 populi
3217 2396 3687 2466 excitaverimus,

2045 2490 2249 2541 contra
2278 2484 2697 2540 conscientiam
2729 2488 2990 2539 nostram
3014 2483 3163 2539 scire
3184 2501 3291 2541 nos
3313 2485 3687 2553 arbitramur,

2045 2576 2116 2630 de
2164 2590 2279 2647 quo
2326 2572 2457 2628 aliis
2507 2575 2808 2645 potuimus
2858 2573 3227 2643 persuadere.
3279 2573 3497 2629 Omnes
3537 2580 3692 2630 artes

2046 2664 2267 2735 absque
2289 2663 2522 2717 doctore
2544 2663 2567 2697 θ
2596 2678 2709 2717 non
2742 2661 3029 2717 discimus
3054 2678 3066 2715 :
3098 2660 3224 2717 sola
3252 2662 3376 2718 haec
3405 2666 3524 2718 tam
3563 2661 3691 2718 vilis

2047 2757 2105 2808 et
2131 2751 2319 2807 facilis
2358 2756 2467 2817 est,
2501 2756 2564 2805 ut
2592 2767 2708 2806 non
2738 2750 2999 2823 indigeat
3037 2756 3406 2822 praeceptore.

2124 2865 2145 2891 ιι
2183 2842 2441 2911 Tempus
2472 2840 2732 2907 amandi,
2775 2846 2832 2895 et
2882 2845 3119 2912 tempus
3166 2840 3421 2897 odiendi.
3460 2864 3489 2890 ››
3521 2842 3692 2899 Tem-

2050 2948 2161 3003 pus
2190 2928 2428 2985 amandi
2458 2933 2591 3001 post
2623 2930 2827 2994 Deum,
2861 2928 3097 2997 liberos,
3146 2945 3407 2996 uxorem,
3449 2928 3694 3003 propin-

2048 3036 2220 3092 quos,
2250 3025 2308 3074 et
2338 3023 2570 3090 tempus
2600 3017 2833 3075 odiendi
2864 3034 2964 3073 eos
2992 3019 3051 3073 in
3094 3018 3391 3090 martyrio,
3432 3034 3566 3074 eum
3590 3035 3696 3091 pre

2049 3108 2263 3164 Christi
2312 3106 2677 3163 confessione
2722 3106 2943 3178 rigidos
2992 3106 3177 3178 pietas
3232 3111 3534 3179 oppugnat
3580 3107 3693 3163 ini-

2052 3198 2222 3254 mica.
2257 3195 2360 3251 Vel
2381 3199 2537 3252 certe
2564 3199 2798 3266 tempus
2826 3195 3063 3250 amandi
3085 3194 3293 3266 legem,
3326 3200 3383 3251 et
3411 3211 3479 3251 ea
3506 3211 3696 3267 quase

286 3282 466 3338 ulnas
489 3298 628 3340 suas
648 3286 709 3339 et
727 3284 1017 3358 gremium
1037 3285 1313 3342 strictiori
1332 3287 1553 3343 tenebit
1575 3288 1879 3361 complexu
1896 3291 1937 3343 ².
1973 3280 2015 3346 C
2052 3285 2178 3357 lege
2224 3285 2458 3339 fuerant
2505 3283 2808 3355 imperata,
2860 3282 3388 3351 circumcisionem,
3445 3284 3694 3352 hostias,

288 3370 493 3437 Porro,
525 3370 666 3443 quia
695 3389 811 3427 non
863 3378 1048 3445 potest
1101 3373 1398 3431 humanus
1444 3376 1680 3432 animus
1711 3393 1944 3450 semper

287 3458 353 3514 in
382 3459 635 3515 sublime
683 3461 869 3529 tendi,
919 3466 977 3518 et
1023 3463 1094 3518 de
1141 3462 1355 3519 divinis
1404 3468 1462 3519 et
1508 3464 1815 3523 altioribus
1847 3481 1940 3522 co-

288 3548 500 3623 gitare,
534 3565 640 3605 nec
670 3550 894 3623 jugiter
938 3568 1067 3608 esse
1116 3553 1176 3608 in
1225 3553 1714 3625 contemplatione
1746 3573 1941 3611 rerum

288 3636 639 3709 ccélestium,
689 3639 789 3694 sed
842 3638 1137 3696 interdum
1188 3642 1636 3700 necessitatibus
1682 3646 1943 3718 corporis

286 3725 632 3800 indulgere;
676 3730 983 3801 propterea
1035 3734 1266 3803 tempus
1314 3735 1403 3786 est
1445 3732 1813 3804 amplexandi
1845 3751 1943 3791 sa-

287 3816 597 3890 pientiam,
621 3820 677 3872 et
705 3832 835 3873 eam
867 3818 1128 3875 strictius
1160 3820 1493 3876 continendi
1542 3822 1584 3893 3,
1625 3826 1682 3877 et
1709 3826 1943 3895 tempus

291 3904 592 3977 relaxandi
624 3910 880 3963 mentem
913 3908 984 3964 ab
1014 3908 1228 3965 intuitu
1259 3910 1682 3983 complexuque
1711 3913 1941 3985 sapien-

291 3994 415 4060 tiae,
452 3999 513 4050 ut
542 4011 693 4052 curae
742 3997 1024 4068 corporis,
1074 4003 1132 4054 et
1173 3998 1267 4055 his
1317 4000 1534 4072 quibus
1581 4001 1699 4056 vita
1746 4006 1945 4058 nostra

293 4084 519 4157 absque
546 4089 784 4158 peccato
816 4085 1060 4160 indiget,
1095 4088 1443 4144 serviamus.

368 4195 397 4222 ‹‹
423 4174 683 4246 Temqus
711 4174 1075 4247 acquirendi,
1100 4180 1159 4231 et
1180 4180 1415 4250 tempus
1436 4177 1736 4249 perdendi.
1769 4180 1943 4235 Tem-

288 4277 410 4333 pus
449 4262 841 4330 custodiendi,
874 4269 931 4318 et
962 4268 1193 4337 tempus
1244 4265 1610 4338 projiciendi.
1647 4290 1671 4316 α
1705 4268 1825 4322 Sub
1852 4267 1942 4322 di-

284 4350 478 4409 versis
508 4350 901 4421 sermonibus,
935 4353 1092 4408 idem
1134 4370 1312 4421 nunc,
1347 4354 1447 4427 qui
1480 4372 1658 4427 supra
1686 4360 1744 4412 et
1768 4356 1941 4427 infra,

284 4451 503 4505 sensus
542 4444 653 4506 est,
687 4439 745 4495 in
772 4458 838 4496 eo
878 4442 1033 4512 quod
1086 4441 1203 4497 ait:
1264 4444 1489 4516 Tempus
1528 4445 1859 4512 destruendi,
1892 4448 1943 4501 et

282 4536 500 4600 tempus
555 4529 889 4601 aediﬁcandi.
946 4532 1026 4585 Ac
1083 4531 1295 4587 deinde
1354 4533 1579 4606 Tempus
1638 4533 1943 4604 scindendi,

279 4620 571 4714 ettempus
594 4619 919 4714 consuendi.
962 4620 1264 4714 Quomodo
1312 4622 1468 4677 enim
1519 4623 1825 4714 Eynagoga
1849 4624 1944 4714 de—
1971 4649 2018 4714 Β

279 4705 561 4776 struitur,
592 4711 657 4763 ut
685 4708 1005 4765 aedificetur
1048 4708 1325 4782 Ecclesia,
1355 4715 1413 4766 et
1442 4728 1478 4769 a
1521 4711 1669 4784 Lege
1699 4714 1764 4768 lit
1791 4713 1935 4769 scis-

361 4956 376 4991 ¹
409 4955 725 5032 Victorius,
759 4959 981 5031 Tempus
1009 4975 1158 5015 nunc
1198 4960 1261 5015 in
1305 4965 1574 5032 augusto:
1619 4962 1759 5021 olim
1791 4968 1935 5032 erat,

284 5029 410 5084 Tem
488 5045 514 5083 s
570 5028 674 5084 uod
704 5030 765 5084 in
796 5028 1043 5101 augusto,
1081 5035 1190 5087 etc.

355 5101 378 5134 ²
410 5045 784 5155 “eximamus
819 5102 1040 5155 vitiose.
1073 5104 1190 5155 Stri.

355 5101 380 5180 ξ
410 5101 804 5180 Martianteusﬁ
819 5102 1040 5180 vitiose,
1073 5104 1348 5180 Strictiori
1394 5108 1579 5180 tenere
1621 5108 1932 5180 complexu.

358 5172 381 5207 ³
410 5171 535 5227 Duo
567 5189 730 5242 mss.,
767 5172 1469 5243 Strictiuseonstringendi.
1740 5171 1752 5180 ’
1840 5190 1849 5195 ·

359 5243 894 5328 ⁴ῂΡειιθε.ᾼὶοιιὶιι.,
941 5247 1005 5300 Et
1066 5247 1301 5328 alligant
1364 5250 1648 5304 scissiones
1709 5250 1933 5318 legales,

282 5322 353 5369 ut
380 5316 666 5386 Evangelii
692 5314 880 5386 gloria
907 5314 1221 5372 consuatur.
1763 5314 1781 5318 Ὗ
1920 5314 1927 5317 ⁷

360 5385 382 5419 ⁸
427 5380 580 5459 Nunc
634 5403 758 5442 vero
809 5403 913 5459 pro
968 5389 1317 5445 swculorum.
1375 5390 1755 5446 Corbeienses
1788 5407 1931 5447 mss.

274 5471 386 5531 pro
416 5458 719 5513 seholaram
746 5458 990 5530 quotidie
1014 5463 1075 5515 in
1101 5461 1256 5531 pejus
1287 5462 1587 5518 labentium
1613 5480 1625 5518 :
1655 5468 1712 5519 et
1740 5464 1891 5521 intra
1917 5479 1929 5516 :

276 5529 383 5602 qui
402 5530 584 5656 grator
610 5529 863 5594 errorum
890 5535 989 5585 est.
1024 5529 1308 5588 ΜᾸιιίιπιΑΝ.

354 5601 375 5634 ⁸
452 5602 611 5656 ecole
641 5601 951 5656 enistolam
980 5604 1051 5656 53
1080 5604 1151 5656 ad
1186 5604 1301 5656 Pau

272 5671 316 5728 6
346 5601 611 5728 :dReScole
641 5601 951 5674 epistolam
980 5604 1051 5658 53
1080 5604 1151 5658 ad
1186 5604 1491 5661 Paulinum
1525 5621 1728 5665 anum.

346 5686 419 5728 ια
452 5686 505 5727 ὅ.

354 5774 422 5789 -
448 5743 647 5805 Omnes
674 5747 819 5804 artes
846 5744 1052 5823 absque
1078 5746 1314 5806 doctore.
1349 5747 1508 5804 Idem
1547 5748 1935 5823 conqueritur

2051 3374 2394 3442 Sabbatum,
2422 3373 2761 3428 neomenias
2788 3377 2877 3439 ;et
2894 3376 3125 3444 tempus
3145 3372 3382 3428 odiendi
3414 3374 3692 3443 ea,Evan—

2050 3462 2183 3535 gelii
2225 3462 2413 3534 gratia
2442 3461 2809 3516 succedente.
2843 3461 3077 3516 Necnon
3104 3466 3162 3517 et
3202 3460 3311 3515 hoc
3344 3460 3457 3516 diei
3484 3465 3697 3533 potest,

2052 3551 2331 3623 quoniam
2365 3566 2520 3605 nunc
2553 3566 2655 3622 per
2683 3548 2987 3621 speculum
3017 3550 3367 3606 videmusin
3391 3550 3700 3622 aenigmate

2051 3641 2099 3710 (I
2128 3641 2247 3697 Cor.
2281 3658 2407 3707 xm,
2444 3640 2550 3708 12),
2582 3643 2818 3711 tempus
2848 3655 2977 3695 esse
3025 3639 3336 3710 praesentia
3380 3638 3692 3710 diligendi,

2052 3734 2109 3785 et
2168 3730 2227 3784 in
2261 3729 2522 3784 futurum
2555 3733 2791 3800 tempus
2814 3727 3106 3793 adveniet,
3141 3727 3377 3798 quando
3395 3730 3703 3783 cernentes

2054 3820 2197 3875 facie
2227 3819 2299 3874 ad
2332 3818 2538 3873 faciem
2568 3818 2609 3885 τ,
2643 3822 2700 3873 et
2740 3818 2799 3872 in
2851 3816 3063 3871 melius
3115 3815 3501 3887 proﬁcientes,
3552 3814 3698 3871 incis-

2052 3908 2284 3981 piemus
2315 3906 2527 3972 odisse,
2561 3912 2618 3961 et
2642 3905 2937 3977 despicere
2967 3904 3122 3975 quod
3152 3903 3502 3959 amavimus.

2126 4021 2153 4047 ‹‹
2189 3998 2445 4067 Tempus
2477 3994 2614 4050 belli
2655 3998 2711 4048 et
2755 3998 2991 4066 tempus
3043 3992 3223 4065 pacis.
3260 4015 3287 4042 »
3336 3993 3604 4057 Quandiu
3637 3992 3696 4049 in

2053 4086 2325 4158 praesenti
2376 4083 2589 4141 saeculo
2646 4099 2875 4150 sumus,
2910 4087 3144 4154 tempus
3187 4086 3279 4137 est
3330 4080 3512 4138 belli:
3561 4094 3697 4137 cum

2053 4179 2248 4229 autem
2283 4172 2730 4245 migraverimus
2761 4172 2831 4227 dc
2862 4172 2970 4227 hoc
2996 4170 3229 4238 saeculo,
3263 4170 3424 4243 pacis
3461 4176 3701 4244 tempus

2053 4263 2336 4319 adveniet.
2376 4262 2438 4317 In
2484 4277 2623 4333 pace
2671 4261 2827 4317 enim
2879 4259 3041 4317 locus
3085 4264 3175 4316 est
3223 4260 3347 4328 Dei,
3393 4264 3450 4316 et
3496 4260 3699 4317 civitas

2054 4356 2255 4408 nostra
2283 4350 2634 4419 Jerusalem,
2662 4350 2734 4405 de
2767 4366 2906 4422 pace
2955 4348 3164 4406 sortita
3209 4354 3298 4405 est
3343 4347 3697 4406 vocabulum

2054 4444 2221 4514 (Psal.
2257 4458 2418 4508 LXXV,
2447 4442 2525 4512 3).
2548 4440 2732 4496 Nemo
2762 4455 2899 4511 ergo
2930 4456 2992 4496 se
3023 4455 3175 4493 nunc
3198 4441 3363 4509 putet
3382 4453 3515 4494 esse
3535 4451 3698 4494 secu-

2054 4548 2184 4586 rum
2210 4548 2223 4586 :
2260 4532 2318 4585 in
2350 4536 2610 4603 tempore
2639 4528 2775 4584 belli
2816 4527 3241 4599 accingendum
3278 4530 3368 4580 est
3390 4526 3431 4592 9,
3456 4529 3514 4580 et
3532 4541 3699 4582 arma

2053 4620 2377 4687 tractanda,
2426 4624 2489 4674 ut
2535 4619 2781 4674 victores
2828 4617 3125 4690 quondam
3173 4613 3696 4686 requiescamusin

2050 4726 2213 4783 pace.

2048 4960 2107 5016 in
2141 4958 2393 5031 Epistula
2447 4958 2520 5013 ad
2587 4955 2921 5031 Paulinum,
2980 4955 3051 5011 de
3109 4953 3304 5031 studio
3350 4951 3695 5031 (divinarum

2048 5021 2521 5103 Scripturarum;
2573 5030 2743 5100 cujus
2790 5027 3024 5083 initium
3076 5031 3183 5093 est,
3233 5026 3425 5081 Frater
3468 5021 3695 5079 Ambro-

2046 5102 2322 5177 siuwts-
2357 5102 2659 5177 Μᾼινιῖωκο-
2799 5171 2847 5177 --
3391 5166 3431 5177 -η
3474 5164 3489 5177 ι
3539 5163 3573 5177 -ο
3618 5166 3621 5169 -

2117 5164 2342 5229 ἾᾹάόὶὶ
2393 5173 2575 5228 Vatic.
2637 5171 2994 5233 intuebimur,
3057 5186 3161 5240 pro
3218 5184 3334 5241 quo
3391 5164 3696 5241 Palatinus

2047 5246 2194 5300 alter
2225 5248 2525 5301 intuemur.
2559 5249 2683 5299 Mox
2718 5259 2819 5315 pro
2870 5237 3322 5314 incipiemus—ct
3366 5237 3509 5315 quod
3537 5254 3693 5315 ama:

2046 5320 2249 5381 vimus,
2280 5311 2801 5388 quemadmodum“
2824 5311 2993 5388 mss.:
3018 5329 3221 5388 omnes
3269 5311 3607 5388 prmferunt,
3639 5312 3697 5364 et

2046 5381 2337 5444 Victorius
2369 5403 2600 5459 quoque
2632 5403 2701 5443 ex
2744 5383 3119 5459 Florentinis
3149 5381 3580 5459 exemplaribus
3611 5396 3697 5435 re-

2046 5461 2336 5530 stituerat,
2371 5453 2639 5515 Martiae.
2675 5457 2913 5513 retinuit
2942 5457 3266 5527 incipimus,
3296 5453 3363 5510 ex
3387 5453 3528 5527 quod
3550 5467 3698 5521 nunc

2043 5548 2312 5586 amamus.

2114 5606 2135 5637 ⁸
2168 5601 2466 5657 Palatinus
2492 5599 2657 5655 alter.
2693 5604 2756 5654 In
2799 5607 3035 5670 tempore
3080 5598 3211 5652 belli
3245 5597 3346 5652 tibi
3373 5595 3696 5670 certantium

2042 5678 2141 5729 est.
2176 5674 2482 5737 Alcuinus,
2519 5674 2618 5730 Ubi
2639 5668 2955 5726 certandum
2984 5672 3081 5725 est.
3118 5671 3267 5725 Tum
3318 5685 3452 5725 cum
3486 5668 3691 5737 eodem

2041 5745 2306 5804 Palatino
2337 5735 2673 5813 VatiCanus,
2721 5744 2789 5800 Et
2839 5741 3134 5818 apostolica
3178 5758 3340 5801 arma
3386 5735 3688 5800 tractanda.
