3992 6402
423 378 574 442 1091

1655 378 1724 438 S.
1769 373 2080 439 EUSEBII
2127 373 2596 438 HIERONYMI.

3669 373 3830 438 1092

496 535 523 562 ‹‹
558 514 692 578 Quae
731 507 1093 565 abundantia
1141 513 1229 564 est
1279 509 1530 574 facienti,
1587 511 1642 562 in
1696 509 1912 579 quibus
1945 509 2068 579 ipse
2100 513 2150 575 A
2183 527 2320 572 xxu,
2352 513 2461 578 31),
2495 511 2681 564 instar
2721 509 3066 565 animalium
3113 524 3498 582 provocamur
3547 508 3654 578 [ΑΙ.
3689 524 3826 580 pro-

419 601 666 656 laborat.
700 597 831 652 Vidi
861 597 1324 668 occupationem,
1357 615 1534 669 quam
1588 598 1745 650 dedit
1797 597 1932 651 tiliis
1963 597 2066 651 ho-

421 689 670 754 minum,
705 691 769 741 ut
799 691 1154 757 occupentur
1183 687 1242 740 in
1288 703 1374 741 ea.
1433 687 1708 741 Universa
1761 687 1896 741 fecit
1925 686 2076 740 bona

421 779 480 834 in
513 783 770 848 tempore
802 793 931 844 suo,
965 779 1021 830 et
1051 776 1289 846 quidem
1324 776 1602 830 sacculum
1635 776 1796 830 dedit
1819 775 1875 829 in
1900 777 2073 830 corda

419 883 642 930 eorum,
679 870 743 919 ut
773 881 888 920 non
921 865 1180 918 inveniat
1207 864 1380 918 homo
1405 883 1550 936 opus
1574 865 1728 934 (μιοά
1761 865 1896 918 fecit
1921 870 2070 918 Deus

417 955 488 1009 ab
521 953 686 1009 initio
727 970 916 1026 usque
943 954 1000 1008 in
1033 955 1233 1010 finem.
1271 977 1297 1002 »
1349 956 1472 1008 Non
1523 971 1614 1008 me
1662 953 1811 1025 fugit
1859 955 1996 1025 quid
2031 971 2064 1008 a

415 1043 708 1115 plerisque
739 1044 799 1098 in
837 1044 942 1098 hoc
977 1041 1098 1098 loco
1136 1043 1356 1098 dictum
1403 1043 1493 1108 sil,
1549 1043 1700 1098 412
1741 1043 1894 1114 quod
1937 1059 2066 1114 pro-

415 1136 612 1203 pterea
656 1133 808 1188 Deus
836 1132 894 1186 in
925 1132 1192 1202 praesenti
1228 1130 1437 1186 saeculo
1463 1131 1637 1186 etiam
1661 1147 2064 1202 perversurum

413 1221 757 1292 dogmatum
801 1221 1098 1290 magistris
1131 1219 1486 1274 concesserit
1508 1219 1968 1290 occupationem,
1993 1235 2064 1274 ne

415 1326 584 1364 mens
615 1309 873 1364 hominis
905 1310 1090 1362 otiosa
1121 1312 1496 1380 torpesceret,
1550 1313 1607 1362 et
1647 1309 1754 1363 hoc
1802 1325 1930 1362 esse
1963 1310 2062 1362 bo-

411 1414 577 1466 num,
614 1398 764 1468 quod
803 1397 936 1451 fecit
965 1397 1119 1452 Deus
1149 1397 1209 1452 in
1259 1402 1522 1468 tempore
1577 1415 1706 1463 suo,
1765 1402 1820 1450 et
1851 1396 2062 1450 nihilo-

413 1488 609 1541 minus
645 1486 886 1555 nequire
937 1502 1035 1539 cos
1085 1491 1356 1541 naturam
1409 1491 1464 1540 et
1516 1503 1710 1540 rerum
1757 1485 2061 1540 scientiam

411 1574 923 1645 comprehendere.
957 1573 1094 1627 Mihi
1147 1591 1286 1628 vero
1337 1575 1406 1628 ab
1447 1573 1707 1638 Hebraeo,
1745 1575 1844 1644 qui
1877 1591 1968 1628 me
2001 1572 2060 1627 in

411 1662 726 1734 Scripturis
757 1662 1027 1726 erudivit,
1051 1663 1131 1716 ita
1163 1665 1491 1733 expositum
1525 1667 1650 1716 est:
1685 1665 1826 1716 Cum
1863 1662 2060 1716 omnia

409 1767 516 1806 suo
556 1751 828 1806 labantur
859 1756 1139 1822 tempore,
1179 1756 1234 1805 et
1265 1753 1341 1806 sit
1373 1755 1602 1822 tempus
1635 1751 1971 1805 destruendi
2005 1755 2060 1805 et

409 1840 753 1904 aedificandi,
791 1839 964 1894 flendi
999 1844 1170 1910 atque
1203 1840 1453 1910 ridendi,
1505 1841 1726 1895 tacendi
1767 1845 1938 1910 atque
1968 1840 2056 1894 lo-

410 1929 649 1999 quendi,
697 1933 753 1982 ct
803 1933 1007 1983 czetera
1053 1945 1178 1998 quae
1243 1930 1398 1983 dicta
1466 1930 1536 1982 de
1595 1934 1850 2000 tempore
1899 1935 2056 1994 sunt,

409 2017 552 2087 quid
587 2017 805 2071 frustra
837 2034 1119 2072 conamur
1149 2022 1206 2072 ct
1253 2017 1571 2083 tendimus,
1624 2023 1680 2072 et
1711 2019 1899 2072 brevis
1931 2019 2056 2071 vitae

409 2105 636 2160 labores
665 2111 942 2178 putamus
975 2123 1100 2160 esse
1135 2109 1496 2177 perpetuos?
1529 2107 1640 2160 Nec
1675 2107 1926 2161 mutenti
1960 2125 2056 2160 su-

409 2212 543 2250 mus
573 2197 891 2250 secundum
927 2195 1334 2266 Evangelium,
1371 2196 1592 2250 malitia
1618 2197 1728 2250 dici
1757 2215 1767 2250 :
1793 2196 2056 2267 nihilque

405 2283 464 2338 in
497 2284 818 2340 crastinum
861 2285 1183 2354 cogitemus
1216 2284 1422 2355 (iilatth.
1459 2303 1534 2350 vi,
1571 2285 1682 2355 3i).
1715 2285 1862 2348 Quid
1898 2285 2054 2338 enim

405 2389 723 2444 possumus
751 2372 962 2428 habere
985 2373 1044 2427 in
1068 2373 1173 2428 hoc
1201 2373 1409 2428 Sieeulo
1433 2372 1687 2444 amplius
1709 2373 2050 2440 laborando,

405 2461 464 2514 iu
495 2478 609 2532 quo
639 2461 692 2516 id
729 2465 956 2517 tantum
989 2461 1326 2516 hominibus
1359 2479 1392 2516 a
1422 2462 1535 2517 Deo
1575 2462 1779 2516 datum
1813 2469 1903 2516 est
1943 2481 1954 2528 ;
1989 2467 2054 2516 ut

405 2549 554 2606 alius
587 2549 699 2606 alia
730 2551 1006 2606 sectando
1037 2550 1298 2615 haberet,
1349 2551 1406 2604 in
1459 2551 1673 2621 quibus
1719 2551 1964 2617 erudiri,
1997 2557 2054 2606 et

405 2655 668 2694 exercere
711 2656 772 2694 se
829 2639 1070 2710 posset?
1116 2639 1270 2694 Deus
1310 2639 1464 2694 enim
1497 2655 1668 2694 omne
1702 2641 1854 2710 quod
1891 2640 2044 2706 fecit,

403 2727 624 2782 bonum
657 2733 764 2792 est,
797 2729 898 2781 sed
932 2729 1148 2782 bonum
1171 2727 1228 2780 in
1263 2731 1521 2798 tempore
1553 2745 1678 2783 suo.
1709 2729 1934 2783 Bonum
1962 2733 2050 2784 est

402 2815 644 2886 vigilare
670 2820 842 2886 atque
874 2815 1124 2870 dormire
1151 2834 1162 2870 :
1199 2834 1302 2870 nec
1335 2823 1528 2871 tamen
1553 2834 1784 2888 semper
1811 2818 2048 2888 vigilare

405 2907 507 2958 aut
545 2903 798 2958 dormire
829 2905 1048 2959 bonum
1082 2909 1190 2968 est,
1225 2905 1364 2975 quia
1385 2906 1824 2976 vicissimjuxta
1849 2908 2048 2978 dispo-

403 2992 673 3048 sitionem
705 2993 804 3048 Dei
837 2994 1054 3048 bonum
1089 2999 1178 3048 est
1209 2996 1692 3065 unumquodque,
1732 3013 1863 3048 cum
1901 3013 2050 3066 opus

402 3087 508 3137 est.
541 3082 711 3137 Dedit
741 3100 976 3155 quoque
1008 3083 1160 3138 Deus
1189 3084 1474 3138 mundum
1499 3085 1568 3137 ad
1595 3084 2044 3138 inhabitandam

403 3171 760 3240 hominibus,
797 3177 858 3227 ut
887 3173 1158 3228 fruantur
1185 3173 1563 3228 varietatibus
1604 3178 1958 3244 temporum,
1992 3178 2047 3229 et

401 3277 516 3318 non
539 3267 802 3332 quaerant
833 3263 902 3317 de
924 3263 1118 3317 causis
1151 3279 1343 3317 rerum
1369 3263 1724 3318 naturalium
1751 3265 2044 3333 quomodo

398 3354 594 3405 creata
625 3350 743 3404 sint
773 3351 1007 3406 omnia:
1051 3367 1230 3422 quare
1277 3351 1386 3405 hoc
1435 3351 1520 3406 vel
1573 3352 1710 3406 illud
1754 3353 1824 3406 ab
1877 3353 2044 3408 initio

397 3437 602 3492 mundi
635 3455 821 3508 usque
849 3440 919 3494 ad
951 3441 1518 3495 consummationem
1545 3441 1740 3496 fecerit
1761 3457 2040 3510 crescere,

399 3541 654 3594 manere,
703 3528 941 3583 mutari.

469 3639 496 3664 ‹‹
540 3615 792 3688 Cognovi
826 3617 962 3688 quia
995 3635 1108 3672 non
1159 3622 1246 3673 est
1299 3619 1542 3682 bonum,
1595 3619 1708 3672 nisi
1755 3618 1957 3684 laetari,
1992 3624 2047 3675 et

399 3705 584 3760 facere
615 3707 832 3762 bonum
865 3705 922 3760 in
955 3707 1072 3760 vita
1101 3724 1223 3762 sua.
1259 3707 1326 3760 Et
1375 3708 1612 3777 quidem
1647 3709 1838 3762 omnis
1870 3709 2043 3762 homo

323 3793 326 3796 ί
396 3794 492 3865 qui
527 3795 797 3863 comedit,
834 3799 890 3850 et
921 3795 1087 3858 bibit,
1125 3799 1178 3848 et
1211 3795 1464 3849 ostendit
1497 3797 1713 3850 bonum
1747 3798 1760 3829 ¹
1799 3797 1854 3850 in
1888 3797 2044 3851 omni

397 3883 592 3939 labore
625 3902 750 3952 suo,
783 3903 852 3942 ex
883 3885 1032 3940 dono
1068 3885 1159 3939 Dei
1218 3889 1324 3939 est.
1377 3907 1401 3930 η
1455 3885 1762 3955 Propterea
1807 3886 2045 3940 colonus

396 3977 452 4026 et
500 3973 710 4045 hospes
761 3975 964 4030 mundi
1017 3975 1192 4030 homo
1236 3976 1410 4030 datus
1458 3981 1564 4039 est,
1621 3980 1682 4029 ut
1735 3977 1886 4030 brevi
1920 3977 2044 4030 vita!

398 4077 516 4114 suae
557 4061 786 4116 fruatur
815 4067 1095 4134 tempore,
1129 4070 1184 4118 et
1215 4079 1314 4133 spe
1361 4062 1690 4134 prolixieris
1733 4066 1918 4120 relatis
1951 4067 2046 4119 ab-

397 4148 610 4216 scissa,
641 4153 850 4203 cuncta
883 4167 1007 4221 qua:
1042 4153 1323 4222 possidet,
1358 4153 1522 4222 quasi
1574 4155 1641 4207 ad
1678 4154 1822 4209 alias
1856 4157 2046 4226 profe-

398 4241 602 4291 cturus
630 4238 893 4309 aspiciat,
927 4245 983 4293 ct
1013 4241 1166 4310 quod
1201 4241 1306 4310 [.ll.
1343 4244 1654 4313 quantum]
1695 4250 1880 4314 potest
1905 4247 2046 4298 bene

400 4325 574 4380 faciat
605 4325 660 4379 in
707 4326 818 4381 vita
870 4345 1014 4382 sua:
1067 4345 1169 4383 nec
1227 4329 1444 4384 frustra
1489 4332 1560 4386 ob
1607 4334 2046 4403 congregandos

400 4430 537 4484 opes
591 4414 1042 4488 cogitationibus
1093 4422 1453 4489 torqueatur.
1525 4420 1722 4490 Neque
1771 4437 1831 4474 se
1889 4427 2050 4491 putet

401 4504 534 4574 plus
561 4505 632 4558 de
656 4522 760 4558 suo
791 4505 987 4560 labore
1028 4505 1238 4560 lucrari
1295 4525 1487 4578 posse,
1538 4525 1715 4577 quam
1767 4510 1960 4563 cibum
1995 4515 2050 4564 et

399 4597 622 4663 potum,
658 4599 714 4648 et
744 4595 790 4648 si
826 4594 962 4664 quid
998 4597 1065 4650 de
1098 4597 1308 4667 opibus
1342 4597 1466 4650 suis
1491 4597 1546 4650 in
1579 4597 1744 4651 bonis
1773 4598 2048 4669 operibus
2087 4617 2130 4682 D

400 4681 757 4753 cxpenderit,
798 4682 908 4737 hoc
956 4684 1146 4739 solum
1197 4685 1418 4738 donum
1480 4685 1631 4738 4l3
1687 4685 1780 4740 Dei
1837 4691 1942 4739 est.
1979 4688 2056 4741 Ex

402 4771 638 4841 quibus,
673 4789 809 4838 non,
845 4777 907 4826 ut
937 4773 1175 4844 quidam
1234 4773 1549 4836 restimant,
1583 4775 1652 4828 ad
1687 4773 1979 4828 luxuriam
2003 4781 2059 4830 et

401 4859 660 4924 delicias,
681 4865 736 4916 et
753 4862 822 4915 ad
843 4861 1673 4932 desperationem,secundum
1699 4861 1842 4918 illud
1863 4865 2054 4919 Isaia}:

401 4949 786 5005 Manducemus
817 4959 867 5006 el
916 4952 1184 5018 bibamus,
1236 4967 1359 5005 cras
1405 4953 1552 5004 cnim
1597 4954 1896 5007 moriemur
1928 4955 2052 5024 (Isa.

475 5127 500 5200 ¹ν
525 5127 682 5182 Idem
743 5127 990 5182 Palatia.
1058 5129 1333 5195 Comedct,
1383 5138 1432 5184 et
1487 5132 1652 5200 bibet,
1711 5142 1761 5188 ct
1820 5136 2058 5192 ostendet

405 5199 612 5252 anima:
641 5215 758 5254 sua:
798 5203 1018 5267 bonum,
1057 5207 1165 5254 etc.

477 5271 497 5350 ξ
529 5273 646 5350 tiro.
671 5273 738 5350 in
757 5271 964 5341 dolore,
1003 5272 1292 5350 Palatinus
1327 5271 1512 5350 alter,_
1542 5275 1598 5327 in.
1630 5275 1981 5350 abstinentia.

477 5339 838 5414 3"Victorius,
887 5339 988 5414 pro
1039 5345 1262 5414 gaudio,
1315 5345 1512 5414 reponi
1579 5345 1698 5398 vult
1759 5351 1894 5412 risu,
1929 5361 2052 5404 tum

409 5427 476 5464 ex
507 5411 703 5487 Gya-co
753 5411 932 5481 textu,
985 5411 1048 5468 in'
1090 5435 1205 5486 quo
1254 5421 1341 5470 est
1383 5411 1656 5487 λίὲὶλυτος,
1711 5424 1834 5473 tum
1870 5411 1936 5474 ex
1967 5439 2052 5486 eo,

411 5483 562 5561 quod
596 5483 664 5537 de
699 5487 836 5550 risu,
871 5503 984 5540 non
1019 5488 1086 5540 de
1111 5483 1334 5561 :qaudio,
1369 5483 1559 5561 sermo
1593 5489 1922 5561 Hieronymi
1958 5483 2051 5547 sit.

411 5554 562 5608 Nihil
595 5573 726 5610 vero
759 5561 958 5612 contra
989 5554 1130 5611 mss.
1167 5560 1336 5612 fidem
1377 5554 1946 5618 immutandum'est.

481 5627 501 5698 θ’
531 5625 792 5698 Vatican.
823 5633 983 5698 atque
1004 5635 1304 5698 conercala,
1341 5631 1454 5684 fere
1489 5636 1550 5683 ut
1579 5631 1809 5688 Alcuin.
1843 5643 2050 5690 creata.

427 5775 432 5784 Ι
481 5697 501 5734 ⁵
533 5697 692 5756 Idem
725 5697 1013 5768 Vatican.,
1043 5701 1125 5755 Em
1173 5697 1364 5757 rerum
1409 5703 1694 5774 qualitate,
1745 5722 1932 5774 cursu,
1965 5723 2052 5763 0r-

2185 601 2518 670 voccmurj;
2569 600 2670 654 sed
2723 600 3046 654 secundum
3109 598 3456 670 Apostolum
3499 616 3510 652 :
3564 598 3830 654 Habent—es

2183 691 2388 742 victum
2443 693 2494 743 et
2523 691 2796 754 vestitum,
2823 689 2908 742 his
2929 691 3169 742 contenti
3187 704 3374 742 sumus
3395 688 3442 756 (Ι
3465 689 3614 743 Tim.
3637 703 3716 752 v1,
3739 687 3816 756 8).

2183 781 2248 831 ut
2288 777 2394 844 [Αἱ.
2445 779 2519 845 et}
2573 777 2856 848 quidquid
2911 793 3090 847 supra
3131 777 3342 831 habere
3391 791 3728 847 possumus,
3761 774 3820 828 in

2181 865 2539 935 pauperibus
2573 865 2902 919 nutriendis
2946 869 3002 919 et
3032 866 3330 936 egentium
3363 863 3672 935 largitione
3696 879 3829 918 con-

2181 970 2509 1008 sumamus.
2545 955 2738 1020 Porro,
2770 955 2909 1024 quia
2929 971 3060 1008 caro
3089 954 3313 1008 Domini
3337 970 3506 1009 verus
3527 957 3616 1008 est
3635 951 3822 1018 cibus,

2179 1047 2236 1096 et
2267 1043 2511 1113 sanguis
2545 1044 2672 1112 ejus
2721 1059 2892 1096 verus
2925 1047 3013 1096 est
3058 1047 3254 1113 potus,
3295 1043 3464 1112 juxta
3509 1041 3824 1114 ἀναγωγήν,

2177 1130 2284 1185 hoc
2315 1131 2504 1186 solum
2543 1132 2827 1185 habemus
2861 1132 2917 1184 in
2955 1132 3222 1202 praesenti
3255 1130 3463 1186 saeculo
3497 1131 3740 1196 bonum,
3775 1129 3824 1183 si

2175 1237 2482 1275 vescamur
2511 1237 2682 1275 carne
2714 1222 2861 1290 ejus,
2919 1227 2974 1274 et
3006 1237 3210 1275 cruore
3262 1225 3551 1291 putemur,
3591 1235 3705 1274 non
3737 1235 3826 1273 so-

2174 1308 2294 1363 lum
2329 1310 2386 1362 in
2421 1309 2698 1379 mysterio
2747 1310 3138 1378 (Eucharistia)
3185 1309 3304 1375 sed,
3353 1309 3530 1363 etiam
3579 1309 3640 1362 in
3671 1308 3818 1362 Scri-

2174 1401 2476 1468 pturarum
2527 1397 2790 1452 lectione.
2841 1399 3025 1452 Verus
3083 1399 3238 1452 enim
3297 1397 3462 1453 cibus
3519 1399 3578 1452 et
3623 1401 3820 1468 potus,

2173 1487 2270 1557 qui
2297 1503 2362 1540 ex
2396 1487 2566 1542 verbo
2620 1485 2718 1540 Dei
2772 1488 3046 1552 sumitur,
3098 1487 3339 1541 scientia
3387 1486 3817 1556 Scripturarum

2171 1581 2276 1630 est.
2307 1577 2420 1630 Nec
2439 1579 2602 1646 putet
2627 1575 2839 1646 aliquis
2863 1575 3002 1629 illud
3037 1593 3070 1630 a
3097 1577 3330 1630 Balaam
3365 1575 3772 1647 prophetatum
3801 1589 3816 1627 :

2171 1667 2282 1718 Non
2315 1667 2417 1718 erit
2443 1665 2596 1718 labor
2627 1667 2682 1718 in
2731 1665 2910 1728 Jacob,
2943 1681 3118 1734 neque
3165 1665 3318 1718 dolor
3349 1666 3406 1718 in
3433 1664 3604 1718 Israel
3635 1664 3812 1730 (Num.

2171 1771 2328 1818 xxiii,
2543 1753 2686 1806 Huic
2739 1754 3092 1807 contrarium
3151 1769 3299 1819 esse,
3351 1753 3502 1822 quod
3555 1751 3815 1806 muneris

2093 1877 2135 1938 Β
2175 1843 2266 1896 Dei
2317 1859 2442 1896 esse
2475 1842 2687 1895 dicitur
2715 1858 2726 1895 :
2760 1844 2823 1895 Si
2851 1845 2974 1912 quis
3003 1843 3250 1897 comedat
3280 1845 3330 1897 et
3369 1841 3533 1908 bibat,
3565 1849 3614 1896 et
3643 1845 3816 1894 estm-

2169 1932 2260 1985 (llll
2293 1933 2491 1984 bonum
2525 1933 2582 1984 in
2626 1948 2782 1985 omne
2835 1933 3015 1986 labore
3061 1947 3178 1985 suo.
3231 1930 3421 1984 Multa:
3469 1929 3677 2001 quippe
3709 1930 3812 1982 tri-

2173 2018 2501 2073 bulationes
2527 2021 2846 2089 justorum.
2881 2021 2948 2073 Et
2981 2021 3050 2074 de
3081 2020 3175 2073 his
3196 2019 3506 2090 Apostolus
3525 2019 3806 2088 queritur,

2169 2109 2226 2162 in
2260 2107 2456 2163 labore
2488 2115 2543 2162 et
2573 2109 2766 2162 dolore
2802 2110 2820 2140 '
2848 2109 3092 2163 sudasse
3124 2125 3184 2163 se
3229 2110 3430 2163 dicens
3466 2108 3538 2176 (ll
3565 2109 3684 2162 Cor.
3715 2110 3808 2174 ιι).

2171 2198 2281 2252 Sed
2314 2213 2445 2250 cum
2478 2197 2547 2250 de
2575 2197 2666 2252 his
2701 2215 2812 2251 nos
2837 2199 2893 2250 in
2917 2199 3111 2252 futuro
3135 2197 3416 2252 Dominus
3439 2195 3803 2251 liberaverit:

2169 2287 2288 2340 Non
2319 2289 2426 2341 erit
2468 2287 2621 2340 labor
2675 2289 2730 2340 in
2785 2287 2963 2352 Jacob,
3015 2303 3188 2356 neque
3230 2286 3383 2340 dolor
3423 2287 3482 2339 in
3529 2287 3716 2340 Israel.
3747 2285 3818 2339 Et.

2167 2377 2460 2446 quomodo
2495 2375 2638 2429 illud
2673 2375 2962 2444 legimus:
2999 2377 3153 2429 Beati
3183 2377 3392 2444 ﬂentes,
3427 2377 3685 2446 quoniam
3707 2375 3818 2442 ipsi

2163 2466 2420 2519 ridebunt
2453 2465 2602 2534 (Lac.
2637 2482 2714 2530 v1,
2751 2465 2840 2531 21)
2867 2509 2877 2522 .
2922 2469 2978 2518 et
3008 2465 3162 2519 risus
3207 2468 3400 2518 noster
3427 2463 3536 2518 Job
3569 2463 3814 2534 prophe-

2165 2554 2345 2607 tantis
2411 2553 2582 2608 verba
2651 2553 3008 2610 sectabitur:
3083 2555 3368 2607 l'eracium
3421 2569 3478 2607 0s
3521 2553 3815 2623 replebitur

2162 2643 2416 2712 gaudio"
2462 2643 2576 2712 (Job
2633 2659 2756 2706 vni,
2826 2643 2956 2713 2i);
3019 2643 3102 2696 sic
3161 2659 3316 2696 nunc
3375 2640 3565 2696 labore
3615 2643 3812 2694 nostro

2163 2733 2416 2785 fruimur
2439 2732 2494 2785 in
2525 2731 2690 2786 bonis
2714 2731 3006 2802 operibus,
3035 2747 3136 2802 per
3159 2747 3331 2802 quem
3357 2733 3813 2802 coangustamur

2161 2825 2217 2876 et
2248 2821 2593 2891 premimur,
2629 2825 2692 2875 ut
2724 2825 2923 2891 postea
2955 2820 3218 2875 laborare
3249 2835 3568 2875 cessemus.

2236 2977 2262 3002 ‹‹
2294 2953 2542 3024 Cognovi
2577 2953 2712 3023 quia
2742 2954 2938 3007 omnia
2965 2970 3088 3024 quae.
3123 2953 3254 3008 fecit
3285 2957 3454 3018 Deus,
3491 2953 3611 3023 ipsa
3639 2955 3810 3007 erunt

2161 3043 2218 3096 in
2253 3047 2558 3109 internum,
2587 3059 2763 3112 super
2793 3042 2892 3096 illa
2923 3060 3036 3097 non
3081 3047 3266 3114 potest
3317 3041 3472 3110 addi,
3507 3047 3562 3095 et
3591 3041 3662 3095 ab
3691 3039 3806 3095 illis

2161 3149 2274 3186 non
2311 3136 2498 3204 potest
2530 3133 2777 3198 auferri;
2814 3137 2868 3185 ct
2901 3131 3053 3186 Deus
3106 3132 3238 3186 fecit
3283 3137 3348 3185 ut
3379 3131 3621 3185 timeant
3651 3147 3685 3184 a
3715 3131 3804 3184 fa-

2159 3221 2242 3275 cie
2292 3223 2434 3290 ejus.
2475 3243 2499 3268 ››
2533 3219 2686 3274 Nihil
2737 3225 2826 3274 est
2867 3221 2924 3273 in
2975 3221 3193 3274 mundo
3245 3221 3399 3290 quod
3449 3235 3662 3274 novum
3705 3219 3800 3273 sit.

2159 3309 2308 3365 Solis
2344 3326 2574 3374 cursus,
2608 3315 2662 3363 et
2693 3309 2842 3363 luna:
2876 3309 3050 3370 vices,
3093 3315 3147 3364 et
3197 3313 3363 3364 terra:
3411 3309 3802 3378 arborumque

2156 3400 2407 3466 siccitas,
2443 3398 2528 3453 vel
2564 3399 2736 3464 viror,
2773 3415 2905 3452 cum
2939 3399 3064 3470 ipso
3084 3399 3302 3452 mundo
3321 3402 3456 3452 nata
3479 3401 3806 3468 suntatque

2155 3493 2425 3543 concreta
2465 3490 2501 3542 ‘.
2556 3487 2622 3541 Et
2671 3487 2882 3541 ideirco
2937 3493 3084 3542 Deus
3140 3491 3297 3542 certa
3343 3487 3565 3541 ratione
3595 3490 3809 3540 cuncta

2157 3577 2494 3632 moderatus
2529 3581 2637 3642 est,
2671 3581 2724 3630 et
2761 3577 2946 3646 jussit
2975 3575 3252 3630 humanis
3284 3575 3488 3630 usibus
3517 3573 3806 3630 elementa

2157 3667 2390 3731 servire,
2426 3669 2489 3719 ut
2519 3665 2789 3719 homines
2821 3665 2942 3718 haec
2989 3665 3268 3730 videntes,
3321 3663 3647 3734 intelligant
3675 3678 3806 3717 esse

2157 3754 2582 3826 providentiam
2622 3753 2727 3824 [ΑΙ.
2756 3754 3178 3823 prudentiam],
3223 3757 3278 3807 ct
3319 3753 3566 3807 timeant
3593 3769 3628 3806 ει
3657 3751 3806 3806 facie

2157 3843 2278 3910 Dei,
2317 3844 2456 3897 dum
2484 3859 2554 3896 ex
2575 3859 2765 3896 rerum
2788 3841 3139 3912 aequalitate,
3165 3859 3361 3908 cursu,
3389 3842 3609 3904 ordine,
3631 3845 3809 3911 atque

2157 3933 2490 3987 constantia
2528 3931 2548 3964 τί
2581 3931 2914 4000 intelligunt
2945 3941 3283 3986 creatorem.
3311 3933 3463 3985 414
3495 3930 3810 3986 Invisibilia

2157 4023 2304 4076 enim.
2337 4023 2435 4074 Dei
2465 4023 2483 4054 δ
2511 4038 2612 4091 per
2641 4038 2702 4075 ea.
2741 4036 2866 4091 qua:
2912 4023 3056 4090 facta
3098 4029 3245 4082 sunt.
3297 4021 3568 4075 intellerla
3593 4021 3805 4090 conspi-

2157 4113 2422 4165 ciuntur:
2459 4113 2848 4180 sempiternam
2879 4127 3091 4180 quoque
3139 4113 3311 4164 uirtus
3353 4110 3468 4180 ejus
3513 4117 3562 4163 el
3603 4109 3810 4163 divini-

2159 4205 2239 4254 las
2271 4201 2470 4267 (tam,
2498 4217 2514 4252 ι
2546 4203 2656 4265 20).
2693 4199 2854 4263 Quod
2883 4198 2930 4254 si
2977 4197 3354 4262 voluerimus,
3407 4198 3580 4269 priori
3629 4213 3808 4252 sensu

2159 4289 2342 4354 linito,
2374 4289 2536 4360 quasi
2575 4305 2606 4342 a
2639 4289 2824 4358 capite
2874 4287 3098 4358 legere:
3155 4289 3210 4340 Et
3261 4289 3397 4342 Deus
3445 4289 3595 4357 fecit,
3645 4289 3806 4340 atti-

2156 4381 2338 4432 mcant
2367 4395 2398 4431 a
2429 4377 2575 4450 facit:
2605 4378 2741 4440 eius,
2777 4377 2866 4430 hic
2901 4395 3110 4431 sensus
3141 4383 3226 4431 est
3253 4393 3264 4431 :
3319 4381 3467 4432 Deus
3497 4375 3694 4430 omnia
3725 4375 3808 4430 fe-

2159 4466 2253 4532 cit,
2291 4471 2353 4519 ut
2382 4467 2628 4520 timeant
2659 4465 2925 4520 homines
2974 4467 3044 4520 ab
3093 4483 3179 4532 eo,
3229 4465 3382 4536 quod
3439 4465 3616 4520 semel
3651 4465 3805 4520 Deus

2163 4555 2474 4622 disposuit,
2547 4555 2603 4607 in
2665 4554 2820 4608 aliud
2880 4553 3170 4609 declinare
3211 4557 3248 4608 ⁷.
3313 4553 3558 4610 Pulchre
3611 4559 3804 4610 autem

2166 4643 2532 4714 temperavit,
2567 4643 2804 4698 dicens:
2844 4645 2904 4700 Ut
2933 4645 3156 4698 timeant
3209 4661 3244 4697 a
3286 4651 3428 4714 [anc
3475 4646 3588 4714 ejus
3633 4643 3806 4713 (Psal.

2166 4751 2363 4801 xxxul,
2402 4733 2507 4804 l7).
2541 4731 2751 4787 Vultus
2785 4733 2999 4805 quippe
3041 4733 3272 4788 Domini
3311 4750 3486 4805 super
3536 4733 3808 4788 facientes

2167 4823 2341 4878 mala.

2241 4979 2268 5006 ‹‹
2296 4957 2442 5021 Quid
2477 4957 2750 5027 estquod
2799 4957 2957 5010 fuit?
3015 4957 3212 5029 ipsum
3259 4958 3412 5029 quod
3463 4961 3548 5013 cst
3595 4961 3650 5012 ct
3681 4971 3811 5026 qua:

2163 5138 2312 5198 (line,
2343 5138 2676 5206 rrqualitalc,
2711 5145 2759 5192 et
2789 5139 3094 5192 constantia
3123 5155 3134 5202 ;
3169 5136 3262 5191 cui
3313 5153 3380 5191 ex
3429 5141 3590 5208 parte
3619 5133 3810 5190 conci-

2165 5213 2250 5264 nit
2277 5209 2592 5262 Palatinus.

2235 5283 2255 5314 ⁵
2287 5281 2599 5335 lnrisibilta
2651 5283 2798 5334 enim
2847 5281 2960 5334 Dei.
3013 5279 3390 5348 Manuscripti
3440 5279 3808 5334 Corbeienses

2167 5351 2248 5406 sic
2299 5352 2518 5421 legunt.
2573 5353 2864 5406 Invisibila
2909 5353 3054 5405 enim
3101 5369 3134 5404 (ι
3176 5355 3434 5405 creatura.
3477 5351 3670 5405 man-cli
3713 5365 3812 5419 per

2163 5441 2222 5478 ea
2256 5440 2378 5492 qua:
2425 5427 2571 5494 facta
2617 5433 2768 5486 sunt,
2823 5425 3102 5477 inteller‘la
3154 5424 3580 5492 conspiciat:tur.
3625 5421 3802 5494 Mirer.

2235 5491 2430 5549 "illum
2458 5497 2696 5549 Erasmo
2729 5501 2784 5550 et
2807 5494 3059 5550 Victorio
3087 5495 3262 5548 Vatic.
3285 5491 3422 5550 ms”
3449 5496 3553 5548 Nec
3571 5496 3627 5548 in
3647 5491 3810 5546 aliud

2163 5567 2274 5618 daal
2284 5569 2334 5619 in
2344 5584 2372 5620 (ι
2381 5585 2458 5620 re.

2233 5669 2300 5676 —
2331 5641 2391 5692 ln-
2429 5637 2581 5692 aliud
2611 5639 2908 5692 (lrrlinare.
2937 5636 3098 5691 Falso
3131 5638 3284 5707 apud
3317 5639 3538 5694 Erasm.
3571 5641 3630 5690 et
3657 5635 3804 5692 Mar-

2161 5708 2304 5780 tian,
2339 5711 2612 5783 legimus,
2643 5712 2752 5766 Nec
2775 5711 2835 5765 in
2865 5708 3024 5764 aliud
3051 5709 3344 5770 declinare.
3379 5709 3660 5768 MARTIAN.
