3992 6398
170 394 330 463 1093

1189 398 1819 466 COMMENTARIUS
1861 402 1939 465 IN
1984 400 2583 465 ECCLESIASTEN.

3420 356 3584 468 θα)θέ

168 536 370 592 futura
398 539 538 593 sunt
564 534 753 610 ‘,jam
788 538 1054 607 fuerunt;
1113 542 1170 593 et
1223 544 1370 594 Deus
1419 543 1636 609 quaeret
1682 554 1815 593 eum
1848 550 1899 609 Α
1929 537 2230 609 putabam.
2261 537 2393 591 Vidi
2425 538 2581 593 enim
2612 541 2668 593 et
2689 539 2918 609 justum
2940 535 3129 594 multa
3160 537 3313 595 mala
3332 538 3426 595 hic
3454 557 3584 612 per-

165 626 266 698 qui
329 627 795 697 persecutionem
855 627 1157 699 patitur.»
1210 627 1313 683 Vcl
1354 627 1662 699 praeterita,
1730 625 1819 681 vel

163 715 496 785 praesentia,
526 716 611 771 vel
646 717 842 771 futura
889 717 1021 788 ipsa
1056 719 1113 771 et
1143 716 1400 784 fuerunt,
1453 721 1510 771 et
1558 720 1716 781 sunt,
1770 720 1826 771 et

164 807 340 858 erunt
369 804 639 860 universa
670 822 797 877 quae
844 806 1161 861 cernimus.
1214 805 1309 859 Sol
1362 805 1462 876 qui
1516 823 1671 860 nunc
1704 805 1823 860 ori-

164 896 284 960 tur,
318 896 374 950 et
402 897 716 967 antequam
752 911 1020 951 essemus
1058 912 1162 950 nos
1195 894 1254 950 in
1288 895 1528 958 mundo,
1592 895 1719 961 fuit,
1772 899 1828 949 et

166 986 484 1054 postquam
539 984 755 1039 mortui
804 984 1114 1051 fuerimus,
1165 984 1420 1039 oriturus
1474 986 1582 1038 est.
1630 982 1824 1038 Solem

169 1075 368 1127 autem
399 1072 857 1139 nominavimus,
893 1077 957 1128 ut
987 1090 1055 1128 ex
1074 1072 1182 1128 hoc
1211 1071 1610 1144 intelligamus
1642 1076 1698 1127 et
1727 1088 1827 1125 cae-

169 1165 298 1217 tera
328 1177 456 1218 esse
483 1162 707 1230 eadem,
739 1179 866 1234 quae
901 1163 1157 1218 fuerunt.
1218 1149 1380 1227 Quod
1427 1162 1476 1216 si
1522 1161 1829 1216 videantur

172 1265 279 1322 per
308 1251 701 1307 conditionem
734 1252 942 1308 mortis
974 1250 1181 1324 perire,
1216 1268 1331 1306 non
1378 1255 1640 1323 pereunt,
1688 1250 1830 1322 quia

174 1356 414 1396 rursum
447 1340 699 1397 rediviva
723 1344 1119 1405 succrescunt,
1144 1345 1200 1395 et
1216 1339 1360 1395 nihil
1394 1339 1450 1394 in
1480 1343 1827 1412 perpetuum

175 1427 396 1497 interit,
429 1428 531 1483 sed
572 1429 921 1495 renascitur,
954 1433 1009 1484 et
1042 1427 1209 1500 quasi
1255 1444 1390 1483 cum
1440 1429 1696 1499 quodam
1748 1428 1827 1482 fe-

174 1533 316 1572 nore
348 1516 657 1593 reviviseit.
688 1517 805 1572 Hoc
836 1521 926 1573 est
971 1518 1128 1573 enim
1174 1517 1331 1587 quod
1382 1517 1465 1571 ait
1516 1534 1528 1571 :
1581 1517 1644 1570 Et
1692 1518 1831 1571 Deus

172 1613 384 1675 quazret
403 1622 527 1661 eum
561 1608 659 1677 qui
681 1609 1111 1677 persecutionem
1135 1608 1387 1677 patitur;
1424 1606 1579 1676 quod
1640 1605 1832 1661 Graece

174 1694 388 1750 melius
444 1694 658 1750 dicitur
682 1694 770 1747 καὶ
803 1694 830 1747 ό
861 1693 989 1755 Θεός
1032 1699 1252 1762 ζητησει
1283 1692 1371 1747 τόν
1433 1692 1764 1766 ὁιωκόμενον
1788 1696 1829 1759 ²,

172 1784 366 1850 idest,
400 1784 555 1855 quod
586 1783 885 1855 praeteriit,
947 1785 1100 1856 quod
1157 1783 1467 1856 expulsum
1519 1789 1630 1851 est,
1677 1784 1831 1854 quod

171 1888 302 1928 esse
332 1873 598 1927 cessavit.
635 1874 691 1927 Si
745 1878 943 1929 autem
976 1873 1134 1928 istud
1182 1873 1252 1928 de
1311 1872 1539 1927 cunctis
1593 1889 1720 1944 quae
1772 1872 1828 1926 in

178 1961 402 2018 mundo
452 1966 612 2032 sunt,
663 1962 897 2028 dicitur,
959 1963 1029 2017 de
1089 1961 1327 2017 homine
1374 1961 1536 2016 nulla
1598 1961 1828 2016 dubita-

176 2052 259 2107 tio
289 2054 397 2119 est,
449 2051 592 2123 quin
644 2056 917 2106 mortuus
976 2056 1338 2106 renascatur.
1384 2050 1441 2106 Si
1495 2050 1586 2105 cui
1634 2053 1830 2105 autem

174 2138 367 2211 placet
423 2139 593 2211 quasi
641 2140 876 2212 proprio
933 2138 1123 2211 legere
1188 2138 1498 2212 principio,
1566 2140 1629 2192 Et
1695 2139 1833 2194 Deus

175 2236 383 2300 quaeret
410 2244 535 2283 eum
581 2230 677 2301 qui
713 2231 1141 2300 persecutionem
1195 2230 1431 2299 patitur,
1477 2232 1676 2283 utatur
1724 2228 1833 2282 hoc

174 2317 517 2374 testimonio
547 2316 607 2371 in
640 2317 1040 2389 persecutione
1071 2316 1399 2390 gentilium,
1432 2317 1503 2371 ad
1535 2315 1834 2372 consolan-

176 2406 323 2462 dum
353 2422 510 2472 eum,
569 2406 671 2477 qui
722 2405 781 2461 in
837 2405 1111 2477 martyrio
1160 2411 1510 2478 perseverat.
1572 2407 1641 2460 Et
1697 2405 1835 2477 quia

177 2511 384 2551 omnes
414 2496 579 2566 juxta
608 2493 949 2567 Apostolum
983 2495 1052 2566 (II
1095 2496 1241 2551 Tim.
1288 2495 1398 2566 In),
1450 2494 1550 2565 qui
1599 2493 1691 2566 pie
1736 2511 1831 2549 vo-

177 2583 311 2640 lunt
338 2583 527 2639 vivere
558 2583 619 2637 in
652 2582 759 2638 hoc
791 2582 1025 2649 saeculo,
1087 2584 1556 2655 persecutionem
1604 2583 1833 2654 patiun-

176 2677 297 2741 tur,
356 2672 612 2727 habeant
640 2672 661 2706 ³
703 2672 1183 2738 consolationem,
1235 2672 1373 2744 quin
1432 2672 1584 2728 Deus
1627 2672 1835 2745 quaerit

177 2760 645 2834 persecutionem
695 2761 1036 2833 patientem,
1089 2761 1240 2817 sicut
1287 2761 1530 2833 requirit
1594 2762 1831 2835 sangui-

181 2866 317 2905 nem
347 2848 657 2917 interiecti,
689 2855 747 2905 et
778 2848 931 2905 venit
963 2866 1219 2921 quaerere
1260 2850 1414 2921 quod
1462 2851 1731 2922 perierat,
1779 2854 1835 2906 et

180 2942 473 2995 errantem
504 2954 669 2994 ovem
699 2939 722 2972 ⁴
752 2938 876 2994 suis
917 2939 1177 2994 humeris
1220 2939 1291 2994 ad
1346 2955 1581 3011 gregem
1635 2956 1831 3012 repor-

180 3027 326 3084 tavit
355 3028 507 3098 (Luc.
538 3044 653 3096 xxx,
685 3027 800 3096 xv).

201 3101 212 3113 '
257 3139 286 3167 ‹‹
319 3117 390 3172 Et
419 3116 611 3172 adhuc
639 3115 891 3171 vidisub
923 3115 1043 3171 sole
1072 3115 1267 3171 locum
1301 3116 1540 3187 judicii:
1594 3116 1672 3173 ibi
1723 3117 1832 3172 im-

182 3206 407 3278 pietas;
458 3210 516 3261 et
571 3204 764 3261 locum
816 3204 1099 3276 justitiie:
1152 3205 1232 3259 ibi
1310 3205 1614 3277 iniquitas.
1674 3207 1829 3263 ιιιῦ

1936 627 2073 698 peti,
2106 632 2163 681 et
2194 626 2442 699 impium
2475 644 2718 700 regnare
2748 645 2852 699 pro
2902 628 3137 684 scelere.
3193 629 3398 685 Postea
3452 645 3585 685 vero

1935 732 2067 770 cum
2095 716 2267 771 corde
2306 732 2432 771 meo
2484 716 2822 788 colloquens
2871 723 2928 772 et
2977 721 3256 788 reputans
3305 718 3583 786 intellexi,

1936 822 2048 859 non
2078 821 2179 875 per
2210 810 2404 876 partes
2436 811 2615 860 Deum
2645 812 2701 861 et
2733 824 2833 879 per
2883 807 3145 877 singulos
3192 824 3348 862 nunc
3376 809 3396 840 ⁵
3424 807 3584 879 judi-

1937 910 2086 959 care,
2129 895 2227 949 sed
2279 894 2337 948 in
2377 896 2636 950 futurum
2682 900 2915 967 tempus
2964 912 3255 951 reservare
3292 897 3586 966 judicium

1937 988 2226 1038 utomnes
2257 983 2857 1055 pariterjudicentur,
2904 989 2961 1040 et
3008 986 3332 1041 secundum
3382 985 3588 1041 volun-

1936 1075 2114 1126 tatem
2147 1076 2203 1126 et
2232 1089 2406 1142 opera
2437 1089 2544 1127 sua
2576 1072 2652 1127 ibi
2684 1073 2984 1145 recipiant.
3011 1074 3127 1129 Hoc
3151 1078 3237 1129 est
3253 1074 3411 1130 enim
3434 1076 3588 1148 quod

1939 1159 2046 1215 ait:
2082 1161 2143 1215 Et
2174 1165 2383 1230 tempus
2437 1164 2589 1217 omni
2644 1164 2933 1228 voluntati,
2992 1166 3041 1218 et
3083 1181 3247 1235 super
3301 1180 3457 1220 omne
3499 1165 3590 1238 fu-

1937 1252 2086 1303 ctum
2119 1249 2215 1315 ibi,
2247 1250 2299 1304 id
2335 1254 2441 1318 est,
2475 1250 2531 1306 in
2557 1250 2796 1320 judicio,
2850 1253 3085 1322 quando
3135 1253 3421 1309 Dominus
3472 1270 3589 1309 cce-

1940 1338 2086 1409 perit
2109 1339 2395 1408 judicare,
2431 1344 2569 1394 tunc
2600 1340 2795 1395 futura
2824 1346 2914 1395 est
2960 1341 3194 1408 veritas,
3248 1358 3402 1397 nunc
3446 1343 3593 1414 inju-

1941 1428 2102 1483 stitia
2132 1428 2470 1483 dominatur
2499 1428 2558 1482 in
2591 1430 2831 1484 mundo.
2865 1430 2999 1486 Tale
3032 1430 3168 1501 quid
3193 1434 3250 1485 et
3273 1431 3331 1485 in
3355 1432 3592 1503 Sapien-

1942 1516 2041 1582 tia,
2102 1532 2227 1587 quae
2283 1516 2386 1569 lilii
2416 1518 2436 1551 ο
2466 1517 2665 1571 Sirach
2720 1518 3079 1583 inscribitur,
3130 1518 3381 1589 legimus
3410 1536 3423 1574 :
3456 1538 3477 1567 ι
3511 1520 3594 1575 Ne

1943 1605 2180 1669 dixeris,
2213 1606 2353 1676 quid
2387 1611 2473 1660 est
2504 1606 2612 1660 hoc
2645 1611 2747 1661 aut
2805 1607 2944 1678 quid
3000 1612 3089 1662 est
3144 1607 3349 1663 istud?
3395 1610 3595 1664 omnia

1943 1693 2098 1749 enim
2132 1699 2390 1765 tempore
2421 1712 2526 1749 suo
2562 1696 2955 1766 requirentur.
2980 1719 3006 1745 ››

2016 1808 2041 1832 ‹‹
2076 1782 2203 1837 Dixi
2234 1800 2339 1855 ego
2374 1784 2429 1837 in
2464 1784 2634 1838 corde
2667 1801 2794 1838 meo
2827 1785 2897 1839 de
2924 1784 3155 1856 loquela
3186 1786 3442 1841 filiorum
3491 1785 3593 1841 ho-

1945 1871 2142 1941 minis,
2175 1872 2311 1942 quia
2361 1872 2755 1942 separatillos
2809 1875 2975 1937 Deus,
3031 1879 3086 1928 et
3134 1879 3199 1929 ut
3245 1875 3595 1945 ostenderet,

1943 1960 2079 2032 quia
2110 1961 2219 2032 ipsi
2245 1962 2516 2031 jumenta
2548 1967 2687 2017 sunt
2708 1963 2814 2017 sibi
2845 1964 2885 2030 ⁷,
2911 1963 3049 2035 quia
3076 1968 3319 2019 eventus
3345 1964 3596 2019 ﬁliorum

1943 2049 2270 2116 hominum,
2306 2055 2362 2105 et
2393 2056 2633 2106 eventus
2669 2052 2916 2122 pecoris,
2948 2058 3187 2108 eventus
3236 2071 3392 2109 unus
3442 2054 3525 2110 eis
3552 2055 3594 2109 ⁸.

1941 2139 2101 2193 Sicut
2130 2155 2289 2193 mors
2318 2139 2517 2209 hujus,
2569 2140 2650 2193 ita
2705 2145 2761 2195 et
2820 2148 2989 2195 mors‘
3019 2140 3200 2209 illius,
3247 2146 3305 2197 et
3352 2143 3598 2214 spiritus

1945 2244 2098 2282 unus
2146 2226 2440 2291 omnibus,
2478 2232 2532 2281 et
2564 2226 2818 2297 amplius
2872 2227 3102 2283 humini
3137 2245 3171 2283 a
3198 2244 3403 2300 pecore
3450 2229 3598 2285 nihil

1943 2320 2050 2383 est,
2085 2316 2223 2387 quia
2251 2316 2449 2370 omnia
2476 2315 2721 2371 vanitas.
2756 2316 2967 2371 Omnia
3013 2316 3235 2372 vadunt
3274 2318 3344 2371 ad
3392 2317 3591 2373 locum

1944 2422 2149 2471 unum,
2184 2404 2382 2459 omnia
2411 2404 2567 2460 facta
2597 2409 2735 2459 sunt
2766 2406 2836 2459 de
2868 2404 3070 2472 humo,
3105 2410 3162 2460 et
3191 2404 3389 2461 omnia
3409 2422 3596 2461 rever-

1942 2498 2139 2549 tentur
2169 2494 2239 2548 ad
2273 2493 2543 2548 humum.
2576 2494 2646 2548 Et
2674 2495 2694 2528 θ
2725 2494 2858 2566 quis
2889 2494 3019 2563 scit,
3054 2493 3296 2565 spiritus
3334 2494 3594 2551 filiorum

1944 2583 2222 2650 hominis,
2258 2582 2307 2637 si
2340 2582 2615 2638 ascendat
2649 2583 2771 2655 ipse
2803 2600 3062 2648 sursum,
3094 2586 3152 2637 et
3209 2582 3449 2655 spiritus
3498 2601 3596 2656 pe-

1943 2672 2116 2740 coris,
2152 2672 2200 2727 si
2231 2673 2547 2727 descendat
2577 2672 2701 2744 ipse
2733 2672 3008 2728 deorsum
3043 2672 3103 2726 in
3129 2676 3345 2728 terram
3369 2673 3433 2728 ‘ln
3470 2673 3595 2730 Non

1945 2763 2281 2818 mirandum
2314 2765 2421 2829 est,
2472 2761 2531 2816 in
2575 2762 2847 2833 praesenti
2898 2762 3018 2817 vita
3069 2762 3223 2817 inter
3260 2763 3493 2833 justum
3543 2767 3599 2819 et

1942 2851 2193 2923 impium
2228 2848 2454 2905 nullam
2486 2866 2613 2905 esse
2645 2850 3007 2914 distantiam,
3043 2851 3384 2923 necaliquid
3401 2851 3598 2908 valere

1942 2940 2208 3008 virtutes,
2245 2939 2344 2993 sed
2378 2938 2597 2993 incerto
2643 2942 2851 2994 eventu
2899 2939 3098 2995 omnia
3137 2938 3406 3008 volutari,
3462 2957 3596 2996 cum

1941 3030 2118 3084 etiam
2151 3028 2301 3083 inter
2347 3029 2597 3100 pecudes
2631 3033 2687 3082 et
2715 3028 3036 3093 homidem,
3090 3028 3415 3083 secundum
3467 3046 3596 3085 cor—

1941 3118 2100 3190 poris
2131 3116 2413 3172 vilitatem
2450 3118 2488 3151 ¹⁰
2521 3116 2668 3171 nihil
2700 3116 2902 3171 ditfere
2932 3116 3218 3187 videatur,
3268 3122 3326 3172 et
3371 3117 3449 3173 sit
3501 3135 3596 3173 ea-

1944 3208 2077 3261 dem
2111 3206 2391 3261 nascendi
2419 3204 2692 3269 conditio,
2726 3222 2853 3277 sors
2894 3222 3011 3260 una
3060 3205 3382 3262 moriendi:
3427 3207 3596 3263 simi-

181 3294 312 3351 Dixi
340 3311 445 3368 ego
478 3295 585 3366 [AL
621 3293 852 3367 ergo]in
881 3295 1052 3350 corde
1076 3311 1231 3349 meo:
1255 3294 1493 3350 Justum
1510 3299 1565 3349 ct
1585 3294 1834 3367 impium
1867 3283 1909 3349 C
1949 3296 2082 3352 liter
2111 3296 2264 3351 416
2294 3295 2679 3368 procedamus
2710 3294 2782 3349 ad
2826 3293 3039 3363 lucem,
3101 3312 3265 3367 aeque
3311 3295 3595 3353 dissolva-

175 3384 471 3456 judicabit
498 3389 672 3451 Deus,
699 3383 839 3455 quia
866 3387 1099 3455 tempus
1144 3382 1303 3439 omni
1334 3382 1620 3439 voluntati
1663 3402 1841 3457 super

182 3490 359 3530 omne
427 3474 652 3529 factum
722 3470 873 3541 ibi,»
928 3471 1271 3528 Manifestus
1318 3477 1407 3527 est
1460 3488 1691 3540 sensus,
1735 3474 1832 3530 sed

181 3562 387 3619 nubilo
442 3560 940 3634 interpretationis
996 3560 1338 3618 obvolvitur.
1391 3562 1507 3616 Sub
1553 3561 1694 3627 sole,
1747 3563 1834 3617 in-

180 3650 329 3725 quit,
363 3651 474 3707 isto
506 3650 806 3707 veritatem
839 3664 893 3706 et
917 3650 1211 3721 judicium
1265 3650 1563 3722 requisivi,
1617 3655 1672 3707 et
1718 3651 1834 3706 vidi

181 3740 360 3798 etiam
393 3739 836 3811 interjudicum
868 3738 998 3811 ipsa
1028 3738 1312 3795 subsellia
1371 3757 1486 3795 non
1532 3740 1834 3797 veritatem

182 3829 400 3896 valere,
433 3829 535 3885 sed
568 3845 833 3884 munera.
894 3829 1022 3883 Sive
1063 3828 1270 3884 aliter:
1325 3830 1656 3886 Arbitratus
1703 3849 1832 3887 sum

183 3919 408 3991 aliquid
455 3918 702 3990 justitize
762 3918 819 3973 in
863 3919 1133 3990 praesenti
1183 3918 1393 3974 saeculo
1450 3920 1594 3991 geri,
1645 3925 1701 3976 et
1747 3920 1835 3975 vel

184 4010 357 4084 pium
388 4024 493 4079 pro
524 4024 630 4062 suo
663 4024 819 4062 nunc
852 4008 1060 4063 merito
1108 4007 1380 4079 recipere,
1441 4007 1529 4063 vel
1587 4009 1835 4081 impium

182 4115 293 4171 pro
320 4114 425 4153 suo
456 4094 672 4152 scelere
703 4095 895 4168 puniri
924 4113 937 4163 ;
970 4100 1026 4152 et
1059 4113 1085 4151 3
1115 4097 1406 4152 contrario
1432 4097 1638 4169 reperi,
1659 4114 1834 4169 quam

254 4222 271 4256 ¹
299 4221 460 4276 Unus
490 4221 813 4289 Palatinus,
849 4237 981 4275 cum
1014 4220 1184 4276 editis
1206 4226 1341 4277 ante
1360 4221 1833 4290 Martian.libris,

179 4295 369 4367 ipsum
396 4302 472 4348 est
505 4293 649 4364 quod
678 4294 802 4367 erit.

260 4366 526 4434 —-lpsam
556 4364 697 4437 quod
718 4363 951 4437 est._Hic
1007 4380 1238 4435 quoque
1297 4369 1570 4437 corrupte
1621 4364 1836 4437 legitur

175 4440 361 4509 ipsum
391 4440 467 4490 est
490 4436 641 4509 quod
668 4436 799 4509 erit,
826 4434 1110 4509 Manium.

247 4509 271 4543 ³
300 4501 742 4579 Neutri'genere
769 4506 1013 4579 Palatia.
1047 4504 1106 4558 τό
1150 4501 1474 4576 διωκόμεον.

246 4580 270 4614 ³
301 4577 592 4634 Hactenus
623 4577 843 4649 vulgati
865 4579 1083 4643 habent,
1099 4579 1633 4634 contradicentibus
1658 4597 1826 4648 mss.;

175 4649 321 4707 olim
343 4666 577 4725 quoque
606 4666 711 4725 pro
744 4654 809 4725 in,
833 4649 931 4725 hoc
958 4650 1180 4725 swculo,
1213 4653 1337 4725 erat
1361 4652 1417 4725 in
1453 4650 1685 4725 Christo.

249 4753 317 4763 -—
357 4720 545 4789 Volua:
580 4720 759 4776 vivere
788 4723 847 4775 in
876 4723 979 4776 hoc
997 4720 1226 4778 saeculo.
1262 4722 1324 4776 In
1353 4722 1579 4776 c'unctis
1635 4738 1826 4777 exem-

174 4793 445 4866 plaribus
477 4809 619 4866 mss.
652 4792 759 4866 hoc
793 4792 963 4866 modo
1021 4792 1307 4866 scriptum
1361 4797 1486 4860 est;
1539 4793 1599 4847 in
1656 4794 1832 4848 editis

171 4862 311 4922 vero
344 4869 517 4921 antea
545 4862 732 4931 libris,
768 4865 823 4918 in
854 4864 1092 4920 Christo.
1128 4862 1408 4918 Murrum.

246 4938 271 4971 ⁴
302 4941 368 4993 Et
394 4944 674 4992 errantem
707 4951 878 4992 ovem.
915 4936 1297 4991 Sorbonicum
1327 4934 1584 4989 codicem
1644 4935 1828 4990 secuti

172 5025 410 5077 sumus,
445 5006 541 5063 alii
571 5006 795 5078 legunt,
827 5011 1077 5062 erratam
1107 5023 1298 5068 ovem;
1330 5006 1468 5062 editi
1499 5007 1722 5061 Erasm.
1775 5011 1831 5062 et

170 5079 420 5137 Marian.
450 5094 735 5134 erroneam
765 5094 933 5134 ovem.
966 5082 1247 5133 ΜΑιιτιΑΝ.

223 5152 269 5222 ,³
297 5151 671 5222 Adverbium
708 5167 857 5205 nunc
914 5167 1058 5205 mss.
1119 5147 1301 5204 nostri
1348 5147 1640 5219 ignorant.
1727 5146 1827 5202 Al-

170 5220 387 5280 cuinus
416 5239 539 5295 pro,
561 5238 626 5277 eo
659 5220 801 5293 legit
827 5239 1059 5293 semper.

245 5296 267 5329 ⁶
298 5290 689 5350 Restituimus
720 5290 917 5349 vocem
937 5290 1059 5365 'ﬁlii
1088 5290 1422 5365 eanostris
1456 5307 1600 5345 mss.
1638 5295 1828 5365 atque

169 5364 350 5421 editis
382 5370 514 5421 ante
542 5360 967 5432 Martianzeum',
1004 5364 1104 5436 qui
1124 5362 1281 5436 illam
1301 5361 1608 5436 omiserat,
1637 5360 1823 5436 libris,

245 5467 316 5476 -—
344 5440 483 5506 Quae
529 5435 732 5492 Sirach
764 5433 1106 5491 inscribitur.
1160 5434 1311 5489 Editi
1351 5433 1487 5506 libri
1538 5448 1663 5504 quae
1717 5434 1828 5506 ﬁlii

167 5504 379 5564 Sirach'
399 5508 743 5572 inscribitur,
779 5508 878 5563 sed
914 5508 1099 5562 multo
1140 5506 1332 5562 verius
1384 5504 1441 5558 in
1493 5522 1636 5560 mss.
1672 5504 1827 5558 codi-

168 5581 361 5648 cibus,
395 5596 515 5648 quw
546 5579 741 5634 Sirach
771 5580 1112 5634 inscribitur.
1174 5578 1317 5632 Nam
1365 5576 1520 5648 apud
1578 5580 1825 5648 Septua-

163 5646 502 5724 gintaliber
531 5650 922 5724 Ecclesiastici
973 5649 1314 5724 inscribitur
1372 5646 1545 5724 Σοξφα
1595 5646 1824 5724 ξέὶρχχ,

162 5697 444 5808 ξαρίεηςία
475 5722 909 5808 ιςξηᾳᾳήλβγωερ
939 5726 1135 5808 tamen
1158 5721 1442 5808 integpres
1458 5697 1820 5808 liwe'habeti

158 5790 331 5857 Liber
356 5798 486 5856 Iesu
512 5795 623 5869 [itii
651 5790 931 5852 Simeonis
981 5794 1180 5862 Astra;
1237 5792 1487 5866 idemque
1541 5790 1684 5850 liber
1727 5807 1823 5850 vo-

1949 3403 2081 3441 mur
2135 3386 2195 3440 in
2246 3385 2561 3456 pulverem.
2622 3383 2681 3437 Si
2740 3389 2935 3439 autem
2992 3383 3221 3439 videtur
3275 3384 3398 3440 haec
3468 3403 3597 3443 esse

1946 3474 2244 3541 distantia,
2272 3473 2425 3545 quod
2450 3471 2963 3545 spiritushominis
2986 3473 3261 3529 ascendat
3284 3474 3344 3529 in
3359 3475 3594 3545 oculum,

1945 3569 2003 3619 et
2036 3563 2277 3636 spiritus
2310 3562 2533 3634 pecoris
2564 3562 2877 3616 descendat
2916 3561 2973 3616 in
3024 3567 3260 3631 terram,
3294 3580 3408 3635 quo
3436 3566 3593 3621 istud

1946 3663 2099 3708 certo
2148 3656 2384 3708 auctore
2443 3650 2859 3724 cognovimus?
2925 3650 3084 3713 Quod
3146 3657 3339 3723 potest
3394 3669 3587 3722 nosse,

1946 3746 2143 3796 utrum
2174 3757 2375 3797 verum
2409 3757 2481 3796 an
2513 3740 2728 3797 falsum
2792 3740 2870 3796 sit
2901 3740 3056 3811 quod
3107 3745 3377 3812 speratur
3398 3742 3425 3795 ‘t
3476 3742 3594 3798 Hoc

1945 3834 2139 3885 autem
2174 3829 2333 3896 dicit,
2371 3846 2482 3885 non
2526 3830 2679 3901 quod
2712 3829 2969 3884 animam
3014 3832 3177 3900 putet
3225 3828 3411 3900 perire
3459 3847 3594 3886 cum

1944 3935 2203 3991 corpore,
2237 3917 2321 3973 vel
2346 3935 2530 3973 unum
2564 3919 2766 3974 bestiis
2798 3923 2854 3973 et
2884 3918 3105 3974 homini
3137 3920 3449 3992 praeparari
3510 3921 3593 3978 lo-

1945 4025 2103 4075 cum,
2136 4006 2237 4062 sed
2272 4007 2425 4078 quod
2458 4015 2591 4062 ante
2651 4008 2963 4063 adventum
3014 4008 3228 4063 Christi
3276 4009 3474 4064 omnia
3522 4010 3593 4065 ad

1942 4097 2160 4152 inferos
2191 4095 2407 4167 pariter
2438 4096 2794 4151 ducerentur
2825 4096 2886 4150 ¹¹.
2922 4096 3083 4152 Unde
3106 4101 3164 4153 et
3189 4097 3369 4153 Jacob
3402 4099 3472 4155 ad
3505 4099 3594 4155 in-

1943 4224 2101 4276 catur
2124 4219 2409 4290 Sapientia
2442 4218 2547 4284 ﬁlii
2573 4220 2750 4286 Asiro,
2780 4225 3060 4277 MARTIAN.

2014 4294 2033 4325 7
2063 4291 2247 4345 Vatic.
2281 4292 2537 4345 .lumenta
2579 4291 2659 4344 bis
2704 4296 2851 4345 sunt.
2913 4293 3061 4347 ()lim
3107 4299 3248 4361 erat,
3303 4297 3367 4351 Ut
3413 4301 3597 4353 osten-

1942 4364 2054 4429 dat,
2088 4364 2219 4435 quia
2249 4363 2356 4432 ipsi
2376 4362 2629 4435 jumenta
2657 4372 2805 4429 sunt,
2837 4364 2950 4417 sive
2977 4366 3129 4434 quia,
3163 4370 3271 4421 etc.

2016 4433 2263 4491 -τῑιαι
2293 4433 2599 4487 ostenderet
2627 4435 2759 4502 quia
2817 4435 2942 4504 ipsi.
2988 4433 3449 4504 Corruptissime
3498 4436 3591 4492 hic

1942 4512 2137 4562 textus
2167 4506 2381 4577 legitur
2412 4506 2467 4558 in
2499 4504 2683 4577 editis,
2705 4507 2875 4559 antea
2923 4504 3089 4560 libris
3141 4504 3213 4561 ad
3262 4508 3419 4563 hunc
3468 4523 3594 4563 mo-

1943 4580 2118 4633 dum:
2179 4576 2320 4645 Quia
2372 4580 2591 4647 separat
2646 4576 2767 4630 illos
2819 4581 2962 4630 Deus
3020 4580 3080 4630 ut
3131 4578 3375 4632 ostendat
3460 4580 3593 4648 quia

1866 4655 1907 4718 1)
1942 4652 2050 4722 ipsi
2076 4652 2320 4722 iumenta
2348 4651 2504 4701 sunt:
2538 4649 2656 4722 sive
2679 4647 2807 4722 quia
2826 4650 3065 4713 eventus,
3098 4654 3204 4722 etc.
3230 4647 3517 4722 ΜΑΒΤΙᾼΝ.

2011 4722 2030 4755 ⁸
2060 4723 2207 4776 [item
2239 4720 2422 4774 Vatic.
2459 4736 2592 4773 cum
2626 4717 2884 4774 Palatino
2915 4720 3171 4775 secunda
3200 4736 3402 4786 manu,
3424 4721 3591 4776 Even-

1936 4795 2026 4848 tus
2058 4810 2201 4848 unus
2228 4793 2478 4847 omnibus
2493 4792 2595 4846 eis.

1940 4935 1973 4988 d
2012 4865 2149 4988 "It:
2208 4880 2353 4919 mss.
2426 4863 2496 4918 ad
2555 4862 2819 4917 Graecum
2878 4879 2960 4921 τις
3017 4864 3202 4918 Antea
3260 4862 3467 4919 vocula
3535 4868 3589 4919 et

1983 4952 2112 4988 cera
2145 4975 2157 4988 .

1983 4939 2157 4990 cerat.

2013 5008 2056 5040 ιο
2092 5004 2399 5061 Secundum
2428 5006 2667 5075 corporis
2692 5007 2982 5061 vilitatem.
3017 5006 3289 5061 Mendose
3318 5004 3461 5061 item
3501 5004 3582 5061 le~

1938 5082 2105 5148 gunt,
2134 5076 2700 5148 secundumﬂcorporis
2759 5079 3125 5147 qualitatem:
3162 5094 3295 5132 cum
3342 5093 3412 5133 ex
3460 5093 3586 5133 ver-

1939 5146 2029 5204 bis
2061 5146 2557 5221 consequentibus
2580 5146 2855 5218 appareat
2875 5149 3289 5219 Hieronymum
3320 5150 3589 5221 posuisse

1935 5222 2209 5275 vilitatem
2241 5235 2353 5272 non
2387 5219 2711 5287 qualitatem
2748 5221 3027 5276 MARTIAN.

2010 5292 2046 5325 “
2083 5290 2290 5347 Confer
2319 5290 2780 5363 Commentarios
2834 5292 2893 5345 in
2944 5294 3089 5348 Osee
3138 5308 3263 5363 cap.
3302 5293 3388 5348 13.
3441 5292 3586 5348 San—

1937 5367 2095 5417 ctum
2129 5376 2359 5433 quoque
2393 5361 2784 5433 Augustinum
2822 5363 2890 5417 de
2925 5364 3066 5418 Gen.
3105 5365 3175 5418 ab
3214 5361 3304 5419 lit.
3356 5365 3411 5420 L.
3458 5381 3584 5429 vm,

1936 5451 1989 5491 c.
2026 5436 2094 5488 li:
2148 5430 2176 5481 ἶ(
2210 5430 2407 5502 Nabis,
2470 5430 2664 5502 inquit
2709 5433 3051 5489 Tertulliau.
3104 5434 3185 5489 lib
3262 5436 3326 5489 de
3385 5437 3584 5491 Anima

1936 5522 2059 5577 cap.
2090 5505 2179 5572 3|,
2216 5501 2390 5577 inferi
2415 5518 2529 5556 non
2558 5501 2741 5577 pulla
2771 5506 3077 5577 cavositas,
3113 5522 3214 5561 nec
3260 5506 3587 5562 subdivalis

1935 5572 2132 5648 aliqua
2190 5572 2400 5648 mundi
2448 5573 2675 5648 sentina
2733 5575 3085 5648 creduntur;
3138 5578 3239 5633 sed
3295 5578 3356 5633 in
3428 5578 3586 5634 fossa

1937 5644 2117 5713 terra),
2150 5645 2293 5700 etin
2352 5644 2788 5720 alto‘vastitas,
2844 5651 2901 5702 et
2956 5647 3015 5703 in
3074 5647 3216 5720 ipsis
3264 5648 3582 5711 visceribus

1933 5721 2062 5794 ejus
2084 5720 2357 5777 abstrusa
2378 5715 2767 5791 profunditas.
