3992 6386
436 337 596 411 1095

1684 340 1749 398 s.
1795 324 2103 400 EUSEBII
2146 334 2614 399 HlERONYMi.

3683 325 3857 415 mes

429 474 585 530 feros
613 472 1037 528 descensurum
1069 486 1131 525 se
1191 470 1331 526 dicit
1378 475 1533 538 (Gen.
1580 488 1771 526 xxxvn
1803 481 1851 526 et
1899 474 2071 542 XLIV).
2110 474 2164 537 Α
2267 474 2559 536 Quantum
2593 472 2783 523 autem
2842 466 2915 521 ad
2970 462 3335 537 spiritualem
3390 460 3850 539 intelligentiam

429 561 499 616 Et
521 561 630 617 Job
654 561 784 633 pios
814 564 872 615 et
912 558 1125 631 impios
1178 558 1239 614 in
1287 558 1514 615 inferno
1569 559 1836 631 queritur
1887 565 2083 614 reten-

432 649 547 719 tari
588 650 723 721 (Job.
760 666 839 704 v11
869 651 919 703 et
946 648 1103 719 xvn).
1139 648 1207 703 Et
1255 647 1651 719 Evangelium,
1695 647 1873 704 chaos
1921 665 2084 720 mag-

428 755 571 794 num
606 737 1023 810 interpositum
1055 738 1212 809 apud
1239 737 1482 803 inferos,
1510 741 1567 792 et
1608 737 1900 792 Abraham
1951 753 2082 791 cum

428 828 665 897 Lazaro,
700 831 760 881 et
789 826 1033 882 divitem
1064 825 1123 881 in
1157 826 1467 898 suppliciis
1489 843 1617 881 esse
1642 829 1892 881 testatur
1931 826 2081 895 (Luc.

424 916 564 987 Χνι).
597 916 667 970 Et
692 932 912 983 revera,
944 922 1265 987 antequam
1296 915 1630 971 ﬂammeam
1682 914 1841 970 illam
1874 919 2085 981 rotam,

424 1007 481 1058 et
509 1002 745 1076 igneam
779 1003 1159 1075 romphaeam,
1192 1008 1250 1059 et
1301 1003 1557 1076 paradisi
1617 1003 1768 1059 fores
1819 1002 2086 1058 Christus

427 1109 562 1148 cum
593 1091 817 1148 latrone
863 1097 1170 1161 reseraret,
1231 1092 1430 1148 clausa
1482 1096 1648 1148 erant
1705 1090 1979 1150 ccelestia.
2032 1096 2089 1147 et

426 1181 705 1254 spiritum
738 1181 964 1253 pecoris
994 1180 1371 1253 hominisque
1401 1180 1641 1253 aequalis
1670 1180 1865 1237 vilitas
1924 1198 2085 1236 coar-

425 1271 639 1326 ctabat.
676 1271 743 1325 Et
773 1270 911 1327 licet
939 1269 1097 1326 aliud
1128 1269 1697 1338 videreturdissolvi,
1724 1269 1882 1325 aliud
1907 1286 2089 1325 reser-

425 1360 585 1426 vari;
636 1364 831 1415 tamen
886 1377 1001 1416 non
1066 1360 1316 1416 multum
1365 1360 1647 1415 intererat
1703 1358 1893 1431 perire
1951 1374 2085 1413 cum

423 1463 684 1520 corpore,
712 1447 799 1504 vel
832 1449 1045 1505 inferni
1077 1448 1339 1505 tenebris
1371 1448 1643 1503 detineri.

494 1541 886 1592 ltecurramus
917 1538 990 1593 ad
1022 1537 1281 1610 singula,
1353 1541 1412 1592 et
1468 1535 1817 1592 commatico
1878 1550 2087 1606 genere

425 1625 680 1693 dicendi,
704 1627 878 1696 juxta
910 1627 1176 1683 ordinem
1204 1642 1380 1681 suum
1430 1625 1681 1680 breviter
1723 1624 2086 1677 disseramus

424 1714 545 1784 [Αἱ.
602 1714 1041 1785 dissolvamus].
1076 1739 1102 1765 ‹‹
1137 1714 1264 1769 Dixi
1317 1730 1421 1786 ego
1458 1713 1514 1767 in
1573 1713 1746 1767 corde
1804 1728 1932 1766 meo
2015 1710 2087 1765 de

423 1801 654 1873 eloquio
686 1802 941 1858 filiorum
972 1803 1255 1873 hominis,
1292 1807 1355 1857 ut
1400 1801 1639 1872 eligeret
1698 1817 1797 1856 eos
1855 1800 2028 1855 Deus.
2058 1823 2083 1847 ››

426 1890 545 1946 Hoc
577 1892 789 1957 solum,
824 1892 1036 1964 inquit,
1067 1893 1220 1947 inter
1250 1892 1517 1946 homines
1548 1895 1603 1945 ct
1625 1890 1896 1961 jumenta
1927 1889 2079 1943 Deus

423 1995 553 2036 esse
585 1978 791 2047 voluit,
825 1982 966 2052 quia
995 1998 1102 2037 nos
1127 1981 1449 2053 loquimur,
1483 1979 1583 2034 illa
1604 1984 1744 2034 sunt
1766 1983 1950 2044 muta,
1973 1995 2078 2033 nos

422 2068 781 2124 voluntatem
841 2086 1107 2141 sermone
1159 2069 1535 2142 proferimus,
1588 2070 1687 2122 iiut
1728 2071 1958 2137 torpent
1996 2066 2076 2120 si-

422 2157 624 2214 lentio.
658 2160 888 2214 Etcum
920 2163 1149 2214 tantum
1188 2175 1457 2213 sermone
1508 2157 1848 2212 differamus
1890 2173 1922 2209 a
1955 2156 2077 2211 bes-

428 2246 549 2316 tiis,
578 2252 774 2315 tamen
806 2248 1134 2304 ostenditur
1163 2247 1353 2313 nobis,
1388 2247 1543 2318 quod
1594 2247 1763 2317 juxta
1819 2244 2075 2315 corporis

422 2335 799 2407 fragilitatem
829 2353 1037 2409 pecora
1068 2353 1296 2393 sumus.
1330 2335 1492 2391 Sicut
1514 2335 1851 2406 jumentum
1898 2331 2074 2387 mori-

420 2428 538 2492 tur,
572 2426 655 2481 ita
685 2426 952 2495 moritur,
981 2430 1039 2481 et
1068 2424 1263 2491 homo,
1298 2429 1355 2480 ct
1383 2442 1536 2480 unus
1576 2422 1852 2478 omnibus
1903 2421 2076 2476 flatus

421 2518 532 2583 est,
563 2519 621 2569 et
649 2531 748 2570 aer
777 2514 885 2570 iste
917 2530 1033 2585 quo
1064 2514 1298 2569 alimur.
1332 2513 1450 2569 Hoc
1482 2513 1637 2569 enim
1671 2512 1790 2567 ait:
1842 2512 1906 2565 Et
1960 2511 2074 2581 spi-

417 2606 560 2658 ritus
589 2618 735 2657 unus
766 2603 1040 2667 omnibus,
1073 2611 1122 2657 et
1151 2604 1394 2672 amplius
1422 2603 1644 2657 homini
1673 2618 1706 2655 α
1724 2616 1914 2671 pecore
1931 2599 2075 2654 nihil

415 2699 520 2749 est.
562 2690 725 2753 Quod
756 2707 830 2745 ne
858 2694 1199 2761 putaremus
1222 2691 1334 2745 dici
1366 2691 1541 2745 etiam
1572 2691 1643 2745 de
1674 2689 1890 2757 anima,
1922 2688 2076 2743 intu-

419 2779 523 2834 lit:
558 2778 757 2834 Omnia
782 2778 1139 2848 factasuntde
1153 2783 1322 2843 terra,
1345 2784 1397 2834 et
1413 2786 1752 2835 revertentur
1774 2779 2070 2832 interram.

419 2867 499 2923 De
521 2871 675 2922 terra
694 2871 888 2923 autem
913 2865 1055 2922 nihil
1081 2866 1238 2923 aliud
1273 2866 1608 2938 nisicorpus
1633 2867 1849 2921 factum
1874 2869 1981 2919 est.
2006 2865 2076 2919 Et

418 2956 725 3029 signanter
751 2956 821 3011 de
852 2972 1090 3028 corpore
1121 2956 1369 3011 dicitur:
1406 2958 1568 3011 Terra
1596 2972 1673 3023 es,
1704 2963 1754 3010 et
1784 2957 1839 3008 in
1863 2957 2075 3008 terram

418 3046 713 3101 reverteris
744 3046 903 3116 (Gen.
955 3062 1041 3114 III,
1103 3044 1213 3117 li).
1270 3045 1433 3113 Quod
1465 3050 1660 3099 autem
1691 3043 1920 3098 videtur
1948 3058 2075 3098 esse

418 3133 876 3209 blasphemum:
911 3156 937 3183 «
973 3133 1113 3200 Quis
1146 3134 1464 3206 cognoscit,
1529 3134 1768 3205 spiritus
1818 3133 2072 3187 filiorum

2195 560 2473 632 pertinet:
2544 559 2815 627 Quoniam
2862 556 3106 611 homines
3142 562 3194 610 et
3211 555 3468 624 jumenta
3521 554 3704 610 sal-vos
3749 553 3854 630 fa-

2194 648 2298 702 ciet
2353 648 2615 701 Dominus
2666 644 2840 716 (Psal.
2872 660 3037 709 xxxv,
3070 642 3164 712 7):
3198 646 3256 697 et
3306 641 3366 696 in
3421 641 3534 697 alio
3564 640 3728 698 loco:
3788 644 3857 700 Ut

2195 736 2499 803 iumentum
2527 750 2670 799 sum,
2703 731 2913 803 inquit,
2947 730 3093 802 apud
3123 738 3192 798 te,
3233 738 3283 786 et
3297 745 3391 801 ego
3411 746 3626 802 semper
3661 736 3852 786 tecum

2196 825 2553 894 (Psal.Lxxn,
2584 824 2801 889 23):et
2852 821 2911 874 in
2969 819 3245 875 omnibus
3302 818 3601 890 prophetis
3655 819 3856 875 homi-

2198 929 2300 968 nes
2334 915 2349 947 ¹
2380 916 2436 966 et
2466 928 2673 985 pecora
2705 911 2761 965 in
2786 907 3115 965 Jerusalem
3147 907 3430 964 salvanda
3459 909 3565 979 [ΑΙ.
3609 907 3856 980 salvata]

2196 1002 2493 1066 dicuntur,
2526 998 2834 1071 ctimpleri
2867 1007 3080 1053 terram
3129 996 3598 1068 repromissionis
3627 998 3649 1031 ²
3675 1013 3855 1071 peco-

2197 1091 2358 1146 ribus
2381 1094 2437 1145 et
2468 1089 2945 1156 armentis;quis
2976 1087 3108 1154 scit,
3169 1090 3367 1141 utrum
3418 1090 3679 1153 sanctus,
3740 1086 3849 1159 qui

2196 1178 2453 1235 hominis
2483 1176 2872 1249 appellatione
2903 1176 3117 1248 dignus
3148 1177 3257 1241 est,
3313 1174 3589 1230 ascendat
3634 1174 3693 1229 in
3726 1190 3851 1230 co:-

2196 1269 2339 1334 lum,
2374 1272 2430 1322 et
2462 1271 2658 1321 utrum
2691 1271 2975 1337 peccator,
3036 1263 3135 1335 qui
3187 1263 3526 1333 jumentum
3581 1269 3844 1333 vocatur,

2196 1356 2513 1412 descendat
2537 1355 2593 1409 in
2625 1353 2880 1409 terram?
2910 1353 3054 1408 Fieri
3087 1352 3242 1408 enim
3276 1356 3465 1424 potest
3494 1369 3595 1424 pro
3625 1352 3845 1411 incerto

2196 1445 2321 1500 vita:
2361 1444 2559 1513 huius,
2592 1449 2650 1499 et
2680 1441 2902 1497 lubrico
2923 1446 3104 1508 statu,
3128 1444 3191 1495 ut
3231 1446 3284 1496 et
3308 1442 3511 1512 justus
3549 1442 3844 1510 concidat,

2197 1539 2255 1589 et
2284 1539 2550 1604 peccator
2578 1535 2870 1603 exsurgat,
2918 1536 2975 1585 et
3030 1546 3454 1602 nonnunquam
3510 1530 3721 1600 evenit,
3778 1535 3849 1586 ut

2199 1622 2621 1686 rationabilior,
2656 1625 2711 1676 et
2758 1621 3024 1675 eruditus
3084 1619 3142 1673 in
3201 1618 3538 1691 Scripturis,
3594 1620 3649 1673 id
3681 1624 3771 1676 est
3800 1620 3845 1687 ³,

2199 1712 2396 1778 homo,
2430 1729 2543 1765 non
2577 1711 3018 1781 circumspecte,
3052 1712 3107 1764 et
3156 1713 3219 1763 ut
3250 1708 3493 1763 scientia
3549 1724 3657 1764 sua
3712 1707 3846 1787 dig-

2201 1818 2366 1866 num,
2399 1805 2487 1855 cst
2507 1800 2678 1865 vivat,
2713 1804 2769 1855 et
2797 1786 3121 1853 deducatur
3150 1798 3222 1852 ad
3255 1797 3490 1865 inferos,
3531 1802 3589 1853 et
3617 1786 3847 1869 simpli-

2201 1889 2321 1944 cior
2350 1889 2599 1960 quisque
2627 1893 2801 1959 atque
2828 1887 3122 1955 rusticior,
3155 1885 3252 1957 qui
3276 1887 3613 1957 jumentum
3653 1885 3845 1941 homi-

2189 1979 2281 2035 nis
2305 1978 2741 2050 comparatione
2773 1976 3020 2043 dicatur,
3054 1974 3266 2031 melius
3289 1976 3465 2043 vivat,
3483 1980 3537 2029 et
3566 1974 3847 2046 martyrio

2188 2072 2518 2133 coronetur,
2553 2084 2618 2120 ac
2651 2065 2907 2138 paradisi
2931 2066 3008 2120 sit
3037 2063 3299 2120 colonus.

2260 2179 2288 2206 «
2322 2156 2392 2210 Et
2420 2156 2560 2222 vidi,
2582 2155 2721 2226 quia
2752 2172 2866 2209 non
2896 2160 2984 2209 est
3016 2154 3259 2218 bonum,
3292 2152 3404 2207 nisi
3435 2152 3586 2225 quod
3606 2151 3847 2208 laetetur

2185 2244 2360 2301 homo
2392 2245 2452 2298 in
2488 2260 2657 2316 opere
2689 2261 2817 2310 suo,
2851 2243 2989 2315 quia
3018 2242 3137 2298 haec
3168 2247 3255 2297 est
3311 2259 3445 2313 pars
3494 2242 3642 2312 ejus.
3700 2241 3844 2305 Quis

2185 2334 2343 2389 enim
2374 2334 2624 2388 adducet
2649 2348 2804 2396 eum,
2840 2337 2903 2385 ut
2933 2332 3146 2398 videat,
3182 2331 3261 2401 id,
3286 2331 3437 2403 quod
3469 2330 3731 2386 futurum
3752 2336 3843 2388 est

2185 2427 2316 2494 post
2346 2422 2586 2495 ipsum?
2620 2444 2645 2469 »
2692 2421 2845 2476 418
2874 2420 2983 2475 Pro
3016 2437 3081 2475 eo
3112 2420 3265 2491 quod
3320 2438 3426 2476 nos
3479 2421 3783 2493 posuimus
3811 2440 3829 2478 :

2186 2536 2211 2560 ‹‹
2248 2511 2318 2566 Ut
2343 2512 2533 2566 videat
2562 2510 2619 2564 id
2680 2510 2833 2582 quod
2895 2510 3154 2564 futurum
3213 2514 3301 2564 cst
3356 2514 3485 2581 post
3544 2510 3760 2583 ipsum,
3795 2533 3820 2560 ι

2186 2599 2443 2672 apertius
2502 2600 2918 2671 interpretatus
2975 2602 3064 2653 est
3121 2598 3529 2670 Symmachus,
3589 2598 3822 2655 dicens:

2186 2713 2213 2739 ‹‹
2248 2689 2318 2744 Ut
2336 2690 2531 2743 videat
2559 2705 2626 2743 ea
2655 2705 2783 2758 quae
2842 2688 3037 2742 futura
3090 2693 3229 2742 sunt
3259 2691 3391 2759 post
3421 2686 3542 2743 haec
3573 2689 3611 2741 ‘.
3671 2685 3827 2743 Nihil

2185 2782 2274 2834 est
2300 2794 2435 2849 ergo
2479 2779 2694 2831 bonum
2722 2778 2777 2831 in
2812 2776 2928 2832 vita
2960 2777 3093 2842 ista,
3127 2775 3236 2832 nisi
3263 2776 3414 2850 quod
3449 2774 3677 2833 laetatur
3724 2776 3829 2831 ho-

2186 2884 2280 2921 mo
2312 2867 2370 2921 in
2403 2883 2573 2937 opere
2603 2882 2729 2933 suo,
2767 2866 2983 2920 faciens
3011 2865 3461 2937 eleemosynam,
3490 2869 3546 2920 et
3602 2863 3832 2920 futuros

2184 2955 2294 3011 sibi
2327 2956 2633 3010 thesauros
2666 2955 2723 3008 in
2758 2971 2935 3023 regno
2967 2954 3245 3009 caelorum
3278 2970 3633 3027 prmparans.
3667 2953 3825 3010 Hanc

2184 3044 2368 3100 solam
2400 3044 2686 3099 habemus
2725 3044 3071 3115 portionem,
3122 3059 3298 3115 quam
3330 3059 3435 3099 nec
3466 3043 3561 3098 fur
3607 3059 3710 3098 nec
3741 3042 3830 3097 la-

2182 3137 2270 3188 tro
2301 3132 2469 3196 valet,
2502 3149 2606 3188 nec
2656 3137 2943 3205 tyrannus
2990 3133 3236 3199 auferre,
3270 3136 3324 3186 et
3356 3148 3481 3205 quae
3535 3147 3640 3187 nos
3698 3135 3829 3204 post

419 3223 750 3291 hominum,
783 3224 833 3279 si
864 3226 1012 3280 417
1049 3224 1327 3280 ascendat
1358 3224 1482 3295 ipse
1529 3239 1791 3290 sursum,
1849 3226 1905 3277 et
1953 3221 2073 3293 spi-
2104 3211 2146 3277 C
2189 3227 2433 3277 mortem
2469 3226 2767 3292 sequatur.
2802 3221 2915 3276 Nec
2945 3221 3101 3275 enim
3132 3237 3471 3292 possumus,
3516 3236 3650 3275 cum
3706 3219 3827 3279 huc

419 3312 566 3368 ritus
589 3313 865 3384 jumenti,
898 3314 945 3368 si
987 3314 1302 3369 descendat
1331 3314 1455 3386 ipse
1512 3314 1787 3369 deorsum
1846 3313 1902 3366 in
1952 3316 2065 3367 ter-

419 3417 546 3456 ram
567 3402 595 3455 ?
638 3424 666 3451 ››
697 3418 813 3457 non
842 3401 996 3456 inter
1020 3404 1271 3473 pecudes
1299 3407 1353 3457 et
1386 3403 1682 3459 hominem
1741 3402 2066 3456 secundum

417 3489 628 3545 anima:
660 3490 1006 3563 dignitatem
1065 3491 1208 3547 nihil
1268 3491 1549 3547 interesse
1602 3490 1919 3555 contendit,
1964 3489 2065 3545 sed

416 3577 744 3649 adjiciendo
760 3581 903 3652 quis,
938 3580 1340 3636 difficultatem
1375 3580 1455 3635 rei
1488 3579 1668 3634 voluit
1696 3579 2066 3633 demonstra-

416 3683 498 3722 re.
562 3667 891 3724 Pronomen
947 3672 1067 3742 quis
1130 3670 1188 3724 in
1246 3669 1567 3740 Scripturis
1645 3667 1867 3723 sanctis
1951 3683 2065 3721 non

416 3771 517 3828 pro
545 3756 922 3830 impossibili,
957 3759 1055 3813 sed
1119 3775 1221 3830 pro
1272 3757 1473 3812 diﬁcili
1496 3773 1729 3827 semper
1758 3755 2063 3828 accipitur.

418 3845 489 3901 Ut
541 3846 660 3903 ibi:
720 3847 1132 3903 Generatimwm
1217 3848 1333 3917 ejus
1397 3848 1517 3918 quis
1592 3847 1877 3900 enarrabit
1932 3847 2061 3912 (lsa.

413 3951 533 4005 LIII,
566 3936 667 4006 8)?
734 3935 804 3990 Et
857 3936 916 3990 in
971 3935 1198 4008 psalmo
1257 3940 1464 4007 quarto
1522 3935 1784 3990 decimo:
1821 3936 2065 4001 Domine,

415 4025 540 4095 quis
569 4024 842 4080 habitavit
867 4026 928 4079 in
959 4025 1305 4081 tabernacqu
1344 4033 1454 4090 tuo,
1484 4033 1534 4080 et
1564 4027 1623 4079 in
1647 4029 1828 4079 monte
1882 4028 2065 4079 sancto

415 4115 511 4166 tuo
541 4111 717 4182 (Psat.
750 4112 1000 4180 x1v,i)?
1048 4119 1105 4168 et
1156 4120 1364 4169 caetera
1421 4131 1549 4185 quas
1599 4120 1945 4185 sequuntur.
2000 4118 2068 4168 Et

413 4198 475 4253 in
522 4199 797 4266 Jeremia,
827 4199 961 4256 licet
990 4201 1047 4256 in
1104 4202 1339 4259 Hebraeo
1399 4204 1566 4259 aliter
1617 4203 1695 4259 sit
1728 4203 1739 4237 ¹
1768 4219 1780 4258 :
1813 4204 1881 4258 Et
1910 4203 2065 4259 homo

414 4290 513 4355 est,
544 4289 745 4360 etquis
785 4301 1060 4361 cognoscet
1112 4308 1236 4347 eum
1284 4292 1498 4363 (Jerem.
1544 4310 1707 4359 xvm,
1765 4292 1864 4363 9)?
1911 4293 2068 4348 Inter

417 4376 686 4433 homines
717 4377 896 4450 igitur
918 4383 974 4434 et
1013 4380 1230 4436 bestias
1273 4381 1393 4437 haec
1446 4381 1572 4438 sola
1602 4387 1689 4437 est
1719 4381 2063 4448 differentia,

415 4467 568 4539 quod
619 4466 862 4539 spiritus
895 4468 1151 4525 hominis
1179 4472 1442 4527 ascendit
1471 4471 1531 4526 in
1573 4470 1803 4536 coelum,
1856 4474 1912 4524 et
1947 4470 2064 4542 spi-

418 4555 567 4613 ritus
588 4556 844 4627 jumenti
877 4559 1179 4615 descendit
1208 4559 1268 4614 in
1295 4565 1533 4628 terram,
1593 4564 1649 4613 et
1705 4576 1835 4614 cum
1895 4575 2068 4615 carne
2098 4582 2144 4647 D

418 4643 789 4701 dissolvitur:
826 4646 874 4702 si
906 4651 1103 4703 tamen
1136 4648 1316 4719 hujus
1373 4646 1452 4703 rei
1492 4649 1582 4702 vir
1609 4647 1825 4718 aliquis
1883 4647 2062 4703 eccle-

415 4732 695 4791 siasticus
741 4739 799 4791 et
854 4734 1184 4807 disciplinis
1260 4735 1598 4792 coelestibus
1664 4736 1955 4805 eruditus,
2014 4742 2072 4793 et

414 4823 584 4895 quasi
616 4823 810 4883 dubiae
842 4823 925 4880 rei
981 4831 1175 4881 certus
1232 4830 1488 4882 assertor
1520 4826 1611 4881 sit.
1648 4825 1776 4881 Haec
1836 4825 2070 4882 interim

413 4914 585 4983 juxta
614 4910 897 4968 litteram.

485 5072 501 5121 ι
536 5074 683 5128 Licet
715 5074 775 5127 in
805 5074 1024 5131 Hebraeo
1052 5076 1217 5131 aliter
1264 5078 1353 5132 sit.
1396 5078 1454 5130 In
1490 5076 1727 5131 Hebrazo
1778 5082 1867 5133 est
1917 5086 2069 5139 eam

416 5152 523 5224 mf!
563 5161 800 5224 veanusc
826 5146 922 5224 hu,
954 5156 1004 5203 et
1032 5149 1394 5224 incrustabite
1449 5150 1650 5215 ipsum,
1705 5151 1822 5224 sive
1879 5158 1928 5204 et
1967 5167 2070 5204 an—

418 5218 578 5269 xium
619 5218 907 5291 ipsum,_id
940 5225 1030 5273 est
1060 5236 1152 5274 cor
1169 5222 1437 5275 omnium.
1473 5220 1855 5291 Septuaginta
1875 5226 2069 5276 autem

462 5302 548 5365 ro_
583 5303 776 5365 unuse,
829 5288 1102 5365 legebant
1148 5308 1296 5365 enos,
1360 5292 1511 5363 quod
1547 5288 1828 5347 hominem
1890 5293 2070 5365 signi-

440 5359 577 5421 tcat,
614 5359 788 5415 unde.
822 5359 1066 5418 Iit—homo
1094 5368 1190 5418 est.
1217 5359 1500 5418 Maurum.

490 5428 792 5484 —Fraudi
826 5432 1056 5489 fuerant
1084 5453 1200 5493 τοις
1256 5435 1392 5490 LXX
1453 5434 1668 5488 caedem
1712 5434 1772 5488 in
1835 5435 2073 5489 Hebrazo

419 5496 642 5624 ltiat’tﬁpae.
672 5502 888 5572 quibus
939 5510 996 5558 et
1045 5507 1203 5561 homo
1234 5510 1291 5560 et
1349 5507 1656 5560 incumbite
1712 5506 1845 5576 quid
1896 5507 2073 5563 deno-

489 5641 786 5722 fRa‘latin.
858 5644 1004 5722 alter
1055 5663 1187 5703 voce
1268 5650 1705 5722 repromissionis
1758 5653 2073 5722 expuncta,

419 5712 726 5775 substituit
754 5716 1013 5777 secunda
1038 5734 1218 5777 manu
1242 5712 1346 5794 pro
1365 5719 1701 5779 hominibus.

2179 3314 2293 3367 vita
2344 3310 2518 3367 fuerit
2565 3309 2871 3375 dissoluta,
2931 3327 3168 3365 rursum
3254 3309 3470 3365 nostris
3526 3308 3823 3365 laboribus

2179 3400 2416 3474 perfrui,
2452 3404 2554 3454 aut
2585 3399 2731 3454 scire
2762 3415 2886 3470 quae
2921 3398 3118 3454 futura
3146 3397 3266 3457 sint
3296 3398 3351 3452 in
3369 3397 3587 3452 mundo
3606 3400 3821 3468 postea.

2177 3490 2385 3545 Aliter:
2422 3487 2716 3560 Superiori
2751 3503 2945 3541 errore
2995 3487 3290 3554 turbatus,
3350 3487 3503 3558 quod
3561 3490 3823 3558 putarem

2178 3579 2328 3634 inter
2355 3577 2622 3633 homines
2668 3580 2725 3631 et
2754 3576 2971 3631 bestias
3001 3575 3146 3630 nihil
3203 3575 3505 3644 interesse,
3567 3575 3623 3629 in
3676 3574 3825 3630 hanc

2177 3666 2526 3724 sententiam
2560 3683 2734 3738 prava
2759 3665 3032 3738 Opinione
3064 3664 3351 3719 deductus
3365 3668 3504 3719 sunt
3524 3664 3563 3733 ⁵,
3586 3667 3655 3717 ut
3678 3662 3821 3717 nihil

2177 3756 2333 3811 aliud
2370 3755 2505 3811 boni
2539 3755 2813 3821 dicerem,
2870 3753 2983 3809 nisi
3041 3758 3382 3826 prresentem
3439 3768 3674 3825 carpere
3727 3768 3824 3808 vo-

2174 3844 2478 3916 luptatem.
2513 3844 2707 3915 Neque
2739 3844 2893 3899 cnim
2924 3860 3059 3898 cum
3092 3841 3267 3897 semel
3300 3858 3407 3897 nos
3463 3840 3825 3896 dissolvisset

2178 3934 2468 4001 interitus,
2502 3950 2673 4006 posse
2703 3932 2797 3989 his
2826 3933 3064 4004 perfrui,
3094 3949 3127 3987 a
3159 3931 3372 4002 quibus
3422 3930 3825 3988 recederemus

2175 4022 2408 4095 ingrati.
2441 4022 2551 4077 Alii
2582 4023 2652 4077 de
2684 4022 2792 4076 hoc
2819 4022 2976 4093 quod
3007 4020 3114 4075 ait:
3153 4040 3181 4070 «
3212 4019 3351 4084 Quis
3382 4018 3537 4074 enim
3577 4019 3827 4074 adducet

2175 4130 2330 4179 eum,
2374 4117 2438 4166 ut
2464 4111 2653 4167 videat
2682 4127 2766 4179 ea,
2802 4128 2927 4182 quae
2978 4115 3116 4165 sunt
3173 4110 3366 4164 futura
3415 4111 3545 4180 post
3571 4124 3652 4174 se,
3685 4128 3714 4157 ››
3748 4107 3825 4163 ad

2174 4201 2339 4257 illam
2370 4200 2812 4273 intelligentiam
2845 4199 3192 4266 retulerunt,
3249 4202 3315 4252 ut
3371 4197 3666 4253 dicerent:
3701 4196 3822 4251 Me-

2176 4291 2291 4346 lius
2321 4307 2448 4345 essc
2480 4290 2605 4345 suis
2662 4290 2961 4344 hominem
3022 4286 3322 4343 laboribus
3381 4286 3625 4358 perfrui;
3686 4284 3823 4358 quia

2177 4381 2284 4435 hoc
2315 4380 2508 4435 solum
2535 4380 2605 4433 de
2636 4378 2967 4434 substantia
3012 4394 3120 4432 sua
3155 4379 3350 4448 posset
3378 4376 3624 4431 auferre.
3674 4375 3819 4435 Cum

2177 4486 2335 4524 mors
2367 4468 2605 4535 venerit,
2630 4466 2854 4522 nescire
2884 4466 3036 4536 quali
3074 4465 3153 4522 sit
3207 4465 3433 4520 haeredc
3481 4462 3819 4531 moriturus,

2178 4562 2376 4613 utrum
2407 4556 2641 4629 dignus,
2675 4574 2747 4611 an
2780 4555 3078 4627 indiguus,
3104 4553 3228 4610 suis
3242 4553 3451 4627 opibus
3467 4552 3823 4625 perfruatur.

2246 4647 2406 4719 (Cap.
2466 4646 2581 4717 IV).
2643 4666 2669 4698 (ι
2702 4646 2768 4700 Et
2826 4660 3140 4701 conversus
3188 4658 3321 4698 sum
3368 4659 3496 4714 ego,
3552 4646 3610 4697 et
3655 4639 3824 4695 vidi“

2180 4737 2481 4791 universas
2512 4734 2836 4791 calumnias
2886 4751 3013 4805 quae
3047 4733 3195 4788 fiunt
3224 4732 3335 4787 sub
3391 4731 3533 4800 sole,
3593 4735 3648 4786 et
3697 4744 3829 4786 ecco

2178 4824 2444 4897 lacrymae
2488 4840 2688 4880 eorum
2720 4822 2820 4895 qui
2867 4821 3221 4878 calumniam
3279 4820 3593 4887 sustinent,
3623 4822 3680 4875 et
3706 4833 3826 4875 non

2178 4918 2266 4970 est
2301 4914 2401 4986 qui
2429 4913 2763 4970 consoletur
2794 4929 2916 4980 eos,
2945 4915 3003 4967 et
3035 4910 3094 4966 in
3154 4909 3428 4966 manibus
3469 4907 3825 4966 calumnian-

2249 5078 2270 5111 ³
2293 5076 2452 5131 Idem
2485 5075 2761 5145 Palatin.,
2785 5083 2845 5130 ut
2868 5082 2948 5130 est
2974 5075 3150 5129 homo.

2251 5150 2272 5182 ‘
2304 5149 2557 5203 Rursum
2593 5148 2748 5202 idem
2780 5164 2891 5202 ms.
2932 5146 2993 5202 Ut
3050 5146 3241 5201 vident
3296 5151 3481 5215 antea,
3527 5158 3651 5215 qua}
3702 5148 3831 5197 sunt

2180 5224 2375 5293 futura
2399 5237 2410 5275 :
2437 5236 2761 5293 perperam.

2255 5293 2274 5325 ⁵
2308 5287 2487 5345 Penés
2517 5287 2746 5351 Alcuin,
2777 5306 2949 5361 prava
2981 5289 3239 5359 Opinione
3269 5287 3518 5343 seductus
3544 5302 3683 5343 sum.

2252 5365 2274 5397 δ
2302 5363 2693 5424 Martiauaeus,
2728 5353 2791 5416 Et
2820 5353 3107 5415 conversus
3166 5374 3284 5428 ego,
3343 5361 3477 5427 vidi,
3530 5353 3839 5428 renuen_ti-'

2184 5435 2294 5490 bus
2328 5441 2449 5490 lum
2491 5436 2731 5498 nostris,
2765 5433 2981 5504 quibus
3005 5431 3101 5485 ille
3136 5426 3280 5504 usus
3310 5436 3400 5504 est
3429 5426 3572 5486 mss.
3604 5433 3661 5484 et
3704 5426 3832 5491 Flo-

2183 5506 2431 5561 rentinis
2462 5522 2717 5577 quoque,
2748 5503 2897 5576 quos
2929 5503 3129 5558 laudat
3151 5503 3466 5578 _Victorius.
3494 5574 3531 5578 η
3566 5573 3576 5578 _
3782 5566 3795 5578 ,

2260 5610 2324 5618 -—-
2358 5579 2422 5632 Et
2461 5569 2931 5632 conversus-sum
2987 5590 3100 5644 ego.
3150 5575 3212 5627 In
3245 5580 3415 5629 antea
3443 5573 3613 5629 editis
3665 5569 3836 5624 libris

2186 5654 2456 5721 corrupte
2496 5649 2865 5722 legimussEt
2895 5647 3139 5703 converti
3167 5662 3286 5717 ego,
3318 5650 3468 5722 etc.,_
3486 5661 3588 5719 pro
3609 5654 3834 5699 conver-

2185 5738 2275 5779 sus
2298 5718 2421 5779 sum
2450 5718 2580 5796 ego;
2599 5722 2751 5782 sicut
2778 5718 2984 5795 legunt
3002 5733 3209 5777 omnes
3237 5734 3381 5781 mss.
3412 5718 3687 5779 Murrus.
