3992 6394
185 282 350 379 φθξι

1194 279 1822 378 COMMENTARIUS
1866 279 1947 342 IN
1992 278 2593 347 ECCLESIASTEN.

3440 258 3597 375 1998

178 415 337 500 tium
368 433 469 476 eos
515 416 828 475 fortitudo:
881 422 939 475 et
984 434 1100 473 non
1149 422 1239 474 est
1287 417 1371 474 eis
1419 413 1771 472 consolator.
1806 435 1835 463 ››
1868 414 1925 481 Α
1954 416 2145 471 adhuc
2197 433 2323 474 esse
2367 417 2425 472 in
2475 416 2696 489 praelio,
2745 420 2803 473 et
2847 416 3016 490 quasi
3061 415 3293 473 clausos
3337 414 3598 488 corporis

185 500 326 565 Post
348 506 502 563 hanc
528 506 943 578 cogitationem
969 508 984 542 ¹
1013 505 1153 561 illuc
1182 509 1440 561 mentem
1472 520 1662 559 meam
1695 519 1836 558 ocu-

180 595 395 668 Iosque
425 596 706 662 converti,
739 601 805 652 ut
845 595 1104 652 viderem
1151 593 1627 661 calumniatores,
1658 595 1715 647 et
1745 608 1838 647 ca-

177 684 477 741 lumniam
527 684 909 741 sustinentes.
959 686 1030 740 Et
1075 700 1205 740 ecce
1252 682 1332 752 hi,
1383 681 1482 755 qui
1531 681 1749 752 injuste
1807 697 1840 735 a

180 772 618 846 potentioribus
648 772 1085 845 opprimuntur,
1119 771 1413 843 lacrymis,
1459 787 1604 843 quas
1647 768 1835 824 solum

180 862 402 920 habere
427 862 488 917 in
520 860 957 917 calamitatibus
995 860 1153 929 licet,
1204 861 1284 917 rei
1330 859 1613 915 invidiam
1647 861 1841 929 prote-

182 956 435 1017 stantes,
468 949 892 1006 consolatorem
926 966 1042 1005 non
1075 953 1299 1021 queunt
1329 948 1599 1020 reperire.
1626 947 1696 1001 Et
1725 962 1839 1017 quo

182 1038 378 1111 major
407 1037 650 1095 miseria
679 1037 775 1105 sit,
810 1041 868 1093 et
897 1036 1337 1093 inconsolabilis
1360 1036 1525 1091 dolor
1544 1036 1584 1104 ³,
1621 1033 1841 1089 calum-

182 1127 442 1184 niatores
471 1125 673 1184 vident
700 1125 758 1181 in
793 1125 919 1181 suis
940 1126 961 1160 ³
989 1124 1403 1197 iniquitatibus
1450 1122 1841 1180 fortiores.~Et

186 1217 310 1272 haec
338 1220 429 1272 est
456 1231 655 1281 causa,
688 1215 840 1286 quod
875 1230 991 1270 non
1016 1212 1244 1269 valeant
1264 1211 1573 1269 consolari.
1602 1209 1840 1266 Plenius

181 1304 350 1360 hunc
379 1302 571 1360 locum
602 1301 663 1357 in
694 1300 921 1374 psalmo
974 1300 1408 1373 septuagesimo
1440 1300 1697 1356 secundo
1728 1297 1838 1353 Da-

182 1393 306 1455 vid.
341 1396 400 1448 et
424 1391 710 1447 Jeremias
740 1391 799 1445 in
832 1406 938 1446 suo
968 1388 1261 1445 volumine
1291 1388 1747 1461 exsequuntur‘.

261 1482 418 1537 419
445 1501 474 1530 «
508 1480 575 1535 Et
617 1478 849 1535 laudavi
902 1494 1005 1550 ego
1056 1482 1343 1544 mortuos,
1393 1477 1494 1548 qui
1530 1478 1656 1548 jam
1685 1490 1840 1530 mor-

183 1570 277 1645 tui
301 1572 462 1637 sunt,
496 1584 673 1640 super
699 1566 955 1623 viventes
987 1566 1343 1640 quicumque
1373 1564 1485 1637 ipsi
1515 1564 1715 1619 vivunt
1742 1580 1841 1618 us-

185 1676 307 1730 que
339 1674 517 1714 nunc.
551 1658 617 1711 Et
648 1654 850 1712 melior
881 1673 1059 1728 super
1111 1656 1219 1711 hos
1265 1655 1415 1711 duos
1447 1654 1546 1727 qui
1576 1652 1840 1709 nondum

184 1753 365 1804 natus
393 1751 500 1815 est,
536 1745 632 1817 qui
681 1745 942 1801 nondum
991 1744 1137 1800 vidit
1185 1745 1373 1816 opusIS
1406 1742 1649 1810 malum,
1684 1742 1839 1813 quod

183 1837 409 1892 factum
443 1838 532 1890 est
577 1834 689 1889 sub
738 1833 878 1889 sole.
916 1855 944 1883 ››
998 1833 1084 1888 Ad
1136 1831 1632 1904 comparationem
1664 1830 1838 1886 mise-

183 1924 434 1992 riarum,
466 1940 593 1996 qua:
626 1923 687 1977 in
718 1922 830 1977 hoc
862 1920 1072 1978 saeculo
1104 1919 1381 1977 mortales
1411 1922 1707 1993 premunt,
1760 1919 1839 1974 fe-

182 2011 703 2084 licioresjudicavi
736 2014 1021 2079 mortuos,
1075 2028 1255 2083 quam
1303 2009 1583 2077 viventes,
1633 2025 1840 2065 secun-

183 2103 334 2158 dum
365 2101 510 2159 illud
539 2101 651 2157 Job
682 2101 755 2156 de
786 2100 988 2156 inferis
1029 2098 1425 2172 disputantis:
1456 2099 1537 2154 Ibi
1566 2099 1841 2168 requieve-

182 2193 324 2246 runt
353 2191 488 2247 lassi
513 2205 758 2261 corpore,
791 2205 916 2244 cum
964 2188 1049 2244 his
1106 2189 1202 2259 qui
1239 2189 1415 2243 vincti
1448 2186 1695 2261 fuerant,
1718 2186 1842 2257 jam

183 2282 393 2349 securi,
425 2296 535 2336 non
566 2278 848 2334 audientes
904 2294 1084 2334 vocem
1132 2278 1404 2333 exactoris
1433 2277 1569 2349 (Job.
1630 2292 1713 2343 III,
1774 2273 1843 2330 I7

183 2377 241 2426 et
290 2370 401 2441 18).
453 2367 658 2424 Melior
704 2371 901 2423 autem
947 2369 1035 2422 est
1079 2365 1173 2422 his
1223 2365 1476 2431 duobus,
1506 2364 1730 2420 vivente
1760 2361 1842 2417 vi-

187 2456 402 2514 delicet
433 2462 489 2513 et
533 2456 827 2525 defuncto,
879 2454 979 2527 qui
1023 2455 1274 2512 necdum
1325 2459 1500 2511 natus
1539 2459 1646 2509 est.
1679 2451 1844 2508 Alius

189 2547 353 2603 enim
384 2545 577 2602 adhuc
607 2543 765 2601 mala
794 2544 1035 2617 patitur,
1068 2542 1220 2599 alius
1251 2542 1419 2615 quasi
1442 2543 1512 2598 de
1539 2541 1843 2615 naufragio

191 2635 395 2691 nudus
425 2634 627 2690 evasit.
662 2634 836 2689 Porro
885 2632 987 2705 qui
1037 2632 1288 2688 necdum
1340 2636 1514 2688 natus
1546 2636 1654 2699 est,
1687 2632 1747 2686 in
1778 2647 1843 2686 eo

195 2724 422 2780 felicior
467 2728 578 2790 est,
628 2723 784 2796 quod
834 2722 1083 2779 necdum
1134 2721 1290 2777 mala
1336 2719 1543 2776 mundi
1574 2725 1844 2793 expertus

190 2818 307 2869 est.
341 2812 457 2869 Hoc
487 2816 683 2869 autem
714 2810 877 2882 dicit,
912 2828 1028 2867 non
1059 2811 1215 2883 quod
1242 2809 1341 2881 qui
1376 2810 1625 2865 necdum
1670 2813 1846 2865 natus

194 2905 306 2971 est,
360 2906 495 2958 ante
539 2901 619 2958 sit
668 2918 846 2973 quam
897 2903 1194 2965 nascatur,
1227 2905 1286 2954 et
1314 2898 1372 2955 in
1406 2915 1471 2955 eo
1501 2897 1724 2954 felicior
1747 2898 1843 2967 sit,

191 2992 338 3064 quia
365 2992 615 3047 necdum
648 3005 888 3063 corpore
938 2993 1333 3062 praegravatus
1382 2992 1506 3045 est:
1558 2988 1658 3044 sed
1689 2987 1846 3060 quod

194 3079 411 3136 melius
440 3080 518 3136 sit
546 3079 786 3135 omnino
817 3095 931 3133 non
964 3093 1092 3133 esse
1112 3078 1152 3144 θ,
1187 3093 1291 3133 nec
1340 3092 1581 3133 sensum
1633 3076 1847 3132 habere

1948 505 2242 577 ergastulo
2292 506 2606 576 retentari;
2669 500 2769 579 qui
2826 523 2961 563 vero
3023 509 3272 562 mortem
3322 502 3596 575 obierint,

1940 593 2067 663 jam
2127 612 2254 651 esse
2312 611 2574 666 securos,
2633 600 2690 652 et
2746 612 2984 668 peccare
3041 594 3286 652 desisse.
3342 593 3501 650 Sicut
3543 596 3602 650 et

1948 681 2227 751 Joannes,
2279 699 2394 755 quo
2440 685 2631 755 major
2677 701 2792 741 non
2843 683 2957 740 fuit
3001 684 3061 739 in
3092 682 3248 741 natis
3279 678 3597 739 mulierum

1951 770 2157 842 (Matth.
2193 772 2278 844 ιι),
2313 771 2507 828 minor
2535 777 2625 829 est
2653 790 2742 841 eo,
2771 772 2871 846 qui
2900 771 3184 828 minimus
3208 774 3298 828 est
3324 768 3386 826 in
3417 786 3597 844 regno

1950 858 2225 915 caelorum
2248 862 2290 930 ⁷,
2322 865 2380 917 et
2409 862 2669 934 corporis
2699 879 2872 920 onere
2915 861 3218 929 liberatus,
3251 859 3437 916 nescit
3462 875 3598 915 cum

1948 949 2224 1020 Apostolo
2255 949 2481 1007 dicere:
2515 950 2674 1007 Miser
2700 968 2795 1022 ego
2827 952 3002 1020 homo,
3051 953 3170 1022 quis
3221 965 3309 1006 me
3345 948 3601 1004 liberabit

1948 1037 2012 1092 de
2038 1053 2263 1110 corpore
2308 1041 2501 1095 mortis
2555 1040 2719 1112 hujus
2749 1041 2923 1113 (Rom.
2971 1057 3074 1109 vn,
3127 1037 3264 1109 14)?
3298 1036 3596 1094 Meliorem

1950 1130 2148 1183 autem
2179 1126 2272 1183 his
2303 1128 2534 1185 duobus
2566 1145 2693 1185 esse
2710 1144 2869 1196 eum,
2894 1128 2996 1202 qui
3016 1129 3268 1186 necdum
3291 1130 3466 1183 natus
3487 1128 3598 1194 est,

1950 1232 2057 1273 nec
2086 1213 2232 1272 vidit
2260 1215 2438 1285 mala,
2470 1217 2686 1291 quibus
2738 1217 2799 1273 in
2850 1218 3071 1273 mundo
3100 1215 3372 1272 homines
3402 1213 3599 1286 depri-

1950 1308 2212 1361 muntur.
2246 1304 2487 1362 Animas
2518 1305 2674 1362 enim
2723 1311 2975 1371 nostras,
3013 1310 3326 1378 antequam
3369 1304 3442 1361 ad
3473 1319 3600 1360 cor-

1951 1408 2093 1464 pora
2126 1393 2238 1448 ista
2266 1394 2287 1426 ⁸
2331 1394 2707 1462 descendant,
2757 1394 2975 1451 versari
3023 1394 3179 1467 apud
3231 1408 3495 1466 superos,
3542 1392 3601 1449 et

1950 1482 2154 1537 tandiu
2187 1482 2387 1539 beatas
2418 1500 2567 1549 esse,
2618 1485 2881 1556 quandiu
2926 1483 3145 1540 caelesti
3187 1480 3512 1539 Jerusalem
3543 1483 3601 1538 et

1952 1570 2129 1625 choro
2160 1574 2470 1627 teneantur
2493 1572 2777 1645 angelico.

2022 1660 2178 1715 420
2212 1681 2240 1708 «
2270 1659 2341 1714 Et
2367 1659 2485 1714 vidi
2514 1677 2618 1733 ego
2650 1661 2990 1717 universum
3022 1660 3300 1726 laborem,
3332 1662 3389 1714 et
3417 1655 3599 1714 simul

1951 1764 2186 1803 omnem
2204 1746 2477 1804 virtutem
2497 1749 2716 1820 operis:
2738 1750 2876 1821 quia
2892 1748 3185 1805 aemulatio
3202 1747 3334 1804 viri9
3354 1765 3389 1802 a
3410 1742 3600 1802 sodali

1948 1837 2098 1908 ejus;
2123 1840 2178 1891 et
2201 1836 2437 1908 quidem
2457 1836 2565 1893 hoc
2585 1837 2811 1894 vanitas
2831 1842 2887 1893 et
2902 1835 3278 1910 praesumptio
3297 1834 3599 1908 spiritus.»

1949 1924 2214 1981 Converti
2247 1941 2338 1980 me
2368 1942 2571 1981 rursus
2606 1927 2678 1982 ad
2710 1926 2846 1995 alia,
2878 1931 2936 1983 et
2960 1926 3077 1983 vidi
3109 1940 3345 1982 omnem
3376 1922 3602 1980 fortitu—

1949 2012 2143 2070 dinem
2169 2017 2225 2069 et
2240 2013 2485 2085 gloriam
2504 2013 2984 2083 laborantium,et
3005 2012 3359 2088 deprehendi
3378 2013 3602 2070 bonum

1951 2102 2191 2158 alterius
2221 2118 2370 2169 esse,
2404 2101 2643 2159 alterius
2676 2103 2920 2173 malum,
2955 2104 3098 2160 dum
3128 2102 3365 2159 invidus
3413 2100 3604 2158 aliena

1952 2191 2226 2247 felicitate
2258 2195 2588 2263 torquetur,
2613 2198 2671 2249 et
2697 2196 2858 2264 patet
2879 2192 3113 2250 insidiis
3135 2189 3603 2265 gloriosus.Quid

1951 2280 2107 2336 enim
2141 2279 2367 2347 vanius,
2404 2280 2545 2353 quid
2576 2280 2914 2338 instabilius
2936 2282 2998 2350 ¹⁰,
3032 2285 3091 2337 et
3120 2281 3204 2337 sic
3226 2279 3601 2351 nihili,quam

1952 2369 2220 2425 homines
2251 2385 2366 2424 non
2399 2385 2539 2425 suas
2565 2368 2701 2426 ﬂere
2732 2368 3022 2437 miserias,
3052 2368 3143 2425 vel
3171 2367 3408 2441 propria
3434 2365 3601 2439 luge-

1953 2475 2014 2514 re
2042 2460 2297 2529 peccata,
2340 2457 2441 2513 sed
2473 2456 2817 2514 melioribus
2846 2457 3153 2514 invidere?

2021 2570 2047 2596 ‹‹
2083 2544 2313 2602 Stultus
2343 2545 2680 2618 complexus
2711 2551 2800 2603 est
2829 2563 3042 2602 manus
3070 2563 3231 2612 suas,
3259 2548 3318 2601 et
3348 2542 3604 2601 comedit

1953 2651 2157 2691 carnes
2188 2651 2348 2691 suas.
2383 2658 2410 2685 »
2464 2635 2568 2691 Hic
2618 2639 2706 2692 est
2751 2636 2853 2708 qui
2898 2639 2956 2691 et
3003 2636 3061 2690 in
3100 2633 3429 2691 Proverbiis
3459 2634 3599 2706 (cap.

1952 2725 2105 2796 xxw)
2137 2723 2301 2796 piger
2331 2722 2702 2792 describitur,
2754 2724 3061 2780 continens
3091 2723 3367 2780 manibus
3396 2725 3603 2795 pectus

1955 2829 2150 2869 suum.
2183 2813 2307 2881 Cui,
2340 2817 2623 2885 tanquam
2655 2814 2806 2870 citus
2855 2831 3077 2882 cursor,
3108 2811 3267 2869 venit
3292 2811 3513 2885 inopia,
3546 2814 3607 2868 et

1955 2901 2055 2974 qui
2086 2906 2323 2974 propter
2350 2900 2596 2957 nimiam
2623 2903 2840 2959 famem
2873 2899 3268 2975 (hyperbolice
3298 2905 3496 2957 autem
3523 2899 3607 2956 di-

1955 2996 2113 3046 ctum
2146 2991 2243 3062 sit)
2274 2990 2526 3047 comedit
2573 3008 2775 3048 carnes
2822 3008 2983 3047 suas.
3033 2992 3140 3057 Qui
3190 2990 3403 3046 melius
3433 2992 3604 3062 putat

1956 3072 2085 3136 esse
2117 3096 2302 3134 unum
2335 3076 2624 3152 pugillum
2655 3080 2869 3136 habere
2900 3080 3091 3148 farris,
3124 3083 3182 3136 et
3209 3079 3463 3135 otiosum
3493 3081 3608 3134 tor-

192 3168 565 3235 substantiae,
593 3184 768 3240 quam
823 3166 1129 3222 infeliciter
1178 3165 1268 3223 vel
1312 3182 1460 3233 esse,
1506 3165 1594 3221 vel
1636 3165 1844 3220 vivere.
1877 3154 1920 3221 C
1960 3172 2311 3240 pentemque
2327 3168 2718 3240 vivere,quam
2737 3168 3099 3224 laborantem
3124 3183 3365 3223 manum
3383 3169 3607 3222 utram-

193 3258 498 3325 Quomodo
530 3260 587 3312 et
632 3257 703 3312 de
761 3256 915 3311 Juda
970 3254 1254 3310 Dominus
1311 3254 1591 3326 loquitur,
1647 3254 1843 3310 futura

196 3349 331 3419 ejus
373 3349 667 3402 tormenta
710 3345 1090 3418 significans:
1138 3343 1327 3399 Melius
1382 3352 1501 3399 erat
1538 3359 1649 3399 non
1692 3343 1847 3398 nasci

197 3437 419 3492 homini
448 3436 538 3491 illi
562 3434 766 3506 (Matth.
799 3451 953 3501 XXVI,
1003 3433 1094 3504 24)
1144 3434 1297 3504 quod
1346 3431 1557 3488 melius
1588 3433 1638 3489 ei
1672 3431 1848 3487 fuerit

193 3524 439 3581 omnino
471 3540 587 3580 non
618 3539 767 3590 esse,
801 3539 977 3596 quam
1009 3525 1254 3577 aeternos
1283 3521 1578 3577 cruciatus
1603 3519 1845 3593 perpeti.

192 3613 310 3669 Alii
366 3630 500 3670 vero
560 3612 717 3668 hunc
766 3611 961 3667 locum
1019 3611 1101 3666 ita
1148 3610 1518 3683 intelligunt:
1580 3609 1848 3666 Meliores

196 3718 329 3760 esse
359 3701 620 3758 dicentes
650 3718 770 3773 eos,
803 3701 903 3773 qui
935 3699 1153 3755 mortui
1205 3704 1363 3767 sunt,
1403 3701 1473 3755 ab
1506 3699 1599 3755 his
1630 3699 1730 3771 qui
1761 3699 1848 3754 vi-

192 3796 366 3858 vunt,
394 3790 531 3847 licet
562 3794 698 3847 ante
727 3788 947 3845 fuerint
984 3791 1337 3860 peccatores.
1389 3788 1662 3845 Viventes
1691 3787 1850 3845 enim

260 4042 277 4076 ¹
312 4039 671 4097 Adverbium
722 4039 880 4105 illuc,
910 4037 1500 4111 iquodMartianaeus
1548 4038 1849 4111 omiserat,

186 4132 258 4171 ex
286 4112 508 4168 nostris
554 4128 699 4167 mss.
763 4115 821 4166 et
874 4109 1113 4165 Victorii
1173 4109 1425 4165 editione
1483 4109 1850 4168 suffecimus.

262 4183 541 4253 ’Alcuin.
598 4184 663 4238 Et
712 4182 852 4253 quod
905 4183 1184 4238 malorum
1228 4182 1608 4237 miserrimum
1664 4183 1759 4250 sit,
1803 4192 1855 4240 et

186 4255 610 4326 inconsolabilis
640 4254 821 4310 dolor.

264 4328 288 4363 ³
309 4323 758 4382 Calumniatores
790 4324 1062 4389 videntin
1092 4325 1238 4380 suis.
1277 4323 1417 4379 Mss.
1454 4322 1854 4391 Corbeienses,

190 4400 619 4456 calumniatores
661 4398 923 4453 videntur
965 4398 1025 4450 in
1071 4397 1188 4450 suis
1236 4396 1624 4465 iniquitatibus
1653 4398 1856 4465 fortio-

188 4487 298 4527 res.
331 4472 397 4526 Et
443 4470 561 4527 haee
608 4477 689 4524 est
731 4484 918 4535 causa,
971 4484 1081 4539 qua
1127 4483 1238 4522 non
1299 4468 1510 4539 valeam
1556 4468 1853 4539 consolari.

1952 3274 2064 3330 que
2086 3256 2617 3330 complere.Totum
2640 3261 2833 3313 autem
2854 3257 3008 3329 quod
3032 3256 3404 3326 disserit,hoc
3424 3259 3609 3323 est,ut

1954 3346 2243 3413 ostendat,
2277 3350 2333 3400 et
2361 3362 2496 3401 eum
2533 3346 2633 3417 qui
2683 3344 2928 3415 laborat,
2962 3351 3019 3402 et
3061 3345 3236 3402 habet
3265 3343 3604 3417 aliquid,'in

1958 3434 2175 3491 mundo
2207 3438 2404 3507 patere
2448 3434 2699 3502 invidiae,
2750 3439 2808 3490 et
2855 3452 3060 3491 rursus
3113 3451 3247 3490 eum
3288 3434 3388 3506 qui
3418 3432 3613 3489 vivere’

1956 3523 2080 3579 vult
2104 3523 2362 3596 quietus,
2394 3523 2595 3595 inopia
2623 3524 2896 3597 opprimi,
2920 3528 2977 3581 et
2996 3540 3125 3581 esse
3145 3527 3463 3595 utrumque
3493 3521 3606 3577 mi-

1960 3612 2289 3679 serabilem,
2340 3615 2479 3668 dum
2532 3611 2682 3668 alius
2730 3617 2966 3684 propter
3025 3629 3173 3684 opus
3221 3610 3604 3684 periclitatur,

1960 3700 2113 3757 alius
2142 3705 2379 3773 propter
2406 3701 2667 3774 inopiam
2698 3703 2953 3774 egestate
2976 3697 3427 3756 conficitur.Vel
3450 3701 3606 3753 certo

1961 3790 2064 3848 sic.
2098 3789 2207 3856 Qui
2237 3789 2438 3846 alienae
2463 3791 2503 3827 ίι
2534 3789 2794 3847 felicitati
2816 3789 3053 3856 invidet,
3085 3792 3142 3845 et
3170 3788 3339 3860 quasi
3363 3786 3607 3860 spiritus

1962 4043 2096 4114 post
2125 4055 2258 4114 eum
2293 4038 2352 4095 S.
2385 4038 2643 4114 Thomas
2672 4037 2725 4114 l._
2747 4040 3051 4114 II,__qu_aest.
3081 4040 3135 4114 8,
3168 4040 3279 4114 art:
3313 4036 3336 4114 l
3376 4036 3448 4114 ad
3479 4036 3537 4114 3.

2035 4110 2237 4182 ——,Sedf
2261 4110 2401 4181 quod
2429 4110 2629 4182 melius
2674 4111 2765 4165 sit.
2798 4107 3086 4182 Hiclocus
3108 4107 3347 4182 jugulat
3381 4108 3613 4182 ineptas

1965 4179 2449 4238 scholasticorum
2476 4180 2782 4253 opiniones
2811 4185 2868 4237 et
2897 4179 3426 4253 argutidsfquibus
3456 4179 3613 4253 apud

1965 4253 2268 4325 imperitos
2326 4250 2613 4308 conantur
2664 4253 2931 4325 probare,
2969 4250 3192 4309 melius
3223 4250 3353 4310 esse
3383 4250 3613 4325 homini

1966 4322 2367 4381 infelicissima
2415 4322 2693 4380 exsistere
2750 4324 2802 4379 el
2860 4324 3071 4393 vivere,
3135 4341 3337 4396 quam,
3371 4322 3614 4379 omnino

1971 4413 2081 4452 non
2114 4412 2261 4451 esse.
2296 4399 2568 4451 Manum.

2040 4470 2059 4501 ⁷
2090 4467 2404 4523 Vaticanus
2444 4473 2499 4522 et
2554 4465 2803 4523 Palatin.
2862 4467 3028 4536 alter,
3084 4468 3355 4523 minimus
3408 4473 3486 4521 est
3530 4480 3614 4533 eo,

192 4525 800 4620 Quasiqliieronymus
843 4525 993 4620 ipse‘
1017 4539 1355 4620 loqueretur
1407 4538 1620 4620 istade
1654 4538 1856 4620 incon-
1888 4525 1934 4590 D
1967 4541 2065 4620 qui
2090 4542 2276 4620 mihqr
2305 4547 2382 4595 est
2502 4542 2831 4620 regnouetc:

195 4609 432 4670 solabili
462 4609 660 4668 dolore
690 4609 927 4683 propter
957 4609 1294 4683 iniquorum
1326 4609 1668 4681 potentiam.
1698 4610 1855 4665 MAR-

202 4702 360 4742 TIAN.

264 4757 287 4790 ⁴
316 4753 566 4810 Palatini
596 4753 713 4808 duo
745 4768 913 4819 mss.,
942 4753 1271 4824 exquirunt.

219 4878 227 4886 .
268 4827 290 4860 ⁸
319 4828 460 4882 Tres
491 4843 521 4882 e
554 4824 976 4896 nostrisqmssq
1010 4823 1108 4895 qui
1135 4840 1246 4880 non
1293 4823 1431 4879 vidit
1479 4839 1648 4895 opus:
1692 4838 1855 4896 pres-

195 4898 324 4956 sius
355 4897 551 4953 Grmco
583 4894 683 4949 οὐκ
712 4891 846 4950 οἶδε.

269 4954 482 5024 “Hanc
541 4968 851 5040 pericopen
913 4967 997 5021 ita
1048 4954 1213 5022 effert
1270 4965 1389 5040 sive
1443 4965 1699 5040 explicat
1755 4964 1854 5040 Al-

196 5042 356 5097 cuin.
386 5042 497 5096 Hoc
525 5036 708 5096 autem
742 5036 906 5105 dicit,
936 5053 1046 5094 non
1105 5039 1235 5108 quia
1282 5038 1484 5091 anima:
1515 5036 1649 5091 sint
1680 5036 1855 5092 homi-

194 5130 353 5178 num,
425 5110 726 5167 secundum
797 5110 1162 5181 quorumdam
1226 5124 1486 5175 errorem,
1564 5111 1859 5178 antequam

195 5191 460 5241 nascatur
488 5182 644 5239 homo
676 5184 733 5237 in
769 5181 992 5247 mundo,
1042 5181 1133 5236 sed
1181 5182 1314 5252 quia
1365 5181 1563 5252 melius
1608 5181 1701 5245 sit,
1742 5195 1857 5233 om-

198 5258 336 5312 nino
392 5272 499 5311 non
565 5270 700 5309 esse.
760 5253 956 5325 Porro,
1018 5250 1627 5325 quod'Martianzeus
1666 5254 1855 5325 putat,

198 5325 657 5399 Hieronymiana
687 5323 975 5399 sententia
996 5320 1260 5399 jugulari
1290 5322 1518 5399 ineptas
1549 5320 1857 5399 scholasti:

199 5392 440 5479 eorum:
464 5396 789 5479 opiniones,
828 5396 946 5479 qui
998 5392 1245 5451 tradunt
1311 5392 1585 5477 praestare
1634 5392 1858 5449 homini

204 5465 608 5527 infelicissima
668 5465 963 5539 exsistere,
1016 5483 1192 5539 quam
1243 5465 1647 5539 omninoynon
1708 5481 1856 5539 esse,

198 5548 413 5618 praeter
442 5538 824 5618 philosophos
866 5535 1188 5618 plerosque
1229 5553 1452 5618 omnes,
1576 5537 1859 5618 augusti:

200 5606 320 5673 ilus
350 5606 479 5687 ipse
530 5606 826 5683 improbat
870 5606 978 5666 lib.
1037 5606 1102 5666 ni
1157 5611 1228 5666 de
1284 5608 1463 5665 libero
1496 5606 1770 5680 Arbitrio,
1804 5610 1862 5668 et

535 5736 811 5802 Panos.
855 5735 1081 5802 XXIII.

2036 4611 2056 4644 ⁸
2087 4611 2194 4675 Qui
2224 4610 2343 4665 hzec
2375 4609 2648 4682 effutiret.
2680 4609 2954 4682 Origines
2982 4609 3111 4682 fuit,
3145 4609 3315 4682 cujus
3344 4622 3617 4682 saepenu-

1967 4697 2126 4764 mero
2154 4697 2406 4764 errorem
2440 4677 2826 4762 Hieronymus
2868 4679 3100 4735 refellit.
3150 4677 3296 4763 Vide
3325 4677 3459 4733 cum
3491 4677 3616 4804 Eri-

1967 4769 2079 4804 mlS
2110 4754 2291 4804 Emst.
2351 4753 2455 4804 425
2502 4754 2573 4804 ad
2621 4756 2882 4804 Avntum.
2931 4751 3259 4804 Theoohili.
3311 4766 3458 4804 uuas
3548 4764 3616 4803 a-

1966 4754 2079 4808 mis
2110 4752 2291 4824 Epist.
2330 4753 2455 4824 7425
2502 4754 2573 4807 ad
2621 4750 2882 4816 Avitum,
2931 4750 3259 4824 Theophili,
3311 4766 3471 4824 quas
3500 4750 3616 4804 La-

1965 4824 2087 4879 tine
2119 4819 2369 4879 reddidit
2412 4823 2472 4877 S.
2527 4824 2746 4890 doctor,
2800 4819 3112 4878 Paschales
3153 4819 3400 4879 litteras.
3433 4819 3615 4877 Cirte-

1965 4912 2095 4951 rum
2126 4900 2244 4950 tres
2276 4911 2306 4949 e
2337 4893 2554 4949 nostris
2587 4910 2729 4949 mss.
2764 4906 2967 4949 vocem
2997 4898 3210 4964 nostra,
3245 4894 3541 4965 ignorant.

2038 4997 2105 5006 ——
2136 4967 2359 5021 Animas
2389 4967 2541 5020 enim
2583 4974 2804 5020 nostras
2851 4967 3166 5036 antequam.
3218 4963 3383 5036 Cave,
3418 4963 3617 5028 lector,

1967 5054 2037 5092 ne
2065 5038 2494 5118 huncnerrorem
2519 5037 2778 5118 ascribas
2806 5035 3174 5118 Hieronymo,
3198 5035 3298 5118 qui
3315 5039 3619 5118 eum-stre-

1966 5126 2082 5164 nue
2106 5109 2425 5165 confutavit
2454 5108 2511 5162 in
2546 5107 2801 5179 Epistola
2832 5108 2903 5163 ad
2945 5107 3198 5163 Avitum.
3218 5107 3621 5179 ‘Origenianus

1975 5181 2152 5253 igitur
2183 5182 2308 5253 ipse
2337 5177 2804 5253 Commentarius
2851 5184 2961 5243 est,
3021 5187 3085 5253 ut
3138 5177 3621 5253 manifestissime

1967 5250 2379 5324 comprobatur
2408 5267 2477 5324 ex
2506 5250 2903 5322 superioribus
2931 5250 3146 5316 verbis,
3174 5252 3289 5307 Alii
3317 5266 3443 5307 vero
3475 5250 3622 5305 hunc

1968 5323 2145 5378 locum
2177 5326 2254 5379 ita
2284 5323 2623 5391 intelligunt,
2658 5327 2763 5377 etc.
2800 5326 3084 5377 Man'rmx.

2038 5396 2059 5429 9
2089 5395 2358 5450 Martian.
2392 5394 2672 5448 aemulatio
2712 5396 2850 5460 viro,
2901 5393 3443 5450 contradicentibus
3477 5408 3621 5450 mss.

1969 5470 2143 5535 atque
2173 5465 2346 5521 editis
2375 5464 2566 5531 libris,
2601 5466 2844 5536 ipsoque
2865 5468 3047 5520 textu.

2042 5539 2081 5572 ¹⁰
2112 5537 2236 5592 Duo
2269 5553 2436 5592 mss..
2472 5536 2602 5592 auid
2626 5538 2805 5591 instar
2824 5538 3073 5592 spiritus.
3104 5543 3155 5592 et
3182 5538 3231 5592 si

2042 5541 2081 5572 ¹⁰
2112 5541 2236 5592 Duo
2269 5553 2436 5604 mss.,
2472 5541 2602 5608 quid
2626 5541 2805 5591 instar
2824 5541 3073 5608 spiritus,
3104 5543 3155 5592 et
3182 5541 3280 5605 sic,
3316 5541 3426 5595 etc.

2041 5609 2081 5646 ¹¹
2116 5609 2219 5668 Vel
2247 5612 2390 5669 certe
2416 5608 2532 5667 sic:
2562 5609 2679 5684 Qui
2704 5608 2925 5667 alienae.
2974 5608 3155 5667 Aliter
3191 5608 3320 5683 lego
3369 5610 3429 5668 in
3473 5624 3620 5670 mss.

3224 5737 3305 5802 35
