3992 6438
417 317 576 392 1099
1654 337 1721 400 s.
1763 334 2071 403 EUSEBII
2113 334 2581 404 HIERONYML
3663 316 3837 405 Hoc

414 458 610 517 furore
638 465 923 536 raptatur,
956 469 1012 522 et
1035 462 1317 524 invidiam
1355 466 1416 524 in
1461 468 1658 525 sinum
1690 487 1865 526 suum
1896 486 2054 527 rece-
2081 473 2138 539 Α
2169 473 2417 537 Quidam
2450 473 2606 530 hunc
2637 473 2827 531 locum
2860 474 2932 530 ab
2980 492 3046 531 eo
3092 474 3246 548 quod
3298 472 3414 530 ait:
3453 472 3542 530 Est
3570 490 3739 543 unus,
3770 486 3835 535 et

412 548 582 636 perit,
615 552 1001 625 nutrieritque
1059 571 1189 612 eam
1237 556 1297 612 in
1347 561 1618 629 pectore:
1670 559 1780 614 iste
1811 559 2065 615 comedit
2173 578 2283 617 non
2325 566 2403 617 est
2440 563 2725 631 secundus,
2778 580 2955 636 super
2998 563 3290 619 Salvatore
3336 564 3826 635 interpretantur,

409 635 668 695 animam
701 658 891 707 suam,
925 647 983 698 et
1012 660 1217 701 carnes
1259 662 1419 703 suas.
1454 646 1680 710 Quanto
1713 648 1870 703 enim
1902 665 2060 716 eum,
2173 650 2326 721 quod
2359 649 2521 705 solus
2552 657 2609 706 et
2660 635 2881 722 absque
2930 650 3049 706 ullo
3099 651 3309 706 comite
3353 651 3425 706 ad
3470 651 3826 708 salvandum

401 726 495 781 cui
527 726 766 797 invidet,
801 730 1121 789 feliciorem
1166 734 1400 803 viderit,
1444 739 1606 791 tanto
1655 736 1779 808 ipse
1810 737 2064 809 amplius
2172 738 2462 791 mundum
2495 738 2881 795 descenderit.
2916 739 2986 793 Et
3017 756 3357 810 quanquam
3390 738 3557 795 multi
3584 740 3690 795 filii
3716 741 3823 799 Dei

398 816 760 874 contabescit.
787 824 846 875 et
873 822 1120 894 deperit,
1174 828 1231 879 et
1278 823 1561 896 paulatim
1618 824 1742 881 zelo
1798 829 1855 880 et
1885 825 2063 882 livore
2171 826 2308 893 sint,
2362 832 2419 881 et
2461 826 2669 883 fratres
2712 829 2839 897 ejus
2889 828 3199 899 adoptione
3258 828 3565 882 dicantur:
3619 832 3822 884 tamen

396 902 661 961 distillat.
691 906 914 965 Aliter:
948 914 1155 967 Manus
1200 912 1402 968 crebro
1446 929 1551 984 pro
1603 913 1878 984 operibus
1908 915 2057 970 acci-
2171 914 2371 970 nullus
2406 915 2620 987 dignus
2653 916 2961 983 exstiterit,
2995 917 3093 988 qui
3123 916 3181 971 in
3219 916 3325 972 hoc
3347 916 3399 972 ei
3419 934 3591 989 opere
3615 918 3824 990 junge-

394 992 656 1064 piuntur,
691 995 847 1053 sicut
876 996 994 1055 ibi:
1040 1000 1274 1055 Verbum
1303 1002 1529 1057 Domini
1558 1001 1697 1071 quod
1742 1005 1951 1074 factum
1982 1007 2061 1058 est
2169 1007 2350 1057 retur.
2386 1004 2565 1073 Cujus
2598 1004 2815 1061 laboris
2845 1022 2959 1059 non
2993 1010 3081 1060 est
3108 1005 3265 1067 ﬁnis,
3303 1005 3585 1077 portantis
3616 1011 3823 1063 nostra

395 1082 458 1136 in
487 1099 660 1139 manu
681 1085 871 1157 Aggat’i
903 1089 1123 1160 (Aggtei
1166 1107 1208 1158 I,
1259 1091 1284 1145 1
1316 1130 1331 1157 ,
1383 1090 1502 1145 sive
1542 1089 1725 1158 illius,
1756 1090 1846 1147 vel
1877 1091 2058 1163 hujus
2165 1089 2307 1146 vitia
2338 1095 2513 1162 atque
2545 1097 2802 1163 peccata,
2834 1097 2889 1147 et
2920 1110 3022 1165 pro
3054 1093 3223 1148 nobis
3266 1094 3555 1151 dolentis:
3587 1098 3644 1149 et
3671 1111 3821 1150 ocu-

396 1171 712 1246 prophetaa,
742 1176 898 1246 quod
924 1175 1064 1232 talia
1085 1193 1261 1249 opera
1282 1178 1551 1249 gesserit,
1579 1183 1645 1233 ut
1666 1179 1882 1251 dignus
1914 1180 2058 1235 exsi-
2166 1177 2260 1234 lus
2291 1179 2420 1250 ejus
2467 1197 2582 1234 non
2639 1180 2950 1236 satiabitur
2992 1181 3233 1251 divitiis,
3284 1198 3516 1253 semper
3552 1186 3817 1239 nostram

395 1264 595 1331 steret,
628 1262 687 1318 in
723 1265 893 1336 cujus
939 1282 1110 1337 opere
1158 1267 1323 1322 fieret
1370 1283 1566 1323 sermo
1623 1268 1874 1323 Domini.
1908 1268 2055 1323 Huic
2165 1267 2453 1338 cupientis
2502 1268 2773 1333 salutem,
2823 1274 2881 1324 et
2926 1274 3144 1340 quanto
3194 1269 3327 1340 plus
3377 1270 3529 1327 422
3576 1287 3815 1342 peccare

396 1350 665 1423 congruit
694 1355 751 1407 et
779 1351 923 1409 illud
962 1354 1171 1410 David:
1226 1356 1331 1424 Qui
1377 1356 1531 1412 docet
1570 1374 1771 1411 manus
1801 1374 1956 1413 mea:
1984 1357 2053 1412 ad
2165 1371 2340 1425 quem
2372 1356 2602 1424 viderit,
2635 1362 2795 1413 tanto
2824 1358 3013 1429 magis
3061 1359 3132 1413 ad
3179 1359 3575 1429 pmnitcntiam
3607 1359 3813 1416 cohor-

390 1439 651 1508 prtelium
680 1441 849 1511 (Psal.
881 1458 1075 1511 CXLIII,
1112 1443 1185 1515 Ι).
1219 1443 1447 1501 Stultus
1497 1444 1675 1517 igitur
1706 1446 2050 1518 complexus
2163 1444 2362 1499 tantis.

394 1530 484 1582 est
511 1544 723 1585 manus
756 1548 916 1597 suas,
949 1532 1007 1587 id
1039 1536 1147 1599 est,
1181 1532 1493 1601 contraxit,
1527 1538 1583 1589 et
1613 1535 1923 1590 extendere
1955 1552 2054 1589 no-
2236 1558 2259 1579 ‹‹
2300 1531 2565 1588 Meliores
2597 1534 2733 1599 duo,
2762 1552 2937 1606 quam
2970 1552 3125 1589 unus
3156 1536 3195 1603 ³,
3231 1536 3441 1606 quibus
3472 1540 3560 1592 est
3587 1551 3812 1592 merces

394 1614 525 1685 luit,
563 1619 717 1673 unde
747 1636 861 1676 non
916 1620 1166 1677 comedit
1214 1622 1448 1677 labores
1493 1639 1779 1678 manuum
1808 1640 2051 1679 suarum
2162 1620 2317 1675 bona
2351 1620 2407 1674 in
2446 1620 2643 1675 laboro
2676 1639 2819 1677 suo:
2858 1623 3016 1693 quia,
3049 1623 3098 1677 si
3130 1624 3400 1679 ceciderit
3430 1641 3607 1693 unus,
3628 1625 3811 1697 eriget

392 1704 543 1761 421
598 1722 746 1778 quos
794 1725 898 1764 nec
945 1708 1161 1777 habet;
1210 1711 1310 1765 sed
1361 1726 1568 1766 carnes
1634 1728 1794 1780 suas,
1851 1712 2051 1767 vivens
2164 1709 2510 1781 participem
2545 1728 2740 1768 suum.
2774 1712 2840 1765 Et
2867 1729 2946 1766 va:
2979 1712 3260 1779 uni,cum
3293 1713 3583 1783 ceciderit,
3606 1717 3663 1769 et
3690 1729 3806 1769 non

384 1794 557 1864 juxta
586 1796 937 1867 sapientiam
969 1798 1183 1866 carnis,
1224 1803 1281 1854 et
1323 1798 1515 1855 carnis
1562 1800 1837 1872 Operibus
1864 1800 2051 1857 vesci-
2079 1841 2126 1905 B
2161 1802 2249 1851 est
2280 1800 2598 1868 secundus,
2630 1800 2730 1870 qui
2760 1801 2945 1871 erigat
2972 1817 3127 1855 eum.
3161 1801 3230 1854 Et
3276 1802 3534 1871 quidem,
3580 1802 3629 1855 si
3673 1802 3807 1856 dor-

394 1885 527 1905 ιη,
2167 1885 2352 1905 __,_,,.
2546 1888 2560 1905 ,
2704 1888 2741 1905 .,
2790 1889 2802 1901 .
2856 1893 2891 1905 ,κ
2944 1890 2959 1905 .
3135 1889 3168 1905 _.
3393 1888 3405 1905 .
3574 1890 3608 1905 .,

394 1885 550 1939 tans.
652 1952 658 1959 .
2079 1885 2126 1905 ”
2167 1885 2360 1941 miant
2389 1888 2495 1957 (At.
2529 1888 2895 1956 dormierint)
2927 1890 3065 1954 duo,
3098 1889 3272 1944 etiam
3310 1888 3479 1945 .calor
3506 1890 3617 1945 erit
3648 1889 3799 1957 illis;

454 1966 492 2021 ἰ
528 1971 730 2029 Melior
756 1977 846 2029 est
876 1973 1085 2046 plenus
1118 1976 1377 2049 pugillus
1424 1994 1558 2032 cum
1605 1977 1829 2048 requie,
1866 1994 2043 2048 quam
2156 1978 2213 2027 et
2244 1990 2397 2028 unus
2434 1977 2726 2046 quomodo
2752 1977 3024 2032 caletict?
3072 1979 3141 2032 Et
3191 1978 3236 2033 si
3291 1978 3595 2033 invaluerit
3624 1993 3806 2050 super

396 2058 701 2132 plenitudo
733 2080 1019 2119 manuum
1052 2065 1269 2120 laboris
1318 2072 1370 2121 et
1422 2065 1903 2138 praesumptionis
1934 2066 2049 2137 spi-
2156 2079 2289 2117 cum
2323 2081 2499 2130 unus,
2525 2066 2641 2120 duo
2673 2066 2912 2121 stabunt
2934 2067 3214 2121 adversus
3240 2084 3397 2131 eum,
3424 2072 3480 2121 et
3507 2066 3801 2122 funiculus

396 2150 568 2206 ritus.
600 2172 627 2200 »
662 2150 869 2207 Melius
899 2157 989 2207 est
1019 2153 1314 2209 modicum
1346 2152 1561 2209 habere
1583 2155 1837 2224 justum,
1868 2170 2044 2225 quam
2156 2151 2364 2223 triplex
2395 2170 2511 2208 non
2544 2154 2657 2209 cito
2685 2156 2980 2226 rumpitur
3007 2157 3047 2210 ³.
3084 2178 3110 2204 ››
3151 2157 3288 2211 Post
3340 2155 3759 2211 sollicitudines
3780 2155 3803 2189 ⁸

398 2239 631 2295 divitias
660 2248 1031 2312 peccatorum
1061 2241 1297 2298 multas.
1344 2243 1413 2296 Et
1446 2242 1502 2297 in
1534 2242 1863 2298 Proverbiis
1892 2259 1904 2298 :
1946 2243 2048 2298 Me-
2157 2244 2215 2294 et
2245 2241 2515 2298 miserias
2537 2242 2594 2297 in
2622 2243 2838 2315 quibus
2864 2250 3165 2317 correptus
3191 2250 3278 2300 est
3300 2244 3394 2301 ille
3414 2246 3452 2313 5,
3480 2244 3580 2317 qui
3602 2244 3661 2298 in
3683 2244 3803 2316 opi-

398 2329 507 2385 lior
533 2331 611 2385 est
634 2345 809 2401 parva
837 2332 1082 2402 acceptio
1110 2347 1235 2386 cum
1254 2332 1477 2401 justitia
1506 2348 1671 2404 quam
1694 2332 1870 2387 multa
1899 2333 2049 2401 geni-
2157 2328 2268 2384 bus
2300 2331 2714 2402 conquirendis
2748 2334 2970 2404 absque
3001 2339 3153 2388 certo
3187 2333 3411 2390 hazrede
3444 2349 3505 2389 se
3538 2334 3794 2401 cruciat;

396 2419 553 2473 mina
581 2434 707 2473 cum
738 2420 1049 2492 iniquitate.
1082 2420 1234 2491 (Pro.
1263 2436 1379 2491 xvr,
1411 2420 1486 2491 8).
1530 2420 1838 2492 Eleganter
1876 2420 2048 2492 justi-
2158 2433 2313 2471 nunc
2345 2419 2415 2472 ad
2448 2418 2820 2475 sodalitatem
2854 2437 3047 2476 sermo
3096 2424 3410 2477 confertur.
3458 2422 3526 2476 Et
3566 2420 3798 2488 dicitur,

397 2506 481 2562 tia
511 2506 772 2579 requiem
804 2506 999 2575 habet,
1032 2508 1313 2580 iniquitas
1342 2507 1621 2565 laborem.
1659 2509 1725 2563 Et
1764 2509 1902 2580 quia
1934 2509 2048 2563 sin-
2158 2505 2300 2575 quid
2334 2506 2468 2561 boni
2518 2508 2731 2563 habeat
2778 2509 3103 2565 amicorum
3154 2509 3628 2577 contubernium,
3656 2512 3712 2564 et
3739 2508 3799 2563 in

401 2594 625 2667 gularis
656 2612 941 2652 numerus
971 2597 1031 2651 in
1062 2597 1214 2652 bono
1248 2614 1480 2670 semper
1500 2596 1804 2669 accipitur,
1832 2598 2049 2669 duplex
2158 2608 2468 2648 commune
2498 2594 2795 2664 solatium,
2830 2596 2971 2667 quia
3006 2601 3062 2651 et
3091 2596 3329 2652 alterius
3363 2597 3533 2652 ruina
3561 2596 3802 2652 alterius

397 2683 457 2739 in
491 2684 683 2741 malo:
718 2689 1197 2757 proptereaunus
1220 2684 1478 2758 pugillus
1501 2686 1676 2743 habet
1697 2686 2049 2757 requiem,et
2157 2681 2371 2737 auxilio
2430 2684 2784 2749 sublevetur,
2840 2690 2894 2739 et
2950 2703 3122 2741 curas
3180 2686 3555 2753 domesticas,
3613 2686 3798 2757 ipsius

397 2772 524 2828 duae
557 2788 769 2828 manus
800 2772 997 2829 labore
1020 2779 1163 2830 sunt
1191 2773 1398 2846 plenae.
2158 2787 2393 2842 quoque
2423 2772 2609 2827 noctis
2642 2772 2902 2843 requiem
2952 2773 3163 2828 melius
3210 2774 3403 2845 exigat
3448 2772 3564 2841 ille,
3597 2774 3695 2846 qui
3726 2775 3796 2829 ti-

469 2883 499 2913 a
518 2864 586 2916 Et
601 2877 917 2919 conversus
937 2878 1071 2918 sum
1093 2867 1282 2935 ego,et
1302 2863 1748 2919 vidivanitatem
1770 2865 1881 2919 sub
1906 2863 2044 2921 sole.
2156 2859 2299 2914 dum
2332 2861 2585 2916 amicum
2621 2861 2811 2928 habet,
2835 2879 3011 2933 quam
3036 2862 3137 2934 qui
3162 2862 3303 2919 solis
3327 2863 3536 2935 opibus
3562 2864 3797 2919 incubat

398 2951 503 3007 Est
533 2967 709 3019 unus,
742 2955 797 3006 et
828 2968 943 3007 non
974 2956 1064 3008 est
1093 2953 1409 3019 secundus,
1443 2957 1500 3009 et
1533 2953 1770 3024 quidem
1806 2954 2048 3020 ﬁlius,et
2157 2946 2646 3019 acquisitis.Quod
2674 2954 2729 3005 et
2751 2950 2797 3005 si
2824 2950 3118 3005 robustior
3140 2950 3416 3005 inimicus
3440 2951 3571 3023 quis
3597 2956 3800 3007 contra

403 3040 583 3096 frater
613 3057 730 3096 non
760 3045 849 3096 est
870 3040 921 3097 ei
949 3058 962 3096 :
987 3045 1044 3097 et
1073 3058 1188 3097 non
1212 3047 1300 3098 est
1326 3042 1458 3097 linis
1481 3042 1642 3097 omni
1691 3041 1876 3098 labori
1898 3044 2046 3114 ejus,
2157 3038 3181 3104 unum“surrexerit,imbecillitatem
3197 3039 3437 3095 alterius
3460 3040 3629 3095 amici
3651 3039 3801 3095 sola-

400 3128 471 3185 Et
490 3130 729 3202 quidem
760 3130 967 3186 oculus
988 3132 1116 3203 ejus
1147 3147 1262 3187 non
1296 3131 1544 3187 satiatur
1575 3132 1683 3201 (Αι,
1716 3130 2047 3204 satiabitur)
2157 3123 2236 3178 tio
2268 3127 2677 3182 sustentari.Et
2709 3132 2927 3199 quanto
2959 3129 3074 3183 duo
3105 3145 3221 3183 uno
3251 3128 3540 3199 differant,
3565 3129 3612 3184 Si
3644 3145 3800 3185 amo-

406 3218 657 3276 divitiis:
690 3223 747 3275 et
775 3219 867 3275 cui
895 3236 1001 3293 ego
1032 3219 1251 3289 laboro,
1286 3224 1343 3276 et
1373 3220 1578 3276 fraudo
1600 3221 1708 3291 (Αι.
1741 3221 2046 3293 fraudabo)
2079 3209 2121 3274 C
2160 3229 2220 3268 re
2251 3215 2551 3285 conjuncti
2580 3216 2719 3285 sint,
2752 3222 2912 3272 tanto
2940 3218 3114 3273 etiam
3146 3217 3322 3272 trium
3356 3218 3796 3274 contubernium

409 3308 669 3365 animum
702 3324 894 3365 meam
944 3325 978 3364 θ,
1024 3310 1303 3366 bonitate,
1355 3310 1466 3365 Sed
1518 3314 1573 3365 et
1607 3309 1717 3366 hoc
1746 3310 1972 3365 vanitas
2004 3315 2061 3365 ct
2169 3301 2303 3375 plus
2334 3303 2541 3359 valere.
2581 3304 2803 3361 Etenim
2826 3322 2959 3361 vera
2987 3306 3262 3372 charitas,
3289 3311 3344 3361 et
3374 3324 3408 3361 a
3437 3305 3597 3361 nullo
3624 3306 3799 3363 livore

410 3396 688 3453 distentio
720 3396 977 3469 pessima
1004 3402 1110 3453 est.
1147 3419 1174 3447 »
1210 3398 1533 3454 Conversus
1564 3415 1697 3454 sum
1728 3399 1800 3455 ad
1830 3399 1986 3467 alios,

2225 3391 2398 3459 olata,
2432 3398 2648 3464 quanto
2679 3399 2925 3466 augetur
2953 3412 2987 3450 a
3019 3412 3282 3464 numero,
3316 3399 3479 3451 tanto
3502 3401 3717 3451 crescet
3744 3400 3801 3451 et

411 3486 529 3543 vidi
561 3502 680 3556 eos,
713 3484 847 3557 plus
874 3501 1052 3557 quam
1084 3502 1319 3543 necesse
1351 3491 1458 3555 est,
1492 3486 1779 3554 laborare,
1815 3503 2055 3561 congre-
2167 3483 2391 3537 robore.
2426 3483 2494 3536 Et
2524 3482 2645 3537 hmo
2678 3482 2912 3537 interim
2946 3482 3464 3555 simplicitcrdicta
3488 3485 3622 3539 sint.

413 3591 553 3648 gare
586 3591 688 3647 per
717 3575 805 3631 fas
842 3579 899 3630 et
927 3575 1091 3632 nefas
1120 3591 1280 3648 opes,
1340 3581 1397 3631 et
1445 3593 1561 3632 non
1620 3577 1706 3632 uti
1750 3592 2057 3649 congrega-
2235 3571 2541 3638 Caeterum,
2574 3572 2711 3643 quia
2742 3571 2800 3625 in
2849 3571 3134 3644 superiori
3180 3570 3305 3628 loco
3356 3589 3530 3644 super
3576 3572 3801 3628 Christo

411 3665 510 3737 tis,
541 3665 756 3723 habere
776 3664 994 3731 omnia,
1026 3664 1305 3720 incubare
1335 3664 1572 3731 divitiis,
1605 3682 1833 3721 servare
1863 3666 2051 3735 alteri,
2165 3660 2556 3730 quorumdam
2580 3659 3024 3732 intelligentiam
3049 3661 3555 3733 posuimus,etiam
3581 3661 3804 3734 reliqua

408 3761 466 3812 et
490 3772 595 3811 suo
617 3754 813 3810 labore
834 3769 950 3810 non
972 3753 1186 3826 perfrui
1214 3770 1227 3809 :
1261 3754 1512 3809 maxime
1537 3771 1670 3810 cum
1703 3771 1807 3809 nec
1840 3754 2049 3823 filium,
2162 3749 2365 3804 eodem
2396 3749 2599 3805 ordine
2631 3750 2975 3805 disserenda
3004 3754 3165 3806 sunt.
3199 3749 3408 3806 Melius
3436 3754 3524 3806 est
3542 3751 3687 3807 duos
3707 3768 3803 3823 pa-

407 3861 512 3901 nec
540 3844 775 3901 fratrem
808 3842 1080 3911 habeant,
1126 3858 1232 3897 nec
1260 3842 1657 3915 propinquum
1694 3848 1757 3898 ut
1787 3843 2053 3903 videatur
2162 3837 2301 3892 riter
2331 3854 2661 3909 esse,quam
2692 3840 3114 3896 unum.Melius
3144 3845 3233 3895 est
3258 3840 3412 3895 enim
3443 3839 3798 3896 habitantem

404 3932 723 4007 piuslabor
744 3933 759 3966 ¹
782 3930 1127 3987 necessariis
1149 3936 1497 3987 reservatus.
1523 3932 1677 3987 Nihil
1702 3932 1899 4005 itaque
1923 3950 2050 3988 esse
2160 3926 2218 3980 in
2251 3942 2311 3982 se
2344 3926 2556 3982 habere
2587 3928 2905 3995 Christum,
2940 3945 3117 4000 quam
3151 3928 3340 3984 801οω
3389 3927 3650 3984 habitam
3673 3929 3714 3994 ⁷,
3745 3933 3803 3984 et

400 4023 612 4079 vanius
640 4020 1016 4093 deprehendi,
1050 4036 1228 4091 quam
1259 4037 1392 4076 eum
1418 4021 1740 4092 hominem,
1778 4022 1875 4094 qui
1908 4022 2049 4077 divi-
2159 4018 2355 4085 patere
2386 4015 2619 4072 insidiis
2653 4017 3039 4072 adversantis.
3074 4017 3292 4073 Merces
3340 4016 3550 4089 quippe
3597 4022 3800 4072 contu-

399 4110 513 4166 tias
542 4113 874 4181 congregat,
915 4109 1009 4164 cui
1056 4126 1155 4165 eas
1193 4108 1487 4181 relinquat
1533 4110 1831 4182 ignorans.
1883 4110 2044 4176 Quod
2157 4104 2341 4159 bernii
2374 4104 2571 4159 slatim
2604 4106 2662 4161 in
2696 4105 2825 4177 ipsa
2854 4105 3151 4161 societatis
3191 4105 3441 4161 utilitate
3474 4110 3801 4162 monstran-

398 4198 637 4270 quidem
669 4214 988 4270 possumus
1017 4198 1342 4253 secundum
1376 4199 1735 4271 superiorem
1768 4200 2048 4272 inter-pre.
2156 4197 2269 4249 tur.
2317 4194 2370 4248 Si
2422 4194 2580 4249 enim
2648 4194 2920 4250 ceciderit
2980 4212 3156 4265 unus,
3206 4195 3375 4260 erigit
3422 4195 3527 4266 (At.
3594 4195 3801 4267 eriget)

397 4287 678 4344 tationem
710 4290 767 4343 et
796 4286 866 4341 de
896 4286 989 4341 his
1018 4286 1359 4359 intelligere,
1414 4288 1515 4361 qui
1570 4288 1751 4345 libros
1797 4288 2048 4345 conscri-
2153 4281 2418 4338 Christus
2451 4282 2798 4353 participem
2849 4300 3022 4339 suum
3044 4285 3085 4339 ⁸.
3136 4284 3228 4338 Vae
3279 4284 3494 4356 quippe
3541 4283 3591 4338 ei
3622 4284 3643 4318 ⁹
3673 4284 3797 4354 qui,

397 4377 566 4449 bunt,
613 4380 672 4433 et
716 4392 816 4432 eos
866 4375 1187 4431 fastidiosis
1227 4376 1544 4433 lectoribus
1603 4376 2041 4448 derelinquunt.
2151 4386 2285 4427 cum
2315 4372 2515 4439 ruerit,
2548 4370 2847 4427 Christum
2880 4371 2938 4427 in
2988 4388 3050 4427 se
3082 4389 3197 4428 non
3249 4371 3425 4427 habet
3455 4371 3796 4444 erigentem.

394 4592 825 4668 exemplaribus
855 4591 1327 4668 Corbeiensibus,
1363 4607 1509 4668 qua;
1532 4590 1615 4668 sic
1664 4590 1921 4668 habent:
1966 4593 2047 4668 υςι
2079 4579 2124 4645 D
2160 4661 2169 4668 _
2228 4585 2407 4668 ξ,Ροδί
2441 4584 3005 4668 ,ςριιίςιῖιιάίῃεεζρῑα
3053 4585 3253 4644 Plures
3303 4603 3445 4642 mss.
3494 4587 3622 4641 Post
3658 4587 3795 4643 soli-

392 4674 534 4723 certe
560 4656 610 4721 3i
656 4666 754 4736 qui
803 4664 1013 4721 aliena:
1055 4656 1325 4736 felicitati
1356 4656 1581 4736 iiiuidet,
1624 4667 1732 4717 etc.
1768 4663 1879 4736 sed
1914 4665 2044 4718 reti-
2152 4656 2367 4736 tudiues
2397 4659 2673 4736 miserias,
2705 4662 2813 4712 etc.
2851 4658 3136 4736 Maurum.

393 4739 586 4795 nenda
615 4728 857 4808 antiqua
887 4728 1362 4808 lectio'editorum
1384 4728 1688 4808 librorum,
1711 4738 1767 4788 et
1789 4733 2038 4791 aliorum
2222 4730 2242 4762 ⁵
2273 4729 2415 4783 Cum
2442 4728 2636 4808 Vatic_._
2664 4745 2802 4808 mss.
2836 4729 3064 4785 Alcuin.
3090 4735 3265 4803 atque
3286 4729 3424 4785 editi
3445 4728 3793 4785 vetustiores

392 4810 661 4870 codicum
687 4801 858 4881 mss,
899 4807 984 4862 Vel
1004 4809 1151 4881 certe
1174 4808 1274 4876 sic,
1305 4807 1418 4876 qui,
1453 4809 1561 4881 e_tc.
1596 4801 1885 4881 Maiarum.
2149 4810 2435 4881 corruptus
2464 4804 2539 4855 est
2574 4801 2689 4881 ille,
2722 4805 2832 4881 etc.
3036 4871 3081 4881 ﬂ
3308 4871 3405 4881 __"
3453 4874 3461 4881 ι
3543 4870 3553 4881 _

460 4883 482 4915 ³
516 4882 579 4937 Ut
606 4878 858 4934 videatur
900 4881 1026 4949 pius
1074 4871 1269 4943 labor,
1299 4871 1413 4949 etc.
1461 4876 1634 4947 Editi,
1687 4885 1749 4932 ut
1790 4877 2040 4933 videatur
2154 4944 2173 4949 __
2220 4874 2241 4906 9
2272 4871 2355 4926 Ita
2384 4872 2743 4949 mss.nostri
2769 4871 3792 4949 omnestalcuin.et‘Victoriuspref

396 4952 556 5009 labor
578 4944 918 5007 necessarius
948 4950 1293 5004 reservantis.
1321 4944 1627 5003 Manum.
2148 4944 2378 5010 ferunt;
2414 4944 2683 4998 Martian.
2726 4948 2945 5005 tamen,
2981 4944 3119 5010 Quid.
3170 4947 3222 4999 si
3252 4945 3541 5011 robustior,
3567 4948 3702 5011 etc.,
3738 4948 3791 4998 et

457 5055 527 5065 -—
551 5023 716 5079 Unus
743 5023 1080 5089 Vaticanus,
1117 5036 1251 5076 cum
1283 5018 1422 5074 olim
1455 5020 1645 5089 editis,
1678 5020 1834 5073 labor
1862 5037 2036 5076 neces-
2147 5031 2284 5089 mox
2298 5032 2507 5089 vocem
2538 5031 2712 5089 unum
2743 5016 3131 5084 przetermisit.

384 5098 566 5152 sarius
594 5094 946 5150 reservantis.
983 5084 1221 5147 Leviora
1260 5092 1527 5163 quaedam
1576 5083 1683 5147 nos
1723 5108 1901 5164 supra
1948 5097 2033 5148 at-
2144 5157 2158 5164 _
2216 5087 2234 5119 ⁷
2265 5087 2517 5164 Verbum
2580 5083 3085 5164 hab_z‘tarc.__atque
3140 5092 3192 5141 σε
3212 5083 3788 5164 ,Ρτιξιίαυιαωμρμε

392 5184 505 5238 que
527 5167 682 5221 infra
703 5165 1115 5238 emendamus.
1276 5156 1294 5163 ’
1334 5234 1346 5238 _
1796 5156 1815 5164 ’
2144 5157 2433 5238 hactenus
2460 5158 2723 5238 deerant,
2757 5174 2786 5213 e
2816 5157 3006 5213 tribus
3041 5175 3181 5213 mss.
3212 5156 3492 5214 Vaticano
3523 5161 3580 5211 et
3622 5156 3786 5213 Pala-

457 5240 477 5271 ²
508 5238 663 5292 Idem
695 5237 958 5291 Vatican.
992 5236 1179 5290 Melius
1207 5238 1286 5290 est
1314 5234 1439 5299 duo,
1476 5250 1656 5305 quam,
1690 5237 1798 5289 etc.
2141 5228 2679 5305 tinissutl‘ecimus.

454 5339 523 5349 —
553 5308 795 5364 Meliores
823 5308 930 5363 duo
960 5324 1123 5378 quam
1168 5322 1327 5378 unus.
1378 5299 1540 5378 Unus
1567 5299 1683 5378 gms.
1724 5305 2030 5361 Corbeien-
2147 5372 2179 5378 Α,
2212 5301 2231 5334 ⁸
2269 5302 2413 5378 Urius
2441 5304 2611 5370 eriget
2634 5302 2981 5378 participem
3031 5317 3211 5378 suum.
3258 5303 3533 5378 Corrupte
3572 5299 3631 5354 in
3663 5300 3784 5378 edi-

384 5378 464 5451 sis
495 5397 525 5435 c
557 5380 791 5451 regione
824 5372 1020 5451 posuit
1052 5379 1108 5433 in
1145 5377 1406 5451 margine
1446 5374 1601 5440 libri,
1632 5377 1875 5451 Meliore;
1904 5381 2031 5451 sunt
2140 5372 2216 5427 tis
2244 5373 2534 5451 scriptum
2560 5376 2668 5451 est,
2702 5373 2879 5451 eriget
2895 5374 3166 5443 particeps
3187 5375 3579 5451 sociuiasuum
3603 5389 3615 5426 :
3643 5373 3783 5442 quia

382 5450 521 5509 duo:
553 5444 920 5506 Colbertinus
956 5454 1152 5506 autem
1202 5444 1553 5519 in'corpore
1600 5449 2025 5505 translationis.
2139 5460 2206 5519 cx
2237 5444 2666 5519 Commentario
2692 5444 2992 5519 perspicue
3015 5446 3344 5519 ostenditur
3367 5444 3779 5519 Hieronymum

382 5524 671 5579 MARTIAN.
1420 5513 1434 5519 ’
2139 5514 2368 5640 legisse,
2402 5518 2575 5586 eriget
2602 5513 2928 5586 participem
2956 5532 3139 5582 suum,
3172 5516 3316 5571 Vide
3361 5513 3779 5586 expositionem

450 5596 471 5629 ³
500 5592 690 5640 antri
725 5608 949 5640 omnes-
986 5597 1042 5640 nt
1070 5592 1288 5640 auibus
1338 5590 1462 5640 inse
1506 5606 1651 5640 usus
1681 5595 1771 5640 est
1799 5591 2027 5640 Martia-
2136 5586 2190 5640 al
2219 5587 2506 5640 eeoricam
2541 5588 2611 5640 de
2642 5587 3022 5640 contubernio
3052 5587 3285 5640 Christi.
3320 5587 3602 5640 MARTIAN.

2219 5606 2246 5642 Θ

450 5596 471 5629 ³
500 5592 692 5651 Nostri
725 5608 950 5661 omnes,
986 5597 1042 5646 et
1070 5592 1288 5663 quibus
1338 5590 1462 5663 ipse
1506 5595 1771 5663 usus_est
1799 5591 2027 5648 Martia-
2136 5586 2506 5663 allegoricam
2541 5588 2611 5641 de
2642 5587 3022 5663 contubernio
3052 5587 3285 5644 Christi.
3320 5587 3602 5645 Maurum.

379 5683 563 5741 meus,
592 5680 739 5724 mss.
766 5658 1057 5731 libri,'non
1084 5658 1253 5736 facile
1280 5658 1587 5736 rumpatur,
1613 5660 1688 5718 al.
1747 5667 2022 5737 rumptur.
2205 5662 2225 5697 9
2256 5658 2362 5716 Pro
2392 5661 2466 5727 ei,
2498 5675 2645 5717 mss.
2679 5659 2781 5715 uni
2811 5658 3049 5717 habent.
