3992 6408
207 378 222 387 .
249 332 395 398 “Ol

1242 333 1868 399 COMMENTARIUS
1912 334 1991 397 IN
2037 330 2642 397 EGCLESIASTEN.

3450 329 3642 395 ""02

242 468 404 533 Quod
433 465 485 524 si
513 466 690 524 etiam
722 465 1027 523 dormierit
1070 484 1249 535 unus,
1280 468 1389 525 hoc
1435 472 1545 537 est,
1596 470 1643 525 si
1698 470 1885 524 morte
1912 468 1966 535 Α
1997 484 2191 540 regem
2214 469 2255 537 5,
2288 468 2427 539 quia
2455 466 2631 523 etiam
2653 466 2713 523 in
2735 482 2912 540 regno
2934 467 3064 539 ejus
3081 471 3257 524 natus
3280 471 3371 524 est
3394 480 3638 541 pauper.

247 557 414 613 fuerit
443 555 790 623 dissolutus,
823 561 879 612 et
899 573 1099 613 secum
1132 558 1431 613 Christum
1453 557 1723 613 habuerit
1746 558 1886 624 Sca-

244 644 487 702 lefactus
515 650 574 701 et
602 644 928 701 viviﬁcatus
959 646 980 680 ²
1009 645 1184 701 citius
1216 646 1605 702 reviviscit.Et
1634 646 1684 701 si
1713 647 1882 701 adve-

244 750 340 790 sus
385 732 689 789 hominem
739 734 1037 790 robustior
1073 733 1134 789 in
1183 736 1568 808 expugnando
1616 733 1886 790 diabolus

243 822 507 890 astiterit,
541 821 718 877 stabit
746 821 944 891 homo,
976 823 1157 878 stabit
1204 831 1261 879 et
1308 823 1575 879 Christus
1627 839 1731 894 pro
1778 822 1883 878 ho-

243 911 395 965 mine
426 926 555 979 suo,
588 926 692 981 pro
724 909 910 965 sodali
943 927 1071 966 suo.
1104 910 1231 966 Non
1262 912 1416 983 quod
1449 910 1634 967 solius
1666 909 1882 966 Christi

244 999 515 1055 adversus
544 998 846 1054 diabolum
888 998 1075 1054 virtus
1134 999 1369 1055 inﬁrma
1417 1000 1512 1067 sit,
1566 1000 1722 1056 423
1781 1000 1882 1055 sed

244 1088 392 1159 quod
424 1087 677 1143 liberum
708 1086 933 1142 homini
965 1085 1333 1159 relinquatur
1351 1088 1747 1156 arbitrium,et
1776 1088 1882 1144 ad-

246 1176 565 1232 nitentibus
615 1175 806 1243 nobis,
858 1175 984 1247 ipse
1032 1176 1093 1230 in
1133 1176 1449 1249 praeliando
1510 1177 1713 1233 fortior
1759 1177 1881 1232 ﬁat.

308 1265 467 1330 Quod
501 1264 549 1321 si
579 1263 756 1321 etiam
775 1264 962 1332 Pater,
986 1269 1044 1320 et
1074 1265 1339 1332 Filius,et
1367 1265 1623 1338 Spiritus
1643 1270 1884 1322 sanctus

246 1353 599 1418 advenerint,
645 1369 763 1408 non
816 1352 930 1409 cito
980 1354 1279 1424 rumpitur
1325 1354 1347 1387 ³
1391 1355 1500 1422 (ιιι.
1553 1357 1882 1426 rumpctur)

240 1442 351 1498 ista
400 1441 701 1501 sodalitas.
753 1443 915 1507 Quod
965 1446 1161 1498 autem
1216 1459 1332 1497 non
1392 1443 1505 1497 cito
1564 1441 1880 1514 rumpitur,

242 1535 438 1588 tamen
472 1530 786 1603 aliquando
824 1537 1132 1602 rumpatur
1166 1571 1179 1585 .
1212 1532 1283 1585 Et
1314 1531 1372 1586 in
1393 1531 1549 1587 Juda
1568 1530 1726 1587 enim
1753 1547 1886 1602 apo-

242 1619 385 1675 stolo
412 1618 522 1675 fuit
551 1618 761 1692 triplex
790 1620 899 1675 iste
930 1618 1229 1675 funiculus
1262 1637 1276 1687 ;
1311 1620 1379 1675 sd
1412 1620 1554 1692 quia
1583 1622 1715 1691 post
1742 1620 1884 1675 buc-

240 1707 441 1764 cellam
474 1708 731 1763 introivit
759 1707 819 1762 in
845 1724 980 1764 eum
1023 1708 1288 1775 Satanas,
1340 1707 1635 1763 funiculus
1668 1710 1776 1764 iste
1796 1708 1883 1763 di-

250 1800 454 1867 ruptus
484 1800 592 1851 est.
625 1800 802 1852 Porro
835 1796 990 1895 quod
1019 1797 1292 1869 superius
1322 1796 1405 1852 ait
1427 1813 1450 1896 ‘z
1487 1819 1515 1846 «
1547 1798 1613 1851 Et
1643 1796 1883 1868 quidem
1914 1832 1962 1896 Β

238 1885 284 1940 si
314 1884 611 1940 dormiant
640 1885 777 1950 duo,
807 1884 983 1940 etiam
1015 1885 1174 1940 calor
1220 1885 1333 1941 erit
1376 1884 1498 1961 illis
1552 1903 1565 1940 :
1621 1889 1679 1940 et
1727 1902 1882 1940 unus

239 1973 529 2046 quomodo
580 1972 806 2029 calefiet
835 1972 863 2026 ‘?
894 1996 921 2023 »
955 1973 1025 2028 de
1073 1972 1275 2030 Elisazo
1333 1990 1644 2030 sumamus
1688 1989 1882 2029 exem-

236 2061 422 2133 plum,
452 2062 608 2133 quod
638 2062 764 2133 ipse
796 2062 1147 2118 contraxerit
1175 2079 1238 2119 se
1267 2079 1400 2118 cum
1433 2078 1635 2134 puero,
1668 2068 1727 2118 et
1755 2064 1883 2119 dor-

239 2150 452 2220 mierit,
485 2154 543 2206 et
570 2150 895 2207 calefecerit
923 2150 1337 2223 corpusculum
1368 2153 1519 2223 ejus,
1552 2155 1609 2207 et
1636 2151 1718 2207 ita
1745 2151 1884 2206 vivi-

238 2238 491 2294 ﬁcaverit
542 2243 943 2312 resurgentem
1009 2241 1101 2311 (IV
1149 2245 1281 2309 Reg.
1349 2240 1447 2311 ιν).
1506 2240 1628 2295 Nisi
1702 2240 1886 2313 igitur

236 2326 499 2384 Christus
529 2328 838 2383 nobiscum
871 2328 1196 2396 dormierit,
1246 2332 1304 2384 et
1333 2329 1393 2384 in
1438 2332 1625 2384 morte
1655 2329 1883 2400 requie-

234 2416 379 2472 verit
409 2415 660 2472 calorem
690 2420 915 2473 mternaa
945 2417 1072 2472 vitae
1121 2418 1383 2490 accipere
1432 2434 1548 2472 non
1595 2417 1882 2489 valemus,

305 2526 333 2553 ‹‹
361 2503 562 2560 Melior
591 2509 680 2561 est
710 2521 857 2577 puer
894 2522 1119 2578 pauper
1148 2510 1205 2561 et
1252 2505 1511 2578 sapiens,
1556 2523 1736 2578 quam
1788 2523 1886 2562 rex

234 2609 412 2649 senex
442 2596 499 2649 et
527 2592 767 2662 stultus,
801 2594 900 2666 qui
932 2594 1118 2650 nescit
1146 2596 1167 2628 ὀ
1223 2595 1526 2666 providere
1576 2596 1633 2650 in
1691 2599 1883 2666 poste-

234 2698 389 2739 rum.
423 2682 709 2747 Quoniam
754 2683 827 2738 de
873 2683 1047 2739 domo
1094 2683 1421 2739 vinctorum
1482 2684 1777 2755 egreditur
1822 2683 1883 2739 in

311 2808 329 2841 ¹
356 2805 423 2861 Et
451 2820 632 2859 secum
667 2805 951 2861 Christum
977 2807 1246 2862 habuerit.
1296 2807 1420 2863 Duo
1466 2808 1695 2865 codices
1745 2808 1881 2864 Cor-

234 2876 503 2951 beienses
531 2876 734 2951 sgdem
766 2893 944 2933 sensu
974 2877 1197 2951 legunt,
1217 2886 1267 2934 et
1292 2878 1566 2936 Christum
1582 2881 1885 2936 secundum

231 2947 505 3003 habuerit.
537 2946 822 3002 MARTIAN.

305 3020 327 3053 ²
363 3023 542 3074 Voces
570 3026 620 3073 et
647 3020 979 3090 viviﬁcatur.
1013 3018 1294 3076 Alcuinus
1326 3037 1442 3076 non
1464 3027 1717 3079 noverat.
1740 3022 1882 3079 Mss.

231 3091 691 3164 verosreviviseet
714 3090 775 3146 in
807 3091 1003 3164 futuro
1036 3091 1258 3164 legunt.

306 3162 328 3196 ³
359 3162 422 3216 Ει
472 3162 759 3236 funiculus
798 3163 1001 3233 triplex
1039 3162 1147 3236 non
1202 3165 1308 3218 cito
1358 3167 1654 3236 rumpitur.
1732 3164 1882 3228 Qua-

232 3238 372 3289 tuor
397 3231 754 3305 exemplaria
783 3231 929 3291 mss.
961 3234 1178 3305 quibus
1211 3239 1361 3303 utor,
1385 3231 1722 3291 constanter
1752 3236 1885 3291 reti-

230 3307 397 3371 nent,
417 3319 537 3376 _non_
559 3304 728 3376 facile
755 3304 1052 3376 rumpitur,
1083 3305 1507 3376 velrrumpetur.
1574 3307 1746 3363 Nulla
1799 3312 1886 3363 ta-

226 3392 367 3431 men
399 3373 687 3449 dubitatio
741 3373 1148 3449 subestiiquin
1180 3373 1494 3449 legendum
1545 3378 1622 3434 sit
1665 3380 1773 3434 cito
1830 3381 1887 3434 et

233 3463 353 3520 non
383 3446 548 3520 factis
581 3463 595 3513 ;
628 3461 763 3501 cum
785 3446 910 3518 ipse
938 3446 1326 3520 Hieronym'us
1349 3449 1407 3503 in
1441 3466 1548 3505 suo
1580 3453 1887 3505 Commen-

226 3518 380 3589 tario
411 3517 503 3589 bis
523 3515 701 3589 legat,
730 3515 843 3574 nou
870 3521 978 3575 cito
999 3515 1304 3589 rumpitur.
1338 3520 1621 3576 Caeterum
1662 3522 1720 3576 in
1773 3537 1886 3576 ms.

229 3588 767 3664 Colbertino’duos
810 3590 1131 3664 versiculos
1187 3597 1613 3663 consequentes
1679 3592 1887 3664 reperi,

230 3659 808 3735 quibusmonachus
839 3661 942 3735 qui
973 3660 1190 3717 librum
1222 3659 1552 3735 descripsit,
1586 3665 1656 3719 de
1674 3659 1890 3720 sodali-

230 3730 356 3788 tate
386 3730 615 3786 videtur
635 3730 945 3803 conqueri:

300 3827 602 3890 Prmpositis
629 3827 939 3887 vinum,nos
968 3828 1307 3890 degustamus
1336 3835 1577 3881 acetum:

296 3890 601 3953 Prmpositis
631 3890 838 3953 triplex,
870 3892 1026 3942 nobis
1039 3890 1103 3941 lit
1132 3894 1305 3956 portio
1334 3895 1582 3957 simplex.

1121 3992 1156 4030 δ
1456 3958 1706 4008 Murum.

312 4051 492 4125 ‘Mss.
525 4051 621 4121 qui
662 4050 1037 4125 ne_scivit_,_bic
1068 4055 1246 4123 atque
1303 4053 1457 4107 infra
1503 4069 1572 4108 ex
1628 4054 1895 4125 Symma-

235 4121 372 4189 cho,
396 4122 571 4191 idque
603 4121 818 4177 rectius
835 4123 905 4177 ad
936 4121 1239 4177 Hebraeum
1270 4128 1491 4178 textum
1519 4129 1578 4178 et
1608 4121 1894 4180 Graecum.

236 4193 377 4249 Mox
404 4192 843 4265 Vaticanustet
872 4192 1117 4248 Palatin.
1138 4193 1317 4265 alter,
1348 4196 1411 4249 in
1439 4211 1641 4265 regem,
1686 4203 1747 4249 ut
1802 4211 1894 4250 re-

232 4272 390 4334 gnet,
423 4266 562 4335 quia
590 4268 699 4319 etc.
750 4263 1009 4333 Veteres,
1058 4264 1194 4320 editi
1240 4263 1523 4321 duntaxat
1570 4263 1634 4321 ut
1685 4270 1895 4336 regnet,

234 4352 348 4408 pro
376 4337 437 4390 in
466 4350 669 4409 regem,
702 4336 1117 4409 praeferebant:
1157 4340 1332 4409 atque
1362 4336 1637 4393 Hebraicc
1659 4339 1897 4409 quidem

227 4426 470 4479 tantum
494 4426 583 4479 est
606 4408 811 4510 75m;
845 4423 1037 4479 Graece
1088 4427 1185 4477 τοῦ
1244 4408 1582 4497 βασιλεῦσαι.
1654 4425 1900 4482 Proinde

228 4510 483 4567 alterius
511 4510 808 4567 glossema
837 4516 944 4567 est.

307 4571 649 4659 {Egreditur
683 4585 746 4637 in
793 4599 998 4659 regem.
1062 4583 1146 4639 Ita
1192 4584 1394 4659 legunt
1442 4602 1588 4643 mss.
1638 4586 1897 4655 codices;
1930 4571 1977 4636 D

229 4653 380 4710 editi
405 4668 562 4720 vero,
594 4656 651 4708 ut
679 4660 888 4723 regnet.
920 4658 1226 4712 MARTIAN.~

305 4725 335 4800 ‘_
357 4724 553 4800 Vatic._
571 4725 680 4793 Qui
706 4728 1009 4800 surrexerit
1035 4742 1136 4798 pro
1174 4742 1254 4783 eo.
1303 4727 1454 4783 Tum
1503 4730 1760 4799 Inﬁnitus
1801 4743 1900 4800 po-

219 4796 425 4869 pulus,
456 4797 572 4867 qui,
602 4800 717 4869 etc.
749 4797 973 4869 absque
1002 4796 1208 4865 omnis,
1238 4814 1363 4869 quae
1393 4816 1502 4855 vox
1532 4796 1589 4855 et
1618 4800 1677 4855 in
1734 4796 1901 4856 Pala-

226 4867 660 4941 tinosecunda
690 4867 1266 4941 manu‘expungituri

310 4939 333 4973 ⁷
364 4940 495 4996 Haec
537 4940 882 4994 Baracibam.
945 4939 1202 5012 Insignis
1260 4943 1346 4995 est
1404 4939 1512 4995 iste
1560 4940 1725 4997 locus
1770 4957 1904 5012 pro-

231 5014 377 5083 pter
434 5025 656 5083 nomen
704 5012 1021 5083 Baracciba,
1089 5012 1208 5067 sive
1277 5013 1600 5080 Barac/ciba,
1658 5012 1904 5069 celebris

232 5081 560 5154 cujusdam
604 5081 875 5154 magistri
900 5082 1296 5150 Hebraeorum,
1333 5083 1550 5154 dequo
1581 5083 1729 5139 nihil
1784 5099 1902 5139 me-

239 5152 446 5227 morias
481 5152 775 5227 proditum
800 5157 890 5208 est
929 5156 1083 5227 apud
1106 5152 1569 5227 Thalm’udis‘tas,
1606 5155 1723 5227 sive
1746 5155 1901 5227 apud

232 5224 560 5298 scriptores
579 5224 610 5278 J
621 5226 940 5298 udzeorum.
961 5224 1161 5297 Itaque
1183 5226 1525 5298 prudentem
1547 5224 1905 5298 studiosum-

233 5295 664 5368 que'lectorem
729 5295 1121 5361 monebimus,
1166 5295 1397 5354 nullum
1434 5313 1561 5353 esse
1608 5297 1904 5368 exemplar

230 5381 361 5422 ms.
396 5367 455 5422 in
494 5384 609 5439 quo
639 5366 1061 5438 legaturjuxta
1092 5369 1318 5424 Erasm.
1351 5373 1409 5423 et
1468 5368 1738 5433 Mariam,
1780 5366 1905 5424 'hazc

229 5438 633 5511 Barucheam:
670 5440 765 5492 sed
793 5439 849 5493 in
884 5439 1113 5496 cunctis
1146 5439 1294 5495 illud
1354 5455 1566 5495 nomen
1617 5440 1901 5511 scriptum

227 5508 358 5581 legi
387 5510 476 5566 vel
502 5510 862 5576 Bome/tiam,
884 5511 973 5567 vel
993 5512 1373 5572 Barachivam,
1393 5515 1492 5565 aut
1513 5508 1899 5568 Barachibam.

225 5581 704 5637 Vetustissimus
734 5582 998 5637 omnium
1048 5583 1223 5638 codex
1254 5584 1419 5639 Corb.
1491 5583 1680 5639 prima
1720 5599 1900 5638 manu

228 5652 536 5736 scriptum
560 5653 1301 5736 retinebat_Barac/zibam,
1355 5652 1513 5785 guod
1563 5655 1903 5737 emendator

228 5724 560 5785 imperitus
588 5727 836 5783 mutam
864 5741 924 5784 ιιι
955 5724 1306 5785 Barachzam.
1398 5725 1710 5785 orbomcus
1760 5724 1903 5785 lenit

228 5723 560 5803 imperitus
588 5724 836 5783 mutavit
864 5724 924 5784 in
955 5724 1306 5786 Barachiam.
1355 5723 1710 5787 Sorbouicus
1760 5724 1903 5802 legit

2063 556 2195 611 Vidi
2245 555 2549 612 universos
2578 556 2857 625 viventes,
2890 556 2990 629 qui
3036 556 3355 613 ambulant
3376 558 3485 614 sub
3517 556 3642 614 sole

1994 662 2127 700 cum
2159 644 2525 701 adolescente
2555 646 2833 712 secundo,
2874 646 2975 717 qui
3006 650 3319 719 consurget
3356 662 3460 718 pro
3517 645 3637 703 illo.

1991 737 2119 788 Non
2150 737 2241 789 est
2268 733 2404 789 ﬁnis
2433 733 2594 789 omni
2624 733 2860 806 populo.
2891 734 3200 799 universis,
3243 736 3344 806 qui
3403 738 3644 792 fuerunt

1993 826 2128 878 ante
2159 821 2310 877 illos.
2369 823 2438 877 Et
2467 822 2706 894 quidem
2737 822 3038 880 novissimi
3059 840 3174 879 non
3205 821 3561 879 laetabuntur
3578 823 3640 878 in

1993 911 2224 966 eo:sed
2256 910 2449 966 ethoc
2504 910 2732 967 vanitas
2779 916 2835 967 et
2885 912 3263 984 praesumptio
3320 910 3639 984 spiritus,»

1992 998 2380 1071 Symmachus
2412 999 2568 1054 hunc
2613 998 2809 1055 locum
2867 1000 2950 1055 ita
2993 998 3335 1056 transtulit:
3373 1020 3403 1050 «
3433 998 3639 1055 Melior

1993 1091 2083 1143 est
2108 1104 2330 1159 pauper
2360 1104 2493 1142 cum
2527 1088 2834 1159 sapientia,
2877 1104 3011 1161 rege
3041 1104 3179 1145 sene
3229 1092 3287 1144 et
3332 1087 3645 1160 insipiente

1995 1176 2095 1248 qui
2144 1176 2334 1232 nescit
2380 1192 2698 1248 praecavere
2740 1176 3228 1233 vicissitudinem.
3277 1175 3438 1232 Alter
3483 1176 3644 1232 enim

1992 1264 2108 1319 exit
2127 1264 2234 1334 (Al.
2267 1264 2461 1335 exivit)
2520 1265 2592 1320 de
2649 1280 2876 1321 carcere
2916 1265 2989 1321 ad
3036 1265 3446 1338 regnandum:
3497 1264 3645 1321 alter

1992 1369 2148 1420 vero,
2181 1369 2314 1408 eum
2348 1356 2502 1409 esset
2539 1370 2639 1409 rex
2686 1358 2881 1423 natus,
2934 1358 3277 1426 paupertate
3325 1370 3643 1426 oppressus

1993 1441 2235 1507 est,Vidi
2268 1458 2474 1498 omnes
2502 1441 2784 1510 viventes,
2815 1442 2917 1514 qui
2947 1443 3301 1515 gradiuntur
3350 1442 3461 1498 sub
3519 1442 3643 1499 sole

1994 1530 2150 1586 424
2189 1546 2323 1585 cum
2365 1530 2727 1586 adolescente
2776 1532 3053 1599 secundo,
3105 1532 3206 1603 qui
3249 1530 3502 1587 surrexit
3538 1548 3642 1604 pro

1994 1634 2060 1674 eo
2091 1618 2132 1672 ⁸.
2167 1619 2438 1674 Infinitus
2468 1619 2661 1675 omnis
2686 1619 2960 1692 populus,
2996 1621 3095 1692 qui
3125 1621 3236 1675 fuit
3262 1625 3397 1677 ante
3419 1624 3645 1677 utrum-

1995 1723 2144 1780 que:
2181 1711 2237 1762 et
2258 1707 2472 1778 posteri
2507 1724 2623 1763 non
2656 1707 3010 1764 laetabuntur
3036 1709 3094 1763 in
3135 1725 3224 1780 eo,
3272 1710 3382 1765 Sed
3433 1714 3493 1766 et
3532 1709 3644 1766 hoc

1994 1811 2140 1851 aura
2167 1800 2225 1850 et
2247 1795 2436 1867 pastio
2466 1796 2644 1851 venti.
2672 1818 2700 1845 »
2735 1796 3007 1852 Hebraeus
3038 1814 3226 1866 meus,
3272 1792 3442 1869 cujus
3492 1814 3645 1870 saepe

1995 1883 2142 1939 facio
2184 1883 2561 1953 mentionem,
2596 1900 2731 1953 cum
2777 1885 3167 1942 Ecclesiasten
3214 1902 3444 1942 mecum
3492 1885 3646 1959 lege-

1992 1976 2099 2041 ret,
2122 1971 2244 2027 hmc
2262 1973 2600 2029 Baracibam
2616 1974 2657 2043 ⁷,
2684 1989 2861 2045 quem
2884 1991 3071 2030 unum
3092 1974 3179 2030 vel
3192 1974 3445 2032 maxime
3465 1975 3648 2032 admi-

1991 2064 2218 2128 rantur,
2242 2077 2420 2132 super
2448 2062 2721 2132 przesenti
2752 2061 2878 2118 loco
2911 2054 3239 2119 tradidisse
3255 2068 3505 2120 testatus
3535 2068 3643 2121 est.

1993 2147 2197 2203 Melior
2225 2152 2313 2202 est
2336 2148 2574 2204 interior
2602 2148 2797 2219 homo,
2839 2149 2937 2220 qui
2996 2156 3127 2222 post
3176 2156 3452 2222 quartum
3490 2152 3647 2215 deci-

1994 2253 2157 2291 mum
2191 2237 2516 2309 pubertatis
2547 2254 2769 2293 annum
2799 2236 2858 2293 in
2892 2237 3060 2294 nobis
3088 2239 3368 2308 exoritur,
3403 2241 3649 2297 exterio-

1994 2343 2053 2381 re
2084 2324 2341 2395 homine,
2377 2325 2477 2397 qui
2508 2326 2579 2380 de
2610 2325 2816 2381 matris
2847 2325 2974 2381 alvo
3020 2331 3195 2383 natus
3226 2331 3335 2394 est,
3392 2328 3492 2399 qui
3550 2345 3647 2386 ne-

1996 2416 2108 2470 scit
2136 2415 2404 2470 recedere
2435 2430 2469 2469 a
2496 2413 2654 2482 vitio,
2709 2418 2765 2470 ct
2811 2415 2908 2487 qui
2957 2415 3030 2470 de
3075 2415 3249 2471 domo
3289 2416 3642 2487 vinctorum,

1996 2504 2068 2557 de
2098 2506 2260 2559 utero
2292 2501 2560 2558 videlicet
2582 2506 2866 2572 materno,
2899 2504 2971 2559 ad
3002 2503 3111 2559 hoc
3135 2503 3327 2575 exivit,
3343 2509 3409 2560 ut
3437 2522 3645 2579 regna-

1998 2596 2086 2648 ret
2114 2592 2221 2663 (Al.
2253 2592 2476 2663 regnet)
2508 2591 2568 2646 in
2597 2591 2774 2648 vitiis.
2836 2592 2944 2656 Qui
2986 2592 3165 2649 etiam
3202 2592 3263 2649 in
3310 2598 3597 2666 potestate
3623 2596 3646 2632 ⁸

1998 2697 2107 2736 sua
2124 2697 2347 2753 pauper
2375 2681 2613 2736 effectus
2643 2685 2752 2753 est,
2785 2680 2942 2737 mala
2987 2682 3188 2738 omnia
3237 2684 3647 2755 perpetrando.

2002 2807 2397 2861 Baraehivam:
2431 2806 2533 2861 sed
2565 2805 2777 2862 melius
2796 2806 3163 2863 Colbertinus
3216 2809 3648 2866 Barracchibam

1999 2876 2212 2949 posuit.
2268 2877 2433 2950 Quis
2465 2882 2661 2950 autem
2715 2878 2890 2933 fuerit
2946 2879 3056 2934 iste
3103 2881 3421 2946 Baracciba,
3469 2897 3646 2950 quem

2000 2948 2183 3025 unum
2211 2948 2438 3025 llebrzei
2464 2948 2723 3025 maxime
2749 2950 3109 3025 mirarentur
3160 2955 3326 3025 aetate
3365 2948 3646 3025 Hierony-

2002 3020 2102 3088 mi,
2132 3017 2583 3094 nolodivinaro;
2618 3037 2688 3075 ne
2711 3024 2904 3094 tantas
2931 3020 3182 3094 ineptias
3227 3022 3374 3094 forte
3428 3017 3645 3094 propo-

1999 3107 2138 3165 nam
2170 3089 2409 3165 deiilio,
2444 3095 2694 3161 quantas
2736 3091 2807 3165 de
2837 3095 3001 3165 patre
3029 3089 3178 3162 'ejus
3215 3092 3389 3147 Akiba
3428 3089 3645 3165 propo-

1916 3202 1959 3269 Ο
1999 3162 2121 3217 suit
2140 3161 2348 3217 vindex
2376 3177 2637 3233 nuperus
2657 3161 3027 3233 antiquitatis
3084 3161 3456 3235 temporum:
3481 3161 3646 3220 Mim-

1995 3250 2149 3288 TIAN.

2067 3302 2226 3358 —In
2269 3318 2417 3359 mss.
2472 3303 2870 3371 Baraechiban,
2945 3307 3048 3358 aut
3087 3305 3494 3361 Baracubivan.
3546 3305 3649 3363 Est

2000 3379 2196 3449 autem
2227 3374 2321 3429 hic
2351 3373 2521 3447 longe
2552 3374 2898 3449 notissimus
2930 3374 3151 3449 Alsibas,
3185 3393 3289 3432 seu
3319 3377 3644 3449 Barakibas,

1999 3447 2069 3501 de
2100 3461 2214 3518 quo
2244 3448 2365 3500 tam
2397 3445 2729 3518 et'grandia
2783 3450 2843 3501 et
2882 3446 3075 3518 multa
3117 3448 3453 3505 Judaeorum
3504 3445 3649 3505 seri;

1999 3516 2195 3600 ptores
2223 3516 2721 3599 commenti'sunt,
2755 3523 2820 3573 ut
2840 3516 3011 3589 plane
3041 3518 3119 3574 sit
3140 3519 3380 3588 mirum,
3410 3519 3556 3575 nihil
3578 3522 3650 3577 de

2001 3588 2102 3643 illo
2132 3605 2345 3663 reseire
2379 3588 2780 3644 Martianaeum
2804 3589 2950 3663 _qui,
2982 3606 3076 3663 ne
3109 3594 3327 3663 temere
3376 3591 3519 3663 quid
3568 3592 3650 3648 le-

2198 3622 2345 3643 ξυιιῡ
2379 3622 2492 3643 ιυαι
2510 3622 2780 3644 υιαιιωυιμ
2827 3622 2950 3660 Ὶυι,
2984 3622 3055 3645 UU
3115 3622 3327 3647 ισιιιῦϊῠ
3380 3622 3519 3660 qutu
3570 3622 3650 3648 10‘

2001 3660 2261 3715 ctoribus
2308 3660 2603 3732 imponat,
2652 3677 2712 3715 se
2765 3660 2846 3732 ait
2876 3677 2911 3732 a
2960 3660 3277 3732 divinando
3336 3660 3650 3719 abstinere.

2001 3732 2187 3787 Tanta
2214 3748 2348 3786 vero
2377 3730 2505 3802 ejus
2526 3730 2636 3786 fuit
2664 3731 2921 3787 nominis
2946 3731 3123 3796 fama,
3146 3738 3213 3787 ut
3249 3731 3654 3789 fabularentur

2003 3802 2247 3875 Hebrzei,
2279 3803 2512 3875 Moysen
2540 3802 2735 3875 ipsum
2763 3803 2834 3857 ad
2863 3802 3220 3875 audiendum
3242 3803 3487 3875 ‘Akiban
3546 3804 3654 3875 de:-

2005 3874 2302 3946 scendisse
2328 3872 2394 3946 ac
2441 3872 2816 3946 respondisse
2852 3873 3288 3946 interroganti;
3349 3878 3405 3929 et
3462 3872 3651 3930 Rabbi

2003 3945 2299 4017 Abraham
2328 3942 2675 4017 Zachut‘lib.
2708 3942 3006 4017 suechasia
3036 3942 3211 4017 dicat,
3269 3946 3652 4017 quemadmo-

2005 4017 2146 4088 dum
2172 4016 2420 4088 priorem
2454 4032 2488 4069 a
2518 4015 2733 4088 Moyse,
2753 4014 3651 4088 itasorulemlegem'universam

2004 4085 2201 4142 Αιίίὺώ
2242 4089 2539 4145 acceptam
2572 4085 2790 4141 referri.
2825 4085 2936 4140 Sed
2968 4091 3024 4141 et
3044 4086 3361 4143 Christiani
3387 4094 3656 4145 auctores

2005 4158 2150 4233 satis
2178 4174 2317 4233 eum
2371 4155 2695 4233 luculenter
2750 4163 3098 4233 memorant.
3154 4160 3211 4215 S.
3250 4160 3654 4233 Epiphanius,

2007 4229 2211 4283 haeres.
2256 4230 2341 4294 15,
2378 4227 2790 4299 interquatuor
2818 4228 3198 4299 Judaicarum
3245 4227 3657 4290 Traditionum

2009 4300 2206 4371 Ijatres
2237 4295 2841 4371 recensetpvocatque
2896 4295 3219 4371 διδάςκαλον
3289 4301 3464 4356 αὐτῶν
3514 4304 3660 4358 Ἀκι-

2008 4364 2105 4423 61v
2174 4380 2338 4423 οϋτιω
2368 4364 3142 4446 -κυιλὸύμενφνῖῃ-βαρακιϐαν,
3191 4374 3512 4446 Magistrum
3566 4391 3657 4431 eo-

2008 4422 2135 4516 rum
2168 4422 2295 4516 κερ.
2352 4422 2689 4516 Iudaeorum)
2734 4422 3091 4516 Atinati;
3104 4422 3659 4516 ’ἆρᾷἓὲίῗὶὶἱιὶῆέῗηέἆιι

2010 4508 2345 4586 quakiban.
2378 4508 2780 4586 Eumdemque
2810 4513 3013 4586 heres.
3044 4517 3110 4571 33
3159 4508 3344 4571 ‘vocat
3400 4508 3662 4569 Ῥαϐϐια-

2009 4577 2155 4655 κιϐά,
2185 4586 2363 4658 Rabbi
2409 4577 2785 4658 Akibaslpse
2823 4585 3016 4658 etiam
3073 4586 3464 4658 Hieronymus
3519 4602 3658 4658 eum

2008 4672 2159 4728 serpe
2232 4654 2455 4722 laudat,
2506 4663 2560 4711 et
2616 4654 2701 4711 in'
2743 4655 2989 4728 epistola
3064 4654 3311 4728 quidem
3416 4657 3514 4712 121
3587 4657 3660 4714 ad

2013 4726 2313 4798 Algasiam,
2373 4731 2579 4798 quaest.
2625 4728 2723 4782 18:
2780 4726 3113 4797 Barakibas,
3168 4727 3362 4798 inquit
3420 4745 3491 4785 ex
3542 4729 3661 4785 He-

2011 4799 2299 4854 braeorum
2357 4814 2579 4871 scnsu,_
2640 4806 2705 4871 et_
2771 4798 3010 4871 Simeon,
3097 4800 3398 4871 etmllellel,
3479 4803 3657 4871 magi-

2010 4871 2337 4942 striinostri,
2370 4875 2479 4942 etc.
2505 4886 2529 4942 ;Δ
2564 4867 2623 4922 in
2683 4866 2895 4924 Isaiam
2934 4886 3088 4942 _vero
3141 4869 3239 4925 lib.
3275 4887 3359 4936 ιιι,
3382 4866 3391 4942 ς
3418 4886 3545 4942 cap.
3572 4866 3656 4926 8:

2011 4941 2246 5013 Akiban,
2280 4939 2626 5013 simpliciter
2652 4956 2889 5013 vocans,
2921 4940 3111 4994 Samai
3140 4946 3191 4997 et
3222 4939 3411 5011 Hillel,
3444 4939 3514 4996 ea}
3542 4944 3663 5013 qui-

2014 5012 2110 5067 bus
2140 5014 2247 5068 orti
2276 5010 2416 5085 smth
2456 5010 2664 5067 Scriba?
2716 5015 2766 5067 et
2814 5012 3122 5079 Pharaseei,
3171 5010 3401 5083 quorum
3425 5010 3662 5085 suscepit

2011 5085 2257 5140 scholam
2284 5083 2698 5155 Akibastquem
2737 5085 3062 5149 magistrum
3108 5084 3361 5155 Aquila},
3396 5083 3661 5155 proselyti

2011 5161 2324 5221 autumant,
2375 5159 2483 5226 ctc.
2525 5154 2601 5207 Ex
2650 5170 2764 5226 quo
2805 5155 2980 5226 etiam
3033 5153 3306 5226 colligere
3353 5153 3506 5223 licet,
3554 5153 3659 5212 ilo-

2013 5227 2204 5299 ruisse
2236 5226 2398 5299 illum
2433 5225 3189 5299 circasAdrianiAtemApora.’
3219 5226 3398 5299 Vide,
3439 5244 3565 5299 quae
3598 5228 3662 5285 in

2012 5297 2318 5353 laudatum
2350 5296 2542 5369 locum
2576 5296 2758 5369 Epist.
2822 5296 2893 5351 ad
2946 5296 3265 5369 Algasiam,
3299 5302 3356 5353 et
3385 5296 3662 5356 ιιι-Βοω-

2015 5374 2261 5437 menter,
2293 5369 2351 5423 in
2381 5368 2591 5423 Isaiam
2631 5368 3002 5423 adnotamus.

2083 5440 2105 5471 ⁸
2136 5439 2508 5494 Martianzcus
2540 5439 2844 5494 Erasmum
2900 5441 3158 5505 secutus,
3222 5442 3282 5496 iu
3324 5443 3661 5511 posteritate.

2011 5511 2205 5566 Nostri
2239 5516 2431 5566 autem
2476 5527 2620 5581 mss.
2675 5514 2983 5580 potestate:
3025 5515 3201 5581 atque
3264 5511 3417 5568 hanc
3462 5529 3663 5570 veram

2012 5582 2343 5647 lectionem,
2361 5580 2554 5655 inquit
2571 5581 2882 5655 Victorius,
2909 5580 3161 5655 Brixiani
3180 5599 3414 5655 quoque
3429 5585 3660 5642 codices

2011 5656 2399 5709 reservarunt.
2433 5651 2678 5725 Exponit
2733 5651 3029 5727 cnim_illa
3076 5651 3268 5725 verba,
3318 5651 3540 5727 'quiaqet
3594 5658 3656 5712 in

2006 5740 2173 5800 regno
2199 5740 2298 5785 suo
2326 5731 2490 5785 natus
2514 5723 2595 5785 est
2614 5739 2847 5800 pauper.
2880 5723 3079 5801 Regna
3118 5723 3315 5785 autem
3327 5723 3519 5800 magis
3546 5741 3662 5801 po-
