3992 6390
416 342 585 413 ³1103

1662 348 1725 412 S.
1773 344 2084 414 EUSEBII
2126 342 2596 413 HIERONYMI.

3652 337 3830 429 sic;

400 480 562 536 'Vidi
594 495 715 549 eos,
755 480 855 555 qui
886 481 945 539 in
971 478 1414 556 priorehomine
1436 481 1724 551 vixerunt,
1749 487 1805 538 et
1824 499 1959 538 cum
1987 499 2073 538 se-
2100 484 2157 550 Α
2184 498 2351 538 versa
2380 485 2710 537 senserunt.
2753 481 2885 537 Post
2913 477 3241 553 generalem
3271 477 3428 536 enim
3482 474 3645 535 illam
3700 464 3832 536 sen-

428 570 622 626 cundo
652 570 891 628 homine
936 576 1139 645 postea
1191 573 1403 629 versati
1463 576 1605 629 sunt
1658 588 1724 627 eo
1783 571 2070 639 videlicet,

384 658 531 730 ~q-ui
560 675 665 730 pro
696 660 887 732 priore
917 661 1222 718 decessore
1252 665 1566 734 generatus
1596 664 1721 716 est:
1776 659 2073 715 intellexi-

408 762 543 819 .que
571 761 775 805 omnes
813 748 874 804 in
904 749 1140 806 homine
1171 750 1362 822 priore
1408 765 1701 822 peccasse,
1735 751 2072 820 antequam,

425 837 684 893 meando
715 843 1012 906 nascente,
1043 840 1161 896 duo
1180 838 1449 896 homines
1471 839 1675 894 ﬁerent
1702 839 1742 892 ι.
1769 837 1916 903 Quia
1941 852 2075 892 vero

429 925 502 981 ad
533 924 776 982 meliora
804 928 1089 995 conversi,
1149 931 1206 983 et
1259 932 1393 1000 post
1415 926 1464 981 Y
1491 926 1745 982 litteram
1775 926 1798 959 ³
1819 923 2075 997 philoso-

430 1012 704 1085 phorum,
746 1014 985 1072 sinistro
1039 1016 1270 1073 tramite
1324 1014 1619 1082 derelicto,
1677 1014 1749 1070 ad
1807 1013 2077 1069 dextrum

432 1100 657 1174 apicem
688 1104 1133 1173 contenderunt,
1176 1108 1232 1159 et
1251 1104 1599 1170 secundum,
1630 1102 1688 1157 id
1717 1105 1823 1170 est,
1883 1100 2077 1157 novis-

433 1190 652 1246 imum
682 1190 981 1248 hominem
1009 1197 1147 1248 sunt
1205 1191 1413 1263 secuti,
1466 1209 1583 1247 non
1630 1190 1989 1247 laetabuntur
2015 1188 2077 1244 in

432 1294 523 1349 eo,
556 1278 615 1335 id
644 1284 753 1351 est,
784 1281 843 1336 in
877 1281 1087 1353 priore.
1121 1282 1238 1337 Hoc
1272 1281 1421 1337 duos
1444 1276 1718 1336 homines
1746 1284 1805 1335 et
1834 1281 2076 1352 Aposto-

434 1368 528 1425 lus
571 1372 931 1426 contestatur
986 1371 1059 1440 [ΙΙ
1097 1370 1270 1425 Thess.
1328 1369 1415 1441 ιι.)
1470 1373 1527 1425 et
1597 1368 1884 1425 Leviticus
1962 1382 2078 1423 non

432 1462 621 1514 tacet:
654 1459 843 1525 Homo,
875 1458 1032 1514 homo
1059 1459 1111 1514 si
1129 1459 1367 1515 voluerit
1385 1459 1407 1494 ³
1428 1456 1571 1514 illud
1593 1457 1687 1513 vel
1708 1456 1850 1512 illud
1879 1457 2077 1526 (Levii.

431 1546 597 1617 χχιι).
634 1546 740 1601 Vir
767 1550 1009 1603 sanctus
1038 1547 1351 1619 Gregorius
1373 1546 1540 1602 Ponti
1572 1544 1902 1617 episcopus,
1953 1543 2080 1599 Ori-

432 1635 599 1710 genis
629 1635 933 1691 auditorin
964 1636 1319 1708 Metaphrasi
1346 1635 1729 1703 Ecclesiastes,
1787 1635 1870 1689 ita
1924 1632 2082 1688 hunc

432 1726 627 1781 locum
659 1724 969 1782 intellexit:
1009 1747 1030 1774 α
1064 1725 1184 1797 Ego
1214 1740 1347 1780 vero
1376 1724 1614 1797 praefero
1672 1722 2084 1778 adolescentu-

436 1815 560 1870 lum
592 1830 906 1886 pauperem
941 1818 1000 1869 et
1028 1814 1352 1885 sapientem
1383 1813 1423 1881 ‘,
1474 1812 1596 1884 regi
1640 1811 1765 1868 seni
1796 1815 1854 1866 et
1882 1809 2081 1880 stulto,

420 1906 531 1963 cui
560 1918 867 1975 nunquam
896 1902 1049 1958 4'25
1078 1902 1237 1957 venit
1294 1903 1354 1956 in
1413 1904 1688 1969 mentem,
1749 1900 1904 1971 quod
1959 1915 2086 1972 pos-

436 1992 609 2050 sibile
636 1991 733 2061 sit,
766 2006 1126 2064 quemquam
1156 1991 1227 2046 de
1264 1990 1379 2061 bis,
1413 2004 1560 2063 quos
1588 1989 1869 2056 vinxerat,
1894 1988 1967 2043 ad
1997 2004 2085 2043 re-

436 2096 620 2153 gnum
651 2080 809 2137 exire
838 2080 909 2136 de
937 2095 1186 2147 carcere;
1219 2083 1277 2135 et
1296 2079 1555 2151 seipsum
1586 2078 1658 2133 de
1688 2078 1893 2149 iniqua
1922 2076 2085 2132 dein-

439 2184 579 2242 ceps
606 2172 894 2242 potestate
908 2185 1019 2224 sua
1048 2184 1336 2225 corruere.
1371 2168 1572 2223 Evenit
1599 2167 1758 2222 enim
1788 2166 2085 2221 interdum

440 2262 507 2314 ut
534 2258 594 2313 hi
635 2257 735 2330 qui
766 2258 876 2314 sub
908 2256 1341 2313 adolescentulo
1374 2256 1633 2328 sapiente
1665 2254 1899 2322 fuerint,
1950 2253 2085 2309 abs-

439 2364 554 2421 que
574 2362 821 2405 mcerore
851 2346 997 2402 sint:
1022 2345 1104 2401 ita
1130 2349 1327 2402 tamen
1363 2349 1424 2400 ut
1456 2346 1564 2401 sub
1596 2361 1734 2401 sene
1764 2360 1898 2417 rege
1954 2346 2087 2398 ante

436 2437 652 2495 versati
682 2435 819 2493 sint.
853 2436 961 2501 Qui
988 2436 1144 2491 enim
1176 2436 1527 2507 posteanati
1558 2437 1717 2501 sunt,
1752 2432 1893 2504 quia
1934 2430 2089 2487 mala

424 2525 733 2601 praeterita
770 2525 1125 2592 nescierunt,
1157 2538 1263 2579 nec
1304 2522 1807 2579 adolescentulum
1849 2520 2088 2576 laudare

440 2618 709 2688 possunt,
743 2613 845 2686 qui
875 2618 1076 2685 postea
1105 2610 1487 2677 consurrexit,
1538 2610 1771 2666 adducti
1818 2610 2089 2681 opinione

442 2718 713 2775 perversa
740 2706 799 2758 et
826 2701 1051 2773 impetu
1084 2699 1328 2772 spiritus
1360 2699 1787 2755 adversantis.»

520 2790 885 2848 Laodicenus
914 2788 1200 2860 interpres
1229 2780 1357 2844 5'“res
1374 2803 1622 2860 magnas
1634 2787 1791 2843 brevi
1823 2802 2090 2844 sermone

446 2880 772 2953 exprimere
802 2878 1180 2948 contendens,
1214 2894 1374 2933 more
1404 2877 1518 2932 sibi
1551 2876 1719 2932 solito
1776 2876 1951 2931 etiam
1996 2875 2091 2930 hic

444 2970 678 3026 locutus
709 2972 824 3024 est:
859 2989 889 3017 «
926 2972 1000 3022 De
1029 2966 1509 3032 commutatione,
1556 2965 1851 3037 inquiens,
1913 2966 2092 3020 bono-

448 3075 580 3113 rum
611 3058 670 3112 in
704 3055 858 3112 mala
888 3072 1045 3111 nunc
1076 3054 1432 3111 Ecclcsiastae
1467 3071 1658 3111 sermo
1673 3059 1778 3121 est,
1810 3053 2096 3126 insipien-

448 3152 567 3204 tem
595 3146 893 3203 hominem
926 3144 1193 3201 conantis
1223 3144 1566 3216 exprimere,
1602 3144 1702 3215 qui
1734 3144 1931 3198 futura
1979 3159 2093 3199 non

2115 1856 2164 1920 B

2181 570 2445 639 tentiam,
2471 586 2598 641 quae.
2619 569 2891 626 omnibus
2920 573 3101 642 patet,
3134 570 3291 642 quod
3331 567 3536 624 melior
3587 572 3647 624 et
3692 567 3833 624 ado-

2182 657 2543 715 lescentulus
2564 675 2789 731 pauper
2817 664 2875 714 et
2908 658 3163 731 sapiens,
3197 674 3377 730 quam
3410 672 3510 713 rex
3537 668 3716 713 senex
3771 662 3831 711 et

2183 747 2493 820 insipiens,
2529 751 2585 803 et
2629 748 2784 819 quod
2834 748 3168 819 frequenter
3214 747 3425 815 evenit,
3474 750 3541 801 ut
3587 745 3685 802 ille
3723 761 3832 817 per

2185 836 2533 907 sapientiam
2564 851 2732 892 suam
2766 836 2940 891 etiam
2972 836 3042 891 de
3059 851 3284 891 carcere
3317 834 3468 907 regis
3500 833 3827 907 egrediens,

2184 925 2431 996 imperet
2460 941 2564 996 pro
2594 924 2957 979 dominatore
2994 939 3286 995 perverso,
3334 926 3391 978 et
3416 934 3518 979 rex
3545 922 3833 996 insipiens

2185 1013 2390 1085 perdat
2421 1012 2758 1085 imperium,
2789 1013 2944 1085 quod
2976 1016 3247 1068 tenebat:
3280 1027 3458 1084 super
3495 1010 3721 1067 Christo
3773 1016 3833 1067 et

2186 1100 2416 1156 diabolo
2433 1101 2589 1156 hunc
2608 1100 2803 1156 locum
2827 1100 3189 1172 interpretati
3218 1104 3373 1169 sunt,
3402 1100 3557 1171 quod
3579 1116 3831 1172 puerum

2188 1205 2500 1263 pauperem
2532 1194 2589 1245 et
2619 1190 2966 1263 sapientem,
2997 1188 3293 1244 Christum
3323 1187 3521 1244 velint.
3554 1188 3829 1259 Puerum,

2179 1277 2351 1349 juxta
2379 1275 2521 1333 illud
2547 1293 2560 1332 :
2593 1278 2850 1347 Magnum
2879 1278 2981 1332 tibi
3006 1281 3084 1332 est
3112 1278 3301 1333 vocari
3323 1285 3373 1333 te
3389 1294 3622 1349 puerum
3647 1293 3834 1336 meum

2188 1366 2315 1437 (Isa.
2348 1383 2499 1435 κως,
2531 1367 2617 1437 ϐ);
2648 1381 2963 1438 pauperem
2993 1380 3148 1435 vero,
3182 1365 3319 1437 quia
3375 1378 3596 1439 pauper
3642 1364 3831 1423 factus

2188 1460 2297 1522 est,
2328 1470 2462 1510 cum
2493 1455 2653 1510 dives
2685 1458 2839 1511 esset
2862 1455 2937 1524 (ll
2966 1455 3087 1511 Cor.
3116 1471 3241 1523 VIII,
3273 1454 3361 1526 9);
3398 1458 3456 1510 et
3484 1454 3831 1527 sapientem.

2190 1543 2330 1615 quia
2375 1544 2693 1616 proﬁciebat
2747 1547 2909 1600 aetate
2946 1548 2998 1598 et
3045 1544 3324 1614 sapientia
3352 1550 3402 1598 et
3442 1545 3627 1614 gratia
3681 1544 3833 1615 apud

2189 1632 2363 1687 Deum
2382 1635 2431 1687 et
2460 1633 2713 1687 homines
2742 1632 2894 1702 (Luc.
2962 1648 3025 1686 ιι.
3082 1632 3196 1702 52).
3264 1632 3376 1687 Iste
3427 1634 3599 1689 natus
3627 1636 3715 1689 est
3770 1632 3831 1687 in

2191 1737 2370 1791 regno
2430 1720 2609 1776 senis.
2669 1724 2735 1775 Et
2798 1719 3014 1776 idcirco
3057 1720 3237 1776 dicit:
3293 1720 3356 1776 Si
3406 1731 3540 1777 esset
3613 1721 3681 1777 de
3731 1721 3834 1777 hoc

2190 1810 2393 1865 mundo
2420 1825 2653 1880 regnum
2678 1825 2879 1875 meum,
2914 1811 3160 1865 ministri
3182 1811 3371 1881 utique
3399 1812 3509 1866 mei
3560 1814 3835 1867 certarent

2192 1914 2292 1969 pro
2315 1914 2421 1963 me,
2454 1902 2515 1953 ut
2570 1914 2681 1953 non
2732 1898 2979 1953 traderer
3033 1898 3258 1955 Judwis.
3309 1899 3462 1953 Nunc
3500 1906 3676 1955 autem
3719 1916 3835 1955 non

2193 1990 2271 2042 est
2299 1986 2363 2041 de
2388 1987 2486 2042 hoc
2516 1985 2723 2041 mundo
2755 2002 2985 2055 regnum
3038 2002 3221 2041 meum
3280 1986 3455 2058 (Joan.
3510 2004 3662 2056 xvm,
3711 1987 3834 2057 36).

2196 2074 2259 2129 In
2291 2072 2449 2129 illius
2481 2074 2678 2146 itaque
2702 2072 2869 2129 stulti
2897 2073 3056 2130 senis
3095 2088 3298 2146 regno,
3330 2074 3429 2145 qui
3489 2074 3738 2131 ostendit
3780 2076 3838 2131 ei

2194 2163 2393 2219 omnia
2420 2179 2600 2236 regna
2626 2160 2782 2218 426
2815 2162 3041 2230 mundi,
3076 2166 3133 2217 et
3183 2161 3429 2235 gloriam
3460 2164 3605 2234 ejus,
3662 2168 3841 2222 natus

2194 2256 2284 2309 est
2313 2251 2571 2324 Optimus
2602 2268 2765 2323 puer,
2797 2255 2854 2306 et
2881 2252 2952 2307 de
2965 2252 3137 2307 domo
3157 2250 3604 2324 vinculatorum,
3626 2253 3697 2309 de
3713 2254 3841 2326 qui-

2195 2342 2308 2397 bus
2337 2339 2619 2395 Jeremias
2650 2340 2709 2394 in
2754 2339 3293 2395 Lamentationibus
3315 2339 3590 2412 loquitur,
3606 2341 3837 2399 dicens:

2199 2431 2261 2487 Ut
2290 2429 2607 2485 humiliore:
2635 2430 2734 2483 sub
2760 2427 2992 2499 pedibus
3038 2430 3154 2497 eius
3200 2444 3385 2484 omnes
3431 2431 3638 2487 vinctos
3676 2439 3843 2489 terr-.2

2196 2519 2429 2590 (Thren.
2465 2518 2680 2589 111,34),
2715 2518 3000 2589 processit
3048 2518 3120 2573 ad
3171 2532 3437 2591 regnum,
3492 2523 3549 2574 et
3596 2519 3740 2575 abiit
3778 2521 3842 2577 in

2199 2606 2490 2679 regionem
2526 2605 2932 2678 longinquam,
2965 2610 3023 2661 et
3053 2610 3254 2662 contra
3284 2623 3402 2674 eos,
3436 2607 3536 2679 qui
3567 2624 3745 2680 super
3780 2626 3845 2664 se

2197 2712 2331 2751 eum
2364 2711 2606 2767 regnare
2637 2694 2929 2763 nolebant,
2962 2699 3095 2767 post
3138 2694 3509 2767 aliquantum
3559 2696 3843 2770 temporis

2199 2802 2296 2841 rex
2327 2800 2590 2840 reversus
2620 2787 2728 2839 est.
2762 2783 3025 2856 Praesago
3054 2784 3253 2855 itaque
3283 2784 3491 2856 spiritu
3529 2786 3677 2841 vidit
3736 2786 3843 2842 Ec-

2200 2873 2495 2929 clesiastes
2527 2889 2732 2928 omnes
2762 2872 3038 2941 viventes,
3074 2872 3172 2944 qui
3187 2878 3438 2945 possunt
3459 2873 3846 2933 adolescentis

2202 2961 2513 3034 participes
2542 2979 2689 3028 esse,
2725 2961 3008 3030 dicentis;
3040 2977 3137 3031 ego
3166 2974 3287 3017 sum
3316 2965 3433 3019 vita.
3478 2963 3666 3035 (Joan.
3724 2980 3844 3032 xw,

2200 3053 2277 3122 6),
2310 3055 2365 3106 et
2394 3055 2580 3106 vetere
2621 3050 2799 3106 stulto
2828 3068 2959 3123 rege
2991 3050 3254 3115 dimisso,
3308 3051 3600 3108 Christum
3654 3052 3845 3124 sequi.

2203 3140 2511 3212 Simulque
2541 3139 2656 3195 duo
2682 3156 2750 3195 ex
2779 3139 2957 3196 Israel
2988 3139 3187 3212 populi
3218 3140 3645 3206 significantur.
3664 3141 3850 3198 .Prior

449 3235 1138 3308 cogitans,praesontibus
1158 3237 1213 3289 et
1229 3232 1466 3288 caducis
1489 3232 1905 3305 quasimagnis
1921 3235 2096 3303 atque
2126 3222 2169 3288 C
2207 3229 2307 3301 qui
2339 3232 2472 3284 ante
2503 3229 2816 3283 adventum
2846 3228 3077 3284 Domini
3102 3228 3297 3297 fuerit,
3327 3234 3383 3285 et
3414 3229 3696 3302 posterior
3741 3230 3849 3302 qui

446 3323 743 3399 perpetuis
782 3322 1123 3379 delectatur.
1154 3323 1224 3377 Et
1260 3326 1393 3384 post
1421 3322 1649 3377 diversa
1676 3322 1716 3390 ν,
1750 3338 1877 3393 quae
1909 3320 2097 3377 solent
2205 3317 2631 3374 Antichristum
2663 3334 2767 3390 pro
2785 3316 3012 3373 Christo
3045 3322 3428 3391 suscepturus
3457 3323 3575 3376 est:
3599 3323 3654 3376 et
3684 3320 3846 3392 quod

450 3412 790 3469 hominibus
820 3409 1080 3466 accidere
1102 3410 1161 3465 in
1192 3411 1309 3466 vita
1339 3427 1465 3479 sua,
1483 3415 1659 3482 atque
1672 3409 1909 3477 mutari,
1929 3409 2095 3480 quasi
2208 3408 2365 3479 prior
2394 3424 2508 3463 non
2536 3406 2771 3480 penitus
2801 3407 2880 3462 sit
2908 3406 3173 3478 abjectus
3227 3408 3443 3479 (prima
3493 3407 3708 3481 quippe
3746 3409 3851 3465 Ec-

436 3500 780 3576 -generalem
811 3500 984 3556 infert
1012 3500 1083 3554 de
1110 3503 1295 3555 morte
1326 3500 1699 3566 sententiam,
1732 3500 1889 3570 quod
1922 3498 2095 3554 innu-
2206 3496 2383 3552 clesia
2410 3513 2477 3552 ex
2499 3495 2716 3551 Judaais
2745 3500 2804 3550 et
2822 3495 3101 3567 apostolis
3130 3502 3483 3568 congregata
3518 3497 3651 3569 est),
3681 3500 3741 3552 et
3766 3509 3775 3563 ζ
3787 3497 3851 3553 in

452 3589 751 3649 morabilis
808 3588 1126 3645 multitudo
1174 3588 1442 3656 intereat,
1493 3592 1548 3644 et
1578 3587 1863 3660 paulatim
1894 3604 2100 3643 consu-
2208 3588 2321 3640 line
2350 3584 2558 3654 Judaei,
2582 3584 2683 3656 qui
2708 3583 3132 3639 Antichristum
3152 3600 3254 3657 pro
3270 3584 3495 3641 Christo
3514 3586 3852 3659 suscepturi

420 3685 647 3737 vmatur
676 3683 735 3736 et
762 3682 1047 3745 transeat,
1101 3694 1457 3750 unoquoque
1500 3677 1560 3732 in
1606 3694 1713 3733 suo
1759 3676 1885 3733 loco
1916 3675 2122 3732 alium‘

451 3768 836 3842 relinquente,
896 3772 953 3824 et
1007 3783 1245 3825 rursum
1305 3765 1511 3837 alium,
1561 3781 1896 3824 successore
1969 3782 2099 3821 mo-

446 3860 656 3917 'riente.
672 3881 702 3911 »
762 3902 767 3907 .

525 3949 803 4023 Origenes
827 3953 887 4007 et
913 3946 1248 4004 Victorinus
1270 3962 1387 4003 non
1422 3944 1676 4002 multum
1708 3945 1860 4002 inter
1897 3960 1959 4002 se
2011 3943 2099 3999 di-

400 4220 404 4227 ς
424 4194 427 4197 ·
453 4180 685 4238 testantis
698 4192 877 4252 quam
894 4178 1624 4252 posteritatisvosconveni
1635 4183 1675 4235 t.
1704 4176 1947 4252 Inferior
1958 4193 2099 4249 quo-

453 4268 569 4325 que
610 4249 988 4325 expositionis
1029 4255 1089 4325 ὃ.
1126 4250 1387 4325 Gregorii
1434 4249 1914 4325 Neocaesariensis
1959 4265 2097 4325 con-

398 4347 405 4353 ·
444 4320 644 4379 textus
672 4320 754 4379 sic
776 4324 1176 4395 reponendum
1206 4320 1433 4395 probat.
1462 4321 1617 4395 _Olim
1674 4320 1959 4395 Alcuinus
2011 4320 2093 4376 ita

400 4416 413 4422 ·
451 4396 671 4468 legerat
689 4410 793 4451 seu
825 4393 1149 4450 mutaverat
1178 4393 1245 4449 ex
1278 4393 1553 4468 ingenio:
1579 4393 1694 4468 _Qui
1720 4400 1772 4447 et
1817 4394 1877 4468 in
1923 4400 2095 4468 natu-

450 4463 641 4522 ra'sua
693 4481 904 4538 pauper
956 4468 1132 4537 factus
1184 4468 1305 4538 est,
1346 4463 1459 4518 non
1498 4463 1702 4519 habens
1739 4464 2092 4534 sapientiam,

445 4539 599 4594 mala
618 4536 816 4594 omnia
836 4539 1146 4608 deferendo,
1182 4536 1326 4608 Vidi,
1349 4540 1459 4589 etc.

404 4622 407 4627 ‘
482 4650 487 4651 κ
520 4611 537 4645 ¹
567 4609 848 4666 Alcuinus
878 4594 1187 4679 exaggerat
1207 4606 1278 4661 ad
1302 4594 1752 4679 huncjmodum:
1786 4605 2088 4679 Antequam
2121 4594 2164 4657 Ι)
2195 4608 2253 4679 et
2283 4594 2582 4679 Marianus

441 4683 676 4737 secundo
732 4675 1297 4750 nascenteI'lempore
1348 4677 1603 4750 legitimo
1676 4675 2087 4750 duoqhomines

396 4776 404 4783 ·
442 4754 670 4824 fuerint.
704 4754 856 4808 Alter
877 4750 1143 4824 carnalis,
1167 4747 1311 4804 alter
1344 4747 1676 4824 spiritualis.
1711 4748 1817 4816 Qui
1842 4764 1966 4824 vero
1994 4749 2089 4824 __ad

440 4819 694 4888 meliora,
726 4828 834 4879 etc.
869 4822 994 4877 Non
1026 4825 1115 4876 est
1144 4836 1335 4891 porro,
1374 4819 1542 4891 quod
1601 4835 1893 4874 moneam.
1916 4819 1964 4874 Y
1994 4819 2087 4875 lit-

442 4901 629 4951 teram
664 4895 845 4950 fuisse
874 4890 1286 4965 antiquisbivii
1318 4890 1678 4947 ad’virtutes
1738 4895 1839 4946 aut
1886 4892 1956 4946 ad
2011 4891 2089 4946 vi-

443 4967 524 5025 tia
554 4966 906 5025 svmbolum.

512 5031 628 5110 ’Et
654 5046 770 5110 post
793 5038 1116 5110 Ylitteram,
1149 5038 1258 5110 etc.
1297 5032 1587 5110 omittunt
1630 5048 1773 5110 mss,
1834 5031 2087 5110 litteram

440 5109 510 5182 Y,
544 5104 678 5166 licet
706 5109 1034 5182 aliquando!
1053 5107 1269 5179 scripta
1295 5106 1608 5182 videretur,
1632 5108 1709 5182 ut
1738 5104 1910 5182 _facile
1945 5121 2088 5182 _pro-

442 5174 567 5252 bari
601 5186 788 5252 potest
806 5174 886 5237 'ex
905 5180 1153 5236 lectione
1171 5174 1602 5252 exemplarium
1626 5174 2088 5252 C9_rbeiensium,

442 5251 507 5306 Et
562 5246 623 5306 hi
672 5256 790 5322 post
848 5254 1091 5309 litteram
1148 5246 1609 5322 philosophorum.
1669 5246 1813 5301 Nam
1852 5248 2086 5322 ‘exscrif

442 5326 635 5446 Eteres
661 5318 883 5394 antiqui
916 5340 1029 5379 non
1062 5318 1456 5393 intelligentes
1482 5334 1759 5373 arcanum
1815 5318 2089 5375 elementi

486 5394 643 5446 uius.
676 5399 980 5446 mutarunt
1013 5411 1048 5446 η
1080 5394 1139 5446 in
1170 5393 1249 5446 hi.
1281 5391 1430 5446 Hinc
1459 5390 1517 5445 in
1550 5388 1907 5446 supradictis
1940 5407 2083 5445 mss.

486 5394 643 5466 ujus,
676 5388 980 5450 mutarunt
1011 5411 1048 5466 y
1080 5394 1139 5448 in
1170 5388 1430 5447 hi.'Hinc
1459 5390 1525 5466 in
1550 5388 1907 5466 supradictis
1940 5407 2083 5466 mss.

439 5473 492 5538 et
522 5462 580 5519 hi
595 5470 718 5534 post
748 5462 1146 5538 litteram,'pro
1171 5470 1245 5538 _et
1268 5471 1386 5538 post
1418 5479 1450 5534 y
1482 5462 1745 5538 litteram.
1811 5462 2083 5538 {Ejusdem

441 5532 646 5590 littera:
674 5553 712 5607 y
771 5532 1061 5591 meminit'
1095 5532 1280 5591 infra‘
1315 5535 1375 5588 in
1422 5532 1612 5605 caput
1641 5549 1676 5586 x
1708 5532 2084 5589 Ecclesiastes.

438 5608 717 5661 Murrum.

509 5678 531 5713 ³
560 5679 747 5748 Homo,
781 5676 938 5733 homo
958 5679 1009 5733 si
1038 5676 1297 5734 voluerit.
1330 5674 1478 5730 Alibi
1510 5673 1782 5748 legimus,
1806 5677 1856 5729 si
1902 5676 2087 5748 volue-

437 5750 516 5809 rit
536 5750 679 5809 illud
705 5746 797 5809 vel
825 5750 986 5807 illud.
1019 5750 1086 5807 Et
1116 5753 1250 5822 post
1295 5763 1483 5819 pauca
1537 5746 1796 5816 Origenis
1845 5747 2085 5822 adjutor.

2208 3678 2369 3741 sunt,
2399 3690 2515 3729 non
2537 3674 2805 3729 lmtentur
2832 3673 2893 3728 in
2922 3672 3168 3729 Christo.

2284 3788 2305 3815 ι
2340 3763 2582 3820 Custodi
2622 3763 2828 3835 pedem
2854 3767 3049 3831 tuum,
3080 3779 3214 3818 cum
3270 3763 3434 3819 vadis
3478 3763 3548 3820 .in
3604 3764 3851 3821 domum

2208 3853 2331 3924 Dei,
2364 3857 2422 3908 et
2449 3852 2874 3925 appropinqua,
2895 3855 2962 3907 ut
2990 3852 3217 3908 audias.
3250 3856 3473 3908 Donum
3502 3851 3661 3909 enim
3696 3853 3852 3909 insi-

2210 3942 2474 4013 pientum
2504 3940 2857 3997 sacriﬁcium
2883 3941 2939 4008 7-,;
2972 3939 3113 4011 quia
3131 3938 3419 4010 nesciunt,
3434 3939 3590 4011 quod
3603 3938 3849 4011 faciunt,

2206 4175 2314 4232 Sed
2346 4172 2657 4231 manifesto
2688 4172 2833 4244 satis
2858 4188 3083 4240 errore;
3111 4171 3245 4244 quis
3273 4172 3431 4227 enim
3453 4170 3851 4244 nesciatﬂre-

2246 4246 2436 4303 orium
2469 4244 2631 4301 Ponti
2663 4243 3003 4316 episcopum
3025 4243 3350 4300 auditorem
3378 4243 3585 4309 fuisse,
3643 4243 3703 4298 id
3744 4248 3850 4299 est

2246 4265 2436 4303 onum
2469 4265 2631 4301 t’ODEl
2663 4265 2858 4316 BPISCO
2904 4265 3003 4299 11111
3025 4265 3350 4300 αυαιιοτθω
3381 4265 3585 4309 ιιιιεεθ,
3643 4265 3669 4297 ιιι

2207 4265 2562 4390 giscipulum
2595 4265 2900 4390 Origenisg
2931 4316 3269 4390 Mamm.‘_
3495 4386 3522 4390 Α.
3664 4356 3669 4361 ,

2277 4384 2499 4444 -Ὁυο
2553 4384 2804 4443 Palatini
2861 4391 2917 4442 et
2961 4387 3148 4444 Vatic.
3206 4386 3269 4441 Si
3322 4386 3525 4441 noverit
3565 4384 3711 4441 illud
3770 4386 3851 4443 vel

2205 4459 2435 4600 ιΗίιίέέειο
2464 4546 2588 4585 vero
2657 4531 2854 4600 raefero
2886 4528 3368 4596 adolescentulum,
3400 4531 3508 4585 etc.
3562 4526 3852 4585 Erasmus

2205 4608 2253 4656 at
2283 4603 2582 4656 Marianus
2612 4545 2768 4655 guno
2791 4599 2983 4655 locum
3008 4612 3248 4656 prorsus
3304 4600 3683 4656 depravatum
3734 4600 3851 4656 edi-

2657 4616 2768 4655 unc
2791 4614 2983 4655 locum
3008 4614 3248 4657 DPOPSUS
3304 4614 3683 4657 depravatum
3734 4614 3851 4656 em-

2195 4616 2253 4659 et
2284 4616 2582 4658 Marianus
2612 4616 2768 4655 nunc
2791 4616 2983 4655 locum
3008 4616 3248 4672 prorsus
3304 4616 3683 4669 depravatum
3734 4616 3850 4656 θω-

2195 4676 2427 4740 derunt,
2460 4673 2662 4745 legunt
2691 4671 2869 4738 enim,
2902 4672 3009 4742 Ego
3052 4689 3176 4728 vero
3238 4670 3492 4742 intelligo
3536 4669 3850 4745 adolescen-

2196 4747 2373 4801 tulum
2415 4741 2715 4816 pauperem
2743 4745 2791 4797 et
2822 4741 3141 4816 sapientem,
3201 4757 3328 4816 rege
3381 4741 3507 4816 sene
3554 4741 3852 4816 meliorem

2197 4826 2247 4873 et
2275 4810 2459 4872 stulto.
2493 4810 2621 4870 Haec
2640 4831 2752 4869 non
2786 4810 3131 4870 est'locutus
3168 4810 3497 4885 Gregorius
3553 4810 3854 4885 Thauma-

2198 4894 2426 4960 turgus,
2456 4887 2581 4960 sed,
2609 4889 2679 4960 ut
2693 4901 2798 4957 ego
2829 4885 3077 4960 restitui,
3102 4882 3343 4960 adjutus
3364 4886 3630 4960 contextu
3646 4882 3852 4960 Gneo

2197 4955 2555 5015 sanctissimi
2578 4955 2798 5028 virihet
2830 4957 3225 5028 mss._Latinis
3282 4956 3511 5028 optima:
3561 4959 3739 5011 notae.
3790 4955 3849 5010 In

2197 5032 2392 5087 Graeco
2423 5033 2513 5101 est
2535 5027 2674 5101 Ἐγώ
2715 5023 2771 5079 δὲ
2800 5026 3096 5101 προκρίνω,
3159 5029 3214 5084 id
3264 5023 3371 5094 est,
3431 5041 3525 5095 ego
3573 5041 3700 5082 vero
3758 5043 3852 5082 aa-

2198 5100 2512 5175 tefero__sive
2537 5101 2794 5175 praefero.
2826 5100 3105 5175 Μδητιω.

2268 5205 2336 5215 —-
2362 5169 2809 5228 Unus—Palatin.
2858 5173 2924 5226 Et
2966 5172 3265 5242 sapientem
3300 5169 3580 5225 meliorem
3627 5170 3758 5223 seni
3796 5176 3849 5224 et

2196 5248 2335 5315 regi,
2365 5250 2417 5300 et
2443 5243 2625 5299 stulto.

2268 5308 2647 5371 is'Laodicenus
2700 5315 2986 5384 interpres,
3028 5317 3136 5367 etc.
3182 5308 3541 5384 Apollinaris,
3563 5314 3657 5384 est
3711 5309 3850 5366 Lao-

2197 5388 2441 5443 dicenus
2473 5385 2652 5457 Syriae
2684 5381 3013 5457 episcopus,
3047 5384 3146 5457 qui
3177 5381 3487 5457 in'sanctas
3506 5381 3846 5457 §cripturas

2196 5452 2650 5538 innumerabilia
2661 5452 2896 5538 scripsit
2909 5452 3238 5538 volumina;
3242 5452 3488 5510 Consule
3499 5452 3846 5526 Catologum

2197 5530 2559 5602 Scriptorum
2585 5526 3149 5602 _Ecclesiasticorum.
3183 5527 3464 5602 MARTIAN.

2266 5594 2364 5656 διὶι
2392 5604 2511 5672 post
2565 5599 2799 5672 diversa,
2860 5603 2968 5653 etc.
3020 5598 3361 5653 Corbeinses
3418 5611 3561 5651 mss.
3622 5594 3691 5649 Et
3748 5610 3848 5666 per

2196 5671 2414 5755 diverse
2448 5688 2586 5743 quae,
2617 5674 2706 5754 etc
2737 5671 3024 5755 M'An'rxam.
3059 5741 3068 5755 ο

2282 5736 2519 5803 τοοπτίτη
2573 5736 2726 5802 enim
2780 5741 3164 5816 insipientium
3237 5738 3591 5813 sacriﬁcium.
3664 5736 3843 5796 Nunc
