3992 6400
188 372 363 531 W

1199 436 1827 531 consummes
1868 441 1949 509 IN
1990 442 2597 529 scenssms'rnu.

3444 439 3619 521 11095

197 572 450 635 malum.
484 594 515 625 »
545 576 841 650 Praecpta
863 575 965 635 dat
981 574 1133 646 vitae,
1154 580 1239 634 ett
1254 594 1372 634 non
1392 577 1519 633 vult
1542 595 1647 633 nos
1670 578 1843 634 olfen-
1878 584 1933 650 Α
1963 583 2256 640 somnium
2343 582 2899 658 conprehendimus,
2977 584 3136 660 quod
3216 585 3417 647 tenere
3493 598 3629 649 nos:

200 673 339 735 dere
367 678 574 733 euntes
596 676 670 731 ad
685 675 1023 732 Ecclesium.
1041 676 1166 735 Non
1180 676 1336 732 enim
1360 676 1587 748 ingredi
1610 676 1852 732 domum

199 762 331 831 Dei,
361 763 462 820 sed
494 764 623 821 sine
654 765 974 822 oil‘ensione
1017 765 1265 838 ingredi,
1318 764 1509 821 laudis
1555 768 1663 820 est.
1705 769 1773 820 Et
1803 765 1851 822 si

200 856 359 915 esset
378 851 648 911 omnium
690 852 793 925 qui
844 858 983 908 sunt
1030 854 1091 909 in
1141 852 1394 910 Ecclesia
1441 853 1617 918 Dei",
1652 854 1853 910 audire

198 956 556 1009 sermonem,
589 957 894 1013 nunquam
947 940 1292 1010 addidisset,
1340 944 1750 1015 apprOpinqua,
1795 946 1854 998 ut

199 1030 406 1089 audias
454 1028 647 1101 (Exod.
696 1046 851 1100 xxrv,
901 1035 932 1086 2
978 1034 1030 1086 et
1074 1034 1268 1102 seqq.).
1320 1029 1580 1102 Denique
1628 1031 1855 1103 Moyses

200 1118 365 1183 solus
394 1133 573 1190 prope
604 1118 915 1175 accedebat
935 1119 1009 1174 ad
1032 1118 1391 1174 audiendum
1418 1123 1636 1175 Deum:
1666 1119 1853 1175 caeteri

203 1207 479 1269 accedere
510 1222 626 1262 non
656 1204 950 1263 valebant.
982 1206 1145 1271 Quod
1191 1205 1356 1262 stulti
1400 1207 1726 1263 nescientes
1766 1223 1852 1262 re-

204 1294 465 1357 medium
488 1311 616 1351 esse
638 1294 877 1366 peccati,
902 1294 1195 1352 aestimant
1220 1294 1511 1351 oblatione
1542 1312 1853 1352 munerum

204 1383 324 1440 Deo
354 1382 691 1440 satisfacere
720 1398 782 1438 se
813 1400 1005 1455 posse,
1054 1388 1113 1439 et
1155 1383 1430 1455 ignorant
1471 1384 1582 1439 hoc
1621 1400 1855 1455 quoque

206 1472 440 1537 malum
464 1488 593 1529 esse
608 1476 782 1543 atque
804 1476 1126 1543 peccatum,
1151 1489 1268 1527 non
1291 1472 1621 1528 obedientia
1642 1478 1695 1527 et
1720 1489 1853 1543 ope-

207 1562 376 1621 ribus
406 1559 598 1630 bonis,
633 1560 732 1616 sed
764 1561 935 1617 donis
964 1564 1023 1616 et
1052 1560 1305 1617 victimis
1335 1562 1645 1618 emendare
1686 1560 1852 1627 velle,

207 1650 368 1724 quod
400 1649 658 1706 fecerint.
691 1649 835 1705 lluic
865 1650 1137 1721 congruit
1163 1648 1308 1705 illud
1335 1651 1492 1722 quod
1542 1649 1681 1706 alibi
1711 1648 1853 1705 dici-

206 1742 343 1795 tur:
380 1737 759 1797 Ubedientiam
787 1754 955 1810 super
982 1739 1323 1808 sacriﬁcium
1354 1741 1400 1808 (l
1449 1740 1573 1810 Reg.
1618 1755 1707 1804 xv,
1739 1738 1852 1808 21).

205 1826 278 1883 Et
300 1845 314 1883 :
337 1826 766 1901 Misericordiam
787 1826 932 1897 volo,
953 1835 1131 1883 etnon
1154 1829 1489 1899 sacriﬁcium
1510 1828 1849 1900 (Oseevr,6).

281 1916 445 1988 (Cap.
476 1915 569 1986 V).
603 1937 632 1968 «
665 1914 795 1971 Noli
826 1915 1104 1972 festinare
1130 1916 1191 1971 in
1223 1933 1320 1972 ore
1343 1922 1465 1982 tuo,
1489 1921 1547 1972 et
1566 1933 1666 1972 cor
1686 1920 1855 1972 tuum

204 2022 324 2066 non
351 2004 588 2062 festinet
607 2005 680 2060 ad
709 2004 1120 2077 proferendum
1141 2005 1387 2061 verbum
1408 2006 1430 2040 ²
1450 2004 1512 2060 in
1535 2008 1854 2077 conspectu

203 2093 330 2165 Dei,
363 2093 505 2167 quia
534 2097 686 2149 Deus
716 2092 774 2148 in
805 2093 972 2162 cmlo,
1000 2098 1057 2149 et
1103 2097 1169 2149 tu
1219 2111 1399 2167 super
1444 2099 1683 2151 terram.
1718 2094 1854 2150 Pro-

206 2186 339 2256 pter
366 2182 478 2240 hoc
507 2181 627 2238 sint
653 2183 831 2238 verba
847 2186 950 2239 tua
966 2197 1169 2254 pauca,
1193 2184 1334 2255 quia
1348 2183 1539 2240 veniet
1558 2183 1854 2239 somnium

208 2273 275 2331 in
305 2270 685 2328 multitudine
716 2269 1151 2337 sollicitudinis,
1181 2277 1239 2327 et
1267 2288 1375 2329 vox
1423 2271 1755 2344 insipientis
1796 2271 1855 2325 in

207 2358 696 2434 multiplicatione
727 2375 1091 2415 sermonum.
1125 2381 1155 2409 ››
1184 2359 1453 2432 Plerique
1494 2360 1858 2415 arbitrantur

208 2450 324 2511 hoc
355 2449 415 2505 in
446 2447 721 2521 praesenti
751 2447 876 2504 loco
904 2446 1164 2520 praecipi,
1196 2465 1268 2504 ne
1295 2464 1491 2505 coram
1539 2449 1654 2504 Deo
1684 2447 1856 2505 facile

208 2537 432 2615 aliquid
465 2536 902 2610 promittamus,
933 2545 990 2594 ct
1016 2539 1143 2594 sine
1190 2537 1657 2594 consideratione
1700 2538 1851 2594 421

207 2626 424 2685 virium
455 2643 766 2683 voveamus
818 2644 887 2682 ea
914 2644 1043 2699 qua
1091 2625 1321 2699 explere
1370 2643 1487 2683 non
1514 2642 1853 2699 possumus.

206 2717 427 2775 Adesse
474 2715 693 2788 quippe
748 2720 1093 2787 praesentem
1139 2720 1324 2771 Deum
1374 2719 1432 2771 et
1478 2714 1613 2771 licet
1658 2714 1756 2771 ille
1796 2715 1855 2770 in

208 2805 377 2873 cisio,
396 2821 515 2861 nos
544 2820 674 2860 esse
701 2804 1004 2861 videamur
1050 2804 1110 2859 in
1156 2809 1347 2861 terra:
1401 2810 1599 2860 tamen
1632 2804 1853 2872 audire,

210 2911 344 2968 qua
375 2891 693 2965 loquimur,
725 2896 783 2949 et
826 2892 1226 2965 insipientiam
1265 2897 1529 2949 nostram
1581 2893 1747 2966 argui
1789 2910 1857 2949 ex

205 2981 699 3054 multiplicatione
728 2998 1089 3038 sermonum.
1121 2982 1231 3037 Alii
1262 2999 1396 3038 vero
1428 2981 1640 3038 melius
1686 2981 1855 3038 intel-

204 3071 479 3147 ligentes,
500 3070 611 3128 hoc
640 3070 876 3143 pracipi
907 3071 1225 3140 afﬁrmant,
1258 3087 1332 3127 ne
1384 3075 1486 3126 aut
1524 3070 1853 3142 loquentes,

206 3164 312 3227 aut
341 3158 665 3233 cogitantes
697 3157 830 3230 plus
859 3159 932 3215 de
959 3159 1077 3216 Deo
1124 3175 1304 3232 quam
1353 3174 1691 3231 possumus,
1733 3158 1855 3229 opi-

207 3266 423 3307 nemur
449 3265 463 3317 ;
486 3248 586 3305 sed
604 3247 864 3303 sciamus
884 3246 1346 3304 imbecillitatem
1366 3252 1650 3314 nostram,
1676 3248 1854 3319 quod,

1962 674 2344 731 aestimamus.
2376 676 2641 749 Cumque
2670 675 2841 749 plura
2865 679 2956 746 (ut
2983 677 3176 733 visum
3206 675 3377 734 nobis
3408 675 3607 745 fuerit)

1964 764 2307 831 dixerimus,
2374 766 2552 821 finem
2583 765 3007 838 disputationis
3032 770 3390 823 nostraeesse
3409 764 3608 822 stulti-

1961 854 2126 911 tiam.
2160 855 2242 910 Ex
2268 852 2639 926 multiloquio
2670 854 2828 910 enim
2858 871 2967 911 nos
3022 871 3137 911 non
3185 854 3440 925 effugere
3467 868 3608 925 pec-

1963 948 2180 1001 catum.
3128 960 3133 965 '

2039 1055 2061 1084 ι
2094 1033 2239 1089 Cum
2270 1036 2469 1088 votum
2499 1032 2706 1090 feceris
2729 1033 2846 1090 Deo
2863 1034 2903 1101 ³,
2956 1050 3028 1089 ne
3078 1032 3325 1089 moreris
3363 1032 3610 1091 reddere

1961 1121 2128 1188 illud,
2160 1121 2301 1193 quia
2327 1138 2443 1176 non
2476 1125 2568 1178 est
2596 1121 2870 1178 voluntas
2900 1121 2960 1178 in
2983 1121 3424 1194 insipientibus.
3447 1121 3608 1185 Que-

1962 1228 2193 1283 cunque
2239 1210 2464 1267 voveris
2481 1212 2522 1278 ⁴,
2573 1211 2767 1266 redde.
2818 1210 3027 1267 Melius
3080 1214 3172 1267 est
3217 1228 3331 1267 non
3380 1226 3623 1277 vovere,

1963 1316 2139 1372 quam
2178 1308 2381 1355 vovere
2432 1303 2488 1354 et
2534 1316 2650 1355 non
2708 1299 3032 1356 reddere.»
3082 1299 3341 1372 Simplex
3391 1296 3607 1359 intelli-

1961 1389 2161 1461 gentia
2187 1388 2664 1460 interpretatione
2694 1405 2809 1443 non
2841 1387 3085 1460 indiget.
3118 1386 3329 1444 Melius
3358 1390 3447 1444 est
3488 1402 3604 1442 non

1962 1478 2322 1550 promittere,
2354 1494 2532 1548 quam
2562 1477 2851 1549 promissa
2887 1494 3004 1533 non
3054 1476 3261 1543 facere,
3314 1475 3455 1548 quia
3483 1475 3606 1530 dis-

1964 1565 2218 1637 pliceant
2246 1569 2381 1628 Deo.
2412 1568 2470 1619 et
2499 1567 2651 1620 inter
2672 1565 3019 1636 insipientes
3038 1566 3472 1636 computentur,
3504 1561 3608 1634 qui

1962 1656 2096 1709 vota
2126 1669 2241 1709 non
2272 1651 2559 1723 expleant.
2594 1653 2757 1716 Quod
2789 1656 2984 1709 autem
3006 1652 3126 1708 ait:
3158 1654 3279 1708 Non
3304 1660 3385 1709 est
3412 1652 3607 1707 volun-

1962 1746 2047 1799 tas
2076 1744 2141 1798 in
2198 1741 2605 1815 insipientibus,
2669 1741 3044 1809 subauditur,
3073 1742 3191 1811 Dei,
3240 1741 3414 1812 juxta
3459 1738 3607 1796 illud

1962 1829 2225 1903 Apostoli
2254 1832 2302 1902 (Ι
2331 1830 2451 1886 Cor.
2510 1847 2627 1895 xvx,
2657 1830 2726 1884 ‘22
2757 1831 2815 1901 ):
2875 1831 2939 1885 Et
2994 1832 3179 1901 utique
3203 1846 3317 1887 non
3370 1830 3491 1901 fuit:
3513 1845 3612 1884 vo-

1968 1921 2169 1991 luntas,
2202 1928 2263 1976 ut
2290 1936 2440 1975 nunc
2467 1921 2721 1976 venirem:
2740 1918 2811 1974 ad
2840 1935 2952 1975 vos.
2987 1919 3150 1983 Quod
3186 1918 3237 1974 si
3255 1917 3530 1975 volumus
3554 1918 3616 1973 et

1965 2008 2259 2065 curiosius
2289 2007 2509 2080 aliquid
2538 2009 2750 2077 dicere,
2781 2008 3117 2081 praecipitur
3145 2007 3499 2077 Christiano,
3546 2007 3616 2061 ut

1965 2098 2140 2154 ﬁdem
2170 2114 2341 2169 opere
2370 2096 2679 2169 compleat,
2712 2100 2771 2153 et
2799 2112 2914 2153 non
2937 2097 3016 2153 sit
3036 2095 3252 2153 similis
3272 2096 3609 2153 Judaorum

1964 2187 2066 2258 qui
2093 2186 2450 2258 spondentes
2479 2190 2654 2258 atque
2683 2184 2980 2241 dicentes:
3021 2185 3239 2240 ~0mnia
3276 2198 3614 2255 quaecunque

1963 2276 2228 2330 Dominus
2271 2275 2540 2345 praecepit
2583 2275 2850 2344 faciemus
2898 2271 3089 2344 (Exod.
3140 2290 3292 2342 xxxv,
3340 2272 3417 2342 3),
3469 2272 3611 2328 ado-

1965 2368 2241 2437 raverunt
2270 2360 2442 2418 idola.
2477 2365 2544 2417 Et
2572 2365 2704 2433 post
2730 2362 3128 2417 verberatores
3153 2376 3370 2427 servos,
3394 2364 3452 2415 et
3468 2358 3612 2430 lapi-

1966 2452 2139 2507 dibus
2194 2467 2527 2524 oppressos,
2586 2449 2902 2506 novissime
2958 2450 3155 2521 ipsum
3217 2463 3451 2521 quoque
3508 2463 3610 2519 pa-

1963 2541 2071 2597 tris
2093 2539 2347 2596 familias
2378 2539 2565 2595 ﬁlium
2605 2538 3064 2594 trucidaverunt.
3114 2537 3320 2593 Melius
3342 2541 3433 2594 est
3460 2552 3600 2608 ergo

1966 2629 2282 2701 ancipitem
2313 2628 2415 2683 diu
2446 2627 2660 2683 librare
2689 2627 3040 2684 sententiam
3063 2628 3306 2699 5,quam
3328 2626 3389 2681 in
3410 2624 3610 2681 verbis

1966 2717 2196 2775 facilem
2227 2718 2288 2774 in
2317 2717 2473 2775 428
2504 2733 2675 2789 opere
2705 2733 2834 2773 esse
2864 2715 3184 2773 difﬁcilem.
3217 2716 3435 2771 Servus
3452 2713 3611 2779 enim

1968 2808 2069 2881 qui
2101 2806 2214 2863 scit
2246 2806 2605 2863 voluntatem
2636 2804 2867 2861 Domini
2897 2806 3014 2877 sui,
3045 2808 3104 2861 et
3124 2820 3240 2860 non
3261 2802 3438 2860 faciat
3456 2818 3611 2874 eam,

1964 2896 2264 2969 vapulabit
2293 2895 2535 2952 multis“
2567 2896 2717 2967 (Luc.
2750 2912 2854 2966 x11,
2884 2896 2997 2967 47).

2040 3008 2068 3035 ‹‹
2095 2986 2217 3041 Non
2251 2985 2352 3040 des
2384 3001 2450 3040 os
2480 2988 2670 3052 tuum,
2720 2988 2787 3038 ut
2837 2999 3077 3055 peccare
3122 2983 3305 3039 facias
3326 2983 3346 3016 "
3376 2996 3613 3038 carnem

1963 3078 2149 3130 tuam.
2179 3074 2249 3129 Et
2281 3089 2352 3128 ne
2384 3073 2598 3129 dixeris
2626 3072 2686 3127 in
2713 3075 3026 3142 conspectu
3058 3068 3269 3143 angeli,
3293 3068 3436 3140 quia
3452 3068 3614 3140 igno-

1964 3161 2155 3217 rantia
2183 3165 2304 3229 est;
2340 3178 2410 3217 ne
2438 3160 2725 3216 irascatur
2754 3164 2906 3216 Deus
2957 3174 3155 3230 super.
3181 3172 3381 3214 vocem
3422 3158 3609 3225 tuam,

1964 3255 2024 3307 et
2050 3250 2349 3323 disperdat
2392 3265 2567 3321 opera
2611 3264 2895 3305 manuum
2941 3260 3201 3303 tuarum.
3257 3268 3285 3296 ››
3332 3243 3613 3307 Ηθὶηυωιιε

207 3341 505 3412 quantum
533 3336 719 3394 distat
748 3336 960 3392 coelum
990 3354 1025 3392 a
1054 3340 1231 3404 terra,
1252 3339 1482 3392 tantum
1509 3342 1712 3392 nostra
1730 3336 1853 3407 opi-
1886 3321 1929 3389 C
1963 3339 2048 3397 ita
2076 3321 2298 3395 sensit:
2328 3338 2493 3403 Quod
2524 3354 2641 3393 non
2691 3341 2859 3409 potes
2903 3336 3113 3406 facere,
3163 3351 3237 3391 ne
3276 3332 3609 3406 promittas.

209 3427 377 3487 natio.
430 3444 464 3483 a
508 3431 719 3485 natura
770 3426 932 3483 illius
978 3430 1283 3499 separetur
1322 3442 1335 3480 :
1386 3430 1445 3482 et
1490 3425 1707 3481 idcirco
1756 3426 1855 3481 de-
1967 3427 2093 3484 Non
2121 3427 2279 3484 enim
2311 3426 2373 3482 in
2403 3430 2645 3483 ventum
2677 3426 2835 3482 dicta
2878 3428 3205 3494 transeunt,
3255 3424 3359 3482 sed
3400 3440 3436 3479 a
3464 3439 3611 3494 prae-

209 3518 352 3575 bere
401 3516 578 3573 verba
634 3520 837 3572 nostra
894 3530 1023 3571 esse
1082 3516 1400 3572 moderata.
1463 3515 1628 3570 Sicut
1700 3513 1858 3569 enim
1968 3515 2118 3573 senti
2152 3515 2379 3587 angelo,
2414 3514 2513 3586 qui
2557 3514 2876 3586 unicuique
2929 3513 3186 3571 adhaeret
3230 3527 3449 3579 comes,
3491 3514 3611 3571 sta-

211 3605 319 3679 qui
386 3603 448 3660 in
501 3603 705 3660 multis
758 3603 1215 3675 cogitationibus
1272 3610 1394 3670 est,
1480 3620 1548 3658 ea
1604 3602 1863 3658 somniat
1967 3604 2076 3661 tim
2107 3605 2481 3677 perferuntur
2529 3604 2602 3659 ad
2659 3603 2999 3659 Dominum.
3058 3603 3129 3658 Et
3183 3606 3246 3658 tu
3305 3601 3408 3672 qui
3438 3604 3615 3672 putas

212 3696 572 3767 frequenter,
629 3693 700 3748 de
756 3691 973 3765 quibus
1058 3692 1312 3765 cogitat:
1374 3692 1459 3748 ita
1533 3692 1635 3764 qui
1692 3696 1865 3763 plura
1971 3694 2243 3767 ignorare
2269 3692 2477 3762 Deum,
2512 3692 2667 3765 quod
2699 3691 3001 3764 pollicitus
3037 3707 3121 3758 es,
3173 3704 3451 3762 provocas
3478 3702 3615 3743 eum

211 3782 463 3845 voluerit
489 3782 565 3839 de
590 3780 894 3837 divinitate
942 3780 1249 3847 disserere,
1302 3780 1510 3836 incidit
1555 3781 1616 3835 in
1668 3779 1864 3836 stulti-
1973 3783 2045 3839 ad
2079 3782 2467 3848 iracundiam,
2510 3784 2575 3836 ut
2626 3780 2826 3836 omnia
2871 3795 3047 3850 opera
3087 3783 3191 3834 tua
3233 3775 3615 3849 dissipentur.

213 3873 385 3935 tiam.
415 3870 518 3929 Vel
549 3874 703 3931 certe
725 3869 841 3926 sic:
878 3869 1068 3927 Verba
1097 3874 1296 3927 nostra
1327 3886 1515 3943 pauca
1562 3869 1692 3925 ideo
1737 3886 1867 3925 esse
1974 3871 2086 3928 Sed
2119 3871 2177 3926 in
2209 3887 2276 3926 eo
2308 3870 2462 3943 quod
2494 3870 2614 3925 ait:
2649 3870 2711 3925 Ut
2765 3884 2878 3923 non
2918 3882 3143 3937 peccare
3194 3866 3369 3937 facias
3396 3880 3623 3922 carnem

214 3961 449 4029 debere,
481 3959 639 4031 quod
670 3958 847 4016 etiam
877 3974 946 4017 ea
974 3975 1102 4030 quae
1128 3974 1302 4015 nosse
1334 3975 1441 4015 nos
1488 3958 1867 4025 arbitramur,
1975 3965 2151 4029 tuam,
2203 3976 2315 4016 non
2388 3957 2697 4030 diligenter
2773 3954 3119 4023 eventilans,
3175 3954 3257 4013 ita
3313 3951 3621 4019 intellexit,

216 4066 323 4124 per
351 4046 654 4121 speculum
711 4046 981 4103 videmus
1036 4052 1096 4103 et
1140 4047 1201 4102 in
1250 4046 1582 4120 aenigmate,
1632 4051 1690 4101 et
1713 4045 1873 4102 velut
1979 4047 2150 4120 quasi
2181 4046 2443 4113 dixisset,
2473 4046 2598 4100 Non
2625 4045 2727 4099 des
2760 4060 2825 4098 os
2852 4048 3044 4113 tuum,
3077 4046 3143 4099 ut
3188 4058 3306 4098 non
3353 4054 3557 4113 pecces
3579 4040 3622 4095 ⁸.

2056 4190 2076 4222 ³
2126 4189 2243 4244 Non
2289 4186 2381 4242 des
2423 4202 2479 4242 os
2521 4190 2675 4241 tuum
2721 4191 2783 4239 ut
2827 4199 2936 4239 non
2972 4199 3177 4255 pecces.
3227 4183 3331 4255 Hic
3376 4181 3634 4255 locusest

1988 4259 2256 4320 absentia
2284 4257 2581 4329 particulae
2614 4256 2884 4327 negantis
2914 4252 3030 4311 non
3102 4260 3252 4312 otest
3297 4254 3481 4325 intelli
3526 4252 3539 4266 '
3572 4254 3634 4309 in

1989 4335 2160 4382 antea
2190 4328 2590 4382 editislibris:
2623 4344 2815 4382 neque
2861 4343 2997 4382 vero
3045 4272 3236 4382 (licere
3283 4270 3634 4382 notuitﬁie-

1989 4328 2590 4388 anteaeditislibris:
2623 4344 2815 4399 neque
2861 4343 2997 4383 vero
3045 4328 3236 4383 dicere
3283 4328 3474 4400 potuit
3498 4328 3636 4381 Hie-

1989 4420 2116 4459 ron.
2151 4402 2458 4458 Hebraeum
2492 4417 2670 4456 suum
2700 4396 3112 4471 praeceptorem
3143 4396 3296 4471 “non
3325 4396 3639 4471 diligenter

1990 4472 2338 4530 eventilasse
2374 4473 2528 4544 quod
2564 4466 2993 4544 dicitur,_si'ita
3021 4468 3305 4524 intellexit
3331 4466 3635 4544 qua—sinEc-

1993 4545 2297 4601 clesiastes
2326 4535 2605 4600 diiisset:
2640 4546 2761 4598 Non
2786 4535 2883 4597 des
2913 4557 2969 4597 os
2999 4544 3153 4595 tuum
3184 4544 3244 4594 ut
3267 4535 3469 4609 pecces.
3488 4535 3634 4591 Nam

218 4193 559 4249 contextum
579 4188 932 4245 subvertant
948 4193 1171 4248 veteres
1188 4189 1497 4256 editiones,
1522 4187 1623 4244 ubi
1645 4191 1871 4243 contra-

218 4263 309 4321 rio
341 4276 522 4321 sensu
553 4260 806 4331 legimus
858 4261 1032 4332 Super
1049 4260 1253 4316 donum
1296 4262 1446 4318 enim
1483 4260 1870 4331 insipientium

218 4334 567 4405 sacriﬁcium
592 4335 754 4405 tuum
775 4350 794 4387 :
824 4333 974 4404 quia,
1005 4335 1113 4405 etc.
1149 4332 1436 4389 Maurum.

218 4442 252 4465 .-
299 4406 316 4440 ί
349 4403 608 4463 Rursum
638 4404 796 4459 idem
830 4403 999 4469 mss.,
1032 4404 1095 4458 Et
1125 4406 1175 4460 si
1192 4412 1327 4459 esset
1355 4404 1602 4460 omnium
1632 4403 1877 4474 offensio,

221 4478 323 4551 qui
350 4484 486 4551 sunt
513 4477 575 4531 in
603 4475 879 4551 Ecclesia,
932 4479 1040 4530 etc.
1097 4476 1293 4551 Penes,
1326 4474 1626 4551 Alcuin..,_
1656 4475 1716 4530 Si
1744 4481 1880 4530 esset

221 4546 480 4611 Maium
506 4546 705 4603 audire
732 4562 1059 4615 sermonem,
1090 4549 1140 4604 et
1172 4547 1370 4603 divina
1399 4547 1685 4617 mysteria,
1734 4562 1879 4600 nun-

224 4636 415 4694 quem.
448 4622 556 4694 θζο-
739 4692 783 4694 __
834 4688 863 4694 ί,
1117 4688 1131 4694 _
1183 4687 1215 4694 __
1352 4687 1388 4694 __
1458 4611 1476 4616 ⁷
1628 4611 1679 4694 ς
1804 4689 1820 4694 Α
1913 4688 1945 4694 _
1994 4618 2150 4671 idem
2184 4620 2296 4694 est,
2328 4624 2402 4694 ut_
2439 4631 2624 4694 pecces
2662 4630 2748 4694 _ac
2792 4620 3146 4694 .utmpeccai'e
3200 4611 3373 4694 facias
3399 4621 3641 4694 ‘carnem

294 4692 319 4731 ³
343 4681 609 4751 Βὸεὶὶιυο
636 4704 707 4745 ex
738 4688 922 4756 Vatic,
960 4692 1018 4744 et
1038 4687 1283 4744 Palatin.
1318 4687 1519 4757 altero,
1570 4689 1641 4743 ad
1684 4689 1879 4759 profe-
1913 4688 1958 4753 D
1988 4697 2160 4745 tuam.
2197 4691 2261 4741 In
2293 4681 2569 4759 eowig'itur
2594 4683 2809 4759 minori
2842 4681 3144 4759 diligentia
3190 4682 3522 4759 contextum
3543 4694 3638 4759 sa-

232 4689 252 4694 ’
294 4692 319 4731 ³
343 4689 609 4751 Restituo
636 4704 707 4745 ex
738 4689 922 4756 Vatic,
960 4692 1018 4744 et
1038 4689 1283 4744 Palatin.
1318 4689 1519 4757 altero,
1570 4689 1641 4771 ad
1684 4689 1879 4814 prge-
1913 4689 1958 4753 D
1988 4697 2160 4745 tuam.
2197 4691 2261 4741 In
2293 4703 2368 4767 eo.
2389 4689 2569 4767 igitur
2594 4689 2809 4740 minori
2842 4689 3144 4753 diligentia
3190 4689 3522 4761 contextum
3543 4694 3638 4759 sa-

223 4761 460 4820 reudum
486 4776 810 4841 sermonem,
843 4764 978 4841 etc.,
1003 4759 1502 4841 quemadmodum
1526 4764 1581 4816 et
1608 4777 1741 4841 ipse
1809 4775 1883 4815 Ie-
1995 4775 2159 4814 crum
2186 4756 2516 4814 eventilawt
2536 4756 2834 4841 Hebrtsus,
2896 4752 3049 4825 quod
3109 4754 3401 4824 putaverit
3457 4753 3638 4821 parti-

222 4848 511 4917 ronymus
539 4830 600 4891 in
632 4848 741 4887 sua
791 4827 1271 4901 interpretatione
1317 4831 1488 4886 vertit
1535 4847 1603 4886 ex
1630 4827 1882 4887 Hebraeo
1994 4845 2188 4902 cum“
2220 4846 2548 4917 negativam
2594 4827 2686 4917 ﬁt,
2721 4841 2803 4917 ιο,Δ
2856 4841 2915 4895 id
2967 4846 3081 4917 ρει)
3141 4857 3271 4917 ποῇ’
3304 4850 3639 4917 θχρτθβεαω

226 4905 459 4983 ξενίη-ιθ.
511 4920 887 4992 Martianezus
914 4936 1065 4992 vero
1112 4920 1185 4992 ad
1232 4920 1645 4992 perferendum,
1698 4925 1761 4975 ut
1800 4920 1853 4974 vi

1994 4936 2142 4977 esse.
2208 4905 2328 4992 vel”
2351 4905 2909 4992 subintelligendam
2967 4912 3026 4966 in
3060 4912 3192 4992 boc.
3227 4905 3394 4992 loco,—
3433 4912 3643 4992 utnnou

225 4981 406 5065 detur
432 5007 503 5047 ex
529 4995 724 5046 Graeco
752 4989 849 5043 τοὺ
880 4981 1417 5065 ὲξενὲ-ίκαι-Ιϐὲϐῐίξξὶτ
1632 4981 1639 4985 ’
1993 5006 2191 5065 ριτιανδἶ
2224 4990 2366 5065 Quae
2388 4987 2557 5065 lectio
2588 4981 2805 5065 optime
2824 4983 3149 5065 respondet
3177 4981 3641 5065 interpretationi

226 5076 260 5105 '-
299 5064 324 5097 ³
356 5063 715 5136 (ἔωηίυοιωη
748 5053 942 5136 feceris
972 5053 1103 5119 Deo.
1159 5053 1263 5118 In"
1282 5061 1641 5136 editis,__cun_1
1700 5066 1889 5117 votum
1993 5053 2284 5136 superiori
2316 5060 2578 5130 ejusdem
2610 5053 2867 5136 Hebraei_
2888 5053 3157 5136 dicentis,
3192 5053 3376 5136 .Ouod.
3409 5066 3520 5106 non
3549 5065 3646 5136 po-

223 5135 461 5193 meris.
494 5134 607 5191 Sed
639 5120 847 5205 parum
880 5135 1146 5200 interest,
1182 5150 1286 5188 nec
1317 5138 1406 5189 est
1449 5120 1569 5188 ulla
1615 5134 1675 5189 in
1709 5150 1887 5190 sensu
1997 5120 2302 5202 tes‘facere,
2343 5120 2421 5186 "ne
2470 5131 2778 5205 promittas.
2820 5130 2942 5205 Hoc
2986 5130 3075 5181 est
3090 5120 3648 5205 “en.im_dice‘re,‘Ne

231 5192 508 5264 mutatio.
542 5192 833 5261 ΜΑἰνινῐΑΝ.
1128 5192 1145 5200 ’
2001 5192 2113 5259 ᾱθέ
2136 5219 2200 5257 os
2230 5192 2399 5257 turum
2430 5192 2501 5256 ad
2522 5199 2826 5273 promissa
2847 5202 3065 5252 temere
3085 5192 3648 5273 facienda_,ut_quod

306 5279 329 5312 δ
352 5276 723 5332 Martianazus
754 5280 928 5346 atque
961 5275 1061 5332 alii
1093 5274 1254 5343 editi,
1291 5280 1473 5331 votum
1503 5278 1671 5331 vovis.
2002 5291 2118 5329 non
2154 5278 2314 5345 potes
2339 5263 2675 5346 promittas,
2725 5274 2900 5346 atque
2951 5282 3153 5338 pecces
3202 5282 3318 5322 non
3348 5263 3650 5346 implendo

309 5348 332 5383 ⁸
359 5349 669 5420 Ancipitem
695 5348 796 5404 diu
825 5336 1052 5415 fibram,
1084 5351 1194 5403 etc.
1228 5336 1413 5402 Antea
1443 5348 1766 5417 legebatur,
1790 5366 1889 5403 an-
2003 5361 2130 5420 quas
2154 5336 2507 5416 promi-sisti.
2547 5336 2838 5420 Legamus
2858 5336 3059 5411 itaque
3083 5354 3223 5420 cum
3251 5353 3394 5392 mss.
3431 5336 3653 5420 codici:

233 5408 587 5492 Cipitem-diu
616 5419 920 5475 deliberare
946 5408 1299 5475 sententiam.
1332 5408 1618 5473 Maa'rl'AN.
1753 5408 1763 5416 ’

307 5492 330 5533 ⁸
376 5495 539 5547 Unus
582 5490 769 5546 Vatic.
837 5493 900 5547 Et
968 5507 1079 5547 non
1146 5492 1295 5547 fecit.
1370 5491 1653 5547 vapulabit
1712 5491 1854 5547 uiam

2003 5408 2135 5481 bus,
2165 5408 2225 5470 ut
2256 5431 2365 5469 non
2396 5432 2580 5484 pecces
2606 5408 2794 5483 {quia
2826 5409 2933 5464 hoc
2964 5408 3139 5465 modo
3170 5423 3383 5465 sensus
3431 5408 3652 5466 Hebraei

2005 5487 2269 5547 liquidus
2297 5490 2557 5547 apparet.
2592 5489 2873 5539 MARTIAN.

429 5508 539 5547 nus
591 5503 769 5546 Vatlc.
837 5503 900 5547 Εἰ
968 5507 1079 5547 non
1145 5503 1295 5553 [εστι.
1370 5503 1653 5553 vapulabit
1712 5503 1894 5553 ριαῃῑδ
2005 5503 2269 5553 ιιίιιιιίιυε
2297 5503 2873 5553 apparet.n1AaTIAN.

307 5492 330 5533 β
376 5495 539 5547 Unus
582 5492 769 5546 Vatic.
837 5493 900 5547 Et
968 5507 1079 5547 non
1144 5492 1295 5561 fecit,
1370 5492 1653 5561 vapulabit
1709 5492 1894 5561 plagis
2005 5492 2269 5558 liquidus
2297 5492 2557 5557 apparet.
2592 5492 2873 5539 MARTIAN.

233 5564 449 5619 multis.
2079 5589 2145 5598 —
2203 5558 2495 5612 Hactenus
2536 5554 2828 5611 contrario
2878 5551 3252 5622 absurdoque
3299 5566 3476 5606 sensu
3519 5548 3651 5622 abs-

309 5635 330 5668 ⁷
378 5633 506 5689 Duo
558 5633 808 5689 Palatini
858 5637 915 5689 et
976 5631 1267 5701 Vatican.,
1323 5633 1384 5688 Ut
1425 5649 1651 5703 peccare
1702 5634 1891 5703 faciat.
2008 5644 2121 5703 que
2153 5630 2403 5699 negandi
2452 5626 2746 5703 particula
2782 5623 3057 5703 obtinuit,
3108 5621 3169 5677 ut
3214 5636 3430 5703 peccare
3456 5621 3650 5698 facias:

236 5704 550 5779 hieptque
570 5705 758 5762 infra:
793 5708 851 5761 et
880 5704 1055 5779 paulo
1086 5694 1337 5775 post,'Et
1386 5694 1450 5759 ne
1505 5694 1751 5776 dissipet,
1795 5721 1896 5776 pro
2006 5694 2258 5779 Constat
2304 5694 2535 5755 vero'in
2595 5699 2705 5779 boc
2736 5700 2893 5751 textu
2921 5694 3652 5779 “Hebraeumhliieronymi

241 5780 296 5835 σε
326 5764 630 5850 ἀίδρὲνάαε·
880 5764 898 5779 ’
1087 5764 1105 5775 ’
1227 5764 1238 5773 ’
1638 5764 1651 5776 ”
1737 5764 1748 5773 ⁷
1796 5764 1812 5776 ⁵
2008 5776 2420 5844 praeceptorem
2453 5764 3653 5842 nos,ipsamparticulam,diligcn¢crcven-
