3992 6394
368 452 551 522 1107‘

1602 458 1669 522 S.
1715 455 2028 523 EUSEBII
2062 454 2539 524 ‘HIERONYMI.

3614 410 3801 515 ires

369 591 548 650 Nobis
578 609 710 650 vero
737 589 881 650 alter
900 607 1110 651 sensus
1128 592 1375 661 videtur,
1400 594 1554 666 quod
1582 597 1903 666 arguantur
1926 593 2007 658 hi,
2042 595 2097 658 Α
2130 595 2357 664 negotio
2387 611 2398 648 :
2435 594 2574 666 quia
2599 592 2860 650 excelsus
2891 606 3068 667 super
3092 588 3385 650 excelsum
3417 589 3672 659 cusodit,
3725 595 3793 647 et

370 682 469 755 qui
498 683 570 738 de
590 682 725 738 vitio
756 683 949 738 carnis
983 684 1345 755 queruntur1
1378 687 1435 739 et
1467 683 1651 750 aiunt,
1702 700 1763 739 se
1806 699 2012 755 corpe-

370 771 456 827 ris
485 772 829 827 necessitate
875 772 1212 843 compulsos
1265 788 1332 827 ea
1380 774 1586 837 facere,
1638 788 1765 843 quae
1804 770 2014 838 nolint,

375 860 701 916 secundum
732 859 877 916 illud
907 860 1169 933 Aposteli
1201 864 1371 929 (Rom.
1406 878 1506 926 vu,
1542 860 1629 931 15)
1657 878 1668 916 :
1701 862 1817 916 Non
1847 862 2014 929 enim,

369 948 511 1022 quod
538 950 677 1016 volo,
708 949 806 1006 hoc
853 966 978 1020 ago,
1008 951 1099 1005 sed
1146 951 1286 1024 quod
1330 951 1476 1018 nolo,
1526 954 1584 1005 et
1627 954 1852 1005 caetera.
1886 949 2015 1004 Noli

369 1037 590 1110 itaque,
617 1038 718 1105 ait,
771 1055 952 1093 vanas
1000 1040 1404 1095 excusationes
1454 1055 1732 1110 quaerere,
1783 1044 1840 1093 et
1879 1038 2017 1093 dare

372 1127 737 1183 occasionem
764 1127 925 1182 carni
956 1131 1070 1182 tuae
1122 1128 1192 1182 ad
1254 1128 1634 1199 peccandum,
1695 1131 1751 1182 et
1782 1127 2013 1181 dicere:

370 1214 499 1272 Non
532 1232 637 1288 ego
667 1232 860 1288 pecco,
914 1216 1012 1271 sed
1075 1217 1229 1288 quod
1288 1217 1514 1272 habitat
1569 1216 1630 1271 in
1687 1231 1859 1271 carne
1887 1231 2018 1270 mea

372 1309 698 1377 peccatum.
734 1305 990 1376 Denique
1021 1305 1080 1360 in
1112 1321 1178 1360 eo
1208 1305 1334 1361 loco
1384 1307 1483 1361 ubi
1534 1306 1654 1362 ait:
1702 1307 1778 1361 Ne
1806 1305 2017 1360 dixeris

367 1410 551 1450 coram
575 1395 790 1463 angelo,
853 1395 985 1464 quia
1042 1396 1357 1465 ignorantia
1414 1404 1513 1461 est,
1571 1394 1782 1467 Aquila
1834 1394 2016 1448 inter-

367 1486 608 1554 pretans
627 1482 869 1537 verbum
887 1482 1236 1538 Hebraicum
1262 1500 1496 1552 ssexcn,
1517 1499 1621 1555 pre
1639 1483 1957 1551 ignorantia
1972 1483 2011 1545 ε,

370 1568 621 1625 ἀκούσιον
671 1570 994 1642 transtulit,
1050 1571 1106 1625 id
1151 1576 1259 1638 est,
1331 1588 1443 1628 non
1509 1575 1890 1643 spontaneum.
1955 1570 2014 1625 Si

369 1660 548 1729 enim,
581 1660 794 1731 inquit,
844 1660 954 1715 hoc
995 1660 1232 1728 dixeris,
1284 1660 1467 1716 Deum
1520 1676 1798 1732 provocas
1849 1658 2015 1731 quasi

369 1752 667 1805 auctorem
698 1748 836 1803 mali
863 1752 1039 1819 atque
1071 1748 1313 1819 peccati,
1349 1752 1413 1804 ut
1442 1748 1648 1813 iratus,
1682 1749 1732 1804 si
1766 1748 1907 1820 quid
1939 1746 2018 1801 vi-

369 1837 525 1893 deris
554 1837 692 1892 boni
742 1837 978 1905 habere,
1031 1837 1257 1892 auferat
1301 1838 1372 1892 de
1424 1837 1698 1893 manibus
1739 1837 1877 1892 tuis.
1910 1835 2013 1890 Vel

2127 681 2407 738 excelsior
2436 686 2525 739 est
2555 699 2731 756 super
2758 682 2892 738 illos
2924 687 2978 738 et
3009 681 3265 755 amplius
3299 685 3457 737 terrea
3486 681 3545 736 in
3577 680 3788 736 omni-

2126 771 2237 826 bus
2269 776 2359 827 est
2389 788 2487 826 rex
2516 772 2576 827 in
2609 788 2748 843 agro
2779 771 2956 827 culte.
2984 794 3011 820 »
3034 770 3245 827 Christi
3273 770 3472 826 tunica
3502 773 3791 826 contexta

2126 860 2380 932 desuper
2423 862 2597 932 (Joan.
2629 878 2724 915 xxx
2772 879 2785 929 ;
2847 862 2958 916 Luc
3012 864 3135 930 vn),
3196 876 3301 916 nec
3331 877 3366 914 a
3420 859 3791 933 crucifigen-

2125 948 2287 1004 tibus
2319 949 2504 1005 scindi
2539 950 2763 1022 petuit:
2796 953 2853 1005 et
2882 966 3016 1006 eum
3050 967 3084 1005 a
3112 965 3226 1021 quo
3256 948 3518 1005 Salvator
3555 950 3790 1005 daemo-

2126 1037 2224 1093 nia
2272 1039 2544 1108 ejecerat,
2605 1038 3004 1111 apostolorum
3075 1038 3349 1094 indutum
3401 1038 3789 1094 vestimentis

2126 1126 2290 1182 abire
2320 1127 2611 1199 praecepit.
2646 1128 2849 1199 Itaque
2880 1132 2937 1182 et
2970 1144 3077 1182 nos
3104 1127 3366 1182 nitamur
3405 1127 3787 1183 Ecclesiasten

2130 1216 2313 1270 nostri
2342 1216 2691 1271 vestimenta
2723 1233 2838 1272 non
2871 1216 3153 1285 scindere,
3186 1232 3291 1271 nec
3337 1233 3439 1288 pro
3469 1215 3787 1272 voluntate

2126 1308 2328 1359 nostra
2353 1304 2756 1376 epinatienum
2779 1322 3005 1377 pannos
3026 1305 3163 1361 hinc
3187 1305 3321 1360 inde
3339 1321 3641 1374 censuere,
3668 1305 3783 1361 sed

2128 1409 2311 1447 unum
2345 1393 2761 1465 disputationis
2811 1411 3043 1449 servare
3099 1399 3345 1461 textum,
3406 1399 3461 1449 et
3488 1396 3779 1449 eumdem

2125 1497 2366 1538 sensum
2417 1487 2472 1536 et
2518 1481 2784 1538 ordinem
2833 1483 3020 1554 sequi.
3073 1483 3263 1554 Supra
3311 1483 3571 1538 dixerat:
3606 1506 3636 1533 ‹‹
3689 1484 3785 1539 Ne

2126 1570 2338 1626 dixeris
2368 1570 2428 1625 in
2477 1575 2794 1643 conspectu
2853 1571 3067 1643 angeli,
3127 1571 3404 1643 quoniam
3434 1571 3785 1645 ignorantia

2126 1663 2233 1725 est,
2266 1675 2337 1714 ne
2368 1660 2654 1715 irascatur
2687 1660 2835 1714 Deus
2867 1676 3044 1731 super
3072 1676 3269 1716 vocem
3302 1664 3485 1729 tuam,
3518 1682 3547 1709 »
3592 1664 3651 1716 et
3681 1676 3783 1716 re-

2124 1746 2321 1818 liqua:
2351 1752 2408 1802 et
2436 1749 2715 1804 adversus
2748 1765 2846 1803 eos
2878 1748 3334 1816 fueratlocutus,
3360 1750 3459 1821 qui
3491 1753 3783 1823 negarent

2127 1835 2491 1907 providentia
2519 1853 2611 1892 res
2644 1837 2938 1894 humanas
2968 1837 3111 1909 regi.
3145 1837 3295 1905 Quia
3339 1838 3520 1911 igitur
3565 1839 3779 1894 adver-

371 1929 526 1982 certe
552 1924 695 1981 talia
718 1926 1086 1991 sentientem,
1108 1926 1303 1980 tradat
1324 1927 1381 1979 in
1405 1928 1720 1998 reprobum
1748 1941 2014 1995 sensum,
2048 1959 2096 2023 B
2127 1941 2229 1980 sus
2250 1926 2271 1958 ⁵
2301 1925 2411 1980 hoc
2437 1930 2791 1997 praeceptum
2823 1926 3236 1982 suberiebatur
3283 1927 3544 1998 quaestio,
3564 1938 3567 1941 ‘
3586 1944 3779 1999 quare

371 2018 441 2071 ut
470 2013 651 2070 facias
679 2029 746 2069 ea
771 2030 900 2084 quae
934 2030 1048 2068 non
1071 2014 1442 2069 conveniunt.

446 2123 475 2152 «
505 2101 652 2167 Quia
680 2101 740 2156 in
774 2100 1154 2157 multitudine
1185 2102 1552 2158 somniorum
1604 2108 1660 2159 et
1703 2106 2010 2177 vanitates,

369 2194 428 2248 et
452 2191 629 2246 verba
658 2190 931 2263 plurima.
957 2191 1067 2245 Sed
1101 2190 1284 2246 Deum
1308 2191 1467 2247 time.
1502 2214 1528 2241 »
1549 2192 1617 2246 Et
1646 2192 1803 2249 hunc
1825 2194 2017 2251 locum

371 2280 455 2336 ita
505 2279 727 2336 Hebraei
775 2278 1126 2335 edisserunt.
1181 2280 1296 2335 Nec
1344 2280 1649 2352 superiora
1695 2283 1894 2352 facias,
1949 2284 2020 2340 de

370 2369 586 2441 quibus
608 2369 734 2441 jam
762 2368 985 2424 dictum
1015 2372 1123 2434 est,
1176 2384 1246 2423 ne
1299 2369 1464 2425 facile
1514 2371 1760 2426 somniis
1793 2373 2015 2429 credas.

370 2460 515 2516 Cum
543 2456 701 2514 enim
733 2456 963 2513 diversa
990 2456 1205 2514 videris
1236 2475 1339 2529 per
1369 2462 1717 2515 nocturnam
1735 2461 2019 2533 quietem,

373 2555 429 2603 et
475 2546 654 2604 variis
701 2545 899 2601 anima
941 2545 1116 2602 fuerit
1163 2546 1453 2619 exagitata
1511 2549 1853 2617 terroribus,
1901 2551 2020 2606 sive

372 2635 613 2691 incitata
678 2633 1006 2706 promissis,
1067 2639 1128 2689 tu
1159 2651 1227 2690 ea
1255 2639 1580 2703 contemne,
1627 2655 1753 2709 quae
1806 2638 2019 2694 somnii

375 2727 533 2781 sunt.
569 2724 636 2777 Et
662 2722 856 2777 solum
885 2722 1069 2777 Deum
1098 2723 1259 2778 time.
1310 2725 1464 2780 429
1513 2726 1620 2791 Qui
1669 2725 1823 2782 enim
1869 2744 2023 2783 som-

371 2810 488 2867 niis
517 2810 848 2878 crediderit,
882 2810 1238 2866 vanitatibus
1284 2828 1346 2867 se
1402 2816 1461 2867 et
1518 2813 1752 2884 ineptiis
1808 2817 2018 2871 tradet.

372 2899 586 2957 Aliter:
636 2898 782 2963 Quia
831 2898 949 2954 dixi
998 2902 1174 2969 atque
1226 2900 1507 2972 praecepi:
1543 2922 1571 2951 ‹‹
1625 2906 1751 2958 Non
1801 2904 1903 2960 des
1956 2921 2022 2960 es

372 2992 566 3055 tuum,
600 2991 665 3042 ut
694 3002 931 3058 peccare
961 2986 1139 3042 facias
1171 3003 1402 3043 carnem
1434 2992 1621 3058 tuam,
1656 3012 1685 3040 ››
1713 2995 1769 3046 et
1795 3008 2021 3063 quaeras

374 3078 568 3136 varias
607 3075 1043 3131 excusationes:
1078 3075 1188 3131 hoc
1220 3093 1376 3131 nunc
1404 3076 1610 3146 infero,
1652 3081 1929 3151 quoniam
1962 3081 2019 3136 in

378 3183 585 3225 somno
615 3166 745 3220 vitm
775 3164 969 3235 istius,
1020 3168 1078 3219 et
1118 3164 1176 3218 in
1227 3165 1484 3237 imagine
1532 3168 1752 3223 umbra:
1784 3168 1956 3224 nubis
1978 3170 2020 3235 ³,

378 3272 499 3328 qua
524 3253 795 3319 vivimus,
829 3253 1018 3308 multa
1063 3270 1381 3324 possumus
1426 3254 1705 3324 invenire,
1758 3273 1886 3328 quae
1918 3275 2020 3313 no-

377 3325 470 3400 bis
500 3341 845 3398 verisimilia
862 3340 1190 3408 videantur,
1223 3347 1280 3396 et
1329 3348 1530 3399 nostra
1577 3325 1856 3401 excusare
1887 3363 2018 3418 pec-
2050 3325 2094 3392 Ο

378 3434 530 3487 cata.
564 3429 872 3500 Propterea
896 3429 1202 3496 admoneo,
1235 3434 1300 3484 ut
1342 3432 1399 3485 id
1450 3431 1640 3487 solum
1691 3450 1916 3503 caveas,
1951 3452 2024 3492 ne

379 3521 549 3592 putes
581 3517 883 3572 absentem
913 3516 1099 3572 Deum
1149 3518 1248 3573 sed
1300 3534 1435 3573 eum
1485 3521 1714 3589 timeas,
1768 3527 1825 3577 et
1872 3524 2025 3579 scias

383 3606 609 3664 cunctis
656 3604 929 3677 operibus
976 3604 1095 3660 tuis
1145 3606 1348 3661 adesse
1409 3614 1791 3679 praesentem:
1852 3615 2026 3683 teque

381 3694 547 3751 liberi
581 3693 807 3750 arbitrii
838 3692 1137 3749 conditum
1169 3710 1284 3750 non
1338 3696 1486 3767 cogi,
1531 3698 1631 3753 sed
1679 3698 1822 3755 velle
1871 3702 2025 3772 quod

382 3783 582 3841 facias.

459 3893 483 3922 ι
516 3873 576 3929 Si
616 3871 974 3928 calumniam
1006 3872 1303 3944 pauperis,
1337 3878 1393 3928 et
1439 3874 1705 3947 rapinam
1747 3876 2021 3948 judicii‘,

381 3967 438 4020 et
464 3960 785 4034 injustitias
813 3960 1029 4016 videris
1069 3961 1130 4016 in
1181 3961 1433 4033 regione,
1486 3980 1557 4020 ne
1589 3964 1818 4022 mireris
1848 3984 2025 4039 super

378 4107 582 4173 tilasse,
615 4104 858 4160 minime
885 4121 1039 4180 vero,
1073 4110 1135 4161 ut
1164 4105 1380 4178 vulgati
1432 4109 1832 4180 praeferebant,
1874 4110 2017 4166 illud

382 4193 633 4251 comma,
665 4184 728 4229 ut
756 4192 987 4251 peccare
1003 4179 1195 4246 facias,
1224 4184 1361 4251 etc.,
1394 4179 1510 4251 non
1531 4180 1840 4251 diligenter
1855 4197 2020 4237 even-

375 4248 602 4321 tilasse,
632 4251 697 4299 ut
726 4246 863 4316 quid
897 4246 1053 4321 enim
1085 4249 1240 4321 quod
1272 4246 1386 4303 non
1419 4246 1730 4321 diligenter
1750 4256 2013 4309 notatum

378 4320 450 4375 ab
484 4317 816 4399 aliquoest,
847 4317 979 4399 quis
1028 4317 1283 4399 pererat
1328 4322 1396 4374 ad
1447 4317 2015 4399 eruditionem._Nes

377 4407 522 4447 mss.
554 4387 804 4444 Palatini
833 4387 971 4455 duo,
1010 4387 1067 4443 et
1110 4388 1296 4445 Vatic.
1346 4392 1716 4447 restituendae
1750 4392 2015 4452 lectionis

377 4462 830 4519 admonuerunt.

447 4564 515 4573 -—
545 4532 650 4608 Hi_c
669 4546 801 4608 vero
821 4532 1071 4608 negandi
1090 4531 1438 4608 particulam
1465 4549 1617 4608 unus
1640 4534 1825 4608 vatic.
1852 4536 2013 4608 igno-

376 4610 487 4673 rat,
521 4609 578 4659 et
604 4602 905 4659 Palatinus
936 4601 1409 4675 alter—expungit.
1457 4606 1665 4661 Confer
1694 4601 2011 4663 Martianmi

375 4675 832 4733 adnotationem.

448 4749 461 4781 ¹
496 4748 601 4814 Qui
627 4747 694 4801 de
721 4748 855 4801 vitio
900 4747 1086 4801 carnis
1127 4755 1452 4817 queruntur.
1504 4746 1874 4803 Celbertinus
1925 4765 2018 4803 co-

374 4820 502 4889 dex,
535 4818 639 4886 Qui
667 4819 835 4873 Deum
863 4820 1044 4872 carnis
1074 4822 1397 4889 queruntur.
1462 4818 1860 4875 Cerbeienses.
1912 4821 2021 4888 Qui

374 4890 439 4946 de
460 4892 517 4945 vi
543 4891 728 4944 carnis
758 4896 1062 4961 queruntur
1087 4890 1372 4944 MARTIAN.

442 4962 464 4995 ²
525 4959 778 5015 Verbum‘
813 4959 1138 5019 Hebraicum
1186 4965 1417 5031 Segaga.
1477 4960 1644 5031 Apud
1704 4961 2015 5017 Erasmum

372 5036 710 5103 corruptum
745 5039 832 5089 est
864 5048 1104 5103 prorsus
1143 5036 1200 5086 et
1229 5031 1880 5103 mutatumAHebrarum
1913 5050 2014 5089 ne-

370 5119 505 5177 men
516 5101 677 5177 rile
687 5101 906 5177 segaga,
924 5119 1027 5177 pro
1048 5101 1418 5177 seg‘agaenim
1442 5101 1764 5177 legitﬁgzw
1784 5120 2013 5177 scaena,

370 5171 584 5255 duplex
612 5171 760 5241 Nun,
792 5171 895 5255 p'ro
925 5171 1148 5255 duplici
1177 5171 1450 5255 :Chimel;
1502 5171 1601 5255 sed
1652 5173 1810 5255 haud
1841 5174 2016 5230 dubie

368 5244 508 5369 vnidith
538 5244 1369 5319 typographico.Corbeienses
1400 5261 1544 5299 mss.
1578 5244 1781 5316 legunt
1799 5262 2011 5315 segoga.

430 5332 658 5369 ARTIAN.

430 5332 658 5369 ARTIAN.

436 5386 458 5418 ³
486 5386 565 5458 Et
580 5387 635 5439 in
667 5389 915 5454 imagine
942 5389 1159 5443 umbrae
1186 5388 1367 5442 nubis.
1405 5386 1616 5441 Eadem
1659 5387 2014 5458 exemplaria

367 5454 461 5529 hic
494 5454 649 5510 aliud
708 5459 979 5525 retinent,
1030 5464 1371 5529 sequentem
1425 5475 1632 5529 nempe
1664 5454 2007 5515 lectionem:

367 5528 637 5594 Quoniam
670 5530 729 5581 in
783 5546 970 5585 somno
1002 5528 1123 5585 vitea
1183 5532 1359 5591 istius,
1418 5540 1471 5584 et
1523 5531 1785 5598 imagine,
1817 5533 2011 5585 umbra

365 5598 614 5666 nuboque
646 5600 877 5654 vivimus
906 5604 1099 5664 multa,
1134 5607 1246 5654 etc.
1287 5602 1572 5655 Manum.

435 5672 457 5703 ὀ
484 5669 548 5724 Et
575 5672 831 5740 rapinam
854 5674 1058 5743 judicii
1088 5673 1235 5726 Editi
1269 5678 1440 5726 antea
1492 5672 1648 5739 libri,
1705 5680 1755 5727 et
1786 5675 2011 5727 ruinam

354 5758 558 5827 judicii
576 5775 596 5817 ,·
630 5761 726 5814 sed
745 5761 913 5828 falso,
931 5778 1067 5815 nam
1084 5760 1143 5814 in
1159 5760 1872 5829 Hebrieolegimusunwn
1893 5746 2009 5820 ίπιπ

364 5830 583 5911 venezel
609 5832 885 5911 mispfiat;
918 5837 968 5886 et
1018 5833 1274 5911 rapinam
1320 5832 1769 5911 JuaiciiLjuxta
1812 5833 2009 5887 omnia

360 5902 716 5973 exemplaria
765 5901 1101 5971 Hieronymi
1154 5917 1296 5955 mss.
1355 5907 1411 5955 et
1460 5901 1595 5955 LXX
1635 5903 2007 5975 interpretes,

2121 2013 2269 2085 justi
2304 2013 2660 2070 calumniam
2693 2015 3070 2082 sustinerent,
3101 2019 3159 2071 et
3188 2032 3367 2087 quare
3396 2016 3592 2087 iniqua
3618 2018 3777 2071 fiant

2128 2102 2188 2157 in
2220 2106 2334 2158 tete
2367 2103 2503 2158 orbe
2527 2103 2774 2174 judicia,
2808 2108 2864 2158 et
2890 2120 3004 2159 non
3052 2108 3141 2159 est
3187 2103 3343 2159 ultor
3389 2104 3573 2171 Deus;
3604 2121 3774 2159 nunc

2129 2191 2301 2247 infert
2332 2195 2388 2246 et
2418 2190 2608 2259 solvit,
2660 2193 2815 2263 quod
2872 2192 3088 2265 opponi
3144 2197 3388 2264 poterat,
3442 2192 3677 2249 dicens:
3709 2194 3773 2248 Si

2125 2279 2343 2335 videris
2372 2279 2727 2335 calumniam
2759 2282 3056 2353 pauperis,
3089 2281 3188 2353 qui
3219 2281 3499 2337 beatusin
3520 2285 3778 2355 Evange-

2128 2368 2206 2424 lio
2253 2369 2620 2441 praedicatur,
2672 2372 2729 2423 et
2776 2386 2868 2424 res
2909 2369 2963 2424 vi
3011 2370 3131 2442 geri
3154 2370 3195 2439 ⁸,
3245 2386 3360 2425 non
3400 2369 3657 2441 justitia,
3699 2388 3775 2427 ne

2132 2456 2384 2523 mireris,
2418 2462 2474 2512 et
2502 2458 2608 2513 tibi
2642 2474 2858 2513 novum
2903 2456 3123 2530 aliquid
3170 2476 3297 2515 esse
3337 2458 3618 2515 videatur.
3662 2459 3773 2515 Ex-

2130 2546 2326 2602 celsus
2356 2546 2574 2619 quippe
2601 2564 2778 2619 super
2797 2546 3053 2603 excelsos
3076 2547 3196 2602 haec
3219 2548 3454 2620 respicit
3475 2549 3640 2617 Deus,
3667 2548 3775 2621 qui

2132 2635 2371 2708 angelos
2418 2652 2558 2692 suos
2601 2651 2779 2708 super
2818 2636 3055 2706 judices
3101 2641 3158 2691 et
3200 2652 3366 2709 reges
3414 2641 3575 2692 terrae
3623 2654 3774 2710 prae—

2130 2724 2383 2796 pesuit",
2418 2724 2517 2796 qui
2552 2728 2801 2796 possunt
2832 2725 3033 2796 utique
3062 2724 3367 2796 prohibere
3398 2725 3769 2797 injustitiam,

2129 2817 2186 2868 et
2216 2812 2404 2884 magis
2436 2812 2494 2866 in
2520 2822 2676 2868 terra
2721 2812 2934 2883 valere,
2986 2830 3165 2884 quam
3214 2813 3429 2885 qumvis
3458 2814 3767 2870 hominum

2132 2905 2466 2974 potestates.
2499 2901 2610 2956 Sed
2642 2902 2800 2957 430
2832 2902 3108 2973 quoniam
3148 2906 3340 2958 servat
3370 2902 3429 2957 in
3477 2904 3592 2959 ﬁne
3608 2904 3772 2975 judi-

2131 2991 2308 3058 cium,
2342 2997 2396 3045 et
2444 2990 2503 3045 in
2552 2989 3061 3045 consummatione
3107 2990 3312 3045 mundi
3360 2992 3592 3062 quando
3634 3008 3769 3047 cum

2132 3082 2362 3133 matura
2391 3095 2557 3150 seges
2591 3078 2781 3149 fuerit,
2814 3083 2871 3135 et
2918 3095 3208 3135 messores
3259 3079 3540 3148 venerint,
3564 3080 3770 3150 jussu-

2132 3184 2233 3222 rus
2265 3172 2353 3222 est
2384 3171 2447 3221 ut
2475 3171 2777 3238 separetur
2823 3166 3106 3232 triticum,
3156 3170 3213 3221 et
3260 3165 3465 3223 lolium
3505 3169 3770 3224 tradatur

2130 3255 2399 3311 incendio
2424 3273 2437 3311 :
2472 3256 2600 3311 ideo
2623 3272 2779 3311 nunc
2792 3259 3155 3328 exspectatet
3175 3254 3367 3311 ditIert
3388 3257 3731 3313 sententiam
3746 3298 3759 3316 .

2132 3346 2394 3416 quandiu
2426 3361 2564 3417 ager
2613 3345 2818 3400 mundi
2865 3345 3038 3400 istius
3092 3344 3387 3400 excolatur
3404 3345 3447 3399 ⁸.
3474 3346 3633 3412 Quod
3664 3364 3768 3402 au-

2133 3438 2252 3488 tem
2311 3449 2447 3505 ager
2519 3434 2934 3504 interpretetur
3007 3434 3285 3503 mundus,
3361 3433 3644 3491 Dominus
3709 3435 3768 3490 in

2136 3521 2414 3594 parabela
2464 3522 2819 3577 zizaniorum
2880 3527 2937 3577 et
2990 3520 3164 3577 tritici
3238 3522 3506 3594 exposuit
3560 3523 3767 3594 (Matth.

2136 3612 2283 3680 XI'I).

2208 3721 2237 3748 ‹‹
2268 3697 2376 3762 Qui
2407 3697 2599 3770 diligit
2630 3701 2959 3771 argentum,
2994 3715 3108 3753 non
3139 3696 3478 3771 implebitur
3505 3704 3766 3773 argento,

2134 3791 2191 3842 et
2213 3786 2310 3857 qui
2351 3785 2543 3858 diligit
2573 3787 2826 3854 divitias,
2856 3804 2970 3843 non
3001 3787 3227 3842 fruetur
3262 3786 3365 3843 eis.
3420 3788 3531 3843 Sed
3576 3794 3632 3845 et
3661 3789 3767 3845 hoc

2132 3875 2378 3931 vanitas.
2405 3875 2467 3930 In
2516 3875 2896 3931 multitudine
2944 3877 3101 3931 enim
3122 3876 3409 3932 bonorum
3437 3876 3606 3932 multi
3632 3883 3768 3933 sunt

2134 3965 2233 4037 qui
2264 3964 2577 4019 comedunt
2624 3965 2750 4031 ea“,
2800 3968 2856 4020 et
2905 3981 3033 4035 quae
3080 3969 3169 4019 est
3215 3964 3492 4021 fortitudo
3524 3964 3761 4022 habenti

2130 4106 2229 4178 qui
2262 4106 2690 4181 transtulerunt
2745 4105 2832 4157 mi
2894 4106 3140 4179 ἁρπαγὴν
3199 4104 3483 4181 κρίματος,
3536 4114 3587 4162 et
3615 4107 3760 4162 dire-

2124 4177 2365 4250 ptionem
2386 4178 2593 4249 judicii
2621 4177 2906 4232 MARTIAN.

2197 4279 2266 4291 —
2298 4248 2485 4304 Vatic.
2518 4251 2581 4303 Et
2609 4250 2868 4320 rapinam
2886 4248 3108 4319 judicii,
3144 4254 3193 4304 et
3212 4249 3448 4320 justitiae
3476 4249 3675 4304 videris
3704 4252 3763 4303 in

2126 4323 2356 4391 regione
2380 4337 2400 4381 ,'
2433 4325 2489 4375 et
2517 4319 2691 4391 paulo
2724 4324 2856 4390 post
2886 4336 3019 4376 cum
3053 4319 3332 4376 Palatinis
3371 4320 3621 4386 duobus,
3651 4321 3764 4374 Ea:-

2123 4392 2298 4447 celsus
2325 4407 2495 4461 super
2520 4392 2793 4445 excelsum
2822 4392 3074 4461 custodit,
3127 4396 3181 4447 et
3234 4393 3555 4447 excelsiores
3606 4408 3766 4464 super

2126 4479 2240 4519 808.

2194 4565 2262 4573 ——
2312 4534 2455 4600 Quia
2500 4534 2742 4587 excelsus
2787 4548 2950 4603 super
2998 4535 3271 4589 excelsum
3327 4533 3576 4589 custodit.
3632 4534 3768 4590 Cer-

2126 4605 2395 4661 beienses
2452 4621 2595 4659 mss.
2630 4606 2772 4671 Quia
2829 4605 3076 4659 excelsus
3110 4675 3121 4676 ί
3151 4621 3317 4676 super
3370 4606 3662 4674 ercelsum,
3715 4610 3769 4659 et

2048 4689 2097 4754 D
2128 4675 2401 4754 excelsior
2427 4680 2519 4754 est
2534 4692 2699 4746 super
2726 4691 2835 4743 eos,
2867 4684 2925 4731 et
2967 4675 3224 4747 amplius
3256 4683 3419 4733 terra?
3473 4680 3549 4731 est
3577 4692 3675 4731 rea:
3710 4677 3769 4729 in

2126 4764 2260 4819 agro
2289 4748 2435 4803 culto
2468 4747 2755 4801 Maurus.

2145 4891 2159 4899 _
2198 4820 2219 4853 ⁵
2257 4819 2437 4899 lidem
2468 4823 2589 4899 tres
2620 4833 2762 4873 mss.
2795 4834 2807 4871 :
2839 4819 2980 4899 Quia
3004 4818 3183 4899 igitur
3206 4817 3460 4899 adversus
3509 4816 3615 4899 (ᾼΙ.
3662 4817 3765 4872 ad-

2126 4891 2278 4945 dunt
2332 4890 2442 4960 eos)
2502 4888 2600 4943 hoc
2644 4893 2984 4960 praeceptum
3036 4889 3433 4957 suboriebatur,
3487 4893 3540 4944 et
3600 4904 3766 4959 quare

2112 4962 2281 5033 justi,
2316 4966 2424 5016 etc.

2194 5034 2216 5067 ⁶
2247 5033 2332 5087 Ita
2361 5030 2745 5087 emendamus
2777 5047 2883 5102 ope
2911 5030 3090 5086 trium
3121 5048 3267 5099 mss,
3300 5030 3359 5086 in
3403 5030 3620 5102 quibus
3648 5045 3760 5102 une

2122 5104 2296 5159 verbo
2328 5108 2415 5159 cst
2462 5104 2657 5171 vigeri,
2708 5101 2830 5173 pre’
2861 5118 2974 5174 quo
3024 5103 3269 5174 fecimus
3315 5101 3546 5157 duobus
3576 5101 3760 5174 verbis

2122 5177 2178 5229 vi
2206 5176 2344 5244 geri.
2399 5172 2893 5228 Hactenus’vere‘
2925 5173 3119 5228 inutili
3166 5174 3430 5245 falsoque
3472 5189 3649 5231 sensu
3678 5172 3759 5228 le-

2123 5251 2284 5301 ctum
2315 5249 2406 5301 est
2435 5261 2550 5300 uno
2578 5245 2751 5299 verbo
2782 5246 2983 5314 vigere.

2193 5327 2212 5359 ⁷
2243 5329 2420 5395 Super
2440 5324 2654 5395 judires
2701 5327 2750 5395 et
2799 5340 2947 5392 reges
2994 5328 3160 5395 terra?
3201 5325 3515 5395 praeposuit.
3566 5324 3761 5395 Deerat

2125 5395 2182 5449 in
2216 5393 2334 5451 hac
2354 5393 2489 5451 vaec
2522 5394 2842 5465 propositio
2873 5412 3000 5465 quis
3030 5393 3216 5451 alium
3260 5393 3500 5450 sensum
3549 5393 3753 5465 efficit;

2122 5468 2260 5537 quia
2302 5463 2582 5538 magnum
2613 5463 2918 5520 intercedit
2947 5466 3264 5521 discrimen
3311 5467 3463 5521 inter
3503 5463 3753 5538 angelos,

2120 5536 2300 5609 posuit
2359 5536 2536 5609 super
2595 5554 2760 5605 rcges
2819 5542 3002 5603 terrae,
3062 5543 3119 5593 et
3176 5537 3413 5607 angelos
3468 5536 3761 5609 praaposuit

2122 5627 2299 5680 super
2328 5627 2493 5681 reges
2526 5614 2709 5663 terra}.
2729 5609 3012 5663 MARTIAN.

2122 5762 2139 5816 Ι
2188 5691 2207 5721 ⁸
2257 5690 2401 5745 Tres
2450 5705 2619 5755 mss.,
2669 5690 2807 5758 Ager
2854 5688 3050 5743 mundi
3124 5690 3281 5745 istius
3338 5688 3552 5760 plenius
3606 5702 3755 5742 exeo-

2142 5770 2286 5816 uitur.

2142 5779 2286 5816 alar.

2232 5779 2286 5816 ν.

2181 5770 2396 5887 ξιυυιιιιεθ
2434 5830 2643 5899 Vatic.,
2677 5830 2783 5897 Qui
2809 5830 3091 5887 comedunt
3119 5846 3189 5887 eae
3218 5832 3318 5888 eis.
