3992 6394
179 458 363 533 ίιοθ

1205 468 1831 539 COMMENTARIUS
1855 469 1956 573 "IN
1999 470 2608 543 ECCLESIASTEN.

3450 468 3612 539 illi)

174 598 318 670 illa,
345 601 553 661 nisiut
573 602 765 663 videat
783 602 968 663 oculis
990 605 1847 679 suis?Ubicunqueargentum
1885 611 1929 673 Α
1964 608 2237 679 operibus
2297 614 2691 679 conservatur,
2747 613 2927 685 quam
2983 622 3186 669 eorum
3241 604 3478 677 divitiae,
3538 607 3610 665 de

176 691 497 762 ponimus,
517 695 843 750 secundum
870 695 1049 751 Grmci
1072 696 1360 752 sermonis
1382 695 1847 768 ambiguitatem,

176 784 391 851 potest
461 787 519 836 et
576 784 824 853 pecunia
897 785 1201 840 transferri
1263 802 1276 839 :
1336 784 1566 848 ἀργύριον
1635 784 1851 857 quippe

176 871 517 941 utrumque
537 871 852 943 significat.
877 873 1052 928 Porro
1082 872 1309 929 Tullius
1371 873 1714 946 pecuniosos
1738 872 1851 945 pri-

177 957 380 1013 mitus
409 974 508 1013 eos
557 959 745 1013 dictos
794 960 986 1027 refert,
1021 960 1119 1032 qui
1156 960 1328 1033 plura
1375 961 1723 1017 habuissent
1751 976 1849 1032 pe-

175 1044 352 1101 culia
382 1048 419 1114 ί,
454 1047 510 1102 id
557 1052 648 1103 est
688 1064 917 1119 pecora.
952 1049 1039 1104 Ita
1086 1049 1243 1105 enim
1273 1066 1342 1105 ea
1391 1050 1716 1122 antiquitus
1748 1066 1849 1121 ap-

176 1133 515 1207 pellabant.
551 1136 839 1192 Paulatim
871 1142 1070 1193 autem
1100 1154 1204 1209 per
1235 1139 1603 1205 abusionem,
1636 1154 1849 1193 nomen

179 1222 263 1278 ad
298 1223 462 1279 aliud
493 1224 831 1280 devolutum
863 1229 971 1281 est.
1003 1227 1225 1281 Avarus
1266 1226 1447 1298 igitur
1476 1226 1849 1291 describitur,

178 1312 355 1384 quod
403 1328 706 1384 nunquam
738 1313 950 1384 opibus
997 1314 1325 1386 expleatur,
1358 1320 1416 1371 et
1468 1321 1689 1387 quanto
1720 1313 1852 1386 plus

179 1399 494 1466 habuerit,
544 1405 704 1457 tanto
736 1401 870 1473 plus
914 1403 1132 1473 cupiat.
1165 1402 1349 1458 Flacci
1401 1420 1633 1475 quoque
1678 1418 1854 1473 super

181 1488 310 1544 hoc
362 1491 383 1523 ²
429 1490 816 1545 concordante
866 1491 1176 1561 sententia,
1208 1492 1310 1563 qui
1358 1492 1440 1547 ait
1485 1493 1704 1562 (Horat.
1740 1493 1781 1546 Ι.
1834 1508 1851 1545 I

181 1577 502 1649 Epistolar.
534 1578 704 1651 epist.
737 1580 791 1645 2,
823 1579 893 1635 ad
926 1579 1178 1654 Laelium)
1215 1599 1228 1636 :

638 1776 641 1779 _
718 1712 937 1776 Semper
965 1726 1160 1762 avarus
1189 1716 1326 1776 eget,

176 1847 242 1901 et
294 1844 514 1901 nobilis
572 1843 834 1900 historici
880 1848 923 1910 ³,
975 1846 1129 1917 quod
1178 1845 1442 1913 avaritia,
1492 1862 1678 1918 neque
1726 1846 1851 1902 ino-

175 1933 308 2007 pia,
339 1949 529 2005 neque
568 1933 735 2004 copia
764 1934 1086 1990 minuatur.
1138 1933 1293 1990 Nihil
1322 1951 1481 2007 ergo,
1513 1934 1704 2007 inquit
1751 1938 1852 1991 Ec—

181 2022 515 2090 clesiastes,
547 2028 795 2094 prosunt
824 2022 1036 2077 divitiae
1086 2023 1431 2095 possidenti,
1464 2022 1578 2078 nisi
1608 2023 1720 2078 hoc
1753 2040 1851 2079 so-

177 2110 316 2167 lum
351 2116 418 2167 ut
462 2110 657 2167 videat
687 2128 815 2182 qua:
866 2112 1150 2183 possidet.
1192 2113 1421 2177 Quanto
1453 2112 1609 2168 enim
1661 2112 1854 2183 major

179 2200 373 2256 fuerit
410 2200 761 2267 substantia,
794 2204 956 2255 tanto
1006 2200 1203 2272 plures
1236 2201 1538 2256 ministros
1589 2201 1849 2269 habebit,

180 2288 291 2362 qui
348 2304 488 2360 opes
517 2288 794 2343 devorent
842 2294 1240 2361 congregatas.
1276 2288 1375 2345 Ille
1414 2294 1610 2345 autem
1658 2288 1853 2345 videat

185 2382 453 2446 tantum,
487 2377 642 2448 quod
692 2377 886 2447 habet,
920 2382 976 2432 et
1005 2376 1139 2450 plus
1169 2394 1345 2449 quam
1390 2378 1567 2434 unius
1596 2378 1854 2433 hominis

182 2467 397 2523 cibum
425 2482 634 2539 capere
663 2483 779 2521 non
810 2466 1014 2538 possit.

257 2579 287 2606 «
342 2554 543 2612 Dulcis
591 2571 838 2611 somnus
887 2556 1173 2628 aperanti,
1206 2556 1325 2613 sive
1372 2555 1699 2627 paululum,
1732 2555 1852 2612 sive

178 2644 324 2717 plus
354 2644 691 2701 comederit.
725 2646 794 2699 Et
824 2646 1104 2702 saturitas
1145 2645 1340 2701 divitis
1369 2662 1485 2701 non
1518 2645 1659 2701 sinit
1714 2661 1848 2701 eum

183 2733 470 2790 dormire.
506 2754 535 2783 »
566 2733 771 2788 Adhuc
813 2734 885 2789 de
915 2734 1095 2789 divite
1124 2738 1181 2789 et
1227 2751 1396 2790 avaro
1428 2751 1622 2790 sermo
1653 2737 1761 2802 est,
1794 2741 1850 2789 et

181 2826 568 2895 comparatur
612 2822 898 2893 operanti,
931 2826 988 2877 et
1017 2824 1240 2894 absque
1289 2822 1684 2879 sollicitudine
1714 2823 1842 2878 dor-

178 2912 416 2982 mienti,
449 2911 571 2967 sive
621 2927 832 2983 parum
864 2911 985 2967 sive
1032 2910 1286 2967 multum
1318 2911 1653 2979 comederit,
1689 2912 1845 2983 quod

177 3000 280 3057 ille
313 3000 515 3056 labore
545 3000 738 3071 operis
769 3004 826 3055 et
856 3001 1068 3056 sudore
1098 2999 1422 3071 qualemvis
1453 3000 1650 3056 cibum
1684 3001 1843 3073 dige-

179 3094 297 3157 rat,
330 3092 392 3144 et
421 3087 578 3143 dulci
617 3104 825 3143 somno
856 3088 1207 3160 perfruatur.
1239 3089 1408 3144 Dives
1460 3106 1590 3144 vero
1621 3089 1844 3144 disten-

176 3182 278 3234 tus
308 3177 588 3249 dapibus,
619 3181 676 3231 et
726 3175 1178 3248 cogitationibus
1207 3178 1356 3233 481
1393 3176 1453 3232 in
1497 3178 1726 3233 diversa
1754 3176 1837 3232 la-

178 3271 440 3333 ceratus,
472 3264 727 3320 dormire
779 3282 896 3320 non
926 3264 1138 3334 valeat,
1175 3267 1538 3321 redundante
1582 3264 1841 3337 crapula,

1882 1977 1929 2041 B

1962 696 2179 769 quibus
2209 699 2489 755 scribitur
2521 717 2534 756 :
2573 702 2655 757 Vw
2683 702 2833 757 vobis
2870 701 3139 757 divitibus
3160 700 3202 769 ⁸,
3236 699 3372 771 quia
3397 697 3613 772 recepi-

1957 787 2058 841 stis
2088 787 2514 843 consolationem
2542 794 2777 845 vestram
2802 790 2951 861 (Luc.
2984 807 3064 858 v1,
3093 790 3207 858 24).

2030 876 2150 943 Est,
2186 874 2435 949 languor
2477 878 2795 949 pessimus,
2828 894 3002 952 quem
3033 877 3152 934 vidi
3203 878 3315 934 sub
3347 876 3490 945 sole,
3521 876 3612 932 di-

1960 964 2130 1021 vitias
2182 966 2465 1022 custodiri
2516 984 2550 1022 a
2578 967 2817 1024 domino
2867 968 2926 1024 in
2958 966 3182 1025 malum
3221 968 3372 1039 ejus.
3404 967 3476 1022 Et
3518 981 3615 1039 pe-

1960 1053 2186 1109 rierunt
2230 1055 2441 1110 divitiae
2490 1056 2512 1090 ⁶
2559 1055 2672 1111 illa
2722 1057 2782 1113 in
2832 1056 3185 1114 distentione
3234 1054 3514 1129 pessima.
3546 1054 3615 1112 Et

1959 1143 2165 1215 genuit
2210 1142 2420 1213 filium,
2452 1148 2509 1200 et
2560 1162 2675 1202 non
2708 1150 2800 1202 est
2846 1145 2904 1201 in
2960 1145 3237 1202 manibus
3265 1146 3394 1217 ejus
3441 1144 3612 1216 quid-

1961 1248 2139 1304 quam
2171 1233 2210 1288 7.
2245 1232 2409 1288 Sicut
2457 1233 2630 1289 exivit
2658 1235 2728 1290 de
2778 1238 2940 1291 utero
2985 1234 3193 1291 matris
3241 1251 3382 1303 suae,
3417 1233 3615 1290 nudus

1960 1324 2299 1389 revertetur,
2334 1325 2399 1377 ut
2446 1322 2603 1378 venit
2653 1323 2695 1389 ⁸,
2730 1328 2788 1379 et
2837 1322 2986 1379 nihil
3014 1322 3181 1379 tollet
3225 1322 3443 1379 laboris
3494 1321 3609 1390 sui,

1961 1413 2028 1464 ut
2056 1410 2228 1464 vadat
2258 1409 2315 1464 in
2348 1410 2623 1467 manibus
2652 1412 2800 1481 ejus.
2834 1412 2943 1467 Sed
2974 1414 3032 1468 et
3060 1410 3170 1466 hoc
3203 1410 3452 1484 languor
3479 1427 3610 1483 pes-

1961 1497 2169 1565 simus,
2213 1498 2351 1569 quia
2400 1499 2554 1555 sicut
2600 1500 2777 1569 venit,
2819 1500 2901 1557 sic
2950 1504 3007 1556 et
3057 1501 3232 1556 vadit.
3276 1499 3424 1566 Quid
3473 1516 3611 1573 ergo

1960 1585 2201 1642 habebit
2248 1586 2527 1659 amplius,
2574 1588 2714 1659 quia
2767 1587 3054 1644 laboravit
3097 1589 3156 1644 in
3202 1588 3497 1644 ventum?
3542 1588 3614 1643 Et

1961 1675 2239 1731 omnibus
2290 1675 2498 1732 diebus
2546 1676 2672 1732 suis
2720 1676 2782 1733 in
2831 1677 3091 1733 tenebris
3134 1678 3415 1744 comedet,
3447 1679 3506 1732 et
3551 1675 3611 1732 in

1958 1763 2364 1837 indignatione
2397 1764 2671 1836 plurima,
2705 1769 2764 1821 et
2816 1764 2876 1820 in
2906 1765 3270 1834 infirmitate,
3303 1769 3363 1821 et
3405 1764 3468 1820 in
3497 1763 3612 1819 ira-

1959 1853 2194 1909 cundia.
2240 1874 2269 1903 »
2321 1852 2468 1908 Cum
2519 1854 2819 1926 superiore
2856 1856 3042 1927 junge
3093 1854 3248 1926 quod
3300 1853 3613 1925 sequitur:

1961 1940 2312 1998 Ecclesiaste
2354 1942 2590 1998 divitem
2624 1943 3010 2011 describente,
3046 1942 3149 2015 qui
3198 1959 3303 1998 nec
3332 1942 3460 2015 ipse
3488 1958 3616 2014 pos-

1961 2030 2039 2087 sit
2086 2030 2210 2086 suis
2256 2028 2476 2085 divitiis
2522 2031 2763 2103 perfrui,
2795 2036 2853 2087 et
2899 2032 3100 2088 crebro
3120 2034 3357 2104 propter
3405 2047 3506 2088 eas
3553 2030 3615 2087 in

1960 2117 2279 2174 discrimen
2332 2116 2546 2186 veniat,
2590 2134 2695 2174 nec
2743 2118 2981 2187 haeredi,
3015 2119 3171 2190 quod
3221 2118 3615 2193 congregavit,

1960 2205 2291 2278 relinquat;
2343 2206 2442 2261 sed
2488 2209 2546 2261 et
2582 2205 2708 2278 ipse
2758 2211 2816 2262 et
2856 2206 3014 2263 filius
3062 2208 3211 2279 ejus,
3244 2206 3397 2264 sicut
3441 2225 3611 2265 vene-

1960 2298 2099 2350 runt
2127 2293 2293 2362 nudi,
2323 2293 2405 2349 ita
2435 2294 2578 2349 nudi
2620 2299 2987 2351 revertantur
3014 2295 3073 2350 in
3104 2298 3346 2364 terram,
3377 2300 3434 2352 et
3463 2296 3611 2352 nihil

1960 2399 2058 2438 eos
2090 2399 2332 2439 suorum
2377 2382 2690 2438 comitetur
2733 2381 3023 2439 laborum.
3058 2383 3260 2439 Nonne
3289 2383 3445 2439 enim
3477 2383 3610 2440 lan-

1958 2488 2108 2544 guor
2138 2475 2228 2528 est
2247 2470 2565 2543 pessimus,
2584 2488 2686 2543 pro
2718 2470 2936 2527 divitiis
2957 2471 3307 2545 cogitatione
3323 2472 3608 2544 torqueri,

1958 2565 2016 2616 et
2056 2560 2347 2633 perituras
2398 2577 2561 2632 opes,
2594 2575 2700 2617 nec
2752 2576 2898 2632 quas
2928 2560 3238 2617 nobiscum
3290 2576 3608 2632 possumus

1958 2649 2185 2705 auferre
2234 2647 2570 2715 morientes,
2620 2647 2680 2703 in
2727 2647 2988 2716 tristitia,
3028 2648 3087 2703 in
3136 2647 3378 2721 gemitu,
3419 2649 3480 2704 in
3518 2649 3608 2705 in-

1957 2737 2315 2811 dignatione,
2364 2736 2425 2791 in
2485 2736 2708 2807 litibus,
2759 2753 2925 2794 casso
2971 2736 3169 2794 labore
3214 2737 3610 2809 conquirere?

1956 2827 2027 2882 Et
2058 2826 2180 2882 haec
2210 2826 2533 2882 secundum
2572 2825 2899 2899 simplicem
2940 2842 3199 2883 sensum.
3233 2825 3514 2882 Caeterum
3545 2830 3613 2882 ut

1955 2915 2135 2971 altius
2184 2914 2494 2981 elevemur,
2528 2914 2598 2969 de
2645 2914 3016 2987 philosophis
3044 2914 3190 2970 mihi
3238 2915 3486 2983 videtur,
3516 2915 3605 2971 vel

1954 3003 2244 3059 haereticis
2292 3002 2503 3069 dicere,
2538 3002 2639 3074 qui
2687 3006 3047 3075 congregant
3076 3002 3311 3058 divitias
3361 3003 3608 3076 dogma-

1954 3097 2079 3148 tum
2111 3092 2169 3146 in
2200 3090 2422 3147 malum
2468 3106 2666 3167 suum,
2697 3096 2756 3146 et
2787 3107 2892 3146 nec
2934 3094 3255 3163 repertores
3294 3090 3606 3147 utilitatem

1953 3183 2202 3253 possunt
2242 3177 2501 3250 aliquam
2551 3179 2854 3250 consequi,
2894 3195 2999 3234 nec
3044 3178 3431 3235 sectatoribus
3478 3180 3605 3236 suis

1952 3269 2207 3324 fructum
2256 3265 2585 3339 relinquere
2632 3270 3001 3339 perpetuum.
3034 3266 3145 3323 Sed
3172 3270 3230 3322 et
3257 3266 3394 3339 ipsi,
3426 3269 3484 3323 et
3511 3266 3603 3322 di-

179 3360 239 3412 ct
266 3356 501 3411 incocto
547 3354 674 3409 cibo
711 3353 771 3408 in
823 3354 1110 3410 stomachi
1142 3355 1432 3426 angustiis
1479 3359 1764 3410 aestuante
1793 3356 1833 3409 ⁴.
1871 3344 1912 3410 C
1951 3356 2185 3429 scipuli,
2218 3358 2587 3412 revertuntur
2615 3355 2674 3409 in
2724 3360 2962 3424 terram,
2994 3359 3051 3411 et
3078 3356 3333 3427 perdunt
3368 3354 3599 3411 divitias

178 3444 391 3511 Porro,
448 3442 589 3514 quia
644 3459 909 3509 somnus,
963 3446 1020 3497 et
1070 3443 1400 3498 communis
1448 3443 1518 3499 de
1565 3443 1674 3499 hac
1720 3442 1839 3498 vita
1946 3447 2019 3501 ab
2049 3461 2115 3501 eo
2146 3444 2247 3517 qui
2278 3443 2422 3499 dixit
2455 3459 2469 3499 :
2502 3443 2741 3499 Perdam
2788 3445 3121 3515 sapientiam
3162 3444 3520 3515 sapientium,
3547 3447 3600 3501 ei

180 3532 379 3589 exitus
408 3529 753 3603 appellatur,
788 3530 994 3585 melior
1024 3530 1134 3585 erit
1164 3530 1392 3602 requies
1421 3532 1548 3602 ejus
1579 3532 1678 3603 qui
1708 3548 1839 3602 ope-

1941 3535 2297 3606 prudentiam
2347 3532 2709 3605 prudentium
2754 3533 3048 3605 reprobabo
3078 3533 3099 3567 ⁹
3141 3532 3196 3605 (Ι
3241 3535 3369 3590 Cor.
3404 3550 3444 3600 ι,
3488 3533 3596 3605 19).

180 3625 353 3678 ratur
380 3620 441 3674 in
471 3619 764 3692 praesenti,
797 3623 854 3674 et
884 3619 1209 3675 secundum
1238 3618 1389 3676 vires
1419 3637 1557 3676 suas
1580 3620 1638 3675 in
1670 3619 1837 3676 bonis
1945 3622 2089 3678 Vere
2135 3622 2372 3694 quippe,
2403 3620 2556 3677 sicut
2601 3621 2819 3693 egressi
2869 3625 3010 3676 sunt
3055 3620 3126 3676 de
3173 3623 3338 3676 utero
3386 3620 3596 3677 matris

256 3765 273 3799 ³
325 3763 622 3835 Hactenus
668 3760 882 3816 lectum
913 3764 1036 3835 est,
1085 3762 1187 3829 Qui
1224 3764 1395 3833 plura
1443 3763 1695 3819 habuisse
1743 3781 1838 3835 pe-

185 3835 376 3902 culim,
411 3833 469 3888 id
514 3836 611 3901 est,
642 3849 856 3904 pecora,
888 3831 1267 3904 designantur,
1308 3831 1839 3890 contradicentibus

185 3923 333 3963 mss.
400 3905 635 3976 nostris,
686 3903 745 3958 in
801 3920 1049 3974 quorum
1101 3903 1262 3959 nullo
1316 3910 1673 3976 postremum
1731 3907 1840 3962 hoc

182 3978 436 4033 verbum
491 3975 723 4049 legitur,
760 3991 968 4049 quove
1032 3975 1341 4049 expuncto,
1402 3978 1841 4049 substitutoque

187 4049 510 4104 habuissent
537 4046 643 4118 pro
673 4046 952 4110 habuisse,
986 4046 1332 4118 concinnius
1355 4052 1659 4103 contextus
1689 4046 1837 4103 fluit.

188 4119 369 4176 Porro
398 4116 575 4190 iidem
604 4133 765 4190 Amss.
799 4118 997 4190 pecuia
1025 4116 1246 4190 legunt,
1279 4135 1381 4190 pro
1428 4119 1667 4188 peculia.
1702 4119 1842 4175 Vide

191 4196 395 4246 autem
428 4188 723 4245 Nonnium
754 4205 787 4242 a
815 4188 1143 4243 Martianaéo
1172 4188 1500 4244 laudatum.

261 4294 333 4303 —
370 4265 544 4317 Porro
595 4261 802 4315 Tullius
847 4261 1188 4330 pecuniosos,
1216 4266 1322 4315 etc.
1356 4259 1841 4316 Percuniosorum

191 4331 655 4413 etllocuplemm
706 4331 1141 4413 proprietatem,
1185 4331 1378 4402 inquit
1423 4331 1665 4397 Nonius,
1709 4348 1842 4413 ape-

190 4403 313 4460 ruit
362 4402 453 4459 ΜΣ
470 4402 721 4469 Tullius,
751 4402 822 4474 de
875 4403 1200 4474 Senectute,
1235 4419 1269 4457 a
1314 4419 1515 4474 pecore
1563 4402 1845 4474 pecunio-

192 4491 310 4546 sos,
359 4479 419 4529 et
464 4492 499 4528 a
546 4473 1018 4546 possessionibus
1069 4472 1330 4546 locorum
1382 4472 1699 4545 locupletes
1744 4492 1844 4546 ap-

192 4520 445 4617 pellatos
459 4520 748 4611 asslerens,
766 4543 1070 4617 multaque
1088 4520 1844 4617 ditione‘oviumlewonum,

195 4614 365 4700 quod.
405 4621 546 4672 tunc
593 4620 717 4671 erat
746 4632 838 4670 res
884 4614 946 4669 in
972 4631 1183 4700 pecore
1212 4619 1283 4700 ‘et
1313 4614 1570 4700 locorum
1620 4633 1848 4700 posses-

194 4686 486 4774 sionibps,
516 4704 585 4743 ex
629 4703 744 4758 quo
777 4687 1075 4758 pecuniosi
1108 4691 1164 4742 et
1212 4686 1531 4759 locupletes
1560 4686 1845 4744 vo'oaban-
1881 4709 1926 4774 Β

203 4762 321 4815 tur.
355 4759 640 4815 MARTIAN.

607 4845 782 4899 uoque
827 4844 995 4899 super
1042 4828 1162 4894 hoc,
1211 4832 1320 4883 etc.
1353 4828 1614 4896 Flaccus,
1650 4829 1709 4882 id
1763 4833 1852 4884 est

596 4898 920 4972 pistolarmn
983 4899 1086 4953 lib.
1150 4916 1188 4968 ι,
1249 4898 1421 4971 epist.
1482 4906 1535 4967 2,
1595 4901 1668 4956 ad
1728 4900 1852 4955 Lol-

268 4832 290 4865 ²
336 4831 521 4885 Flacci

195 4902 491 4957 Horatius.

198 4970 348 5028 lium
380 4989 393 5028 :

258 5060 463 5124 Sperne
489 5060 811 5123 voluptates,
844 5063 1003 5124 nocet
1031 5062 1208 5120 empta
1237 5057 1419 5108 dolore
1448 5058 1709 5124 voluptas.

258 5120 484 5187 semper
513 5120 706 5172 avarus
737 5126 873 5183 eget.
906 5121 1123 5170 Certum
1151 5124 1277 5169 voto
1309 5126 1426 5184 pete
1455 5120 1635 5170 ﬁnem.

260 5185 543 5235 lndividus
572 5185 790 5235 alterius
820 5184 979 5233 rebus
1006 5183 1524 5294 macrescithp‘iﬁig:

1334 5258 1524 5294 ARTIAN.

271 5324 676 5396 3VSallustius,
713 5325 771 5379 in
823 5323 990 5379 Catil.
1041 5340 1166 5395 cap.
1192 5323 1290 5396 Η.
1323 5323 1467 5379 Vide
1500 5341 1628 5396 qua:
1676 5325 1856 5380 adno-

204 5395 458 5454 tavimus
488 5396 549 5451 in
583 5397 756 5467 epist.
793 5397 914 5460 108,
947 5411 1110 5450 num.
1146 5395 1232 5450 19.

276 5470 438 5548 —.—_Et
460 5465 685 5548 “nobilis
734 5467 1274 5548 historz'ci.nEadem
1310 5465 1569 5548 replicat
1620 5465 1679 5548 in
1718 5465 1858 5548 Epi-

207 5537 404 5609 taphio
460 5538 649 5594 Paulae
709 5537 938 5604 matris,
990 5537 1193 5609 dicens
1246 5555 1258 5591 :
1310 5538 1390 5591 Ne
1437 5537 1861 5609 consuetudine

210 5607 339 5678 plus
372 5609 621 5665 habendi
657 5610 939 5680 praeberet
985 5608 1487 5680 locumavaritim,
1521 5625 1649 5680 qua:
1673 5608 1860 5680 nullis

210 5680 472 5753 expletur
491 5678 722 5753 Opibus,
739 5684 796 5735 et
816 5683 1037 5753 quanta
1053 5679 1307 5753 amplius
1325 5679 1616 5753 habuerit,
1632 5678 1763 5753 plus
1782 5696 1863 5753 rc-

212 5750 411 5835 quirit’,
424 5750 869 5835 etn'eque‘copia
882 5767 1071 5835 neque
1087 5750 1604 5835 inep‘ia‘minuitur.
1625 5750 1863 5835 nnVerb‘a

213 5826 349 5878 sunt
378 5822 640 5880 Sallustii
673 5823 744 5878 de
765 5822 1170 5892 oonjuratione
1199 5822 1477 5886 Catilinae,
1502 5838 1633 5947 pag.
1658 5823 1691 5875 8
1721 5827 1778 5877 et
1806 5822 1861 5887 9,

215 5890 314 5947 ubi
342 5894 559 5947 nobilis
589 5893 903 5947 historicus
935 5892 1016 5947 ait
1047 5910 1061 5947 :
1097 5916 1125 5945 «
1159 5894 1303 5947 Huic
1342 5894 1480 5947 quia
1551 5909 1674 5947 onze
1707 5896 1861 5947 artes

215 5890 314 5947 ubi
342 5864 559 5953 nbbilis
588 5864 903 5951 historicus
935 5892 1016 5949 ait
1047 5910 1061 5953 :
1097 5916 1125 5945 «
1159 5894 1303 5949 Huic
1342 5864 1480 5964 quia
1504 5864 1674 5949 lborius
1707 5864 1863 5949 artes

1946 3766 2182 3831 desunt,
2235 3762 2387 3834 dolis
2433 3766 2623 3834 atque,
2677 3744 2921 3817 fallaciis
2976 3761 3311 3834 contendit,
3354 3759 3596 3816 avaritia

1948 3836 2207 3908 pecunia:
2238 3832 2728 3908 studiumhabet,
2762 3849 2939 3908 quam
2969 3849 3140 3908 _n_em_o
3177 3832 3424 3908 sapiens
3454 3848 3593 3887 con-

1949 3902 2184 3988 cupivit.
2244 3910 2312 3959 Et
2365 3904 2532 3988 quasi
2579 3902 2840 3988 venenis.
2871 3903 3044 3988 malis
3091 3902 3352 3984 imbuta,
3381 3919 3594 3988 crorpnus

1949 3974 2331 4046 animumque
2377 3974 2604 4031 virilem
2654 3975 2950 4031 eﬂ'eminat
2997 3991 3009 4029 :
3060 3990 3294 4046 semper
3338 3974 3592 4046 infinita,

1949 4044 2304 4105 insatiabilis
2335 4052 2442 4114 est,
2476 4063 2663 4118 neque
2704 4046 2891 4118 c0pia,
2925 4062 3111 4118 neque
3141 4044 3339 4118 inopia
3387 4044 3598 4101 minui-

1950 4125 2065 4175 tur.
2102 4141 2129 4167 »
2160 4124 2439 4173 Maurum.

2022 4192 2044 4225 ι
2073 4188 2258 4245 Vatic.
2291 4190 2527 4261 duoque
2583 4186 2850 4257 Palatini,
2886 4188 2949 4243 Et
3004 4189 3237 4244 incoctas
3290 4188 3433 4245 cibos
3487 4193 3600 4243 sto-

1951 4261 2136 4316 machi
2161 4261 2434 4329 angustiis
2461 4267 2748 4315 aestuante.

2023 4333 2044 4366 ⁵
2076 4332 2257 4387 Iidem
2288 4346 2431 4387 mss.
2472 4332 2553 4386 Va:
2580 4331 2748 4398 vobis,
2778 4329 2994 4402 divites,
3025 4333 3173 4402 quia,
3206 4333 3315 4402 etc.

2022 4404 2044 4437 δ
2093 4402 2304 4469 Verba,
2364 4402 2428 4456 Et
2502 4403 2785 4471 perierunt
2839 4400 3072 4467 divitiae,
3132 4402 3192 4455 in
3247 4400 3426 4457 Vatic.
3485 4416 3601 4456 non

1954 4474 2263 4530 habentur.
2300 4471 2473 4528 Levia
2502 4473 2770 4542 quaedam
2800 4471 2954 4527 infra
2981 4472 3386 4542 emendamﬁus.

2027 4546 2046 4579 ⁷
2098 4544 2279 4599 Addit
2320 4539 2582 4598 Vaticah.
2622 4544 2734 4598 :Et
2778 4559 2897 4613 qua:
2942 4546 3021 4598 est
3069 4541 3332 4613 fortitudo
3382 4539 3607 4613 habenti

1956 4617 2106 4682 illas,
2135 4617 2250 4670 nisi
2278 4623 2339 4669 ut
2384 4613 2567 4669 videat
2594 4614 2767 4668 oculis
2787 4610 2943 4669 suis.
2977 4610 3125 4683 Tum
3166 4626 3414 4683 regressus
3441 4610 3604 4683 legit,

1998 4704 2060 4743 ro
2106 4688 2301 4753 exivit,
2340 4683 2838 4755 quemadmodum
2891 4689 2948 4739 et
2996 4682 3297 4738 Palatinus
3343 4681 3490 4738 alter
3510 4681 3604 4736 'ad

1957 4704 2060 4813 pro
2106 4704 2301 4753 exivit,
2340 4704 2564 4755 quemac

1983 4756 2093 4814 ibri
2125 4773 2288 4813 oram
2315 4755 2564 4827 reponit.

2030 4831 2050 4863 ⁸
2074 4829 2266 4884 Nudus
2294 4822 2616 4891 revertetur,
2649 4827 2709 4878 ut
2730 4826 2896 4879 venit.
2929 4825 3166 4891 Quantae
3196 4826 3254 4878 et
3280 4837 3459 4894 quam
3485 4822 3608 4894 fre-

1963 4905 2210 4973 quentes
2248 4897 2366 4973 sint
2416 4894 2878 4973 depravationes
2908 4899 2966 4973 et
2994 4892 3327 4973 contextus:
3343 4892 3612 4973 sae-riget

1961 4962 2528 5027 Commentariorum
2549 4966 2882 5037 Hieronymi
2912 4967 2970 5021 in
3020 4969 3190 5021 antea
3218 4963 3392 5037 editis
3419 4962 3607 5037 libris,

1964 5043 2133 5098 facile
2188 5040 2513 5113 pervidebis
2555 5055 2629 5113 ex
2661 5034 2844 5113 _Notis
2892 5036 3408 5113 consequentibus.
3460 5034 3611 5113 Nam

1964 5114 2074 5169 hoc
2106 5106 2231 5191 loc'o
2263 5112 2520 5191 primum
2546 5110 2634 5191 ita
2658 5108 2865 5191 legunt
2896 5126 2915 5191 :_
3155 5110 3473 5191 revertetur
3500 5121 3520 5160 :

1966 5200 2060 5240 eas
2106 5178 2461 5247 sicut'venit,
2505 5185 2558 5237 et
2604 5178 2751 5235 nihil
2798 5181 2995 5251 accipit
3041 5179 3107 5234 de
3149 5178 3335 5251 labore
3378 5193 3508 5251 suo,
3552 5178 3616 5231 ut

1969 5264 2147 5312 teneat
2194 5257 2259 5310 in
2303 5269 2477 5309 manu
2522 5252 2713 5324 ipsius.
2745 5251 2848 5306 Sed
2885 5248 2936 5306 et
2979 5250 3076 5324 hoc
3116 5250 3342 5324 vanitas
3392 5252 3444 5304 et
3491 5248 3614 5324 lan-

1966 5342 2104 5397 guor
2154 5326 2479 5397 pessimus
2526 5318 2667 5397 sicut
2720 5324 2870 5397 enirn
2921 5321 3166 5387 advenit,
3222 5322 3309 5397 ita
3344 5327 3402 5375 et
3454 5318 3614 5397 abiit.

1969 5390 2100 5466 Quae
2146 5390 2492 5451 abundantia
2542 5394 2659 5466 ejus
2708 5394 2803 5463 qui
2849 5390 3445 5466 in'ventumtaborat
3484 5393 3509 5443 .9
3538 5390 3619 5466 ﬁt

1968 5461 2186 5539 quidem
2230 5466 2481 5523 omnibus
2534 5461 2748 5539 diebus
2777 5465 2907 5539 suis
2959 5465 3019 5539 in
3071 5462 3307 5518 tenebris
3358 5461 3618 5539 comedit,

1973 5533 2025 5594 et
2057 5540 2206 5593 luctu
2232 5543 2283 5593 et
2313 5535 2603 5591 iracundia
2634 5534 2825 5601 multa,
2858 5538 2911 5589 et
2962 5535 3247 5602 languore,
3290 5541 3342 5589 et
3370 5533 3616 5588 insania.

1975 5611 2472 5735 Μὲῃῗέιῖὶθηιίαηι
2514 5675 2874 5746 prudentium
2923 5676 3241 5746 reprobabo.
3276 5674 3377 5729 Hic
3423 5676 3621 5746 autem

1975 5752 2199 5807 addunt
2242 5751 2439 5806 islhaec
2475 5765 2485 5802 :
2514 5743 2622 5803 'Ubi
2671 5748 2906 5814 sapiens,
2938 5743 3034 5801 ubi
3078 5745 3278 5809 scriba,
3310 5745 3406 5799 ubi
3434 5743 3622 5813 inqui-

1971 5826 2109 5880 sitor
2156 5824 2319 5893 hujus
2368 5819 2555 5874 δίης-ιιιί
2598 5819 3147 5893 ?__Nonne_stultan_i_
3176 5817 3305 5887 fecit
3351 5815 3489 5869 Deus
3534 5828 3622 5867 δα-

1968 5887 2239 5967 pienliani
2269 5893 2430 5963 hujus
2458 5889 2699 5946 mundi?
2728 5893 2783 5945 et
2812 5888 3058 5961 reliqua.
3092 5887 3378 5945 MARmN.
3548 5901 3555 5909 ‘
