3992 6402
416 452 594 518 ἹἹἩ

1668 457 1757 521 ‘5.
1799 456 2115 524 EUSEBII
2158 457 2607 525 HIEHONYMI

3657 457 3863 526 :ma

438 606 579 660 suae,
614 590 684 647 de
731 606 1000 663 perversa
1028 589 1299 649 videlicet
1344 590 1619 659 Ecclesia,
1647 594 1891 666 ejusque
1944 612 2080 648 con-
2114 600 2163 663 Α
2196 596 2345 665 ejus,
2378 601 2435 650 et
2462 596 2659 652 anima
2679 594 2807 668 ejus
2838 612 2951 654 non
2982 591 3277 671 repleatur
3301 587 3497 663 bonis,
3520 600 3625 654 nec
3646 596 3862 670 sepul-

437 679 619 736 traria
662 680 733 735 de
784 696 902 752 qua
931 681 947 716 ¹
981 682 1266 754 seriptum
1311 687 1399 738 est
1430 700 1444 739 :
1480 684 1608 751 Qum
1635 686 1816 738 autem
1861 700 2081 739 sursum

437 773 515 824 est
583 769 905 837 Jmusalem,
961 772 1115 827 482
1173 773 1351 828 libera
1423 780 1523 840 est,
1582 787 1707 843 quae
1769 777 1848 828 est
1903 779 2082 829 mater

436 858 684 913 Omnium
731 863 978 914 nostrum
1006 861 1028 894 ²
1060 860 1242 931 (Galat
1290 879 1364 929 1v,
1402 862 1517 931 26),
1550 862 1634 916 sic
1683 863 1825 917 nudi
1872 864 2082 918 vadent

434 949 496 1006 in
524 953 786 1016 ventum,
817 955 874 1005 et
919 949 979 1005 in
1023 949 1274 1006 nihilum
1305 949 1660 1006 laborantes.
1694 952 1801 1017 Qui
1856 952 2078 1008 defece-

435 1042 576 1094 runt
603 1042 931 1095 scrutantes
978 1039 1259 1095 scrutinio
1298 1040 1468 1108 (Psal.
1504 1057 1636 1105 Lxu,
1667 1042 1744 1111 7),
1778 1044 1834 1096 et
1884 1041 2079 1096 ferun-

432 1131 534 1185 tur
579 1128 739 1184 omni
767 1132 936 1183 vento
984 1128 1278 1194 doctrinm,
1314 1144 1419 1184 nec
1466 1128 1683 1184 habent
1733 1129 1944 1198 lucem,
1977 1131 2077 1186 sed

433 1217 497 1273 in
534 1217 791 1273 tenebris
822 1234 930 1273 sua
974 1218 1288 1273 comedunt
1332 1223 1717 1274 sacramenta.
1750 1219 1991 1291 Semper
2020 1218 2078 1274 in

436 1305 798 1374 inﬁrmitate,
850 1323 1078 1378 semper
1124 1306 1183 1362 in
1233 1306 1534 1363 iracundia
1582 1311 1740 1373 sunt,
1790 1308 2079 1363 thesauri-

435 1399 635 1452 zantes
680 1395 794 1452 sibi
844 1396 991 1451 iram
1022 1395 1083 1451 in
1135 1395 1229 1452 die
1270 1395 1389 1465 irin,
1422 1412 1529 1452 nec
1573 1395 1853 1452 habentes
1894 1397 2083 1468 propi-

432 1484 585 1541 tium
600 1482 822 1541 Deum.

503 1576 649 1629 Ecce
691 1573 845 1645 quod
872 1572 993 1628 vidi
1039 1588 1146 1644 ego
1175 1573 1417 1642 bonum,
1449 1574 1604 1645 quod
1636 1577 1725 1629 est
1766 1573 2079 1645 optimum,

435 1663 760 1728 comedere,
805 1667 862 1718 et
912 1662 1127 1727 bibere,
1159 1666 1218 1717 et
1265 1678 1496 1717 cernere
1535 1662 1968 1733 jucunditatem
2020 1661 2079 1717 in

434 1746 597 1808 omni
626 1750 824 1807 labore
869 1766 997 1818 suo,
1030 1766 1145 1821 quo
1190 1749 1476 1805 laboravit
1504 1751 1615 1805 sub
1662 1750 1803 1817 sole,
1837 1766 2081 1807 numero

435 1840 664 1896 dierum
694 1840 822 1895 vita;
871 1856 1010 1907 suae,
1043 1855 1190 1911 quos
1221 1838 1381 1894 dedit
1427 1839 1476 1894 ei
1508 1839 1684 1905 Deus,
1715 1838 1834 1894 haec
1865 1840 2082 1910 quippe

2190 700 2354 739 crum
2386 684 2558 740 fuerit
2592 685 2698 755 illi,
2730 687 2848 741 dixi
2894 685 3106 742 melius
3136 686 3208 742 ab
3238 703 3303 742 eo
3335 701 3465 742 esse
3494 685 3854 754 abortivum,

2190 773 2252 827 In
2283 773 2533 829 vanitate
2564 774 2776 846 quippe
2806 775 2979 843 venit,
3013 780 3071 831 et
3100 776 3159 830 in
3191 776 3446 831 tenebris
3473 791 3686 832 nomen
3714 777 3852 847 ejus

2190 859 2601 916 abscondetur.
2637 864 2706 918 Et
2735 862 2971 935 quidem
3003 864 3186 919 solem
3230 881 3347 919 non
3378 864 3544 930 vidit,
3576 881 3683 921 nec
3712 881 3854 938 cog-

2190 950 2365 1017 novit,
2396 950 2629 1021 requies
2679 951 2815 1007 huic
2865 952 3053 1025 magis
3084 968 3262 1024 quam
3309 950 3416 1007 illi.
3448 953 3517 1008 Et
3545 952 3597 1007 si
3639 953 3855 1010 vixerit

2190 1037 2349 1093 mille
2379 1055 2564 1093 annos
2594 1039 2880 1111 duplices,
2904 1046 2961 1095 et
2986 1041 3307 1097 bonitatem
3331 1056 3446 1096 non
3463 1041 3625 1109 vidit,
3649 1058 3850 1099 nonne

2189 1127 2262 1182 ad
2295 1126 2488 1183 locum
2522 1145 2703 1183 unum
2727 1128 2926 1184 omnia
2955 1129 3313 1201 properant?
3346 1152 3368 1182 ι
3396 1130 3689 1186 Describit
3708 1148 3848 1188 ava-

2189 1231 2321 1270 rum
2352 1214 2612 1284 divitem,
2644 1220 2700 1272 et
2729 1217 2838 1272 hoc
2870 1217 3093 1273 m'alum
3124 1219 3399 1290 frequens
3419 1235 3546 1275 esse
3577 1219 3637 1274 in
3660 1219 3851 1275 homi-

2190 1303 2365 1359 nibus
2416 1305 2642 1372 asserit,
2678 1307 2833 1377 quod
2881 1306 3025 1361 nihil
3075 1323 3301 1373 eorum,
3335 1324 3460 1379 qua:
3505 1308 3566 1363 in
3619 1310 3844 1365 mundo

2189 1396 2474 1464 putantur
2503 1394 2674 1463 bona,
2708 1395 2760 1450 ei
2792 1395 2963 1463 desit,
2993 1400 3050 1451 et
3080 1394 3467 1452 nihilominus
3488 1396 3845 1453 stultissima

2172 1481 2474 1553 parcitate
2522 1499 2584 1539 se
2632 1484 2872 1548 cruciet,
2905 1483 3036 1540 aliis
3084 1485 3415 1541 devoranda
3461 1501 3840 1542 conservans.

2190 1569 2424 1626 Necnon
2455 1575 2511 1625 et
2539 1570 2683 1627 illud
2717 1572 3085 1644 hyperbolice
3134 1574 3359 1643 adjicit,
3392 1574 3546 1645 quod
3584 1574 3761 1631 etiam
3794 1575 3847 1631 si

2191 1662 2425 1714 centum
2456 1658 2671 1715 liberos
2712 1662 3053 1732 procreavit,
3086 1665 3143 1717 et
3172 1678 3288 1717 non
3320 1666 3385 1718 ut
3424 1663 3630 1735 Adam,
3662 1680 3847 1736 prope

2190 1744 2372 1815 mille,
2404 1747 2505 1802 sed
2548 1748 2778 1803 duobus
2808 1749 3073 1805 millibus
3103 1749 3306 1805 vixerit
3334 1751 3526 1818 annis,
3559 1755 3618 1807 et
3642 1752 3844 1808 anima

2190 1835 2318 1905 ejus
2357 1835 2674 1907 cupiditate
2707 1842 2763 1891 et
2794 1838 3040 1894 avaritia
3068 1839 3441 1895 contabescat
3471 1856 3484 1895 :
3518 1839 3702 1897 multo
3737 1840 3841 1897 de-

433 1932 524 1985 est
552 1944 689 2000 pars
719 1928 869 1998 ejus.
899 1928 1006 1983 Sed
1037 1931 1096 1982 et
1142 1926 1333 1982 omnis
1362 1927 1558 1997 homo,
1592 1928 1685 1982 cui
1717 1927 1878 1983 dedit
1926 1928 2079 1983 Deus
2109 1969 2157 2034 B
2187 1922 2423 2034 terioris
2456 1926 2809 2034 pondition-is
2840 1927 3229 2034 sit'abortivo,
3260 1928 3360 1999 qui
3410 1928 3707 2034 statim‘ut
3732 1946 3844 1985 na.-

410 2014 667 2072 ‘divitias
713 2021 771 2072 et
810 2016 1224 2083 substantiam,
1254 2016 1657 2087 concessitque
1687 2017 1759 2083 ei,
1796 2020 1859 2071 ut
1887 2033 2077 2072 vesce-

431 2102 593 2161 retur
622 2122 689 2161 ex
717 2105 825 2173 eis,
853 2110 911 2160 et
941 2104 1169 2160 tolleret
1199 2109 1422 2176 partem
1475 2122 1667 2172 suam,
1702 2109 1760 2160 et
1787 2104 2079 2160 lmtaretur

432 2197 505 2252 de
535 2196 729 2251 labore
760 2211 886 2262 suo,
919 2194 1029 2249 hoc
1060 2193 1154 2248 Dei
1187 2193 1406 2249 donum
1438 2197 1544 2248 est.
1578 2192 1703 2249 Non
1735 2193 1890 2248 enim
1924 2193 2074 2248 mul-

407 2277 556 2340 tum
588 2284 992 2339 recordabitur
1019 2283 1248 2337 dierum
1297 2282 1423 2337 vitae
1457 2300 1597 2347 suos,
1631 2283 1769 2355 quia
1802 2284 1950 2338 Deus
1981 2299 2077 2338 oc-

429 2378 605 2447 cupat
632 2371 692 2428 in
723 2372 923 2427 laetitia
943 2388 1039 2427 cor
1059 2372 1206 2442 ejus.
1231 2391 1258 2423 ιι
1294 2371 1382 2426 Ad
1404 2371 1896 2443 comparationem
1924 2373 2073 2442 ejus,

429 2458 530 2536 qui
562 2463 772 2535 opibus
820 2461 945 2517 suis
976 2460 1037 2516 in
1086 2477 1361 2516 curarum
1412 2461 1668 2515 tenebris
1714 2461 1988 2526 vescitur,
2020 2464 2076 2516 et

428 2567 563 2608 cum
591 2551 799 2623 grandi
842 2550 970 2605 vitae
1001 2549 1172 2605 taedio
1202 2548 1459 2621 peritura
1488 2553 1829 2620 comportat,
1866 2549 2072 2604 melio-

427 2658 552 2696 rem
599 2639 740 2694 dicit
768 2655 896 2695 esse
944 2654 1101 2703 eum,
1130 2637 1230 2708 qui
1279 2638 1669 2709 praesentibus
1702 2636 1934 2693 fruitur.
1971 2638 2073 2694 Hic

426 2728 582 2783 enim
614 2726 703 2783 vel
755 2742 932 2797 parva
956 2724 1228 2797 voluptas
1272 2729 1362 2781 est
1391 2726 1449 2780 in
1486 2726 1731 2781 fruendo
1765 2742 1777 2780 :
1812 2726 1893 2781 ibi
1941 2744 2073 2781 vero

425 2815 892 2872 sollicitudinum
923 2815 1331 2871 tantummodo
1382 2815 1749 2885 magnitudo.
1785 2817 1854 2869 Et
1883 2817 2074 2871 reddit

425 2919 657 2972 causas,
688 2920 870 2976 quare
908 2902 1009 2959 Dei
1056 2903 1273 2957 donum
1306 2904 1382 2957 sit
1431 2903 1543 2957 frui
1578 2904 1599 2937 ¹
1630 2919 1799 2975 posse
1831 2903 2067 2959 divitiis.

422 2993 730 3061 Quoniam,
791 2994 908 3048 Non
962 2992 1201 3047 multum
1248 2991 1621 3047 recordabitur
1674 2992 1892 3047 dierum
1947 2996 2070 3047 vitm

419 3098 556 3140 sua}.
610 3084 824 3138 Avocat
869 3081 1085 3153 quippe
1131 3097 1266 3136 eum
1314 3080 1467 3136 Deus
1514 3080 1571 3135 in
1627 3080 1827 3136 lmtitia
1877 3082 2069 3138 cordis

421 3173 514 3229 sui
562 3188 575 3228 :
631 3164 745 3227 non
769 3170 881 3227 erit
909 3170 969 3226 in
1001 3169 1261 3236 tristitia,
1296 3187 1409 3225 non
1442 3170 1791 3241 cogitatione
1837 3171 2069 3227 vexabi-

418 3265 536 3328 tur,
587 3261 874 3317 abductus
921 3259 1120 3315 Iustitia
1169 3263 1227 3314 et
1273 3258 1567 3331 voluptate
1616 3261 1908 3331 praesenti.
1955 3261 2065 3315 Sed

2187 2014 2282 2066 tus
2320 2012 2571 2080 videtur,
2602 2013 2843 2071 interiit.
2877 2015 2982 2071 Ille
3028 2017 3164 2071 enin
3197 2033 3301 2072 nec
3349 2016 3508 2073 mala
3532 2017 3692 2088 vidit,
3727 2033 3842 2073 nec

2183 2101 2339 2156 bona
2388 2118 2400 2156 :
2451 2102 2561 2159 iste
2607 2120 2762 2171 vero,
2821 2121 2956 2160 cum
3017 2106 3170 2161 bona
3226 2106 3550 2177 possederit
3603 2122 3844 2177 semper

2182 2188 2438 2246 tristitiis
2487 2197 2543 2246 et
2589 2192 2938 2264 cogitatione
2988 2195 3282 2250 cruciatus
3331 2200 3422 2251 est
3466 2212 3480 2249 :
3530 2194 3839 2267 magisque

2186 2279 2448 2349 requiem
2496 2280 2708 2337 habeat
2760 2283 3081 2354 abortivus,
3116 2300 3293 2355 quam
3325 2299 3533 2340 avarus
3583 2282 3679 2339 ille
3709 2282 3839 2340 lon-

2184 2382 2377 2438 gaevus
2412 2384 2424 2422 :
2460 2373 2516 2423 et
2566 2373 2762 2425 tamen
2813 2372 2985 2427 ambo
3033 2371 3241 2443 aequali
3294 2373 3410 2428 ﬁne
3460 2372 3836 2443 rapiantur‘,

2184 2456 2326 2510 dum
2358 2460 2415 2511 et
2454 2456 2547 2512 hic
2579 2463 2636 2512 et
2680 2458 2775 2513 ille
2808 2465 2994 2515 morte
3025 2460 3204 2516 simili
3253 2460 3696 2517 subtrahuntur.
3738 2462 3838 2517 Po-

2182 2548 2297 2599 test
2326 2544 2435 2600 hoc
2467 2550 2523 2601 et
2553 2547 2624 2601 de
2656 2547 2831 2603 Israel
2864 2548 3068 2620 accipi,
3102 2551 3259 2621 quod
3298 2549 3523 2605 dederit
3567 2549 3653 2605 illi
3681 2550 3840 2606 Deus

2182 2630 2414 2704 Legem,
2442 2639 2498 2689 et
2550 2636 2891 2708 PrOphetas,
2923 2637 3383 2703 Testamentum,
3413 2643 3471 2694 et
3516 2639 3834 2709 repromis-

2181 2721 2429 2791 sionem,
2462 2724 2757 2780 Salvatore
2808 2727 3033 2781 dicente
3066 2744 3079 2782 :
3115 2728 3257 2795 Quia
3297 2731 3578 2797 auferetur
3604 2744 3638 2783 a
3676 2729 3832 2784 vobis

2179 2826 2412 2881 regnum
2453 2814 2573 2879 Dei,
2603 2821 2653 2868 et
2700 2814 2927 2869 dubitur
2952 2816 3103 2883 genti
3146 2818 3375 2887 [Icienti
3404 2819 3617 2887 [metu
3661 2817 3779 2887 ejus
3810 2820 3832 2851 ⁶

2178 2900 2400 2970 (Matth.
2437 2918 2553 2969 xxx,
2588 2903 2696 2973 43).
2726 2903 2853 2959 Haec
2905 2904 3103 2959 omnia
3149 2905 3220 2960 ad
3274 2903 3532 2960 alienum
3561 2909 3618 2960 et
3658 2921 3826 2977 pere-

2178 2988 2413 3060 grinum
2444 2990 2516 3045 de
2544 2992 2819 3062 gentibus
2848 2992 3133 3048 translata
3161 2992 3279 3049 sint
3315 2992 3619 3065 populum,
3650 2998 3707 3049 et
3740 2993 3824 3049 vi-

2177 3076 2354 3133 deant
2401 3077 2485 3133 illi
2539 3080 2691 3135 bona
2739 3097 2867 3148 sua,
2918 3085 2975 3137 et
3019 3098 3135 3137 non
3186 3081 3477 3138 fruantur.
3526 3082 3825 3155 Multoque

2177 3181 2283 3220 nos
2331 3168 2683 3224 conditionis
2734 3185 2861 3225 esse
2911 3169 3194 3237 melioris,
3227 3170 3327 3242 qui
3357 3171 3527 3243 quasi
3578 3172 3822 3227 abortivi

2176 3257 2234 3309 et
2262 3255 2471 3311 novelli
2502 3257 2862 3327 putabamur
2881 3259 2953 3314 ab
2984 3259 3089 3323 eis,
3115 3259 3217 3330 qui
3246 3259 3359 3315 sibi
3390 3260 3449 3315 in
3481 3260 3822 3331 antiquitate

421 3348 635 3404 melius
666 3346 757 3402 est
775 3347 944 3418 juxta
988 3349 1331 3418 Apostolum
1364 3348 1412 3419 (Ι
1440 3347 1560 3403 Cor.
1591 3363 1650 3412 x,
1682 3348 1759 3419 3),
1792 3347 2066 3420 spiritua-
2098 3333 2141 3400 C
2179 3342 2615 3415 applaudebant
2644 3346 2717 3402 de
2763 3346 3028 3418 patribus
3059 3347 3376 3419 gloriantes
3424 3354 3598 3421 atque
3625 3348 3818 3405 dicen-

420 3434 538 3491 lem
559 3451 751 3491 escam
774 3440 831 3491 et
860 3434 1223 3507 spiritualem
1258 3440 1458 3507 potum
1490 3452 1524 3491 a
1554 3436 1669 3491 Deo
1718 3437 1923 3493 datum
1975 3435 2064 3492 in-

421 3522 629 3596 telligi,
660 3528 716 3580 et
762 3524 956 3579 videre
1008 3524 1326 3580 bonitatem
1358 3523 1419 3579 in
1477 3524 1640 3579 omni
1689 3524 1882 3579 labore
1935 3541 2063 3595 suo,

420 3610 561 3686 quia
589 3612 811 3686 ingenti
856 3612 1053 3669 labore
1082 3618 1138 3669 et
1168 3613 1361 3668 studio
1399 3627 1536 3667 vera
1582 3629 1895 3684 possumus
1927 3629 2063 3668 con-

413 3701 683 3775 templari
722 3703 896 3758 bona.
930 3702 999 3756 Et
1048 3702 1168 3757 hac
1199 3706 1287 3756 est
1337 3718 1471 3773 pars
1522 3706 1740 3765 nostra,
1775 3705 1840 3755 ut
1870 3702 1927 3755 in
1957 3719 2059 3756 no-

411 3788 535 3847 stro‘
560 3789 754 3848 studio
802 3794 859 3846 et
888 3790 1085 3847 labore
1137 3788 1423 3845 laetemur.
1459 3790 1621 3854 Quod
1660 3787 1793 3844 licet
1841 3790 2058 3846 bonum

2175 3436 2265 3487 tes
2296 3448 2309 3487 :
2341 3433 2505 3489 Pater
2549 3443 2730 3489 noster
2772 3443 2851 3491 est
2900 3436 3178 3492 Abraham
3220 3438 3404 3505 (Joan.
3443 3454 3566 3505 vm,
3594 3438 3685 3509 39)
3719 3455 3734 3493 :
3764 3442 3822 3494 et

2174 3526 2368 3578 tamen
2398 3524 2471 3579 ad
2503 3541 2689 3579 unum
2720 3524 2915 3580 locum
2937 3530 2993 3580 et
3022 3541 3129 3581 nos
3159 3528 3216 3581 et
3245 3524 3378 3581 illos
3407 3542 3735 3598 properare,
3757 3526 3815 3582 id

2173 3615 2284 3679 est,
2314 3612 2385 3665 ad
2421 3612 2717 3682 judicium
2766 3613 2889 3668 Dei.
2922 3615 3085 3679 Quod
3135 3616 3332 3669 autem
3360 3614 3420 3669 in
3472 3614 3663 3671 medio
3690 3614 3810 3671 ait:

2170 3700 2236 3753 Et
2277 3700 2498 3771 quidem
2542 3704 2852 3773 sepulcrum
2896 3718 3009 3758 non
3052 3704 3161 3774 fuit
3206 3705 3295 3764 ei;
3341 3704 3459 3759 sive
3501 3702 3608 3758 hoc
3655 3705 3811 3761 434

2170 3787 2479 3860 significat,
2514 3791 2667 3863 quod
2700 3789 2857 3845 dives
2903 3790 3000 3847 ille
3030 3791 3099 3847 de
3130 3807 3239 3847 sua
3268 3795 3455 3848 morte
3506 3808 3622 3848 non
3652 3792 3808 3866 cogi-

411 3879 510 3949 sit,
539 3883 758 3950 tamen,
794 3881 980 3935 donec
1022 3878 1288 3935 Christus
1337 3878 1742 3934 manifestetur
1790 3879 1908 3933 vita
1951 3896 2056 3935 no-
2169 3880 2270 3945 tet,
2304 3882 2359 3931 et
2388 3894 2522 3933 cum
2554 3878 2753 3936 omnia
2783 3880 3100 3951 possideat,
3123 3879 3298 3935 etiam
3330 3879 3390 3935 in
3420 3880 3809 3938 exstructione

409 3972 551 4035 stra,
583 3970 834 4024 necdum
880 3968 1046 4040 plene
1092 3968 1309 4022 bonum
1340 3970 1445 4021 est.
1480 3966 1548 4021 Et
1578 3966 1707 4022 ideo
1757 3984 1872 4022 non
1905 3968 2056 4023 mul-
2167 3965 2419 4037 sepulcri
2470 3984 2682 4024 avarus
2727 3968 2844 4035 sit;
2880 3968 2997 4024 sive
3024 3970 3179 4040 quod
3210 3985 3363 4041 saepe
3406 3974 3644 4042 propter
3667 3969 3809 4027 istas

406 4059 536 4112 tum
566 4056 969 4113 recordabitur
995 4056 1152 4112 Deus
1175 4055 1403 4111 dierum
1431 4056 1560 4110 vitae
1592 4060 1821 4111 nostrae.
1847 4057 2057 4112 Notan-
2167 4052 2397 4110 divitias
2427 4056 2657 4111 occisus
2688 4057 2940 4125 insidiis,
2966 4056 3294 4129 insepultus
3316 4057 3646 4128 abjiciatur,
3669 4057 3806 4127 sive,

407 4145 549 4213 dum
607 4160 867 4216 quoque,
913 4145 1069 4215 quod
1127 4144 1222 4199 hic
1278 4141 1653 4217 περισπασμός
1713 4144 1769 4199 in
1829 4145 2051 4201 meliori
2164 4143 2319 4214 quod
2340 4143 2563 4200 melius
2595 4151 2756 4216 puto,
2790 4144 2934 4200 nihil
2977 4145 3111 4202 boni
3161 4145 3435 4203 facinoris
3465 4146 3709 4220 egerit",
3742 4165 3807 4204 ex

405 4235 570 4305 parte
601 4233 887 4303 accipitur
914 4250 1018 4305 pro
1048 4232 1425 4303 occupatione
1446 4232 1768 4304 spiritualis
1790 4250 2052 4306 versaque
2163 4247 2277 4303 quo
2299 4232 2409 4288 sibi
2430 4238 2606 4305 queat
2620 4236 2773 4306 apud
2799 4239 3062 4306 posteros
3080 4235 3424 4291 memoriam
3448 4252 3804 4308 comparare,

403 4317 637 4375 Iustitiae.
2160 4324 2217 4375 et
2248 4337 2364 4377 non
2394 4323 2574 4377 vitam
2606 4323 2835 4378 silentio
2875 4324 3148 4389 transire,
3178 4324 3337 4380 velut
3367 4326 3637 4396 pecudes.
3670 4341 3803 4382 cum

476 4400 631 4482 (Cap.
664 4408 786 4481 VI.)
817 4431 844 4460 ‹‹
878 4411 978 4465 Est
1023 4409 1268 4479 malum,
1304 4411 1457 4483 quod
1489 4409 1608 4465 vidi
1660 4410 1769 4465 sub
1821 4410 1964 4478 sole,
1995 4416 2053 4471 et
2159 4408 2434 4466 habuerit
2475 4412 2804 4479 materiam,
2852 4429 2955 4484 per
3000 4428 3177 4486 quam
3226 4412 3481 4485 potuerit
3522 4429 3802 4486 apparere

401 4498 675 4570 frequens
706 4500 859 4572 apud
909 4499 1199 4557 homines.
1234 4499 1336 4555 Vir
1383 4500 1475 4555 cui
1510 4498 1673 4554 dedit
1711 4500 1863 4556 438
1895 4500 2048 4556 Deus
2159 4499 2314 4568 quod
2345 4499 2571 4555 vixerit.

399 4585 632 4644 divitias
678 4593 736 4643 et
774 4588 1189 4656 substantiam,
1222 4592 1279 4643 et
1308 4587 1577 4659 gloriam,
1608 4593 1666 4644 et
1711 4586 1857 4642 nihil
1886 4589 2049 4645 deest
2231 4608 2259 4637 ‹‹
2291 4587 2494 4643 Omnis
2517 4587 2681 4645 labor
2709 4588 2966 4646 hominis
2996 4590 3056 4645 in
3088 4606 3187 4647 ore
3213 4589 3421 4663 ipsius,
3453 4595 3511 4648 et
3557 4590 3795 4663 quidem

398 4675 607 4731 animas
640 4678 768 4748 ejus
824 4693 893 4732 ex
934 4677 1231 4745 omnibus,
1265 4692 1390 4747 qum
1442 4676 1810 4745 desideravit,
1844 4681 1900 4733 et
1928 4694 2044 4734 non
2075 4691 2123 4756 D
2156 4677 2354 4732 anima
2383 4693 2499 4732 non
2531 4676 2873 4750 implebitur
2898 4680 2938 4734 ⁸.
2971 4679 3117 4742 Quid
3137 4678 3296 4735 enim
3327 4684 3419 4735 est
3434 4678 3689 4752 amplius
3709 4696 3801 4736 sa-

398 4763 557 4820 dedit
584 4764 635 4820 ei
687 4765 842 4819 Deus
893 4768 1258 4837 potestatem,
1293 4768 1359 4819 ut
1406 4766 1788 4821 manducaret
1837 4782 1907 4821 ex
1954 4783 2042 4837 eo,
2154 4764 2333 4837 pienti
2364 4783 2397 4821 a
2428 4766 2629 4835 stulto,
2662 4766 2799 4837 quid
2853 4767 3117 4839 pauperi,
3151 4766 3266 4823 nisi
3316 4768 3489 4835 scire,
3522 4772 3587 4822 ut
3630 4768 3803 4824 vadat

394 4854 494 4910 sed
525 4852 613 4909 vir
640 4851 869 4909 alienus
928 4852 1182 4908 comedit
1209 4851 1375 4908 illud.
1411 4853 1540 4909 Haec
1586 4854 1814 4910 vanitas
1844 4860 1953 4923 est,
1987 4861 2045 4911 et
2152 4858 2354 4910 contra
2382 4854 2559 4911 vitam
2581 4856 2608 4909 ?
2643 4877 2669 4903 »
2701 4855 2887 4911 Omne
2948 4856 3103 4927 quod
3134 4854 3405 4913 laborant
3449 4856 3713 4913 homines
3742 4856 3803 4913 in

390 4940 642 5014 languor
670 4940 984 5014 pessimus.
1020 4943 1081 4997 Si
1109 4942 1378 5014 genuerit
1406 4942 1493 4998 vir
1534 4948 1769 4999 centum
1800 4945 1821 4978 ⁴
1853 4948 1910 4999 et
1938 4960 2040 5000 an-
2150 4942 2260 4998 hoc
2290 4945 2538 5014 mundo,
2569 4960 2667 4998 ore
2696 4944 3090 5010 consumitur,
3122 4949 3179 5000 et
3221 4944 3487 5001 attritum
3516 4944 3794 5002 dentibus

388 5029 481 5088 nis
510 5030 717 5087 multis
744 5030 967 5098 vixerit,
1000 5034 1056 5087 et
1086 5030 1284 5103 plures
1316 5031 1557 5087 fuerunt
1591 5032 1718 5088 dies
1749 5048 2038 5089 annorum
2146 5033 2333 5090 ventri
2351 5034 2604 5090 traditur
2622 5034 3027 5107 digerendum.
3050 5033 3312 5105 Cumque
3352 5033 3664 5108 paululum
3692 5049 3800 5108 gu-

2214 5303 2235 5334 ⁴
2266 5301 2389 5356 Duo
2420 5298 2668 5357 Palatini
2702 5300 2926 5356 addunt
2958 5301 3192 5364 liberos;
3220 5301 3402 5357 Vatic.
3434 5302 3597 5372 ﬁlios.

452 5297 470 5330 ¹
504 5295 663 5351 Idem
692 5295 903 5363 Vatic.,
934 5312 1062 5369 qua?
1090 5298 1327 5353 contrita
1357 5304 1437 5352 est
1469 5297 1537 5351 ab
1568 5313 1652 5361 ea,
1680 5297 1745 5353 de
1768 5314 1896 5368 qua,
1923 5304 2030 5357 etc.
2214 5303 2235 5334 ⁴
2266 5301 2389 5356 Duo
2420 5298 2668 5357 Palatini
2702 5300 2926 5356 addunt
2958 5301 3192 5364 liberos;
3220 5301 3402 5357 Vatic.
3434 5302 3597 5372 ﬁlios.

452 5367 472 5400 ²
677 5372 761 5445 est
788 5376 962 5424 mater
1006 5371 1256 5425 omnium
1310 5373 1576 5445 nostrum.
1613 5367 1804 5423 Simili
1852 5375 2031 5425 tmne-
2213 5373 2233 5445 τὲ
2264 5372 2603 5445 Sichabent
2632 5378 2884 5442 quatuor
2930 5390 3072 5428 mss.
3106 5375 3291 5445 Antea
3320 5378 3444 5429 erat
3472 5374 3769 5445 rapiuntur

450 5367 472 5400 ²
504 5367 634 5433 θυαε
680 5372 761 5423 est
788 5367 962 5424 mater
1006 5371 1256 5425 omnium
1310 5373 1576 5423 nostrum.
1613 5367 1804 5423 Simili
1852 5375 2031 5425 teme-

380 5435 552 5517 ritate
582 5438 931 5517 addiderunt
962 5446 1093 5517 post
1122 5449 1386 5517 nostrum,
1412 5439 1763 5517 scripturam
1791 5457 2033 5512 sequcn-
2156 5516 2159 5517 ν
2211 5444 2231 5477 θ
2262 5444 2435 5497 Addit
2480 5435 2690 5517 Victor.
2728 5460 2741 5498 :
2792 5445 2854 5497 Et
2900 5447 2996 5514 qui
3042 5444 3297 5499 ceciderit
3349 5460 3510 5517 super
3536 5435 3790 5515 'lapidem

381 5511 502 5586 tem
534 5526 545 5562 :
583 5512 641 5563 lit
672 5509 736 5563 de
783 5526 891 5579 qua
918 5509 1177 5586 scribitur
1202 5528 1219 5563 :
1266 5512 1471 5565 Lmlarc
1520 5509 1721 5586 Sterilis
1751 5509 1889 5581 quée'
1922 5531 2030 5568 non»
2141 5516 2310 5569 istum
2356 5516 2771 5585 confringetur;
2804 5509 2964 5586 super
3011 5531 3169 5585 quem
3201 5532 3322 5571 vero
3367 5509 3621 5571 ceciderit
3662 5532 3789 5569 con-

373 5581 547 5652 paris,
579 5596 799 5650 erumpe
823 5591 873 5634 et
900 5581 1085 5636 clama
1128 5598 1244 5652 qua:
1274 5599 1381 5636 non.
1416 5584 1681 5651 periuris,
1714 5586 1843 5651 quia
1866 5586 2030 5639 multi
2136 5588 2275 5640 teret
2304 5603 2453 5643 eum.

375 5649 487 5728 ﬁlii
505 5650 737 5728 deserta?
778 5654 988 5728 φημί]ιῇ
1006 5649 1168 5720 quam
1197 5654 1312 5721 ejus
1343 5649 1469 5723 quin
1499 5654 1663 5708 habet
1707 5649 1904 5710 uirum.
1940 5656 2028 5711 Sic
2209 5658 2227 5690 7
2257 5658 2421 5727 Apud
2460 5655 2686 5711 Alcuin.
2740 5656 2895 5711 Nihil
2944 5657 3141 5713 bonum
3201 5657 3623 5727 honoriﬁcumve
3666 5674 3787 5728 ege-

375 5721 764 5801 ⁹υιιςίιιηι,
793 5725 910 5801 σξιο..
936 5723 1221 5801 ΜΑξιλιηιθΝ.
1247 5797 1253 5801 Δ
1356 5721 1362 5723 “
1436 5798 1443 5801 Δ
1893 5795 1923 5801 __
2137 5731 2230 5793 rit,
2258 5721 2371 5801 etc.
2410 5728 2642 5801 Victum,
2675 5728 2827 5783 Nihil
2851 5730 2989 5799 facti
3015 5737 3066 5784 et
3097 5729 3317 5784 honoris
3344 5721 3536 5801 egerit,
3567 5734 3673 5785 etc.

414 5791 752 5921 lziltn’eibum
792 5793 910 5860 frui
958 5793 1263 5849 sufﬁciunt
1313 5798 1564 5862 quatuor
1611 5810 1754 5852 mss.
1806 5795 2022 5868 quibus
2203 5791 2226 5833 ⁸
2255 5800 2417 5871 Mss.,
2450 5791 2648 5856 Anima
2680 5801 2797 5870 ejus
2827 5791 2935 5856 non
2966 5801 3303 5873 implebitur,
3335 5791 3446 5857 etc.

548 5879 585 5920 u
623 5901 639 5917 .

373 5875 639 5920 ummur.
