3992 6428
212 466 425 540 1113

1269 467 1895 537 COMMENTARIUS
1934 468 2016 535 IN
2058 466 2661 536 ECCLESIASTEN.

3508 472 3669 540 “ﬂ

258 608 386 667 lam
411 604 807 675 delectaverit,
836 604 1042 665 tandiu
1088 605 1316 663 videtur
1367 606 1622 661 tribuere
1652 605 1911 678 volupta-
1938 611 1993 676 Α
2022 604 2197 677 pitur,
2232 622 2303 660 ne
2335 606 2486 660 ultra
2516 624 2694 678 quam
2736 606 2807 662 de
2837 623 2903 664 eo
2933 601 3103 666 nobis
3133 604 3422 682 scriptum
3444 612 3554 678 est,
3576 627 3667 668 re-

254 702 408 767 tem,
442 699 707 771 quandiu
736 701 973 772 gutture
1003 696 1353 753 continetur.
1401 696 1543 751 Cum
1570 711 1702 751 vero
1732 695 1789 750 in
1824 694 1906 750 al-

258 803 405 843 vum
434 787 754 857 transierit,
795 786 1009 843 desinit
1053 786 1206 840 inter
1257 784 1417 841 cibos
1449 800 1575 841 esse
1605 784 1903 840 distantia.

259 876 335 931 Et
364 880 498 948 post
527 876 648 930 haec
679 875 896 942 omnia,
930 891 1044 930 non
1075 873 1351 945 impletur
1379 872 1577 927 anima
1605 873 1908 929 comeden-

255 966 379 1022 tis:
414 966 535 1022 sive
563 966 719 1037 quod
750 980 987 1020 rursum
1020 963 1327 1029 desideret,
1362 962 1518 1033 quod
1549 962 1818 1030 comedit,
1851 966 1909 1017 et

260 1058 386 1111 tam
436 1054 671 1126 sapiens
719 1070 896 1125 quam
946 1052 1164 1108 stultus
1211 1052 1433 1123 absque
1478 1051 1604 1107 cibo
1656 1055 1909 1122 nequeat

256 1143 471 1209 vivere,
506 1147 563 1199 et
591 1159 814 1216 pauper
845 1141 989 1197 nihil
1018 1140 1179 1197 aliud
1210 1144 1447 1211 quaerat,
1473 1140 1585 1196 nisi
1613 1141 1906 1212 quomodo

259 1232 370 1304 (Al.
403 1232 581 1304 quod)
620 1230 807 1304 possit
835 1246 1121 1302 organum
1172 1229 1262 1284 sui
1310 1227 1641 1300 corpusculi
1672 1234 1905 1283 susten-

258 1328 406 1389 tare,
441 1337 546 1377 nec
576 1319 812 1376 interire
844 1318 1070 1374 inedia:
1113 1317 1230 1374 sive
1284 1319 1435 1389 quod
1490 1316 1712 1372 nullam
1745 1316 1904 1372 utili-

256 1414 442 1466 tatem
468 1409 667 1467 anima
695 1426 765 1464 ex
794 1406 1100 1464 refectione
1130 1405 1464 1478 corpusculi
1494 1405 1705 1478 capiat,
1738 1410 1795 1461 et
1823 1406 1902 1461 ci-

257 1499 376 1555 bus
397 1502 520 1554 tam
543 1497 790 1570 sapienti
813 1512 991 1569 quam
1016 1496 1193 1553 stulto
1214 1494 1545 1552 communis
1567 1495 1666 1563 sit,
1689 1498 1743 1550 et
1764 1494 1905 1549 illuc

257 1589 438 1643 vadat
474 1603 713 1659 pauper,
765 1585 863 1641 ubi
903 1602 1042 1657 opes
1090 1601 1219 1641 esse
1268 1584 1645 1656 perspexerit.
1697 1584 1904 1639 Melius

259 1680 355 1734 est
383 1680 582 1732 autem
612 1676 720 1731 hoc
764 1674 1016 1747 intelligi
1058 1675 1128 1729 de
1177 1673 1580 1729 Ecclesiastico
1627 1672 1769 1740 viro,
1804 1674 1903 1744 qui

257 1766 321 1821 in
353 1765 669 1837 Scripturis
699 1763 1032 1822 cmlestibus
1059 1764 1344 1828 eruditus,
1386 1777 1616 1818 omnem
1643 1762 1902 1818 laborem

256 1854 437 1910 habet
464 1855 523 1908 in
554 1870 651 1909 ore
680 1870 807 1919 suo,
840 1857 895 1908 et
926 1851 1124 1908 anima
1143 1853 1274 1922 ejus
1297 1868 1411 1907 non
1433 1852 1733 1923 impletur,
1759 1852 1901 1907 dum

257 1959 495 2015 semper
515 1943 678 2015 cupit
707 1943 955 1998 discere.
985 1942 1053 1996 Et
1084 1942 1142 1995 in
1173 1957 1240 1996 eo
1270 1939 1403 2012 plus
1433 1940 1609 1996 habet
1640 1940 1897 2013 sapiens,

258 2047 442 2104 quam
483 2030 803 2102 insipiens:
841 2028 981 2100 quia
1009 2045 1143 2084 cum
1175 2044 1488 2100 pauperem
1529 2044 1658 2083 esse
1689 2044 1747 2083 se
1778 2044 1905 2083 sen-

254 2120 368 2176 tiat
394 2122 740 2193 (puUperem
774 2123 968 2174 autem
1000 2117 1189 2187 illum,
1223 2117 1322 2188 qui
1356 2117 1415 2172 in
1444 2117 1750 2190 Evangelio
1772 2118 1905 2172 bea-

254 2213 358 2265 tus
387 2209 643 2280 dicitur),
679 2211 951 2281 properat
974 2206 1044 2262 ad
1081 2223 1149 2262 ea
1189 2205 1754 2278 comprehendenda,
1779 2223 1905 2278 qua:

257 2298 393 2353 vita:
425 2301 584 2365 sunt,
614 2301 673 2352 et
714 2296 979 2352 ambulat
1011 2299 1231 2351 arctam
1284 2299 1342 2350 et
1390 2299 1699 2367 angustam
1728 2295 1903 2362 viam,

232 2403 389 2459 'quaa
420 2387 583 2441 ducit
612 2386 685 2441 ad
713 2385 916 2451 vitam,
940 2388 997 2440 et
1018 2400 1238 2457 pauper
1257 2388 1346 2439 est
1366 2401 1400 2439 a
1430 2383 1602 2439 malis
1632 2384 1906 2456 operibus

238 2479 317 2532 ‘et
345 2476 456 2532 scit
482 2475 582 2530 ubi
623 2474 888 2530 Christus
918 2473 1018 2545 qui
1050 2472 1167 2528 vita
1197 2476 1306 2539 est,
1344 2478 1757 2529 commoretur.

331 2588 358 2614 ‹‹
392 2563 599 2619 Melior
627 2567 718 2622 est
745 2567 1018 2636 aspectus
1049 2561 1351 2617 oculorum
1394 2578 1577 2637 super
1598 2561 1903 2617 ambulan-

256 2655 378 2709 tem
410 2652 468 2707 in
501 2652 721 2708 anima.
754 2652 861 2707 Sed
893 2655 949 2707 et
997 2651 1109 2706 hoc
1156 2650 1382 2705 vanitas
1429 2654 1485 2704 et
1527 2650 1906 2722 praesumptio

257 2738 524 2811 spiritus.
560 2760 588 2787 ιι
621 2737 887 2793 Dilucide
915 2737 1024 2793 hoc
1056 2737 1471 2809 interpretatus
1519 2743 1608 2792 est
1637 2739 1904 2809 Symma-

256 2828 406 2884 chus
434 2828 671 2883 dicens:
710 2849 738 2878 «
767 2826 977 2882 Melius
1007 2832 1098 2882 est
1128 2825 1450 2898 providere,
1484 2842 1661 2897 quam
1692 2827 1905 2883 ambu-

252 2916 397 2985 lare,
430 2921 495 2972 ut
523 2915 703 2983 libet;
753 2939 774 2964 ιι
812 2916 968 2971 435
1002 2915 1061 2969 id
1092 2920 1203 2982 est,
1239 2914 1449 2970 melius
1480 2917 1750 2986 estjuxta
1779 2933 1906 2971 scn-

252 3021 390 3062 sum
431 3008 641 3061 cuncta
671 3020 861 3077 agere,
913 3004 1014 3076 qui
1065 3003 1276 3059 animas
1322 3009 1409 3059 est
1465 3003 1692 3070 oculus,
1726 3021 1903 3076 quam

251 3093 618 3151 voluntatem
651 3093 845 3149 cordis
877 3092 1046 3165 sequi
1078 3094 1116 3149 '.
1151 3092 1269 3148 Hoc
1298 3096 1388 3147 est
1416 3093 1569 3147 enim
1604 3092 1906 3148 ambulare

252 3182 316 3239 in
346 3182 565 3251 anima,
607 3182 763 3237 sicut
810 3180 1071 3237 Ezechiel
1102 3181 1213 3236 ait:
1272 3182 1377 3249 Qui
1412 3180 1694 3236 ambulant
1724 3183 1784 3236 in
1812 3197 1903 3236 vo-

251 3273 469 3328 luntate
490 3272 670 3329 cordis
696 3274 790 3326 sui
818 3272 1033 3342 (Ezech.
1066 3287 1128 3337 ιι,
1176 3270 1287 3341 2i).
1340 3268 1440 3324 Vel
1488 3274 1644 3325 certe
1698 3286 1901 3342 super-

1934 1985 2074 2079 Bta

2019 694 2345 765 quiremus,
2380 712 2450 749 ne
2489 694 2627 751 velit
2676 696 2850 752 homo
2900 694 3032 769 plus
3080 696 3248 766 scire,
3302 716 3479 771 quam
3509 698 3663 756 Scri-

2016 785 2190 853 ptura
2210 786 2422 838 testata
2441 788 2547 840 est.
2572 789 2713 839 Cum
2755 786 2910 841 enim
2935 786 3007 841 de
3023 790 3179 844 statu
3215 792 3413 843 nostro
3436 789 3665 861 ignore-

2019 887 2173 937 mus,
2207 875 2263 926 et
2291 872 2411 927 vita
2441 877 2645 929 nostra
2676 875 2842 946 quasi
2866 875 3076 931 umbra
3096 880 3482 947 pertranseat,
3504 882 3560 934 et
3579 879 3667 933 fu-

2015 962 2149 1015 tura
2178 960 2395 1017 incerta
2450 962 2588 1033 sint,
2649 980 2765 1019 non
2822 964 2992 1020 nobis
3047 965 3279 1037 expedit
3334 970 3400 1022 ut
3441 968 3667 1039 majora

2017 1064 2194 1119 quam
2253 1065 2570 1120 possumus
2618 1051 3010 1123 inquiramus.
3070 1054 3347 1110 Nonnulli
3404 1054 3550 1112 illud
3602 1057 3663 1112 in

2016 1137 2125 1193 hoc
2156 1137 2280 1193 loco
2312 1139 2634 1212 significari
2668 1146 2894 1213 putant,
2930 1144 3084 1214 quod
3119 1143 3405 1213 omnium,
3439 1145 3540 1217 qui
3573 1146 3663 1202 fu-
3738 1206 3746 1214 ,

2015 1227 2129 1281 turi
2162 1232 2326 1295 sunt,
2369 1233 2427 1283 et
2458 1229 2764 1285 hominum
2799 1248 3039 1302 corpore
3082 1232 3510 1306 circumdandi,
3535 1235 3661 1306 jam

2014 1320 2166 1370 Deus
2197 1316 2218 1349 ³
2264 1318 2611 1374 vocabulum
2662 1319 2922 1375 noverit:
2977 1337 3084 1376 nec
3132 1322 3319 1393 possit
3367 1322 3541 1379 homo
3569 1340 3662 1380 re-

2015 1403 2301 1474 spondere
2333 1411 2535 1462 contra
2563 1407 2845 1464 artiﬁcem
2877 1425 3075 1477 suum,
3119 1425 3302 1481 quare
3332 1410 3414 1466 ita
3442 1412 3530 1467 vel
3584 1411 3665 1467 ita

2015 1491 2205 1546 factus
2226 1493 2321 1547 sit.
2347 1496 2575 1559 Quanto
2598 1496 2755 1558 enim
2776 1496 3031 1569 amplius
3052 1497 3478 1569 qumsierimus,
3499 1503 3662 1556 tanto

2015 1580 2205 1651 magis
2236 1584 2464 1638 ostendi
2497 1585 2814 1640 vanitatem
2862 1590 3125 1641 nostram
3157 1589 3214 1642 et
3250 1587 3425 1643 verba
3457 1604 3660 1660 super-

2014 1668 2159 1725 ﬂua:
2193 1675 2252 1725 et
2279 1688 2395 1727 non
2425 1689 2493 1727 ex
2523 1674 2893 1745 prazscientia
2928 1674 3023 1730 Dei
3065 1674 3317 1731 liberum
3349 1675 3475 1731 tolli
3506 1677 3662 1732 arbi-

2011 1758 2214 1825 trium,
2252 1760 2353 1815 sed
2394 1776 2607 1817 causas
2657 1767 2791 1818 ante
2840 1763 3185 1835 praecedere,
3233 1779 3415 1836 quare
3446 1782 3658 1821 unum-

2013 1848 2289 1920 quodque
2319 1849 2405 1904 sic
2435 1850 2653 1906 iactum
2686 1852 2782 1907 sit.

2083 1937 2286 2002 «Quia
2330 1942 2471 1994 sunt
2515 1940 2691 1995 verba
2712 1940 2898 1998 multa
2924 1942 2946 1976 ⁴
2992 1941 3444 2015 multiplicantia
3490 1941 3658 1998 vani-

2076 2028 2214 2079 tem.
2248 2026 2396 2090 Quid
2428 2034 2519 2083 est
2548 2028 2811 2100 amplius
2834 2029 3059 2086 homini
3089 2030 3110 2065 ³
3129 2030 3157 2085 ?
3185 2030 3327 2094 Quis
3357 2030 3514 2086 enim
3535 2046 3665 2103 cog-

2017 2115 2177 2168 novit
2235 2115 2375 2185 quid
2426 2115 2506 2171 sit
2562 2118 2783 2172 bonum
2842 2118 3067 2173 homini
3126 2119 3187 2174 in
3246 2120 3384 2188 vita,
3419 2136 3664 2176 numero

2015 2202 2244 2257 dierum
2273 2203 2403 2259 vita:
2436 2206 2712 2261 vanitatis
2748 2208 2879 2277 ejus
2908 2210 2931 2261 Ρ
2976 2211 3033 2262 et
3086 2208 3257 2264 faciet
3293 2225 3391 2263 eos
3421 2209 3442 2243 ⁶
3493 2209 3662 2280 quasi

2017 2293 2310 2360 umbram,
2345 2293 2484 2364 quia
2517 2295 2650 2365 quis
2680 2296 2835 2351 486
2861 2294 3238 2351 annuntiabit
3254 2295 3662 2367 homini,quid

2013 2379 2088 2435 sit
2116 2384 2249 2452 post
2274 2396 2417 2436 eum.
2441 2382 2552 2438 sub
2586 2382 2709 2438 sole
2729 2383 2756 2437 ‘?
2788 2404 2817 2432 »
2851 2387 3016 2450 Cum,
3047 2383 3259 2455 inquit,
3294 2384 3524 2456 ignoret
3553 2385 3663 2440 ho-

2015 2485 2110 2523 mo
2141 2469 2212 2524 de
2256 2474 2412 2525 statu
2460 2487 2587 2537 suo,
2640 2475 2696 2527 et
2740 2488 3103 2543 quaecunque
3149 2472 3380 2528 videtur
3426 2472 3576 2528 scire
3604 2477 3664 2528 et

2013 2572 2267 2624 cernere,
2300 2575 2414 2613 non
2458 2564 2523 2614 ut
2554 2576 2616 2614 se
2644 2559 2725 2615 rei
2756 2559 2931 2615 habet
2973 2560 3209 2627 veritas,
3264 2560 3363 2615 sed
3396 2575 3500 2632 per
3528 2576 3658 2632 spe-

2014 2644 2236 2716 culum,
2269 2651 2324 2701 et
2354 2648 2625 2704 umbram
2656 2654 2713 2704 et
2742 2649 3059 2722 imaginem
3090 2649 3304 2716 videat,
3338 2666 3442 2705 nec
3464 2649 3661 2706 futura

2013 2741 2346 2806 cognoscat,
2372 2740 2427 2792 et
2444 2737 2503 2791 in
2527 2736 2900 2811 multiloquio
2923 2755 3035 2793 non
3062 2739 3301 2811 effugiat
3317 2743 3655 2810 peccatum;

2013 2821 2316 2880 silentium
2348 2831 2526 2897 ponat
2557 2827 2641 2882 ori
2680 2844 2808 2896 suo,
2841 2833 2897 2883 et
2925 2828 3125 2883 credat
3152 2844 3288 2883 eum
3311 2826 3538 2883 venisse
3559 2827 3659 2899 qui

2012 2912 2269 2983 scriptus
2300 2919 2407 2984 est,
2439 2917 2756 2987 quomodo,
2788 2921 2845 2972 et
2873 2920 3152 2988 quantus,
3174 2919 3230 2972 et
3259 2915 3453 2988 qualis
3483 2932 3658 2971 vene-

2012 2999 2107 3067 rit,
2141 3018 2258 3057 non
2301 3004 2626 3074 requirens.

2083 3088 2242 3161 (Cap.
2284 3090 2429 3161 VII.)
2479 3112 2508 3141 «
2559 3097 2783 3147 Bonum
2832 3096 2922 3147 est
2966 3107 3179 3147 nomen
3232 3107 3411 3163 super
3458 3090 3655 3158 pleum

2010 3176 2253 3244 bonum,
2290 3183 2346 3233 et
2361 3180 2488 3236 dies
2508 3180 2718 3236 mortis
2740 3196 2916 3252 super
2935 3180 3091 3235 diem
3114 3178 3430 3235 nativitatis
3450 3179 3599 3250 ejus.
3626 3201 3655 3229 ››

2010 3264 2344 3333 Considera,
2395 3267 2608 3339 inquit,
2658 3285 2691 3323 ο
2739 3268 2934 3336 homo,
2989 3268 3116 3324 dies
3164 3273 3298 3324 tuos
3348 3268 3567 3337 breves,
3602 3273 3660 3325 et

250 3361 396 3416 bum
427 3364 484 3416 et
530 3358 642 3415 sibi
687 3358 1014 3430 placentem
1058 3358 1269 3430 arguit,
1319 3362 1375 3412 et
1426 3357 1725 3413 meliorem
1757 3358 1899 3414 dicit
1928 3352 1971 3420 Ο
2008 3353 2151 3425 quia
2179 3353 2292 3410 cito
2322 3371 2473 3418 esse.
2503 3356 2697 3413 soluta
2725 3373 2916 3421 carne,
2964 3357 3259 3414 cessabis:
3294 3357 3383 3413 fac
3430 3357 3537 3412 tibi
3567 3358 3655 3413 fa—

252 3466 384 3506 esse
411 3465 571 3514 eum,
603 3447 704 3519 qui
743 3451 953 3503 cuncta
989 3446 1309 3518 provideat,
1358 3461 1537 3517 quam
1582 3444 1775 3513 illum,
1806 3446 1898 3501 cui

252 3538 401 3594 nihil
432 3537 642 3611 placet,
671 3535 786 3592 nisi
816 3536 975 3609 quod
1016 3534 1144 3607 ipse
1187 3534 1423 3591 fecerit:
1470 3551 1585 3606 quo
1636 3534 1777 3590 nihil
1813 3540 1902 3590 est

253 3626 538 3694 deterius,
583 3630 642 3681 et
689 3624 851 3680 omni
894 3629 1071 3680 vento
1119 3623 1376 3679 inanius.
1424 3623 1679 3679 Rursum
1720 3628 1777 3679 et
1804 3622 1898 3679 hic

242 3716 725 3788 prmumptiorem
761 3714 1010 3785 spiritus,
1060 3711 1273 3784 Aquila
1319 3715 1376 3768 et
1421 3712 1758 3785 Theodotio,
1794 3729 1895 3783 pa-

246 3806 485 3861 ctionem
504 3806 674 3872 venti,
706 3802 1069 3874 interpretati
1117 3805 1293 3857 sunt:
1346 3801 1735 3874 Symmachus
1764 3818 1896 3857 vero

245 3895 586 3967 affectionem
612 3893 856 3963 spiritus.
889 3890 1065 3947 Porro
1095 3890 1401 3947 sciendum
1422 3894 1532 3959 est,
1557 3891 1712 3961 quod
1739 3890 1894 3962 apud

244 3981 517 4039 Hebraeos
545 3985 603 4038 et
631 3979 873 4053 spiritus
902 3984 961 4036 et
989 3983 1199 4035 ventus
1228 3978 1501 4037 similiter
1528 3978 1897 4051 appellentur

242 4069 303 4127 id
334 4074 443 4138 est,
476 4071 643 4126 RUHA
672 4072 715 4123 ³.

316 4181 345 4209 ‹‹
376 4158 526 4223 Quid
557 4163 667 4226 est,
701 4157 856 4229 quod
888 4158 1153 4212 futurum
1184 4156 1317 4215 est?
1338 4156 1465 4226 jam
1496 4160 1769 4212 vocatum
1800 4164 1894 4213 est

243 4263 459 4306 nomen
488 4248 639 4319 ejus,
670 4252 728 4302 et
756 4246 1079 4319 cognitum,
1133 4245 1274 4316 quia
1320 4244 1495 4300 homo
1544 4249 1655 4313 est,
1686 4251 1744 4301 et
1774 4263 1890 4303 non

243 4337 459 4410 poterit
478 4335 732 4407 judicari
765 4351 902 4390 cum
934 4334 1172 4389 fortiore
1203 4351 1283 4388 se.
1341 4356 1353 4382 ›
1412 4334 1618 4405 Aperte
1668 4334 1738 4390 de
1766 4335 1889 4390 εει-

240 4424 460 4482 vatoris
494 4425 839 4497 praedicatur
868 4424 1146 4489 adventu,
1180 4423 1339 4495 quod
1379 4421 1481 4494 qui
1515 4422 1748 4479 futurus
1779 4428 1887 4488 est.

241 4518 558 4585 antequam
598 4512 658 4568 in
690 4527 930 4584 corpore
960 4515 1316 4577 cerneretur,
1341 4512 1467 4582 jam
1505 4516 1773 4567 vocatum
1803 4516 1892 4569 est

239 4604 303 4659 in
332 4601 652 4674 Scripturis
679 4616 895 4657 nomen
936 4602 1089 4673 ejus,
1130 4603 1187 4655 et
1240 4599 1539 4672 cognitum
1591 4601 1889 4674 prophetis

239 4696 298 4783 et
321 4693 539 4748 sanctis
569 4690 709 4747 Dei:
746 4689 890 4783 quia
908 4689 1088 4783 homo
1119 4687 1215 4783 siAt,
1260 4693 1318 4743 et
1356 4689 1540 4783 juxta
1573 4688 1685 4783 hoc
1733 4692 1888 4783 quod
1921 4717 1967 4783 D

237 4781 415 4841 homo
445 4784 555 4847 est,
585 4796 703 4836 non
735 4778 923 4851 possit
952 4794 1014 4834 se
1043 4777 1304 4835 conferre
1332 4794 1466 4833 cum
1506 4778 1697 4844 Patre,
1736 4786 1795 4834 et
1825 4779 1885 4836 in

236 4868 551 4941 Evangelio
579 4868 773 4925 dicat:
807 4870 976 4923 Pater
1002 4867 1099 4938 qui
1126 4882 1214 4921 me
1259 4867 1432 4932 misit,
1468 4868 1650 4937 major
1693 4884 1780 4924 me
1807 4878 1887 4924 est

235 4957 413 5031 (Joan.
450 4974 567 5025 xw,
597 4959 711 5031 28).
745 4954 909 5013 Unde
950 4960 1008 5011 et
1049 4954 1110 5010 in
1157 4955 1654 5027 consequentibus
1684 4958 1885 5029 praeci-

309 5171 324 5204 ¹
356 5169 542 5226 Vatic.
579 5170 915 5228 Voluntatem
942 5167 1121 5223 cordis
1151 5166 1242 5222 sui
1279 5168 1453 5238 sequi.

309 5241 331 5277 ²
358 5242 418 5298 Id
448 5243 544 5312 est,
578 5258 755 5298 num.
791 5240 855 5296 In
888 5239 1165 5312 omnibus
1206 5236 1360 5312 mss;
1406 5236 1705 5312 codicibus
1738 5241 1884 5312 serie

281 5315 405 5369 tum
436 5309 622 5386 reperi
652 5313 972 5386 Rulia‘cum
1004 5310 1039 5364 h
1070 5310 1128 5364 in
1178 5309 1370 5386 medio
1398 5310 1714 5386 :_quam_vis
1734 5311 1881 5386 alibi

262 5380 464 5457 egetur
491 5380 711 5457 nomen,
735 5384 1039 5457 Hebraeum
1062 5391 1186 5447 rm,
1203 5380 1879 5457 sine_ulla_aspiratione,

236 5452 360 5524 ru'a,
391 5460 448 5512 et
476 5473 592 5512 non
624 5456 783 5511 ruha.
819 5455 930 5510 Sed
984 5469 1155 5507 nemo
1202 5456 1290 5508 est
1335 5452 1646 5524 hominum
1682 5455 1882 5508 erudi-

236 5523 427 5601 torum
470 5527 571 5600 qui
601 5532 772 5601 neget
804 5530 1119 5597 utrumque
1150 5527 1205 5578 et
1235 5523 1347 5595 legi
1395 5529 1451 5578 et
1479 5524 1657 5580 scribi
1688 5542 1877 5596 posse.

236 5598 538 5742 Mummii};
571 5669 822 5742 arrident
845 5665 1110 5742 vaticani
1135 5665 1351 5742 lectio.
1396 5666 1459 5719 Et
1498 5664 1738 5722 homini:
1767 5684 1881 5723 cor-

122 5790 131 5801 .
227 5740 730 5815 pore__ci(icumdati_,
763 5743 885 5815 iani
905 5740 1059 5808 Deus,
1093 5740 1206 5815 etc.

300 5814 323 5849 δ
350 5812 473 5871 Vox
501 5814 678 5871 multa
704 5807 764 5869 in
794 5810 986 5868 tribus
1015 5826 1048 5866 e
1077 5807 1299 5866 nostris
1322 5823 1467 5865 mss.
1492 5807 1875 5866 desideratur.

2010 3446 2169 3497 mam
2219 3442 2564 3516 longiorem,
2616 3449 2683 3500 ut
2729 3446 3023 3517 quomodo
3074 3449 3441 3520 unguentum
3485 3463 3656 3503 nares

2009 3531 2185 3587 odore
2242 3532 2508 3603 delectat,
2568 3533 2652 3590 sic
2709 3535 2783 3590 ad
2838 3541 3007 3594 tuum
3056 3534 3658 3593 vocabulumcuncta

2008 3621 2320 3691 posteritas
2351 3624 2370 3657 ⁷
2401 3622 2737 3679 delectetur.
2771 3625 2933 3690 Quod
2974 3624 3279 3697 perspicue
3309 3625 3654 3697 interpreta-

2006 3712 2104 3765 tus
2135 3714 2226 3766 est
2254 3711 2665 3784 Symmachus,
2712 3713 2951 3770 dicens:
2991 3738 3012 3764 σι
3065 3713 3274 3770 Melius
3322 3717 3413 3769 est
3440 3729 3653 3769 nomen

2006 3798 2252 3866 bonum,
2286 3818 2463 3873 quam
2497 3808 2867 3875 unguentum
2898 3804 3047 3859 bene
3074 3801 3256 3858 olens.
3286 3825 3315 3854 »
3351 3802 3652 3874 Siquidem

2007 3888 2188 3944 moris
2219 3894 2309 3945 est
2357 3891 2729 3947 Hebraeorum
2776 3896 3141 3964 unguentum
3184 3891 3427 3962 bonum,
3457 3882 3651 3946 oleum

2006 3994 2365 4051 nuncupare.
2400 3981 2563 4045 Quod
2594 3985 2790 4037 autem
2830 3982 2948 4037 ait:
2984 4002 3012 4030 ‹‹
3040 3982 3107 4035 Et
3136 3979 3262 4036 dies
3312 3979 3521 4036 mortis
3553 3996 3650 4035 su-

2004 4083 2108 4138 per
2136 4069 2290 4123 diem
2324 4070 2644 4126 nativitatis
2674 4071 2825 4141 ejus,
2855 4091 2883 4120 »
2906 4068 2993 4125 vel
3015 4069 3123 4125 hoc
3144 4068 3417 4138 ostendit,
3442 4067 3653 4124 melius

2004 4171 2132 4212 esse
2153 4158 2310 4213 exire
2330 4158 2405 4213 de
2422 4158 2655 4227 saeculo,
2679 4164 2736 4215 et
2756 4175 2951 4215 carere
2973 4157 3455 4214 tribulationibus
3477 4163 3653 4231 atque

2002 4244 2222 4300 incerto
2252 4246 2381 4300 vitae
2402 4249 2599 4315 'statu,
2645 4264 2825 4319 quam
2875 4247 3299 4321 ingredientem
3331 4247 3645 4314 mundum,

2002 4331 2119 4388 baic
2165 4333 2365 4389 omnia
2408 4334 2720 4391 sustinere.
2771 4335 2876 4392 Vel
2925 4340 3079 4393 certe
3131 4335 3285 4408 quod
3335 4336 3395 4391 in
3442 4340 3648 4406 morte,

2001 4421 2206 4493 quales
2236 4422 2445 4490 simus,
2480 4430 2684 4479 notum
2714 4424 2790 4480 sit
2817 4443 2830 4481 :
2856 4426 2913 4480 in
2934 4425 3168 4481 exordio
3189 4441 3325 4481 vero
3345 4426 3647 4494 nascendi,

2000 4511 2102 4582 qui
2133 4510 2247 4582 (Al.
2280 4511 2505 4582 quales)
2539 4512 2719 4568 futuri
2750 4513 2961 4583 simus,
2992 4513 3316 4585 ignoretur.
3347 4513 3466 4567 Aut
3493 4514 3647 4583 quod

2000 4600 2276 4656 nativitas
2326 4600 2527 4673 alliget
2572 4618 2811 4676 corpore
2862 4603 2970 4671 (Al.
3023 4601 3271 4674 corpori)
3319 4599 3647 4657 libertatem

2000 4690 2232 4757 animas,
2265 4706 2455 4746 mores
2489 4690 2755 4747 resolvat.

2070 4800 2097 4827 «
2132 4777 2342 4834 Melius
2372 4782 2462 4834 est
2489 4779 2574 4835 ire
2602 4779 2675 4835 ad
2710 4780 2951 4836 domum
2985 4778 3201 4846 luctus,
3233 4793 3413 4849 quam
3440 4778 3514 4834 ad
3546 4778 3645 4835 do-

1998 4883 2164 4922 mum
2195 4867 2464 4934 convivii,
2498 4867 2559 4922 iu
2590 4884 2707 4939 quo
2740 4867 2875 4923 ﬁnis
2904 4871 2994 4923 est
3036 4867 3231 4923 omnis
3262 4865 3558 4922 hominis:
3590 4871 3649 4923 et

1997 4956 2098 5028 qui
2129 4956 2288 5023 vivit,
2319 4956 2483 5011 dabit
2517 4957 2589 5012 ad
2618 4973 2716 5012 cor
2747 4972 2942 5012 suum.
2978 4978 3006 5005 ››
3038 4955 3252 5011 Utilius
3277 4958 3365 5011 est
3385 4954 3459 5011 ad
3488 4971 3646 5011 exse-

2066 5169 2088 5203 δ
2118 5168 2271 5242 Quid
2287 5173 2367 5224 est
2386 5172 2635 5242 amplius
2654 5170 2902 5226 homini?
2922 5168 3161 5226 Initium
3182 5168 3276 5223 hic
3293 5172 3383 5242 est
3402 5168 3643 5242 capituli

1995 5240 2234 5313 septimi
2258 5240 2317 5294 in
2341 5239 2599 5313 Vulgata
2628 5242 2863 5298 Latina:
2898 5242 2999 5297 sed
3025 5246 3244 5297 veteres
3273 5239 3419 5313 alias
3460 5239 3642 5297 secuti

1995 5316 2136 5367 sunt
2181 5311 2497 5368 divisiones
2556 5320 2860 5369 contextus
2912 5313 3083 5380 sacri,
3147 5318 3211 5368 ut
3263 5328 3331 5367 ex
3379 5311 3488 5369 hoc
3520 5313 3642 5368 loco

1995 5383 2476 5456 manifestissime
2526 5386 2822 5455 probatur.
2865 5384 3113 5442 Consule
3164 5384 3580 5456 Prolegomena
3609 5402 3644 5440 a

1995 5455 2164 5510 nobis
2194 5455 2350 5509 edita
2379 5455 2437 5508 in
2483 5456 2737 5511 Divinam
2775 5458 3166 5513 szliothcmm
3214 5455 3401 5511 sancti
3442 5456 3640 5511 Hiero-

1995 5526 2179 5597 nymi,
2214 5525 2313 5580 ubi
2344 5524 2784 5601 de_l_iujusmodi
2837 5527 3109 5601 capitulis
3154 5527 3494 5599 plenissime
3520 5527 3640 5583 dis-

1992 5596 2260 5668 putatum
2287 5602 2387 5668 ,est
2416 5596 2702 5668 MARTIAN.

2061 5669 2081 5702 ⁶
2112 5667 2362 5723 Palatin.
2398 5667 2562 5733 alter,
2590 5686 2651 5724 ea
2675 5686 2693 5723 :
2720 5667 2929 5737 Vatic.,
2960 5686 3072 5725 eas.

2062 5740 2081 5773 ⁷
2110 5739 2361 5807 Alcuin.,
2385 5739 2475 5793 Sic
2502 5740 2572 5794 ad
2597 5748 2754 5796 tuum
2773 5756 2971 5796 nomen.
2999 5746 3194 5819 amota
3220 5744 3525 5821 posteritas.
