3992 6408
402 432 559 503 illi}

1645 441 1709 506 S.
1755 438 2066 506 EUSEBII
2092 437 2579 504 'HIERONYMI.

3650 430 3820 513 {1&6

403 572 573 644 quias
602 572 844 643 funeris,
878 578 1057 647 quam
1087 573 1160 633 ad
1192 575 1433 634 domum
1479 577 1561 632 ire
1609 575 1871 640 convivii,
1905 574 2041 647 quia
2073 577 2124 640 Α
2154 590 2331 644 quam
2373 574 2705 628 adulatione
2734 571 2924 645 decipi
2969 570 3325 630 blandiente.
3356 570 3461 629 Cui
3487 570 3687 630 simile
3718 574 3817 629 est

402 660 484 716 ibi
517 662 870 719 conditionis
902 666 1113 720 nostrae
1146 665 1161 699 ί
1193 670 1252 721 et
1297 665 1628 739 fragilitatis
1677 666 1946 721 humanae
1976 682 2044 720 ex

400 750 671 822 praesenti
705 752 984 809 cadavere
1005 770 1464 810 commonemur.
1492 757 1554 810 In
1577 755 1822 809 convivii
1846 760 2043 810 autem

398 838 619 905 laetitia,
652 839 827 896 etiam
860 841 907 896 si
941 843 1083 913 quid
1128 844 1359 900 timoris
1409 845 1623 899 habere
1674 844 2040 911 videbamur,

399 928 747 984 amittimus.
782 930 1181 987 Novissimum
1214 950 1447 988 versum
1479 933 1737 1004 apertius
1767 932 2043 1004 interpre-

398 1019 557 1071 tatus
587 1021 676 1071 est
702 1020 1109 1092 Symmachus,
1163 1022 1398 1077 dicens:
1434 1044 1460 1072 «
1505 1022 1571 1077 Et
1620 1021 1720 1092 qui
1760 1021 1920 1086 vivit,
1953 1038 2042 1077 re-

398 1104 605 1176 spiciet
635 1107 705 1161 ad
742 1113 1018 1163 mentem.
1058 1132 1078 1157 ιι
1115 1114 1193 1164 Ex
1224 1110 1439 1181 quibus
1473 1111 1853 1182 approbatur,
1886 1108 1945 1163 in
1977 1125 2042 1164 eo

398 1195 553 1265 quod
589 1197 863 1267 superius
894 1198 1090 1252 cibum
1110 1204 1166 1253 et
1187 1205 1387 1270 potum
1410 1200 1571 1254 visus
1588 1205 1676 1254 est
1698 1200 2039 1271 approbare,

398 1298 515 1337 non
545 1299 681 1337 eum
730 1285 1085 1356 voluptatem
1138 1288 1312 1342 rebus
1362 1288 1629 1355 praeferre
1674 1287 1924 1353 cunctis,
1981 1290 2043 1341 ut

397 1370 659 1442 plerique
691 1376 841 1427 male
888 1375 1222 1430 aestimant:
1279 1377 1379 1431 sed
1430 1378 1503 1431 ad
1548 1376 2039 1448 comparationem

390 1458 649 1513 avaritiae
680 1468 736 1514 et
767 1460 958 1516 nimiae
1008 1464 1328 1534 parcitatis,
1378 1464 1513 1521 licet
1561 1466 1732 1520 breve
1780 1466 1876 1529 sit,
1909 1464 2042 1536 plus

394 1563 541 1614 esse,
577 1547 626 1601 si
655 1547 742 1603 vel
775 1551 924 1605 431
970 1552 1041 1606 ad
1092 1557 1453 1608 momentum
1505 1554 1638 1625 quis
1678 1552 1799 1609 suis
1834 1552 2043 1624 opibus

393 1635 744 1706 perfruatur.
799 1642 1114 1711 Nunquam
1165 1642 1323 1697 enim
1372 1642 1672 1697 tristitiam
1728 1641 1923 1696 luctus
1943 1643 2041 1711 ,fe-

392 1723 634 1781 stivitati
680 1727 924 1783 convivii
976 1729 1333 1800 praetulisset
1362 1732 1402 1796 ²,
1449 1732 1498 1785 si
1548 1732 1745 1786 bibere
1793 1736 1849 1786 et
1888 1731 2040 1785 vesci

393 1811 648 1885 alicujus
676 1819 945 1887 putasset
975 1835 1102 1874 esse
1133 1820 1435 1875 momenti.

466 1925 495 1952 «
530 1902 734 1960 Melior
779 1911 867 1960 est
920 1907 1007 1961 ira
1053 1924 1231 1978 quam
1281 1908 1458 1973 risus,
1507 1909 1646 1981 quia
1688 1909 1746 1963 in
1797 1924 2040 1963 maerore

392 1991 594 2048 vultus
623 1994 1037 2050 emendabitur
1080 2013 1200 2052 cor.
1252 2020 1280 2047 »
1322 1998 1497 2053 Risus
1535 1997 1803 2053 dissolvit
1850 1997 2041 2052 riden-

390 2084 511 2137 tem
540 2081 562 2115 ³
590 2099 603 2137 :
640 2081 727 2138 ira
756 2083 996 2156 corripit
1025 2090 1081 2140 et
1128 2088 1422 2142 emendat.
1479 2088 1811 2142 Irascamur
1856 2090 1912 2141 et
1936 2103 2041 2141 no-

391 2169 505 2240 bis,
538 2170 847 2242 siquando
891 2189 1223 2245 peccamus,
1272 2176 1599 2232 irascamur
1645 2181 1703 2231 et
1748 2175 1901 2231 aliis.
1937 2175 2042 2230 Per

391 2257 694 2314 tristitiam
728 2260 944 2334 quippe
975 2262 1191 2331 vultus,
1228 2265 1433 2321 melior
1463 2268 1561 2321 fiet
1581 2266 1837 2330 animus,
1861 2268 1926 2319 ut
1951 2265 2038 2318 in-

390 2352 744 2420 terpretatus
789 2356 876 2406 est
923 2352 1328 2424 Symmachus.
1381 2359 1447 2410 Et
1492 2354 1746 2409 idcirco:
1782 2355 1863 2408 Va:
1894 2369 2041 2408 nunc

388 2436 714 2504 ridentibus,
746 2442 1009 2510 quoniam
1038 2444 1146 2513 ipsi
1177 2444 1431 2513 lugebant
1464 2444 1614 2515 (Luc.
1646 2460 1724 2510 v1,
1744 2443 1857 2513 25).

463 2547 491 2575 «
528 2525 638 2581 Cor
667 2527 1021 2598 sapientium
1053 2531 1111 2585 iu
1165 2534 1338 2587 domo
1391 2531 1605 2597 luctus,
1664 2536 1720 2587 et
1768 2548 1866 2586 cor
1896 2530 2037 2585 insi-

389 2614 679 2685 pientium
711 2614 769 2670 in
802 2617 977 2673 domo
1011 2619 1245 2676 laetitiae.
1282 2643 1310 2669 »
1342 2623 1516 2687 Beati,
1540 2620 1735 2692 inquit
1755 2618 2036 2684 Salvator,

390 2702 658 2772 lugentes,
689 2707 955 2773 quoniam
1004 2708 1113 2777 ipsi
1161 2710 1584 2765 consolabuntur
1630 2710 1836 2779 (Matth.
1872 2726 1926 2773 v,
1958 2710 2034 2777 5).

390 2789 652 2861 Lugebat
698 2795 755 2846 et
801 2793 1037 2850 Samuel
1084 2811 1279 2867 regem
1326 2796 1461 2851 Saul
1513 2796 1789 2852 omnibus
1828 2796 2037 2851 diebus

388 2874 521 2931 vitae
553 2894 672 2931 sum
721 2878 794 2950 (ΙΙ
836 2883 963 2952 Reg.
1016 2884 1150 2954 xvr).
1201 2885 1272 2939 Et
1320 2884 1535 2941 Paulus
1584 2902 1761 2956 super
1808 2901 1906 2940 eos
1938 2884 2037 2956 qui

388 2969 523 3036 post
551 2972 787 3038 peccata
833 2971 993 3025 varia
1044 2972 1355 3028 noluerant
1392 2991 1562 3046 agere
1610 2974 2035 3045 pmnitentiam,

388 3052 587 3126 lugere
635 3072 697 3111 se
746 3058 889 3113 dic1t
934 3060 1005 3129 (II
1055 3061 1174 3117 (lor.
1231 3064 1354 3133 x11).
1404 3068 1510 3119 Cor
1551 3063 1730 3135 igitur
1760 3063 2037 3134 sapientis

386 3143 563 3203 vadat
592 3145 667 3201 ad
700 3146 940 3202 domum
975 3148 1105 3205 talis
1154 3151 1281 3218 viri,
1329 3152 1427 3223 qui
1458 3169 1520 3206 se
1550 3152 1821 3223 corripiat
1853 3150 2037 3206 delin-

389 3236 686 3303 quentem,
730 3239 793 3290 ut
841 3236 1093 3293 adducat
1144 3239 1215 3294 ad
1264 3239 1571 3312 lacrymas,
1619 3240 1719 3311 qui
1769 3243 2038 3311 provocet

2154 661 2303 717 illud
2331 680 2344 718 :
2378 664 2601 718 Meliora
2635 671 2765 718 sunt
2808 663 3038 718 vulnera
3065 664 3250 732 amici,
3297 678 3458 735 quam
3488 663 3815 718 voluntaria

2153 752 2336 807 oscula
2388 754 2607 806 inimici
2661 753 2841 822 (Prov.
2902 769 3074 820 xxvn,
3139 753 3216 822 6).
3276 752 3439 807 Sicut
3504 751 3662 806 enim
3701 768 3814 806 vox

2154 839 2458 911 Spinarum
2507 840 2840 895 ardentium
2894 840 3005 895 sub
3057 838 3190 907 olla,
3242 840 3548 912 strepitum
3614 840 3815 895 reddit

2154 928 2488 984 insuavem:
2524 931 2608 984 sic
2629 934 2685 984 et
2716 928 3011 1001 palpantis
3043 928 3309 1001 magistri
3331 930 3506 985 verba
3535 946 3651 983 non
3673 946 3809 1001 pro-

2154 1017 2387 1082 derunt,
2423 1016 2509 1073 vel
2552 1018 2622 1072 ad
2657 1034 2828 1072 curas
2860 1017 3055 1072 saeculi
3085 1019 3125 1084 ⁵,
3159 1035 3290 1089 quae
3319 1017 3499 1089 spinae
3525 1018 3811 1089 interpre-

2152 1109 2371 1172 tantur,
2405 1106 2703 1162 auditores
2736 1124 2875 1162 suos
2926 1107 3307 1172 cohortantis,
3357 1106 3443 1161 vel
3476 1107 3674 1162 futuro
3703 1124 3809 1162 eos

2152 1193 2420 1250 incendio
2471 1196 2625 1251 438
2677 1196 3080 1267 prmparantis.
3135 1195 3526 1267 Symmachus
3573 1212 3677 1267 pro
3736 1211 3805 1250 eo

2153 1286 2307 1355 quod
2348 1301 2454 1340 nos
2495 1286 2841 1356 posuimus:
2889 1306 2910 1335 α
2947 1284 3095 1348 Quia
3152 1285 3305 1339 sicut
3349 1302 3459 1340 vox
3490 1285 3802 1356 spinarum

2154 1374 2264 1428 sub
2296 1371 2430 1440 olla,
2468 1372 2549 1427 sic
2589 1373 2745 1428 risus
2778 1372 2963 1440 stulti,
2997 1396 3023 1421 ››
3055 1373 3213 1428 hunc
3244 1389 3483 1429 sensum
3516 1374 3801 1445 interpre-

2152 1466 2284 1516 tans
2330 1478 2504 1533 quem
2558 1478 2737 1533 supra
2779 1462 3191 1528 disseruimus,
3244 1463 3360 1517 ait:
3404 1486 3430 1511 ‹‹
3467 1462 3571 1518 Per
3599 1479 3802 1518 vocem

2152 1550 2306 1605 enim
2340 1550 2745 1621 imperitorum
2798 1550 3045 1606 vinculis
3086 1551 3381 1622 quispiam
3412 1551 3736 1623 colligatur.
3772 1576 3802 1601 »

2152 1637 2261 1692 hoc
2291 1642 2400 1705 est,
2433 1638 2505 1692 ad
2535 1655 2740 1694 vocem
2772 1638 2980 1694 talium
3012 1643 3437 1710 praeceptorum
3480 1640 3665 1712 magis
3696 1656 3803 1695 au-

2153 1726 2308 1781 ditor
2336 1725 2678 1794 innectitur,
2710 1727 2851 1782 dum
2884 1728 3131 1782 vinculis
3158 1732 3525 1799 peccatorum
3556 1745 3802 1785 suorum

2151 1816 2561 1887 unusquisque
2593 1815 3033 1888 constringitur.

2224 1926 2251 1951 «
2286 1903 2592 1960 Calumnia
2623 1906 2934 1960 conturbat
2972 1905 3321 1976 sapientem,
3374 1910 3435 1960 et
3472 1904 3669 1976 perdet
3695 1923 3803 1963 cor

2152 1992 2510 2048 fortitudinis
2573 1994 2720 2064 ejus.
2758 2016 2786 2043 »
2844 1995 3011 2049 Nunc
3059 1994 3385 2066 sapientem
3433 1994 3491 2049 in
3536 1996 3799 2067 profectu

2150 2081 2406 2152 positum
2438 2082 2654 2153 accipe,
2700 2083 3035 2137 secundum
3065 2082 3245 2138 illud:
3276 2089 3466 2154 Argue
3496 2085 3803 2155 sapientem

2146 2176 2200 2226 et
2228 2171 2429 2240 diliget
2456 2180 2505 2226 te
2533 2173 2716 2239 (Prov.
2748 2188 2824 2240 ix,
2858 2172 2933 2242 8).
2967 2172 3215 2244 Sapiens
3263 2173 3477 2245 quippe
3506 2173 3801 2244 perfectus

2148 2258 2311 2314 nulla
2349 2259 2650 2331 argutione
2683 2261 2928 2331 indiget,
2964 2261 3126 2317 nulla
3157 2261 3452 2317 calumnia
3478 2262 3802 2318 conturba-

2148 2352 2263 2403 tur.
2300 2347 2544 2403 Utamur
2574 2349 2681 2403 hoc
2725 2350 3032 2416 versiculo,
3086 2350 3134 2405 si
3186 2350 3420 2421 quando
3451 2351 3680 2421 justum
3711 2351 3800 2405 vi-

2149 2453 2281 2491 rum
2324 2442 2496 2508 atque
2549 2437 2873 2509 sapientem
2921 2439 3190 2493 videmus
3228 2438 3581 2494 calumniam
3614 2440 3798 2494 susti-

2148 2542 2303 2593 nere,
2337 2530 2393 2579 et
2440 2526 2667 2582 turbari
2713 2527 2785 2582 de
2838 2527 3147 2599 iniquitate
3198 2527 3423 2598 iudicii,
3473 2544 3575 2584 nec
3608 2528 3798 2584 Deum

2148 2614 2351 2669 statim
2391 2614 2699 2670 subvenire
2749 2621 3116 2687 praesentem.
3170 2616 3280 2671 Pro
3329 2632 3397 2671 eo
3450 2632 3603 2684 vero,
3636 2618 3797 2689 quod

2151 2704 2557 2775 Septuaginta,
2608 2709 2665 2758 et
2714 2703 2944 2775 Aquila,
2978 2709 3034 2759 et
3078 2704 3389 2761 Theodotio
3431 2703 3799 2777 interpretati

2146 2796 2304 2855 sunt,
2333 2792 2516 2862 perdit
2541 2809 2633 2847 cor
2664 2791 2906 2853 εὐτονίας
2940 2791 3103 2846 αὑτοῦ
3133 2795 3172 2861 ⁸,
3207 2794 3264 2849 id
3297 2799 3408 2861 est,
3454 2795 3798 2865 fortitudinis

2147 2881 2267 2936 sive
2318 2883 2530 2953 vigoris
2587 2885 2721 2953 ejus.
2783 2882 3171 2955 Symmachus
3240 2883 3342 2951 ait,
3398 2888 3454 2938 et
3491 2884 3676 2955 perdit
3701 2901 3797 2939 cor

2146 2984 2444 3025 MA'I‘THANA
2478 2972 2692 3041 (nmis)
2740 2971 2796 3026 id
2870 2980 2967 3038 est,
3039 2971 3244 3027 donum
3291 2990 3303 3027 :
3363 2976 3483 3027 tam
3549 2973 3794 3029 verbum

2147 3059 2517 3125 Hebraicum,
2544 3076 2721 3131 quam
2752 3059 3294 3131 interpretationem
3326 3062 3455 3131 ejus
3485 3060 3792 3132 copulans,

2146 3152 2203 3202 et
2235 3149 2452 3205 faciens
2501 3147 2669 3203 illum
2719 3166 2980 3217 sensum,
3032 3150 3133 3222 qui
3180 3149 3318 3205 alibi
3359 3150 3613 3222 scriptus
3659 3155 3790 3207 est:

2144 3239 2449 3293 Excmcant
2503 3254 2739 3292 munera
2792 3240 2959 3293 etiam
3012 3240 3346 3310 sapientium
3403 3238 3581 3295 oculos
3613 3241 3787 3309 (Deut.

388 3321 624 3392 propria
653 3322 791 3380 ﬂere
819 3330 1139 3395 peccata,et
1170 3346 1284 3383 non
1316 3308 1407 3384 eat
1437 3330 1505 3383 ad
1532 3308 1785 3384 domum
1799 3328 2032 3394 laetitiae,
2065 3308 2109 3376 Ο
2145 3342 2261 3391 XVI,
2298 3328 2405 3397 19).

391 3409 491 3465 ubi
529 3410 730 3467 doctor
758 3413 1033 3469 adulatur
1078 3421 1138 3470 et
1184 3417 1418 3489 decipit,
1477 3418 1575 3473 ubi
1627 3434 1742 3473 non
1796 3434 2031 3473 conver-

391 3496 618 3553 sionem
651 3499 1038 3570 audientium,
1074 3504 1176 3558 sed
1209 3509 1265 3559 et
1298 3504 1538 3577 plausus
1583 3506 1789 3577 quierit
1821 3510 1877 3561 et
1906 3506 2031 3561 lau-

392 3584 544 3640 dem.
575 3585 734 3643 Talis
765 3595 1084 3661 praeceptor
1112 3593 1428 3665 plangitur,
1460 3594 1619 3651 dives
1652 3596 1708 3649 in
1741 3612 2029 3662 sermone,

390 3674 550 3730 dives
581 3675 639 3730 in
671 3676 865 3733 verbis
894 3680 935 3745 ‘,
970 3680 1069 3751 qui
1102 3680 1239 3752 quia
1267 3686 1566 3738 saturatus
1597 3688 1706 3750 est,
1730 3688 2033 3755 propterea

389 3764 605 3835 recepit
632 3763 1089 3822 consolationem
1123 3786 1313 3825 suam.
1362 3769 1620 3842 Denique
1670 3771 1805 3827 huic
1854 3789 2031 3844 expo-

388 3850 584 3907 sitioni
624 3853 800 3909 etiam
861 3862 1171 3928 sequentes
1217 3858 1484 3915 versiculi
1534 3862 1905 3917 concordant.
1938 3862 2033 3917 Ait

387 3955 543 3995 enim
569 3958 581 3995 ζ

460 4051 489 4079 ‹‹
522 4028 728 4087 Melius
746 4036 836 4086 est
858 4034 1061 4090 audire
1082 4036 1504 4108 correptionem
1528 4040 1830 4110 sapientis,
1857 4056 2033 4111 super

386 4115 579 4171 virum
629 4118 962 4176 audientem
1017 4140 1251 4179 carmen
1297 4125 1632 4183 stultorum.
1689 4128 1835 4193 Quia
1881 4128 2034 4183 sicut

386 4220 495 4259 vox
525 4205 827 4276 spinarum
859 4210 968 4265 sub
997 4211 1132 4280 olla,
1167 4214 1251 4270 sic
1281 4215 1436 4271 risus
1476 4218 1662 4272 stulti.
1697 4218 1807 4273 Sed
1839 4220 1895 4272 et
1925 4217 2032 4272 hoc

386 4293 635 4350 vanitas.
688 4317 714 4346 ››
768 4297 974 4355 Melius
1044 4301 1200 4357 enim
1249 4309 1338 4359 est
1384 4322 1418 4359 a
1474 4306 1738 4377 sapiente
1796 4305 2031 4377 corripi,

461 4473 476 4506 ¹
512 4472 671 4528 Idem
703 4473 931 4544 Alcuin,
965 4494 1099 4532 cum
1130 4478 1303 4533 editis
1343 4485 1476 4535 ante
1525 4480 1792 4536 Martian.
1843 4480 2027 4537 libris.

389 4544 531 4613 Quia
578 4545 659 4621 ibi
714 4548 1085 4604 recordatione
1136 4550 1463 4605 conditionis
1521 4560 1735 4617 nostra,
1797 4558 1930 4621 etc.;
1978 4557 2035 4608 et

388 4632 541 4681 mox,
573 4616 636 4670 In
664 4622 928 4674 conviviis
958 4624 1161 4685 autem,
1195 4622 1245 4675 et
1275 4621 1495 4677 laztilia.

457 4679 695 4765 —-‘_Q_uia
728 4690 805 4745 ibi
844 4679 1169 4765 conditionis
1210 4700 1433 4765 nostrae.
1482 4694 1784 4765 Saperflue
1816 4694 1873 4748 in
1906 4693 2026 4748 edi-
2059 4679 2107 4742 D

387 4758 470 4832 tis
493 4759 749 4832 additur,
783 4763 915 4832 quia
942 4763 1050 4816 tibi
1078 4764 1495 4828 recordatione,
1528 4758 1637 4820 etc.
1676 4766 1958 4821 Murrum.

454 4828 1140 4907 ',_Vatican.'__Tristitiam
1186 4834 1378 4901 luctui,
1427 4837 1522 4891 sed
1567 4838 1862 4907 festivitati
1901 4853 2029 4892 con—

384 4902 592 4957 vivium
611 4903 965 4973 praalulisset.

454 4973 650 5028 3Cum
709 4973 920 5030 iisdem
978 4974 1230 5046 vulgatis
1283 4976 1536 5044 Alcuin.,
1572 4981 1733 5033 Risus
1791 4981 2033 5034 dissolvit

382 5046 704 5121 sapientem.
739 5046 1038 5121 Tum,ira
1066 5050 1309 5120 corrupit
1337 5053 1387 5103 et
1426 5050 1675 5105 emendat
1699 5056 2029 5121 peccantem.

383 5116 694 5171 Irascuntur
719 5123 774 5173 et
801 5119 975 5185 nobis,
1008 5120 1141 5190 quia
1164 5116 1522 5190 peccavimus,
1568 5116 1875 5177 irascamur
1903 5123 2033 5176 aliis

383 5201 595 5267 quoque
646 5189 1024 5267 peccantibus
1055 5190 1127 5245 ad
1167 5189 1610 5248 emendationem
1665 5196 1776 5260 sui,
1824 5210 1934 5249 non
1962 5192 2033 5248 ad

383 5258 655 5312 ultionem
682 5263 873 5315 nostri.

452 5328 684 5385 —Risus
712 5331 956 5387 dissolvit
1000 5332 1289 5388 ridentem.
1350 5333 1551 5389 Plures
1592 5352 1736 5391 mss.
1787 5336 2036 5390 dissolvit

385 5397 688 5472 ridentem;
722 5403 863 5472 quia
895 5404 1060 5459 facile
1092 5408 1323 5460 mutant
1350 5407 1620 5461 ridentem
1649 5409 1709 5461 in
1743 5407 2029 5468 videntem.

579 5468 781 5541 legunt
808 5476 1132 5545 sapientem.
1171 5474 1454 5532 MARTIAN.

433 5541 473 5621 f
503 5540 701 5621 Denuo
742 5540 1046 5611 Alcuinus,
1077 5552 1132 5599 et
1181 5548 1405 5617 pridem
1457 5548 1673 5621 vulgati
1729 5548 1883 5614 libri,
1916 5550 2035 5603 Non

383 5611 628 5685 αἱρεῖς-ὑίΔ
650 5629 826 5685 apere.

453 5683 475 5756 ἕ
503 5682 713 5756 Υξιιὶοξ,
748 5687 823 5740 Ad
853 5688 1047 5756 culpas
1074 5689 1281 5743 smculi.

453 5755 473 5789 ⁸
504 5753 629 5811 Non
661 5753 1185 5815 videntur'veteres
1217 5765 1594 5833 recentesque
1626 5762 1899 5830 editores,
1934 5762 2033 5832 qui

2216 3436 2245 3465 «
2274 3415 2482 3471 Melius
2514 3420 2599 3471 est
2633 3416 3021 3471 novissimum
3053 3416 3361 3485 sermonis,
3414 3433 3591 3488 quam
3624 3418 3791 3489 prin-

2140 3502 2362 3576 cipium
2412 3505 2561 3575 ejus.
2600 3527 2626 3551 ››
2677 3503 2940 3559 Meliores
2991 3508 3131 3560 sunt
3177 3504 3236 3560 in
3282 3504 3526 3561 dicendo
3556 3505 3790 3579 epilogi,

2141 3609 2319 3665 quam
2375 3593 2700 3648 exordium.
2758 3595 2822 3648 In
2882 3593 2976 3649 his
3052 3593 3210 3649 enim
3269 3592 3514 3650 dicentis
3569 3593 3785 3651 sollici-

2140 3682 2283 3738 tudo
2322 3681 2546 3748 ﬁnitur,
2580 3681 2639 3735 in
2671 3679 2772 3736 illo
2802 3680 3025 3753 incipit.
3073 3680 3175 3737 Vel
3224 3686 3376 3737 certe
3405 3682 3527 3737 sic:
3560 3682 3667 3747 Qui
3692 3682 3782 3738 in-

2140 3770 2283 3842 cipit
2312 3771 2516 3825 audire
2545 3786 2898 3837 sermonem,
2948 3773 3005 3825 et
3043 3770 3113 3825 ad
3164 3774 3573 3842 praeceptorem
3603 3771 3781 3837 vadit,

2139 3859 2200 3914 in
2230 3857 2516 3930 principio
2537 3862 2625 3913 est
2656 3877 2668 3926 ;
2705 3858 2805 3929 qui
2845 3875 2978 3914 vero
3009 3863 3267 3914 extrema
3294 3858 3477 3925 audit,
3508 3874 3779 3914 consum-

2141 3952 2338 4003 matus
2367 3952 2456 4002 est
2493 3952 2669 4017 atque
2698 3948 3010 4019 perfectus.
3044 3947 3153 4002 Sed
3186 3952 3244 4002 et
3273 3946 3382 4002 hoc
3413 3947 3582 4002 modo
3612 3946 3782 4003 intel-

2140 4036 2242 4108 ligi
2301 4040 2492 4107 potest
2543 4052 2554 4089 :
2622 4036 2771 4091 Dum
2826 4036 2882 4091 in
2941 4036 3052 4091 isto
3106 4034 3316 4092 saeculo
3370 4052 3597 4106 sumus,
3628 4036 3785 4106 quod

2142 4126 2383 4191 scimus,
2418 4141 2591 4179 omne
2634 4125 2985 4196 principium
3017 4128 3105 4180 est
3133 4142 3145 4192 ;
3179 4140 3314 4179 cum
3345 4129 3541 4180 autem
3568 4124 3791 4180 venerit

2142 4214 2297 4285 quod
2342 4214 2664 4284 perfectum
2712 4219 2819 4281 est,
2875 4213 3211 4270 novissimis
3257 4219 3315 4270 et
3366 4214 3790 4274 consummatis

2141 4302 2385 4359 erimus.
2430 4302 2707 4357 Hebraeus
2756 4302 2839 4357 ita
2888 4302 3044 4359 hunc
3088 4302 3282 4358 locum
3330 4318 3463 4358 cum
3522 4303 3790 4374 Sequenti

2147 4480 2432 4553 hactenus
2487 4478 2755 4553 εὐγενείας
2816 4480 2976 4534 αὐτοῦ
3028 4479 3576 4553 legerunttGraeca
3615 4481 3793 4553 verba

2144 4550 2713 4623 eerieronymianis
2747 4569 2917 4619 mss.,
2936 4552 3043 4623 sed
3064 4550 3132 4608 ei:
3159 4550 3494 4623 pervulgata
3512 4554 3618 4603 τῶν
3651 4552 3792 4607 LXX

2147 4622 2401 4677 editione
2427 4620 2806 4694 esprcssisse.
2840 4622 3065 4679 Scilicet
3105 4620 3248 4679 mss.
3284 4620 3543 4690 εὐτὸνίας,
3576 4638 3788 4693 quem-

2143 4694 2463 4767 admodum
2494 4696 3126 4767 eme_ndo,gpr:eferunt,
3175 4698 3231 4748 et
3259 4694 3309 4749 si
3359 4694 3486 4767 qui_
3510 4694 3791 4749 mendose

2145 4765 2471 4836 scribarum
2514 4763 2824 4820 oscitantia
2850 4767 2896 4820 T
2918 4767 2979 4820 in
3009 4770 3046 4818 Γ
3066 4763 3450 4836 commutant,
3474 4763 3792 4836 leguntque

2147 4834 2535 4909 εὐγονίας-νεὶ
2595 4836 2864 4909 ἑκγφνίας,
2933 4837 3061 4909 ipso
3118 4838 3246 4909 ejus
3305 4834 3566 4909 litterulis
3598 4834 3788 4891 mani-

2146 4906 2292 4963 festo
2332 4907 2496 4970 vitio.
2528 4906 2793 4979 reposita:
2826 4906 3057 4963 lectioni
3089 4906 3500 4979 suffragantur.
3545 4906 3629 4962 Ita
3654 4923 3790 4979 vero

2143 4983 2200 5051 et
2228 4995 2406 5049 penes
2442 4976 3006 5051 LXX'reponendum
3034 4996 3137 5050 pro
3178 4976 3460 5051 edyévslag.
3476 4978 3789 5051 contende-

2143 5049 2276 5117 rim,
2310 5066 2446 5105 nam
2478 5056 2535 5106 et
2566 5051 2625 5105 in
2658 5049 2909 5106 editione
2949 5049 3211 5105 Romana
3252 5049 3578 5105 Flaminius
3602 5050 3791 5105 adno-

2141 5124 2380 5187 taverat,
2414 5122 2496 5176 ita
2525 5122 2585 5176 in
2616 5121 2919 5178 nonnullis
2962 5121 3261 5177 codicibus
3308 5119 3519 5192 Graecis
3565 5119 3701 5192 legi,
3733 5124 3791 5176 et

2142 5193 2297 5275 quod
2329 5192 2603 5275 palmare.
2619 5196 3155 5275 argumentum_es_t
3167 5191 3790 5275 .Hieronymianamjus

2140 5263 2298 5319 vocis
2330 5262 2756 5336 interpretatio,
2787 5264 2845 5319 id
2878 5270 2985 5332 est,
3016 5262 3533 5390 {ortitudinis,'sive
3561 5264 3791 5334 vigoris,

2142 5334 2289 5390 satis
2321 5336 2464 5390 bene
2498 5333 2760 5390 εὐτονίας.
2794 5337 3013 5390 vocabu
3040 5353 3071 5390 ο
3116 5334 3430 5390 resnondet
3468 5334 3621 5390 quod
3649 5338 3791 5389 stre-

2142 5334 2289 5390 satis
2321 5336 2464 5390 bene
2486 5333 2760 5403 ἐύτονὶας,
2794 5333 3073 5406 vocabulo
3116 5333 3793 5406 respondetfquod’stre-

2141 5408 2353 5474 nuilas,
2381 5408 2618 5478 impetus
2650 5408 2828 5478 vigor,
2861 5411 3035 5478 atque
3065 5405 3159 5461 his
3201 5405 3400 5461 simila
3442 5405 3793 5478 interpreta-

2141 5482 2279 5544 tur;
2312 5476 2554 5534 minime
2584 5476 2715 5533 vero
2749 5476 3042 5550 εὐγενείας,
3077 5478 3231 5548 quod
3279 5478 3494 5550 generis
3520 5476 3795 5550 splendo-

2144 5566 2281 5615 rem,
2361 5550 2479 5604 sive
2555 5547 2898 5605 nobilitatem
2970 5547 3159 5610 souat,
3218 5549 3406 5616 Addo,
3469 5547 3793 5603 Victorium

2143 5619 2268 5693 loco
2299 5621 2477 5691 perdit
2517 5620 2706 5693 legere
2734 5622 2960 5692 prodit:
3016 5620 3159 5675 mihi
3188 5620 3377 5691 perdet
3405 5618 3634 5691 probari
3665 5636 3794 5676 ma-

2144 5691 2252 5761 gis.
