3992 6394
177 430 349 524 im

1182 450 1809 523 COMMENTARIUS
1850 450 1933 517 IN
1978 449 2579 520 ECGLESIASTEN.

3472 422 3603 523 mi
3661 540 3671 551 .

179 591 470 652 versiculo
503 590 829 651 disseruit:
861 591 1071 650 Melius
1101 596 1190 648 est
1226 597 1283 647 te
1349 593 1521 647 finem
1564 590 1830 646 conside-
1860 588 1915 655 Α
1945 588 2081 643 olim
2126 590 2329 662 Moysi,
2398 608 2575 661 quam
2636 606 2792 646 nunc
2821 590 2843 626 ⁵
2879 584 3115 664 Christi,
3165 591 3335 666 Legis
3384 593 3593 668 fuisse,

177 694 309 740 rare
337 682 577 755 negotii,
610 700 788 756 quam
820 681 1257 755 principium,et
1279 683 1594 753 patientem
1641 697 1768 736 esse
1792 680 1829 745 ¹,

179 788 359 845 quam
386 772 766 845 impatientia:
796 772 990 827 furore
1022 771 1259 843 raptari.
1321 771 1622 826 Descimus
1677 770 1830 826 439

177 876 409 934 quoque
430 878 498 917 ex
546 861 656 916 hac
682 859 1048 929 sententiola,
1106 860 1328 915 nullam
1378 859 1436 914 in
1490 858 1830 913 hominibus

176 966 307 1007 esse
329 949 702 1022 sapientiam,
735 966 871 1004 cum
893 948 1110 1004 melius
1141 949 1217 1003 sit
1250 950 1456 1015 facere,
1491 964 1666 1019 quam
1698 962 1830 1017 pro-

173 1039 372 1111 loqui:
404 1043 460 1094 et
490 1038 629 1110 quia
658 1054 791 1093 cum
821 1038 987 1093 ﬁnita
1012 1038 1183 1092 fuerit
1203 1036 1405 1106 oratio,
1430 1036 1585 1091 intra
1616 1038 1829 1090 semet-

171 1128 371 1202 ipsum
402 1129 685 1200 recogitat
731 1127 980 1193 auditor,
1042 1125 1181 1197 quid
1241 1126 1317 1181 sit
1371 1125 1632 1180 dictum:
1694 1140 1827 1178 cum

174 1221 376 1274 autem
408 1216 757 1289 coeperimus
807 1214 989 1286 loqui,
1037 1214 1285 1269 necdum
1355 1213 1493 1284 quid
1554 1211 1828 1267 utilitatis

176 1306 421 1378 accepit.

251 1394 509 1450 «Melior
537 1397 626 1450 est
670 1393 898 1465 patiens
951 1408 1128 1464 super
1190 1391 1486 1447 excelsum
1531 1389 1761 1462 Spiritu.
1800 1411 1828 1439 »

175 1482 326 1549 Quia.
351 1481 623 1552 superius
653 1479 801 1536 iram
861 1484 1254 1547 concesserat,
1300 1479 1535 1535 dicens:
1572 1502 1600 1528 ‹‹
1632 1478 1830 1533 Melior

176 1576 271 1628 est
290 1571 397 1639 ira,
430 1586 607 1641 quam
635 1570 809 1636 risus,
846 1592 872 1618 ››
906 1586 978 1624 ne
1008 1573 1349 1641 putaremus
1376 1568 1543 1636 iram,
1599 1584 1722 1640 quas
1768 1568 1826 1621 in

176 1659 457 1732 passione
486 1662 575 1715 est
595 1657 837 1724 laudari,
871 1674 1028 1712 nunc
1066 1657 1339 1730 praecepit
1394 1658 1543 1713 iram
1594 1657 1827 1728 penitus

175 1765 309 1805 esse
338 1747 705 1804 tollendam’.
763 1746 848 1802 Ibi
880 1745 1035 1802 enim
1086 1762 1187 1817 pro
1218 1746 1579 1818 correptione
1609 1745 1667 1800 in
1696 1761 1827 1816 pec-

174 1842 401 1907 cantes,
426 1841 483 1892 et
512 1835 838 1892 eruditione
862 1835 924 1890 in
966 1835 1225 1890 minores
1281 1834 1429 1890 iram
1462 1834 1689 1907 posuit:
1735 1833 1826 1889 hic

172 1943 312 1984 vero
341 1925 769 1998 impatientiam
802 1924 1131 1980 refrenavit.
1157 1923 1444 1979 Patientia
1473 1927 1669 1979 autem
1710 1939 1825 1978 non
1857 1958 1904 2022 B

175 2016 371 2072 solum
402 2016 463 2070 in
496 2013 805 2085 angustiis,
839 2013 938 2068 sed
971 2016 1027 2068 et
1058 2012 1118 2067 in
1150 2011 1466 2068 laetioribus
1497 2010 1828 2067 necessaria

175 2109 287 2171 est,
321 2120 393 2159 ne
422 2103 555 2174 plus
614 2117 790 2174 quam
850 2101 1147 2170 concedet,
1197 2100 1535 2156 exaltemur.
1586 2100 1829 2155 Videtur

174 2192 328 2249 mihi
358 2196 419 2249 et
439 2191 539 2264 qui
562 2207 718 2246 nunc
755 2192 777 2224 ³
805 2190 1067 2245 excelsus
1125 2188 1454 2261 appellatur
1511 2189 1721 2261 spiritu
1765 2189 1825 2244 in

174 2280 507 2354 Evangelio,
544 2279 785 2353 pauperi
819 2278 1030 2350 spiritu
1083 2293 1211 2333 esse
1243 2278 1588 2348 contrarius,
1640 2278 1740 2349 qui
1771 2282 1828 2333 et

172 2367 239 2425 in
269 2366 631 2424 beatitudine
645 2364 902 2438 ponitur.

256 2481 278 2507 α
314 2457 396 2512 Ne
427 2454 666 2512 festines
689 2455 747 2509 in
778 2453 988 2525 spiritu
1041 2458 1159 2519 tuo,
1214 2457 1279 2508 ut
1337 2453 1628 2521 irascaris,
1690 2454 1828 2525 quia

173 2547 267 2603 ira
296 2546 355 2601 in
378 2545 511 2601 sinu
544 2542 859 2601 stultorum
891 2542 1276 2614 requiescit.»
1333 2543 1457 2599 Non
1506 2544 1659 2614 quod
1691 2560 1827 2599 con-

175 2635 348 2691 cedat
374 2634 600 2689 tardius
631 2632 1025 2698 irascendum,
1061 2630 1277 2686 idcirco
1308 2648 1463 2687 nunc
1520 2631 1688 2687 dicit:
1746 2637 1830 2689 Ne

173 2725 402 2795 festines
449 2723 510 2777 in
557 2722 761 2793 spiritu
787 2724 884 2777 tuo
913 2722 1087 2775 irasci
1115 2736 1134 2779 :
1182 2721 1283 2775 sed
1335 2720 1490 2790 quod
1544 2736 1678 2775 cum
1738 2722 1829 2775 fu-

175 2829 317 2869 rens
372 2816 429 2867 et
518 2826 721 2865 recens
795 2809 970 2865 tuerit
1052 2808 1139 2864 ira
1203 2810 1244 2873 ‘,
1334 2808 1514 2865 dilata
1600 2810 1829 2866 facilius

176 2902 439 2969 sedetur,
497 2904 555 2955 et
611 2897 798 2971 passit
848 2897 1082 2953 auferri.
1142 2898 1212 2952 Et
1264 2899 1403 2969 quia
1454 2899 1541 2953 ira
1599 2916 1831 2971 semper

168 2993 387 3065 juncta
415 2987 702 3061 superbiae
734 2991 844 3054 est,
866 2987 1207 3043 desiderans
1251 2986 1554 3056 ultionem,
1624 2988 1829 3044 melio-

177 3096 305 3137 rem
337 3094 518 3151 supra
547 3077 868 3149 patientem
900 3075 1047 3131 dixit
1099 3092 1248 3143 esse,
1318 3093 1495 3147 quam
1535 3094 1666 3133 eum
1728 3078 1827 3149 qui

176 3168 445 3227 excelsus
475 3172 565 3223 est
610 3165 842 3238 spiritu,
876 3169 933 3220 et
980 3181 1136 3220 nunc
1190 3165 1423 3236 signum
1482 3166 1829 3237 insipientia:

177 3258 376 3315 dedit:
411 3256 552 3329 quia
608 3254 876 3327 quamvis
942 3252 1154 3324 aliquis
1213 3259 1417 3325 potens
1465 3254 1832 3310 existimetur

1943 695 2121 750 quam
2153 678 2383 733 Gratiae.
2405 680 2464 734 Si
2486 679 2642 735 enim
2666 679 2775 737 hoc
2795 681 3046 737 volueris
3066 698 3343 755 quaerere,
3363 685 3585 758 impru-

1943 767 2147 821 denter
2176 767 2340 837 facis,
2375 786 2490 824 non
2519 768 2743 840 videns,
2812 775 3099 841 quantum
3168 771 3347 827 distet
3402 774 3586 829 Evan-

1942 854 2161 927 gelium
2193 872 2227 910 a
2254 856 2446 911 Veteri
2478 858 2872 914 Testamento.

2013 965 2041 993 «
2065 944 2224 999 Bona
2252 949 2341 1000 est
2364 946 2653 1017 sapientia
2680 963 2816 1002 cum
2846 947 3198 1019 hiereditate,
3233 953 3289 1004 et
3329 950 3586 1023 amplius

1938 1031 2275 1089 videntibus
2308 1034 2511 1105 solem,
2546 1037 2686 1107 quia
2716 1037 3007 1108 quomodo
3039 1038 3249 1094 umbra
3265 1040 3583 1112 sapientiae,

1941 1120 2023 1176 sic
2056 1122 2265 1177 umbra
2295 1123 2521 1195 argenti
2548 1140 2560 1178 :
2594 1128 2652 1179 et
2681 1125 2834 1196 quod
2868 1125 3000 1196 plus
3037 1130 3145 1197 est,
3177 1126 3451 1184 .scientia
3492 1147 3585 1185 sa-

1941 1210 2168 1281 pientia:
2198 1211 2513 1267 vivificabit
2534 1213 2845 1269 habentem
2876 1230 2956 1270 se.
2989 1238 3008 1263 ιο
3050 1215 3287 1286 Majoris
3316 1222 3405 1273 est
3459 1217 3582 1290 glo-

1940 1298 2037 1353 ria:
2065 1298 2299 1370 sapiens
2348 1317 2481 1355 cum
2522 1301 2761 1371 divitiis,
2824 1318 3003 1374 quam
3055 1308 3283 1361 tantum
3326 1306 3582 1378 sapiens.

1937 1386 2047 1441 Alii
2080 1388 2236 1442 enim
2269 1389 2555 1461 sapientia
2584 1390 2869 1463 indigent,
2904 1390 3001 1446 alii
3035 1391 3265 1464 opibus,
3301 1402 3354 1449 et
3376 1395 3475 1465 qui
3497 1412 3587 1451 sa-

1936 1475 2104 1546 piens
2134 1481 2240 1546 est,
2273 1482 2330 1532 et
2362 1494 2478 1533 non
2512 1479 2693 1549 dives,
2728 1484 2919 1552 potest
2938 1479 3175 1552 quidem
3198 1482 3404 1538 docere
3427 1484 3579 1555 quod

1938 1564 2158 1619 bonum
2189 1570 2295 1633 est,
2331 1566 2431 1621 sed
2461 1566 2755 1623 interdum
2786 1586 2898 1623 non
2933 1574 3120 1641 potest
3139 1576 3413 1642 praestare
3428 1572 3582 1644 quod

1938 1653 2171 1725 petitur.
2208 1654 2274 1708 Et
2304 1654 2520 1710 idcirco
2552 1656 2668 1711 ait:
2703 1656 2849 1720 Quia
2865 1658 3578 1733 sicutumbrasapientize,

1937 1742 2020 1797 ita
2053 1743 2263 1797 umbra
2288 1744 2567 1815 pecuniae,
2609 1744 2667 1800 id
2699 1749 2807 1816 est,
2840 1748 3131 1817 quomodo
3179 1749 3434 1821 protegit
3484 1767 3584 1806 sa—

1938 1830 2173 1903 pientia,
2209 1831 2293 1887 sic
2350 1832 2644 1889 interdum
2705 1836 2959 1907 protegit
2996 1840 3052 1891 et
3099 1836 3368 1909 pecunia.
3411 1840 3477 1894 Et
3515 1856 3587 1894 ne

1935 1919 2230 1975 videretur
2258 1920 2561 1993 sapientiae
2594 1924 2936 1993 detraxisse,
2970 1925 3111 1980 dum
3160 1942 3289 1981 eam
3348 1927 3587 1984 fortuito

1935 2009 2088 2065 bono
2120 2010 2370 2081 subjecit
2400 2010 2538 2081 (non
2569 2011 2726 2067 enim
2786 2012 2848 2068 in
2906 2017 3106 2070 nostra
3145 2018 3433 2087 potestate
3499 2021 3590 2073 est

1936 2097 2150 2153 habere
2172 2098 2427 2168 divitias,
2462 2116 2609 2170 quas
2642 2099 2850 2170 injusti
2882 2118 3032 2174 saepe
3066 2102 3201 2173 plus
3240 2104 3583 2177 possident),

1938 2190 2243 2259 propterea
2274 2187 2556 2257 majorem
2614 2204 2742 2244 esse
2794 2190 3143 2262 sapientiam
3199 2192 3584 2265 demonstrat,

1936 2274 2168 2331 dicens:
2204 2298 2232 2326 ‹‹
2264 2277 2333 2330 Et
2364 2275 2620 2348 amplius
2652 2278 2898 2334 scientia
2926 2280 3226 2350 sapientiae
3271 2280 3586 2337 viviﬁcabit

1936 2363 2248 2419 habentem
2281 2380 2362 2420 se.
2390 2386 2418 2413 ››
2454 2366 2515 2420 In
2542 2382 2629 2432 eo,
2664 2366 2873 2438 inquit,
2908 2366 3096 2437 major
3152 2372 3242 2423 est
3296 2368 3587 2441 sapientia

1936 2452 2182 2519 divitiis,
2215 2454 2370 2525 quod
2402 2454 2626 2526 absque
2674 2453 2816 2510 ullis
2846 2453 3055 2526 opibus
3113 2456 3369 2514 viviﬁcat
3424 2474 3586 2526 eum,

1937 2541 2037 2613 qui
2065 2558 2126 2596 se
2155 2542 2445 2598 habuerit.
3304 2562 3307 2565 '

2008 2630 2255 2693 Quidam
2305 2631 2464 2687 hunc
2493 2631 2686 2688 locum
2719 2632 2800 2686 ita
2852 2632 3344 2705 interpretantur:
3394 2636 3589 2693 Haere-

1938 2719 2202 2791 ditatem,
2238 2720 2532 2791 inquiunt,
2566 2738 2670 2793 pro
2703 2722 3140 2778 conversatione
3171 2724 3324 2780 bona
3370 2725 3585 2796 posuit,

1940 2823 2043 2880 per
2069 2824 2247 2879 quam
2279 2809 2537 2865 haeredes
2560 2826 2767 2866 sumus
2792 2810 2910 2880 Dei,
2935 2814 2990 2866 ct
3005 2812 3334 2869 cohaeredes
3350 2814 3584 2871 Christi.

1937 2897 2078 2952 Vult
2106 2899 2287 2970 igitur
2324 2898 2709 2955 Ecclesiastes
2770 2899 2997 2969 docere,
3048 2909 3267 2973 quanto
3317 2903 3627 2960 diti'erant'

1940 2986 1999 3041 hi
2031 2986 2131 3058 qui
2162 2986 2345 3043 solem
2381 2992 2682 3044 merentur
2711 2989 2905 3044 videre
2949 2990 3215 3060 justitize,
3265 2996 3323 3047 et
3372 2992 3591 3049 habent

1939 3075 2291 3147 sapientiam
2342 3093 2477 3131 cum
2526 3078 2966 3133 conversatione
3022 3078 3193 3147 bona,
3254 3081 3326 3135 ab
3365 3080 3458 3135 his
3488 3080 3588 3153 qui

1940 3162 2162 3235 absque
2225 3163 2531 3235 sapientia,
2563 3165 2690 3219 vitae
2747 3169 2979 3220 tantum
3030 3170 3089 3221 et
3132 3168 3629 3225 conversationis

1940 3251 2203 3309 studium
2250 3254 2715 3308 commodarunt.
2778 3254 2941 3319 Quod
3003 3254 3240 3325 quidem
3289 3260 3344 3312 et
3387 3258 3591 3314 Daniel

175 3352 236 3404 et
268 3325 525 3419 sapiens,
587 3325 642 3400 si
691 3343 1014 3399 iracundus
1056 3342 1152 3409 sit,
1195 3342 1482 3414 insipiens
1539 3342 1832 3414 arguitur:
1865 3325 1908 3393 C
1946 3341 2221 3411 ostendit,
2256 3341 2483 3397 dicens:
2544 3342 2911 3410 lntelligentes
2976 3359 3249 3400 sermones
3286 3361 3429 3402 meos
3473 3349 3616 3418 [πίση

177 3459 207 3488 ‹‹
241 3437 337 3491 Ira
367 3434 586 3507 quippe
616 3433 676 3487 in
698 3431 830 3488 sinu
861 3429 1180 3486 stultorum
1196 3430 1526 3501 requiescit.
1553 3453 1580 3479 ››

247 3523 391 3580 «Ne
421 3520 667 3578 dixeris:
729 3519 877 3583 Quid
926 3520 1149 3575 factum
1210 3520 1352 3574 est?
1409 3519 1549 3591 quia
1608 3518 1830 3591 priores

175 3616 349 3672 erant
377 3610 670 3676 meliores,
705 3624 884 3680 quam
916 3607 1045 3662 isti:
1081 3623 1197 3662 non
1229 3606 1385 3662 enim
1421 3608 1712 3680 sapienter
1740 3607 1828 3662 in-

177 3699 490 3774 terrogasti
537 3699 609 3754 de
662 3697 844 3754 hoc.»
876 3696 958 3752 Ne
1009 3699 1173 3751 vetus
1217 3695 1498 3752 saeculum
1560 3697 1831 3769 praesenti

179 3790 477 3865 preferas,
513 3788 823 3861 quiaunus
852 3785 1160 3857 utriusque
1200 3789 1289 3840 est
1335 3785 1600 3841 conditor
1657 3790 1827 3841 Deus.

176 3880 444 3936 Virtutes
473 3878 657 3933 bonos
688 3875 813 3931 dies
874 3874 1081 3930 viventi
1138 3873 1359 3929 faciunt
1414 3874 1571 3945 vitia,
1621 3875 1829 3930 malos.

178 3969 265 4026 Ne
295 3968 457 4024 dicas
487 3982 623 4038 ergo
653 3964 924 4020 meliores
955 3963 1135 4018 fuisse
1189 3963 1311 4018 dies
1359 3963 1469 4018 sub
1513 3968 1725 4035 Moyse,
1775 3968 1834 4019 et

179 4058 294 4116 sub
321 4056 572 4123 Christo,
605 4070 786 4127 quam
820 4054 994 4109 modo
1025 4056 1184 4108 sunt.
1217 4052 1364 4107 Nam
1379 4057 1435 4107 et
1460 4052 1830 4123 illotempore

177 4146 381 4220 plures
414 4146 653 4201 fuerunt
681 4141 989 4207 increduli,
1020 4149 1075 4197 et
1097 4141 1221 4196 dies
1252 4157 1454 4196 eorum
1495 4141 1631 4197 mali
1693 4143 1827 4197 facti

168 4240 331 4303 sunt,
364 4237 423 4291 et
452 4250 610 4289 nunc
642 4232 945 4288 credentes
979 4229 1148 4284 multi
1179 4229 1570 4302 reperiuntur,
1603 4230 1674 4284 de
1699 4230 1824 4301 qui-

160 4325 280 4379 bus
309 4323 392 4380 ait
450 4321 759 4378 Salvator:
804 4319 1081 4375 Beutiores
1120 4320 1216 4389 qui
1269 4334 1382 4374 non
1440 4319 1727 4385 viderunt,
1780 4327 1831 4374 et

155 4412 514 4469 crediderunt
545 4411 723 4482 (Joan.
784 4426 879 4476 xx,
911 4409 1023 4478 29).
1090 4407 1301 4463 Aliter:
1366 4406 1460 4462 Sic
1512 4407 1689 4463 debes
1745 4408 1828 4462 vi-

159 4517 296 4558 vere
324 4504 390 4557 ut
420 4515 654 4572 semper
684 4501 997 4571 praesentes
1029 4497 1155 4551 dies
1183 4495 1466 4551 meliores
1518 4496 1624 4551 tibi
1681 4498 1829 4552 sint,

155 4606 341 4663 quam
372 4587 675 4662 praeteriti,
708 4603 781 4642 ne
812 4602 947 4641 cum
990 4584 1276 4658 paulatim
1336 4585 1668 4641 decrescere
1721 4602 1829 4641 cce-

1938 3433 2157 3501 gebunt,
2190 3434 2251 3485 ut
2307 3431 2613 3485 luminaria
2664 3432 2790 3486 caeli
2846 3433 3006 3503 (Dan.
3058 3450 3159 3500 x11,
3216 3434 3301 3503 3):
3353 3436 3473 3492 sive
3529 3441 3594 3493 ut

1940 3518 2258 3575 Theodotio
2290 3518 2709 3590 interpretatus
2740 3524 2857 3576 est:
2893 3522 3062 3589 Quasi
3110 3523 3367 3594 splendor
3391 3526 3588 3596 ﬁrma-

1938 3610 2131 3663 menti.
2174 3609 2281 3675 Qui
2308 3622 2430 3663 vero
2459 3609 2696 3678 fecerint
2721 3624 2994 3666 sermones
3023 3626 3189 3675 meos,
3220 3615 3384 3682 quasi
3414 3615 3593 3671 stellae

1939 3698 2083 3752 caeli.
2116 3696 2394 3751 Umbram
2432 3700 2626 3751 autem
2658 3698 2904 3769 argenti,
2937 3699 3056 3753 sive
3096 3700 3378 3771 pecunia,
3426 3700 3595 3756 illam

1941 3786 2267 3843 secundum
2319 3785 2608 3858 ἀναγωγην
2633 3786 2916 3842 debemus
2947 3786 3227 3858 accipere,
3262 3789 3333 3843 de
3364 3805 3481 3860 qua
3509 3793 3591 3845 ta-

1940 3875 2098 3931 lenta
2128 3878 2187 3930 et
2216 3874 2386 3929 minm
2418 3874 2477 3928 in
2509 3873 2803 3946 parabolis
2831 3876 2854 3910 ⁸
2884 3874 3176 3947 Evangelii
3236 3875 3592 3948 colliguntur

1941 3965 2160 4037 (Matth.
2193 3981 2327 4033 xxv,
2358 3964 2484 4018 Luc.
2516 3963 2656 4033 x1x),
2698 3967 2764 4018 ut
2792 3965 2941 4019 441
2978 3980 3112 4019 cum
3161 3963 3446 4022 fuerimus
3478 3968 3588 4023 sub

1941 4055 2150 4109 umbra
2182 4051 2502 4123 sapientize,
2536 4055 2592 4105 et
2613 4052 2723 4107 sub
2747 4053 2957 4108 umbra
2987 4051 3121 4109 talis
3161 4054 3386 4126 argenti
3413 4071 3426 4110 :
3488 4058 3592 4112 Per

1938 4143 2082 4198 diem
2112 4142 2189 4195 sol
2209 4156 2320 4195 non
2348 4144 2470 4196 uret
2497 4156 2613 4205 nos,
2646 4156 2820 4213 neque
2865 4143 2994 4197 luna
3021 4160 3125 4214 per
3165 4151 3372 4200 noctem
3410 4145 3583 4217 (Psal.
3628 4154 3633 4161 ‘

1938 4232 2083 4301 cxx).
2118 4230 2227 4286 Sed
2259 4233 2318 4285 et
2347 4229 2455 4284 hoc
2485 4228 2599 4284 dici
2636 4234 2847 4301 potest,
2899 4231 3039 4303 quia
3075 4233 3286 4289 umbra
3334 4238 3423 4290 est
3470 4235 3589 4291 vita

1938 4325 2140 4376 nostra
2203 4334 2379 4390 super
2434 4322 2689 4373 terram:
2748 4320 2815 4375 Et
2859 4322 3091 4393 spiritus
3148 4321 3336 4378 vultus
3412 4325 3590 4380 nostri

1940 4408 2185 4465 Christus
2218 4409 2483 4464 Dominus
2511 4409 2605 4462 cui
2631 4407 2907 4464 diximus:
2929 4411 2993 4465 In
3021 4410 3217 4467 umbra
3270 4412 3386 4482 ejus
3440 4415 3587 4468 vive-

1937 4515 2059 4552 mus
2079 4499 2140 4553 in
2168 4497 2422 4566 gentibus
2450 4496 2665 4566 (Thren.
2700 4513 2775 4565 1v,
2839 4497 2950 4569 20).
3011 4499 3214 4554 Omnis
3273 4504 3473 4555 nostra
3525 4499 3585 4554 in

1937 4587 2047 4642 hac
2076 4591 2231 4642 terra
2261 4585 2539 4657 protectio
2569 4585 2754 4640 instar
2784 4586 3003 4641 umbrae
3034 4592 3143 4655 est,
3177 4586 3297 4643 sive
3347 4588 3583 4660 sapien-

151 4677 336 4753 peris,
367 4676 597 4733 dicatur
618 4676 759 4731 tibi:
791 4676 956 4731 440
987 4674 1300 4731 Currebatis
1359 4675 1508 4739 bene,
1561 4677 1683 4745 quis
1727 4691 1821 4731 vos
1849 4692 1896 4755 ί)
1928 4674 2181 4743 tize,sive
2211 4673 2530 4745 supradicti
2563 4673 2807 4745 argenti,
2842 4673 3024 4730 donec
3054 4674 3274 4746 aspiret
3330 4676 3478 4746 dies,
3530 4681 3590 4732 et

152 4767 455 4838 impedivit
482 4767 705 4822 veritati
732 4780 839 4820 non
870 4764 1097 4820 obedire
1126 4762 1326 4833 (Colat.
1376 4780 1430 4831 v,
1460 4763 1559 4834 7)?
1592 4766 1660 4819 Et
1710 4765 1814 4820 ite-

1927 4767 2309 4821 amoveantur
2337 4762 2578 4817 umbrae.
2614 4761 2998 4832 Symmachus
3058 4779 3218 4819 more
3264 4780 3372 4818 suo
3404 4764 3579 4821 etiam

154 4872 327 4913 rum:
354 4857 678 4926 Incipientes
722 4855 924 4926 spiritu
944 4868 1093 4907 nunc
1146 4867 1313 4907 carne
1355 4855 1820 4908 consummamini
1924 4854 1984 4909 in
2005 4853 2117 4908 hoc
2145 4850 2271 4908 loco
2303 4849 2675 4906 manifestius
2706 4850 3123 4920 interpretatus
3173 4856 3285 4919 est,
3327 4853 3570 4925 dicens:

155 4943 365 5018 (Galal.
400 4944 595 5016 111,3).
649 4942 862 4997 Aliter:
917 4940 999 4996 Ne
1056 4939 1217 4996 dicas
1279 4938 1521 4995 meliora
1550 4943 1814 5012 tempora

237 5140 257 5174 ι
300 5139 476 5207 Quam
493 5139 853 5210 principium,
883 5140 935 5192 et
983 5136 1291 5207 patientem
1330 5149 1462 5210 esse.
1494 5136 1644 5210 Mss.
1679 5138 1819 5210 Cor-

160 5206 436 5267 beinSes:
469 5206 535 5265 Et
561 5206 866 5279 sapientem
920 5222 1055 5272 esse,
1107 5223 1283 5279 quam,
1330 5206 1671 5279 insipientia:
1726 5209 1818 5277 fu-

161 5297 292 5339 rore
332 5283 566 5357 raptari.
599 5277 669 5336 Et
703 5284 854 5357 post
883 5295 1070 5357 pauca
1090 5277 1125 5332 ;’
1156 5277 1483 5357 Nullamjn.
1500 5277 1820 5357 hominibus

161 5297 292 5339 rore
332 5297 566 5354 raptari.
600 5297 669 5336 Ελῐι
756 5297 844 5335 Οῧῐι
883 5297 1101 5351 pauca;
1156 5297 1817 5357 1vuuam_1n.n0’mzmous

159 5367 290 5429 esse
307 5353 662 5429 patientiam.
695 5297 868 5429 (ξυρά-
891 5356 1209 5429 utrumque
1256 5352 1659 5429 certissimum
1707 5355 1817 5414 est,

158 5421 332 5481 nulla
361 5429 449 5480 est
478 5423 635 5480 enim
668 5424 822 5491 apud
853 5421 1125 5477 homines
1160 5436 1346 5491 neque
1376 5421 1680 5490 patientia,
1716 5438 1819 5476 ne-

160 5512 283 5570 que
313 5500 621 5568 sapientia.
657 5500 941 5550 Maurum.

233 5569 261 5602 ³
287 5566 467 5623 Penes
496 5565 725 5622 Alcuin.
760 5567 907 5620 Iram
928 5565 1204 5636 patientia
1229 5577 1349 5636 esse
1364 5562 1688 5636 tollendam.

232 5639 403 5695 3Duo
435 5638 603 5694 codd.
641 5636 883 5693 Palatin.
928 5632 984 5691 et
1038 5635 1248 5699 Vatia,
1312 5632 1528 5687 Videtur
1574 5635 1716 5688 mihi
1771 5638 1824 5689 ei

155 5711 452 5787 quinunc,
486 5714 596 5765 etc.
690 5782 713 5787 Α
821 5779 834 5787 _
1078 5779 1096 5787 Δ
1140 5736 1143 5739 λ
1204 5778 1212 5787 _
1525 5775 1565 5787 “
1606 5773 1619 5787 _
1668 5775 1701 5787 ι,

231 5773 619 5852 ⁴Πυο’ωεε.,
669 5779 834 5852 Quod
887 5795 1013 5834 cum
1064 5778 1276 5847 fueris:
1336 5791 1470 5831 mox
1525 5773 1822 5833 Palatinus

1929 4942 2198 5012 Quomodo
2222 4941 2459 5014 protegit
2492 4938 2781 5011 sapientia,
2811 4940 3072 4997 similiter
3120 4943 3360 5013 protegit
3412 4959 3584 5013 pecu-

1928 5153 2063 5194 cum
2102 5136 2240 5192 olim
2292 5134 2483 5209 editis,
2537 5135 2775 5209 Facilius
2832 5135 3077 5190 sedatam
3112 5138 3288 5207 possit
3338 5139 3584 5209 auferre,

1928 5209 2193 5264 Vatican.
2225 5207 2462 5262 sedatior
2484 5207 2681 5277 possit,
2714 5209 2822 5261 etc.

2000 5280 2258 5354 l5Vatic,
2321 5280 2578 5354 Tempora
2632 5278 2787 5354 olim,
2818 5292 3019 5354 “quam
3077 5294 3293 5354 nunc;
3384 5283 3582 5354 Moysi,

1927 5369 2091 5424 quam
2123 5351 2351 5418 Christi,
2384 5354 2491 5404 etc.
2543 5349 2752 5413 Palat.,
2804 5349 2950 5404 Olim
3003 5349 3101 5403 sub
3155 5350 3351 5421 Moyse,
3395 5349 3582 5423 quam,

1929 5428 2321 5557 et%.Palatin.;
2360 5493 2429 5544 Et
2457 5504 2638 5546 omna?
2667 5491 2727 5545 in
2753 5492 3054 5561 parabolis.

2000 5565 2154 5637 —El
2204 5565 2378 5637 mina?
2420 5562 2493 5637 _in
2551 5562 2830 5637 parabolis
2896 5564 3183 5637 Evangelii
3224 5566 3581 5637 colliguntur.

1930 5636 2122 5710 Minus
2144 5636 2289 5689 bene
2320 5632 2663 5710 legimusin
2689 5638 2861 5710 antea
2892 5635 3065 5691 editis
3101 5636 3288 5704 libris,
3329 5632 3389 5693 In
3416 5655 3583 5710 para-

1935 5709 2071 5764 bolis
2102 5706 2389 5777 Evangelii
2409 5705 2682 5773 leguntur.
2728 5705 3010 5761 Maurum.
