3996 6396
408 402 568 477 ιιιο

1644 418 1711 482 8.
1747 415 2061 483 EUSEBII
2103 414 2572 484 ΗΞΕΗΟΝΥΜῙ.

3653 327 3839 495 ιω

404 546 521 601 nia.
554 546 812 620 Sequens
842 549 1041 606 autem
1099 547 1423 609 versiculus
1480 551 1786 624 perspicue
1830 553 1900 607 ad
1919 558 2047 607 stu-
2078 561 2133 620 Α
2163 553 2405 609 machus
2437 549 2756 619 transtulit,
2788 550 3029 608 dicens:
3063 571 3092 601 ‹‹
3125 546 3307 607 Indis
3365 548 3517 607 bono
3563 550 3697 607 esto
3752 546 3823 605 in

407 633 569 691 dium
600 636 856 692 scientia:
888 637 1249 697 cohortatur.

483 744 505 771 α
538 724 680 780 Vide
711 742 885 798 opera
916 728 1031 800 Dei,
1068 729 1346 801 quoniam
1369 730 1503 801 quis
1527 730 1737 801 poterit
1766 730 2051 786 adornare

404 828 578 885 quem
610 818 763 871 Deus
796 818 1070 887 pervertit
1101 820 1114 853 ¹
1140 819 1168 873 ?
1198 841 1225 868 »
1258 820 1326 875 Et
1351 820 1409 874 in
1441 820 1551 875 hoc
1582 820 1705 876 loco
1756 820 1837 876 ita
1885 820 2050 891 Sym-

404 902 651 958 machus
671 905 1008 961 transtulit:
1044 930 1072 956 ‹‹
1107 908 1276 963 Disce
1306 925 1481 980 opera
1514 910 1636 976 Dei,
1691 909 1831 981 quia
1881 925 2051 965 nemo

402 991 614 1063 poterit
639 993 945 1066 corrigere,
978 997 1132 1067 quod
1164 997 1260 1053 ille
1290 997 1590 1054 imminuit
1638 1019 1666 1048 ››
1700 998 1757 1052 id
1791 1002 1878 1053 est
1894 998 2053 1053 sufﬁ-

398 1079 641 1151 ciet[Al.
676 1082 913 1154 sufﬁcit]
952 1084 1056 1140 tibi
1088 1086 1157 1141 de
1188 1086 1506 1157 Scripturis
1536 1087 1778 1157 sanctis,
1812 1086 1931 1142 sive
1984 1102 2053 1141 ex

400 1167 531 1239 ipsa
558 1172 1047 1243 contemplatione
1079 1173 1525 1243 elementorum,
1556 1176 1704 1231 scire
1733 1180 1790 1231 et
1838 1174 2050 1231 intelli-

400 1273 535 1329 gere
567 1275 692 1331 quae.
726 1261 872 1315 facta
903 1267 1078 1318 sunt:
1115 1280 1227 1318 non
1261 1268 1458 1319 tamen
1498 1280 1709 1320 causas
1765 1266 2047 1321 rationes-

401 1362 514 1418 que
542 1348 879 1419 perquirere
907 1367 1085 1422 quare
1106 1353 1569 1425 unumquodque
1588 1353 1670 1409 sic
1691 1355 1906 1409 factum
1947 1354 2046 1419 sit,

398 1434 485 1492 vel
518 1435 685 1491 aliter
717 1438 839 1492 fieri
870 1439 1164 1511 debuisse,
1225 1458 1402 1513 quam
1462 1442 1679 1498 factum
1727 1447 1835 1498 est.
1878 1442 2047 1498 Verbi

398 1524 607 1596 gratia,
640 1525 690 1579 si
722 1527 856 1598 quis
885 1528 1022 1584 velit
1050 1546 1309 1600 quaerere
1339 1547 1444 1585 cur
1472 1531 1650 1602 Moysi
1675 1532 1758 1586 ita
1781 1530 2055 1602 loquatur

400 1618 581 1669 Deus:
619 1614 750 1682 Quis
769 1616 903 1690 fecit
933 1622 1150 1674 mutum
1179 1627 1229 1675 et
1250 1620 1495 1687 surdum,
1545 1620 1817 1675 videntem
1857 1624 1909 1675 et
1947 1637 2053 1675 cae-

395 1718 521 1757 cum
574 1719 757 1760 nonne
802 1722 899 1777 ego
928 1709 1191 1765 Dominus
1233 1710 1374 1763 Deus
1428 1708 1622 1777 (Exod.
1676 1726 1750 1764 IV.
1804 1710 1941 1779 t2)?
1996 1714 2054 1765 et

398 1790 588 1848 dicat:
622 1797 736 1849 Cur
781 1812 968 1853 caecus
1025 1800 1084 1852 et
1124 1798 1339 1853 surdus
1385 1801 1442 1853 et
1494 1802 1694 1853 mutus
1748 1799 1828 1854 ita
1875 1799 2052 1854 creati

399 1892 562 1986 sunt,
596 1891 655 1942 et
682 1889 887 1989 caetera
913 1885 1006 1942 his
1039 1885 1304 1985 similia?
1337 1887 1693 1942 sumendum
1723 1886 1782 1942 in
1802 1887 1910 1943 hoc
1929 1887 2051 1943 loco
2080 1926 2128 1989 Β

397 1976 804 2033 testimonium
836 1975 905 2030 de
926 1974 1175 2046 septimo
1197 1975 1422 2030 decimo
1454 1974 1703 2046 psalmo,
1736 1976 1797 2031 in
1828 1993 1944 2048 quo
1976 1978 2048 2032 ad

397 2063 715 2121 Dominum
747 2063 996 2119 dicitur:
1025 2064 1160 2119 Cum
1189 2070 1378 2118 sancto
1406 2068 1627 2119 sanctus
1657 2066 1787 2135 eris,
1829 2074 1879 2120 et
1927 2082 2051 2120 cum

397 2168 661 2225 perverso
706 2153 1036 2225 perverteris
1059 2153 1100 2206 ³.
1155 2152 1220 2206 Et
1276 2150 1589 2208 dicendum
1646 2158 1734 2208 est
1780 2158 2050 2210 sanctum

416 2241 731 2299 Dominum
752 2256 880 2297 esse
901 2257 1035 2296 cum
1066 2240 1273 2312 eo,qui
1305 2244 1545 2297 sanctus
1576 2245 1683 2311 est,
1718 2247 1775 2297 et
1805 2241 2053 2315 perverti

400 2332 555 2404 apud
588 2348 744 2399 eum,
778 2330 879 2402 qui
913 2346 1021 2385 sua
1059 2328 1355 2386 voluntate
1408 2330 1577 2385 fuerit
1634 2336 1767 2386 ante
1825 2347 2053 2404 perver-

397 2436 521 2477 sus.
549 2420 723 2477 Juxta
763 2418 909 2475 illud
942 2435 1200 2491 quoque,
1264 2419 1421 2491 quod
1480 2419 1538 2473 in
1600 2420 1851 2476 Levitico
1901 2421 2050 2475 scri-

397 2511 563 2581 ptum
602 2512 728 2564 est:
761 2507 822 2562 Si
864 2507 1267 2563 ambulaverint
1330 2508 1409 2563 ad
1455 2525 1540 2563 me
1566 2509 1833 2579 perversi,
1880 2517 1931 2564 et
1960 2526 2053 2580 ego

395 2596 687 2653 ambulabo
742 2595 813 2651 ad
877 2611 963 2651 eos
1020 2597 1081 2650 in
1128 2600 1318 2667 lurore
1365 2612 1482 2652 meo
1515 2613 1806 2669 perversus
1863 2600 2051 2669 (Leuit.

395 2701 547 2753 xxvx,
577 2686 693 2756 27).
728 2684 889 2750 Quod
923 2684 1161 2755 quidem
1193 2689 1249 2739 et
1277 2683 1420 2740 illud
1476 2686 1688 2756 poterit
1744 2702 2054 2760 exponere,

397 2771 987 2846 quare,induraverit
1037 2773 1318 2828 Dominus
1363 2790 1462 2828 cor
1518 2773 1858 2830 Pharaonis.
1902 2778 2055 2842 Quo-

398 2862 572 2919 modo
600 2860 759 2917 enim
794 2879 910 2916 una
940 2866 1118 2932 atque
1146 2862 1350 2917 eadem
1377 2861 1519 2918 solis
1551 2864 1810 2934 operatio
1869 2864 2057 2936 lique-

397 2950 536 3008 facit
563 2966 781 3020 ceram,
816 2955 872 3005 et
904 2951 1086 3006 siccat
1115 2949 1326 3019 lutum,
1362 2955 1420 3006 et
1453 2968 1555 3024 pro
1587 2952 2061 3009 substantia'sua

399 3038 679 3112 liquescit
707 3055 858 3106 cera,
894 3043 950 3094 et
981 3040 1237 3095 siccatur
1263 3037 1453 3095 lutum
1483 3040 1543 3095 3:
1580 3040 1661 3096 sic
1694 3058 1812 3097 una
1844 3042 1939 3097 Dei
1999 3042 2057 3097 in

396 3129 639 3201 Egypto
670 3127 975 3200 signorum
1008 3128 1268 3199 operatio
1300 3128 1600 3185 molliebat
1630 3130 1805 3186 corda
1826 3132 2059 3187 creden-

2160 644 2311 699 bono
2345 642 2539 711 ;diem
2568 657 2701 697 vero
2732 638 2967 697 malum
2986 640 3233 696 intuere.
3264 637 3568 712 Siquidem
3596 638 3712 695 hoc
3743 638 3823 694 si-

2162 732 2298 789 mile
2329 732 2465 787 huic
2499 732 2633 787 fecit
2661 732 2834 802 Deus,
2870 735 2935 786 ut
2964 747 3081 786 non
3111 729 3397 785 inveniret
3434 728 3627 784 homo'
3654 727 3823 800 quod

2160 826 2362 878 contra
2400 837 2535 877 eum
2575 824 2935 893 quereretur.
2971 842 3000 869 ››
3033 819 3102 873 Et
3124 819 3297 886 bona,
3322 818 3536 889 inquit,
3559 820 3619 874 et
3635 815 3825 883 mala,

2160 915 2335 981 prout
2364 910 2469 966 tibi
2499 909 2816 976 evenerint,
2850 908 3098 965 sustine.
3136 907 3251 964 Nec
3281 911 3454 980 putes
3492 905 3582 962 vel
3641 906 3829 962 bono-

2163 1016 2294 1055 rum
2326 1004 2557 1055 tantum
2588 1003 2692 1055 aut
2724 997 3008 1054 malorum
3066 997 3125 1051 in
3176 997 3400 1053 mundo
3454 1010 3584 1053 esse
3640 998 3828 1052 natu-

2162 1107 2311 1155 ram,
2346 1106 2481 1144 cum
2503 1105 2572 1143 ex
2600 1087 2846 1143 diversis
2884 1086 3146 1142 mundus
3174 1084 3286 1141 iste
3315 1084 3624 1141 contrariis
3677 1083 3827 1140 sub-

2162 1180 2333 1235 sistat
2362 1180 2406 1245 “,
2437 1177 2644 1233 calidis
2674 1181 2729 1232 et
2778 1176 3027 1246 frigidis,
3082 1175 3253 1230 siccis
3310 1178 3370 1230 et
3409 1172 3825 1242 humentibus,

2161 1268 2326 1323 duris
2357 1272 2415 1322 et
2443 1266 2742 1330 mollibus,
2774 1264 3097 1320 tenebrosis
3130 1268 3187 1319 et
3245 1261 3475 1325 lucidis,
3533 1261 3708 1318 malis
3765 1266 3829 1318 et

2163 1357 2352 1414 bonis.
2382 1357 2500 1411 Hoc
2522 1359 2716 1411 autem
2750 1353 2885 1410 fecit
2909 1353 3085 1418 Deus,
3116 1356 3183 1408 ut
3205 1350 3419 1407 habeat
3470 1349 3669 1407 locum
3723 1366 3826 1406 sa-

2163 1445 2382 1518 pientia
2410 1445 2469 1501 in
2500 1444 2766 1515 eligendo
2799 1442 3016 1497 bonum
3049 1443 3093 1511 δ,
3125 1446 3183 1497 et
3211 1440 3446 1496 vitando
3484 1438 3827 1509 malum,‘et

2163 1535 2413 1591 liberum
2448 1532 2670 1589 homini
2693 1532 3061 1603 relinquatur
3090 1529 3426 1596 arbitrium,
3449 1544 3522 1584 ne
3551 1544 3613 1584 se
3659 1528 3825 1583 dicat

2161 1622 2587 1687 insensibilem,
2620 1625 2677 1676 et
2709 1620 2993 1676 stolidum
3026 1637 3060 1675 a
3089 1620 3207 1675 Deo
3236 1635 3366 1675 esse
3422 1620 3771 1690 generatum
3806 1634 3820 1684 ;

2163 1713 2262 1768 sed
2297 1727 2431 1768 eum
2468 1711 2596 1766 ideo
2652 1710 2859 1765 fecisse
2922 1708 3169 1779 diversa,
3230 1712 3297 1763 ut
3343 1707 3517 1764 homo
3549 1706 3713 1779 queri
3748 1706 3823 1761 de

2162 1819 2272 1857 sua
2299 1801 2627 1857 conditione
2660 1817 2774 1855 non
2815 1803 3033 1871 posset.
3069 1796 3376 1870 Simulque
3405 1797 3512 1853 hoc
3550 1794 3823 1853 testimo-

2164 1890 2324 1946 nium
2367 1893 2794 1960 consequenter
2850 1886 3254 1958 superioribus
3304 1884 3692 1958 copulabitur,
3754 1883 3821 1939 in

2161 1981 2380 2051 quibus
2411 1979 2518 2035 ait:
2555 2000 2582 2028 ‹‹
2607 1977 2747 2043 Quis
2779 1976 2992 2049 poterit
3050 1976 3336 2032 adornare
3376 1974 3530 2047 quod
3584 1989 3824 2045 perver-

2160 2069 2297 2126 terit
2327 2068 2520 2124 Deus?
2544 2090 2564 2117 ι

2233 2181 2261 2209 ‹‹
2295 2157 2503 2214 Omnia
2530 2156 2646 2210 vidi
2670 2155 2728 2210 in
2760 2154 2970 2211 diebus
2999 2152 3276 2209 vanitatis
3294 2168 3458 2208 meis.
3488 2152 3584 2207 Est
3602 2152 3820 2224 justus

2162 2248 2392 2320 pariens
2424 2246 2483 2300 in
2507 2244 2745 2316 justitia
2773 2260 2902 2312 sua,
2935 2247 2994 2298 et
3024 2246 3113 2298 est
3142 2242 3360 2313 impius
3409 2240 3705 2314 longevus
3753 2238 3817 2295 in

2164 2335 2388 2391 malitia
2420 2351 2545 2390 sua.
2574 2355 2601 2382 ›ι
2633 2332 2779 2388 Huic
2810 2332 2950 2404 quid
2983 2329 3175 2386 simile
3225 2329 3483 2386 Salvator
3528 2326 3590 2384 in
3638 2328 3821 2384 Evan-

2162 2425 2312 2498 gelio
2344 2424 2452 2479 ait:
2496 2424 2600 2492 Qui
2642 2424 2853 2477 invenit
2906 2423 3151 2476 animam
3208 2435 3388 2485 suam,
3440 2417 3624 2489 perdet
3668 2433 3817 2484 eam,

2162 2521 2218 2570 et
2247 2516 2346 2586 qui
2372 2511 2677 2584 perdiderit
2708 2512 2959 2565 animam
2977 2525 3139 2566 suam
3166 2512 3388 2580 propter
3422 2523 3528 2575 me,
3573 2507 3820 2562 inveniet

2162 2620 2283 2659 eam
2305 2601 2515 2673 (Matth.
2547 2618 2603 2669 χ,
2637 2600 2748 2671 38).
2782 2596 3132 2654 Μαοοέιαὺαιί
3199 2612 3300 2667 pre
3323 2596 3450 2668 lege
3492 2595 3595 2651 Dei
3637 2599 3821 2665 atque

2157 2691 2391 2764 justitia
2419 2690 2527 2746 visi
2574 2693 2714 2744 sunt
2770 2689 2830 2743 in
2863 2704 2972 2743 sua
3014 2686 3208 2758 perire
3238 2684 3494 2756 justitia,
3551 2686 3609 2740 et.
3654 2699 3819 2757 mar-

2165 2786 2343 2853 tyres,
2378 2778 2478 2850 qui
2509 2777 2860 2849 sanguinem
2917 2776 3119 2831 fudere
3148 2792 3252 2847 pro
3302 2773 3552 2831 Christo.
3590 2773 3633 2828 E
3676 2787 3819 2829 cono

2166 2868 2343 2925 trario
2392 2867 2489 2940 qui
2524 2870 2581 2922 et
2611 2865 2709 2921 illo
2756 2869 3018 2936 tempore
3048 2866 3066 2899 ⁷
3096 2863 3337 2920 suillam
3389 2876 3621 2919 carnem
3660 2860 3823 2917 448

2167 2958 2573 3020 comederunt,
2605 2958 2661 3011 et
2709 2958 2842 3026 post
2895 2955 3213 3009 adventum
3246 2950 3475 3008 Domini
3524 2948 3815 3006 sacriﬁca-

2165 3052 2374 3104 verunt
2405 3044 2597 3112 idolis,
2628 3043 2689 3099 hi
2713 3042 2823 3098 visi
2845 3045 2986 3098 sunt
3017 3041 3075 3097 in
3107 3041 3216 3097 hoc
3246 3039 3457 3098 saeculo
3486 3037 3696 3106 vivere,
3757 3042 3823 3094 et

2170 3140 2404 3208 propter
2433 3150 2601 3190 suam
2635 3130 2920 3187 malitiam
2954 3145 3324 3202 perseverare
3376 3127 3639 3200 longavi.
3698 3126 3815 3183 Sed

396 3217 567 3289 tium,
600 3220 657 3273 et
678 3208 1012 3285 incredulos
1041 3217 1375 3284 indurabat,
1410 3218 1509 3290 qui
1551 3219 1724 3290 juxta
1781 3220 2057 3276 duritiem
2107 3290 2131 3292 ι
2168 3226 2268 3281 Dei
2314 3224 2372 3279 in
2439 3222 2663 3279 occulto
2722 3218 3000 3292 patientia
3050 3223 3161 3289 est,
3221 3222 3279 3274 et
3323 3215 3605 3273 tribulare
3653 3231 3823 3288 nunc

396 3322 587 3375 suam,
618 3309 675 3362 et
704 3305 1078 3378 impmnitens
1099 3323 1219 3373 cor,
1248 3306 1726 3363 thesaurizabant
1753 3310 1909 3366 442
1948 3309 2061 3365 sibi
2091 3290 2135 3358 Ο
2170 3318 2423 3381 sanctos,
2457 3316 2521 3366 ut
2552 3290 2835 3381 recipiant
2865 3306 3024 3364 mala
3052 3307 3112 3362 in
3141 3306 3262 3363 vita
3315 3321 3445 3374 sua,
3504 3308 3563 3360 et
3614 3319 3818 3376 pecca-

393 3394 555 3451 iram'
575 3394 637 3450 in
665 3394 759 3451 die
788 3394 887 3450 irae
917 3411 985 3450 ex
1015 3394 1105 3452 his
1155 3395 1546 3466 mirabilibus,
1607 3413 1732 3469 quas
1780 3412 1915 3454 cum
1961 3397 2044 3452 vi-

396 3483 601 3540 derent
629 3482 776 3553 ﬁeri,
809 3500 927 3540 non
957 3484 1292 3541 credebant.

467 3595 496 3622 «
530 3572 592 3629 In
626 3571 719 3628 die
748 3571 1024 3628 bonitatis
1056 3576 1179 3628 esto
1210 3573 1270 3628 in
1301 3573 1471 3640 bono,
1528 3579 1586 3630 et
1644 3575 1703 3630 in
1759 3574 1853 3631 die
1893 3574 2046 3631 malo

391 3660 542 3718 vide.
584 3661 655 3716 Et
683 3660 921 3733 quidem
953 3661 1110 3717 istud
1158 3678 1485 3734 congruum
1540 3662 1675 3718 huic
1714 3664 1850 3720 fecit
1899 3665 2048 3720 Deus

393 3750 466 3806 ad
511 3750 897 3823 loquendum,
958 3755 1023 3805 ut
1072 3767 1186 3806 non
1236 3750 1494 3808 inveniat
1523 3751 1698 3807 homo
1749 3758 1881 3825 post
1910 3770 2045 3809 eum

394 3840 787 3913 quidquam.»
819 3840 949 3895 Scio
995 3856 1087 3895 me
1118 3840 1355 3895 audisse
1412 3840 1472 3895 in
1533 3840 1785 3897 Ecclesia
1832 3843 1905 3897 ab
1955 3860 2045 3909 eo,

395 3928 496 4009 qui
527 3930 846 4002 putabatur
875 3928 1090 3985 habere
1121 3928 1429 3984 scientiam
1461 3929 1917 4002 Scripturarum,
1966 3932 2049 3987 ita

396 4016 514 4076 hos
556 4016 875 4077 versiculos
905 4017 1288 4073 edissertos.«
1333 4017 1483 4073 Dum
1514 4018 1574 4074 in
1624 4019 1895 4090 prmsenti
1949 4037 2048 4075 saa-

397 4105 530 4162 oulo
562 4121 644 4173 es,
677 4109 733 4161 et
764 4105 901 4161 boni
932 4106 1071 4176 quid
1104 4106 1295 4178 operis
1336 4112 1499 4179 potes
1560 4108 1779 4178 facere,
1822 4108 2046 4174 labora,

398 4198 466 4250 ut
496 4198 697 4265 postea
728 4194 853 4266 ipse
884 4210 1126 4250 securus
1156 4194 1215 4249 in
1248 4195 1342 4251 die
1373 4195 1549 4262 malo,
1581 4198 1637 4251 id
1678 4213 1787 4267 est,
1845 4197 1903 4252 in
1955 4198 2048 4254 die

390 4282 622 4355 judicii,
654 4283 911 4354 torqueri
943 4283 1086 4340 alios
1117 4284 1336 4341 videas.
1372 4286 1532 4341 Sicut
1576 4286 1734 4342 enim
1792 4302 2050 4358 praesens

398 4370 675 4429 saeculum
709 4371 842 4428 fecit
878 4374 1045 4437 Deus,
1079 4373 1139 4428 in
1185 4391 1300 4447 quo
1359 4374 1529 4429 nobis
1581 4375 1827 4431 fructum
1864 4375 2045 4430 bono-

397 4477 528 4518 rum
560 4476 804 4533 operum
836 4478 1156 4539 possumus
1185 4477 1549 4535 praeparare;
1583 4462 1666 4517 ita
1683 4466 1739 4517 et
1760 4464 2047 4533 futurum,

396 4548 455 4605 in
488 4567 603 4622 quo
633 4549 795 4606 nulla
824 4550 961 4607 boni
991 4551 1184 4623 operis
1206 4551 1380 4606 datur
1409 4549 1676 4606 facultas.
1714 4551 1945 4609 »‘Visus
1963 4560 2052 4609 est

2155 3408 2310 3459 tores
2360 3418 2477 3457 non
2535 3400 2770 3455 visitare
2827 3398 2935 3469 [Αἱ.
2994 3395 3237 3464 visitari]
3299 3410 3405 3468 pro
3454 3392 3691 3459 scelere,
3757 3396 3821 3448 et

2155 3491 2325 3565 quasi
2382 3491 2455 3546 ad
2499 3488 2797 3544 victimam
2838 3501 3150 3552 reservare,
3219 3488 3286 3540 ut
3333 3488 3391 3539 et
3450 3481 3568 3539 illis
3623 3481 3816 3553 possit

2156 3585 2372 3636 aeterna
2400 3578 2553 3633 bona
2583 3574 2908 3645 restituere,
2951 3578 3009 3630 et
3036 3573 3132 3630 his
3165 3572 3323 3629 mala
3347 3571 3561 3627 inferre
3601 3584 3816 3642 perpe-

2156 3674 2278 3740 tua,
2312 3666 2531 3724 Hebraei
2557 3666 2753 3737 justos
2783 3666 3091 3735 pereuntes
3134 3662 3193 3717 in
3214 3660 3450 3733 justitia
3477 3676 3607 3724 sua,
3660 3656 3815 3714 ﬁlius

2156 3761 2346 3814 Aaron
2379 3754 2780 3827 suspicantur,
2831 3752 2987 3824 quod
3055 3752 3198 3807 dum
3267 3753 3479 3822 putant
3533 3764 3596 3805 se
3649 3748 3815 3819 justo

2156 3862 2347 3918 agere,
2377 3844 2634 3900 alienum
2661 3842 2858 3913 ignem
2902 3838 3240 3896 obtulerint.
3281 3838 3351 3895 Et
3379 3836 3628 3910 impium
3678 3833 3812 3890 lon-

2156 3933 2460 4007 gzevumin
2494 3930 2725 3987 malitia
2754 3947 2864 3986 sua
2896 3930 3207 3985 Manassen
3240 3926 3466 3992 dicunt,
3521 3922 3625 3997 qui
3681 3927 3818 3996 post

2156 4022 2550 4095 captivitatem
2618 4019 2924 4075 restitutus
2974 4017 3033 4072 in
3085 4032 3333 4089 regnum
3404 4013 3510 4088 [Αι.
3582 4013 3817 4087 regno].

2157 4113 2328 4184 longo
2355 4110 2631 4180 deinceps
2662 4107 2870 4163 vixerit
2898 4110 3184 4177 tempore.

2234 4224 2254 4249 ι
2300 4198 2428 4255 Noli
2451 4215 2579 4253 esse
2604 4198 2807 4267 justus
2832 4194 3109 4265 multum,
3132 4197 3192 4249 et
3211 4209 3284 4249 ne
3307 4206 3535 4265 quisi-as
3557 4189 3821 4263 amplius

2159 4307 2231 4345 ne
2260 4289 2662 4358 obstupescas.
2692 4308 2717 4333 »ι
2751 4284 2809 4339 Si
2863 4299 3040 4356 quem
3088 4281 3347 4355 rigidum
3378 4285 3437 4337 et
3473 4284 3701 4336 trucem
3743 4279 3820 4334 ad

2158 4376 2358 4435 omnia
2387 4376 2634 4431 fratrum
2667 4377 2907 4446 peccata
2939 4371 3339 4445 conspexeris,
3366 4374 3431 4425 ut
3460 4385 3564 4426 nec
3594 4366 3659 4423 in
3696 4383 3819 4423 ser-

2160 4482 2332 4524 mone
2378 4462 2664 4536 peccanti,
2707 4478 2813 4517 nec
2863 4464 3097 4533 propter
3146 4458 3475 4516 naturalem
3521 4456 3821 4515 interdum

2160 4553 2458 4628 pigritiam
2510 4551 2782 4621 moranti,
2838 4551 2938 4605 det
2984 4549 3237 4616 veniam,
3284 4548 3440 4604 hunc
3485 4546 3631 4603 scito
3682 4545 3823 4618 plus

398 4638 638 4711 quidem
669 4638 937 4705 suadere,
984 4655 1120 4694 cum
1161 4638 1381 4694 diceret
1442 4637 1816 4695 audientibus
1855 4640 1915 4695 δε
1950 4641 2050 4697 sed
2083 4658 2129 4723 ι)
2153 4645 2388 4716 justum
2419 4658 2549 4697 esse
2582 4656 2759 4711 quam
2784 4640 3018 4710 justum
3049 4641 3160 4693 est.
3184 4637 3331 4694 Cum
3361 4635 3520 4692 enim
3557 4632 3822 4695 Salvator

399 4727 545 4784 mibi
593 4726 826 4784 videtur
885 4726 1037 4783 alius
1086 4743 1216 4784 esse
1245 4743 1480 4794 sensus,
1540 4743 1714 4798 quem
1780 4733 1837 4785 et
1893 4730 2053 4802 Sym-

469 4872 488 4925 ὶ
517 4889 601 4968 I_t_a
642 4892 701 4943 et
736 4904 891 4968 .mss.
917 4890 982 4968 et
1011 4887 1251 4968 vulgati,
1284 4891 1340 4943 et
1403 4887 1788 4968 Martianeeus
1812 4889 1937 4963 ipse
1961 4908 2050 4945 so-

397 4961 609 5044 cundis
628 4958 785 5015 curis
817 4958 1090 5027 restituit,
1114 4958 1271 5014 'cum
1330 4964 1503 5015 antea
1560 4959 1798 5030 legisset
1834 4958 2050 5032 pereu-

410 5038 585 5160 εεζιὲι
611 5118 744 5174 cum,
762 5117 1018 5174 peruerso
1048 5104 1393 5172 perveneris.
1418 5102 1507 5174 ΑΕΚ
1564 5101 1671 5158 hos
1723 5100 1852 5158 loco
1885 5103 2054 5174 intel-

403 5173 644 5245 ligimus
674 5172 879 5229 falsam
902 5190 1043 5246 esse
1071 5172 1622 5246 interpretationem
1647 5174 1801 5246 apud
1843 5173 2056 5246 vulgus

405 5244 719 5318 receptam,
754 5262 871 5315 qua
900 5244 1094 5300 locum
1127 5244 1472 5318 praesentem
1504 5244 1712 5316 psalmi
1764 5262 1879 5301 xvu
1927 5244 2054 5318 tra-

406 5315 555 5388 bunt
613 5316 681 5370 ad
743 5315 1191 5373 contubernium
1250 5315 1610 5388 iniquorum,
1662 5333 1796 5371 cum
1839 5317 2055 5387 quibus

405 5386 542 5512 ligni
584 5393 995 5457 pervertuntur
1047 5388 1259 5459 szepius
1316 5386 1373 5442 et
1430 5386 1654 5443 similes
1713 5386 1871 5442 fiunt
1914 5388 2055 5445 illis.

479 5473 701 5512 aurum.

788 5530 979 5593 verba,
1029 5532 1089 5583 Et
1132 5546 1233 5600 pro
1287 5530 1750 5601 substantz‘aisua
1806 5529 2057 5601 liquescit

408 5615 553 5665 cera,
586 5604 637 5654 et
664 5600 903 5724 siccatur
940 5601 1136 5667 lutum,
1170 5601 1229 5655 in
1270 5601 1451 5656 Vatic.
1487 5617 1552 5655 ac
1601 5600 1873 5656 Palatin.’
1910 5619 2054 5659 mss.

415 5687 528 5724 non
554 5686 663 5724 sun
699 5710 711 5724 .
1924 5714 1927 5719 .

415 5687 528 5727 non
554 5686 711 5726 sunt.

482 5744 503 5779 ⁴
529 5741 672 5799 Tres
694 5757 864 5808 mss.,
893 5742 1180 5799 audientes
1208 5743 1490 5813 videlicet,
1522 5743 1781 5800 suadere.

2162 4729 2479 4805 praecipiat,
2513 4729 2753 4784 dicens:
2788 4728 2965 4784 Nolite
3009 4726 3288 4799 judicare,
3341 4733 3402 4782 ut
3448 4739 3560 4780 non
3596 4722 3823 4795 judice-

2233 4891 2253 4924 δ
2285 4889 2486 4944 Ferme
2508 4885 2854 4942 concinnius
2884 4884 3133 4941 Palatia.
3179 4888 3236 4941 et
3292 4882 3519 4949 Vatic.,
3563 4880 3703 4941 Cum
3757 4899 3831 4938 ea:

2162 4962 2459 5018 contrariis
2482 4958 2716 5013 mundus
2751 4960 2868 5028 ipse
2899 4957 3181 5013 subsistat.

2234 5034 2255 5068 ⁸
2286 5032 2667 5102 Sapientiam
2695 5025 2946 5102 eligendo
2979 5029 3221 5102 bonum._
3242 5025 3480 5102 Aliquot
3535 5040 3709 5102 m_s_s_:,
3761 5028 3827 5102 ξι

2163 5104 2243 5187 ad
2254 5094 2688 5187 intelligendum
2716 5094 2876 5187 belua,
2897 5103 2962 5187 ,αἱ
3022 5099 3318 5187 vitandum
3340 5094 3535 5187 :mata.
3577 5094 3729 5165 Alii,
3763 5095 3827 5150 Et

2163 5176 2243 5233 eli
2276 5174 2414 5230 endo
2445 5169 2603 5240 bona,
2632 5175 2684 5227 et
2714 5170 2939 5227 vitando
2995 5172 3165 5227 malo.
3202 5169 3487 5226 Maurum.

2236 5193 2329 5320 illi
2355 5245 2634 5320 contrario
2664 5244 2758 5314 qui
2786 5247 2837 5320 et
2859 5244 2979 5320 _itto
3018 5251 3276 5320 tempore,
3316 5243 3455 5320 _e_tc..
3487 5236 3695 5297 Unius.
3727 5234 3823 5317 lit:

2166 5317 2364 5373 terulae
2400 5314 2646 5372 mutatio
2670 5312 2830 5385 apud
2859 5312 3172 5388 Erasmum
3206 5317 3272 5370 et
3316 5312 3828 5388 Marianum,__qui

2168 5389 2495 5464 legunt,_e.c
2535 5388 2631 5464 itlo
2685 5379 2943 5464 tempore,
2987 5384 3572 5464 diversumjensum
3618 5379 3824 5462 effluit,

2168 5455 2271 5515 nevc
2318 5460 2461 5515 satis
2500 5455 2889 5513 cohaerentem
2936 5456 3238 5512 sententiae
3297 5455 3660 5524 Hieronymi,
3726 5455 3827 5524 qui

2168 5530 2431 5603 loquitur
2474 5530 2547 5583 de
2597 5534 2856 5603 tempore
2903 5528 3177 5603 Antiochi
3223 5531 3282 5584 et
3339 5523 3828 5603 Macuabaeoruql.

2167 5592 2405 5675 quando
2447 5592 2738 5675 apostataa-
2759 5617 2794 5654 a
2822 5598 2951 5671 lege
2971 5599 3229 5657 Mosaica
3255 5595 3643 5657 comedebant
3680 5592 3831 5653 suil-

2167 5674 2289 5733 lam
2321 5688 2583 5730 carnem.
2617 5674 2903 5728 MARTIAN.
