3996 6388
444 350 451 353 -
495 312 654 376 1123

1734 312 1797 369 S.
1843 307 2156 371 EUSEBII
2202 307 2667 371 HlEBONYMl.

3732 299 3905 364 4m

485 446 723 518 Moysen
748 448 805 500 et
833 451 1045 509 Aaron,
1076 441 1376 515 repentino
1408 446 1571 498 teme
1605 442 1771 497 hiatu
1804 442 2134 505 devoratos,
2165 444 2221 509 Α
2249 441 2412 497 dum.
2448 441 2676 497 Poterat
2704 440 2812 510 [AL
2838 438 3077 509 Poterit]
3102 454 3238 512 ergo
3262 435 3478 509 aliquis
3497 435 3905 509 respondere:

484 540 541 590 et
586 533 648 589 in
698 532 1168 589 emendationem
1217 531 1491 598 aliorum,
1543 534 1677 585 ante
1728 529 1884 585 diem
1933 528 2141 600 iudicii

483 622 657 679 etiam
688 622 746 677 in
774 621 882 676 hac
933 620 1052 675 vita
1099 618 1389 691 plurimos
1434 620 1754 690 judicatos.
1807 618 1971 682 Quod
2002 618 2145 673 dicit

479 728 637 782 ergo,
666 709 780 765 tale
810 714 944 764 est:
992 708 1120 764 Noli
1175 708 1427 780 peccatis
1480 708 1733 777 adjicere
1780 710 2038 779 peccata,
2073 722 2145 761 ne

479 816 754 873 provoces
785 799 973 854 Deum
1007 797 1183 853 etiam
1217 796 1311 852 hic
1340 797 1448 852 tibi
1496 797 1710 852 inferre
1760 795 2143 868 supplicium.

547 911 575 938 ‹‹
609 889 835 944 Bonum
867 891 956 942 est
979 886 1230 942 retinere
1247 890 1301 941 te
1329 885 1493 941 istud
1518 886 1555 939 ι.
1582 886 1649 939 Et
1673 884 1913 956 quidem
1938 884 2012 939 ab
2032 883 2143 939 hoc

477 992 549 1033 ne
565 976 829 1032 dimittas
844 992 1084 1031 manum
1097 979 1262 1030 tuam
1283 992 1295 1041 ;
1315 974 1600 1045 quoniam
1617 972 1720 1045 qui
1740 972 1911 1028 timet
1931 972 2139 1046 Deum,

472 1064 807 1137 egredietur
826 1064 899 1119 ad
924 1063 1166 1119 omnia»
1188 1064 1266 1117 Do
1300 1078 1446 1116 num
1465 1061 1750 1132 estjustis
1772 1060 2132 1117 benefacere-

374 1198 386 1211 .
473 1155 592 1210 sed
625 1157 682 1209 et
710 1152 1113 1225 peccatoribus
1147 1151 1505 1218 benefacere,
1558 1167 1673 1205 non
1704 1150 1994 1221 injustum
2028 1154 2136 1205 est.

476 1244 703 1298 Bonum
735 1245 822 1297 est
853 1238 1208 1296 domesticos
1231 1238 1364 1295 fidei
1389 1242 1745 1305 sustentare,
1775 1239 1875 1294 sed
1898 1242 1953 1294 et
1974 1239 2137 1294 omni

479 1330 697 1404 petenti
751 1330 1030 1398 tribuere,
1076 1331 1430 1400 praeceptum
1480 1332 1587 1383 est.
1634 1326 1874 1382 Timens
1921 1327 2136 1399 quippe

466 1424 670 1486 Deum,
702 1422 759 1474 et
788 1417 1047 1473 imitator
1098 1415 1435 1472 conditoris
1485 1416 1601 1483 sui,
1637 1414 1738 1487 qui
1771 1414 1924 1486 pluit
1956 1432 2134 1486 super

461 1509 681 1578 justos,
715 1510 774 1562 et
810 1506 1087 1577 injustas,
1143 1505 1365 1576 absque
1414 1508 1682 1576 respectu
1748 1520 2130 1575 personarum

468 1595 746 1652 omnibus
777 1595 1116 1650 benefacere
1149 1594 1402 1649 festinat.
1439 1594 1659 1648 Aliter:
1699 1593 1847 1658 Quia
1869 1592 1988 1648 vita
2008 1592 2129 1648 haec

466 1682 826 1740 miserabilis
875 1682 1118 1738 diversis
1180 1682 1439 1753 quotidie
1488 1681 1750 1737 variatur
1798 1681 2122 1751 eventibus,

468 1776 594 1827 tam
625 1774 698 1827 ad
741 1773 1004 1838 adversa,
1039 1787 1219 1842 quam
1251 1771 1321 1825 ad
1376 1787 1680 1841 prospera,
1709 1769 1857 1840 justi
1890 1771 2121 1826 animus

463 1862 617 1917 445
650 1862 1025 1932 praeparetur,
1058 1862 1116 1913 et
1147 1861 1346 1929 poscat
1368 1856 1599 1912 Domini
1630 1856 2118 1927 misericordiam,

464 1954 530 2003 ut
559 1949 954 2019 quodcunque
984 1947 1263 2012 evenerit,
1284 1945 1497 2001 librata
1530 1947 1775 2011 mente”,
1809 1950 2115 2000 sustentet.

464 2038 572 2104 Qui
603 2038 757 2093 enim
792 2038 958 2092 timet
992 2037 1192 2104 Deum,
1226 2051 1331 2090 nec
1365 2034 1661 2107 prosperis
1704 2034 1980 2105 elevatur,
2015 2052 2118 2090 nec

471 2125 828 2198 opprimitur
855 2124 1137 2180 adversis.

535 2238 562 2265 ‹‹
597 2214 897 2287 Sapientia
925 2212 1275 2269 confortabit
1304 2211 1690 2284 sapientem“.
1716 2228 1895 2282 super
1915 2212 2115 2267 decem

463 2307 809 2376 potestatem
868 2302 1171 2368 habentes,
1234 2301 1335 2373 qui
1390 2304 1531 2355 sunt
1578 2302 1637 2356 in
1678 2300 1945 2356 civitate:
1981 2300 2117 2371 quia

464 2410 581 2449 non
613 2398 703 2449 est
732 2392 907 2447 homo
928 2392 1132 2462 justus
1177 2390 1234 2445 in
1283 2395 1459 2458 terra,
1518 2390 1619 2462 qui
1665 2390 1841 2446 faciat
1868 2390 2113 2456 bonum,

464 2486 521 2538 et
548 2498 666 2538 non
699 2485 913 2554 peccet.
947 2502 974 2531 »
1011 2480 1318 2552 Propterea
1365 2478 1652 2551 sapientia
1703 2479 1989 2535 eonfortat
2010 2480 2114 2550 ju-

458 2576 639 2637 stum,
671 2574 729 2626 et
757 2570 1025 2625 omnium
1070 2568 1415 2641 principum
1464 2567 1720 2623 civitatis
1771 2583 1949 2640 super
1978 2584 2113 2623 eum

458 2658 683 2714 excedit
712 2658 1014 2724 auxilium,
1048 2655 1187 2728 quia
1218 2655 1493 2727 quamvis
1538 2654 1760 2726 aliquis
1782 2656 1985 2725 justus
2015 2657 2110 2722 sit,

459 2750 656 2802 tamen
688 2746 828 2801 dum
860 2746 922 2800 in
954 2744 1063 2800 hac
1096 2760 1269 2799 carne
1290 2748 1380 2798 est
1401 2742 1783 2808 constitutus,
1813 2744 2113 2815 subjectus

461 2838 551 2891 est
578 2834 735 2891 vitiis
765 2837 940 2905 atque
972 2831 1246 2904 peccatis,
1295 2837 1352 2886 et
1392 2832 1615 2902 majore
1663 2831 1932 2903 prmsidio
1965 2832 2113 2888 indi-

459 2927 573 2995 get.
604 2922 821 2978 Aliter:
866 2922 1076 2978 Decem
1125 2920 1221 2993 qui
1284 2924 1631 2992 potestatem
1680 2920 1919 2985 habent,
1965 2922 2110 2977 etin

460 3013 604 3067 urbe
621 3011 970 3077 consistunt,
994 3009 1185 3081 angeli
1217 3013 1375 3076 sunt,
1410 3008 1512 3080 qui
1544 3009 1615 3063 ad
1654 3010 1975 3080 perfectum
2003 3027 2109 3064 nu-

462 3118 691 3157 merum
714 3115 1023 3172 pervenere
1046 3099 1374 3165 denarium,
1396 3104 1452 3152 et
1474 3097 1830 3153 auxiliantur
1852 3098 2109 3154 humano

468 3190 688 3262 generi.
722 3190 834 3246 Sed
857 3188 905 3245 si
927 3187 1060 3260 quis
1082 3187 1412 3243 consideret
1433 3186 1632 3241 omnia
1655 3186 1891 3255 auxilia,
1917 3189 2111 3259 majus
2142 3176 2185 3243 C

467 3284 557 3336 est
587 3278 871 3334 auxilium
903 3276 1221 3349 sapientiae,
1256 3275 1312 3331 id
1344 3280 1457 3344 est,
1493 3276 1727 3331 Domini
1760 3277 1945 3332 nostri
1966 3277 2110 3333 Jesu

468 3367 701 3423 Christi.
724 3367 1038 3437 Postquam
1056 3366 1213 3421 enim
1234 3365 1505 3420 dixerunt
1527 3365 1719 3437 angeli
1745 3382 1757 3419 :
1785 3365 2111 3421 Curavimus

472 3456 824 3527 Babylonem,
855 3461 908 3510 et
962 3470 1072 3510 non
1109 3462 1187 3509 est
1234 3457 1452 3520 curata,
1485 3455 1867 3525 relinquamus
1887 3472 2028 3523 eam,
2058 3465 2110 3511 et

468 3547 629 3601 abeat
675 3544 1045 3615 unusquisque
1098 3546 1157 3596 in
1214 3552 1416 3597 terram
1472 3559 1628 3597 suam
1673 3545 1889 3612 (Jerem.
1923 3562 1997 3612 ιι,
2029 3546 2105 3617 8),

466 3640 608 3691 tunc
636 3634 916 3706 magister
938 3630 1297 3687 medicorum
1321 3632 1444 3704 ipse
1466 3632 1787 3702 descendit,
1811 3637 1867 3687 et
1887 3649 2108 3705 resper-

464 3742 562 3780 sos
593 3740 700 3779 nos
727 3721 1035 3794 sanguine,
1069 3724 1127 3775 et
1171 3726 1541 3792 peccatorum
1573 3720 1873 3777 madentes
1905 3739 2108 3779 cruore

465 3813 566 3886 qui
598 3828 833 3869 omnem
860 3810 1254 3867 substantiam
1279 3814 1538 3866 nostram
1562 3810 2027 3881 expenderamus
2049 3814 2107 3867 in

463 3903 915 3972 medicos,tactu
929 3900 1172 3955 ﬁmbrias
1186 3916 1303 3955 suae
1317 3898 1543 3954 sanavit
1555 3900 1706 3970 (Luc.
1720 3902 2109 3972 vm).Sanavit

462 3997 659 4048 autem
685 3992 746 4045 in
767 3990 1016 4057 civitate,
1036 3989 1145 4045 hoc
1167 3994 1273 4058 est,
1294 3987 1352 4043 in
1392 3989 1613 4044 mundo
1648 3988 1778 4056 isto,
1798 3994 1854 4045 et
1877 3990 2105 4045 confor-

461 4080 640 4136 tavit‘
658 4079 1002 4151 sapientem,
1020 4078 1159 4145 sive,
1176 4077 1635 4149 utSeptuaginta
1654 4078 2104 4150 transtulerunt,

456 4169 689 4240 adjuvit.
722 4167 893 4223 Omni
923 4168 1077 4223 enim
1111 4166 1210 4239 qui
1251 4167 1445 4233 habet,
1498 4167 1737 4222 dabitur
1767 4167 1838 4235 ei,
1873 4173 1930 4223 et
1957 4168 2105 4239 adji-

459 4250 647 4312 cietur
690 4256 762 4312 ei.
813 4256 960 4320 Quia
1010 4260 1205 4311 autem
1253 4255 1509 4323 indiguit
1554 4255 1730 4312 homo
1781 4257 2008 4328 positus
2043 4258 2105 4313 in

461 4345 736 4418 peccatis,
769 4348 826 4400 et
855 4344 1069 4401 infixus
1093 4344 1152 4399 in
1182 4343 1322 4400 limo
1353 4345 1654 4417 profundi,
1686 4347 1908 4414 majore
1938 4345 2107 4401 auxi~

458 4433 576 4505 lio;
611 4434 823 4491 idcirco
874 4434 1031 4490 venit
1079 4433 1210 4506 ipsa
1255 4433 1577 4505 Sapientia.
1643 4432 1863 4489 Aliter:
1916 4434 2107 4507 Supra

2258 529 2318 585 Si
2359 531 2635 586 omnibus
2674 529 3011 584 benefacere
3057 527 3310 594 voluero,
3361 542 3478 582 non
3524 525 3719 580 habeo
3753 524 3908 579 unde

2256 617 2485 673 faciam.
2518 619 2633 673 Nec
2683 621 2872 690 potest
2910 617 3114 687 justus
3158 620 3351 671 tantas
3399 615 3617 671 habere
3645 612 3910 681 divitias,

2255 723 2383 777 quae
2414 706 2601 762 solent
2629 706 2818 779 magis
2849 705 3252 778 peccatoribus
3279 704 3615 770 abundare;
3642 706 3908 775 propter-

2252 811 2320 850 ea
2351 812 2506 851 nunc
2537 796 2652 851 ait:
2686 794 2841 858 Quos
2891 810 3005 849 non
3049 798 3240 866 potest
3286 809 3348 849 re
3377 793 3419 859 ⁵,
3452 790 3702 848 consilio
3740 790 3910 860 adju-

2250 900 2323 939 va
2352 882 2556 939 solatio
2576 883 2717 939 fove.
2747 882 2883 938 Plus
2909 883 3065 937 enim
3085 886 3274 954 potest
3295 881 3353 936 in
3380 880 3660 953 angustia
3691 879 3907 935 consti-

2250 974 2378 1028 tuto
2408 977 2681 1044 praestare
2725 970 3030 1042 sapientia,
3080 986 3257 1042 quam
3306 968 3578 1042 quaelibet
3627 967 3901 1024 maxime

2250 1064 2588 1131 potestates.
2645 1061 2714 1115 Et
2767 1059 2876 1115 hoc
2935 1060 3131 1131 ipsum
3189 1075 3324 1114 eum
3373 1057 3693 1130 prudentia
3726 1055 3902 1111 facito

2247 1150 2496 1205 Grandis
2522 1149 2738 1223 quippe
2766 1147 2914 1204 libra
2935 1147 3182 1218 justitia:
3211 1151 3322 1218 est,
3362 1152 3419 1203 et
3467 1146 3582 1215 cui,
3617 1150 3679 1201 et
3709 1161 3906 1217 quan-

2246 1242 2395 1304 tum,
2429 1240 2583 1294 446
2609 1243 2666 1293 et
2695 1237 2979 1310 quandiu,
3029 1242 3085 1292 et
3131 1235 3301 1309 quale
3345 1235 3435 1292 vel
3488 1236 3547 1290 in
3596 1251 3683 1302 re,
3716 1234 3817 1291 vel
3848 1234 3901 1288 in

2244 1327 2489 1383 consilio
2514 1328 2792 1383 tribuere.

2313 1480 2340 1505 «
2377 1460 2441 1513 Et
2463 1459 2701 1530 quidem
2725 1459 2783 1512 in
2801 1476 3004 1515 omnes
3027 1475 3350 1525 sermones,
3376 1474 3523 1530 quos
3546 1457 3893 1529 loquentur,

2240 1561 2313 1601 ne
2343 1547 2573 1602 dederis
2603 1549 2629 1581 θ
2672 1565 2772 1603 cor
2813 1553 3021 1602 tuum:
3065 1548 3205 1619 quia
3252 1564 3369 1605 non
3418 1547 3621 1602 audies
3653 1562 3893 1602 servum

2235 1639 2405 1690 tuum
2438 1636 2880 1692 maledicentem
2931 1637 3057 1692 tibi.
3109 1637 3338 1692 Etenim
3388 1636 3727 1709 frequenter
3785 1635 3893 1691 scit

2235 1739 2334 1778 cor
2360 1728 2550 1791 tuum,
2585 1724 2721 1796 quia
2751 1730 2809 1779 et
2837 1730 2903 1780 tu
2945 1724 3295 1780 maledixisti
3349 1722 3502 1780 aliis.
3536 1746 3566 1774 »ο
3614 1724 3729 1779 Fac
3765 1740 3890 1796 qua:

2150 1809 2197 1873 B
2232 1818 2520 1885 praecepta
2567 1819 2727 1881 sunt,
2778 1817 2834 1869 et
2891 1812 3190 1885 sapientiae
3222 1813 3435 1868 auxilio
3484 1812 3874 1879 confortatus,

2226 1901 2315 1957 vel
2347 1902 2417 1957 ad
2469 1902 2640 1970 bona,
2697 1902 2780 1957 vel
2831 1904 2901 1957 ad
2947 1902 3103 1957 mala
3152 1918 3413 1974 praepara
3465 1918 3566 1957 cor
3595 1906 3797 1961 tuum.
3828 1907 3883 1957 et

2229 2007 2345 2046 non
2377 2006 2567 2057 cures,
2604 1992 2743 2063 quid
2775 1992 2846 2046 de
2878 1996 2933 2045 te
2957 1990 3275 2061 loquantur
3302 1990 3549 2057 inimici,
3574 1990 3777 2062 qualis
3808 1990 3885 2047 fo-

2227 2078 2310 2134 ris
2343 2078 2541 2150 Opinio
2569 2079 2667 2134 sit.
2710 2080 3013 2143 Quomodo
3061 2078 3219 2133 enim
3272 2078 3575 2149 prudentis
3618 2077 3729 2132 viri
3766 2081 3877 2144 est,

2227 2172 2697 2222 murmurantem
2733 2166 3020 2221 famulum
3052 2183 3166 2221 non
3198 2166 3420 2233 audire,
3445 2181 3549 2221 nec
3576 2165 3873 2221 curiosam

2228 2272 2430 2312 aurem
2463 2272 2773 2328 apponere,
2838 2256 2978 2327 quid
3038 2255 3109 2310 de
3168 2272 3228 2310 se
3276 2254 3548 2327 loquatur
3589 2254 3871 2310 absente:

2224 2343 2274 2399 si
2306 2345 2461 2399 enim
2498 2344 2606 2399 hoc
2638 2344 2858 2411 fecerit,
2892 2360 3125 2414 semper
3156 2342 3216 2398 in
3246 2342 3621 2398 tribulatione
3653 2343 3787 2406 erit,
3822 2347 3876 2398 et

2225 2434 2296 2488 ad
2338 2433 2812 2489 mussitationem
2844 2433 2996 2488 servi
3026 2432 3332 2489 iracundia
3371 2431 3871 2499 commovebitur;

2224 2523 2307 2578 sic
2338 2526 2396 2578 et
2425 2522 2707 2593 sapientis
2750 2521 3008 2577 hominis
3055 2525 3164 2587 est,
3212 2520 3561 2593 sapientiam
3596 2520 3873 2592 praevium

2226 2611 2414 2682 sequi,
2447 2616 2502 2666 et
2530 2627 2711 2667 vanos
2742 2627 2857 2666 non
2908 2609 3278 2665 considerare
3328 2624 3613 2664 rumores.
3674 2608 3793 2664 Sed
3822 2612 3878 2664 et

2223 2700 2335 2757 alio
2393 2700 2656 2772 exemplo
2712 2701 2879 2756 docet
2929 2700 3162 2772 penitus
3206 2716 3322 2755 non
3354 2699 3680 2755 curandum
3699 2699 3873 2769 justo

2221 2790 2472 2855 homini,
2495 2789 2631 2861 quid
2658 2789 2926 2845 homines
2946 2788 3284 2860 loquantur,
3309 2787 3540 2844 dicens:
3564 2788 3871 2851 Quomodo

2222 2879 2382 2933 novit
2412 2879 2767 2934 conscientia
2788 2882 2910 2943 tua,
2934 2878 3087 2949 quod
3111 2882 3173 2932 tu
3197 2876 3269 2932 de
3298 2876 3500 2932 multis
3524 2876 3759 2932 locutus
3780 2894 3866 2946 es,

2220 2972 2276 3024 et
2306 2983 2456 3039 saepe
2487 2966 2616 3023 aliis
2648 2967 2947 3023 detraxisti
2974 2984 2986 3021 :
3023 2967 3105 3022 sic
3135 2971 3191 3022 et
3211 2966 3342 3023 aliis
3363 2966 3536 3022 debes
3562 2966 3869 3039 ignoscam

2220 3056 2685 3112 detrahentibus.
2718 3057 2789 3111 Et
2818 3055 2995 3111 simul
3028 3056 3215 3123 docet,
3249 3072 3364 3110 non
3398 3053 3561 3110 facile
3585 3054 3867 3125 judican-

2222 3146 2387 3215 dum,
2419 3149 2476 3200 et
2514 3144 2749 3200 habenti
2781 3147 2800 3179 ⁷
2826 3145 3052 3201 trabem
3084 3145 3141 3199 in
3175 3144 3361 3211 oculo,
3386 3144 3456 3199 de
3477 3144 3704 3200 festuca
3731 3144 3873 3201 alte-

2224 3234 2345 3289 rius
2378 3251 2492 3289 non
2523 3233 2908 3305 loquendum.

2292 3390 2319 3417 ‹‹
2356 3368 2565 3424 Omnia
2597 3368 2714 3423 haec
2744 3366 2961 3422 tentavi
2990 3366 3049 3422 in
3102 3367 3407 3440 sapientia,
3458 3371 3515 3422 et
3561 3366 3720 3423 dixi:
3753 3368 3870 3423 Sa-

2220 3457 2385 3529 piens
2416 3456 2654 3523 efficiar,
2688 3460 2746 3512 et
2773 3456 2903 3529 ipsa
2935 3455 3168 3528 longius
3199 3456 3351 3511 facta
3370 3460 3456 3511 est
3478 3473 3511 3511 a
3533 3472 3645 3524 me,
3672 3458 3866 3529 magis

2218 3563 2395 3618 quam
2409 3550 2531 3601 erat
2547 3548 2637 3613 ;‘et
2652 3545 2768 3600 alta
2790 3545 3177 3617 profunditas,
3202 3545 3335 3617 quis
3356 3544 3612 3600 inveniet
3634 3561 3768 3601 eam
3794 3547 3824 3601 ?
3840 3570 3865 3598 ι)

2215 3634 2364 3689 Dicit
2420 3651 2502 3701 se,
2562 3638 2627 3689 ut
2681 3638 3013 3705 Regnorum
3080 3650 3311 3705 quoque
3369 3637 3663 3690 testantur
3719 3633 3861 3689 libri

2216 3724 2288 3794 (Il
2316 3724 2441 3792 Reg.
2473 3740 2536 3777 III
2566 3726 2615 3777 et
2653 3723 2750 3791 ιν),
2802 3721 2959 3777 ultra
3004 3738 3209 3778 omnes
3257 3722 3524 3779 homines
3572 3723 3860 3793 quasisse

2216 3812 2585 3883 sapientiam,
2618 3815 2675 3865 et
2710 3814 2968 3865 tentasse
3016 3810 3086 3865 ad
3121 3810 3295 3866 ﬁnem
3339 3810 3499 3866 illius
3530 3811 3865 3882 pervenire,

2215 3901 2316 3955 sed
2349 3903 2567 3971 quanto
2598 3899 2730 3971 plus
2762 3898 3074 3971 quaesierit,
3107 3903 3269 3954 tanto
3315 3899 3510 3956 minus
3538 3898 3854 3972 reperisse,

2215 3993 2272 4044 et
2300 3989 2359 4043 in
2392 3988 2646 4044 mediam
2679 3989 3014 4044 demersum
3044 3987 3374 4060 caliginem,
3405 3988 3658 4044 tenebris
3692 3989 3859 4061 igno-

2216 4078 2413 4134 rantize
2452 4077 2903 4133 circumdatum.
2936 4076 3148 4132 Aliter:
3179 4076 3280 4131 Vir
3308 4077 3409 4148 qui
3437 4077 3704 4133 eruditus
3728 4078 3862 4134 fue-

2215 4167 2290 4222 rit
2328 4169 2348 4201 ⁸
2403 4167 2461 4221 in
2520 4165 2861 4238 Scripturis,
2918 4170 3136 4237 quanto
3197 4166 3327 4239 plus
3384 4166 3533 4222 scire
3589 4168 3860 4239 cmperit,

2216 4260 2378 4312 tanto
2406 4255 2458 4311 ei
2481 4255 2540 4309 in
2562 4254 2655 4309 his
2675 4254 2936 4325 quotidie
2953 4254 3139 4309 oritur
3162 4255 3350 4325 maior
3373 4254 3727 4310 obscuritas.
3747 4255 3863 4309 Ali-

2216 4349 2335 4400 ter:
2371 4342 2795 4415 Contemplatio
2828 4342 3126 4415 sapientia:
3156 4343 3214 4397 in
3247 4343 3356 4399 hac
3384 4343 3504 4399 vita
3534 4343 3594 4398 in
3619 4343 3860 4415 speculo

2213 4434 2444 4489 videtur
2474 4436 2532 4488 et
2561 4431 2621 4486 in
2670 4431 2965 4503 imagine:
3018 4447 3151 4487 cum
3197 4448 3333 4505 ergo
3382 4431 3780 4504 recogitavero
3809 4433 3867 4487 in

458 4525 706 4591 dixerat,
737 4528 794 4580 et
831 4523 1171 4580 domesticis
1228 4526 1286 4578 et
1322 4521 1530 4578 alienis
1560 4523 1705 4578 bene
1734 4538 1862 4579 esse
1893 4522 2110 4580 facien-
2137 4547 2186 4612 Β
2217 4521 2412 4578 futuro
2444 4520 2588 4578 faeie
2627 4521 2698 4576 ad
2734 4520 2941 4576 faciem
2972 4521 3102 4591 ejus
3152 4520 3427 4577 notitiam
3470 4519 3869 4589 revelandam,

532 4775 547 4809 ⁸
583 4775 797 4848 Bonum
820 4778 897 4831 est
924 4775 1249 4848 retineregte
1276 4771 1442 4829 istud.
1476 4772 1601 4839 Non
1636 4773 1781 4829 bene
1812 4771 2026 4848 legitur
2047 4776 2104 4848 in

460 4851 632 4903 antea
662 4847 859 4913 editis,
890 4848 1126 4917 retinere
1160 4845 1394 4916 justum,
1442 4862 1545 4917 pro
1591 4848 1832 4901 retinere
1860 4845 1909 4902 fe
1940 4847 2101 4904 istud.

459 4920 746 4975 MARTIAN.

529 4993 551 5024 ²
606 4991 789 5045 Penes
863 4987 1115 5055 Alcuin.,

458 5067 657 5127 mente,
691 5067 799 5117 etc.

530 5135 552 5167 ⁸
580 5134 875 5205 Sapientia,
914 5132 1242 5205 confortabit
1297 5132 1617 5205 sapientem.
1687 5135 1834 5205 Mss._
1882 5131 2108 5205 aliquot

459 5202 833 5275 confortavit;
864 5204 924 5259 in
957 5202 1264 5277 praeterito.
1318 5203 1425 5277 Sed
1477 5202 1778 5277 retinenda
1821 5202 1989 5277 lectio
2022 5204 2107 5258 fu-

461 5279 599 5401 ἶύιιή,
631 5274 984 5347 σοηίονιιιὺίῐ,
1018 5275 1159 5346 quia
1188 5274 1270 5329 sic
1318 5274 1531 5346 legitur
1559 5274 1619 5329 in
1653 5276 1894 5330 Hebrwo
1926 5275 2101 5330 fonte.

525 5363 747 5401 suum.

525 5363 747 5402 ARTIAN.

534 5419 555 5452 ⁴
575 5417 785 5482 Vatic.,
816 5418 1144 5488 confortabit
1177 5435 1191 5483 ;
1226 5432 1475 5487 moxque
1518 5432 1657 5488 cum
1689 5415 1972 5482 Palatino,
2004 5416 2105 5470 ad-

453 5487 631 5560 juvat,
666 5506 768 5559 pro
799 5486 1029 5560 adjuvit.
1066 5488 1203 5543 LXX
1233 5486 1450 5560 autem,
1510 5486 1793 5560 βοηθήᾳει,
1828 5488 1983 5558 quod
2016 5492 2108 5543 est

460 5559 772 5685 gdjuvéibzt,
806 5558 869 5613 in
899 5559 1197 5615 hodiernis
1240 5559 1447 5615 saltem
1499 5558 1929 5631 exemplaribus
1960 5576 2105 5631 prie-

484 5646 628 5685 erun
660 5670 674 5684 .

484 5646 583 5688 8P1]
591 5646 674 5685 ιιι.

528 5702 553 5741 ⁵
581 5701 742 5765 Idem
770 5698 983 5775 Vatic.,
1014 5703 1156 5775 Quos
1191 5716 1305 5760 non
1326 5705 1481 5775 potes
1516 5717 1705 5775 regere
1733 5704 1983 5774 consitio,
2014 5701 2108 5761 ad-

1190 4988 1554 5059 Quodcunque
1611 4990 1871 5060 evenerit,
1932 4990 2108 5045 libera

2206 4776 2341 4848 juva
2368 4770 2860 4848 sola.tio._Palatin.
2897 4772 3063 4838 alter,
3117 4774 3255 4842 Quos
3296 4789 3407 4828 non
3425 4774 3603 4845 potest
3631 4774 3865 4829 consilia

2214 4848 2495 4918 adjuvare,
2526 4845 2721 4901 solatio
2761 4849 2899 4916 fove,
2934 4849 3043 4901 etc.
3133 4898 3179 4918 _.

2287 4948 2354 4961 -—
2385 4918 2523 4985 Quos
2552 4934 2662 4971 non
2691 4915 2838 4989 potes
2864 4933 2941 4983 re,
2974 4921 3083 4972 etc.
3132 4915 3307 4989 Editi.

2214 4990 2425 5061 apibus,
2458 4986 2703 5043 consilia
2736 4990 2961 5061 adjuva,
3011 4994 3119 5044 etc.
3176 4988 3334 5042 Idem
3386 4987 3555 5056 infra,
3608 4986 3761 5061 Quos
3788 4988 3863 5041 lo-

2212 5058 2450 5131 quentur
2500 5060 2681 5130 impii,
2742 5058 2810 5115 ne
2864 5059 3077 5115 dederis
3132 5075 3189 5114 os
3236 5067 3391 5131 tuum
3418 5062 3480 5113 ut
3503 5058 3864 5131 uenandi”.

2213 5129 2327 5188 etc.
2369 5132 2480 5188 Sed
2513 5129 2634 5185 haec
2665 5132 2863 5186 omnia
2907 5132 3184 5186 mendose
3236 5129 3521 5202 legantur.
3573 5129 3860 5185 Mam-uia.

2284 5205 2305 5237 θ
2335 5203 2459 5258 Duo
2490 5202 2758 5269 Palatini,
2810 5206 2865 5258 et
2914 5203 3118 5258 Vatic.:
3173 5201 3316 5269 Quos
3358 5202 3651 5271 [agitentur
3678 5201 3861 5271 impii,

2213 5291 2281 5330 ne
2333 5275 2561 5343 dederis,
2600 5279 2717 5345 etc.
2746 5268 2839 5345 Et
2885 5278 2973 5329 est
3011 5268 3250 5345 quidem
3298 5268 3533 5337 ἀσεϐεἳς,
3578 5268 3776 5343 impii;
3809 5271 3862 5325 in

2216 5346 2474 5402 Romano
2507 5344 2635 5400 cod.
2672 5344 2829 5399 LXX.

2285 5418 2417 5472 “'Ita
2456 5417 2671 5471 Victor.
2724 5415 2999 5471 restituit.
3058 5413 3427 5471 Martianzeus
3480 5416 3680 5469 tamen
3730 5427 3862 5468 eum

2216 5489 2455 5543 Erasmo
2488 5486 2727 5543 retinuit
2756 5488 3058 5543 habentem.

2284 5562 2305 5593 ⁸
2335 5560 2503 5632 Apud
2538 5558 2786 5632 Alcuin.,
2818 5560 2991 5632 Aliter
3016 5563 3228 5632 autem,
3255 5558 3359 5632 qui
3387 5556 3638 5611 eruditus
3662 5557 3861 5632 fuerit,

2215 5648 2249 5687 a
2279 5628 2404 5704 quo
2416 5630 2609 5704 nostri
2640 5646 2784 5687 mss.
2841 5630 2954 5704 hoc
2979 5646 3121 5704 _uno
3179 5628 3487 5697 abludunt,
3521 5628 3681 5701 quod
3709 5628 3862 5684 Alias

2210 5700 2483 5763 vel'Alz‘us
2511 5702 2752 5772 habent,
2784 5718 2890 5777 pro
2918 5700 3117 5763 Aliter.

3363 4916 3500 4984 Quos
3548 4930 3659 4969 non
3689 4920 3864 4985 potest
