3996 6396
159 320 330 386 1125

157 546 372 603 notitia
405 547 709 604 dissidere.

238 658 267 684 ‹‹
304 634 553 691 Circuivi
585 653 689 709 ego
722 640 778 692 et
809 653 907 693 cor
931 653 1151 702 meum,
1186 640 1251 691 ut
1279 636 1488 692 scirem
1510 638 1547 705 ί,
1579 641 1636 692 et
1686 654 1819 691 con-

160 723 514 792 siderarem,
546 730 602 780 et
650 742 968 797 quaererem
1016 726 1388 798 sapientiam,
1421 730 1477 781 et
1510 726 1814 791 rationem,

160 815 222 866 et
253 815 321 866 ut
351 829 759 884 cognoscerem
792 813 1153 885 impietatem
1195 817 1343 869 447
1400 813 1561 869 stulti
1606 818 1662 868 et
1702 814 1817 867 im—

160 901 550 972 prudentium
583 917 861 957 errorem.
902 903 966 957 Et
995 903 1227 957 invenio
1255 919 1361 973 ego
1391 904 1412 936 ²
1465 904 1812 957 amariorem

163 993 357 1045 morte
389 989 716 1057 mulierem,
748 1007 875 1061 quae
909 994 999 1047 est
1027 990 1293 1062 laqueus,
1338 995 1394 1046 et
1440 1008 1667 1062 sagenze
1724 1008 1822 1047 cor

162 1078 557 1148 ejus,vincula
588 1096 800 1134 manus
825 1080 1178 1150 ejus.Bonus
1220 1096 1413 1136 coram
1448 1080 1564 1135 Deo
1587 1085 1823 1135 eruetur

162 1167 242 1221 ab
274 1183 364 1233 ea,
396 1172 665 1239 peccator
713 1168 980 1239 capietur
1038 1168 1095 1223 in
1154 1167 1335 1224 illa.»
1397 1173 1503 1223 Pro
1550 1186 1616 1223 eo
1666 1169 1820 1240 quod

162 1256 548 1328 Septuaginta
571 1262 926 1328 posuerunt:
956 1280 975 1305 ι)
1012 1257 1257 1312 Circuivi
1281 1274 1385 1329 ego
1412 1262 1469 1312 et
1497 1274 1595 1313 cor
1623 1274 1819 1313 meum

167 1348 239 1399 ut
271 1360 704 1416 cognoscerem,
739 1367 766 1395 ››
803 1345 1194 1417 Symmachus
1238 1346 1655 1418 interpretatus
1711 1350 1819 1414 est,

164 1433 413 1490 dicens:
448 1457 475 1484 ‹‹
510 1434 863 1489 Pertransivi
891 1433 1163 1489 universa
1215 1451 1393 1490 sensu
1444 1452 1593 1502 meo,
1653 1435 1820 1500 scire,

166 1526 228 1579 et
258 1522 483 1577 discere
513 1524 554 1589 ³,
603 1528 658 1578 et
714 1523 1143 1595 investigare.»
1203 1524 1351 1587 Quia
1406 1524 1589 1596 igitur
1645 1542 1825 1596 supra

166 1610 555 1667 Ecclesiastes
573 1612 1028 1677 dixerat,omnia
1049 1630 1110 1668 se
1138 1613 1198 1667 in
1258 1614 1545 1685 sapientia
1595 1618 1823 1685 perten-

164 1702 352 1767 tasse,
387 1705 444 1757 et
472 1704 689 1773 quanto
713 1701 846 1773 plus
878 1718 1006 1758 eam
1062 1702 1412 1774 requisierit,
1446 1707 1603 1758 tanto
1663 1702 1822 1757 illam

163 1787 409 1861 longius
440 1789 764 1862 refugisse;
800 1808 957 1845 nunc
979 1791 1059 1845 ait
1090 1792 1265 1846 etiam
1300 1792 1459 1846 aliud
1508 1792 1565 1845 in
1598 1808 1706 1847 sua
1763 1808 1824 1847 se
1857 1826 1903 1889 Β

166 1878 451 1947 ῳιωεὶεεθ
475 1879 948 1951 sapientia,quod
982 1881 1039 1934 in
1072 1881 1246 1936 rebus
1276 1880 1556 1935 humanis
1600 1880 1823 1936 malum

164 1967 440 2023 universa
466 1970 769 2024 antecedat
801 1969 958 2025 mala
998 1971 1040 2034 ⁴,
1066 1973 1122 2024 et
1165 1987 1292 2041 quae
1344 1987 1434 2024 res
1494 1969 1553 2024 in
1627 1969 1827 2040 impie-

162 2060 308 2123 tate,
340 2055 610 2125 stultitia,
637 2073 854 2125 errore,
885 2058 1151 2113 vecordia
1176 2062 1371 2114 teneat
1402 2058 1822 2130 principatum.

162 2148 237 2200 Et
266 2144 409 2200 dicit
437 2162 499 2202 se
529 2147 792 2202 omnium
827 2147 1115 2202 malorum
1143 2151 1319 2219 caput
1370 2146 1673 2201 mulierem
1735 2163 1823 2201 re-

165 2233 393 2305 perisse
417 2253 429 2290 :
454 2235 591 2308 quia
608 2240 665 2291 et
686 2253 790 2307 per
818 2236 981 2291 illam
1015 2253 1173 2292 mors
1209 2237 1269 2291 in
1302 2236 1502 2291 orbem
1533 2240 1823 2291 terrarum

164 2320 450 2391 introivit,
484 2327 539 2377 et
570 2324 854 2395 pretiosas
885 2324 1111 2380 animas
1132 2325 1387 2379 virorum
1444 2324 1621 2395 capit.
1678 2324 1820 2380 Om-

168 2427 278 2466 nes
303 2410 519 2484 quippe
550 2412 972 2482 adulterantes,
993 2414 1162 2485 quasi
1196 2413 1463 2469 clibanus
1493 2413 1669 2468 corda
1728 2430 1822 2468 eo-

168 2516 308 2555 rum
343 2515 356 2554 :
399 2516 527 2571 quae
559 2500 696 2557 fecit
728 2502 1185 2558 adolescentium
1236 2502 1462 2558 evolare
1512 2503 1704 2558 corda.
1758 2503 1829 2557 Et

170 2605 311 2645 cum
352 2589 410 2645 in
442 2606 738 2663 przeceps:
772 2608 877 2647 nec
944 2596 1076 2647 ante
1125 2593 1302 2664 pedes
1350 2608 1489 2647 suos
1541 2591 1827 2663 respicere

172 2677 417 2751 patitur,
440 2680 540 2734 sed
574 2681 743 2751 quasi
800 2680 1047 2752 laqueus
1104 2686 1160 2735 et
1212 2696 1431 2753 sagena
1488 2696 1586 2735 cor
1641 2680 1829 2736 adole-

173 2766 395 2823 scentis
422 2767 681 2824 innectit.
717 2768 963 2825 Vincula
1003 2774 1141 2824 sunt
1198 2770 1355 2824 enim
1406 2786 1616 2825 manus
1673 2770 1822 2839 ejus.

175 2857 289 2912 Pro
338 2873 451 2929 quo
510 2858 720 2929 Aquila
771 2858 1189 2930 interpretatus
1242 2863 1376 2914 est:
1444 2860 1645 2914 Vincta:
1702 2866 1828 2914 sunt

172 2962 383 3001 manus
410 2947 552 3017 ejus,
575 2948 729 3018 quod
765 2947 1047 3003 Hebraica
1078 2948 1278 3020 lingua
1320 2947 1538 3003 dicitur
1582 2964 1829 3003 ASSURIN

178 3036 445 3105 (D’VDR)
467 3037 507 3089 ⁵.
539 3036 794 3091 Suadere
824 3037 980 3091 enim
1030 3041 1242 3108 potest,
1290 3037 1408 3091 vim
1468 3038 1654 3092 facere
1714 3053 1828 3092 non

176 3128 391 3195 potest,
426 3141 530 3180 nec
556 3125 626 3179 ad
652 3141 712 3180 se
742 3124 973 3181 trahere
1004 3125 1287 3181 nolentes.
1321 3126 1527 3181 Justus
1559 3126 1658 3197 qui
1714 3126 1830 3181 fue-

176 3193 275 3277 rit,
309 3215 366 3267 et
394 3213 584 3269 bonus
616 3230 811 3269 coram
846 3218 978 3280 Deo,
1012 3218 1250 3270 eruetur
1270 3214 1341 3268 ab
1372 3230 1440 3268 ea
1466 3215 1524 3268 6:
1563 3193 1829 3285 peccator
1859 3193 1901 3259 (ἶ

175 3318 312 3357 vero
338 3307 544 3375 captus
574 3303 896 3358 deducetur
923 3303 995 3358 ad
1054 3306 1324 3358 mortem.
1378 3302 1502 3357 Non
1555 3306 1832 3373 putemus

176 3396 376 3446 tenere
434 3390 585 3447 hanc
635 3390 1010 3447 Solomonem
1087 3392 1159 3447 de
1232 3408 1443 3463 genere
1514 3391 1828 3446 mulierum

178 3478 494 3551 protulisse
526 3482 874 3537 sententiam
908 3497 921 3547 ;
946 3481 1100 3551 quod
1125 3485 1397 3548 expertus
1421 3479 1819 3551 est,loquitur.

180 3569 315 3625 Ideo
345 3569 558 3641 quippe
589 3569 829 3624 offendit
859 3569 1071 3634 Deum,
1105 3570 1242 3640 quia
1275 3573 1482 3642 captus
1513 3574 1601 3625 est
1642 3585 1676 3624 a
1706 3586 1833 3623 mu-

177 3657 442 3713 lieribus.
503 3659 573 3713 Et
638 3658 758 3712 hzec
818 3658 1140 3713 secundum
1203 3656 1477 3713 litteram.
1547 3658 1829 3712 Caeterum

175 3749 344 3819 juxta
364 3746 809 3818 intelligentiam
842 3746 1229 3819 spiritualem,
1268 3751 1370 3802 aut
1394 3763 1564 3802 omne
1594 3762 1831 3819 genera-

182 3834 318 3890 liter
347 3839 671 3905 peccatum,
706 3834 1010 3890 mulierem
1043 3835 1419 3889 nominamus
1451 3838 1507 3889 et
1552 3834 1827 3906 iniquita-

180 3929 324 3993 tem,
359 3941 485 3995 quae
507 3924 618 3978 sub
648 3924 840 3995 specie
858 3923 1121 3979 mulieris
1151 3925 1313 3980 sedet
1342 3924 1402 3979 in
1424 3922 1701 3979 Zacharia
1731 3940 1829 3979 su-

180 4029 286 4086 per
318 4011 539 4083 plumbi
564 4011 848 4068 talentum
873 4013 1054 4082 (Zach.
1108 4029 1163 4077 v,
1211 4014 1313 4083 7):
1374 4017 1475 4068 aut
1528 4011 1829 4067 diabolum

176 4105 455 4176 τροπικῶς
479 4101 780 4157 mulierem
809 4102 1152 4173 accipimus,
1199 4107 1434 4173 propter
1463 4101 1831 4156 effeminatus

176 4192 330 4248 vires
356 4209 369 4247 :
394 4196 496 4246 aut
521 4195 673 4246 certe
699 4190 1111 4257 idololatriam,
1131 4195 1187 4247 et
1217 4195 1280 4246 ut
1335 4190 1573 4262 propius
1595 4190 1830 4246 acceda-

177 4298 335 4347 mus,
385 4279 790 4336 hrereticorum
865 4280 1208 4342 Ecclesiam,
1270 4297 1397 4351 quae
1449 4279 1827 4350 insipientem

176 4386 356 4427 sensu
411 4370 484 4425 ad
541 4387 602 4426 se
648 4372 833 4437 vocat,
894 4374 956 4424 ut
1008 4386 1185 4441 panes
1243 4369 1503 4435 furtivos,
1561 4373 1617 4423 et
1669 4368 1827 4423 448

176 4474 394 4531 aquam
433 4459 731 4527 furtivam,
766 4458 873 4513 hoc
904 4463 1013 4524 est,
1047 4458 1261 4514 falsum
1284 4462 1741 4526 sacramentum,
1775 4460 1831 4513 et

175 4547 471 4622 pollutum
502 4547 797 4620 baptisma
826 4546 1101 4603 inductus
1133 4547 1398 4618 accipiat.

251 4782 584 4847 ‘Vatic.,Et
611 4797 703 4837 cor
730 4796 911 4836 meum
938 4780 1103 4851 dedit,
1158 4789 1218 4836 ut
1272 4782 1490 4851 scirem,
1532 4784 1666 4847 etc.,
1728 4797 1821 4835 re-

178 4858 408 4930 nuente»
425 4854 739 4930 Scriptura;
771 4858 957 4930 textu.

247 4957 316 4966 —-—
348 4921 590 4980 Circuivi
618 4941 731 4995 ego,
764 4930 815 4979 et
844 4921 937 4980 eor
964 4940 1163 4978 meum.
1199 4928 1480 4995 Corrupte
1530 4923 1589 4995 in
1649 4921 1820 4977 editis

176 4997 402 5069 legunt,
437 4994 790 5069 Circuiv’iego
819 5012 909 5051 cor
934 5012 1135 5059 meum,
1170 4996 1296 5050 sine
1338 4994 1625 5069 particula
1679 5011 1822 5069 cgn-

167 5065 434 5140 junctiva
463 5084 642 5140 quam
691 5065 899 5123 retinet
950 5083 1154 5121 omnes
1202 5065 1352 5121 mss.
1398 5083 1464 5121 ac
1523 5066 1653 5120 fons
1712 5065 1819 5119 He-

174 5159 390 5222 brmus,
420 5156 541 5217 ’ΥΠ
564 5167 659 5217 ἐκ
688 5159 783 5213 avi
814 5156 1034 5222 velibbi,
1071 5156 1126 5210 id
1160 5160 1266 5220 est,
1284 5171 1380 5223 ego
1403 5160 1453 5209 ef
1482 5171 1574 5209 cor
1612 5170 1818 5210 meum.

172 5233 463 5286 ΜΑιιτιΑΝ.

248 5301 432 5356 'Tres
461 5317 631 5371 mss.,
662 5301 726 5355 Et
757 5300 1092 5369 inveniego:
1140 5302 1198 5353 et
1245 5314 1396 5364 mox,
1458 5313 1658 5367 sagena
1718 5312 1821 5368 pro

177 5388 420 5436 sagenc'e.

297 5442 593 5499 Palatinus
615 5442 763 5498 alter
792 5459 924 5497 cum
948 5442 1158 5505 Vatic.,
1183 5450 1234 5496 et
1263 5441 1553 5495 disserere.

246 5515 473 5574 ‘Penes
532 5516 866 5577 Alcuinum,
920 5516 979 5569 in
1026 5531 1126 5567 sua
1186 5514 1459 5567 invenisse
1544 5512 1820 5581 sapientia

172 5588 402 5657 malum,
461 5586 602 5660 quod
641 5590 700 5644 in
750 5586 909 5642 rebus
965 5585 1227 5641 humanis
1301 5585 1491 5642 omnia
1590 5585 1824 5639 vinceret

170 5660 340 5731 mala,
363 5664 473 5719 etc.

1174 324 1806 388 COMMENTARIUS
1850 322 1928 387 ΙΝ
1970 321 2577 391 ECCLESIASTEN.

157 460 312 513 tunc
343 456 570 531 liquido
601 473 1014 531 recognoscam
1050 458 1220 530 longe
1242 475 1334 514 me
1357 475 1511 514 nunc
1569 459 1642 513 ab
1692 459 1821 529 ejus
1852 461 1906 525 Α

3421 330 3581 392 1126

2009 482 2035 508 ‹‹
2069 464 2211 515 Ecce
2243 459 2352 515 hoc
2382 459 2598 527 inveni,
2634 460 2781 515 dixit
2810 458 3206 528 Ecclesiastes,
3268 478 3445 518 unam
3505 462 3577 518 ad

1928 566 2105 603 unam
2160 551 2199 615 ⁷,
2262 553 2326 603 ut
2379 549 2699 605 invenirem
2754 566 3090 617 numerum,
3143 566 3317 621 quem
3385 550 3577 607 adhuc

1930 637 2196 707 quaesivit
2227 639 2424 693 anima
2456 644 2671 705 mea,et
2691 654 2806 693 non
2840 638 3367 695 inveni.Hominem
3391 657 3578 696 unum

1929 727 1999 780 de
2030 726 2190 781 mille
2222 726 2500 793 inveni,et
2529 727 2831 782 mulierem
2864 727 2924 781 in
2976 726 3251 783 omnibus
3310 728 3405 784 his
3460 746 3577 785 non

1932 815 2149 869 inveni.
2196 815 2576 870 Solummodo
2638 816 2745 871 hoc
2795 816 3010 883 inveni,
3042 816 3178 887 quia
3238 817 3374 871 fecit
3424 817 3582 874 Deus

1931 903 2230 958 hominem
2265 909 2522 959 rectum:
2553 908 2608 959 et
2631 904 2740 976 ipsi
2773 906 3135 976 quaesierunt
3192 906 3576 977 cogitationes

1931 990 2174 1047 multas.
2213 1013 2239 1040 »
2264 992 2402 1059 Hoc,
2436 992 2645 1064 inquit,
2683 993 2892 1063 reperi,
2945 993 3216 1048 universa
3262 993 3579 1067 diligenter

1931 1080 2271 1146 cventilans,
2306 1082 2459 1152 quod
2494 1081 2776 1153 paulatim
2811 1083 3126 1153 peccando,
3165 1087 3224 1137 et
3272 1082 3344 1137 ad
3391 1099 3578 1138 unum

1932 1168 2213 1224 delictum
2247 1169 2405 1224 aliud
2447 1170 2814 1241 apponendo,
2856 1171 3137 1243 grandem
3188 1172 3359 1226 nobis
3417 1188 3578 1227 sum-

1935 1273 2091 1347 mam
2124 1256 2412 1313 el'fieimus
2444 1259 3041 1347 peccatorum.Esebon
3067 1260 3277 1347 (pawn
3309 1260 3577 1332 )quippe,

1934 1346 2088 1416 quod
2122 1362 2326 1401 omnes
2351 1362 2486 1401 voce
2516 1364 2769 1402 consona
2784 1343 3049 1420 λογισμὸν
3073 1343 3107 1381 θ’
3125 1348 3578 1416 transtulerunt,

1934 1435 2259 1489 secundum
2286 1435 2507 1490 Hebraei
2539 1438 2826 1491 sermonis
2859 1435 3327 1508 ambiguitatem,
3358 1443 3416 1492 et
3470 1454 3579 1493 nu-

1936 1540 2147 1577 merum
2205 1540 2542 1595 possumus,
2580 1530 2636 1580 et
2688 1543 2981 1593 summam,
3050 1530 3107 1580 et
3154 1527 3446 1592 rationem,
3523 1544 3581 1599 et

1934 1616 2313 1682 royitatz’onem
2382 1615 2589 1669 dicere.
2651 1616 2762 1669 Sed
2811 1621 2868 1669 et
2916 1615 3043 1683 hoc,
3104 1616 3203 1678 ait,
3277 1615 3581 1687 requisivit

1936 1703 2132 1757 anima
2166 1720 2311 1773 mea,
2337 1721 2408 1757 an
2442 1708 2598 1759 recta
2647 1703 2857 1758 mulier
2914 1704 3265 1759 inveniatur.
3317 1705 3387 1759 Et
3445 1720 3578 1760 cum

1934 1793 2027 1847 vix
2060 1810 2275 1864 paucos
2318 1794 2387 1848 de
2428 1793 2567 1848 viris
2625 1794 2809 1848 bonos
2863 1793 3207 1860 invenerim,
3248 1794 3330 1848 ita
3386 1798 3453 1849 ut
3510 1795 3582 1849 de

1937 1882 2094 1938 mille
2124 1899 2279 1937 unus
2335 1883 2585 1952 potuerit
2631 1882 2876 1937 inveniri
2909 1884 2950 1952 θ,
2999 1882 3305 1937 mulierem
3365 1883 3579 1938 bonam

1935 1970 2175 2025 omnino
2206 1969 2462 2025 invenire
2485 1986 2598 2025 non
2630 1970 2815 2040 potui.
2850 1969 3066 2023 Omnes
3122 1969 3281 2024 enim
3337 1986 3430 2024 me
3465 1986 3578 2024 non

1936 2059 2008 2112 ad
2040 2058 2335 2125 virtutem,
2359 2059 2457 2112 sed
2490 2059 2562 2113 ad
2595 2057 2886 2113 luxuriam
2918 2058 3305 2113 deduxerunt.
3342 2059 3411 2113 Et
3440 2059 3583 2131 quia

1935 2146 2268 2219 appositum
2300 2151 2388 2201 est
2418 2164 2518 2201 cor
2548 2146 2804 2201 hominis
2834 2146 3145 2218 diligenter
3175 2148 3244 2202 ad
3291 2145 3582 2203 malitiam

1936 2237 2008 2291 ab
2068 2234 2457 2290 adolescentia
2505 2235 2656 2306 (Gen.
2708 2251 2832 2302 vm,
2888 2236 3002 2305 2i),
3062 2239 3119 2289 et
3184 2251 3329 2305 pene
3377 2252 3584 2291 omnes

1935 2326 2303 2381 offenderunt
2323 2324 2506 2379 Deum
2542 2340 2554 2378 :
2589 2322 2647 2377 in
2680 2323 2786 2377 hac
2804 2322 2975 2377 ruina
3027 2322 3256 2394 generis
3314 2323 3578 2393 humani,

1936 2414 2161 2470 facilior
2188 2414 2259 2468 ad
2319 2429 2519 2468 casum
2574 2416 2663 2467 est
2717 2410 2945 2466 mulier.
3004 2416 3082 2467 De
3138 2428 3255 2483 qua
3301 2415 3357 2467 et
3408 2416 3582 2484 poeta

1936 2502 2172 2575 gentilis
2202 2519 2214 2557 :

2002 2646 2013 2657 .
2084 2642 2097 2657 .
2167 2645 2178 2657 .
2250 2647 2260 2657 .
2332 2643 2345 2656 .
2376 2607 2593 2657 Varium
2625 2610 2678 2655 et
2709 2606 2967 2656 mutabile
2999 2619 3209 2668 semper

1999 2672 2233 2721 Femina.
2303 2706 2315 2719 .
2387 2706 2399 2718 .
2470 2705 2483 2718 .
2553 2668 3146 2732 (Vmo.xEneid.iv,v,
3172 2670 3272 2730 35.)

1936 2771 2007 2825 Et
2053 2769 2392 2842 apostolus:
2441 2768 2682 2840 Semper,
2733 2767 2833 2832 ait,
2882 2766 3137 2837 dicentes,
3197 2772 3250 2821 et
3296 2784 3582 2838 nunquam

1938 2860 2007 2914 ad
2044 2860 2624 2915 scientiam'veriiatis
2672 2858 3045 2929 pervenientes
3098 2857 3170 2927 (II
3219 2858 3353 2911 Tim.
3388 2874 3471 2925 ιιι,
3502 2858 3577 2928 7).

1939 2949 2006 3003 Et
2036 2964 2106 3002 ne
2137 2947 2427 3002 videretur
2442 2962 2813 3002 communem
2839 2944 3147 2999 hominum
3177 2946 3458 3001 damnare
3479 2962 3581 3001 na-

1936 3042 2151 3103 turam,
2185 3041 2242 3091 et
2272 3036 2452 3092 Deum
2477 3040 2774 3091 auctorem
2798 3035 2984 3089 facere
3015 3033 3176 3102 mali,
3198 3034 3337 3089 dum
3370 3035 3580 3089 talium

1941 3126 2209 3181 conditor
2237 3129 2343 3192 est,
2379 3125 2477 3197 qui
2513 3124 2734 3179 malum
2763 3124 2943 3178 vitare
3002 3139 3117 3177 non
3176 3121 3423 3194 possint,
3484 3139 3582 3178 ar-

1941 3220 2076 3289 gute
2099 3215 2387 3287 praecavit,
2420 3219 2477 3269 et
2506 3213 2605 3280 ait,
2641 3214 2824 3269 bonos
2851 3213 2969 3281 {nos
3036 3229 3071 3268 a
3136 3212 3252 3268 Deo
3310 3215 3578 3269 creatos:

1941 3306 2039 3360 sed
2072 3304 2407 3376 quialibero
2439 3320 2646 3359 sumus
2690 3302 2929 3357 arbitrio
2959 3301 3244 3370 derelicti,
3278 3301 3417 3356 vitio
3473 3318 3583 3357 no-

1941 3400 2061 3449 stro
2092 3395 2162 3449 ad
2189 3394 2384 3466 pejora
2414 3391 2549 3462 labi,
2583 3392 2725 3446 dum
2758 3391 2983 3461 majora
3012 3390 3355 3462 quaerimus,
3388 3394 3445 3445 et
3493 3390 3582 3446 ul-

1939 3489 2030 3539 tra
2059 3483 2210 3538 vires
2240 3486 2472 3537 nostras
2501 3480 2660 3536 varia
2687 3479 3036 3552 cogitamus.
3071 3478 3284 3535 Aliter:
3316 3479 3584 3544 Quotidie

1941 3589 2172 3629 mecum
2195 3572 2666 3641 uniuscujusque
2690 3568 2769 3624 rei
2794 3570 3077 3624 rationem
3101 3568 3582 3640 ponens,nullum

1939 3663 2197 3718 invenire
2229 3663 2391 3733 potui
2424 3661 2762 3731 cogitatum,
2798 3658 2897 3730 qui
2931 3675 3045 3713 non
3078 3658 3428 3729 cogitatione
3459 3672 3584 3728 per-

1939 3770 2104 3808 versa
2132 3750 2494 3806 extrinsecus
2522 3750 2880 3804 turbaretur.
2916 3747 2976 3801 In
3011 3746 3170 3801 mille
3200 3750 3396 3800 autem
3441 3745 3580 3799 viris

1942 3842 2133 3897 inveni
2162 3838 2772 3910 hominem,quijuxta
2797 3835 3112 3908 imaginem
3143 3832 3462 3889 conditoris
3491 3838 3581 3889 est

1939 3933 2211 3988 conditus
2245 3948 2256 3985 :
2285 3937 2341 3985 et
2369 3929 2427 3983 in
2457 3928 2615 3983 mille
2646 3943 2758 3981 non
2793 3924 3172 3997 quibuslibet,
3198 3923 3297 3978 sed
3330 3923 3387 3977 in
3420 3921 3580 3979 mille

1939 4021 2116 4076 viris:
2152 4034 2402 4091 quorum
2434 4031 2745 4071 numerum
2776 4013 2985 4068 mulier
3016 4012 3260 4083 implere
3302 4028 3417 4066 non
3466 4028 3576 4083 po-

1938 4109 2069 4165 tuit.
2105 4110 2170 4163 Et
2200 4108 2257 4161 in
2282 4104 2441 4161 mille
2475 4106 2628 4160 449
2662 4103 2761 4174 qui
2787 4119 2899 4157 non
2958 4101 3582 4173 appropinquaverunt

1940 4199 2008 4253 ad
2044 4195 2435 4263 mulierem,et
2464 4196 2767 4265 propterea
2787 4191 3088 4263 purissimi
3112 4193 3579 4263 permanserunt.

1940 4287 2068 4341 Haec
2086 4291 2281 4340 autem
2301 4283 2499 4339 omnia
2524 4280 2879 4354 tropologice
2907 4280 3267 4352 accipienda.
3294 4281 3355 4333 In
3379 4278 3583 4334 multis

1939 4374 2153 4447 quippe
2184 4372 2469 4427 studiosis
2493 4372 2599 4442 [Αἱ.
2633 4370 2894 4441 studiis],
2927 4374 2983 4425 et
3003 4370 3347 4441 quotidiana
3404 4367 3584 4423 medi-

1938 4464 2156 4520 tatione
2186 4461 2557 4530 sudantibus,
2589 4459 2683 4515 vix
2716 4458 3010 4515 invenitur
3058 4458 3345 4531 cogitatus
3399 4471 3583 4527 purus

1860 4566 1905 4630 D
1938 4558 1995 4609 et
2022 4552 2128 4608 viri
2161 4552 2376 4624 dignus
2406 4548 3038 4606 vocabulo.Possumus
3068 4552 3126 4603 et
3154 4545 3444 4618 cogitatus
3475 4559 3581 4615 pro

2000 4789 2021 4821 ⁵
2052 4787 2203 4856 Quod
2231 4786 2493 4841 Hebraica
2518 4786 2708 4853 lingua
2738 4783 2962 4843 dicitur,
3014 4781 3283 4856 Assurim.
3333 4778 3575 4856 Addunt

1930 4848 2209 4915 Erasmus
2239 4864 2295 4911 et
2325 4848 2620 4912 Marianas
2654 4871 2850 4909 vocem
2880 4862 2998 4912 ειη-π
3026 4853 3250 4917 z'adeab,
3285 4850 3385 4906 sed
3436 4848 3582 4904 falso

1931 4938 1988 4988 et
2015 4931 2307 5000 superﬂue
2333 4945 2345 4982 :
2380 4926 2597 4982 sufﬁcit
2625 4926 2783 5000 enim
2815 4940 3027 5000 nomen
3061 4932 3308 5000 cii-1722a,
3339 4922 3579 4976 assurim

1931 5004 2003 5059 ad
2028 4994 2483 5057 declarationem
2518 4998 2819 5053 sententim
2852 4994 3207 5067 Hier.nymi,
3248 5000 3424 5064 atque
3480 5008 3580 5047 va-

1934 5074 2140 5129 riantis
2174 5072 2440 5127 lectionis
2470 5069 2715 5141 Aquilae.
2753 5068 3039 5141 Maurum.

2002 5147 2022 5179 ⁸
2053 5145 2262 5212 Vatic.,
2298 5136 2630 5197 Eruetur'ab
2661 5138 3019 5212 eo,_scil_icet,
3043 5136 3141 5212 D_ei
3170 5152 3299 5212 ope.

2002 5219 2021 5251 ⁷
2055 5208 2440 5271 νθνὶιίιύηατη
2456 5214 2525 5268 ad
2548 5229 2718 5266 unam
2750 5210 2808 5265 in
2838 5209 3019 5263 Vatic.
3053 5208 3449 5263 desideratur.

2002 5291 2022 5321 ⁸
2056 5292 2232 5342 Antea
2278 5291 2402 5340 erat
2458 5280 2761 5365 λογισμοὺς
2807 5281 3573 5365 ριιιινίιιιῐιιιιιιιιιθίῐιοξβρῐι-

1931 5365 2019 5415 tra
2049 5376 2224 5430 quam
2248 5374 2391 5412 mss.
2416 5349 2681 5430 melioris
2712 5349 2858 5430 notE'e
2892 5352 3200 5430 habent,et_
3228 5349 3573 5430 scholiastes

1934 5421 2167 5487 Griecus
2189 5431 2258 5484 ad
2282 5427 2549 5500 Aquilam
2585 5442 2762 5497 penes
2788 5424 3162 5489 Flaminium,
3188 5423 3431 5495 ipsaque
3457 5421 3579 5478 Fla-

1935 5503 2077 5557 mini
2112 5504 2373 5557 llomana
2427 5500 2604 5554 edtio.

2004 5576 2025 5611 θ
2055 5572 2233 5630 Paulo
2256 5569 2471 5629 rectius
2503 5570 2710 5641 Vatic.,
2747 5570 2925 5627 Unum
2975 5568 3252 5642 potuerim
3303 5567 3571 5630 invenire.
