3996 6424
416 319 572 382 1⁵127

1673 318 1736 379 S.
1786 316 2093 382 EUSEBII
2139 314 2578 381 HIERONYMI
2593 361 2606 375 .

3657 310 3828 377 HIS

409 451 551 508 viris
580 452 860 524 accipere,
891 448 1166 508 mulieres
1195 467 1299 523 pro
1367 450 1662 523 operibus,
1731 455 1789 505 et
1847 450 2058 516 dicere,
2088 452 2143 519 Α
2175 450 2611 521 Scripturarum
2668 448 2895 504 occulta
2948 448 3146 503 dicant
3203 461 3374 519 posse
3431 463 3495 504 se
3524 448 3820 514 solvere’,

412 541 566 613 quod
584 540 818 597 difﬁcile
839 540 1117 612 cogitatio
1139 540 1390 611 alicujus
1412 557 1561 612 pura
1579 539 1827 594 inveniri
1864 542 2058 610 queat.

408 632 595 702 Opera
617 647 770 693 vero,
806 629 944 701 quia
974 645 1076 701 per
1100 645 1312 700 corpus
1337 628 1844 695 administrentur,
1865 626 2060 698 aliquo

410 734 642 791 semper
671 735 863 774 errore
894 718 1205 773 commista
1234 718 1372 773 sint.
1404 718 1512 772 Pro
1539 734 1605 772 eo
1636 722 1851 783 autem,
1903 716 2059 788 quod

410 822 591 877 supra
611 821 942 862 sermonem
965 806 1271 862 Hebraeum
1290 806 1740 877 interpretantes
1760 805 2015 860 diximus
2042 821 2055 858 :

413 896 588 950 Unam
641 895 712 950 ad
770 895 1004 961 unam',
1065 900 1126 951 ut
1184 896 1503 950 inveniatur
1568 910 1848 963 numerus,
1937 893 2058 949 sive

407 999 642 1055 summa,
677 983 796 1039 sive
826 984 991 1055 ratio,
1025 989 1128 1040 aut
1154 985 1446 1056 coyitalio:
1481 982 1740 1054 apertius
1772 982 2055 1053 interpre-

408 1075 574 1128 tatus
605 1075 697 1129 est
726 1072 1140 1144 Symmachus,
1181 1090 1352 1128 unam
1379 1072 1450 1127 ad
1473 1088 1640 1127 unam
1674 1072 1920 1127 invenire
1958 1087 2053 1125 ra-

413 1162 618 1217 tionem
648 1162 689 1216 ³.
726 1162 889 1226 Quod
920 1162 1078 1217 enim
1096 1178 1201 1217 nos
1233 1162 1489 1217 solemus
1521 1159 1786 1216 absolute
1818 1164 1875 1215 et
1906 1176 2051 1215 neu-

392 1248 642 1305 traliter
671 1249 985 1322 appellare,
1018 1250 1075 1305 id
1110 1249 1343 1317 est,hoc
1374 1249 1633 1322 quaesivi,
1689 1250 1845 1305 istud
1895 1247 2053 1304 volui

409 1337 687 1405 invenire,
718 1338 954 1393 Haabraei
988 1338 1270 1394 feminino
1300 1354 1510 1410 genere
1543 1337 1946 1408 pronuntiant,
1971 1336 2050 1392 si-

408 1431 507 1481 cut
538 1427 598 1481 in
617 1425 842 1498 psalmo
880 1444 893 1482 :
930 1428 1102 1484 Unam
1125 1428 1267 1498 petii
1294 1445 1328 1483 a
1370 1428 1618 1493 Domino,
1670 1426 1811 1481 hanc
1866 1425 2052 1495 requi~

406 1514 567 1570 ram3
590 1515 758 1586 (Psal.
817 1532 973 1582 xxxx,
1010 1516 1084 1588 4),
1118 1532 1220 1588 pro
1251 1531 1318 1570 eo
1350 1516 1502 1587 quod
1532 1519 1620 1571 est
1650 1531 1841 1568 unum.

479 1602 641 1674 (Cap.
674 1603 825 1659 Vlll.
862 1604 880 1674 )
918 1604 1109 1668 «Quis
1138 1604 1218 1658 ita
1241 1608 1306 1659 ut
1330 1604 1566 1675 sapiens
1594 1620 1608 1671 ;
1642 1608 1698 1657 et
1728 1602 1861 1674 quis
1893 1599 2051 1656 novit

408 1690 758 1747 solutionem
784 1691 992 1747 verbi?
1014 1691 1311 1762 Sapientia
1341 1691 1597 1747 hominis
1640 1689 1999 1745 illuminabit
2028 1690 2050 1722 ⁴

406 1778 634 1833 vultum
666 1780 793 1849 ejus
814 1784 872 1835 et
893 1779 1057 1835 fortis
1091 1779 1295 1835 faciem
1355 1796 1523 1835 suam
1585 1778 1989 1834 commutabit.
2018 1801 2045 1826 ››

409 1868 599 1938 Supra
626 1867 903 1923 docuerat
931 1867 1168 1923 difﬁcile
1199 1868 1418 1923 bonum
1450 1867 1746 1922 hominem
1778 1865 2047 1931 inveniri,

409 1959 467 2010 et
491 1956 819 2011 venientem
849 1961 1052 2012 contra
1072 1956 1305 2013 eliscrat
1334 1958 1715 2028 quaestionem
1746 1957 1797 2010 δε
1847 1973 1881 2011 a
1939 1961 2048 2011 Deo

409 2045 592 2099 bonos
614 2044 882 2101 homines
904 2046 1187 2113 conditos,
1208 2047 1308 2101 sed
1367 2049 1574 2118 sponte
1631 2063 1737 2100 sua
1791 2046 1864 2100 ad
1917 2061 2047 2116 pec-

410 2138 540 2189 cata
584 2133 871 2205 delapsos.
928 2134 1092 2189 Nunc
1146 2136 1284 2206 quid
1344 2135 1483 2191 boni
1543 2132 1768 2189 hdmini
1828 2134 2052 2188 dederit

407 2226 576 2297 Deus,
609 2222 780 2294 quasi
836 2222 1262 2295 gloriabundus
1296 2229 1623 2289 enumerat,
1697 2223 2049 2295 sapientiam

402 2310 648 2378 scilicet,
681 2316 855 2383 atque
884 2312 1169 2368 rationem
1221 2318 1278 2368 et
1333 2312 1785 2385 providentiam,
1821 2311 2050 2367 occulta

405 2399 499 2454 Dei
534 2416 708 2456 nosse
740 2401 1037 2473 mysteria,
1069 2402 1127 2457 in
1152 2418 1364 2457 arcana
1420 2403 1548 2472 ejus
1615 2418 1792 2457 sensu
1853 2401 2048 2457 cordis

403 2488 638 2542 intrare.
671 2486 918 2559 Oblique
941 2492 1137 2544 autem
1162 2488 1233 2542 do
1266 2505 1327 2543 se
1369 2488 1651 2559 loquitur,
1685 2489 1841 2559 quod
1875 2504 2046 2544 nemo

404 2576 486 2630 ita
510 2576 686 2630 fuerit
716 2575 970 2646 sapiens,
1006 2581 1068 2631 ut
1100 2576 1242 2648 ipse,
1301 2581 1358 2631 et
1406 2576 1605 2632 nullus
1662 2578 1747 2632 sic
1805 2577 2003 2632 scierit
2029 2578 2050 2611 ⁸

405 2664 509 2733 [ΑΙ.
544 2663 740 2733 sciret]
772 2664 1198 2735 problematum
1248 2664 1594 2730 solutiones,
1652 2670 1709 2720 et
1765 2666 2052 2737 sapientia

408 2752 536 2822 ejus
568 2768 601 2806 a
628 2755 836 2806 cuncto
867 2750 1101 2807 laudata
1133 2752 1209 2807 sit
1243 2752 1477 2824 populo,
1513 2770 1641 2824 quae
1692 2770 1807 2808 non
1858 2754 2050 2809 solum

404 2840 755 2895 intrinsecus
782 2838 1035 2907 latuerit,
1070 2840 1170 2895 sed
1195 2846 1252 2895 et
1278 2840 1335 2895 in
1371 2842 1676 2913 superﬁcie
1707 2844 1965 2913 corporis
1996 2847 2053 2897 et

404 2928 641 3000 speculo
671 2927 871 2984 vultus
892 2928 1160 2995 eluxerit,
1220 2929 1484 3001 ultraque
1531 2947 1736 2987 omnes
1786 2931 2053 2987 homines

405 3017 775 3090 prudentiam
809 3018 1022 3073 mentis
1049 3018 1107 3072 in
1140 3019 1284 3085 facie
1315 3036 1423 3074 sua
1469 3019 1738 3091 pinxerit.
1805 3022 2052 3091 Septua-

404 3108 567 3180 ginta
597 3122 701 3179 pro
733 3123 798 3162 eo
829 3108 983 3178 quod
1034 3124 1139 3162 nos
1196 3108 1535 3180 posuimus:
1572 3131 1599 3158 «
1656 3108 1795 3173 Quis
1850 3110 1931 3163 ita
1989 3114 2053 3164 ut

2081 1822 2128 1885 B

2171 554 2339 593 rarus
2361 541 2467 608 est,
2501 536 2602 608 qui
2631 553 2827 592 veram
2850 536 3104 613 inveniat
3132 535 3689 601 solutionem.Quod
3716 551 3827 592 an-

2169 630 2287 680 tem
2316 625 2622 697 sequitur:
2666 625 2964 696 Sapientia
2992 625 3248 681 hominis
3279 624 3639 680 illuminabit
3687 624 3819 680 vul-

2168 719 2296 770 tum
2325 716 2473 785 ejus,
2506 719 2563 770 et
2591 713 2895 786 improbus
2930 716 3073 770 facie
3104 731 3213 769 sua
3243 714 3491 785 odietur,
3517 735 3546 763 »
3576 713 3660 769 ita
3682 729 3818 786 pos»

2168 819 2377 859 sumus
2409 802 2740 874 explanare,
2780 807 2843 858 ut
2892 802 3053 858 Pauli
3101 804 3278 858 verba
3323 818 3654 874 ponamus:
3706 804 3819 859 Nos

2167 900 2348 947 autem
2377 908 2559 947 omnes
2590 893 2844 948 revelata
2871 894 3016 961 facie
3043 893 3288 960 gloriam
3317 892 3542 947 Domini
3578 878 3818 947 contem-

2160 981 2477 1051 plantesUI
2502 984 2625 1038 Cor.
2688 998 2770 1047 ιιι,
2834 980 2968 1051 18);
3027 985 3085 1036 et
3142 979 3463 1036 Psalmistaa
3511 980 3810 1036 canentis:

2166 1068 2459 1140 Signatum
2486 1077 2562 1124 est
2592 1085 2753 1140 super
2804 1085 2902 1124 nos
2955 1070 3159 1125 lumem
3205 1069 3387 1124 vultus
3434 1070 3536 1139 tui,
3586 1069 3813 1125 Domine

2164 1159 2336 1229 (Psal.
2370 1175 2447 1225 ιν,
2480 1160 2557 1225 7),
2584 1158 2937 1230 Sapientiam
2970 1163 3166 1213 autem
3210 1157 3307 1213 hic
3371 1156 3630 1213 hominis
3688 1173 3809 1213 non

2162 1246 2340 1302 aliam
2369 1246 2513 1302 dicit
2544 1248 2764 1318 absque
2788 1247 3077 1319 sapientia
3104 1246 3223 1302 Dei.
3249 1246 3382 1309 Qua:
3413 1263 3547 1302 cum
3578 1246 3812 1319 sapien-

2160 1333 2241 1388 tia
2270 1334 2370 1390 Dei
2403 1333 2500 1401 sit,
2520 1335 2689 1405 juxta
2718 1333 3168 1405 possibilitatem
3188 1334 3527 1405 capacitatis
3548 1332 3811 1389 hominis

2160 1422 2289 1491 ejus
2319 1438 2447 1477 esse
2474 1422 2696 1493 incipit,
2722 1422 2822 1493 qui
2859 1440 2920 1478 se
2970 1423 3183 1478 habere
3240 1424 3539 1478 meruerit.
3600 1422 3808 1479 Omnia

2160 1509 2472 1565 haereticus
2493 1515 2553 1566 et
2584 1510 2798 1566 falsum
2832 1512 3046 1583 dogma
3073 1512 3416 1579 defendens,
3474 1511 3805 1583 impudenti

2158 1598 2321 1654 vultu
2340 1604 2447 1654 est.
2474 1599 2733 1671 Denique
2755 1600 3008 1655 Marcion
3027 1605 3082 1655 et
3100 1599 3445 1656 Valentinus
3476 1600 3517 1636 ¹⁰
3548 1599 3810 1656 melioris

2156 1703 2219 1742 se
2249 1687 2452 1743 dicunt
2482 1692 2703 1743 naturae
2735 1706 2881 1759 esse,
2916 1706 3093 1760 quam
3124 1689 3390 1746 conditor
3419 1697 3524 1745 est.
3573 1689 3639 1744 Et
3692 1689 3833 1744 hoc-

2160 1782 2357 1848 posset
2403 1776 2603 1849 aliqua
2659 1794 2726 1833 ex
2763 1782 2926 1849 parte
2975 1778 3131 1848 ferri,
3181 1778 3229 1833 si
3288 1794 3453 1850 spem
3511 1795 3573 1834 se
3622 1778 3807 1849 hujus

2160 1864 2241 1920 rei
2291 1865 2506 1921 habere
2563 1867 2998 1933 contenderent,
3053 1871 3109 1922 et
3165 1884 3282 1923 non
3335 1869 3459 1938 jam
3506 1868 3805 1939 possidere

2160 1956 2455 2009 naturam.
3313 1980 3317 1984 λ

2238 2061 2260 2091 α
2304 2043 2423 2115 Ego
2455 2060 2520 2099 os
2552 2043 2703 2115 regis
2736 2043 3020 2111 custodio,
3054 2048 3112 2099 et
3148 2043 3439 2115 loquelam
3479 2046 3800 2116 juramenti

2160 2130 2278 2186 Dei.
2314 2135 2393 2186 Ne
2422 2131 2888 2188 festinesafacie
2919 2133 3047 2203 ejus
3088 2132 3268 2198 abire,
3326 2137 3382 2188 et
3438 2150 3510 2189 ne
3565 2139 3683 2190 stes
3739 2134 3801 2189 in

2156 2220 2330 2275 verbo
2364 2220 2535 2291 malo,
2570 2221 2848 2293 quoniam
2881 2238 3053 2278 omne
3108 2222 3263 2293 quod
3314 2221 3579 2293 voluerit,
3632 2222 3806 2279 faciet

2156 2310 2316 2364 Sicut
2345 2308 2554 2364 dixerit
2574 2310 2680 2380 (At.
2714 2310 2886 2367 dicet)
2921 2327 3038 2375 rex,
3071 2315 3416 2383 potestatem
3443 2310 3665 2368 habens
3696 2327 3711 2368 :
3745 2316 3805 2368 et

2158 2398 2291 2470 quis
2314 2398 2468 2453 dicet
2495 2398 2570 2467 ei,
2604 2399 2754 2463 Quid
2778 2399 2919 2455 facis
2950 2401 2978 2455 ‘I
3012 2423 3032 2448 -
3069 2400 3313 2456 Videtur
3333 2400 3571 2472 quidem
3604 2402 3802 2473 praeci-

2159 2503 2292 2559 pere
2308 2487 2479 2557 juxta
2513 2489 2878 2559 Apostolum,
2915 2488 3153 2560 regibus
3174 2493 3229 2544 et
3252 2488 3669 2561 postestatibus
3696 2490 3799 2545 ob-

2160 2576 2429 2646 sequium
2465 2577 2587 2645 (Tit.
2622 2593 2708 2646 ιιι,
2744 2578 2818 2647 1),
2880 2578 3135 2633 maxime
3186 2578 3563 2650 Septuaginta
3609 2578 3793 2634 Inter-

2160 2665 2423 2736 pretibus
2454 2665 2794 2737 imperativo
2828 2667 3000 2722 modo
3048 2667 3464 2723 dicentibusm
3520 2667 3595 2723 Os
3651 2667 3806 2741 regis

2159 2753 2386 2808 custodi
2423 2770 2436 2820 ;
2475 2776 2495 2802 ιι
2532 2754 2632 2809 sed
2657 2770 2762 2826 ego
2794 2758 2933 2826 puto
2956 2755 3026 2810 de
3056 2754 3157 2810 illo
3183 2771 3315 2828 rege
3344 2772 3500 2811 nunc
3557 2755 3690 2824 dici,
3733 2756 3807 2813 de

2161 2858 2276 2913 quo
2308 2841 2485 2896 David
2518 2842 2636 2897 ait:
2690 2845 2934 2914 Domine,
2992 2846 3050 2899 in
3108 2846 3309 2899 virtute
3376 2848 3470 2900 tua
3523 2845 3811 2902 laetabitur

2162 2946 2260 2984 rex
2290 2930 2458 3000 (Psal.
2494 2946 2587 2994 xx,
2624 2931 2696 2998 1).
2730 2930 2794 2984 Et
2819 2931 2879 2985 in
2913 2930 3025 2986 alio
3054 2930 3198 3001 loco,
3234 2935 3300 2985 ut
3329 2931 3517 2986 Patris
3562 2936 3618 2987 et
3673 2930 3803 2987 Filii

2160 3035 2344 3072 unum
2380 3034 2621 3089 regnum
2656 3018 2947 3090 signiﬁcet
3003 3017 3110 3091 [AL
3170 3019 3581 3090 signiﬁcetur].
3646 3020 3804 3075 Scri-

2163 3111 2333 3178 ptura
2354 3112 2774 3162 commemorat
2798 3124 2809 3161 :
2834 3112 2996 3173 Deus,
3008 3107 3287 3177 judicium
3315 3112 3473 3163 tuum
3500 3112 3617 3180 regi
3645 3108 3735 3179 da,
3754 3117 3806 3165 et

416 3196 676 3269 sapiens,
711 3218 739 3245 ››
770 3196 1229 3252 transtulerunt:
1258 3198 1446 3262 «Quis
1479 3198 1637 3252 novit
1666 3198 2048 3270 sapientes".»
2081 3187 2123 3253 C
2154 3197 2442 3267 justitiam
2473 3204 2621 3250 tuam
2658 3197 2774 3265 ﬁlio
2806 3198 2944 3267 regis
2976 3197 3142 3268 (Psal.
3177 3214 3327 3264 an,
3360 3198 3436 3267 1).
3469 3197 3595 3252 Non
3642 3198 3803 3254 enim

403 3286 474 3341 Et
493 3302 596 3357 pro
628 3301 694 3340 eo
722 3284 887 3341 450
918 3286 1073 3357 quod
1107 3302 1212 3341 nos
1242 3286 1536 3342 diximus:
1592 3310 1618 3336 ι»
1651 3288 1720 3342 Et
1762 3288 1927 3343 fortis
1977 3288 2055 3343 fa-

404 3373 554 3429 ciem
586 3390 758 3429 suam
790 3374 1199 3443 commutabit,
1232 3396 1259 3425 »
1294 3380 1655 3446 posuerunt:
1693 3399 1720 3427 «
1753 3377 1821 3431 Et
1868 3376 2056 3447 impu-

404 3462 549 3517 dens
568 3461 732 3517 vultu
764 3479 870 3517 suo
901 3462 1149 3518 odietur.
1175 3485 1203 3513 »
1228 3464 1512 3520 Etrevera
1542 3482 1687 3520 cum
1718 3464 1887 3520 multi
1914 3465 2053 3520 sint.

404 3549 505 3622 qui
537 3549 887 3623 sapientiam
922 3541 1352 3624 repromittant,
1377 3553 1613 3609 difﬁcile
1636 3554 2057 3627 invenitur,qui

403 3639 733 3696 discernere
765 3644 942 3710 queat
971 3656 1176 3696 verum
1213 3642 1234 3675 ⁸
1266 3641 1589 3713 sapientem
1623 3643 1695 3697 ab
1724 3642 1814 3697 his
1842 3643 1941 3715 qui
1971 3643 2055 3699 vi-

401 3730 614 3787 dentur
640 3745 769 3786 esse
800 3729 1114 3802 sapientes.
1150 3730 1222 3785 Et
1284 3746 1418 3785 cum
1479 3730 1599 3785 sint
1648 3729 1914 3803 plurimi,
1956 3732 2055 3802 qui

471 3855 487 3888 ¹
519 3854 783 3911 Veterem
817 3853 1123 3909 lectionem
1156 3869 1526 3923 revocamus,
1557 3871 1729 3910 unam
1761 3856 1832 3910 ad
1887 3873 2055 3911 unam

403 3941 582 3998 quam
606 3925 980 4000 Martianaeus
1005 3942 1074 3981 ex
1103 3925 1339 3997 ingenio
1375 3931 1702 4000 mutaverat
1733 3931 1938 4000 neutro
1956 3944 2057 4000 ge-

402 3996 541 4053 nere
570 4013 745 4051 unum
785 3996 855 4052 ad
902 4012 1096 4063 unum,
1158 3996 1322 4052 ratus
1380 3996 1528 4051 nihil
1562 3998 1679 4053 fore
1739 3996 2053 4067 diversu'm,

403 4083 592 4148 neque
627 4067 926 4148 _apertius_
951 4083 1283 4148 sermonem
1340 4066 1649 4148 Hebraeum
1676 4066 2053 4148 _expl_icatum

403 4137 516 4211 dici
547 4137 806 4208 potuisse
834 4155 869 4193 a
892 4137 1265 4211 Symmacho,
1307 4139 1383 4211 si,
1445 4137 1941 4211 quemadmodum
2000 4147 2057 4198 et

401 4208 788 4279 Hieronymus
810 4208 1064 4263 reddidit
1091 4225 1264 4264 unam
1316 4210 1386 4265 ad
1443 4208 1632 4276 unam,
1685 4213 1758 4269 ab
1814 4213 1912 4269 illo
1979 4216 2057 4269 sit

404 4278 659 4352 pOsitum
703 4279 1037 4355 interprete.
1071 4280 1314 4355 Minime
1344 4299 1477 4355 vero
1510 4284 1872 4355 bujusmodi,
1909 4291 2057 4340 utex

402 4350 523 4407 toto
578 4350 875 4423 contextu‘
909 4350 1116 4423 liquet,
1176 4350 1606 4410 diversitatem'
1661 4350 1939 4412 adnotare
1990 4356 2052 4412 in

404 4423 602 4495 animo
632 4421 886 4477 habebat
914 4421 1225 4495 SfDoctor,
1282 4426 1380 4495 qui
1439 4430 1495 4480 et
1542 4426 1600 4480 in
1661 4444 1769 4483 sua
1816 4444 1885 4482 ex
1941 4431 2053 4483 Hc-

404 4495 558 4549 braao
588 4493 1068 4567 interpretatione
1094 4511 1269 4550 unum
1299 4493 1359 4551 et
1405 4497 1663 4563 alterum,
1718 4503 1778 4552 ut
1836 4500 2052 4553 inveni-

2157 3285 2386 3356 judicat
2412 3285 2573 3339 Pater
2604 3300 2983 3356 quemquam,
3008 3286 3107 3341 sed
3131 3302 3303 3341 omne
3326 3285 3612 3356 judicium
3643 3286 3804 3343 dedit

2167 3373 2308 3430 Filio
2348 3377 2533 3445 (Joan.
2561 3373 2844 3443 v,22).Qui
2878 3391 2973 3429 rex
3007 3374 3188 3430 Filius
3219 3375 3317 3430 Dei
3357 3375 3615 3442 “,Patris
3647 3376 3800 3448 regis

2165 3467 2254 3518 est
2274 3462 2473 3519 Filius.
2534 3462 2720 3533 Hujus
2781 3463 2973 3534 itaque
3017 3464 3123 3535 [AL
3157 3464 3381 3536 utique]
3420 3464 3802 3522 custodienda

2166 3557 2451 3624 praecepta
2481 3553 2784 3607 sunt4bl
2824 3552 3001 3623 hujus
3050 3553 3320 3609 voluntas
3376 3554 3660 3625 patranda
3738 3556 3809 3610 Et

2168 3640 2275 3696 hoc
2301 3646 2407 3710 est,
2442 3641 2598 3712 quod
2620 3640 2680 3695 in
2705 3640 2896 3696 Tobiae
2929 3641 3076 3697 libro
3108 3641 3385 3697 scribitur
3418 3660 3429 3697 :
3482 3643 3809 3713 Mysterium

2166 3731 2309 3800 regis
2343 3729 2668 3786 abscondere
2726 3730 2928 3786 bonum
2955 3739 3035 3801 est
3088 3730 3235 3803 (Tob.
3293 3732 3473 3799 xn,7).
3541 3731 3612 3787 Et
3666 3747 3813 3804 prae-

2166 3853 2451 3926 superiori
2509 3853 2881 3926 exploratum
2941 3854 3580 3926 habemus,7diversam
3634 3855 3818 3911 fuisse

2165 3925 2320 3998 apud
2343 3928 2562 3981 veteres
2577 3925 3035 3998 distinctionem
3067 3925 3456 3998 capitulorum
3488 3926 3559 3981 ab
3586 3942 3653 3982 ea
3682 3942 3816 3998 qua

2165 3997 2321 4052 nunc
2343 4012 2512 4053 usum
2537 3997 2768 4053 obtinet
2790 3998 2850 4052 in
2874 3998 3057 4054 sacris
3079 3997 3492 4053 veluminibus.
3525 3997 3812 4056 Maurum.

2236 4069 2427 4140 5Apud
2460 4072 2681 4124 veteres
2715 4068 2967 4139 Alcuin.,
3004 4070 3315 4124 Venientem
3360 4077 3543 4125 contra
3567 4070 3810 4127 eluserat

2165 4142 2553 4211 qumstioncm;
2586 4156 2735 4194 nunc
2762 4140 2894 4213 quid
2926 4141 3059 4213 bono
3085 4141 3433 4213 homini,etc.

2234 4212 2340 4267 6Et
2365 4213 2554 4266 nullus
2604 4214 2684 4267 sic
2731 4210 2935 4267 scierit.
2999 4211 3147 4283 Editi
3189 4228 3292 4283 pro
3339 4212 3543 4277 scierit,
3600 4210 3812 4282 legunt

2162 4285 2385 4355 fecerit;
2419 4283 2574 4354 quod
2611 4299 2727 4337 non
2751 4282 3021 4355 congruit
3050 4282 3205 4355 loco’
3225 4283 3519 4354 praesenti,
3568 4287 3633 4337 ut
3662 4298 3811 4355 per-

2164 4353 2453 4425 'spicuum’
2468 4358 2605 4425 puto
2637 4370 2765 4409 esse
2796 4354 3015 4410 lectori.
3046 4353 3331 4425 ΜΑῐιτιΑΝ.

2234 4427 2252 4458 ⁷
2284 4426 2421 4495 Quis
2450 4423 2601 4481 novit
2623 4426 2915 4498 sapientes.
2960 4424 3262 4498 Superﬁue
3301 4441 3467 4481 voces
3515 4423 3808 4498 plurimas

2165 4496 2390 4569 Grazcas
2424 4512 2488 4551 ac
2515 4513 2715 4552 versus
2740 4497 3005 4569 integros
3045 4496 3202 4569 ἸιΧΧ
3268 4498 3649 4569 interpretum
3707 4496 3810 4569 ad-

403 4576 523 4622 rem
542 4556 835 4633 rationem,
896 4567 1090 4622 vertit.
1136 4570 1312 4622 Porro
1371 4572 1426 4622 et
1485 4585 1627 4624 mss.
1656 4556 1885 4637 Inostri,
1940 4586 2055 4625 uno
2090 4556 2132 4620 D
2165 4567 2312 4622 dunt
2340 4569 2619 4623 Erasmus
2649 4572 2707 4623 et
2737 4556 3039 4624 Mari’anus
3079 4569 3139 4623 in
3192 4567 3299 4624 hoc
3354 4556 3809 4635 Commentario,

402 4637 1299 4720 Vaticanoexcepto,_qui_habet
1335 4655 1530 4720 unam
1589 4639 1685 4720 ad
1717 4657 1907 4720 unum,
1968 4642 2052 4720 sic

403 4711 740 4781 praeferunt,
761 4715 818 4765 et
841 4709 913 4765 ’ut
943 4709 1058 4765 alia
1082 4710 1353 4765 deessent
1383 4715 1751 4781 argumenta,
1786 4711 1866 4766 ita
1914 4713 2049 4767 red-

403 4779 589 4835 ditum
620 4797 657 4907 3.
686 4780 1057 4907 Symmacho,
1091 4782 1352 4836 subnexa
1382 4779 1742 4853 Hieronymi
1771 4783 2050 4856 expositio

402 4869 617 4925 persua
663 4869 691 4907 e
727 4895 740 4907 .
789 4923 801 4925 7
1046 4924 1051 4925 7
1214 4924 1219 4925 7
1414 4924 1417 4925 7
1715 4923 1727 4925 _

475 4925 497 4957 ³
521 4924 699 4979 Unum
724 4923 804 4978 ad
829 4939 1006 4978 unum
1030 4924 1281 4976 invenire
1308 4924 1601 4978 rationem.
1636 4923 1800 4979 Falso
1834 4925 1890 4979 in
1941 4944 2049 4982 an-
2082 4924 2090 4929 ’

402 4999 493 5050 tea
522 4995 700 5050 editis
726 4993 892 5065 libris
924 4992 1197 5065 legimus,
1239 5011 1410 5050 unam
1458 4996 1527 5049 ait
1586 5012 1755 5051 unam
1804 4999 2051 5055 inuenire

401 5067 688 5121 rationem.
724 5064 780 5118 Si
810 5065 965 5119 enim
1000 5080 1288 5134 ponamus
1321 5083 1494 5120 unam
1538 5067 1605 5121 ad
1662 5085 1851 5135 unam,
1901 5069 2050 5126 nihil

406 5137 583 5192 habet
611 5137 907 5207 diversum
940 5136 1349 5207 Symmachus.
1385 5154 1569 5207 neque
1620 5140 1877 5207 apertius
1927 5158 2047 5196 ser-

404 5223 636 5262 monem
674 5205 1424 5283 llebraaum'interpretatur
1443 5205 1635 5283 {quia
1656 5205 2047 5283 Hieronymus

401 5293 611 5352 genere
642 5293 881 5352 quoque
908 5278 1189 5352 feminino
1227 5279 1483 5335 reddidit
1512 5278 1681 5336 unum
1706 5283 1777 5337 ad
1832 5278 2006 5338 unam
2030 5303 2042 5352 ;

403 5350 559 5422 quod
592 5349 960 5422 manifestius
984 5367 1116 5406 cum
1141 5350 1491 5422 Symmacho
1523 5352 1791 5408 absolute
1822 5358 1878 5408 et
1905 5349 2044 5412 neu-'-

403 5419 627 5475 t’raliter
658 5420 967 5492 legendum
1002 5428 1109 5487 est,
1142 5419 1315 5477 unum
1346 5424 1419 5478 ad
1446 5441 1638 5479 unum.
1674 5426 1957 5481 MARTIAN.

473 5493 494 5527 ³
525 5492 823 5567 Palatinus
851 5494 997 5550 alter
1027 5494 1208 5558 addit,
1241 5499 1292 5549 et
1321 5494 1420 5550 hoc
1440 5498 1739 5567 requiram.

422 5598 431 5615 .
474 5567 493 5599 ⁸
524 5564 586 5618 In
620 5565 822 5619 eodem
855 5583 965 5620 ms.
1001 5567 1361 5633 illuminavit,
1395 5577 1449 5619 ct
1483 5564 1615 5621 mox
1669 5571 2042 5634 commutavit,

402 5636 579 5693 etiam
604 5636 777 5698 infra,
804 5636 905 5691 ubi
936 5636 1226 5692 locusiste
1258 5638 1558 5709 repetitur.

473 5737 543 5753 --
571 5708 710 5784 Quis
740 5709 820 5768 ita
846 5711 907 5767 ut
958 5710 1196 5784 sapiens,
1219 5707 1340 5768 etc.‘
1363 5708 1446 5769 Ex
1485 5708 1595 5768 hoc
1623 5707 1753 5769 loco
1782 5714 1841 5769 et
1863 5710 2046 5769 altero

2163 4655 2413 4709 quorum
2445 4640 2981 4696 additamentorum
3004 4639 3098 4695 hic
3119 4640 3498 4697 admonuisse
3528 4638 3804 4696 sufﬁciat.

2160 4714 2438 4766 MARTIAN.

2229 4784 2249 4816 ⁸
2283 4783 2367 4837 Ita
2400 4781 2686 4845 Victorius
2717 4799 2785 4837 ex
2814 4781 3184 4849 Florentinis,
3243 4780 3548 4849 Brixianis,
3582 4780 3807 4836 Roma-

2159 4852 2698 4926 nisquecodicibus
2730 4870 2938 4920 verum,
2972 4872 3073 4926 pro
3104 4856 3294 4910 virum
3326 4853 3597 4909 restituit.

2229 4926 2249 4960 θ
2278 4924 2497 4997 Vitiose
2524 4924 2792 4980 Martian.
2828 4924 3092 4982 Dicuntur
3117 4941 3271 4997 posse
3298 4941 3355 4980 se
3382 4926 3587 4997 solvere
3610 4941 3623 4991 ;
3674 4939 3790 4980 non

2159 5001 2353 5051 autem
2389 4996 2539 5052 male
2570 5002 2796 5052 veteres
2827 4998 2963 5052 editi
3007 4995 3231 5067 absque
3260 5012 3317 5051 se
3350 4995 3573 5051 vocula.

2231 5070 2271 5103 ¹⁰
2303 5070 2540 5123 Marcion
2596 5073 2647 5122 et
2697 5070 3037 5137 Valentinus,
3088 5066 3195 5124 etc.
3257 5068 3623 5123 Conditorem
3677 5066 3807 5121 uni-

2156 5139 2450 5195 versitatis
2483 5139 2701 5194 malum
2734 5140 3108 5212 principium,
3140 5141 3208 5201 Et
3237 5139 3419 5195 Deum
3454 5138 3674 5193 malum
3714 5138 3804 5193 di-

2158 5212 2324 5284 cebat
2355 5212 2632 5284 Marcion,
2668 5228 2799 5265 cum
2833 5212 3098 5284 seipsum
3117 5212 3352 5284 justum
3406 5213 3800 5284 ac__sanctum

2160 5283 2546 5360 proclamaret
2547 5280 3071 5360 impudentissima
3091 5280 3800 5360 blasphemiaNeritatem

2155 5352 2349 5409 carnis
2421 5353 2479 5426 in
2540 5352 2889 5426 Christoac
2938 5352 3246 5426 corporum
3310 5352 3803 5426 resurrectionem

2156 5426 2405 5498 negabat
2436 5425 2671 5498 sicutet
2701 5423 3066 5481 Valentinus.
3092 5423 3359 5498 Consule
3406 5424 3478 5479 de
3535 5423 3625 5479 his
3684 5424 3797 5478 Ire-

2156 5496 2369 5563 naeum,
2398 5496 2823 5552 Tertullianum
2856 5502 2913 5552 et
2943 5496 3356 5568 Epiphanium.
3389 5499 3665 5568 Maurus.

2228 5568 2261 5602 ¹ί
2292 5568 2398 5637 Qui
2428 5584 2526 5622 rec
2550 5568 2720 5622 Filius
2752 5569 2863 5635 Dei,
2899 5565 3007 5623 etc:
3041 5565 3102 5623 in
3136 5572 3307 5624 antea
3351 5566 3525 5623 editis
3584 5567 3685 5637 sic
3725 5565 3804 5621 le-

2153 5636 2349 5722 gimus
2370 5654 2400 5722 7:7
2432 5641 2537 5706 Qui
2566 5641 2844 5722 rer/ilius
2875 5641 3245 5722 Deus,_Palris
3276 5639 3418 5722 regis
3463 5645 3553 5722 est
3597 5636 3802 5722 Filius.

2158 5708 2328 5786 Hujus
2355 5712 2541 5786 itaque
2565 5708 2701 5772 Filii
2725 5708 3079 5773 custodienda
3094 5708 3372 5788 praecepta
3416 5716 3573 5782 sunt,
3628 5708 3807 5787 hujus
