3996 6404
233 404 394 470 1129

1263 402 1887 469 COMMENTARIUS
1931 402 2012 466 IN
2056 400 2657 466 ECGLESIASTEN.

3438 499 3443 503 θ
3483 368 3640 467 nec

230 534 404 608 cipue
444 540 667 605 monet,
721 553 793 592 ne
838 541 1181 607 tractemus,
1233 554 1412 610 quare
1469 539 1622 594 Deus
1664 553 1882 593 unum-
1910 543 1965 608 Α
1995 537 2277 604 vandum,
2311 540 2368 591 et
2397 534 2546 591 scire
2576 534 2740 607 quid,
2775 536 2832 589 et
2886 548 3086 606 quare,
3137 536 3195 589 et
3232 549 3347 607 quo
3378 538 3639 609 tempore

229 625 509 696 quodque
540 627 895 698 praeceperit,
930 627 1029 682 sed
1080 628 1472 699 quodcunque
1518 627 1726 683 viderit
1756 644 1883 682 esse

227 714 598 783 mandatum,
634 715 741 770 hoc
782 716 876 787 pia
924 732 1092 771 mens
1124 715 1381 771 hominis
1430 716 1673 788 implere
1723 716 1881 771 festi-

225 806 332 857 net
363 804 402 857 ί.
439 805 506 858 Et
535 802 593 858 in
628 803 753 874 lege
787 804 1013 859 Domini
1068 805 1181 860 erit
1223 804 1496 859 voluntas
1549 806 1698 875 ejus.
1739 804 1883 867 Quia

220 903 362 947 vero
411 892 798 964 Septuaginta
846 894 1017 949 aliter
1076 894 1527 957 transtulerunt,
1579 894 1881 950 dicentes:

226 998 261 1033 α
287 981 358 1036 Et
386 981 457 1036 de
504 982 845 1053 juramento
902 987 960 1038 et
1016 983 1087 1038 de
1131 984 1304 1037 verbo
1336 983 1433 1037 Dei
1476 999 1547 1037 ne
1579 982 1820 1038 festines
1851 999 1885 1037 a

224 1069 376 1125 facie
418 1071 548 1141 ejus
606 1070 1002 1133 ambulare”,-
1032 1092 1059 1121 »
1114 1072 1420 1127 sciendum
1474 1073 1881 1142 juramentum

224 1158 331 1215 Dei
364 1159 425 1214 in
457 1159 674 1215 divinis
706 1160 1109 1216 voluminibus
1143 1177 1270 1216 esse
1311 1159 1731 1233 conscriptum.
1766 1160 1883 1215 Hoc

227 1246 883 1319 itaquejuramentum,
916 1250 987 1303 de
1019 1249 1118 1303 Dei
1161 1250 1334 1304 verbo
1367 1265 1599 1304 sacrum
1631 1252 1686 1305 et
1716 1266 1883 1303 arca-

228 1352 398 1405 num,
430 1353 545 1392 non
578 1337 863 1392 debemus
895 1338 1346 1409 quibuscunque
1379 1353 1636 1403 narrare,
1671 1341 1727 1392 et
1759 1353 1885 1409 pro-

227 1423 382 1480 ferre
410 1424 471 1480 in
505 1425 785 1493 medium,
819 1430 875 1480 et
900 1427 1075 1481 citam
1108 1427 1179 1481 de
1209 1443 1275 1481 eo
1299 1427 1442 1481 ferre
1465 1426 1813 1482 sententiam
1838 1427 1878 1481 ³.

226 1512 451 1583 Neque,
484 1517 547 1568 ut
577 1514 824 1585 Moyses,
859 1515 1097 1569 festines
1138 1515 1331 1569 videre
1383 1515 1588 1569 faciem
1625 1514 1745 1581 Dei,
1778 1515 1879 1569 sed

224 1600 433 1656 tandiu
466 1602 711 1669 sustine,
746 1604 932 1657 donec
973 1603 1099 1674 ipse
1148 1608 1532 1674 pertranseat,
1562 1608 1619 1658 et
1649 1608 1881 1658 tantum

223 1688 358 1759 ejus
388 1690 711 1760 posteriora
767 1692 1119 1763 conspicias.
1179 1692 1414 1747 Necnon
1460 1696 1517 1747 et
1548 1691 1693 1746 illud
1727 1692 1881 1763 quod

229 1778 537 1848 sequitur:
574 1803 600 1829 ‹‹
634 1780 715 1835 Ne
773 1786 891 1836 stes
947 1783 1007 1837 in
1065 1781 1239 1836 verbo
1298 1780 1473 1851 malo,
1505 1782 1526 1814 ‘
1566 1786 1623 1836 et
1653 1785 1882 1849 caetera,

225 1882 409 1937 super
438 1884 504 1924 eo
562 1868 981 1942 intelligamus,
1043 1870 1144 1942 qui
1202 1870 1487 1926 haereseos
1517 1887 1711 1926 errore
1745 1887 1882 1942 prie-

223 1959 437 2011 ventus
466 1962 589 2013 est:
622 1957 708 2013 vel
742 1975 920 2031 super
948 1958 1070 2027 illo,
1105 1959 1207 2031 qui
1241 1976 1372 2014 cum
1406 1958 1673 2014 Ecclesiae
1706 1959 1881 2013 fidem

227 2043 462 2111 habeat,
493 2049 690 2102 tamen
751 2046 1002 2118 peccatis
1060 2047 1333 2115 vincitur,
1394 2052 1459 2102 ut
1488 2048 1565 2104 sit
1592 2046 1870 2103 infidelis.

225 2136 314 2188 Ne
344 2149 677 2205 perseveres
710 2135 769 2189 in
803 2136 1185 2201 detractione,
1241 2153 1344 2191 nec
1393 2136 1454 2191 in
1500 2134 1879 2206 turpiloquio,

223 2221 372 2277 luxu
389 2224 494 2293 [ΑΙ.
510 2221 782 2291 luxuria],
799 2225 1058 2291 avaritia,
1082 2224 1341 2280 libidine.
1367 2226 1526 2289 Quod
1552 2225 1597 2280 si
1614 2240 1882 2296 perseve-

224 2311 471 2379 raveris,
491 2328 590 2366 rex
605 2311 877 2367 vitiorum
898 2317 1073 2384 atque
1096 2313 1313 2383 peccati
1332 2312 1603 2369 diabolus
1621 2313 1882 2385 operabi-

218 2402 324 2455 tur
338 2399 724 2471 perditionem
748 2400 807 2455 in
828 2405 905 2466 te,
930 2407 986 2457 et
1005 2402 1175 2457 faciet
1190 2403 1586 2474 quodcunque
1607 2401 1877 2457 voluerit.

294 2510 326 2539 ‹‹
357 2487 465 2552 Qui
482 2489 741 2544 custodit
765 2492 1132 2557 mandatum,
1163 2508 1276 2545 non
1299 2496 1614 2562 cognoscet
1634 2492 1878 2546 verbum

218 2575 488 2633 malum:
524 2581 581 2632 et
613 2583 864 2650 tempus,
897 2583 953 2635 et
974 2579 1271 2650 judicium
1318 2580 1619 2652 cognoscit
1650 2597 1751 2635 cor
1780 2597 1879 2635 sa-

218 2665 468 2737 pientis.
535 2667 865 2723 Notandum
926 2670 1102 2739 quod,
1154 2684 1260 2723 non
1320 2678 1603 2738 cognoscet
1650 2669 1880 2725 verbum

218 2755 454 2823 malum,
489 2756 743 2827 positum
776 2760 865 2812 est
894 2774 998 2828 pro
1031 2773 1096 2811 eo
1129 2758 1284 2829 quod
1332 2762 1437 2825 est,
1468 2776 1576 2813 non
1605 2760 1875 2829 patietur,

221 2847 331 2897 aut
356 2858 466 2898 non
496 2843 602 2898 erit
631 2844 693 2898 in
746 2859 828 2899 eo.
889 2843 1190 2915 Siquidem
1254 2848 1311 2899 et
1366 2845 1435 2899 de
1467 2844 1763 2899 Salvatore
1794 2844 1881 2898 sic

221 2929 511 3002 scriptum
571 2936 699 2987 est:
764 2933 866 3000 Qui
939 2949 1045 2987 non
1122 2935 1348 2988 nouerat
1416 2942 1720 3004 peccatum,
1774 2948 1878 3004 pro

220 3018 431 3074 nobis‘
483 3023 767 3091 peccatum
819 3022 947 3091 fecit
1004 3022 1079 3093 (II
1130 3022 1249 3077 Cor.
1312 3039 1363 3091 v,
1420 3024 1534 3091 21).
1576 3026 1686 3077 Pro
1716 3023 1878 3078 verba

223 3123 462 3180 quoque
490 3109 879 3181 Symmachus
908 3126 1026 3165 rem
1056 3110 1473 3181 interpretatus
1502 3115 1611 3175 est,
1643 3111 1873 3166 dicens:

222 3197 337 3265 Qui
390 3198 710 3253 custodierit
776 3199 1118 3269 mandatum,
1199 3216 1306 3253 non
1393 3201 1706 3269 experietur
1762 3216 1877 3254 rem

1984 625 2212 695 jubeaL

2064 737 2090 763 ‹‹
2125 714 2270 777 Quia
2309 714 2468 767 omni
2522 712 2753 786 negotio
2812 718 2899 768 est
2955 717 3189 783 tempus
3242 713 3636 784 etjudicium,

1992 804 2241 859 AI‘IIictio
2273 804 2489 875 quippe
2520 802 2777 858 hominis
2808 803 2993 857 multa
3042 818 3273 874 semper
3311 818 3468 868 eum,
3501 803 3641 875 quia

1993 893 2178 947 nescit
2209 893 2364 963 quod
2392 893 2653 946 futurum
2687 895 2810 959 est;
2844 892 2996 947 sicut
3022 891 3178 947 enim
3209 892 3338 958 erit,
3372 892 3504 964 quis
3535 909 3637 947 an-

1991 982 2289 1036 nuntiabit
2343 980 2442 1037 ei?
2475 1003 2500 1029 ››
2558 980 2717 1035 Licet
2771 981 3002 1036 diversa
3056 981 3347 1046 eveniant,
3411 984 3469 1036 et
3521 996 3637 1037 non

1992 1069 2177 1140 possit
2196 1070 2399 1139 justus
2429 1069 2576 1125 scire
2608 1069 2747 1140 quid
2780 1069 2829 1124 ei
2865 1070 3131 1124 futurum
3171 1069 3269 1135 sit,
3302 1086 3405 1124 nec
3435 1069 3638 1143 singu-

1993 1158 2183 1213 larum
2216 1156 2378 1214 452-
2416 1174 2613 1213 rerum
2645 1174 2852 1213 causas
2884 1158 3251 1230 rationesque
3292 1175 3639 1232 cognoscere

1992 1247 2187 1316 (nemo
2218 1246 2373 1301 enim
2405 1249 2493 1301 est
2522 1246 2796 1301 conscius
2830 1248 3210 1319 futurorum),
3244 1253 3443 1304 tamen
3475 1248 3641 1305 scita

1993 1335 2109 1390 Deo
2141 1340 2351 1391 cuncta
2381 1334 2439 1390 in
2494 1334 2805 1390 utilitatem
2863 1334 3168 1391 hominum
3232 1336 3375 1403 fieri,
3436 1340 3493 1393 et
3521 1355 3639 1395 non

1991 1424 2214 1496 absque
2251 1425 2381 1495 ejus
2432 1423 2732 1479 voluntate
2781 1423 3033 1495 disponi.
3086 1424 3189 1479 Est
3238 1425 3393 1479 enim
3427 1442 3642 1498 magna

1990 1513 2227 1569 afﬂictio
2260 1514 2490 1585 generis
2522 1512 2788 1578 humani,
2821 1514 2961 1584 quia
2995 1517 3057 1567 ut
3090 1516 3257 1585 poeta
3285 1514 3369 1569 ait
3396 1514 3636 1584 (/Eneid.

1990 1618 2047 1669 x,
2081 1602 2208 1673 501)
2232 1618 2245 1655 :

2113 1736 2304 1785 Nescia
2333 1748 2484 1783 mens
2519 1734 2943 1784 bominumGI‘ati
2968 1736 3232 1798 sortisque
3267 1735 3478 1796 futurae,

1991 1857 2151 1913 aliud
2185 1861 2402 1929 sperat,
2443 1858 2720 1930 aliudque
2767 1860 2996 1914 evenit:
3029 1860 3101 1914 de
3148 1858 3330 1916 altero
3376 1859 3504 1915 loco
3535 1875 3636 1915 ex-

1992 1950 2217 2017 spectat
2245 1947 2496 2016 hostem,
2530 1951 2587 2001 et
2619 1946 2859 2003 alterius
2903 1947 3101 2018 jaculo
3138 1948 3496 2005 vulneratur.
3530 1948 3639 2004 Pro

1991 2052 2056 2091 eo
2088 2040 2283 2091 autem
2319 2036 2473 2106 quod
2509 2036 2890 2107 Septuaginta
2921 2037 3267 2108 lnterpretes
3298 2043 3353 2094 et
3382 2037 3639 2093 Theodo-

1989 2124 2070 2178 tio
2102 2124 2411 2179 dixerunt:
2451 2146 2477 2173 ‹‹
2512 2124 2659 2187 Quia
2687 2124 2934 2181 scientia
2963 2124 3222 2181 hominis
3254 2125 3438 2181 multa
3460 2138 3639 2198 super

1990 2228 2146 2278 eum,
2176 2233 2203 2261 ››
2239 2211 2297 2266 ἱη
2333 2212 2569 2267 Hebraeo
2599 2213 2879 2267 malitiam
2925 2212 3118 2279 habet,
3162 2230 3277 2269 non
3306 2216 3593 2269 scientiam
3615 2231 3636 2269 :

1990 2302 2087 2356 sed
2123 2301 2262 2372 quia
2292 2318 2395 2356 ass
2427 2307 2485 2357 et
2515 2318 2729 2356 DALETH
2760 2303 2780 2335 ⁷
2811 2301 3016 2357 litterae
3046 2301 3363 2369 Hebraicis,
3395 2306 3634 2374 excepto

1990 2407 2164 2462 parvo
2195 2390 2380 2462 apice,
2412 2390 2637 2445 similes
2668 2393 2826 2459 sunt,
2877 2408 2981 2462 pro
3036 2406 3215 2446 RAATH
3263 2392 3447 2463 (run),
3481 2389 3633 2463 lege-

1990 2485 2127 2534 runt
2166 2496 2344 2534 mare
2384 2480 2569 2550 (ny-1),
2601 2479 2659 2534 id
2709 2485 2816 2547 est,
2873 2495 2976 2550 pro
3024 2480 3264 2545 malitia,
3324 2480 3630 2535 scientiam.

1988 2569 2107 2623 Hoc
2139 2567 2346 2622 melius
2378 2568 2521 2622 sciet
2540 2567 2638 2639 qui
2665 2568 2928 2636 ejusdem
2953 2567 3166 2639 lingua:
3188 2567 3463 2623 habuerit
3482 2567 3633 2623 noti-

1986 2657 2150 2711 tiam.
2188 2656 2287 2712 llle
2334 2673 2567 2728 quoque
2615 2658 2769 2728 quod
2820 2655 2878 2710 in
2928 2656 3061 2710 ﬁne.
3093 2656 3302 2712 horum
3357 2672 3633 2712 versuum

1987 2746 2274 2817 scriptum
2304 2751 2412 2813 est,
2446 2768 2473 2794 ‹‹
2512 2745 2658 2809 Quia
2690 2745 2875 2800 nescit
2930 2745 3086 2816 quod
3127 2745 3346 2801 factum
3380 2744 3458 2801 sit
3488 2746 3547 2815 9;
3579 2746 3637 2801 et

1987 2834 2128 2905 qnid
2162 2835 2425 2889 futurum
2460 2834 2537 2889 sit
2566 2838 2699 2905 post
2728 2850 2885 2900 eum,
2921 2834 3057 2905 quis
3079 2834 3456 2891 annuntiabit
3478 2835 3531 2891 ei
3551 2835 3579 2889 ?
3606 2856 3634 2884 »

1987 2926 2058 2978 de
2088 2924 2264 2979 verbo
2326 2924 2398 2977 ad
2456 2924 2699 2977 verbum
2761 2939 2916 2977 nunc
2974 2940 3044 2978 ex
3100 2940 3368 2979 sermone
3397 2923 3635 2979 Hebrmo

1985 3011 2418 3080 transtulimus,
2455 3019 2519 3067 ut
2547 3028 2675 3067 esse
2706 3027 2945 3066 sensum
2990 3011 3240 3067 alterum
3273 3012 3633 3080 noverimus,

1986 3102 2141 3173 quod
2173 3100 2398 3156 scilicet
2428 3117 2531 3155 nec
2575 3117 2643 3155 ea
2690 3117 2815 3172 quae
2864 3099 3267 3171 praeterierint,
3317 3099 3466 3155 scire
3498 3116 3633 3172 pos-

1986 3207 2214 3255 sumus,
2245 3204 2349 3244 nec
2374 3204 2444 3244 ea
2474 3205 2601 3259 qum
2635 3188 2831 3243 futura
2861 3189 2999 3256 sint,
3034 3188 3115 3242 ita
3145 3192 3208 3242 ut
3240 3192 3380 3243 sunt
3410 3189 3631 3259 futura,

217 3286 454 3341 malam.
506 3285 784 3358 Praecepit
834 3295 1031 3342 autem
1083 3287 1235 3359 regis
1278 3288 1592 3359 imperium
1638 3303 1871 3342 conser-
1903 3284 1945 3350 C
1985 3294 2355 3351 cognoscere.

216 3408 503 3466 voluntati
521 3411 857 3482 parendum,
890 3419 1000 3465 etc.
1034 3411 1320 3465 MARTIAN.

301 3485 319 3554 ε
349 3481 473 3537 Duo
506 3481 649 3537 mss.
680 3485 916 3554 Imptere
944 3485 1188 3553 festinet,
1218 3486 1268 3538 et
1313 3484 1385 3538 sit
1416 3485 1474 3538 in
1507 3483 1624 3551 lege
1654 3484 1871 3540 Domini

219 3553 482 3625 voluntas
508 3555 645 3625 ejus.

296 3624 317 3658 ²
346 3626 413 3697 Et
442 3624 867 3697 deiuramento,
895 3630 1003 3697 etc.
1038 3624 1155 3679 Hoc
1186 3624 1322 3680 item
1351 3624 1477 3680 loco
1511 3632 1716 3697 praeter
1744 3644 1874 3681 ver-

220 3694 480 3753 siculum
501 3696 763 3751 Graecum
791 3696 1083 3767 superflue
1106 3697 1421 3767 adjectum,
1450 3694 1679 3752 mutant
1698 3698 1872 3753 etiam

223 3714 480 3753 smmum
501 3714 763 3751 urmcum
791 3714 857 3751 su
905 3714 1083 3751 ernue
1106 3714 1421 3767 anjccmm,
1450 3714 1679 3752 mutant
1698 3714 1872 3753 etiam

223 3771 562 3841 contextum
597 3784 830 3841 sacrum
865 3714 1000 3823 EXX
1034 3768 1443 3839 Interpretum,
1479 3768 1773 3841 legentes:
1804 3771 1877 3825 De

220 3838 388 3895 verbo
409 3841 721 3910 juramenti
751 3840 846 3893 Dei
874 3855 942 3894 ne
979 3838 1219 3909 festines,
1275 3845 1383 3894 etc.
1413 3857 1425 3905 ;
1461 3838 1595 3895 cum
1632 3842 1875 3895 manife-

224 3910 493 3983 stissime
522 3911 934 3983 comprobetur
956 3928 1029 3983 ex
1078 3911 1509 3983 Commentario
1542 3911 1877 3983 Hieronymi

228 3981 405 4054 aliter
433 3998 611 4054 quam
644 3982 799 4053 apud
834 3982 971 4054 LXX
1002 3982 1396 4054 conscriptum
1432 3984 1616 4038 fuisse
1649 3984 1705 4037 in
1740 3981 1882 4038 divi-

232 4051 781 4125 nisvoluminibus,
816 4053 1056 4119 scilicet,
1091 4054 1155 4107 de
1175 4051 1492 4125 ju'ranzento
1524 4056 1641 4118 Dei,
1666 4056 1787 4109 sive
1818 4054 1881 4109 de

229 4124 394 4180 verba
415 4125 725 4196 jura-menti
753 4126 884 4185 Dei;
944 4141 1058 4196 non
1099 4124 1181 4179 de
1207 4127 1521 4196 juramento
1550 4126 1694 4180 etde
1728 4126 1882 4181 verbo

233 4197 367 4262 Dei,
411 4195 909 4267 quemadmodum
942 4195 1244 4267 legebatur
1273 4196 1331 4249 in
1370 4197 1507 4251 LXX
1553 4196 1886 4252 Translato-

234 4280 371 4338 rum
399 4266 672 4324 editione.
714 4267 990 4338 Quisquis
1018 4266 1219 4338 igitur
1262 4267 1355 4322 hic
1401 4269 1663 4323 animum
1697 4273 1886 4324 atten-

233 4337 410 4407 derit,
452 4356 649 4393 veram
706 4356 834 4394 essc
882 4337 1186 4393 lectionem
1236 4339 1499 4394 omnium
1551 4357 1690 4395 mss.
1725 4340 1888 4395 codi-

234 4425 373 4467 cum
407 4410 713 4465 nobiscum
746 4414 1039 4481 agnoscet.
1075 4411 1360 4465 MARTIAN.

311 4480 619 4550 -—Omnes,
634 4480 851 4553 quibus
871 4481 1091 4536 utimur
1111 4498 1254 4553 mss.
1273 4482 1885 4551 afacieDeiambulare.

311 4553 334 4587 ³
372 4553 445 4608 De
469 4569 528 4608 eo
557 4557 704 4623 ferre
733 4555 1084 4608 iententiam.
1113 4552 1342 4625 Aliquot
1363 4554 1720 4625 exemplaria
1743 4570 1889 4608 mss.

1981 3402 2129 3458 libro
2160 3404 2388 3456 decimo
2419 3400 2677 3455 (Eneidos
2708 3399 2994 3472 scriptum
3022 3399 3136 3473 legi
3165 3401 3265 3455 501
3299 3417 3311 3455 :

2104 3491 2218 3547 Quo
2249 3503 2393 3539 nunc
2423 3490 2635 3538 Turnus
2665 3494 2787 3537 ovat
2819 3489 3011 3552 spolio,
3059 3490 3362 3552 gaudetque
3405 3490 3632 3552 potitus.

2108 3554 2295 3601 Nescia
2322 3567 2473 3601 mens
2503 3552 2786 3616 hominum
2815 3551 2926 3611 fati,
2957 3553 3222 3616 sortisque
3263 3551 3474 3603 futuris.

2107 3616 2169 3664 Et
2199 3629 2410 3664 servare
2447 3615 2682 3673 modum,
2715 3614 2876 3663 rebus
2907 3615 3117 3663 sublata
3138 3614 3427 3663 ‘secundis.

2108 3679 2287 3727 Turno
2317 3682 2531 3740 tempus
2556 3678 2672 3735 erit,
2703 3690 2897 3740 magno
2928 3691 3048 3726 cum
3078 3678 3341 3740 optaverit
3364 3681 3624 3740 emptum.

2113 3742 2372 3789 Intactum
2405 3739 2660 3800 Pallanta,
2691 3739 2813 3789 ctc.’
3054 3739 3343 3802 (Maurum)

2057 3849 2076 3882 ⁷
2115 3850 2173 3903 In
2216 3865 2361 3903 mss.
2413 3848 2568 3919 quod
2630 3846 2848 3919 passim
2910 3845 3045 3901 alibi
3105 3846 3505 3914 observamus,
3547 3850 3636 3901 est

1991 3921 2380 4045 Degelttllartian.
2416 3989 2574 4054 Dath,
2607 4004 2710 4060 pro
2770 3988 2965 4057 Daath,
3018 3989 3172 4059 quod
3232 4006 3375 4044 mss.
3431 4001 3651 4043 omnes

2034 4080 2105 4117 rae
2116 4063 2324 4116 ferunt.
3642 4104 3649 4111 ,

1992 4081 2324 4136 prauorum.

2063 4136 2083 4167 θ
2114 4135 2257 4202 Quia
2292 4135 2463 4187 nescit
2507 4132 2647 4203 quod
2692 4134 2899 4203 factum
2936 4136 3023 4186 sit.
3074 4129 3247 4186 Nulla
3288 4136 3376 4187 est
3406 4131 3465 4186 in
3499 4130 3641 4186 LXX

1996 4203 2412 4287 lnterprctibus
2446 4202 2663 4287 mentio
2694 4202 3371 4287 rerum‘pr‘zeteritarum,
3407 4205 3507 4259 sed
3540 4219 3640 4257 ne-

1996 4294 2110 4347 que
2152 4274 2213 4330 in
2252 4276 2485 4331 Ilebrzeo
2517 4275 2817 4337 hodierno,
2851 4275 2951 4329 ubi
2986 4274 3236 4347 legimUS
3262 4283 3644 4347 τνττπλιηκτ)

1995 4346 2183 4406 Tum?!
2223 4360 2317 4407 ni:
2356 4347 2415 4402 Ιίὶ
2458 4363 2678 4401 enennu
2726 4347 2878 4401 ioclea
2922 4363 3014 4400 ma
3064 4346 3343 4410 srheiihie,
3396 4346 3504 4400 hoc
3534 4349 3644 4410 est,

1997 4422 2267 4500 φαίη-κηοη
2300 4420 2616 4500 ipsesriens
2672 4418 2803 4500 quid
2859 4418 2998 4489 quod
3054 4419 3305 4500 futurum
3354 4421 3450 4500 est:
3483 4415 3647 4500 cogit

2001 4487 2105 4546 nos
2137 4491 2331 4560 itaque
2363 4487 2694 4562 Hieronymi
2730 4487 2982 4562 praesens
3014 4487 3473 4562 observatio,_ut_
3496 4487 3647 4541 dica-

2001 4579 2136 4617 mus
2164 4558 2356 4633 ipsum
2378 4558 2667 4632 legissein
2692 4558 2981 4633 praeterito
3005 4560 3157 4633 quod
3187 4559 3422 4633 nuncin
3448 4558 3651 4633 futuro

235 4620 447 4710 legunt
492 4620 696 4695 referre
725 4626 1102 4710 sententiam;
1157 4620 1435 4680 Erasmus
1484 4620 1882 4693 et'Marianus,

2006 4620 2233 4710 legitur,
2268 4634 2323 4710 id
2358 4620 2879 4710 estllegissehjﬁw
2910 4620 3183 4710 scite/tuin,
3218 4628 3358 4701 quod
3385 4630 3493 4699 fuit
3524 4628 3647 4710 sive

232 4697 492 4768 proferre
521 4698 870 4768 sententiam.
906 4700 1189 4751 Maurum.

282 4766 635 4823 WMartian.
692 4767 854 4838 addit
894 4768 1052 4833 Deus,
1086 4782 1261 4836 quam
1292 4783 1491 4823 vocem
1526 4783 1715 4838 neque
1746 4783 1889 4821 mss.

239 4839 457 4906 nostri,
489 4855 677 4910 neque
708 4837 854 4893 alias
883 4838 1023 4893 editi
1050 4838 1181 4893 libri
1234 4838 1486 4893 habent:
1546 4837 1735 4910 neque
1766 4844 1895 4893 tan-

240 4911 381 4967 dem
409 4910 535 4982 ipse
569 4910 830 4982 agnoscit
873 4911 1185 4982 Scriptores
1218 4914 1429 4964 textus.

317 5011 387 5021 ——-
420 4980 552 5050 Quis
596 4980 707 5037 non
753 4991 981 5037 noverat
1004 4980 1321 5052 ‘peccatum.
1367 4980 1709 5035 Corbienses
1751 4997 1894 5034 mss.

240 5053 515 5109 codices:
546 5054 654 5121 Qui
706 5068 833 5108 cum
889 5069 999 5108 non
1057 5054 1382 5123 cognovisset
1427 5060 1726 5123 peccatum,
1762 5053 1900 5107 Deus

237 5140 346 5201 pro
372 5126 534 5201 nobis
556 5127 1018 5201 peccatumfecit.
1054 5124 1341 5201 Maurum.

320 5197 341 5230 ⁵
372 5196 512 5251 Mss.
540 5198 647 5264 Qui
674 5197 915 5251 custodit
953 5195 1297 5250 mandatum.
1328 5199 1435 5249 etc.

294 5268 343 5313 νδ
371 5268 560 5323 Nescia
593 5284 743 5322 mens
774 5268 1081 5332 hominum,
1116 5273 1225 5321 etc.
1280 5266 1445 5320 Hunc
1488 5281 1722 5319 versum
1759 5263 1904 5319 falso

247 5355 370 5395 9x1
417 5340 678 5394 AEneidos
745 5340 947 5393 recitat
1002 5336 1351 5393 Ambrasius
1407 5336 1742 5407 Calepinus,
1802 5335 1904 5406 qui

248 5425 435 5466 causa
464 5410 606 5466 mihi
648 5410 757 5465 fuit
790 5416 852 5465 ut
882 5410 974 5464 his
1004 5411 1297 5481 integrum
1332 5427 1348 5462 1
1392 5407 1609 5481 librum
1654 5408 1909 5481 xEneidos

248 5497 423 5539 casso
455 5481 653 5537 labore
716 5482 1092 5553 perlegerem.
1131 5478 1260 5535 "Alii
1313 5479 1630 5551 scriptores
1662 5478 1910 5553 recitant

247 5554 492 5628 quidem
514 5550 786 5628 eumde
810 5550 1161 5608 versiculum
1191 5552 1325 5628 ;_sed
1355 5550 1468 5628 non
1492 5550 1911 5628 monentunde

248 5621 531 5699 sumptus
563 5626 657 5682 sit.
689 5626 803 5699 Ego
852 5631 1049 5682 autem
1097 5623 1604 5699 perhumanitcra
1645 5623 1709 5677 Β.
1746 5621 1914 5678 Patre

244 5693 524 5763 Comitum:
553 5713 673 5757 soe.
706 5693 844 5752 Jbsu
895 5693 1299 5768 praemonitus.
1344 5693 1602 5752 Maronis
1627 5708 1757 5753 esse
1784 5708 1912 5750 ver-

250 5788 390 5831 snm
443 5769 515 5827 ab
578 5770 928 5842 Hieronymo
990 5768 1296 5825 recitatum
1359 5768 1674 5841 comperio,
1736 5768 1913 5839 atque

594 5899 857 5965 Ρλτηοι..
902 5895 1118 5963 XXIII.

2002 4698 2140 4786 quod
2168 4709 2379 4786 factum
2407 4714 2502 4786 est,
2533 4698 2638 4786 pro
2671 4704 2954 4786 hodierno
2997 4698 3241 4786 Hebraeq
3272 4698 3459 4786 ninia:
3488 4698 3647 4786 sche-

2004 4771 2330 4847 iihie,'quod
2359 4778 2483 4839 erit,
2516 4771 2635 4831 sive
2676 4773 2815 4847 quod
2865 4772 3263 4847 futurumuest.
3299 4771 3647 4847 Hieronymo

2007 4842 2238 4920 quoque
2269 4850 2552 4902 consonat
2572 4842 2753 4916 Syrus
2776 4842 3092 4920 interpres,
3112 4843 3350 4898 dicens:
3381 4842 3648 4920 Quoniam

2006 4915 2225 4987 ignorat
2260 4920 2377 4989 quis
2405 4915 2665 4981 evenerit,
2726 4919 2799 4989 et
2842 4916 2972 4989 quid
3010 4923 3335 4989 eventurum
3364 4915 3435 4968 sit
3457 4915 3511 4968 ei
3534 4920 3654 4983 post

2008 4985 2213 5059 ipsum,
2266 4985 2394 5059 'quis
2451 4989 2678 5042 indicet
2709 4988 2802 5041 illi
2830 4985 2862 5059 .9:
2911 4986 3076 5057 Legit
3113 5002 3248 5057 ergo
3297 4985 3477 5059 Syrus
3508 4993 3658 5059 ικζῚΠἸ

2008 5010 2027 5045 t
2048 5010 2213 5056 )sum,
2274 5010 2394 5059 quur
2451 5010 2653 5042 mulcet
2709 5010 2799 5041 m1
2830 5010 2850 5040 ,ν
2911 5010 3076 5057 Legit.
3113 5010 3248 5057 ergo
3297 5010 3477 5056 Syrus
3508 5010 3655 5044 Nion

2008 5010 2209 5124 (la/mo,
2233 5061 2375 5132 quod
2397 5061 2529 5129 fuit,
2554 5059 2609 5114 in
2631 5058 2919 5132 praeterito
2941 5074 2953 5111 :
2976 5064 3037 5132 et
3053 5074 3167 5132 non
3196 5066 3373 5132 Njfu‘t
3392 5054 3656 5121 dinehue,

2011 5134 2153 5205 quod
2181 5127 2438 5204 futurum
2468 5139 2562 5185 est.
2596 5127 2677 5185 ΕΞ(
2710 5130 2801 5183 his
2836 5145 3005 5199 porro
3025 5128 3211 5199 liquet
3240 5127 3660 5205 Hieronymum

2012 5196 2069 5260 in
2104 5196 2372 5258 contextu
2426 5219 2591 5257 sacro
2638 5196 2957 5272 coepta—sse
2990 5216 3050 5254 se
3088 5196 3501 5272 consuetudini
3532 5196 3666 5272 LXX

2015 5277 2403 5346 Interpretum
2432 5291 2444 5340 ;
2478 5274 2537 5327 in
2570 5270 3000 5328 Commentario
3031 5276 3244 5346 autem
3278 5271 3350 5324 de
3391 5270 3660 5346 verboad

2015 5339 2255 5403 verbum
2289 5363 2357 5401 ex
2389 5339 2625 5400 Hebraeo
2659 5359 2929 5399 sermone
2978 5340 3352 5413 transtulisse
3392 5342 3548 5413 quod
3580 5339 3669 5413 lya-

2057 5421 2191 5474 ebat
2208 5419 2265 5472 in
2283 5418 2405 5471 suis
2421 5415 2874 5487 exemplaribus,
2892 5419 2992 5469 aut
3016 5412 3666 5487 in_HexaplisUrigenis.

2071 5507 2220 5561 eque
2250 5504 2383 5561 vero
2417 5485 3367 5561 aliterflegebatcum_Vulgatam
3402 5490 3669 5561 nostram

2022 5555 2222 5635 postea
2254 5560 2422 5635 nobis
2451 5555 2695 5635 edidito
2740 5555 3077 5635 purissimis
3126 5556 3345 5635 Hebraei
3372 5556 3665 5635 sermonis

2023 5629 2321 5701 fontibus;
2365 5631 2506 5687 dicit
2563 5629 2757 5686 enim:
2811 5629 2955 5702 Quia
3010 5631 3227 5702 ignorat
3274 5630 3583 5702 praeterita,
3618 5634 3673 5685 et

2021 5709 2215 5779 futura
2241 5700 2395 5760 nullo
2424 5704 2564 5760 scire
2588 5704 2765 5777 potest
2788 5701 3010 5759 nuntio.
3034 5700 3332 5760 Μυρτίω.

3281 5884 3359 5950 36
