3996 6400
415 380 562 443 1131

1655 383 1716 442 S.
1767 381 2069 444 EUSEBII
2117 381 2580 443 IllEltONYMl.

3649 374 3820 436 1132

487 537 514 565 ‹‹
549 514 674 570 Non
705 517 794 570 est
823 514 996 569 homo
1029 517 1376 586 potestatem
1411 515 1633 569 habens
1655 515 1712 568 in
1746 515 2048 585 spiritum,
2083 517 2134 582 Α
2167 515 2596 570 restituerentur
2625 515 2678 568 in
2717 519 2883 578 terra,
2917 513 3016 584 qui
3067 517 3122 566 et
3151 528 3282 566 cum
3326 509 3600 576 viverent,
3633 512 3820 580 puta-

413 607 478 658 ut
509 603 812 674 prohibeat
855 603 1149 674 spiritum,
1203 607 1258 657 ct
1307 621 1420 658 non
1470 608 1558 658 est
1605 607 1811 674 potens
1863 603 1920 657 in
1961 604 2054 658 die

413 693 636 758 mortis,
671 697 726 746 et
761 709 870 747 non
905 696 992 746 est
1021 693 1257 747 emissio
1291 693 1346 746 in
1383 692 1554 756 bello,
1589 699 1777 746 etnon
1807 692 2055 746 salvabit

411 780 680 851 impietas
703 781 1012 834 habentem
1039 798 1118 834 se.
1147 803 1173 828 ››
1197 781 1318 834 Non
1344 785 1430 835 est
1459 781 1516 834 in
1549 787 1828 851 potestate
1857 783 2054 834 anima

413 873 630 934 nostra,
665 885 734 922 ne
767 870 1064 924 auferatur
1103 888 1136 923 a
1181 870 1369 934 nobis,
1395 873 1450 922 et
1479 870 1812 938 egrediente
1847 870 1914 923 ad
1947 870 2052 922 im-

409 957 634 1029 perium
669 958 682 990 ¹
716 957 944 1012 Domini
975 957 1204 1028 spiritu.
1243 957 1382 1011 nihil
1418 958 1652 1028 prodest
1683 975 1786 1012 ora
1817 957 2052 1012 conclu-

409 1045 566 1112 dere,
589 1044 836 1099 etvitam
855 1044 1102 1098 retinere
1120 1045 1457 1115 fugientem.
1474 1044 1552 1098 Cu
1565 1061 1738 1115 mque
1758 1044 2052 1106 interitus.

413 1132 685 1188 inimicus
717 1133 842 1187 vita:
873 1139 1079 1186 nostra:
1111 1139 1167 1186 et
1197 1133 1380 1186 hostis
1430 1133 1751 1198 advenerit,
1787 1133 2052 1186 inducias

413 1221 672 1292 accipere
717 1239 832 1275 non
885 1238 1218 1291 possumus.
1274 1221 1387 1274 Nec
1439 1238 1602 1292 reges
1649 1222 1946 1292 quondam
1993 1223 2084 1276 in.

412 1311 644 1378 saeculo,
679 1315 733 1364 et
754 1310 950 1364 omnia
973 1315 1169 1364 nostra
1191 1310 1488 1379 impietate
1513 1315 1827 1378 vastantes,
1853 1311 2053 1364 obvias

413 1400 584 1455 morti
635 1399 844 1453 inferre
889 1399 992 1468 [ΑΙ.
1049 1398 1214 1466 ferre]
1269 1414 1516 1452 manus:
1570 1397 1670 1452 sed
1705 1399 1762 1452 in
1796 1399 2050 1452 cinerem

411 1495 746 1559 terramque
777 1486 1090 1541 solvamur.
1123 1487 1245 1540 Non
1300 1493 1387 1542 est
1435 1503 1570 1558 ergo
1625 1487 1968 1556 lugendum,
2005 1489 2052 1541 si

412 1579 606 1633 futura
636 1577 783 1631 scire
817 1593 926 1630 non
961 1593 1297 1646 possumus,
1332 1581 1387 1630 et
1418 1593 1567 1645 smpe
1601 1577 1670 1630 ab
1707 1577 1926 1646 iniquis
1961 1595 2052 1647 po-

409 1665 1234 1736 tentioribusopprimamur’,
1262 1682 1394 1718 cum
1421 1669 1604 1718 morte
1628 1665 1822 1718 omnia
1849 1665 2052 1719 finian-

407 1761 523 1824 tur,
557 1759 612 1809 et
639 1755 927 1824 superbus
963 1757 1018 1806 et
1049 1759 1271 1822 potens,
1327 1753 1426 1824 qui
1479 1758 1689 1806 cuneta
1737 1753 2050 1824 populatus

407 1849 520 1910 est,
545 1860 660 1898 non
679 1841 866 1896 valeat
879 1842 1136 1895 animam
1161 1858 1326 1896 suam
1349 1841 1615 1906 retinere,
1637 1859 1770 1896 curn
1801 1843 2046 1913 rapitur.

405 1933 618 1988 Aliter:
653 1931 924 2003 Spiritus,
948 1931 1044 2001 qui
1074 1931 1344 1986 universa
1367 1932 1688 2002 dispensat,
1721 1949 1832 1986 non
1863 1937 2052 2002 potest

407 2022 562 2077 453
603 2039 636 2076 a
696 2037 992 2091 quoquam
1051 2019 1356 2074 hominum
1421 2019 1732 2090 prohiberi,
1794 2027 1848 2074 et
1893 2020 2051 2091 10893

409 2110 668 2181 accipere
695 2108 977 2180 spirandi.
1039 2109 1116 2164 De
1175 2125 1288 2178 quo
1348 2114 1402 2162 et
1459 2126 1636 2178 supra
1667 2109 1885 2162 dictum
1923 2115 2047 2164 est:

412 2223 434 2250 α
469 2201 675 2254 Girans
707 2198 946 2270 girando
1005 2197 1161 2251 vadit
1218 2197 1541 2268 spiritus.»
1603 2197 1666 2252 In
1724 2199 1814 2251 die
1848 2198 2053 2252 mortis

411 2306 524 2343 non
557 2303 766 2342 sumus
799 2289 1095 2357 potentes:
1131 2285 1188 2338 in
1219 2286 1311 2339 die
1360 2286 1514 2340 enim
1547 2285 1674 2339 vitae.
1709 2285 1874 2340 facile
1907 2286 2050 2340 vita—

411 2381 506 2432 tur
535 2375 832 2430 inimicus.
866 2373 1142 2429 Similiter
1173 2373 1271 2444 qui
1305 2373 1361 2428 in
1393 2373 1544 2427 bello
1577 2379 1682 2438 est,
1719 2380 1774 2428 et
1809 2391 1922 2430 non
1957 2374 2052 2428 ba-

409 2467 508 2520 bet
540 2465 634 2520 Dei
667 2481 888 2536 pacem,
921 2481 1046 2534 qua:
1080 2469 1314 2533 superat
1366 2480 1598 2517 omnem
1641 2481 1903 2530 sensum,
1938 2481 2052 2518 non

410 2554 646 2610 habebit
676 2554 1074 2618 emissionem,
1108 2553 1178 2607 de
1225 2569 1342 2622 qua
1373 2553 1444 2606 ad
1489 2569 1764 2624 sponsam
1797 2553 2048 2606 dicitur:

411 2646 739 2699 Emissiones
821 2651 928 2698 tua:
994 2641 1288 2713 paradisus
1345 2657 1467 2695 cum
1519 2645 1702 2710 [ructu
1763 2659 2048 2712 pomorum

411 2733 593 2802 (Cant.
635 2733 732 2802 ιν).
769 2731 837 2785 Et
866 2730 1005 2800 quia
1033 2729 1304 2801 impietas
1337 2747 1448 2784 non
1483 2729 2054 2785 salvabithabentcm

413 2821 700 2892 se,pietas
729 2836 760 2874 e
785 2819 1017 2890 regione
1060 2818 1332 2873 salvabit.
1389 2819 1582 2872 Potest
1629 2819 1900 2890 impietas
1932 2819 2055 2873 dia-

413 2909 584 2966 bolus
637 2907 939 2981 appellari,
988 2911 1044 2962 et
1091 2907 1276 2979 pietas
1323 2907 1604 2962 Dominus
1653 2914 1850 2962 noster
1883 2909 2055 2962 Jesus

415 2999 702 3056 Christus.

497 3113 516 3138 α
555 3088 764 3144 Omnia
795 3088 916 3142 haec
947 3086 1082 3152 vidi,
1118 3091 1174 3140 et
1203 3086 1336 3140 dedi
1389 3103 1486 3140 cor
1539 3103 1734 3141 meum
1785 3088 1842 3140 in
1891 3104 2062 3141 omne

423 3196 591 3252 opus,
623 3178 780 3250 quod
813 3179 1030 3232 factum
1064 3181 1151 3232 est
1189 3177 1298 3230 sub
1331 3175 1468 3242 sole,
1504 3181 1560 3230 et
1609 3177 1944 3231 dominatus
1976 3181 2064 3230 est

2164 605 2377 658 bantur
2409 605 2566 674 digni
2629 604 2880 658 Ecclesia
2916 604 2935 636 ⁵
2993 607 3049 656 ct
3107 599 3322 671 templo
3383 597 3502 666 Dei,
3569 597 3821 670 insuper

2163 692 2534 746 ambulantes
2589 693 2820 756 tumidi,
2883 691 3278 744 laudal‘iantur
3335 687 3392 742 in
3451 685 3624 742 malis
3659 687 3814 752 suis,

2164 783 2314 833 sicut
2371 782 2649 851 scriptum
2711 785 2798 832 est
2828 782 2892 833 δε
2961 779 3236 832 Laudatur
3293 779 3440 830 enim
3469 785 3722 846 peccator
3755 777 3816 828 in-

2161 871 2446 922 ilrsi-Ii’riis
2479 873 2683 923 animm
2709 887 2839 928 mur,
2874 873 2923 922 ct
2957 871 3052 938 qui
3091 870 3280 936 iniqua
3341 868 3494 936 gerit.
3539 865 3814 919 benedici-

2165 965 2255 1013 tur
2311 961 2477 1028 (Paul.
2507 977 2578 1020 ix,
2603 961 2715 1010 ‘3’:
2745 959 2858 1011 lloc
2883 961 3076 1009 autem
3101 961 3404 1026 propterea
3435 954 3643 1014 evenit.
3673 955 3815 1024 quia

2166 1065 2334 1102 nemo
2369 1049 2740 1117 [narrantibus
2772 1048 2944 1100 audet
2979 1045 3368 1100 Contradicere
3397 1045 3438 1108 τ,
3473 1061 3576 1098 nec
3609 1043 3812 1098 statim

2163 1136 2352 1190 scelus
2389 1136 2686 1188 ulciscitur
2717 1137 2887 1196 Deus,
2923 1136 3016 1186 sed
3055 1135 3246 1187 ditl'rrt
3269 1149 3522 1203 pinnam,
3553 1133 3694 1186 dum
3719 1149 3814 1187 ex-

2164 1231 2380 1294 spectat
2415 1227 2835 1296 pwnitcntium.
2875 1225 3208 1277 l‘ecrntores
3259 1229 3474 1287 autem,
3507 1221 3652 1276 {cuia
3683 1237 3802 1276 non

2165 1316 2359 1368 statim
2395 1314 2582 1383 arguti
2617 1319 2792 1384 atque
2824 1314 3070 1382 correpti
3105 1317 3261 1370 sunt.
3299 1315 3568 1382 putantes
3595 1327 3816 1381 nequa-

2164 1421 2336 1474 quam
2371 1405 2630 1456 futurum
2663 1421 2790 1456 esse
2815 1402 3130 1471 judicium,
3185 1401 3238 1452 in
3293 1399 3508 1455 scelere
3539 1413 3812 1470 perseve-

2167 1498 2311 1546 rant.
2349 1492 2666 1546 Possumus
2709 1493 2814 1544 hoc
2865 1489 3198 1544 testimonio
3249 1489 3330 1542 uti
3383 1489 3658 1542 adversus
3691 1487 3812 1558 epi-

2163 1599 2390 1651 Sr.opos,
2428 1582 2524 1651 qui
2561 1585 2907 1648 acceperunt
2941 1579 2992 1632 in
3049 1579 3306 1632 Hei-lasia
3359 1581 3729 1649 potestatem,
3753 1579 3816 1630 et

2164 1669 2562 1722 scanulalizant
2598 1671 2781 1736 magis
2813 1687 2934 1734 cos,
2971 1685 3118 1738 quiis
3153 1669 3356 1720 docere
3388 1671 3442 1720 et
3472 1667 3542 1720 ad
3573 1665 3818 1720 meliora

2163 1761 2484 1812 ili-buerant
2511 1759 2766 1810 inritare.
2795 1758 2857 1809 lii
2889 1758 3217 1826 frequenter
3239 1755 3390 1810 454
3415 1759 3542 1825 post
3563 1757 3812 1809 mortem

2165 1849 2477 1901 laudantur
2539 1848 2592 1900 in
2659 1847 2925 1906 Ecclesia,
2987 1851 3040 1898 et.
3073 1845 3218 1898 beati
3281 1845 3338 1898 in
3390 1843 3502 1910 his,
3536 1859 3658 1914 qua:
3693 1857 3812 1896 non

2167 1935 2544 2006 probabiliter
2579 1937 2850 1994 fecerant,
2889 1935 3116 2004 publice
3149 1935 3266 1987 sive
3295 1931 3812 1994 asucccssoribus,

2163 2028 2284 2080 sive
2311 2043 2344 2078 a
2374 2024 2604 2094 populis
2641 2024 3056 2094 pra‘ilicantur.
3099 2025 3166 2076 Et
3217 2024 3320 2076 hoc
3369 2021 3560 2091 itaque
3589 2035 3814 2074 vanum

2163 2119 2288 2178 est;
2325 2115 2463 2183 quia
2495 2114 2646 2166 enim
2683 2131 2794 2166 non
2842 2119 2902 2166 at
2954 2119 3217 2178 cperunt,
3272 2113 3354 2166 sic
3405 2109 3669 2174 audiunt,
3705 2124 3814 2163 nec

2165 2205 2360 2258 statim
2404 2202 2802 2272 eorripiuntur
2835 2203 2887 2254 in
2941 2207 3171 2270 peccato
3225 2217 3330 2254 suo
3376 2203 3565 2268 (nemo
3594 2197 3814 2268 quippe

2165 2293 2338 2346 audet
2370 2309 2644 2346 accusare
2669 2292 2992 2360 majorem),
3019 2295 3319 2360 propterea
3357 2287 3520 2358 quasi
3549 2285 3732 2341 sancti
3756 2287 3818 2339 et

2165 2381 2341 2447 beati,
2373 2385 2426 2434 et
2460 2380 2516 2434 in
2553 2383 2854 2450 praccptis
2891 2379 3116 2433 Domini
3171 2377 3561 2440 ambulantes,
3594 2377 3816 2446 augent

2167 2473 2398 2540 peccata
2429 2468 2700 2538 peccatis.
2749 2467 3013 2520 Difﬁcilis
3047 2473 3134 2520 est
3181 2463 3470 2519 accusatio
3499 2463 3556 2516 in
3589 2463 3814 2533 episco-

2167 2577 2326 2629 pum.
2363 2559 2418 2612 Si
2449 2557 2552 2622 [ΛΖ.
2590 2558 2654 2610 Et
2685 2557 2756 2624 sil,
2791 2556 2946 2609 enim
2995 2555 3333 2626 peccavi-rit,
3387 2569 3502 2607 non
3533 2551 3816 2616 creditur,

2167 2653 2218 2700 ct
2254 2647 2298 2700 si
2335 2646 2632 2700 convictus
2665 2646 2859 2708 fuerit,
2907 2663 3020 2698 non
3055 2645 3316 2715 punitur.

2239 2761 2262 2782 ‹‹
2303 2735 2446 2798 Quia
2479 2739 2746 2805 peccator
2778 2733 2912 2788 facit
2945 2733 3162 2788 malum
3217 2731 3456 2797 centies,
3501 2733 3557 2784 et
3583 2727 3820 2798 elongat

2168 2825 2278 2878 ei“.
2317 2826 2392 2877 Ex
2426 2824 2532 2876 hoc
2577 2840 2862 2894 cognosco
2925 2840 3052 2892 ego,
3117 2823 3266 2892 quod
3329 2819 3436 2874 erit
3481 2819 3702 2873 bonum
3737 2816 3816 2870 ti-

2171 2913 2468 2967 mentibus
2501 2913 2706 2972 Deum,
2753 2912 2850 2981 qui
2899 2913 3190 2965 timebunt
3219 2929 3251 2963 a
3303 2909 3444 2962 facie
3493 2907 3638 2977 ejus.
3677 2927 3698 2952 η
3733 2904 3816 2958 Ex

2171 3019 2235 3056 eo
2269 3002 2420 3071 quod
2455 3001 2714 3072 peccanti
2749 3001 3090 3072 plurimum,
3125 2999 3230 3052 hoc
3281 2997 3495 3067 quippe
3526 2993 3820 3066 signiﬁcat

2172 3093 2391 3154 centius,
2423 3091 2521 3144 dat
2549 3091 2700 3144 Deus
2751 3089 2940 3143 locum
3005 3086 3370 3160 pcnnitentiie,
3433 3087 3488 3138 ct
3529 3100 3642 3138 non
3677 3098 3814 3137 eum

2176 3181 2370 3236 statim
2407 3181 2572 3250 punit
2619 3181 2674 3234 in
2727 3179 2960 3244 scelere,
3013 3179 3110 3233 sed
3162 3178 3457 3248 CXSpCCiat
3485 3177 3550 3228 ut
3579 3188 3816 3226 conver-

421 3272 597 3326 homo
619 3267 863 3335 homini,
889 3271 953 3322 ut
975 3266 1429 3338 afﬂigerctcum.
1459 3265 1522 3319 Et
1551 3271 1690 3320 tunc
1713 3266 1824 3319 vidi
1851 3266 2064 3338 impios
2096 3252 2136 3316 (ἶ
2179 3275 2333 3325 tatur
2365 3271 2435 3324 ab
2479 3269 2784 3340 iniquitate.
2833 3285 2974 3322 sua:
3026 3284 3130 3336 ego
3177 3264 3458 3334 intelligo,
3509 3277 3682 3332 quam
3715 3261 3816 3314 be-

427 3358 690 3430 sepultos
743 3362 800 3411 et
855 3361 1160 3420 venerunt,
1217 3356 1375 3408 etde
1431 3355 1553 3408 loco
1613 3361 1814 3410 saneto
1847 3359 2062 3426 egressi

429 3453 589 3513 sunt,
622 3451 678 3501 et
707 3444 924 3500 laudati
957 3449 1096 3499 sunt
1125 3444 1182 3497 in
1231 3443 1477 3508 civitate,
1521 3445 1618 3514 qui
1651 3445 1734 3498 sic
1769 3447 2062 3502 fecerunt:

430 3540 530 3595 sed
560 3543 616 3593 et
668 3537 776 3592 hoc
835 3534 1059 3590 vanitas
1089 3534 1129 3588 ³.
1190 3532 1336 3596 Quia
1393 3533 1547 3587 enim
1584 3551 1694 3588 non
1729 3541 1816 3588 est
1847 3543 2067 3590 contra-

431 3632 607 3689 dictio
641 3625 988 3682 facientibus
1020 3621 1236 3678 malum
1269 3621 1380 3676 cito
1413 3625 1466 3676 δε
1503 3623 1630 3677 ideo
1663 3623 1944 3695 repletum
1978 3633 2066 3682 est

426 3741 523 3779 cor
555 3720 810 3775 filiorum
841 3713 1096 3768 hominis
1127 3712 1186 3767 in
1237 3711 1340 3780 eis,
1388 3717 1450 3765 ut
1501 3711 1713 3766 faciant
1759 3713 2000 3768 malum.
2037 3739 2064 3764 ››

423 3811 589 3880 Dedi,
622 3807 832 3879 inquit,
875 3821 972 3858 cor
1003 3817 1221 3868 meum,
1268 3807 1332 3854 ut
1380 3817 1550 3855 omne
1598 3803 1750 3872 quod
1803 3805 1911 3858 sub
1945 3805 2064 3859 sole

421 3901 662 3976 geritur,
696 3897 972 3960 intuerer,
1023 3896 1078 3946 et
1127 3891 1234 3945 hoc
1265 3889 1348 3944 vel
1397 3890 1666 3958 maxime,
1703 3893 1854 3963 quod
1889 3893 2063 3949 homo

425 3989 649 4061 accepit
677 3987 736 4040 in
795 3982 1094 4039 hominem
1155 3983 1529 4052 potestatem,
1591 3985 1652 4035 ut
1691 3999 2072 4054 quoscunque

421 4081 551 4137 vult
580 4075 803 4146 afﬂigat
832 4078 1006 4144 atque
1037 4072 1403 4127 condemnet.
1429 4075 1568 4125 Cum
1594 4071 1790 4142 itaque
1815 4077 2066 4126 mentem

425 4183 619 4226 meam
655 4165 724 4219 ad
759 4163 877 4218 haec
901 4161 1180 4215 intuenda
1207 4161 1538 4232 dirigerem,
1561 4161 1676 4215 vidi
1701 4161 1911 4232 impios
1936 4179 2068 4216 cum

415 4258 520 4315 tali
556 4255 828 4328 opinione
883 4257 1164 4316 mortuos,
1225 4254 1282 4305 et
1333 4251 1416 4305 sic
1467 4251 1746 4322 sepultus,
1789 4255 1850 4306 ut
1879 4254 2066 4308 sancti

483 4507 552 4516 —
588 4473 777 4529 Probe
823 4475 1088 4526 notatum
1123 4473 1212 4523 est
1243 4467 1598 4536 Martiantm,
1629 4469 1686 4522 in
1725 4468 1956 4523 Hebraeo
1990 4471 2062 4528 ha

409 4549 532 4606 beri
561 4557 748 4606 mnia:
779 4545 916 4616 quod
945 4549 1194 4612 futurum
1217 4543 1312 4602 cst,
1343 4557 1444 4616 pro
1467 4557 1580 4608 quo
1605 4541 1836 4594 Hieron.
1860 4543 2064 4612 legerit

411 4623 470 4677 in
504 4637 610 4676 suo
650 4609 962 4686 exemplari
1017 4623 1200 4686 :‘tﬁt‘tfc’,
1235 4609 1371 4686 quod
1411 4613 1614 4686 factum
1649 4620 1743 4664 est.

493 4707 505 4730 ι
533 4697 606 4746 Ει
630 4683 934 4758 egredienti!
993 4685 1060 4738 ad
1097 4683 1410 4758 imperium
1484 4683 1654 4758 .luxta
1711 4683 1895 4758 editos
1929 4693 2058 4743 ante

413 4781 519 4820 nos
561 4755 742 4816 libros
782 4759 874 4812 hic
909 4756 1220 4826 legendum
1275 4755 1550 4826 l'oret,_Et
1597 4755 1956 4821 cgmluwlcm
1989 4761 2059 4814 ait

411 4837 706 4908 imperium
737 4830 960 4884 Domini
970 4823 1246 4898 “spiritum
1297 4823 1601 4892 prohibere.
1637 4826 1790 4879 Nihil
1815 4830 2055 4896 prodest,

411 4906 520 4963 etc.
555 4906 843 4959 MARTIAN.
1155 4969 1163 4975 .
1353 4965 1360 4975 .

479 4981 499 5012 ²
532 4975 806 5032 Mendese
839 4975 1011 5025 antea
1050 4969 1172 5021 erat
1201 4969 1562 5035 opprimatur.

476 5053 496 5082 ³
527 5047 700 5102 Addit
729 5043 905 5098 Vatie.
935 5043 998 5112 Et
1033 5039 1395 5107 praesumptio
1437 5041 1687 5112 spiritus,
1727 5057 2050 5112 perperam.

475 5123 494 5154 ⁴
523 5116 872 5172 adverbium
905 5110 1032 5174 cito,
1064 5113 1120 5162 et
1143 5125 1274 5180 mox
1297 5108 1529 5164 voculas
1553 5113 1610 5165 in
1637 5108 1738 5180 eis,
1767 5108 1878 5168 duo
1908 5133 2047 5170 mss.

475 5191 739 5244 Vatican.
775 5191 830 5238 et
865 5180 1104 5236 l’alatin.
1155 5179 1444 5246 ignorant.

475 5264 494 5296 ⁵
529 5261 650 5314 1)υο
687 5254 950 5318 Palatini,
994 5269 1126 5306 cum
1159 5253 1330 5306 editis
1378 5257 1509 5306 ante
1559 5256 1822 5309 Martian.
1861 5257 2049 5312 libris.

402 5333 543 5406 quin
580 5332 705 5402 ipse
735 5327 909 5406 etiam
947 5324 1248 5406 Aleti-inus,
1277 5327 1377 5404 qui
1406 5329 1453 5378 ct
1481 5343 1621 5406 Icum
1654 5330 1914 5394 riin'rent,
1947 5347 2050 5398 pu-

398 5395 662 5460 tabantur
715 5398 875 5467 digni
928 5413 1034 5451 esse
1081 5395 1333 5450 Ecclesiae
1395 5399 1692 5469 principes,
1767 5403 1816 5453 et
1849 5395 2050 5470 li’niplo

402 5479 517 5532 Dei.

471 5549 490 5582 ο
525 5544 712 5598 Verba
744 5544 892 5596 Sicut
940 5542 1202 5610 scriptum
1253 5543 1350 5604 est,
1411 5541 1466 5594 in
1497 5541 1678 5594 Vatic.
1714 5547 1768 5596 et
1803 5540 2046 5595 l'alatin.

400 5617 582 5676 altero
614 5617 740 5671 cod.
777 5631 890 5670 non
925 5613 1233 5667 habentur.

471 5693 490 5724 '-
531 5689 672 5742 Cnm
713 5685 952 5741 Alcuino
985 5683 1186 5740 lecunt
1219 5684 1440 5737 Erasm.
1490 5689 1544 5736 et.
1593 5684 1904 5744 Victorius.
1939 5685 2048 5740 Ne-

457 5781 486 5824 o
515 5761 864 5838 peccantibus
902 5758 1160 5830 episcopis
1191 5755 1352 5810 undet
1387 5757 1778 5812 i'ontrtuticcre.

2179 3361 2390 3428 nignus
2422 3366 2476 3414 et
2509 3359 2840 3412 misericors
2899 3375 3073 3428 super
3131 3373 3228 3410 eos
3263 3355 3492 3407 futurus
3535 3351 3610 3406 sit
3643 3354 3814 3414 Deus,

2177 3451 2274 3520 qui
2311 3451 2520 3502 habent
2557 3449 2818 3501 timorem
2853 3448 2999 3516 ejus,
3034 3451 3090 3500 et.
3120 3445 3188 3498 ad
3223 3443 3463 3496 verbum
3497 3437 3656 3495 illius
3687 3454 3818 3492 con-

2177 3541 2540 3592 tremiscunt.
2577 3537 2963 3604 Symmachus
2985 3535 3139 3588 hunc
3166 3533 3354 3586 locum
3381 3531 3455 3584 ita
3481 3527 3814 3582 transtulit:

2184 3650 2206 3680 (ι
2243 3629 2488 3682 l‘cecaus
2520 3626 2672 3680 enim
2709 3624 2898 3678 malus
2933 3631 3196 3678 mortuus
3228 3625 3334 3684 est,
3373 3615 3818 3690 longanimitate

2177 3736 2452 3774 concessa
2485 3718 2534 3771 ei
2563 3721 2600 3770 '-'.
2655 3717 2827 3770 Porro
2879 3733 2982 3784 ego
3035 3713 3174 3779 scio,
3220 3712 3358 3780 quia
3415 3707 3524 3763 erit
3569 3707 3710 3760 bene
3743 3704 3817 3758 ti-

2179 3808 2472 3877 mentibus
2511 3810 2708 3870 i‘cum,
2744 3803 2840 3874 qui
2892 3805 3214 3857 timuerunt
3253 3818 3285 3853 a
3339 3797 3480 3852 l'acie
3527 3795 3674 3864 ejus.
3709 3793 3814 3848 Bo-

2177 3916 2314 3953 num
2350 3913 2480 3950 vero
2525 3913 2634 3948 non
2669 3894 2772 3948 erit
2809 3893 3029 3962 iniquo,
3065 3905 3250 3959 neque
3303 3887 3474 3956 longe
3505 3881 3812 3954 supererit.

2177 3993 2452 4058 tempore,
2488 3985 2626 4056 quia
2681 4001 2793 4036 non
2849 3979 3044 4034 timuit
3101 3995 3131 4032 a
3191 3976 3330 4031 faeie
3375 3973 3488 4029 Dei.
3522 3995 3548 4022 »
3582 3972 3650 4026 Et
3678 3971 3818 4041 quia

2177 4076 2552 4130 manifestum
2573 4077 2660 4126 est
2678 4071 2812 4142 quid
2841 4071 2946 4124 iste
2967 4065 3348 4130 transtulerit,
3376 4063 3482 4118 hoc
3501 4060 3815 4116 dicendum

2173 4165 2440 4235 estquod
2497 4164 2738 4216 verbum
2797 4157 3138 4213 llebraicum
3192 4155 3388 4209 M.\.\T1i
3439 4150 3624 4220 (ηεξ)
3655 4147 3816 4218 quod

2172 4257 2551 4324 Septuaginta
2579 4267 2648 4305 ea:
2677 4259 2820 4314 tunc,
2883 4245 3326 4310 transtulerunt,
3379 4245 3434 4296 et
3477 4257 3580 4296 nos
3609 4239 3816 4293 centies

2245 4499 2312 4506 —
2344 4469 2479 4532 Quia
2539 4481 2694 4520 uenio
2751 4462 3116 4534 pwtcuntibusr
3159 4459 3337 4534 audet.
3365 4463 3719 4534 __Perpera_m
3755 4453 3816 4508 in

2173 4529 2380 4592 iisdem
2413 4539 2582 4591 editis
2617 4529 2833 4591 Erasin.
2867 4541 2923 4589 et
2983 4533 3220 4587 Mariam.
3273 4529 3534 4584 additum
3591 4531 3680 4581 est
3709 4539 3816 4578 no-

2183 4628 2312 4662 men
2344 4612 2619 4679 i'pz'.~'ro;)z's,
2655 4609 2708 4661 id
2752 4613 2860 4670 est,
2893 4600 3576 4679 quinuenio_prcrantibus
3605 4598 3814 4676 episco-

2179 4686 2260 4751 pis
2295 4671 2464 4732 auilct
2492 4671 2910 4733 cimtrarliecrc;
2939 4677 3044 4730 Sed
3085 4678 3184 4728 hoc
3220 4671 3342 4725 loco
3379 4687 3582 4726 nomen
3607 4671 3812 4750 cpi-sco.-

2167 4741 2362 4824 porum.
2397 4753 2539 4805 falso
2571 4753 2944 4813 addiderunt,
2979 4749 3130 4800 sicut
3163 4764 3338 4815 supra
3371 4759 3576 4798 nomen
3603 4741 3815 4812 pri-nci-

2164 4843 2292 4895 pum
2325 4825 2591 4877 Ecclesium

2236 4899 2254 4928 ⁸
2289 4897 2427 4949 Tres
2489 4913 2656 4958 mss.,
2725 4895 2772 4947 et
2824 4893 3040 4958 elengat
3099 4893 3149 4942 σι’
3201 4890 3355 4942 Deus.
3411 4887 3492 4939 Ea:
3545 4883 3664 4948 hoc,
3697 4885 3812 4936 etc.

2165 4969 2444 5021 Maurum.

2237 5043 2255 5072 υ
2289 5039 2651 5106 ῘΑὶηίΙίΓυίίΗίίῗ
2683 5051 2930 5088 rmu'i'ssu
2965 5035 3034 5106 ei.
3083 5033 3142 5106 ln
3191 5030 3412 5106 aliquot
3445 5039 3812 5106 mss-caem-

2167 5099 2424 5180 pluribus
2461 5127 2558 5178 pro
2603 5109 2941 5176 longo-mium
2993 5105 3238 5166 ligiuius
3279 5099 3812 5180 _io_n_ganimitatrm,'

2163 5174 2218 5236 et.
2251 5185 2304 5234 in
2339 5174 2533 5242 editis,
2567 5174 2723 5246 [orig/ii
2759 5181 2920 5230 .‘I’mtn
2950 5193 3043 5227 ron
3071 5193 3194 5227 ’z'sstt
3235 5175 3305 5227 ci.
3345 5174 3626 5246 Murtias:

2237 5285 2296 5292 -—-
2335 5255 2494 5305 Falsa)
2521 5239 2739 5304 veliti-"cs
2774 5249 2934 5310 mliti,
2970 5249 3126 5314 (mum
3160 5253 3346 5304 (elate,
3380 5249 3436 5298 et
3467 5241 3565 5314 qui
3605 5239 3810 5314 inligat-

2164 5327 2326 5378 ritate
2358 5323 2660 5376 substituit
2695 5312 3081 5373 Martiana-us.
3123 5318 3512 5370 tamendamus
3551 5312 3808 5378 longani-

2163 5399 2349 5449 mitate
2381 5413 2444 5447 ex
2477 5400 2726 5464 quatuor
2763 5409 2902 5443 mss.
2943 5389 3174 5464 nostris,
3211 5388 3424 5458 quilms
3455 5389 3510 5464 et
3539 5378 3808 5464 nonnulli

2162 5468 2256 5518 alii
2347 5457 2519 5534 penes
2595 5465 2864 5516 cumulem
2923 5457 3327 5534 Martianzrinn
3383 5457 3804 5524 suifragantur.

2163 5530 2378 5607 Nempe
2416 5535 2786 5608 τικικρωυσειέχς
2822 5535 2994 5586 vertit
3027 5530 3451 5608 Δἣγιιιιῃίιρὴυε,
3503 5531 3682 5608 utmex
3709 5539 3808 5578 ve—

2161 5615 2279 5664 tere.
2301 5597 2534 5662 scholia
2555 5609 2610 5662 in
2633 5597 3124 5678 Gramat‘laininii
3154 5603 3404 5678 editione
3427 5597 3808 5678 manifestum

2160 5685 2282 5746 est;
2344 5696 2528 5748 eaque
2583 5696 2688 5734 vox
2749 5677 2918 5734 unice
2997 5675 3472 5744 longanimitatem
3521 5673 3690 5726 sonat
3745 5673 3810 5726 in

2161 5753 2388 5810 LaUno.
