3996 6388
123 414 278 481 1133

1141 416 1772 479 COMMENTARIUS
1818 419 1895 478 ΙΝ
1942 416 2545 481 ECCLESIASTEN.

3365 376 3537 479 i134~

120 552 453 627 posuimus,
489 551 700 623 Aquila
754 557 810 606 et
865 550 1254 624 Symmachus
1310 555 1366 606 et
1423 550 1763 617 Theodotio,
1796 552 1849 618 Α
1873 549 2026 619 justi
2050 551 2119 605 ad
2157 567 2303 621 quos
2337 554 2682 624 perveniunt
2713 552 2882 625 quasi
2912 553 3067 607 facta
3096 551 3436 622 impiorum,
3466 552 3526 606 et

118 645 367 698 mortuus
397 644 496 707 est,
527 640 892 713 interpretati
928 644 1089 705 sunt,
1124 643 1187 693 ut
1246 639 1321 694 sit
1353 641 1367 674 ¹
1398 656 1630 707 sensus,
1666 638 1763 710 qui

119 729 403 803 peccavit,
435 734 492 785 et
513 730 646 785 fecit
677 730 919 796 malum,
941 732 1191 784 mortuus
1220 738 1339 784 est:
1374 729 1433 783 in
1490 746 1555 784 eo
1608 722 1777 783 enim'

119 819 275 893 quod
300 819 575 889 peccavit,
610 818 807 873 statim
837 823 1103 872 mortuus
1125 822 1231 872 est.
1263 817 1319 872 Si
1354 823 1548 872 autem
1597 817 1767 887 juxta

116 907 505 980 Septuaginta
538 907 908 978 Interpretes,
944 922 1047 977 pro
1071 922 1137 960 eo
1169 906 1322 976 quod
1356 909 1463 969 est,
1522 915 1766 959 mortuus

118 1004 214 1063 est,
249 994 567 1068 legerimus
596 1012 667 1050 ex
698 1000 845 1065 tunc,
870 995 1041 1065 juxta
1099 995 1382 1065 quosdam
1441 995 1533 1048 hic
1585 993 1767 1064 egerit

120 1101 363 1141 sensus:
400 1084 672 1139 Peccator
702 1086 816 1139 non‘
847 1088 987 1139 tunc
1019 1084 1275 1154 primum
1304 1083 1763 1155 peccat,quando

118 1174 349 1229 videtur
380 1174 565 1228 tacere
596 1177 920 1245 peccatum,
954 1173 1053 1227 sed
1089 1173 1213 1241 jam
1275 1175 1407 1226 ante
1467 1172 1759 1242 peccavit:

119 1265 364 1319 Alienati
390 1261 501 1334 [ΑΙ.
534 1262 857 1331 abalienati]
888 1263 1014 1315 sunt
1043 1262 1190 1316 enim
1214 1271 1519 1333 j‘ccratorcs
1574 1278 1607 1314 α
1650 1262 1765 1315 vul-

120 1370 208 1421 va,
230 1355 553 1408 erraverunt
581 1368 613 1405 a
648 1355 831 1405 vcntre
860 1350 1028 1418 (Psat.
1068 1366 1197 1416 LVII,
1236 1349 1286 1420 4)
1320 1367 1332 1417 ;
1390 1354 1447 1405 et
1496 1353 1768 1420 quaerunt

123 1443 254 1509 hoc,
289 1440 441 1513 quod
494 1439 777 1511 sequitur,
840 1440 1008 1493 locuti
1071 1442 1197 1493 sunt
1251 1440 1417 1509 falsa,
1473 1439 1765 1509 quomodo

122 1530 312 1603 possit
352 1529 621 1601 exponit:
683 1528 835 1583 455
885 1527 1132 1599 simplex
1190 1528 1347 1582 enim
1380 1526 1767 1597 intelligentia

121 1620 339 1675 habere
369 1618 845 1689 consequentiam
878 1634 992 1671 non
1024 1617 1269 1681 videtur,
1306 1614 1575 1687 parvulos
1636 1632 1765 1686 pec-

122 1713 373 1773 catores,
408 1706 605 1762 statim
639 1710 702 1760 ut
730 1706 801 1760 de
823 1704 990 1760 vulva
1022 1705 1189 1775 ejccti
1223 1704 1765 1771 sunt,mendacium

121 1796 307 1868 loqui.

195 1908 223 1936 ‹‹
249 1886 321 1940 Et
349 1884 568 1940 bonum
603 1900 715 1938 non
786 1882 862 1938 sit
892 1882 1094 1954 impio,
1159 1887 1217 1937 et
1284 1899 1398 1936 non
1468 1882 1770 1953 prolonget

122 1976 247 2030 dies
296 1975 466 2045 quasi
536 1975 764 2041 umbra,
824 1974 919 2043 qui
990 1989 1105 2026 non
1136 1971 1362 2025 timeta
1394 1970 1537 2024 facie
1582 1969 1767 2025 Dei.»

122 2066 484 2137 Imprecatur
511 2061 659 2117 male
689 2061 781 2116 his
805 2061 902 2132 qui
936 2078 1050 2115 non
1079 2060 1301 2114 habent
1334 2058 1604 2114 timorem
1649 2058 1765 2126 Dei,

124 2159 180 2209 et
208 2158 371 2226 Optat
392 2168 462 2208 ne
484 2152 584 2206 diu
613 2150 917 2205 diti'eratur
948 2150 1019 2203 ad
1062 2164 1293 2219 pinnam
1323 2148 1364 2212 ²,
1416 2148 1513 2202 sed
1569 2148 1763 2201 statim

124 2248 309 2298 morte
338 2239 643 2306 subtracti,
676 2238 969 2293 cruciatus
996 2235 1298 2308 recipiant,
1331 2252 1479 2307 quos
1538 2250 1765 2290 meren-

123 2336 235 2387 tur.
271 2328 474 2386 Simile
514 2328 653 2399 quid
704 2332 761 2381 et
818 2326 1132 2397 Apostolus
1197 2323 1493 2395 loquitur:
1549 2325 1768 2381 Utinam

123 2420 499 2491 praecidantur
529 2418 622 2488 qui
662 2432 751 2471 vos
804 2415 1133 2471 conturbant
1163 2412 1364 2484 (Galat.
1413 2431 1466 2478 v,
1530 2413 1638 2483 l2).
1698 2414 1767 2468 Et

126 2509 263 2565 alibi
298 2526 311 2565 :
346 2506 653 2564 Alerander
680 2506 918 2561 aerarius
947 2504 1123 2557 multa
1156 2503 1293 2557 mihi
1312 2503 1459 2557 mala
1489 2502 1716 2557 ostendit
1750 2519 1763 2557 :

124 2598 312 2655 reddat
339 2598 438 2652 illi
468 2597 726 2651 Dominus
753 2592 1047 2648 secundum
1077 2608 1238 2663 opera
1304 2593 1421 2660 eius
1484 2592 1556 2661 (ll
1618 2594 1762 2648 Tim.

127 2704 199 2743 ιν.
237 2687 343 2757 14).
369 2688 502 2752 Quae
535 2683 826 2756 quomodo
857 2681 1170 2737 clementer
1211 2681 1365 2735 dicta
1395 2682 1534 2745 sint,
1568 2679 1766 2752 requi-

125 2777 371 2832 rendum
404 2780 512 2831 est.
542 2773 669 2828 Haec
692 2772 859 2843 juxta
888 2787 1096 2825 sensus
1120 2770 1382 2824 Hebraici
1439 2770 1762 2824 veritatem.

120 2865 177 2920 Si
211 2866 343 2937 quis
374 2880 505 2919 vero
538 2860 917 2933 Septuaginta
950 2860 1299 2930 lnterpretes
1332 2858 1617 2930 sequitur,
1663 2857 1765 2929 qui

124 2956 288 3024 quasi
320 2955 396 3010 ab
419 2952 531 3009 alio
570 2968 747 3006 sensu
815 2949 1178 3020 incipientes,
1257 2948 1565 3002 dixerunt:
1602 2970 1628 2996 «
1699 2948 1768 3002 Et

123 3058 223 3116 ego
254 3040 774 3115 recognosco,quia
803 3038 913 3093 erit
936 3039 1151 3092 bonum
1178 3037 1524 3091 timentibus
1555 3037 1763 3103 Deum,

123 3136 183 3187 ut
205 3131 453 3189 timeant
472 3148 505 3186 a
524 3129 667 3185 facie
689 3129 836 3198 ejus,
869 3132 926 3182 et
950 3127 1167 3182 bonum
1202 3143 1315 3181 non
1386 3126 1496 3181 erit
1560 3125 1761 3198 impio,

124 3225 310 3277 etnon
341 3218 718 3295 prolongabit
747 3217 871 3273 dies
901 3216 961 3270 in
996 3217 1243 3270 umbra:
1295 3214 1434 3286 quia
1503 3231 1618 3269 non
1676 3219 1766 3271 est

125 3308 330 3366 timens
364 3328 400 3365 a
430 3308 574 3364 facie
614 3307 753 3373 Dei;
790 3329 816 3355 ››

126 3399 356 3469 quidem
393 3403 449 3455 et
487 3398 606 3463 illa,
632 3397 700 3451 de
733 3395 948 3466 quibus
979 3391 1149 3466 paulo
1181 3399 1315 3447 ante
1349 3393 1624 3461 tractavi;
1658 3410 1763 3466 ego

124 3491 314 3545 tamen
342 3485 825 3544 manifestissime
856 3499 1164 3553 cognosco,
1200 3482 1337 3552 quia
1365 3482 1511 3537 bene
1543 3482 1651 3537 erit
1673 3483 1764 3539 his

124 3576 218 3646 qui
246 3578 460 3634 timent
490 3594 523 3631 a
554 3575 694 3630 facie
726 3574 822 3628 Dei
852 3590 864 3627 :
905 3573 1092 3628 Vultus
1126 3574 1278 3625 enim
1329 3572 1547 3626 Domini
1600 3589 1765 3644 super

124 3666 385 3733 facientes
414 3667 565 3721 mata
628 3664 798 3731 (Psat.
866 3678 1066 3725 xxxm,
1135 3661 1245 3731 -t7).
1281 3660 1347 3713 Et
1402 3659 1583 3732 impio
1646 3679 1760 3717 non

126 3754 231 3809 erit
258 3757 443 3812 bene:
479 3771 593 3809 non
624 3752 781 3807 enim
810 3751 975 3805 timet
1004 3766 1037 3805 a
1069 3749 1211 3804 facie
1248 3749 1365 3813 Dei,
1399 3755 1454 3803 et
1475 3767 1588 3805 non
1630 3767 1761 3821 pro-

125 3840 384 3916 longabit
413 3844 539 3899 dies
571 3843 627 3897 in
658 3842 890 3905 umbra,
943 3839 1051 3893 hoc
1108 3844 1218 3903 est,
1286 3838 1410 3893 dies
1476 3838 1605 3893 vita:
1646 3856 1762 3895 sua:

125 3931 649 4005 quiquasiumbra
679 3929 1006 3985 viventibus
1038 3936 1195 3983 sunt.
1264 3927 1387 3983 Non
1456 3928 1609 3983 enim
1681 3928 1760 3996 hi,

124 4020 219 4090 qui
244 4024 432 4079 multo
466 4027 723 4092 tempore
752 4019 971 4085 vivunt,
1005 4017 1354 4089 prolongant
1383 4018 1507 4071 dies
1566 4019 1761 4089 suos”,

124 4110 218 4163 sed
249 4112 348 4183 qui
382 4111 633 4185 grandes
655 4126 753 4165 eos
778 4106 998 4163 faciunt
1024 4107 1308 4161 bonorum
1334 4122 1573 4177 operum
1600 4123 1763 4178 mag-

123 4197 406 4259 nitudine.
442 4200 605 4257 Unde
637 4204 693 4254 et
721 4197 898 4253 Jacob
930 4195 1099 4267 quasi
1124 4211 1183 4249 se
1217 4200 1578 4265 peccatorem
1622 4212 1763 4250 con-

126 4283 307 4358 ﬁtens,
340 4290 486 4345 dicit
519 4305 532 4343 :
570 4289 736 4343 Parvi
761 4290 810 4340 et
843 4286 977 4339 mali
997 4283 1112 4338 dies
1136 4284 1245 4337 mei
1274 4282 1424 4354 (Gen.
1488 4300 1658 4351 vau,
1687 4285 1761 4355 9).

126 4374 189 4427 Et
211 4374 269 4431 in
300 4377 532 4436 Psalmo
569 4378 855 4432 conﬁtens
885 4374 1058 4441 (Psat.
1093 4388 1167 4439 CI,
1214 4373 1298 4442 12)
1335 4374 1515 4441 :Dies,
1572 4373 1767 4445 inquit

127 4465 234 4519 mei
261 4470 407 4524 sicut
428 4467 625 4523 umbra
643 4465 901 4521 inclinati
964 4463 1129 4518 sunt‘
1197 4461 1302 4532 [AL
1336 4463 1766 4533 declinaverunt]

128 4554 177 4605 et
204 4570 299 4624 ego
327 4561 475 4614 sicut
504 4556 693 4627 fenum
723 4555 874 4609 arui.
934 4552 1055 4607 Non
1106 4552 1259 4623 quod
1304 4551 1539 4623 longam
1588 4551 1765 4607 vitam

130 4644 420 4709 quaesierit
450 4645 506 4700 in
529 4642 825 4716 praesenti,
867 4641 926 4695 in
959 4657 1075 4712 quo
1108 4656 1279 4695 omne
1312 4641 1468 4711 quod
1492 4640 1766 4708 vivimus,
1801 4667 1846 4732 Ι)

131 4725 292 4787 breve
317 4741 375 4791 et
435 4733 647 4790 umbra
744 4736 851 4800 est,
914 4729 1165 4800 imago:
1227 4730 1289 4784 In
1338 4732 1578 4800 imagine
1623 4732 1771 4785 enim

130 4824 468 4884 perambulat
495 4824 650 4879 homo
681 4821 859 4892 (Psal.
910 4835 1147 4885 xxxviii,
1180 4820 1283 4887 7):
1347 4818 1445 4874 sed
1488 4819 1641 4891 quod
1700 4821 1771 4875 de

133 4902 320 4967 futuro
351 4913 578 4981 timeat,
606 4929 677 4966 ne
709 4908 1011 4981 longitudo
1044 4909 1168 4963 vita:
1228 4907 1436 4980 ipsius,
1488 4908 1583 4963 ubi
1640 4926 1773 4963 vera

137 4999 219 5051 est
244 4999 377 5072 vita,
412 5002 725 5057 brevictur.

208 5107 229 5134 ι
262 5087 360 5147 Est
387 5091 619 5147 vanitas
644 5106 767 5162 qua:
810 5090 873 5144 tit
902 5105 1079 5161 super
1136 5091 1349 5143 terram
1388 5102 1400 5142 :
1449 5086 1587 5159 quia
1636 5090 1775 5143 sunt

172 5382 180 5392 ,
208 5313 224 5348 ¹
254 5316 460 5380 Vocem
492 5339 700 5390 sensus,
729 5339 856 5394 quae
889 5323 1085 5377 deerat
1116 5320 1172 5376 in
1240 5320 1522 5376 hactenus
1573 5318 1771 5393 vulga-

144 5384 237 5451 tis,
272 5396 493 5451 suffecit
524 5384 839 5449 Vatieanus
872 5394 1035 5449 liber.

209 5458 229 5491 ²
254 5468 441 5537 Antea
469 5473 592 5523 erat
620 5467 996 5537 diﬂerantura
1054 5482 1230 5535 pinna.
1297 5464 1566 5535 Legerint
1603 5480 1773 5535 porro

140 5520 351 5612 aqua
385 5520 734 5612 statutas
765 5550 1021 5612 mpm
1052 5520 1194 5612 iis:

207 5600 559 5680 ’_Martian,,'
577 5611 693 5666 Non
716 5610 853 5679 quod
872 5600 964 5676 'h'i,
998 5610 1093 5680 qui
1123 5608 1294 5663 multo
1326 5611 1562 5678 tempore
1586 5608 1775 5665 vivant

139 5676 451 5751 lt‘ylooigent
480 5676 595 5739 ilics
625 5676 768 5737 suos.

207 5743 404 5811 ‘Siéut
434 5756 628 5815 umbra
654 5756 909 5813 inclinati
954 5761 1097 5809 sunt.
1172 5754 1253 5809 Ita
1321 5753 1526 5823 tegunt
1603 5768 1771 5823 mea;

1876 642 2016 693 sunt
2048 640 2305 710 impiiad
2352 658 2498 711 quos
2530 643 2877 713 perveniunt
2924 641 3089 713 quasi
3142 641 3293 695 facta
3337 641 3526 712 justo-

1875 744 2029 781 rum.
2061 728 2184 782 Dixi
2210 730 2350 800 quia
2380 736 2438 785 et
2470 730 2576 786 hoc
2607 732 2833 786 vanitas
2899 736 3006 787 est.
3066 731 3218 785 [nter
3283 732 3523 784 caeteras

1876 816 2179 883 vanitates,
2214 817 2427 888 quaz,in
2460 819 2681 874 mundo
2741 820 2900 875 vario
2968 820 3235 874 feruntur
3292 819 3522 884 eventu,

1875 908 2050 958 etiam
2083 903 2190 958 hoc
2214 905 2589 976 deprehendi,
2624 908 2778 979 quod
2821 906 3002 979 justis
3068 924 3136 963 ea
3189 906 3344 963 450
3410 905 3522 961 fre-

1874 1000 2119 1061 quenter
2140 994 2432 1059 eveniunt,
2469 1012 2592 1067 quae
2624 996 2823 1068 impiis
2889 996 3115 1052 evenire
3178 996 3522 1061 debuerant,

1875 1084 1930 1134 et
1960 1080 2122 1151 impii
2155 1086 2274 1137 tam
2308 1082 2548 1139 feliciter
2578 1085 2635 1139 in
2671 1085 2778 1140 hoc
2811 1085 3029 1141 mundo
3055 1085 3294 1158 degunt,
3327 1088 3393 1140 ut
3421 1100 3521 1139 eos

1874 1174 2041 1239 putes
2070 1187 2198 1225 esse
2246 1172 2633 1242 justissimos.
2677 1174 2844 1230 Dabit
2905 1174 3238 1246 exemplum
3260 1173 3523 1245 Evange-

1873 1255 2017 1312 lium
2051 1259 2246 1314 divitis
2285 1262 2613 1333 purpurati,
2648 1267 2704 1317 et
2759 1263 3034 1335 pauperis
3105 1264 3301 1318 Lazari
3364 1262 3517 1334 (Luc.

1874 1347 2010 1417 xv1).
2044 1348 2523 1420 Septuagesirrus
2554 1368 2785 1422 quoque
2820 1353 3119 1407 secundus
3152 1351 3418 1422 psalmus
3449 1350 3520 1406 de

1876 1436 1984 1490 hac
2017 1453 2076 1490 re
2106 1437 2368 1509 disputat
2400 1456 2543 1494 :cur
2565 1440 2746 1510 justis
2777 1440 3071 1496 interdum
3107 1439 3282 1505 mala,
3315 1444 3371 1494 et
3408 1438 3519 1494 im-

1877 1525 1989 1596 piis
2031 1527 2299 1582 eveniant
2329 1527 2498 1583 bona.
2534 1530 2641 1583 Pro
2673 1545 2738 1583 eo
2762 1535 2980 1596 autem,
3007 1529 3159 1602 quod
3193 1546 3299 1584 nos
3322 1527 3519 1600 posui-
3608 1562 3613 1567 ι

1878 1630 2011 1669 mus
2042 1630 2055 1668 :
2100 1637 2127 1664 ‹‹
2164 1616 2259 1671 Est
2289 1617 2531 1685 vanitas,
2566 1634 2692 1690 quae
2726 1618 2791 1674 fit
2830 1636 3005 1690 super
3036 1622 3275 1684 terram,
3311 1638 3338 1667 ››
3361 1617 3524 1690 Sym-

1879 1702 2126 1758 machus
2157 1705 2420 1760 absolute
2454 1707 2774 1774 transtulit,
2806 1708 3045 1763 dicens:
3080 1730 3107 1757 ‹‹
3141 1707 3242 1762 Est
3289 1704 3525 1761 ditﬁcile

1878 1792 2113 1863 cognitu
2152 1794 2307 1864 quod
2342 1794 2405 1848 tit
2434 1811 2612 1865 super
2667 1800 2960 1866 terram,»
3022 1794 3266 1862 Hebraei,
3329 1795 3525 1864 justos

1880 1881 2434 1952 quibusﬁcveniant
2464 1883 2640 1954 mala,
2690 1889 2746 1939 et
2810 1884 3022 1956 impios
3089 1883 3306 1955 quibus
3363 1899 3523 1938 acce-

1879 1972 2022 2025 dant
2053 1987 2224 2042 opera
2247 1972 2569 2042 justorum,
2604 1972 2756 2028 filios
2804 1976 2994 2028 Aaron
3038 1972 3522 2045 interpretantur,

1877 2067 1934 2114 et
1963 2059 2295 2127 Manassen,
2339 2062 2493 2132 quod
2544 2060 2625 2115 illi
2677 2061 3074 2117 sacriﬁcantes
3124 2061 3424 2133 perierint,
3468 2065 3526 2116 et

1877 2146 1985 2202 iste
2019 2152 2149 2219 post
2176 2152 2341 2203 tanta
2362 2148 2517 2204 mala
2546 2154 2603 2205 et
2633 2150 3028 2221 captivitatem
3083 2149 3142 2205 in
3200 2149 3517 2221 imperium

1877 2236 2188 2291 restitutus
2219 2238 2312 2291 sit.

1949 2349 1975 2373 ‹‹
2010 2326 2077 2379 Et
2104 2325 2332 2381 laudavi
2362 2343 2466 2398 ego
2500 2325 2783 2383 laititiam:
2819 2328 2957 2400 quia
2991 2345 3103 2384 non
3162 2331 3252 2384 est
3296 2327 3517 2383 bonum

1876 2414 2099 2469 homini
2133 2416 2241 2469 sub
2280 2415 2419 2483 sole,
2452 2416 2560 2471 nisi
2585 2418 2907 2488 comedere,
2932 2421 2989 2473 et
3018 2417 3235 2484 bibere,
3300 2421 3358 2472 et
3422 2415 3518 2472 lm-

1876 2505 2005 2559 tari.
2055 2505 2121 2559 Et
2154 2504 2349 2574 ipsum
2382 2506 2716 2577 egredietur
2746 2523 2879 2561 cum
2916 2522 2981 2561 eo
3013 2506 3084 2562 de
3148 2505 3348 2561 labore
3412 2522 3520 2561 suo

1875 2593 2083 2648 diebus
2112 2592 2239 2647 vita)
2271 2610 2407 2660 suae,
2439 2610 2586 2665 quos
2617 2595 2775 2649 dedit
2821 2595 2873 2649 ei
2920 2600 3069 2651 Deus
3136 2595 3248 2649 sub
3312 2595 3456 2651 sole.
3488 2613 3517 2647 ι

1877 2681 1992 2737 Hoc
2026 2681 2256 2752 plenius
2284 2700 2463 2753 supra
2513 2684 2877 2755 interpretati
2947 2701 3176 2753 sumus,
3235 2689 3294 2739 et
3365 2700 3521 2739 nunc

1876 2770 2122 2826 strictim
2147 2770 2436 2825 dicimus:
2483 2772 2624 2827 licet
2658 2772 2886 2828 brevem
2946 2778 3004 2828 et
3044 2773 3156 2828 cito
3203 2773 3521 2828 finiendam

1877 2861 2141 2932 praeferre
2173 2876 2305 2915 cum
2338 2861 2681 2916 vescendiet
2712 2861 2948 2917 bibendi
3000 2861 3354 2933 voluptatem
3415 2878 3519 2916 an-

1874 2949 2086 3020 gustiis
2119 2948 2341 3016 sazculi,
2363 2953 2419 3004 et
2450 2949 2541 3004 bis
2565 2967 2692 3021 quae
2729 2950 2854 3005 ﬁeri
2891 2950 3163 3005 videntur
3213 2951 3413 3019 iniquo
3458 2949 3519 3005 in

1876 3037 2092 3093 mundo
2122 3054 2134 3091 :
2169 3054 2284 3109 quo
2314 3037 2506 3093 solum
2540 3038 2645 3094 hoc
2678 3040 2852 3095 homo
2884 3040 2953 3095 do
3005 3039 3200 3095 labore
3258 3056 3366 3094 suo
3415 3038 3519 3094 ha-

1874 3126 2309 3195 lierevideatur,
2343 3126 2391 3180 si
2449 3127 2533 3181 vel
2605 3128 2833 3182 modico
2901 3129 3129 3183 fruatur
3194 3126 3515 3198 refrigerio.

1872 3215 2085 3270 Verum
2145 3216 2265 3269 haec
2303 3214 2704 3287 interpretatio
2753 3217 3111 3287 jejunantes,
3169 3214 3516 3282 esurientes,

879 3306 983 3359 hoc
1050 3304 1259 3376 poterit
1320 3304 1549 3358 dicere:
1602 3305 1765 3360 Fient
1794 3301 1835 3367 C
1876 3304 2159 3367 sitientes,
2195 3314 2367 3375 alque
2394 3303 2684 3375 lugentes,
2718 3322 2865 3376 quos
2898 3310 3095 3360 beatos
3150 3304 3211 3358 in
3256 3305 3515 3376 Evange-

1876 3394 1952 3448 lio
1982 3392 2266 3448 Dominus
2299 3398 2461 3448 vocat
2493 3394 2703 3464 (Matth.
2736 3396 2812 3465 v),
2846 3394 2893 3449 si
2954 3394 3035 3449 sic
3090 3395 3395 3466 accipitur,
3452 3400 3518 3449 ut

1874 3484 2154 3552 scriptum
2179 3487 2287 3546 est,
2321 3481 2564 3537 miseros
2596 3484 2962 3555 approbabit.
2998 3486 3283 3545 Etcibum
3314 3489 3513 3561 itaque

1872 3579 1930 3627 et
1960 3577 2162 3643 potum
2188 3571 2572 3643 spiritualiter
2600 3572 2977 3643 accipiamus,
3011 3580 3068 3631 et
3097 3594 3274 3649 super
3302 3578 3386 3634 eis
3417 3578 3513 3633 lte-

1874 3661 2086 3726 titiam,
2119 3677 2296 3731 quam
2324 3659 2381 3715 in
2409 3659 2605 3716 labore
2635 3661 2760 3716 vitae
2790 3669 2997 3718 nostra:
3046 3665 3140 3720 vix
3197 3684 3513 3738 possumus

1872 3750 2149 3805 invenire.
2174 3749 2332 3812 Quod
2368 3755 2561 3805 autem
2596 3751 2717 3805 haec
2744 3751 2826 3805 ita
2886 3753 3189 3809 senticnda
3253 3756 3390 3827 sint,
3452 3764 3519 3815 ut

1873 3840 2150 3904 diximus,
2176 3840 2812 3911 demoustratsequens
2876 3842 3218 3910 versiculus,
3275 3845 3333 3899 in
3397 3854 3565 3919 quo'

1874 3928 1987 3984 ait:
2015 3953 2039 3977 ‹‹
2071 3928 2211 3983 Dedi
2243 3945 2341 3983 cor
2363 3945 2580 3996 meum,
2651 3933 2714 3983 ut
2776 3928 3028 3985 viderem
3070 3932 3419 4004 sapientiam
3460 3942 3519 3993 et

1873 4020 2312 4090 occupationem
2340 4034 2352 4072 :
2392 4040 2418 4065 ››
2442 4018 2597 4088 quod
2619 4018 3218 4092 scilicetoccupentur
3248 4022 3520 4081 homines

1874 4123 2051 4178 super
2072 4111 2306 4174 terram,
2341 4110 2397 4160 et
2420 4105 2625 4161 diebus
2657 4122 2722 4161 ac
2754 4107 3021 4165 noctibus
3065 4108 3125 4164 in
3191 4113 3519 4185 Scriptura-

1874 4213 2003 4251 rum
2037 4194 2411 4250 meditatione
2442 4200 2745 4250 versentur
2774 4213 2785 4251 :
2821 4196 2900 4251 ita
2924 4202 2989 4253 ut
3034 4199 3380 4274 plerumque
3416 4220 3521 4276 pro

1874 4284 2316 4355 investigatione
2346 4284 2580 4339 verisab
2614 4284 2796 4341 oculis
2851 4303 3095 4344 somnus
3127 4291 3410 4364 aufugiat.

1946 4396 1971 4421 ‹‹
2009 4374 2370 4443 Quapropter
2400 4372 2530 4427 dedi
2563 4390 2660 4428 cor
2710 4391 2932 4443 meum,
2984 4382 3049 4433 ut
3103 4396 3520 4451 cognoscerem

1876 4462 2329 4532 sapientiam,et
2352 4461 2604 4517 viderem
2665 4465 3132 4537 occupationem,
3190 4486 3317 4540 quae
3370 4470 3521 4526 facta

1875 4556 1963 4605 est
1992 4567 2170 4622 super
2202 4556 2437 4605 terram.
2472 4552 2617 4615 Quia
2647 4558 2703 4607 et
2734 4553 2790 4607 in
2824 4553 2917 4609 die
2947 4560 3003 4609 et
3034 4555 3091 4609 in
3142 4563 3307 4613 nocte
3363 4574 3522 4614 som-

1877 4656 2017 4694 num
2053 4640 2159 4710 [Αἰ.
2195 4641 2518 4712 somnium]
2559 4641 2614 4695 in
2647 4642 2835 4697 oculis
2858 4643 2983 4698 suis
3012 4660 3125 4698 non
3158 4650 3247 4700 est
3295 4646 3520 4706 videns.

1884 4729 1951 4783 Et
1980 4728 2097 4783 vidi
2124 4729 2321 4784 omnia
2350 4746 2525 4801 opera
2558 4730 2687 4797 Dei;
2722 4730 2861 4802 quia
2920 4749 3030 4787 non
3083 4734 3296 4805 poterit
3343 4735 3521 4793 homo

1881 4817 2141 4872 invenire
2171 4834 2339 4889 opus,
2375 4819 2528 4889 quod
2564 4820 2779 4873 factum
2813 4826 2903 4875 est
2941 4822 3051 4875 sub
3082 4822 3223 4890 solo,
3286 4823 3344 4879 in
3406 4842 3524 4897 quo

1882 4905 2165 4961 laboravit
2193 4905 2368 4961 homo
2402 4908 2547 4962 457
2582 4912 2647 4962 ut
2677 4914 3042 4978 qurereret,et
3075 4927 3188 4966 non
3220 4911 3522 4985 inveniet",

1882 4995 2182 5067 Siquidem
2215 5000 2272 5049 et
2303 4996 2349 5050 si
2382 4996 2591 5051 dixerit
2619 4997 2852 5068 sapiens
2878 5015 2939 5053 se
2989 5016 3352 5071 cognoscere,
3413 5019 3527 5059 non

1883 5085 2093 5159 poterit
2119 5085 2393 5141 invenire.
2420 5108 2445 5134 ››
2487 5086 2593 5152 Qui
2626 5088 2833 5157 quaerit
2888 5104 3097 5144 causas
3150 5090 3530 5165 rationesque

1883 5319 2023 5375 editi
2047 5336 2177 5375 vero
2211 5324 2385 5375 antea
2431 5320 2589 5389 libri,
2641 5322 2783 5376 sicut
2842 5321 3038 5378 umbra
3090 5323 3527 5385 declinaverunt.

1884 5393 2169 5447 MARTIAN.

1954 5465 1975 5497 ⁵
2011 5465 2245 5543 Ιιδὺζίθξ,
2270 5464 2443 5533 justos
2490 5464 2734 5543 qui/rust
2768 5470 2877 5543 etc.
2944 5466 3228 5543 Eamdemr
3255 5469 3532 5543 explica-

1882 5535 2506 5609 tionemHebrazorum
2550 5537 2821 5591 eti‘crebat
2849 5554 3031 5609 supra
3060 5542 3167 5596 col.
3206 5535 3527 5601 4M.MART.

1953 5609 1974 5644 °
1998 5608 2258 5663 Vatican.
2292 5611 2349 5679 et
2382 5606 2562 5672 Palat,
2596 5609 2701 5663 Pro
2728 5606 3142 5679 investipatione
3172 5614 3341 5670 verbi.

1954 5682 1971 5715 ⁷
2006 5680 2246 5759 Palatia.
2282 5678 2519 5759 alter,Et
2554 5697 2655 5734 non
2694 5678 3035 5759 iiujvnircbc;
3075 5685 3247 5759 paulo
3280 5686 3526 5746 inferius

1886 5768 2019 5809 cum
2064 5752 2272 5820 Vatic.,
2306 5750 2511 5821 valens,
2545 5769 2647 5826 pro
2680 5752 2890 5811 videns.
