3996 6396
437 366 593 438 H35

1667 369 1730 428 S.
1779 367 2090 432 EUSEBII
2137 367 2606 430 HIERONYMI.

3679 365 3841 426 H36

437 519 656 570 rerum,
688 517 866 573 quare
898 500 1004 555 hoc
1035 501 1124 556 vel
1183 501 1328 554 illud
1361 501 1576 554 factum
1635 502 1730 566 sit,
1791 507 1846 554 et
1893 517 2075 572 quare
2103 507 2156 570 Α
2187 503 2364 555 traria
2394 507 2732 556 enumerata
2759 503 2778 534 ⁵
2819 505 2976 564 sunt,
3037 499 3418 571 spiritualiter
3465 497 3840 570 accipienda,

439 594 696 652 mundus
789 590 964 646 variis
1067 591 1424 662 gubernetur
1523 591 1870 644 eventibus:
1979 608 2082 646 cur

439 684 591 738 alius
622 697 806 736 czecus
836 685 892 734 et
951 679 1181 744 debilis,
1243 678 1393 732 alius
1443 679 1642 732 videns
1695 683 1973 733 nascatur
2028 685 2084 734 et

439 788 657 828 sanus:
693 769 785 824 hic
813 772 1214 840 paupertatem
1261 768 1488 834 habeat,
1516 767 1610 820 ille
1642 767 1874 820 divitias
1909 787 1922 834 ;
1972 768 2082 822 iste

439 861 516 916 sit
546 857 780 922 nobilis,
805 856 900 910 ille
935 855 1252 928 inglorius:
1289 855 1433 909 nihil
1473 854 1630 910 aliud
1667 857 1912 926 prolicit,
1965 855 2078 908 nisi

439 950 500 1004 in
532 965 638 1004 sua
659 951 888 1000 tantum
921 945 1240 1015 quiestione
1283 944 1557 1014 torqueri,
1618 949 1674 998 et
1729 944 2080 1015 disputatio-

441 1055 574 1093 nem
609 1052 712 1110 pro
735 1039 1023 1090 tormento
1047 1034 1390 1100 habere,nec
1423 1037 1614 1086 tamen
1651 1032 1904 1088 invenire
1927 1033 2080 1103 quod

443 1127 720 1199 quaerit...
743 1125 814 1178 Et
845 1139 978 1178 cum
1013 1122 1132 1176 haec
1165 1122 1372 1176 dixerit
1420 1138 1480 1176 se
1539 1123 1896 1192 cognovisse,
1943 1127 2084 1176 tunc

443 1214 828 1288 ignorationis
861 1213 1072 1266 habere
1105 1211 1478 1282 principiui'i‘l,
1501 1217 1556 1264 et
1579 1211 1632 1263 in
1668 1211 1955 1281 profundo
2001 1227 2088 1264 er-

441 1320 570 1360 rore
591 1303 826 1358 versari.
857 1299 1233 1354 Subostendit
1257 1305 1448 1354 tamen
1483 1315 1610 1354 esse
1650 1317 1857 1354 causas
1889 1316 2082 1354 rerum

444 1392 708 1446 omnium
737 1395 792 1444 ct
814 1388 1306 1458 jsstitiam,quare
1337 1389 1801 1459 unumquodque
1834 1389 1916 1442 sic
1945 1388 2080 1442 ﬁat:

444 1481 544 1534 sed
579 1479 634 1532 in
669 1477 834 1532 oculo
866 1493 964 1531 eas
995 1476 1194 1536 latere.
1257 1482 1312 1530 et
1371 1494 1484 1530 non
1545 1494 1716 1548 posse
1774 1478 1844 1530 ab
1905 1477 2086 1530 homi-

443 1569 618 1623 nibus
651 1565 1084 1636 comprehendi.

513 1659 672 1727 (Gap.
697 1655 808 1724 ΙΧ.)
840 1677 864 1702 u
901 1653 1084 1706 Omne
1115 1652 1219 1706 hoc
1244 1653 1376 1706 dedi
1427 1653 1484 1706 in
1538 1654 1707 1707 corde
1768 1670 1894 1708 meo
1929 1657 1966 1722 ι,
2027 1659 2086 1708 ut

443 1745 872 1800 oonsiderarem
904 1741 1209 1796 universa:
1245 1741 1384 1812 quia
1437 1741 1602 1810 justi,
1657 1747 1713 1796 et
1771 1743 2083 1814 StlpiCthS,

446 1840 502 1890 et
533 1850 708 1905 opera
725 1831 998 1886 earumin
1031 1847 1207 1884 manu
1237 1831 1486 1884 Domini.
1525 1835 1588 1884 Et
1619 1832 1856 1901 quidem
1899 1831 2086 1886 chari-

443 1929 644 1990 tatem,
677 1925 733 1976 et
753 1920 990 1991 quidem
1023 1920 1260 1973 odium:
1297 1937 1409 1973 non
1451 1924 1538 1972 est
1579 1935 1935 1989 cognoscens
1985 1920 2086 1973 ho-

446 2031 542 2068 mo
566 2011 764 2066 omnia
822 2011 880 2064 in
915 2009 1060 2062 facie
1109 2025 1332 2062 eorum.
1371 2031 1397 2056 »
1459 2009 1646 2062 Etiam
1695 2008 1849 2062 hunc
1895 2008 2086 2062 locum

446 2100 834 2174 Symmachus
867 2098 1237 2152 manifestius
1263 2099 1676 2167 interpretatus
1708 2107 1813 2164 est,
1848 2099 2085 2152 dicens:

451 2214 478 2242 α
511 2189 720 2246 Omnia
745 2189 866 2242 hinc
897 2187 1073 2242 statui
1105 2189 1124 2220 ³
1155 2187 1210 2240 in
1246 2187 1416 2240 corde
1447 2203 1596 2250 meo,
1643 2191 1707 2239 ut
1751 2186 2088 2240 ventilarem

447 2281 721 2336 universa
753 2293 765 2331 :
802 2275 940 2348 quia
971 2275 1186 2347 etjusti
1221 2280 1274 2330 et
1306 2275 1618 2346 sapientes,
1653 2279 1708 2329 et
1775 2292 1951 2346 opera
1996 2293 2090 2329 eo-

445 2387 580 2426 rum
611 2369 670 2422 in
703 2383 880 2422 manu
907 2367 1000 2420 Dei
1033 2365 1266 2420 sunt.Et
1297 2365 1536 2435 insuper
1559 2381 1744 2434 neque
1778 2363 2089 2434 amicitias,

447 2475 638 2524 neque
669 2455 1006 2510 inimicitias
1059 2454 1168 2508 scit
1223 2453 1430 2520 homo;
1487 2453 1586 2506 sed
1644 2453 1841 2506 omnia
1897 2469 2088 2508 coram

448 2547 796 2611 eisincerta,
831 2549 1136 2616 propterea
1165 2543 1320 2614 quod
1352 2543 1628 2596 omnibus
1682 2542 1956 2596 eveniunt
2015 2543 2090 2596 si-

450 2637 814 2706 milia,justo
845 2643 898 2687 et
965 2633 1205 2702 injusto.
1277 2632 1450 2685 Porro
1523 2631 1616 2684 hic
1685 2649 1898 2684 sensus
1966 2636 2090 2684 est:

449 2727 639 2782 Etiam
671 2726 729 2778 in
761 2724 870 2778 hoc
899 2723 1028 2776 dedi
1055 2737 1154 2774 cor
1183 2737 1402 2786 meum,
1435 2725 1491 2774 et
1538 2720 1689 2773 scire
1743 2719 1892 2774 volui
1945 2737 2092 2789 quos

455 2816 611 2870 Deus
643 2811 925 2882 diligeret,
959 2826 1105 2880 quos
1135 2809 1379 2863 odisset.
1421 2809 1490 2861 Et
1549 2807 1742 2862 inveni
1790 2808 2090 2877 justorum

453 2904 691 2976 quidem
728 2915 904 2972 opera
933 2898 991 2954 in
1015 2915 1192 2952 manu
1225 2897 1326 2951 Dei
1358 2912 1506 2964 esse,
1541 2903 1596 2950 et
1654 2901 1848 2950 tamen
1897 2901 2092 2950 utrum

451 2997 722 3048 amentur
749 3007 783 3043 a
815 2994 948 3055 Deo,
972 3005 1042 3042 an
1078 3003 1214 3054 non,
1247 3003 1400 3040 nunc
1432 3003 1528 3040 eos
1561 2985 1707 3039 scire
1759 3003 1868 3039 non
1927 3003 2095 3056 posse

453 3082 683 3139 etinter
727 3079 1070 3150 ambiguum
1135 3079 1445 3138 ﬂuctuare,
1507 3079 1702 3128 utrum
1763 3075 1830 3128 ad
1893 3077 2095 3146 proba-

453 3175 672 3230 tionem
717 3168 1046 3224 sustineant
1108 3183 1233 3236 qtue
1298 3163 1610 3230 sustinent,
1679 3181 1748 3217 an
1818 3165 1886 3218 ad
1958 3181 2094 3236 sup-

2119 1877 2166 1940 B

2189 592 2510 644 secundum
2545 591 2687 644 illud
2719 609 2731 645 :
2767 593 2973 659 .‘Jucri/ii
2997 593 3108 644 ium
3147 592 3250 644 1)ιό
3281 591 3510 660 Spiritus
3554 589 3840 643 contribu-

2191 681 2332 733 Ialus
2361 681 2530 748 (l’sal.
2569 699 2616 742 L,
2649 683 2754 748 19).

2265 793 2290 817 ι(
2329 771 2438 822 lloc
2469 779 2552 822 est
2587 770 2907 839 pessimum
2939 769 2996 822 in
3019 768 3178 822 omni
3203 769 3352 838 quod
3383 769 3596 820 factum
3615 771 3706 820 est
3727 765 3838 819 sub

2195 859 2359 911 sole:
2397 858 2534 926 quia
2575 865 2814 912 eventus
2847 875 3000 911 unus
3018 857 3312 910 omnibus.
3341 856 3520 910 Sedet
3551 871 3652 908 cor
3687 854 3842 908 lilio-

2195 963 2320 1000 rum
2342 947 2646 1000 hominum
2675 947 2958 1016 repletum
2989 952 3074 1000 est
3103 945 3344 1008 malitia,
3379 949 3436 1000 et
3465 959 3689 998 errores
3731 943 3840 1012 [.sll.

2193 1037 2406 1104 errore]
2443 1035 2496 1088 in
2523 1036 2692 1089 corde
2723 1053 2922 1088 eorum
2961 1036 3014 1087 in
3073 1035 3188 1088 vita
3247 1052 3372 1099 sua,
3431 1038 3486 1088 et
3539 1037 3668 1104 post
3713 1032 3836 1086 haec

2195 1127 2264 1178 ad
2293 1131 2572 1180 mortuos.
2609 1125 2748 1188 Quia
2783 1127 2912 1196 quis
2949 1131 3034 1178 est
3085 1127 3158 1195 [ni
3197 1123 3586 1178 Communicet
3619 1123 3676 1177 in
3709 1137 3836 1176 om-

2197 1231 2296 1266 nes
2329 1215 2634 1268 viventes?
2673 1239 2688 1260 n
2733 1216 2792 1267 lit
2827 1215 2932 1267 huc
2967 1214 3229 1282 apertius
3286 1230 3446 1266 n'mre
3503 1227 3609 1266 suo
3665 1211 3844 1264 inter-

2199 1309 2460 1372 pretatus
2489 1311 2576 1356 est
2599 1303 3212 1372 Symmachusnlieens
3245 1319 3256 1354 :
3285 1325 3308 1348 ‹‹
3348 1303 3454 1354 Sed
3488 1305 3544 1355 et
3565 1317 3662 1354 cor
3693 1299 3841 1353 lilio-

2197 1410 2322 1445 rum
2351 1393 2652 1446 hominum
2691 1393 2941 1462 repletur
2981 1393 3204 1445 malitia
3235 1397 3288 1444 et
3321 1390 3662 1460 procacitate
3701 1390 3838 1459 jux-

2197 1485 2255 1534 ta
2287 1499 2384 1534 cor
2413 1499 2610 1535 eorum
2649 1481 2702 1534 in
2739 1481 2854 1534 vita
2881 1499 3005 1534 sua.
3027 1479 3354 1534 Novissima
3385 1483 3576 1532 autem
3635 1493 3840 1532 eorum

2199 1571 2432 1623 veniant
2462 1571 2532 1623 ad
2568 1575 2848 1623 mortuos.
2885 1570 3023 1631 Quis
3055 1569 3210 1622 enini
3247 1573 3433 1638 [mtest
3461 1567 3518 1620 in
3543 1565 3842 1638 sempiter-

2201 1676 2336 1712 num
2373 1676 2736 1728 perseverare
2767 1659 3003 1712 vivens?
3039 1681 3061 1704 ››
3117 1659 3394 1711 Ιῧυιηᾱυιιι
3447 1659 3638 1709 autem
3701 1671 3840 1710 sen-

2199 1765 2326 1801 sum
2361 1747 2660 1817 b‘criptura
2693 1748 2916 1816 repetit.
2951 1747 3156 1816 dequo
3207 1745 3377 1816 paulo
3447 1749 3576 1798 ante
3633 1749 3846 1798 tracta-

2197 1835 2566 1904 vir‘x1119,q11od
2595 1852 2724 1888 cum
2749 1835 2942 1888 omnia
2960 1835 3256 1904 :equaliter
3275 1832 3844 1888 eveniantuniversis

2199 1931 2254 1978 et.
2287 1925 2538 1977 nullasit
2565 1925 2618 1976 in
2653 1925 2819 1977 bonis
2852 1924 3212 1978 sustinendis
3257 1922 3498 1976 malisve
3543 1921 3844 1986 discretio,

2197 2013 2284 2066 vel
2319 2019 2469 2066 certe
2495 2013 2698 2083 a‘qunli
2729 2019 2909 2067 morte
2933 2015 3000 2066 de
3029 2014 3134 2067 hoc
3163 2012 3373 2066 saeculo
3399 2010 3846 2066 subtrahamur:

2201 2103 2586 2156 nihilominus
2642 2103 2936 2156 erroribus
3003 2111 3058 2156 et
3117 2102 3460 2172 procacitate
3497 2103 3554 2154 et
3615 2097 3850 2153 malitia

2201 2191 2550 2262 repleamur,
2595 2197 2650 2245 et
2681 2197 2810 2262 post
2843 2193 2960 2245 haec
3018 2192 3218 2244 omnia
3284 2190 3475 2244 subito
3544 2189 3850 2259 rapiamur

2201 2281 2564 2350 interitugll.
2615 2281 2670 2333 in
2731 2281 3119 2348 interitum‘ﬂ,
3183 2296 3286 2333 nec
3347 2279 3498 2332 ultra
3545 2277 3846 2348 possimus

2201 2387 2334 2424 cum
2357 2370 2682 2423 viventibus
2709 2369 2919 2422 habere
2946 2368 3326 2422 consortium.
3363 2365 3462 2420 Vel
3513 2369 3666 2420 certe
3719 2367 3806 2420 sic
3833 2381 3846 2417 :

2201 2459 2484 2523 Quoniam
2520 2474 2858 2512 communes
2892 2457 3194 2528 augustim,
3225 2463 3282 2508 ct
3331 2456 3524 2525 jnstos
3579 2459 3638 2508 et
3687 2453 3850 2523 inju-

2202 2551 2322 2602 stos
2351 2547 2862 2617 premunt.idcirco
2889 2547 2958 2600 ad
2987 2551 3220 2616 peccata
3245 2545 3510 2598 homines
3535 2557 3850 2614 provocan-

2201 2641 2331 2690 tur:
2365 2641 2415 2690 et
2449 2641 2639 2689 tamen
2677 2643 2802 2706 post
2833 2653 3034 2690 omnes
3059 2639 3322 2692 conatus.
3356 2633 3570 2704 quibus
3627 2632 3852 2686 frustra

2203 2726 2314 2778 nisi
2351 2729 2508 2786 sunt,
2535 2726 2674 2778 dum
2711 2725 2998 2794 ignorant,
3047 2724 3116 2776 ad
3179 2723 3404 2776 interna
3459 2719 3848 2774 descendunt.

2278 2837 2304 2862 ››
2337 2815 2436 2867 Est
2493 2815 2864 2874 contidentia,
2902 2812 3176 2883 quoniam
3201 2811 3363 2865 canis
3395 2811 3590 2864 vivens
3641 2807 3854 2862 melior

2203 2907 2290 2958 est
2323 2921 2354 2956 a
2388 2903 2548 2956 leone
2587 2903 2606 2934 ⁷
2641 2907 2897 2955 mortuo:
2935 2901 3090 2971 _quia
3143 2899 3394 2952 viventes
3441 2897 3632 2952 sciunt
3687 2896 3848 2966 quod

2205 2993 2552 3054 moriantur,
2584 2997 2638 3044 et
2663 2991 2872 3044 mortui
2913 2991 3176 3044 nesciunt
3215 2989 3558 3058 quidquam,
3615 2989 3670 3040 et
3731 3001 3850 3038 non

2205 3086 2292 3136 est
2323 3081 2402 3134 eis
2428 3081 2937 3152 aimiliusmerccs.
2967 3081 3025 3132 In
3058 3079 3345 3132 oblivione
3367 3077 3521 3130 enim
3543 3073 3698 3130 venit
3727 3089 3852 3129 me-

2207 3171 2388 3224 moria
2417 3187 2638 3224 eorum.
2675 3170 2782 3223 Sed
2817 3169 3122 3223 ctdilectio
3155 3184 3379 3232 eorum,
3413 3171 3466 3220 et
3495 3163 3692 3220 odium
3751 3179 3850 3218 eo-

461 3263 701 3337 plicium
724 3260 764 3313 3.
793 3259 856 3312 In
923 3259 1119 3310 futuro
1186 3255 1365 3325 igitur
1431 3253 1634 3320 scient,
1701 3259 1756 3308 et
1809 3253 1864 3306 in
1933 3252 2096 3308 vultu
2131 3248 2172 3312 C
2215 3277 2365 3324 rum,
2400 3265 2450 3314 et
2485 3259 2640 3313 zelus
2663 3277 2862 3312 eorum
2915 3260 3035 3328 jam
3073 3257 3240 3328 periit
3273 3274 3286 3309 :
3321 3261 3376 3310 et
3407 3273 3538 3326 pars
3586 3271 3702 3308 non
3761 3257 3854 3308 est

465 3369 667 3410 eorum
700 3352 839 3402 sunt
867 3346 1084 3410 omnia,
1111 3344 1166 3398 id
1203 3349 1308 3409 est,
1345 3342 1632 3398 antecedit
1663 3358 1780 3409 eos,
1828 3359 1960 3396 cum
2029 3344 2098 3398 de

459 3444 582 3500 vita
611 3441 719 3494 hac
741 3435 1106 3500 recesserint,
1141 3433 1344 3487 notitia
1374 3433 1545 3486 istius
1604 3431 1704 3496 rei,
1774 3432 1912 3502 quia
1961 3435 2098 3486 tunc

456 3537 546 3588 est
566 3529 877 3602 judicium,
908 3531 964 3580 et
991 3541 1146 3579 nunc
1176 3529 1486 3578 certamen.
1509 3523 1576 3576 Et
1607 3521 1961 3591 quicumque
1993 3523 2098 3576 ad-

453 3639 624 3678 versa
641 3617 956 3686 sustinent,
991 3621 1188 3668 utrum
1209 3629 1308 3684 per
1334 3629 1592 3666 amorem
1611 3611 1710 3664 Dei
1745 3611 2094 3680 sustineant,

453 3719 512 3769 ut
547 3713 676 3780 Job,
710 3726 782 3764 an
817 3723 916 3778 per
946 3703 1168 3772 odium,
1203 3707 1264 3756 ut
1293 3701 1526 3772 plurimi
1555 3705 1909 3770 peccatores,
1943 3715 2096 3754 nunc

449 3803 701 3860 habetur
724 3798 1038 3852 incertum.

524 3913 552 3942 ι(
585 3891 644 3945 In
667 3887 944 3943 omnibus
976 3885 1215 3937 eventus
1247 3897 1422 3944 unus,
1453 3879 1613 3949 justo
1647 3883 1703 3932 et
1735 3875 2094 3948 impio,bono

451 3986 509 4038 et
535 3978 708 4045 malo,
745 3975 963 4030 mundo
995 3977 1050 4028 et
1083 3969 1320 4042 polluto,
1354 3967 1704 4022 sacriﬁcanti
1737 3971 1793 4021 et
1837 3985 1950 4020 non
2003 3985 2092 4021 sa-

455 4067 756 4126 crificanti.
790 4065 882 4119 Sic
917 4063 1103 4116 bonus
1137 4065 1199 4116 ut
1231 4063 1516 4131 peccator,
1553 4057 1635 4111 sic
1681 4057 1879 4126 iurans
1940 4056 2092 4112 sicut

445 4160 849 4232 juramentum
883 4152 1095 4206 timens
1119 4151 1158 4204 ‘.
1187 4171 1213 4198 n
1246 4148 1398 4203 458
1421 4148 1501 4202 Ea
1539 4163 1664 4217 quze
1715 4163 1816 4218 per
1868 4163 1928 4201 se
1991 4163 2096 4200 nec

453 4249 609 4304 bona
641 4259 745 4299 nec
777 4241 928 4297 mala
961 4245 1118 4306 sunt,
1153 4239 1251 4294 sed
1277 4255 1310 4291 a
1349 4237 1714 4308 sapientibus
1745 4235 1934 4290 saeculi
1975 4252 2095 4290 me-

449 4337 548 4393 dia
577 4337 994 4405 nuncupantur
1023 4330 1184 4402 (quia
1207 4327 1505 4398 azqualiter
1535 4331 1592 4382 et
1615 4326 1796 4396 justis
1822 4325 2096 4380 eveniunt

451 4431 508 4482 et
541 4424 802 4498 injustis)
833 4419 1131 4493 simplices
1163 4433 1427 4489 quosque
1450 4416 1821 4482 conturbant,
1857 4431 1959 4468 cur
2015 4413 2096 4468 ita

451 4515 737 4582 eveniant,
772 4517 828 4566 et
857 4515 1160 4583 propterea
1189 4523 1302 4560 non
1337 4509 1545 4576 putant
1599 4521 1726 4556 esse
1777 4501 2092 4572 judicium,

450 4623 582 4660 cum
615 4601 880 4658 omnium
909 4613 1102 4652 rerum
1125 4597 1184 4649 in
1219 4595 1411 4648 futuro
1443 4591 1756 4646 discrimen
1791 4591 1960 4654 sit,et
2001 4590 2092 4644 hic
2124 4619 2169 4682 υ

448 4694 692 4749 confusa
757 4691 876 4746 sint
933 4685 1149 4741 omnia.
1211 4682 1373 4745 Quod
1431 4685 1624 4734 autem
1694 4678 1817 4732 ait:
1861 4681 2090 4734 Eventus

446 4787 525 4838 est
553 4797 695 4837 unus
727 4779 1004 4839 omnibus,
1023 4776 1173 4846 justo
1204 4774 1254 4824 et
1283 4771 1472 4840 impio,
1507 4769 1626 4824 sive
1678 4768 2084 4838 angustiarum

447 4873 568 4928 sive
599 4869 805 4926 mortis
837 4865 1129 4936 significat
1158 4863 1460 4914 eventum:
1495 4863 1553 4912 et
1585 4856 1796 4911 idcirco
1823 4875 1925 4912 nec
1949 4858 2086 4912 cha-

445 4963 674 5018 ritatem
695 4957 792 5012 Dei
833 4971 929 5010 eos
973 4952 1030 5005 in
1059 4967 1119 5004 se
1153 4964 1342 5014 nosse,
1411 4965 1512 5002 nec
1579 4947 1798 5001 odium.
1855 4949 2084 5002 Sacrifi-

443 5069 582 5109 cans
606 5062 837 5122 quoque
862 5047 918 5098 et
951 5057 1063 5094 non
1095 5037 1454 5105 sacriﬁcans,
1482 5040 1536 5091 et
1566 5043 1768 5090 castora
1798 5053 1925 5107 qua:
1954 5055 2084 5092 con-

515 5233 530 5266 ¹
563 5229 686 5284 Duo
721 5241 910 5279 mss...
933 5223 1118 5275 omnia
1147 5221 1263 5274 lure
1295 5217 1404 5271 ridi
1435 5219 1490 5272 in
1525 5217 1683 5272 corde
1711 5234 1844 5284 meo,
1881 5223 1988 5272 etc.

515 5305 534 5334 ²
565 5297 832 5364 Palatin.,
852 5295 1044 5348 Omnia
1077 5296 1192 5349 lum:
1223 5293 1512 5364 itaistutui.

513 5373 644 5425 ³Λη
677 5367 746 5422 ad
791 5363 1140 5437 supplicium.
1195 5363 1566 5416 (jorbeienses
1637 5379 1804 5428 mss.,
1873 5379 1945 5416 (ut
2009 5363 2082 5416 ad

432 5445 738 5516 judicium.
774 5441 1053 5516 Murrus.

511 5517 530 5548 "
559 5515 860 5584 Sicjurmzs
888 5509 1674 5584 sicutjzu'umcutimitumvis.
1741 5502 1915 5584 iidem
1990 5503 2080 5558 hic

435 5579 673 5658 legunt:
727 5585 814 5640 Sic
873 5579 1164 5652 pcrjurmis
1229 5581 1368 5634 sicut
1413 5579 1790 5648 juramealum
1860 5579 2076 5631 timens.

439 5661 880 5796 Μῗξῖζῗὲἔξῐιεεη
913 5729 1047 5798 Qua:
1075 5726 1378 5782 econtrario
1398 5723 1708 5788 numerata,
1733 5723 1842 5776 etc.

2209 3351 2292 3404 eis
2321 3350 2509 3403 adhuc
2545 3351 2598 3402 in
2635 3349 2844 3402 sarculo
2879 3349 2934 3401 in
2971 3347 3128 3402 omni
3161 3347 3312 3416 quod
3367 3349 3431 3399 tit
3487 3345 3595 3400 sub
3646 3343 3790 3399 sole.
3823 3365 3850 3388 ιι

2207 3439 2352 3501 Quia
2377 3457 2554 3508 supra
2585 3439 2824 3502 dixerat,
2882 3454 2979 3490 cor
3023 3437 3274 3490 filiorum
3337 3434 3636 3488 hominum
3693 3433 3850 3488 459

2211 3528 2438 3596 impleri
2475 3527 2696 3580 malitia
2718 3533 2773 3580 tt
2806 3527 3174 3596 procacitate,
3207 3530 3262 3578 et
3295 3531 3423 3595 post
3471 3523 3589 3576 haec
3649 3522 3854 3576 omnia

2209 3623 2392 3670 morte
2427 3617 2578 3669 tiniri
2607 3633 2618 3670 :
2657 3633 2806 3670 nunc
2841 3617 3040 3668 eadem
3074 3613 3320 3684 complet
3351 3619 3404 3668 et
3433 3612 3852 3684 repetitdonec

2209 3706 2405 3758 vivunt
2441 3705 2723 3772 homines,
2757 3721 2922 3774 posse
2955 3721 3052 3757 eos
3077 3706 3270 3772 justos
3317 3701 3456 3772 fieri,
3513 3704 3643 3772 post
3693 3715 3850 3754 mor-

2205 3799 2321 3848 tem
2375 3812 2504 3848 vero
2555 3793 2774 3847 nullam
2839 3793 2974 3846 boni
3033 3793 3224 3862 operis
3279 3791 3402 3845 dari
3458 3790 3852 3845 occasionem.

2209 3884 2478 3938 Peccator
2525 3882 2678 3937 enim
2736 3883 2932 3936 vivens
3001 3885 3188 3952 potest
3247 3880 3450 3934 melior
3505 3895 3632 3934 esse
3685 3879 3850 3948 justo

2209 3972 2512 4037 tiioituo,si
2547 3971 2790 4025 voluerit
2823 3971 2890 4023 ad
2951 3971 3079 4040 ejus
3129 3969 3376 4022 transire
3427 3967 3690 4021 virtutes.
3745 3965 3852 4020 Vel

2205 4067 2355 4116 certe
2387 4077 2471 4124 eo,
2510 4060 2702 4130 quise
2753 4061 2806 4112 in
2869 4059 3109 4122 malitia,
3163 4057 3436 4128 potentia,
3495 4053 3844 4128 procacitate

2195 4151 2474 4220 jactabat,
2511 4155 2566 4204 et
2631 4155 2894 4203 mortuus
2957 4147 3148 4208 fuerit,
3212 4145 3414 4200 melior
3472 4149 3658 4216 potest
3703 4143 3842 4214 quis

2207 4256 2426 4312 pauper
2457 4257 2584 4292 esse
2615 4244 2670 4292 et
2700 4238 3023 4290 vilissimus
3055 4239 3094 4290 ⁸.
3128 4239 3314 4300 Quare
3337 4235 3363 4288 ?
3395 4235 3530 4305 quia
3583 4233 3848 4288 viventes

2207 4335 2364 4382 metu
2397 4327 2599 4380 mortis
2635 4333 2880 4396 possunt
2911 4327 3062 4380 bona
3089 4341 3264 4396 opera
3295 4327 3622 4395 perpetrare
3648 4339 3662 4376 :
3695 4339 3850 4377 mor-

2207 4418 2288 4470 tui
2323 4433 2452 4470 vero
2495 4414 2638 4468 nihil
2671 4415 2865 4468 valent
2897 4416 2964 4470 ad
3013 4414 3070 4468 id
3129 4414 3396 4484 adjicere,
3453 4412 3602 4484 quod
3665 4409 3844 4466 semel

2205 4521 2402 4558 secum
2439 4504 2616 4557 tulere
2649 4503 2896 4557 devita:
2945 4507 3000 4557 et
3057 4502 3344 4556 oblivione
3401 4499 3660 4555 involuta
3707 4503 3848 4554 sunt.

2204 4592 2419 4660 omnia,
2449 4593 2618 4661 juxta
2649 4593 2788 4646 illud
2826 4593 2978 4662 quod
3009 4591 3064 4646 in
3093 4591 3322 4646 Psalmo
3377 4590 3658 4661 scriptum
3715 4593 3842 4644 est:

2200 4682 2473 4736 ()lilirioui
2529 4682 2692 4736 datus
2749 4699 2888 4746 sum,
2949 4689 3216 4750 umquam
3267 4689 3509 4736 mortuus
3580 4697 3614 4732 τι
3684 4677 3844 4732 corde

2198 4773 2367 4842 (Paul.
2401 4789 2525 4830 xxx.
2564 4773 2668 4838 lit).
2704 4771 2809 4824 Sed
2847 4774 2902 4824 et
2953 4769 3184 4824 dilectio
3220 4787 3443 4832 eorum,
3504 4771 3560 4822 et
3613 4766 3840 4836 odium,

2195 4867 2250 4914 et
2280 4860 2588 4928 (emutatio.
2625 4865 2680 4912 et
2710 4875 2880 4913 omne
2933 4859 3086 4928 quod
3123 4858 3178 4912 in
3215 4859 3422 4912 δευουιο
3483 4857 3694 4912 habere
3737 4872 3840 4926 po-

2197 4955 2450 5016 tuerunt,
2487 4951 2689 5002 mortis
2718 4948 2920 5002 linitur
2956 4949 3204 5000 adventu
3243 4966 3254 5014 ;
3317 4964 3420 5002 nec
3469 4947 3626 5016 juste
3667 4943 3842 5016 quid-

2196 5056 2370 5110 quam
2397 5041 2565 5108 jam”
2599 5041 3049 5108 possuntagere,
3081 5053 3184 5090 nec
3237 5053 3492 5108 peccare,
3549 5051 3652 5090 nec
3709 5033 3836 5088 vir-

2265 5222 2491 5273 “Subito
2523 5221 2810 5288 rapiuntur
2867 5217 3113 5268 im‘crii'u.
3157 5217 3268 5270 lloe
3329 5217 3466 5268 item
3511 5213 3632 5268 loco
3701 5211 3838 5266 reti-

2197 5299 2352 5354 nent,
2387 5293 2560 5344 subito
2600 5293 2886 5358 rupiamur
2928 5290 2980 5339 in
3018 5288 3604 5342 interitum.MAIiTIAN.

2263 5367 2280 5396 τ
2316 5365 2486 5416 Iidem
2525 5356 2671 5414 mss.
2701 5361 2921 5427 absque
2952 5377 2984 5411 (ι
3033 5360 3461 5428 prmi‘msitinne,
3521 5356 3714 5413 Melior
3761 5363 3842 5408 est

2193 5437 2367 5496 Ietmc,
2403 5441 2510 5487 etc.
2551 5434 2707 5486 linus
2743 5429 2986 5483 l‘alatin.
3018 5431 3204 5484 Melius
3227 5439 3304 5484 est.
3337 5433 3507 5494 leone,
3541 5434 3648 5484 etc.

2261 5509 2278 5536 κ
2311 5507 2495 5559 Vatie.
2526 5511 2576 5560 et
2605 5504 2776 5558 l’alat.
2812 5501 2994 5570 aliter,
3031 5505 3134 5569 Qui
3168 5505 3244 5556 ris
3273 5519 3480 5573 pauper
3509 5515 3619 5554 esse
3667 5496 3836 5552 vilis-

2193 5595 2386 5630 .S'Inlll-S.

2263 5655 2287 5732 θ’.
2315 5651 2383 5732 ln'
2405 5667 2546 5706 mss.
2579 5647 2777 5720 quippe
2799 5645 2940 5718 jam,
2975 5661 3078 5720 pro
3115 5663 3227 5718 quo
3279 5645 3436 5720 legas
3493 5659 3608 5700 uno
3653 5639 3834 5698 verbo

2195 5737 2492 5798 .juzppumz.
