3996 6390
451 339 608 408 1139

1689 341 1754 409 S.
1803 343 2112 410 EUSEBII
2160 344 2627 411 HIERONYMI.

3703 343 3868 409 1140

452 477 944 548 naiei,etc63terae
962 478 1213 554 pecudes
1235 479 1740 556 philosophorum.
1768 482 1882 551 Ego
1897 486 2089 536 autem
2131 483 2175 548 A
2209 484 2418 540 strvlbll
2441 485 2545 540 tibi
2571 499 2690 540 eam
2721 484 2907 556 (Eccli.
2942 497 2960 538 ι
3015 479 3108 550 33)
3140 496 3155 539 :
3203 493 3504 540 servemus
3550 482 3860 554 mandata,

455 583 683 624 mecum
709 571 1017 643 diligenter
1029 572 1606 636 retractans,invenio
1623 589 1734 626 non
1747 577 1831 637 ,ut
1860 589 1891 643 q
1905 571 2101 626 uidam

453 657 604 714 male
633 659 947 731 aestimant,
980 661 1178 716 omnia
1210 661 1448 717 fortuito
1481 660 1626 734 geri,
1675 665 1730 716 et
1775 661 1990 716 variam
2043 659 2102 714 in

453 747 628 802 rebus
659 749 938 804 humanis
969 751 1258 806 fortunam
1295 751 1620 816 luderc,sed
1656 750 2103 820 cunctajudicio

452 836 553 894 Dei
584 838 938 912 fieri.Neque
959 842 1114 896 enim
1137 841 1299 897 velox
1317 842 1764 914 pedibus,suum
1789 841 2102 896 debetcur-

453 943 586 982 sum
617 933 844 1000 putare,
877 929 923 984 si
956 935 1188 997 currat;
1223 947 1410 1000 neque
1438 929 1672 985 fortisin
1695 947 1800 984 suo
1848 929 2104 984 conﬁdat

454 1017 683 1086 robore,
717 1037 821 1076 nec
852 1019 1086 1092 sapiens
1119 1019 1346 1075 divitias
1379 1025 1436 1076 et
1479 1035 1618 1092 opes
1662 1020 1911 1074 mstimet
1965 1035 2101 1090 pru-

453 1107 651 1164 dentia
679 1111 1021 1182 congregari
1057 1126 1069 1164 :
1101 1127 1204 1164 nec
1233 1109 1514 1180 eloquens
1545 1115 1602 1163 et
1631 1109 1840 1164 doetus
1873 1106 2100 1180 perelo-

455 1199 756 1270 quentiam
789 1204 848 1254 et
885 1199 1210 1255 doctrinam
1235 1199 1388 1271 apud
1421 1197 1702 1271 populum
1751 1198 2008 1252 invenire
2041 1212 2102 1251 se

455 1304 628 1360 posse
658 1287 904 1360 gratiam
941 1307 953 1344 :
987 1290 1087 1344 sed
1137 1287 1332 1343 omnia
1392 1289 1506 1344 Deo
1555 1287 1678 1343 fieri
1733 1287 2100 1360 disponente.

455 1377 524 1433 Et
544 1375 654 1432 nisi
688 1377 782 1433 ille
813 1395 918 1434 suo
959 1381 1170 1433 cuncta
1215 1377 1456 1433 arbitrio
1507 1375 1737 1442 rexerit,
1798 1381 1856 1431 et
1921 1374 2100 1430 sediti-

453 1465 670 1521 caverit
700 1466 1029 1533 domum,in
1059 1483 1272 1522 vanum
1303 1466 1760 1537 laboravereﬁll.
1793 1464 2100 1535 laborare],

455 1554 556 1627 qui
587 1556 877 1612 aediﬁcant
907 1573 1057 1612 eam.
1099 1555 1336 1612 Nisiille
1385 1553 1728 1610 custodierit
1783 1553 2099 1616 civitatem,

453 1643 514 1700 in
545 1661 759 1700 vanum
791 1644 1162 1718 vigilant,qui
1193 1644 1533 1700 custodiunt
1551 1660 1680 1698 eam
1715 1645 1888 1713 (Psat.
1911 1659 2100 1710 cxxvx,

433 1725 532 1804 ’1).
567 1733 692 1790 Non
725 1739 816 1789 est
843 1733 1060 1806 itaque,
1094 1738 1160 1789 ut
1189 1733 1271 1788 illi
1299 1738 1530 1805 putant,
1567 1749 1720 1787 unus
1751 1737 2012 1796 eventus,
2045 1738 2102 1786 et

455 1819 716 1878 incertus
744 1821 871 1877 vitaa
902 1821 1078 1894 hujus
1112 1827 1301 1879 status
1335 1839 1347 1877 :
1382 1821 1522 1893 quia
1546 1820 1781 1892 quando
1815 1838 1926 1876 non
1947 1821 2098 1876 aesti-
2133 1853 2180 1918 Β

458 1915 644 1978 mant,
678 1911 981 1983 repentina
1014 1917 1197 1967 morte
1228 1911 1501 1967 subducti
1534 1911 1603 1965 ad
1650 1911 1940 1982 judicium
2003 1927 2101 1964 ve-

457 1998 638 2055 nient.
674 1999 740 2055 Et
761 2000 1054 2072 quomodo
1087 1999 1275 2072 pisces
1302 2000 1475 2055 hamo
1507 2000 1819 2070 capiuntur
1864 2004 1921 2054 et
1967 1999 2099 2054 reti-

457 2087 593 2155 bus,
623 2093 679 2145 et
707 2106 840 2145 aves
895 2106 996 2162 per
1052 2105 1244 2146 aerem
1294 2088 1491 2144 liberte
1547 2088 1754 2159 laqueo
1813 2089 1954 2143 dum
2011 2105 2104 2143 ne-

458 2177 655 2234 sciunt
683 2178 998 2252 alligantur
1031 2195 1044 2234 :
1081 2179 1164 2235 sic
1185 2183 1242 2234 et
1271 2177 1540 2234 homines
1568 2195 1670 2250 pro
1733 2178 1936 2233 merito
1994 2194 2101 2232 suo

457 2267 529 2323 ad
579 2271 793 2323 aeterna
847 2267 1138 2340 supplicia
1194 2269 1580 2335 deducentur,
1657 2284 1790 2322 cum
1869 2271 2102 2340 repente

458 2371 618 2413 mors
644 2357 884 2427 venerit,
916 2362 972 2413 et
994 2357 1286 2428 judicium
1319 2356 1374 2411 in
1409 2373 1530 2420 eos,
1563 2355 1660 2428 qui
1697 2357 1984 2428 putabant
2014 2356 2102 2410 in-

457 2449 612 2502 certo
643 2451 798 2502 statu
829 2446 1028 2502 omnia
1059 2445 1328 2502 volutari.
1354 2446 1665 2516 Hazcjuxta
1693 2463 1826 2500 eum
1862 2462 2100 2500 sensum

457 2550 574 2606 quo
599 2533 849 2590 breviter
877 2533 1172 2588 voluimus
1231 2532 1502 2588 universa
1561 2531 2052 2602 comprehendere
2088 2548 2100 2585 :

460 2639 635 2689 nunc,
669 2623 836 2694 quasi
872 2640 986 2677 non
1021 2639 1090 2677 ex
1120 2620 1380 2687 alterius,
1417 2622 1516 2675 sed
1570 2638 1638 2675 ex
1690 2637 1798 2674 sua
1857 2638 2107 2692 persona

457 2708 753 2781 loquatur,
784 2709 1221 2780 interpretanda
1246 2715 1385 2762 sunt
1406 2708 1639 2780 singula
1671 2725 1684 2763 :
1716 2729 1738 2756 ε
1799 2707 1976 2772 Vade,
2007 2725 2106 2764 co-

462 2799 630 2854 mede
658 2797 718 2853 in
749 2797 950 2853 laetitia
983 2815 1193 2869 panem
1227 2803 1416 2864 tuum,
1449 2803 1508 2852 et
1533 2797 1662 2852 bibe
1684 2797 1742 2852 in
1768 2797 2106 2852 cordebono

467 2887 621 2944 402
686 2887 887 2942 vinum
943 2887 1200 2942 tuum‘:
1251 2887 1390 2958 quia
1448 2885 1926 2958 complacuerunt
1991 2886 2106 2941 Deo

469 2992 644 3048 opera
675 2981 794 3032 tua.
829 2998 857 3026 »
914 2975 1060 3040 Quia
1118 2975 1394 3043 didicisti,
1456 2975 1609 3047 quod
1672 2981 1856 3029 morte
1913 2975 2108 3030 omnia

471 3063 773 3133 ﬁniantur,
809 3064 945 3120 etin
1003 3065 1225 3120 inferno
1295 3081 1407 3120 non
1467 3064 1543 3119 sit
1591 3064 1952 3135 pmnitentia,
2007 3081 2108 3118 nec

463 3153 680 3226 aliquis
711 3153 784 3209 ad
819 3153 1064 3209 virtutes
1098 3170 1389 3215 recursus.
1428 3153 1568 3208 dum
1621 3154 1680 3208 in
1732 3153 1843 3208 isto
1901 3153 2110 3208 saeculo

2213 582 2269 630 et
2299 591 2508 646 panem
2534 579 2589 628 et
2618 573 2819 628 vinum
2846 570 3178 644 Spiritualia
3206 570 3462 627 invenire
3492 571 3853 643 poterimus.

2211 663 2318 730 Qui
2358 669 2552 718 autem
2585 662 2861 717 mandata
2891 679 3007 716 non
3040 665 3250 729 servat,
3275 664 3331 717 et
3360 660 3416 716 in
3442 661 3612 732 panis
3634 665 3693 718 et
3736 661 3860 716 vini

2215 753 2577 810 abundantia
2607 751 2909 824 gloriatur,
2942 751 3160 806 dicitur
3217 757 3275 806 et
3333 766 3434 822 per
3491 751 3703 806 Isaiam
3739 769 3754 807 :
3789 753 3866 807 Ne

2212 843 2359 898 dicas
2387 845 2573 904 etiam.
2595 857 2854 912 cognosco
2883 858 3000 894 eam
3033 858 3052 894 :
3090 856 3264 910 neque
3312 842 3629 911 cognovisti,
3687 857 3864 914 neque

2210 934 2334 1001 scis,
2396 947 2567 1002 neque
2615 949 2647 986 a
2702 932 2974 1002 principio
3030 931 3232 1000 aperui
3288 931 3390 984 tibi
3441 947 3604 986 aures
3631 933 3674 986 ⁸.
3733 931 3858 988 Scio

2212 1023 2360 1077 enim
2411 1023 2540 1092 quia
2595 1022 2940 1074 contemnens
2994 1023 3303 1074 rontemnes
3363 1018 3470 1088 [ΑΙ.
3529 1022 3857 1086 contemnis,

2212 1110 2391 1180 Graec,
2427 1109 2728 1179 ἀθετήσεις]
2761 1111 2888 1180 (lsa.
2929 1126 3117 1176 xwm,
3175 1111 3230 1178 8,
3284 1125 3386 1164 sec.
3455 1111 3618 1180 LXX).
3680 1110 3857 1166 Porro

2213 1199 2366 1272 quod
2401 1199 2456 1253 in
2489 1198 2872 1271 Septuaginta
2905 1196 3322 1270 interpretibus
3352 1197 3599 1254 dicitur:
3636 1198 3856 1270 «Veni,

2213 1289 2451 1344 comede
2483 1289 2540 1342 in
2572 1286 2771 1342 laetitia
2800 1303 3008 1359 panem
3036 1290 3202 1341 tuum
3220 1287 3261 1357 ⁸,
3301 1307 3321 1334 ι
3353 1287 3481 1358 ejus
3497 1286 3858 1344 Ecclesiastes

2211 1394 2317 1432 vox
2346 1381 2453 1444 est,
2488 1377 2588 1448 qui
2621 1376 2676 1430 in
2707 1375 3015 1446 Evangelio
3043 1375 3306 1447 loquitur
3333 1393 3346 1431 :
3403 1377 3508 1445 Qui
3561 1379 3700 1448 sitit,
3758 1395 3858 1434 ve-

2211 1466 2336 1520 niat
2363 1465 2432 1520 ad
2461 1482 2566 1535 me,
2599 1469 2647 1519 et
2680 1463 2829 1518 bibat
2855 1465 3038 1534 (Joan.
3072 1481 3172 1530 vn,
3216 1465 3326 1535 37).
3386 1465 3455 1520 Et
3512 1464 3568 1520 in
3622 1467 3858 1522 Prover-

2212 1554 2324 1609 biis
2360 1571 2371 1607 :
2406 1555 2604 1618 Venite,
2638 1553 2898 1608 comcdite
2926 1569 3090 1623 panes
3146 1569 3316 1620 meos,
3342 1561 3394 1609 et
3445 1554 3608 1609 bibite
3662 1555 3855 1610 vinum

2209 1659 2388 1697 meum
2419 1643 2603 1712 (Prov.
2625 1659 2700 1711 ιχ,
2731 1644 2806 1708 5).
2839 1644 2897 1697 In
2931 1644 3084 1696 omni
3109 1649 3347 1713 tempore
3373 1644 3483 1698 sint
3539 1645 3860 1700 vestimenta

2210 1733 2306 1785 tua
2336 1730 2590 1792 candida,
2622 1739 2672 1786 et
2700 1732 2880 1785 oleum
2912 1731 2976 1784 de
3017 1732 3196 1802 capite
3239 1735 3332 1786 tuo
3375 1747 3486 1786 non
3535 1732 3691 1788 desit.
3738 1731 3856 1788 Ha-

2211 1819 2366 1885 beto,
2401 1819 2609 1890 inquit,
2668 1836 2879 1892 corpus
2938 1820 3182 1874 mudum
3228 1825 3286 1874 et
3333 1824 3456 1876 esto
3501 1820 3857 1878 misericors.

2211 1907 2313 1964 Vel
2346 1909 2427 1963 ita
2459 1926 2471 1963 :
2507 1909 2629 1963 Non
2654 1908 2731 1964 sit
2763 1914 2993 1980 tempus
3027 1907 3085 1963 in
3131 1925 3246 1979 quo
3279 1909 3528 1965 candida
3582 1927 3695 1966 non
3754 1910 3860 1966 ha-

2213 1997 2351 2053 beas
2384 1998 2753 2067 vestimenta,
2788 2014 2925 2053 cave
2960 2013 3031 2052 ne
3054 1998 3289 2067 quando
3324 1997 3559 2070 pollutis
3588 1999 3860 2056 vestibus

2213 2086 2502 2142 induaris.
2563 2086 2820 2159 Populus
2870 2087 3086 2158 quippe
3131 2091 3398 2158 peccator
3454 2087 3507 2142 in
3590 2088 3860 2144 vestibus

2213 2176 2393 2231 fuscis
2423 2175 2642 2232 luxisse
2666 2175 3036 2231 describitur.
3060 2176 3146 2231 Tu
3168 2181 3363 2230 autem
3387 2176 3862 2246 induerelucem,

2211 2271 2268 2320 et
2301 2283 2414 2320 non
2449 2265 2942 2329 maledictionem,
2984 2282 3112 2336 qua
3162 2281 3338 2336 super
3371 2265 3586 2321 Judam
3638 2267 3863 2340 scripta

2212 2359 2332 2410 est:
2385 2353 2656 2409 Induatur
2739 2353 3176 2419 maledictionne,
3263 2356 3403 2409 sicut
3477 2357 3861 2412 vestimentum

2213 2442 2392 2514 (Psal.
2443 2459 2601 2504 cvm,
2663 2443 2772 2504 18).
2835 2443 3080 2498 Induere
3129 2443 3368 2508 viscera,
3426 2443 3859 2515 misericordiae,

2215 2531 2613 2602 benignitatis,
2648 2530 3018 2596 humilitatis,
3066 2531 3532 2596 mansuetidinis,
3565 2533 3861 2605 patientia:

2217 2622 2324 2691 [Αἰ.
2361 2620 2683 2693 sapientiae]
2737 2621 2960 2689 (Coloss.
3020 2620 3124 2688 ιιι).
3178 2621 3247 2675 Et
3301 2638 3434 2676 cum
3499 2622 3862 2694 exspoliatus

2218 2711 2397 2765 fueris
2429 2713 2676 2764 veterem
2709 2709 3006 2764 hominem
3057 2726 3189 2764 cum
3234 2710 3506 2781 operibus
3561 2712 3713 2782 ejus,
3769 2713 3862 2768 in-

2219 2799 2397 2854 duere
2420 2815 2654 2868 novum,
2689 2798 2785 2868 qui
2814 2802 3120 2852 renovatur
3151 2798 3220 2852 de
3252 2798 3342 2854 die
3397 2800 3550 2856 408
3583 2799 3640 2854 in
3674 2799 3857 2856 diem.

2218 2887 2380 2953 Quod
2408 2892 2600 2942 autem
2637 2886 2717 2942 ait
2751 2903 2763 2942 :
2798 2887 2860 2940 Et
2890 2887 3068 2942 oleum
3097 2886 3162 2942 de
3187 2889 3364 2958 capite
3391 2895 3481 2943 tuo
3515 2904 3626 2943 non
3669 2889 3858 2944 desit:

2220 2976 2521 3032 sciendum
2560 2980 2825 3031 naturam
2861 2976 3012 3031 hanc
3070 2991 3199 3030 esse
3249 2975 3380 3046 olei,
3432 2981 3495 3031 ut
3543 2981 3602 3032 et
3657 2975 3858 3032 lumen

2219 3065 2338 3121 alat
2365 3071 2421 3119 et
2453 3066 2740 3120 fossorum
2774 3064 2961 3120 solvat
2999 3063 3278 3120 laborem.
3339 3067 3439 3120 Est
3495 3065 3687 3121 oleum
3745 3067 3862 3138 spi-

2223 3154 2471 3223 rituale7,
2509 3153 2702 3210 oleum
2760 3154 3185 3222 exsultationis,
3243 3156 3312 3210 de
3369 3171 3484 3227 quo
3539 3155 3858 3212 scribitur:

463 3223 807 3313 es,'festina,
871 3243 1157 3298 contende
1219 3260 1388 3312 agere
1446 3241 1844 3314 paenitentiam
1876 3243 1896 3276 ³
1931 3243 2106 3296 :dum
2140 3223 2182 3290 C
2221 3248 2516 3315 Propterea
2544 3245 2711 3298 uncit
2741 3252 2790 3298 te
2821 3248 2990 3308 Deus,
3014 3249 3155 3300 Deus
3192 3253 3317 3298 tuus
3367 3223 3484 3300 oleo
3535 3245 3862 3301 exsultatio-

463 3329 648 3387 habes
677 3337 929 3404 tempus,
963 3331 1182 3387 labora.
1210 3331 1482 3386 Libenter
1503 3332 1656 3385 enim
1682 3331 1835 3386 Deus
1862 3331 2109 3403 suscipit

463 3419 862 3492 poenitentem.
922 3419 1105 3476 Aliter
1161 3437 1176 3475 τ
1236 3426 1292 3476 et
1349 3420 1691 3492 simpliciter
1745 3419 2105 3475 intellectum

459 3508 888 3580 prodest,juxta
915 3509 1058 3564 illud
1077 3494 1109 3564 ἐ
1146 3509 1268 3564 Sive
1327 3509 1692 3576 "inminentis,
1750 3512 1865 3564 sive
1897 3510 2104 3576 bibitis,

458 3599 576 3654 sive
597 3599 812 3678 aliquid
832 3600 1068 3670 facitis”,
1101 3601 1288 3653 omnia
1315 3601 1371 3653 in
1402 3601 1626 3654 nomine
1667 3600 1888 3652 Domini
1936 3598 2108 3672 facite

461 3687 505 3758 (1
533 3687 657 3744 Cor.
699 3688 872 3759 x31).
906 3689 975 3743 Et
1031 3688 1089 3742 in
1148 3687 1260 3742 alio
1327 3687 1450 3742 loco
1513 3704 1526 3742 :
1585 3710 1612 3737 ‹‹
1669 3688 1810 3741 Cum
1865 3687 2106 3742 consilio

454 3775 656 3833 vinum
691 3778 820 3833 bibe
840 3778 880 3831 ⁸.
918 3800 944 3826 ››
979 3777 1104 3832 Non
1146 3777 1299 3832 enim
1360 3777 1536 3832 habet
1589 3793 1784 3831 veram
1844 3775 2104 3831 laetitiam

455 3870 514 3922 et
539 3882 638 3922 cor
658 3867 900 3931 bonum,
924 3867 1024 3938 qui
1048 3867 1332 3921 creaturis
1356 3883 1536 3938 supra
1559 3865 1794 3920 modum
1821 3865 2102 3920 abutitur.

453 3954 661 4012 Melius
692 3962 884 4011 autem
919 3961 1008 4010 est
1066 3955 1150 4010 sic
1208 3953 1470 4010 sentire:
1525 3954 1708 4025 Cujus
1765 3953 2107 4026 placuerunt

455 4060 634 4116 opera
665 4060 858 4098 coram
891 4044 1403 4116 Deo,nequaquam
1431 4041 1690 4114 indigere
1723 4044 1931 4114 poterit
1973 4060 2104 4100 vero

456 4148 607 4204 pane
635 4139 687 4187 et
721 4131 1031 4204 vino,quod
1065 4131 1352 4188 calcatum
1388 4135 1476 4187 est
1523 4131 1593 4187 de
1651 4131 1817 4187 vinea
1863 4132 2099 4187 Sorech.

455 4220 602 4276 Dato
641 4221 810 4276 nobis
840 4221 1034 4294 itaque
1091 4226 1399 4293 praecepto,
1469 4221 1622 4292 quod
1677 4221 1818 4275 dicit
1849 4239 1861 4276 :
1889 4222 2102 4277 Deside-

455 4311 598 4365 rasti
620 4311 968 4382 sapientiam,
1023 4326 1180 4366 serva
1221 4309 1507 4376 mandata,
1535 4316 1585 4364 et
1615 4311 1880 4364 Dominus
1939 4310 2105 4365 mini-

459 4471 694 4526 lnstitut.
729 4469 908 4525 Divin.
972 4469 1074 4524 lib.
1133 4487 1220 4536 ιιι,
1285 4485 1411 4538 cup.
1467 4471 1524 4522 7.
1583 4471 1852 4522 Assertor
1908 4475 2104 4524 tamen

455 4541 672 4596 dicitur
701 4541 1016 4612 voluptatis
1048 4541 1201 4611 apud
1241 4539 1678 4611 Hieronymum,
1721 4546 1778 4594 ct
1807 4539 1952 4594 alios
2006 4558 2100 4596 cc-

454 4613 810 4668 clesiasticos
843 4613 1178 4683 scriptores.
1211 4615 1494 4683 MAaTIAN.

527 4687 544 4720 ¹
583 4688 909 4738 Pronomen
943 4679 1118 4749 tuum,
1153 4682 1261 4737 hoc
1294 4681 1473 4736 altero
1507 4679 1632 4734 loco
1676 4681 1792 4734 duo
1853 4679 2101 4736 Palatini

457 4772 600 4810 mss.
633 4755 925 4826 ignorant.

525 4829 548 4861 ²
575 4823 716 4882 Tres
744 4843 886 4880 mss.
921 4825 1213 4893 Contende,
1264 4841 1363 4894 age
1408 4823 1816 4895 pwnitentiam.
1870 4823 2102 4878 Leviora

452 4896 699 4954 inferius
729 4897 867 4951 vitia
904 4899 1306 4950 cmendamus.

522 4970 544 5003 ³
577 4969 756 5023 Vatic.
783 4969 953 5038 juxta
983 4967 1298 5036 Vulgatum
1334 4965 1732 5038 interpretem,
1779 4967 1889 5020 sive
1937 4965 2100 5022 aliud

489 5040 585 5096 uid
611 5037 816 5110 facitis.
848 5039 1331 5110 ‘Subsequentem
1379 5037 1689 5110 scripturae
1741 5042 1961 5092 textum
2031 5057 2100 5092 ex

489 5057 585 5096 uta
611 5057 816 5110 Iactus.
869 5057 1331 5108 DUUSCQUCHICID
1380 5057 1689 5107 Dcrlpturie
1742 5057 1961 5092 ιρΧιυῐΠ
2031 5057 2095 5092 ex

451 5057 810 5167 groverbior.
847 5107 994 5162 libro
1034 5124 1160 5180 cap.
1194 5125 1344 5176 wi,
1382 5109 1476 5162 ubi
1513 5109 1719 5180 capitis
1764 5127 1894 5163 xxxr
1945 5111 2095 5180 frag-

453 5187 719 5254 mentum
751 5180 1028 5254 inseritur
1149 5181 1342 5236 Graeco
1401 5197 1548 5235 vers.
1585 5177 1597 5180 ⁷
1618 5181 1669 5248 4,
1706 5180 1864 5254 *μετά
1891 5177 2096 5254 βουλῆς

363 5307 376 5318 ,
453 5251 746 5320 οίνοποτει,
782 5250 1009 5305 desumi
1054 5251 1421 5306 Martiana-us
1453 5251 1766 5306 adnotavit.

522 5325 544 5358 ⁴
573 5324 709 5378 Cum
737 5323 1168 5378 consiliom'num
1218 5324 1359 5378 bibe.
1417 5326 1710 5387 Quantum
1771 5339 1862 5377 me
1910 5327 2092 5378 torse-

452 5394 529 5449 rit
558 5395 721 5466 locus
752 5393 880 5462 iste,
925 5395 1013 5448 vix
1075 5395 1228 5451 credi
1291 5401 1504 5466 potest:
1559 5412 1692 5449 nam
1750 5396 2096 5466 scopulosus

451 5466 548 5538 diu
585 5464 722 5518 mihi
755 5467 867 5538 iuit
900 5473 1130 5537 propter
1176 5464 1526 5521 Eraénniana:
1585 5464 1867 5522 editionis
1921 5468 2097 5538 impe-

451 5537 666 5609 ritiam,
701 5537 770 5609 ad
803 5539 970 5605 cujus
1028 5539 1196 5592 tidem
1249 5539 1574 5609 qiuorctmm
1635 5538 1784 5606 apud
1851 5537 2092 5593 Paulum

453 5608 630 5680 Epist.
663 5608 732 5662 at
761 5608 1056 5680 'l‘himotb.
1091 5628 1216 5680 cap.
1252 5608 1304 5666 ν,
1340 5612 1490 5678 quod
1529 5609 1822 5662 invenitur
1874 5609 1930 5663 in
1980 5611 2099 5664 eili-

447 5679 604 5737 tibne
624 5682 819 5736 GI'tECt).
852 5679 1291 5737 I’rovorbioiuni
1333 5681 1881 5751 Salomoniscapﬂi
1918 5700 2094 5754 prope

2215 3350 2304 3388 nis
2332 3351 2444 3404 pne
2495 3334 2858 3404 participibus
2907 3333 3016 3388 tuis
3073 3333 3248 3404 (Psal.
3283 3350 3409 3398 xcv,
3441 3335 3516 3404 8).
3551 3334 3666 3389 Hoc
3733 3333 3858 3390 oleo

2217 3421 2414 3478 vultus
2472 3427 2669 3476 noster
2723 3419 3142 3476 exhilarandus
3200 3426 3309 3476 est.
3364 3423 3480 3477 Hoc
3528 3423 3860 3494 jejunantis

2225 3511 2608 3583 unguendum
2649 3515 2841 3582 caput,
2878 3511 3027 3581 quod
3064 3512 3431 3582 peccatores“
3488 3511 3702 3568 habere
3743 3528 3860 3568 non

2220 3605 2486 3673 possunt.
2522 3599 2737 3671 quibus
2768 3599 3018 3654 dicitur:
3053 3601 3166 3654 Non
3215 3608 3294 3654 est
3349 3601 3630 3670 malagma
3687 3603 3859 3673 impa-

2214 3706 2361 3755 nere,
2408 3705 2582 3759 neque
2619 3691 2823 3754 oleum,
2883 3705 3056 3760 neque
3129 3689 3455 3760 alligaturus
3529 3691 3652 3759 (lsa.
3685 3707 3725 3757 r,
3774 3692 3858 3758 6).

2215 3777 2442 3833 Habent
2470 3777 2624 3832 enim
2649 3777 2840 3832 oleum
2875 3779 3258 3839 contrarium.
3317 3779 3468 3849 quod
3520 3779 3606 3833 vir
3653 3779 3861 3850 justus

2215 3867 2555 3935 detestatur,
2591 3868 2788 3921 dicens
2822 3883 2834 3920 :
2865 3867 3053 3922 Oleum
3082 3870 3377 3936 peccatoris
3405 3883 3515 3922 non
3557 3869 3862 3938 impiuguet

2213 3961 2374 4026 caput
2404 3972 2585 4010 meum
2637 3955 2806 4023 (Psal.
2862 3971 2973 4024 σιν,
3027 3955 3100 4025 5).
3165 3954 3282 4010 Hoc
3342 3955 3534 4011 oleum
3600 3956 3857 4012 Ῑιωιιθιιοὶ

2218 4044 2455 4115 habent,
2489 4050 2544 4100 et
2572 4061 2638 4099 eo
2669 4043 2916 4115 cupiunt
2944 4043 3318 4115 deceptorum
3381 4045 3571 4114 capita
3628 4045 3858 4117 perfun-

2214 4134 2369 4189 dere.

2287 4246 2312 4271 ‹‹
2347 4222 2489 4276 Vide
2519 4221 2695 4276 vitam
2730 4237 2863 4275 cum
2891 4219 3151 4288 muliere,
3185 4239 3359 4294 quam
3418 4221 3672 4278 dilexisti
3735 4239 3856 4278 om-

2215 4311 2612 4366 nibusdiebus
2650 4309 2779 4364 vita:
2837 4309 3111 4365 vanitatis
3169 4312 3336 4379 tute“,
3387 4311 3488 4383 qui
3538 4311 3656 4366 dati
3713 4318 3857 4368 sunt

2216 4473 2414 4544 ﬁnem,
2448 4471 2546 4544 ubi
2599 4469 2720 4525 haec
2771 4472 2987 4544 inserta
3042 4470 3362 4544 leguntur:
3430 4470 3573 4524 Μετὰ
3642 4470 3850 4544 βουλῆς

2214 4543 2386 4595 πάντα
2416 4541 2579 4610 ποίει,
2655 4542 2788 4612 μετά
2843 4539 3049 4614 βουλῆς
3101 4539 3407 4600 ὀὶνοπότει.
3461 4543 3515 4597 id
3565 4539 3672 4613 est,
3716 4544 3850 4598 Cum

2209 4615 2436 4669 consilio
2465 4616 2653 4670 omnia
2684 4618 2774 4682 [ac
2802 4631 2820 4668 :
2849 4630 2972 4669 cum
3004 4616 3237 4670 consilio
3266 4617 3456 4670 vinum
3499 4614 3637 4669 bibe.
3696 4615 3853 4670 Msa-

2207 4703 2360 4741 TIAN.

2218 4828 2240 4846 μ
2282 4759 2302 4790 ⁵
2333 4760 2517 4897 latntes
2547 4760 2670 4811 erat
2692 4759 2930 4828 aperuit,
2965 4757 3349 4813 renitentibus
3379 4775 3520 4814 mss.
3552 4762 3609 4812 et
3655 4756 3850 4813 Graeco

2218 4848 2331 4896 nvo:
2367 4847 2416 4882 α.

2209 4847 2416 4896 ηνοιζα.

2278 4902 2300 4936 ⁸
2332 4900 2507 4953 Addit
2535 4897 2752 4954 Victor.
2781 4900 2845 4954 Et
2878 4899 2997 4955 bibe
3027 4901 3082 4953 in
3113 4900 3273 4957 corde
3301 4901 3436 4955 bono
3450 4901 3640 4955 vinum
3669 4904 3845 4956 tuum.

2280 5003 2346 5011 —-
2386 4971 2535 5044 Veni,
2563 4971 2882 5044 comedefin
2930 4972 3126 5026 laetitia
3172 4989 3374 5044 panem
3430 4977 3603 5044 tuum.
3647 4971 3848 5044 Graeca

2209 5050 2382 5115 atque
2416 5043 2621 5096 Latina
2655 5041 2908 5115 plurima
2937 5041 3239 5114 perperam
3271 5043 3364 5100 hic
3392 5042 3588 5115 addita
3646 5042 3849 5114 legun-

2209 5113 2382 5169 turin
2416 5120 2586 5169 antea
2619 5113 2790 5168 editis
2822 5113 2987 5169 libris
3018 5113 3240 5170 Erasm.
3285 5121 3342 5170 et
3389 5114 3628 5169 Marian.
3690 5113 3846 5172 Maa-

2206 5205 2355 5242 ΤῙΛΝ.

2278 5259 2296 5292 ⁷
2329 5257 2544 5311 Victor.
2580 5256 2639 5328 Et
2671 5256 2850 5328 oleum
2873 5257 3136 5322 salutare,
3169 5261 3219 5328 et
3250 5258 3558 5328 spirituale.

2277 5331 2297 5362 ⁸
2331 5333 2512 5382 Penes
2545 5325 2878 5392 Alcuinnm,
2912 5328 3002 5380 cui
3036 5333 3092 5382 et
3125 5325 3364 5383 Palatin.
3399 5328 3542 5383 alter
3563 5345 3673 5383 ms.
3715 5345 3844 5385 con-

2207 5401 2368 5466 cinit,
2403 5401 2506 5453 Hoc
2551 5399 2859 5468 iejmmntes
2887 5404 3230 5471 unguentum
3262 5402 3318 5454 in
3350 5403 3525 5471 capite
3579 5400 3837 5468 habeant,

2207 5473 2346 5544 quod
2373 5476 2846 5544 peceatoresKelc.
2879 5470 3113 5544 Veteres
3135 5472 3268 5526 editi
3300 5470 3584 5527 ubhtdunt
3605 5471 3700 5528 his
3721 5490 3841 5528 ver-

2209 5541 2319 5600 bis.
2355 5544 2434 5596 At!
2460 5541 2818 5613 unguendum
2838 5545 2994 5613 caput
3025 5543 3239 5598 habent.

2277 5614 2444 5668 9Duo
2477 5612 2720 5666 Palatini
2766 5612 2956 5667 mss.:
3027 5616 3146 5669 l’ire
3194 5617 3362 5669 vitam
3409 5631 3528 5668 cum
3585 5615 3842 5679 muliere,

2207 5702 2370 5756 quam
2409 5686 2653 5740 tltlt’l‘tsli
2683 5687 2937 5740 omnibus
2963 5685 3148 5741 diebus
3201 5689 3458 5742 vanitatis
3515 5690 3641 5741 law.
3703 5686 3840 5754 Quia
