3996 6406
208 385 359 455 ΜΗ

1213 391 1833 463 COMMENTARIUS
1877 395 1956 463 IN
2001 399 2604 466 ECCLESIASTEN.

3453 397 3610 467 H42

208 525 319 584 tibi
351 529 461 585 sub
494 528 648 587 sole:
685 529 822 603 quia
853 527 972 586 hinc
1003 535 1090 586 est
1122 547 1256 603 pars
1306 537 1405 589 tua
1436 535 1492 588 in
1545 537 1660 589 vita
1693 543 1748 589 et
1795 535 1850 588 in
1883 537 1936 602 Α
1967 534 2089 606 ipse
2121 535 2339 607 absque
2370 537 2635 608 adjutore
2657 539 2765 594 Deo
2784 532 2853 594 ad
2874 529 3092 594 calcem
3126 554 3239 596 non
3271 529 3461 612 potest
3478 552 3611 611 per-

212 615 430 686 labere,
466 637 579 691 quo
615 626 673 676 tu
707 621 938 676 laboras
979 623 1086 675 sub
1129 624 1266 676 sole.
1307 647 1330 671 ››
1364 626 1721 695 Sapientiam
1764 641 1852 678 se-

211 724 392 780 quere
423 714 480 765 et
509 710 812 765 scientiam
859 711 1313 781 Scripturarum,
1369 720 1424 767 et
1475 716 1618 768 hanc
1660 714 1764 769 tibi
1796 714 1854 767 in

211 799 554 870 conjugium
607 800 808 872 copula
861 803 930 854 de
979 817 1094 870 qua
1142 801 1197 854 in
1251 805 1572 857 Proverbiis
1603 804 1850 858 dicitur:

210 889 344 944 Ama
376 890 558 957 illam,
593 899 640 943 et
671 892 905 944 servabit
937 897 1021 947 te:
1073 894 1389 962 (immorare
1441 896 1616 952 illam.
1669 902 1717 947 (ιι
1746 894 1852 946 rir-

209 979 487 1033 cumdubit
536 987 584 1033 te
631 981 812 1046 (Prov.
866 998 936 1046 ιν,
988 985 1061 1051 8).
1130 985 1254 1038 Dies
1305 990 1496 1038 autem
1560 981 1851 1044 vanitatis,

211 1068 338 1123 dies
367 1069 543 1137 hujus
563 1069 756 1123 smeuli
785 1087 1033 1142 nequam
1060 1074 1392 1141 signiticant
1419 1075 1500 1142 [ΑΙ
1524 1071 1852 1139 significat].

213 1161 292 1212 De
325 1174 438 1227 quo
470 1162 527 1211 et
554 1159 866 1227 Apostolus
909 1178 1021 1213 non
1075 1167 1243 1215 tacet.
1298 1164 1455 1225 Quod
1510 1169 1703 1216 autem
1737 1161 1854 1214 ait:

211 1268 241 1295 ‹‹
281 1246 420 1300 Vide
487 1247 662 1300 vitam
735 1265 866 1302 cum
903 1249 1166 1314 muliere,
1232 1269 1406 1321 quam
1475 1251 1725 1308 dilexisti
1756 1254 1793 1318 ',
1831 1272 1850 1299 ι

211 1334 485 1406 ambigue
517 1335 734 1389 dictum
770 1344 876 1401 est,
910 1339 1026 1392 sive
1061 1340 1186 1393 vide
1244 1348 1300 1394 et
1349 1341 1743 1411 contemplare
1773 1341 1854 1393 vi-

212 1426 361 1489 tam,
393 1428 449 1478 et
475 1423 599 1494 ipse
632 1430 686 1478 et
718 1443 860 1479 uxor
891 1433 988 1481 tua
1038 1435 1227 1482 tecum
1262 1432 1398 1497 (non
1449 1430 1600 1482 enim
1646 1429 1858 1498 poteris

214 1513 344 1567 sine
371 1513 470 1567 tali
504 1531 678 1568 uxore
709 1514 869 1568 solus
903 1517 1091 1572 videre
1147 1518 1362 1587 vitam),
1399 1519 1515 1572 sivo
1549 1523 1859 1587 utrumque

215 1602 544 1667 considera,
577 1607 630 1657 et
661 1603 788 1657 vide
817 1605 1012 1672 vitam,
1048 1611 1101 1659 et
1137 1606 1437 1660 mulierem
1473 1608 1678 1660 diebus
1704 1607 1858 1660 vani-

213 1691 355 1746 tatis
388 1695 518 1746 tua}.
554 1693 617 1745 Et.
651 1692 888 1762 pulchre
924 1695 1195 1765 prarcipit,
1244 1701 1303 1748 ut
1333 1695 1388 1749 in
1434 1697 1639 1750 diebus
1699 1696 1858 1750 vani-

213 1779 354 1834 tatis
385 1785 593 1834 nostraz
624 1798 815 1836 veram
850 1784 1023 1836 vitam
1047 1802 1176 1837 cum
1204 1785 1489 1855 sapientia
1512 1803 1686 1839 uxore
1709 1803 1858 1855 quae-

213 1884 439 1922 ramus.
494 1869 621 1922 Haec
654 1871 806 1924 enim
861 1890 993 1942 pars
1026 1878 1223 1926 nostra
1276 1878 1381 1936 est,
1417 1880 1471 1927 et
1519 1874 1610 1927 hic
1643 1874 1859 1928 laboris

215 1955 462 2026 fructus,
500 1957 546 2011 si
583 1957 641 2010 in
672 1959 776 2012 hac
817 1959 932 2013 vita
965 1961 1262 2014 umbratili
1311 1961 1487 2015 vitam
1538 1979 1730 2016 veram
1767 1961 1853 2015 in-

211 2045 411 2100 venire
435 2046 753 2102 valeamus.

289 2134 557 2189 «Omnia
589 2153 714 2207 quae
747 2136 969 2191 invenit
1021 2155 1233 2193 manus
1285 2146 1403 2208 tua,
1459 2146 1521 2193 ut
1576 2141 1770 2207 facias,
1801 2139 1856 2192 in

213 2223 428 2278 virtute
460 2229 561 2278 tua
594 2226 718 2279 t'ac:
754 2227 890 2296 quia
924 2244 1034 2280 non
1071 2234 1158 2282 est
1189 2247 1354 2299 opus,
1390 2234 1444 2282 et
1479 2230 1771 2300 Ctjigittltlt),
1807 2234 1861 2282 et

208 2313 538 2380 scientia,et
570 2315 854 2384 sapientia
891 2317 940 2368 in
965 2317 1187 2371 interno
1230 2336 1344 2387 quo
1371 2325 1428 2372 tu
1453 2321 1614 2374 vadis
1648 2319 1805 2372 illuc.
1837 2340 1855 2365 ιο

219 2402 331 2456 Fac
361 2404 751 2472 quodcunque
787 2423 937 2457 nunc
972 2411 1151 2476 potes.
1196 2420 1240 2461 el
1283 2409 1511 2462 labora:
1559 2409 1695 2479 quia
1726 2425 1858 2462 cum

217 2491 290 2546 ad
321 2490 614 2545 infernum
660 2493 762 2561 {.ll.
802 2493 1050 2562 infernal,
1083 2497 1452 2551 descenderis
1480 2500 1516 2561 Ξ,
1553 2498 1714 2551 locus
1747 2514 1858 2550 non

216 2579 328 2634 erit
360 2581 727 2651 pmnitentizn.
774 2582 912 2635 Huic
955 2585 1092 2653 quid
1129 2585 1319 2639 simile
1352 2587 1693 2641 aSalvatore
1723 2605 1859 2656 pras-

224 2667 477 2738 cipitur:
515 2670 853 2740 Operamini,
887 2675 1037 2727 46.!
1069 2673 1191 2727 dum
1225 2676 1338 2727 dies
1370 2685 1443 2729 est
1475 2693 1485 2730 :
1521 2679 1690 2730 veniri
1731 2694 1860 2739 nom,

215 2758 432 2827 quando
474 2775 627 2814 uento
654 2763 849 2830 poterit
883 2764 1101 2830 operari
1133 2765 1304 2832 (Jorm.
1339 2784 1408 2830 1x,
1449 2768 1520 2828 si).
1566 2767 1723 2828 Quod
1761 2783 1862 2819 au~

217 2850 338 2900 tem
371 2845 487 2902 ait':
524 2851 591 2903 In
625 2851 840 2917 inferno
870 2869 972 2920 quo
1005 2861 1058 2905 tu
1095 2854 1244 2905 radis
1287 2856 1438 2917 illuc,
1487 2861 1621 2908 nota
1654 2861 1715 2908 ut
1762 2857 1862 2908 Sa-

221 2935 475 2991 muelem
511 2954 740 3008 quoqut:
772 2957 901 2993 vero
931 2939 986 2993 in
1043 2941 1264 2995 interno
1297 2945 1500 2997 credas
1553 2946 1764 2998 luisse:
1811 2950 1866 2997 et

224 3030 359 3079 ante
403 3026 715 3080 adventum
768 3029 1003 3098 Christi,
1051 3033 1320 3100 quamvis
1371 3039 1623 3088 sanctos.
1661 3051 1864 3087 omnes

217 3113 432 3168 inferni
465 3113 586 3185 lege
614 3117 896 3170 detentos.
951 3122 1122 3172 Porro
1192 3121 1341 3189 quod
1380 3122 1560 3174 sancti
1617 3129 1743 3192 νυ.ιὶ
1779 3141 1863 3176 rc-

224 3203 644 3258 surrectionen-
686 3206 912 3259 Domini
951 3225 1316 3279 nwpiaquam
1351 3216 1655 3265 teneantur
1689 3212 1741 3264 in
1778 3212 1862 3264 in-

1965 623 2157 679 venire
2179 627 2218 678 3.
2253 626 2360 680 Sed
2396 631 2451 680 et
2480 643 2610 681 cum
2646 627 2906 698 prtelium
2945 628 3119 683 fuerit
3148 629 3427 685 adversus
3468 623 3608 684 con-

1964 713 2175 769 trarias
2207 720 2540 786 potestates,
2612 717 2680 771 de
2720 733 2833 787 quo
2867 717 3148 789 scriptum
3181 722 3300 772 est:
3352 718 3605 787 Sanctiﬁ-

1964 807 2080 856 cate
2107 803 2308 858 bellum
2365 805 2579 875 (Jerem.
2646 822 2722 872 v1,
2753 807 2842 875 1’1):
2880 805 3009 860 licet
3069 806 3367 872 robustus,
3410 812 3608 862 tamen

1969 892 2216 962 propriis
2249 893 2469 947 viribus
2501 893 2728 949 vincere
2748 912 2860 948 non
2884 895 3114 950 valebit.
3141 895 3436 950 Perfectus
3460 913 3602 966 quo-

1967 995 2078 1049 que
2120 981 2174 1035 in
2212 981 2345 1035 filiis
2378 982 2682 1036 hominum
2716 988 2772 1037 et
2803 983 3034 1055 sapiens
3067 983 3351 1039 viventem
3393 1001 3608 1056 panem

1965 1074 2137 1140 atque
2167 1071 2458 1126 etelcstem
2513 1071 2726 1126 habere
2777 1089 2889 1127 non
2942 1073 3171 1144 poterit,
3221 1073 3334 1128 nisi
3385 1091 3486 1145 per
3515 1091 3608 1128 sa-

1966 1159 2246 1229 pientiam
2316 1161 2714 1214 cohortantem
2773 1177 2784 1214 :
2857 1162 3056 1229 Venite,
3123 1163 3386 1217 comedite
3439 1180 3608 1234 panes

1966 1265 2128 1303 meos.
2167 1255 2232 1303 Μ
2264 1250 2399 1321 quia
2429 1254 2569 1304 sunt
2598 1249 2811 1304 divitia)
2841 1252 2880 1318 ‘,
2932 1252 3000 1306 de
3047 1251 3262 1323 quibus
3292 1251 3607 1323 Apostolus

1969 1339 2083 1393 ait:
2120 1340 2322 1393 Divitrs
2351 1340 2474 1407 fieri
2503 1341 2558 1391 in
2594 1339 2845 1408 operibus
2878 1340 3034 1394 bonis
3082 1340 3126 1409 (Ι
3158 1342 3290 1395 lim.
3362 1357 3437 1407 vr,
3478 1343 3603 1408 l8):

1968 1435 2025 1482 et
2057 1428 2190 1482 alibi
2220 1444 2231 1480 :
2270 1430 2476 1482 viriles
2531 1430 2661 1497 facti
2693 1431 2823 1482 estis
2855 1430 2912 1482 in
2978 1430 3128 1483 omni
3181 1445 3429 1484 sermone
3455 1434 3508 1485 et
3547 1432 3607 1484 in

1968 1519 2120 1572 omni
2184 1518 2413 1571 sricntia
2441 1518 2483 1586 (Ι
2515 1516 2633 1571 Cor.
2705 1519 2862 1583 1,5):
2905 1517 3209 1572 sciendum
3262 1519 3609 1588 prudentem

1970 1607 2157 1660 virum
2194 1606 2298 1660 has
2343 1623 2454 1660 non
2489 1622 2660 1676 posse
2691 1605 2925 1662 divitias
2949 1621 3325 1678 congregare,
3360 1607 3474 1662 nisi
3511 1623 3612 1662 eas

1970 1714 2002 1748 a
2032 1695 2277 1750 Domino
2311 1695 2616 1766 acceperit,
2669 1696 2838 1764 cujus
2887 1694 3024 1766 ipsa
3065 1695 3276 1749 divitia:
3330 1701 3487 1754 sunt.
3534 1701 3612 1752 De

1971 1783 2184 1854 quibus
2218 1788 2272 1838 et
2302 1782 2438 1837 alibi
2470 1783 2688 1837 dictum
2721 1787 2845 1837 est:
2889 1783 3194 1854 Redemptio
3233 1786 3442 1842 anime!)
3481 1787 3608 1853 viri,

1965 1875 2213 1945 prelo-ire
2241 1872 2456 1928 divitiw
2496 1875 2676 1942 (Prov.
2710 1889 2802 1939 xv,
2837 1873 2914 1939 8).
2965 1872 3161 1927 Gratia
3210 1890 3462 1945 quoque,
3497 1875 3612 1930 nisi

1970 1961 2273 2017 scientiam
2307 1961 2584 2016 comitata
2617 1961 2810 2026 fuerit,
2840 1965 3391 2030 etconcessaaDeo,
3411 1981 3614 2034 quam-

1968 2054 2055 2106 vis
2089 2051 2353 2105 eruditus
2385 2051 2471 2103 vir
2499 2067 2627 2104 eam
2661 2067 2772 2104 non
2810 2049 3021 2120 poterit
3053 2050 3330 2108 invenire.
3368 2053 3528 2118 Quod
3556 2057 3615 2108 et

1972 2141 2185 2195 Paulus
2219 2141 2409 2195 sciens
2437 2157 2448 2193 :
2485 2140 2632 2204 Plus,
2653 2138 2862 2209 inquit,
2882 2141 3134 2194 omnibus
3149 2141 3263 2194 illis
3281 2141 3527 2196 laboravi
3548 2143 3568 2176 ⁵
3591 2158 3614 2204 ,ο

1971 2247 2079 2285 non
2109 2233 2288 2283 autcm
2314 2246 2430 2297 ego;
2457 2229 2553 2282 sed
2573 2229 2756 2296 gratia
2787 2228 2884 2282 Dei
2905 2228 3054 2284 465
3087 2243 3214 2299 quae
3249 2230 3270 2262 ⁶
3299 2246 3507 2284 mecum
3535 2239 3614 2287 est

1974 2319 2018 2388 (l
2051 2319 2168 2373 Cor.
2206 2337 2296 2382 xv,
2335 2318 2440 2387 10).
2471 2317 2536 2370 Et
2596 2317 2843 2382 iterum;
2877 2319 3071 2372 Gratia
3109 2320 3228 2388 ejus
3297 2319 3357 2373 in
3387 2335 3474 2374 me
3504 2335 3613 2375 non

1971 2410 2080 2477 [uit
2107 2425 2290 2462 murae.
2325 2408 2390 2460 Et
2423 2406 2491 2459 ad
2558 2410 2879 2459 extremum
2915 2407 3169 2460 nescitur
3236 2405 3308 2460 ab
3351 2407 3612 2476 homine,

1974 2497 2209 2567 quando
2244 2501 2472 2566 tempus
2505 2494 2794 2563 adveniat,
2829 2495 2886 2548 in
2919 2511 3032 2566 quo
3065 2495 3258 2550 varius
3288 2499 3528 2552 eventus
3559 2501 3615 2552 et

1976 2586 2108 2639 linis
2140 2586 2400 2639 omnium
2433 2584 2883 2653 subsequantur.
2917 2585 3380 2639 Haecsecundum
3403 2583 3612 2658 ἀναγω-

1973 2677 2041 2747 γγς
2051 2698 2075 2726 ν
2088 2717 2098 2728 .

2045 2767 2349 2826 Caeterum,
2373 2768 2442 2815 ut
2475 2761 2798 2830 simplicius
2835 2763 2934 2827 [Αἰ.
2963 2762 3619 2834 simplicibus]dissera-

1977 2871 2128 2916 mus,
2166 2852 2415 2922 Epistula
2449 2851 2519 2904 ad
2592 2851 2881 2905 Romanos
2915 2851 3052 2906 huic
3116 2851 3242 2906 loco
3303 2854 3614 2924 congruit:

1943 2944 2114 3010 ‘Quia
2144 2959 2248 2994 non
2283 2943 2508 2995 volentis
2575 2957 2748 3010 neque
2813 2942 3106 3008 currentis,
3165 2942 3260 2996 sed
3305 2942 3618 2996 miserentis

1975 3033 2071 3085 Dei
2101 3033 2169 3084 sit
2197 3031 2372 3098 (liam.
2410 3047 2483 3094 1x,
2525 3028 2630 3099 to).
2698 3029 2857 3093 Quod
2893 3034 3088 3082 autem
3123 3029 3237 3082 ait:
3280 3049 3306 3081 ιι
3346 3030 3468 3084 Non
3530 3033 3620 3084 est

1975 3119 2340 3190 sapientibus
2382 3118 2570 3188 panis,
2617 3139 2642 3164 ››
2687 3116 3004 3171 multorum
3046 3117 3305 3187 quotidie
3336 3117 3618 3188 probatur

1976 3207 2259 3278 exemplo,
2295 3207 2394 3278 qui
2428 3223 2560 3260 cum
2594 3205 3010 3276 sapientissimi
3081 3204 3216 3275 sint,
3269 3206 3616 3262 necessariis

221 3293 407 3362 terno,
460 3298 710 3348 testatur
749 3296 1078 3365 Apostolus.
1134 3298 1370 3352 (licens:
1407 3301 1595 3353 Melius
1647 3305 1724 3354 est
1756 3301 1864 3354 dis-
1898 3285 1938 3348 C
1979 3297 2263 3368 indigent.
2299 3297 2385 3360 Et,
2422 3295 2597 3348 «Non
2631 3298 2719 3348 est
2750 3294 3072 3349 scientibus
3096 3294 3304 3364 gratia.
3345 3316 3365 3344 ι
3401 3294 3614 3350 Videas

219 3382 384 3448 solvi,
408 3391 458 3437 et
490 3400 600 3437 esse
667 3402 791 3437 cuin.
826 3387 1035 3440 Christo
1099 3387 1362 3458 (l’hilipp.
1399 3407 1434 3450 Ι,
1466 3390 1576 3454 ‘23).
1609 3389 1711 3453 Qui
1757 3407 1864 3440 au-

222 3475 344 3525 tem
375 3487 505 3526 cum
539 3473 766 3527 Christo
799 3480 906 3533 est.
928 3475 1127 3542 utique
1153 3493 1262 3529 non
1290 3483 1522 3530 tenetur
1543 3478 1596 3530 in
1621 3480 1863 3531 interno.

299 3583 325 3608 «
360 3563 620 3616 Converti
687 3582 797 3628 me,
831 3569 886 3616 et
952 3564 1062 3616 vidi
1093 3566 1199 3618 sub
1267 3565 1405 3630 sole,
1441 3567 1714 3636 quoniam
1754 3585 1864 3620 non

223 3653 315 3704 est
346 3649 628 3704 velocium
662 3669 890 3717 cursus,
929 3669 996 3706 ne
1027 3653 1259 3706 l'ortium
1310 3655 1591 3724 pra-lium,
1641 3673 1744 3709 nec
1776 3675 1864 3709 sa-

222 3739 508 3810 pientium
544 3741 731 3811 panis,
771 3759 869 3794 nec
905 3741 1276 3812 prudentium
1314 3744 1544 3808 divitize,
1571 3744 1867 3798 nccscien-

221 3827 372 3882 tium
407 3827 629 3898 gratia:
667 3830 942 3899 quoniam
981 3837 1212 3902 teu‘ipus
1246 3837 1301 3884 et
1335 3839 1574 3886 eventus
1609 3839 1871 3887 occurret

221 3917 502 3972 omnibus
537 3917 670 3972 illis.
701 3941 725 3964 ››
751 3918 854 3982 Qui
881 3919 1212 3973 vinctusest
1245 3922 1625 3992 compedibus
1652 3923 1867 3980 terreis.

225 4009 286 4058 et
319 4005 595 4075 gravibus
631 4007 852 4076 plumbi
890 4009 1130 4061 nexibus
1154 4016 1541 4078 prmgravalur
1566 4029 1576 4064 :
1603 4011 1871 4079 Ini/[uirus

222 4099 377 4148 enim
420 4095 567 4149 sedet
618 4099 1058 4165 superbi/cntum
1089 4100 1408 4167 plum/mnu
1453 4101 1634 4162 (Zur/i.
1673 4119 1723 4164 ν,
1775 4103 1870 4169 7),-

223 4190 279 4236 et
311 4182 369 4236 in
417 4184 650 4237 Psalum
697 4183 990 4254 loquitur:
1043 4188 1195 4238 sum
1250 4204 1385 4239 onus
1436 4205 1597 4255 grave
1632 4197 1873 4256 gramine

221 4281 540 4342 suntsuper
573 4291 654 4327 me
696 4276 862 4338 (Psal.
921 4293 1127 4340 xxxvii,
1161 4277 1253 4343 5):
1309 4293 1421 4329 non
1454 4284 1539 4330 est
1589 4282 1760 4347 aptus
1800 4280 1868 4331 ad

223 4376 467 4415 cursum
538 4360 725 4428 illum,
760 4363 830 4416 de
899 4381 1012 4433 quo
1046 4364 1299 4419 dicitur:
1367 4366 1593 4419 Cursum
1623 4382 1873 4420 riui-sum-

223 4452 396 4518 mtwi,
429 4450 594 4519 ﬁdem
624 4454 838 4505 servavi
869 4454 939 4521 (ll
967 4455 1098 4506 Tim.
1139 4471 1208 4519 ιν,
1245 4457 1322 4521 7).
1354 4453 1459 4516 Qui
1495 4459 1690 4508 autem
1733 4453 1874 4510 levis

226 4543 338 4603 est,
365 4543 422 4593 et
461 4540 659 4594 anima
708 4540 865 4594 illius
913 4558 1022 4593 non
1060 4546 1352 4610 gravatur,
1407 4541 1790 4597 nihilominus
1821 4550 1875 4596 et

228 4664 495 4739 Iiécoest,
527 4669 635 4719 etc.
685 4665 863 4719 Vatis.
916 4669 1036 4720 l'irr
1068 4669 1230 4720 ritum
1269 4684 1390 4719 cum
1436 4669 1685 4732 muliere,
1719 4689 1876 4739 quam
1917 4652 1956 4715 θ

226 4735 445 4790 duxisti
472 4739 729 4790 omnibus
762 4739 946 4791 diebus
980 4740 1238 4792 t‘ilN/ill.’i3
1289 4749 1418 4798 (uxr,
1455 4743 1548 4807 qui
1597 4735 1878 4794 ιΙιιίιλςηηι

227 4807 336 4862 tibi
362 4807 460 4858 sub
492 4810 598 4861 sole
645 4811 894 4863 omnibus
943 4811 1130 4862 dio/ms
1178 4813 1456 4866 rimi/uiis,
1498 4813 1608 4863 sire
1651 4815 1877 4865 ins/nbi—

229 4879 404 4952 iilulis
443 4887 565 4932 tuzr.
604 4884 748 4946 Quid
782 4882 897 4935 lure
927 4892 1000 4935 es!
1030 4898 1156 4952 pars
1192 4892 1282 4934 tua
1319 4884 1371 4934 in
1409 4883 1515 4935 rilu
1560 4887 1671 4944 tua,
1724 4890 1771 4937 cl
1825 4887 1876 4936 in

229 4950 441 5015 labore,
475 4955 582 5005 etc.

303 5022 323 5052 θ
357 5020 457 5072 llic
491 5022 697 5076 itermn
736 5026 866 5078 rion.
915 5042 1012 5104 pro
1043 5023 1177 5082 riiir,
1213 5024 1523 5092 pra'l‘erunt
1556 5030 1670 5075 tres
1711 5026 1880 5076 modo

226 5091 455 5146 laudati
493 5111 656 5154 ωδε..
694 5102 865 5164 atque
919 5091 1067 5147 intra
1118 5091 1471 5147 ('oli.'erenter
1514 5097 1658 5147 solus
1707 5101 1883 5149 rit'rnr

228 5166 425 5227 vitam,
472 5181 571 5236 pro
606 5167 808 5220 rit/circ.
844 5166 986 5228 Quin
1058 5173 1113 5218 et.
1146 5185 1244 5236 pro
1312 5168 1579 5232 aii/uris!“
1624 5168 1877 5222 Vatican.

231 5237 733 5307 quemadmodum
770 5255 968 5308 supra,
1002 5239 1206 5290 ilus-im
1241 5237 1465 5291 retinet.

306 5309 328 5339 ’
388 5308 521 5361 Cum
570 5310 639 5361 mi
683 5313 962 5378 infernum
1011 5311 1364 5363 (Im-mularis.
1428 5309 1566 5362 Mss.
1630 5311 1879 5374 codices,

233 5393 360 5434 cum
392 5379 463 5430 ad
493 5381 707 5449 inferna
741 5382 1096 5435 (lcsrenderis.
1131 5382 1412 5434 Murrum.

306 5449 328 5481 ³
380 5449 558 5506 Penes
608 5452 833 5505 Alcuin.
890 5453 1093 5522 Absque
1149 5453 1424 5522 (ziljurorio
1484 5453 1710 5505 Domini
1774 5470 1877 5504 Non

227 5522 488 5594 potestati
517 5525 612 5594 ro'l
624 5542 713 5575 um
742 5528 1053 5592 prrrem’re.

307 5594 327 5625 "
361 5593 578 5666 l’alatin
614 5598 780 5650 alter.
824 5598 884 5648 EI
928 5599 1182 5666 quoniam
1212 5613 1315 5647 non
1350 5595 1538 5647 desim!
1571 5595 1808 5647 (iirilixr.

308 5666 328 5697 δ
361 5665 422 5718 In
458 5664 702 5726 Palatio.
738 5666 872 5720 Plus
906 5664 1152 5722 (minibus
1187 5668 1468 5722 Imborari.‘
1521 5671 1639 5719 tum
1699 5666 1879 5720 Vatic.

231 5735 325 5793 sed
355 5737 403 5791 et
434 5739 636 5807 gratia,
672 5743 782 5793 etc.

1977 3385 2132 3439 enim
2165 3385 2220 3437 in
2258 3383 2508 3438 Ecclesia
2542 3382 3014 3454 imperitissimos
3067 3399 3331 3454 quosque
3371 3383 3610 3438 florere:

1977 3481 2033 3529 et
2075 3475 2210 3545 quia
2244 3471 2575 3528 nutrierunt
2608 3473 2812 3527 l'rontis
2844 3472 3172 3539 audaciam,
3198 3477 3256 3527 et
3283 3473 3615 3529 volubilita-

1977 3569 2092 3618 tem
2137 3563 2344 3632 lingum
2376 3562 2668 3615 consecuti
2705 3566 2859 3624 sunt,
2912 3561 3050 3615 dum
3114 3579 3226 3615 non
3299 3563 3622 3633 recogitant

1979 3652 2115 3723 quid
2151 3653 2486 3722 loquantur,
2524 3651 2841 3720 prudentes
2867 3666 2926 3703 se
2960 3654 3016 3704 et
3045 3650 3306 3705 eruditos
3337 3651 3625 3704 arbitran-

1983 3749 2110 3795 tur:
2149 3741 2398 3794 maxime
2432 3741 2479 3793 si
2513 3740 2762 3793 l'avorem
2789 3737 2942 3807 volgi
2974 3737 3626 3810 habuerint,quimagis

1981 3830 2152 3884 dictis
2214 3829 2531 3884 levioribus
2579 3827 2902 3882 delectatur
2951 3831 3006 3880 et
3055 3831 3468 3881 commovetur.
3503 3831 3628 3882 Etc

1981 3920 2270 3973 contrario
2302 3918 2593 3972 eruditum
2629 3916 2815 3968 virum
2851 3915 3026 3968 latere
3068 3915 3126 3968 in
3176 3914 3444 3982 obscuro,
3495 3933 3624 3986 per-

1982 4008 2314 4063 secutiones
2348 4007 2461 4078 pati
2493 4024 2502 4060 :
2547 4011 2602 4058 et
2643 4022 2758 4058 non
2793 4003 2980 4058 solum
3015 4002 3073 4056 in
3128 4002 3338 4074 populo
3371 4004 3621 4073 gratiam

1983 4116 2093 4152 non
2132 4099 2362 4158 habere,
2406 4096 2504 4148 sed
2548 4093 2744 4164 inopia
2774 4099 2829 4148 et
2860 4097 3118 4162 egestate
3151 4093 3462 4147 tabescere.
3497 4097 3628 4150 Ilaec

1983 4192 2174 4241 autem
2223 4187 2385 4249 fiunt,
2419 4183 2556 4253 quia
2595 4182 2813 4236 incerto
2847 4185 2998 4234 statu
3029 4181 3296 4235 feruntur
3323 4181 3539 4249 omnia,
3573 4188 3629 4238 et

1988 4293 2101 4330 non
2143 4280 2231 4328 est
2262 4275 2318 4326 in
2363 4270 2630 4343 prinscnti
2670 4269 2972 4325 retributio
3013 4269 3375 4338 meritorum,
3418 4271 3518 4325 sed
3565 4271 3624 4325 in

1984 4367 2201 4418 futuro.

2056 4477 2080 4501 ‹‹
2119 4453 2186 4506 Et
2227 4450 2460 4522 quidem
2495 4449 2680 4504 nescit
2707 4449 2880 4504 homo
2903 4451 2920 4481 τ
2954 4453 3186 4520 tempus
3211 4465 3408 4514 suum,
3455 4449 3624 4518 quasi

1987 4542 2177 4614 pisces
2218 4541 2312 4612 qui
2351 4542 2673 4610 retinentur
2715 4539 2766 4592 in
2818 4537 3082 4610 captione
3125 4538 3379 4608 pessima
3400 4536 3440 4601 ⁸,
3476 4536 3632 4591 sicut

2066 4669 2085 4700 δ
2116 4668 2224 4720 Sed
2256 4669 2429 4733 mulio
2468 4667 2562 4718 hci
2627 4681 2766 4732 (μην,
2801 4668 2908 4716 etc.
2972 4666 3030 4715 In
3073 4679 3213 4715 mss.
3261 4678 3372 4715 non
3407 4661 3633 4731 paucis.

1991 4739 2080 4791 sed
2114 4743 2159 4790 ei.
2193 4740 2367 4803 gruliu
2399 4753 2522 4806 qua?
2544 4752 2752 4788 merum
2784 4737 2876 4786 (si.
2918 4733 3201 4806 MAR'l‘lAN.

2064 4812 2079 4841 τ
2128 4810 2277 4861 Mem
2320 4804 2559 4860 l’alalin.
2607 4808 2676 4859 Ιιι
2708 4807 2835 4873 quia
2858 4805 3026 4856 nescit
3057 4804 3234 4864 homo,
3263 4807 3368 4856 etc.

2062 4883 2080 4912 "
2119 4882 2169 4933 Ιέι
2198 4889 2436 4931 lnu‘nlul'
2468 4881 2525 4932 in
2565 4882 2811 4944 captione
2847 4878 3084 4944 pessima
3152 4875 3298 4928 Editi
3333 4877 3501 4926 antea
3531 4889 3636 4944 nos

1995 4952 2122 5005 libri
2160 4952 2426 5012 retinent,
2463 4952 2518 5002 In
2543 4943 2803 5000 reliru'ulo
2837 4943 3016 5004 mm;
3075 4947 3170 5000 sed
3216 4962 3405 4999 errore
3450 4943 3634 4998 mani-

1997 5026 2159 5087 festo,
2203 5028 2250 5072 et
2291 5026 2482 5071 mntrn
2531 5020 2700 5071 tidem
2745 5019 3005 5070 omnium
3055 5036 3194 5070 mss.
3231 5016 3496 5069 codicum
3531 5015 3634 5086 qui

1998 5096 2215 5163 legunt.
2252 5096 2305 5146 In
2341 5095 2593 5159 (raptione
2617 5090 3048 5163 pessimarNam
3086 5090 3237 5142 idem
3265 5088 3437 5163 habet
3459 5104 3635 5163 supra

1994 5158 2375 5235 Hieronymus
2412 5158 2472 5235 in
2503 5160 2933 5235 (Commentario
2969 5163 3189 5235 (dicens
3226 5178 3247 5235 ;Δ
3278 5181 3303 5208 ‹‹
3339 5158 3530 5235 Usque
3563 5159 3631 5235 ad

1993 5255 2123 5291 eum
2170 5231 2357 5289 locum
2416 5233 2510 5286 ubi
2549 5233 2666 5288 ait:
2737 5234 2887 5284 δίε-ιιι
2915 5233 3088 5301 pisces
3154 5231 3248 5300 qui
3278 5233 3531 5284 tenentur
3577 5233 3637 5284 in

1993 5311 2241 5379 raptione
2269 5308 2529 5382 pessima,
2563 5310 2670 5356 etc.
2708 5326 2734 5350 ››
2757 5303 2915 5357 Unde
2933 5303 3348 5382 comprobatur
3365 5306 3637 5382 auctores

1993 5375 2618 5434 veterumeditionum
2643 5391 2942 5444 nunquam
2971 5375 3332 5428 restituendo
3363 5375 3639 5444 Hierony-

1996 5470 2088 5506 mo
2131 5449 2468 5504 adhibuisse
2535 5448 2728 5516 ipsum
2800 5445 3250 5515 Ilicronymum;
3295 5444 3395 5516 qui
3440 5450 3637 5498 tamen

1994 5523 2208 5592 smpius
2251 5538 2402 5572 unus
2438 5519 2730 5592 nobis_est
2763 5534 2862 5586 pro
2897 5517 3170 5572 omnibus
3239 5517 3319 5592 ad
3342 5533 3537 5592 veram
3573 5532 3639 5568 ac

1994 5589 2322 5648 absolutam
2393 5589 2808 5660 opusculorum
2878 5606 3117 5643 suorum
3188 5589 3638 5652 restitutionem,

1997 5667 2283 5719 Murrus.
