3996 6454
348 369 506 462 ne

1580 369 1645 434 S.
1692 363 2014 432 EUSEBll.
2049 363 2518 442 HIERONYMI.

3591 357 3774 430 ηδε

346 507 616 588 volucres
675 523 798 581 quae
837 502 1190 579 colligantur
1239 505 1483 580 laqueo:
1555 501 1828 561 similiter
1857 517 1984 558 cor-
2015 503 2069 572 Α
2099 506 2380 581 sapientis
2409 505 2567 563 illius
2599 501 2893 579 pauperis,
2938 517 3110 559 nemo
3155 498 3330 558 γεῖθι-ι
3378 497 3598 588 gratias
3645 508 3764 588 pro

349 601 521 656 ruent
552 593 654 653 filii
682 593 991 652 hominum
1026 595 1085 652 in
1125 600 1386 669 tempore
1416 594 1590 664 malo,
1624 609 1758 648 cum
1781 589 1997 647 cecide-

348 689 426 746 rit
453 703 629 760 super
655 685 815 758 ipsos
857 684 1162 758 extemplo.
1211 710 1230 734 η
1265 687 1390 741 iam
1421 689 1478 740 et
1507 699 1687 755 supra
1718 680 1994 749 diximus,

351 779 504 852 quod
538 778 680 832 dum
713 775 975 830 nesciant
1003 773 1292 844 homines,
1323 775 1400 829 ita
1431 775 1446 808 ¹
1489 773 1572 828 eis
1598 772 1704 842 [AL
1748 770 1831 827 eis
1872 770 1995 839 aut]

351 867 635 937 angustiae
684 864 938 927 veniant,
981 869 1084 919 aut
1133 863 1426 918 interitus.
1462 863 1635 918 Porro
1670 862 1994 916 secundum

353 954 712 1027 allegoriam,
746 957 835 1008 est
874 952 1197 1020 sciendum,
1234 968 1477 1023 regnum
1497 949 1773 1006 caelorum
1807 947 1998 1004 simile

354 1061 484 1102 esse
513 1059 744 1115 sagenaa
775 1043 967 1098 missae
1008 1042 1065 1096 in
1100 1041 1246 1097 mari
1275 1041 1500 1109 (Matth.
1533 1040 1656 1112 xm)
1684 1057 1696 1094 :
1729 1044 1784 1094 et
1815 1055 1844 1094 e
1865 1055 1999 1093 con-

352 1133 534 1190 trario
565 1133 780 1188 habere
811 1148 1088 1203 sagenam
1122 1129 1438 1196 haereticos,
1473 1147 1573 1202 per
1603 1145 1780 1201 quam
1810 1128 1998 1200 pisces

353 1221 589 1296 capiant
613 1221 684 1276 ad
717 1219 1036 1275 interitum.
1070 1220 1296 1290 Sagena
1313 1235 1512 1276 eorum
1535 1224 1624 1273 est
1645 1235 1836 1273 sermo
1863 1217 2000 1271 alfa-

355 1310 512 1380 bilis,
545 1309 825 1366 blandum
855 1307 1174 1379 eloquium,
1209 1307 1488 1364 simulata
1517 1311 1618 1363 aut
1644 1305 2002 1376 coactajeju-

355 1399 474 1471 nia,
541 1397 723 1453 vestis
791 1395 1053 1466 humilis,
1093 1395 1376 1451 virtutum
1417 1395 1684 1453 imitatio.
1728 1395 1889 1462 Quod
1949 1393 1997 1449 si

353 1487 655 1560 coeperint,
687 1489 744 1541 et
781 1486 852 1540 de
889 1485 1291 1556 superioribus
1328 1485 1648 1558 disputare,
1679 1489 1735 1540 et
1772 1485 1829 1538 in
1870 1483 2003 1538 sub-

353 1577 494 1634 lime
521 1575 711 1632 levare
750 1592 814 1630 os
845 1591 1043 1640 suum,
1083 1578 1142 1629 et
1179 1573 1280 1629 Dei
1348 1573 1682 1629 altitudines
1723 1587 1998 1644 quaerere,

354 1666 630 1740 laqueum
659 1668 885 1737 ponunt
914 1663 974 1718 in
997 1661 1259 1718 excelsis.
1285 1663 1586 1728 Quomodo
1606 1661 1784 1734 igitur
1816 1661 2002 1732 pisces

353 1760 412 1813 et
438 1754 702 1810 volucres
733 1753 846 1808 cito
877 1751 1192 1824 capiuntur
1221 1769 1253 1806 a
1281 1751 1382 1806 tali
1416 1768 1654 1823 sagena,
1687 1755 1744 1804 et
1772 1750 1844 1804 ab
1874 1749 2002 1804 isti-

357 1843 592 1924 usmodi
623 1841 861 1913 laqueo:
904 1841 989 1896 sic
1029 1856 1163 1894 cum
1232 1839 1621 1911 multiplicata
1684 1838 1854 1894 fuerit
1893 1837 2000 1892 ini-
2034 1873 2082 1939 Β

357 1932 574 2005 quitas,
605 1928 980 1986 etmet‘rixerit
1040 1927 1294 1983 Charitas
1357 1927 1697 1996 multorum,
1731 1934 1787 1982 et
1835 1927 2002 1999 signa

359 2023 512 2079 facta
539 2019 760 2075 fuerint
789 2023 962 2090 atque
994 2021 1278 2090 portenta,
1315 2017 1397 2073 ita
1427 2023 1490 2072 ut
1520 2019 1898 2083 seducantur,
1953 2014 2002 2070 si

361 2107 641 2184 possibile
701 2109 854 2163 466
884 2111 991 2174 est,
1060 2107 1234 2161 etiam
1301 2106 1466 2162 electi
1534 2107 1740 2180 (Matth.
1814 2105 2001 2174 xxxv):

361 2197 664 2256 sciendum
695 2201 785 2252 est
809 2195 1232 2251 ecclesiasticos
1271 2213 1504 2268 quoque
1546 2197 1659 2267 [Αι.
1713 2195 2008 2266 quosque]

357 2287 534 2354 viros,
571 2285 670 2358 qui
703 2283 803 2340 lilii
835 2283 1142 2338 hominum
1205 2284 1596 2355 appellantur,
1628 2289 1683 2339 et
1713 2288 1852 2339 sunt
1882 2299 2004 2338 mo-

359 2375 499 2432 dicae
530 2373 685 2441 ﬁdei,
719 2373 834 2428 cito
881 2389 1050 2444 posse
1097 2388 1387 2427 corruere.
1430 2373 1762 2428 Notandum
1805 2371 2004 2436 etiam,

358 2463 513 2536 quod
542 2479 644 2535 per
671 2465 857 2517 totum
891 2459 1105 2516 librum
1138 2461 1474 2533 ubicunque
1505 2461 1739 2526 dicitur,
1784 2462 1894 2529 [itii
1917 2462 2006 2516 ho-

359 2555 590 2625 minum,
656 2551 713 2605 in
778 2551 1012 2606 Hebraeo
1082 2550 1254 2606 habet
1285 2550 1436 2621 (D'm
1467 2551 1580 2623 ηιξ)
1607 2551 1717 2621 ﬁlii
1747 2551 2004 2606 hominis.

355 2641 466 2698 hoc
493 2645 602 2711 est,
636 2641 745 2711 ﬁlii
775 2639 964 2694 Adam.
1007 2639 1076 2693 Et
1141 2640 1334 2695 omnis
1365 2657 1509 2712 pene
1570 2641 1868 2710 Scriptura
1899 2639 2006 2695 hoc

355 2731 636 2786 idiomate
669 2728 840 2801 plena
873 2732 980 2798 est,
1055 2729 1390 2784 universum
1459 2745 1644 2800 genus
1675 2729 2006 2795 hominum,

359 2821 544 2876 Adam
577 2817 731 2872 ﬁlios
759 2832 994 2872 vocans.

435 2930 464 2958 «ι
496 2907 608 2964 Sed
641 2910 698 2961 et
725 2906 875 2960 hanc
901 2905 1012 2959 vidi
1035 2905 1380 2977 sapientiam
1399 2907 1510 2962 sub
1541 2906 1680 2975 sole,
1713 2913 1768 2962 et
1799 2924 2010 2978 magna

365 2999 454 3054 est
484 2995 636 3068 apud
676 3011 786 3049 me.
821 2993 1034 3048 Civitas
1076 3011 1249 3066 parva
1278 3000 1334 3050 et
1371 2994 1474 3050 viri
1508 2996 1564 3050 in
1597 3013 1666 3050 ea
1706 2997 1870 3068 pauci
1901 3014 1912 3051 :
1955 3000 2012 3050 et

367 3085 522 3141 venit
539 3085 609 3140 ad
630 3101 758 3139 eam
775 3100 868 3137 rex
884 3099 1134 3153 magnus
1147 3089 1203 3138 et
1222 3084 1608 3139 circumdedit
1629 3102 1778 3150 eam,
1805 3091 1862 3140 et
1881 3085 2012 3139 mdi-

370 3173 564 3230 ﬁcavit
595 3173 874 3228 adversus
891 3187 1016 3226 eam
1039 3172 1372 3228 machinam
1393 3190 1687 3243 magnam.
1717 3174 2013 3230 Etinvenit

2105 597 2323 654 salute:
2357 597 2456 653 sed
2507 612 2712 652 omnes
2739 594 3024 651 honorant
3051 590 3280 654 divites,
3330 589 3429 662 qui
3469 586 3532 644 in
3590 586 3764 661 peri-

2104 687 2234 743 culo
2267 687 2410 742 nihil
2439 685 2746 742 subvenire
2780 685 3114 756 potuerunt.
3147 680 3332 736 Aliter
3355 679 3638 734 Hebraeus
3667 677 3760 734 ita

2103 777 2262 834 hunc
2292 775 2482 832 locum
2517 776 2932 846 interpretatus
2953 776 3042 827 est
3067 787 3080 825 :
3105 769 3322 827 Civitas
3346 784 3541 841 parva,
3567 767 3758 824 homo

2105 871 2216 931 est,
2252 865 2350 938 qui
2383 865 2557 922 etiam
2589 863 2740 936 apud
2769 859 3148 934 philosophos
3173 859 3363 914 minor
3383 856 3772 913 mundusvo—

2107 959 2290 1010 catur.
2327 955 2395 1010 Et
2422 953 2529 1008 viri
2560 954 2618 1008 in
2649 969 2716 1008 ea
2739 951 2927 1024 pauci,
2953 949 3217 1005 membra
3244 948 3316 1004 de
3335 947 3550 1019 quibus
3569 946 3760 1004 homo

2106 1043 2232 1116 ipse
2262 1043 2607 1100 contexitur.
2640 1046 2781 1096 Cum
2813 1045 3007 1096 autem
3050 1036 3272 1094 venerit
3313 1037 3590 1092 adversus
3619 1050 3760 1090 eam

2107 1149 2205 1194 rex
2237 1131 2790 1205 magnusdiabolus,
2813 1133 2870 1184 et
2893 1125 3187 1200 quaesierit
3207 1125 3396 1181 locum
3417 1125 3439 1159 ³
3456 1139 3558 1196 per
3572 1139 3758 1196 quem

2109 1221 2296 1293 possit
2311 1220 2654 1292 irrumpere,
2674 1215 2967 1273 invenitur
2984 1217 3042 1270 in
3062 1233 3129 1271 ea
3145 1214 3388 1270 humilis
3405 1218 3464 1268 et
3489 1213 3750 1286 sapiens,

2108 1314 2165 1365 et
2195 1310 2392 1381 quieta
2442 1308 2713 1380 cogitatio
2760 1305 3056 1362 interioris
3099 1301 3376 1370 hominis,
3425 1306 3482 1358 et
3517 1301 3762 1358 servat‘

2067 1443 2073 1448 .
2111 1399 2217 1470 [Αἰ.
2247 1399 2430 1469 eruet]
2461 1398 2665 1454 urbem
2706 1413 2834 1468 qua:
2874 1395 3117 1450 obsessa
3145 1393 3216 1448 ab
3256 1391 3522 1448 hostibus
3552 1391 3754 1464 cinge-

2110 1488 2300 1542 batur.
2333 1491 2593 1558 Cumque
2651 1485 2828 1540 homo
2858 1485 2930 1539 de
2998 1481 3253 1554 periculo
3293 1481 3412 1536 sive
3477 1496 3755 1553 persecu-

2109 1575 2306 1641 tionis,
2341 1575 2459 1630 sive
2526 1574 2956 1645 angustiarum,
2989 1571 3108 1626 sive
3158 1572 3561 1642 cujuscunque
3597 1570 3762 1628 Δοτ-

2111 1667 2364 1720 adversae
2398 1663 2477 1720 rei
2503 1668 2676 1735 atque
2708 1661 2925 1734 peccati
2961 1659 3135 1716 fuerit
3161 1663 3400 1716 erutus:
3453 1658 3627 1714 homo
3655 1657 3758 1715 ille

2113 1751 2516 1824 exterior,-qui
2547 1753 2824 1806 inimicus
2854 1757 2943 1806 est
2975 1749 3131 1805 illius
3165 1749 3437 1820 pauperis
3475 1746 3757 1816 hominis,

2111 1847 2170 1899 et
2232 1841 2533 1914 sapientis,
2567 1857 2682 1896 non
2751 1840 3092 1895 recordatur
3121 1837 3412 1894 interioris
3477 1837 3766 1902 hominis,-

2113 1949 2218 1987 nec
2248 1931 2448 1987 subdit
2477 1947 2540 1987 se
2569 1929 2830 1986 consiliis
2860 1929 2987 1999 ejus
3013 1946 3026 1984 :
3061 1929 3164 1983 sed
3198 1943 3433 1982 rursum
3473 1943 3580 1982 sua
3605 1926 3755 1982 frui-

2112 2025 2210 2076 tur
2242 2020 2507 2075 libertate
2529 2021 2550 2054 ⁵
2583 2019 2688 2092 [ΑΙ.
2725 2018 2906 2073 libera
2934 2015 3274 2087 voluntate].
3311 2013 3527 2070 Aliter:
3569 2014 3764 2070 Parva-

2114 2108 2319 2164 civitas
2349 2111 2456 2178 est,
2485 2111 2543 2162 et
2572 2107 2674 2162 viri
2712 2107 2767 2161 in
2803 2123 2871 2162 ea
2901 2105 3093 2178 pauci,
3162 2105 3234 2160 ad
3264 2103 3757 2176 comparationem

2115 2197 2296 2252 totius
2327 2197 2554 2262 mundi,
2590 2195 2846 2252 Ecclesia
2907 2200 3032 2252 est:
3065 2195 3344 2250 adversus
3403 2209 3579 2264 quam
3603 2208 3768 2265 saepe~

2116 2287 2420 2357 consurgit
2449 2303 2544 2342 rex
2575 2302 2825 2358 magnus
2855 2282 3122 2340 diabolus
3153 2284 3286 2355 (non
3321 2283 3473 2354 quod
3506 2297 3758 2356 magnus

2119 2376 2216 2440 sit,
2250 2376 2350 2430 sed
2385 2376 2538 2447 quod
2574 2391 2854 2444 magnum
2888 2389 2949 2429 se
2976 2390 3103 2430 esse
3133 2372 3405 2443 jactitet),
3437 2375 3493 2428 et
3520 2373 3766 2428 circum-

2116 2465 2215 2520 dat
2236 2481 2364 2520 eam
2398 2465 2702 2519 obsidione
2732 2464 2852 2518 sive
2883 2461 3326 2534 persecutionis,
3357 2462 3476 2516 sive
3504 2461 3616 2518 alio
3656 2477 3771 2518 att--

2116 2554 2446 2626 gustiarum
2477 2570 2704 2625 genere.
2738 2553 2808 2608 Et
2839 2551 3128 2607 invenitin
3145 2567 3214 2606 ea
3238 2551 3428 2606 virum
3444 2566 3760 2622 pauperem

2118 2647 2174 2698 et
2199 2642 2545 2714 sapientem,
2573 2641 2887 2698 Dominum
2917 2641 3119 2697 Jesum
3152 2639 3468 2703 Christum,
3526 2639 3625 2711 qui
3657 2657 3764 2711 pro

2119 2732 2288 2786 nobis
2320 2747 2538 2802 pauper
2568 2731 2754 2785 factus
2787 2733 2876 2786 est
2939 2730 3014 2800 (ll
3044 2730 3164 2784 Cor.
3195 2745 3319 2798 VIII,
3347 2729 3404 2800 9)
3433 2731 3491 2783 et
3518 2730 3608 2784 est
3631 2727 3762 2799 ipsa

2119 2819 2534 2892 sapientiazet
2596 2818 2692 2874 ille
2721 2818 2809 2874 vir
2873 2834 3094 2891 pauper
3155 2816 3368 2872 liberat
3431 2817 3634 2880 urbem
3699 2817 3762 2874 in

2119 2907 2406 2980 sapientia
2445 2925 2570 2963 sua.
2605 2908 2840 2971 Quoties
2855 2908 3110 2962 vidimus
3127 2906 3421 2961 sedentem
3447 2907 3669 2964 leonem
3700 2907 3761 2962 in

2121 2996 2352 3052 insidiis
2383 3013 2516 3052 cum
2553 2995 2969 3062 divitibus,hoc
2997 2999 3106 3065 est,
3139 3011 3272 3049 cum
3305 2993 3671 3051 senatoribus
3706 2997 3768 3050 et

2123 3085 2488 3159 principibus
2547 3085 2726 3156 hujus
2756 3083 2972 3150 szeculi,
3041 3090 3098 3139 et
3127 3084 3406 3139 adversus
3444 3082 3757 3139 Ecclesium

2125 3175 2480 3240 molientem,
2552 3175 2825 3247 pauperis
2859 3175 3031 3230 istius
3087 3173 3374 3245 sapientia
3427 3171 3762 3228 corruisse?

368 3263 429 3320 in
486 3280 552 3318 ea
615 3261 803 3316 virum
839 3278 1152 3334 pauperem
1191 3269 1250 3318 et
1287 3262 1630 3334 sapientem,
1663 3269 1720 3320 et
1771 3264 2014 3319 salvavit
2044 3240 2086 3308 C
2126 3269 2388 3334 Cumque
2421 3280 2640 3334 pauper
2669 3263 2764 3318 hic
2795 3263 3012 3328 vicerit,
3048 3269 3102 3318 et
3141 3263 3281 3318 urbs
3311 3261 3436 3333 paci
3476 3261 3648 3316 fuerit
3677 3276 3764 3316 re-

367 3351 464 3407 hic
495 3349 784 3405 civitatem
823 3349 878 3404 in
939 3351 1226 3421 sapientia
1265 3369 1408 3406 sua:
1451 3357 1508 3407 et
1575 3352 1750 3408 homo
1783 3370 1896 3409 non
1926 3369 2014 3407 re-

369 3439 642 3494 cordatus
667 3442 755 3493 est
783 3437 1040 3494 hominis
1071 3439 1344 3512 pauperis
1373 3439 1552 3496 illius.
1591 3464 1614 3489 η
1649 3441 1792 3496 Aliis
1819 3441 2018 3497 omnia

369 3527 591 3582 incerta
617 3526 1031 3595 dicentibus,et
1062 3530 1290 3599 justum
1333 3529 1404 3584 ab
1431 3529 1648 3600 injuste
1717 3531 1859 3586 nihil
1893 3548 2016 3586 am-

368 3615 526 3686 plius
561 3614 817 3682 habere;
859 3631 964 3686 ego
996 3617 1342 3688 sapientiam
1375 3617 1547 3673 etiam
1583 3619 1642 3675 in
1676 3619 1784 3674 hoc
1836 3619 2017 3674 maxi-

369 3720 528 3760 mam
562 3703 932 3774 comprobavi
963 3721 974 3758 :
1019 3705 1170 3776 quod
1206 3707 1404 3761 crebre
1425 3707 1634 3776 evenit,
1668 3713 1732 3762 ut
1749 3725 1921 3780 parva
1945 3708 2020 3762 sit

368 3793 598 3856 civitas,
639 3797 690 3846 et
734 3792 1030 3848 babitores
1071 3793 1128 3848 in
1170 3810 1238 3849 ea
1297 3796 1484 3866 pauci,
1526 3801 1581 3850 et
1618 3795 2016 3852 innumerabi-

369 3881 515 3938 lium
547 3881 807 3938 hostium
851 3882 1124 3952 cingatur
1162 3884 1472 3950 excercitu,
1515 3889 1570 3940 et
1609 3885 1912 3940 obsidione
1963 3890 2022 3940 et

369 3971 524 4028 fame
591 3970 844 4043 populus
885 3971 1044 4026 intus
1085 3977 1358 4027 necetur:
1402 3979 1459 4028 et
1534 3977 1770 4045 repente
1818 3979 2022 4029 contra

369 4059 640 4116 omnium
683 4059 1079 4130 suspicionem
1123 4060 1364 4116 inveniri
1406 4060 1600 4116 virum
1640 4061 1924 4117 humilem
1966 4066 2022 4118 ct

370 4164 684 4222 pauperem
704 4149 744 4218 ‘,
813 4149 913 4221 qui
955 4149 1095 4220 quia
1134 4150 1309 4205 habet
1348 4150 1693 4222 sapientiam
1739 4152 2019 4222 majorem

371 4236 600 4293 cunctis
629 4237 928 4300 divitibus,
955 4238 1184 4310 magnis
1215 4243 1271 4293 et
1303 4240 1634 4310 potentibus
1664 4245 1722 4296 et
1753 4241 2020 4313 superbis

371 4325 428 4380 in
473 4325 728 4398 periculo
769 4326 996 4398 positis,
1039 4331 1096 4381 et
1126 4327 1197 4380 ad
1239 4327 1606 4384 obsidionem
1650 4331 2020 4402 paventibus,

373 4413 588 4487 cogitat
627 4419 683 4470 et
723 4415 986 4486 inquirit,
1019 4419 1076 4470 et
1105 4415 1324 4471 invenit
1357 4418 1457 4483 [ΑΙ.
1494 4423 1557 4472 ut
1585 4417 1863 4488 inveniat]
1885 4436 2026 4490 quo-

373 4505 548 4560 modo
579 4523 612 4560 a
643 4504 813 4560 malis
840 4510 1006 4560 eruat
1036 4504 1348 4560 civitatem.
1385 4511 1468 4569 Et,
1501 4523 1532 4560 ο
1563 4507 1798 4578 ingrata
1834 4506 2024 4561 homi-

376 4608 519 4648 num
559 4593 792 4664 oblivio,
836 4597 1147 4664 postquam
1189 4593 1402 4648 fuerint
1439 4594 1687 4659 liberati,
1729 4599 1784 4649 et
1841 4593 2030 4650 soluta
2061 4608 2107 4673 D

379 4681 708 4754 captivitas,
741 4685 799 4738 et
830 4681 1056 4738 reddita
1076 4683 1275 4754 patria:
1291 4682 1550 4753 libertas,
1571 4699 1740 4738 nemo
1759 4682 2030 4738 meminit

449 4841 643 4917 {Tres
675 4857 820 4917 mss.
853 4841 996 4898 unde
1030 4842 1288 4917 habent,
1321 4858 1425 4914 pro
1465 4845 1566 4912 ita,
1625 4843 1781 4914 quod
1841 4843 2028 4917 magis

379 4912 687 4979 arrideret,
720 4913 853 4967 dum
883 4913 1086 4968 vocula
1111 4912 1424 4984 expuncta.

445 4985 470 5019 ³
534 4984 764 5040 Alcuin.
806 4990 1117 5056 Pauperem
1154 4987 1250 5056 qui
1287 4985 1508 5039 haberet
1547 4987 1878 5057 sapientium
1916 5003 2030 5041 ma-

363 5059 575 5128 jorem,
610 5062 720 5110 etc.

445 5127 469 5162 ³
508 5129 574 5198 Et
610 5127 889 5197 quaesierit
929 5125 1126 5198 locum,
1168 5130 1276 5180 etc.
1321 5125 1521 5196 Inepta
1559 5127 1812 5198 plurima
1852 5131 2030 5184 verba

379 5197 490 5254 hoe
519 5196 644 5253 loco
676 5203 896 5252 veteres
928 5196 1212 5252 editiones
1234 5199 1457 5253 Erasm.
1492 5196 1820 5255 et‘Marian.
1857 5201 2030 5256 inter-

379 5269 582 5343 polant
618 5267 798 5343 textui
839 5266 1310 5343 Ilieronymiann,
1355 5287 1484 5340 quze
1522 5270 1675 5326 intra
1717 5273 2027 5343 parenthe-

379 5336 494 5396 sim
524 5336 1026 5412 itarconcludunt:
1061 5336 1350 5406 (diabolus
1370 5336 1608 5412 serpens
1629 5336 2026 5410 est‘lubricus,

381 5413 553 5490 cujus
585 5411 633 5490 si
665 5408 870 5490 cupiti,
897 5409 953 5464 id
985 5418 1093 5477 est,
1129 5413 1326 5490 prima:
1359 5408 1718 5484 suggestioui
1749 5433 1862 5470 non
1889 5408 2031 5470 resi-

382 5483 576 5547 stitur,
609 5485 764 5535 lotus
796 5483 1020 5536 interna
1051 5485 1262 5549 cnrilis,
1295 5487 1434 5539 dum
1472 5483 1582 5539 non
1609 5488 1880 5551 sentitur,
1909 5487 2032 5542 illa-

382 5553 561 5620 bitur,
592 5553 980 5608 tentatinnum
997 5556 1414 5610 diahnlirarum
1444 5557 1602 5610 initia
1623 5558 1834 5623 ﬂagitia
1855 5563 2028 5612 sunt:

383 5641 500 5678 non
549 5633 638 5679 est
681 5625 999 5690 imniissur,
1049 5629 1148 5682 sed
1203 5629 1466 5684 incentor
1525 5631 1818 5684 villorum.
1871 5631 2031 5687 Unde

384 5694 560 5751 David
589 5714 600 5753 :
637 5697 708 5752 Tu
733 5699 1046 5770 confregisti
1071 5708 1235 5772 caput
1263 5701 1566 5772 draconis).
1601 5705 1886 5757 Maurum.

2125 3355 2354 3424 stituta,
2389 3353 2480 3407 vix
2509 3351 2722 3424 aliquis
2747 3353 2876 3424 ejus
2900 3351 3184 3420 meminit,
3203 3351 3295 3406 vix
3314 3349 3471 3406 illius
3497 3349 3770 3407 mandata

2125 3443 2489 3498 considerat:
2527 3443 2626 3498 sed
2695 3445 2847 3497 totos
2879 3458 2940 3498 se
2985 3440 3225 3497 luxuriae
3293 3445 3350 3496 et
3374 3438 3770 3511 voluptatibus

2127 3531 2529 3598 concedentes,
2554 3535 2824 3602 quierunt
2853 3530 3107 3600 divitias,
3155 3547 3282 3602 quae
3334 3529 3392 3584 in
3425 3527 3768 3586 necessitate

2128 3636 2242 3674 non
2274 3619 2540 3674 liberant.

2200 3776 2227 3805 ‹‹
2261 3753 2331 3808 Et
2355 3752 2471 3806 dixi
2504 3769 2630 3822 ego,
2664 3752 2871 3808 melior
2903 3753 3012 3824 [Αἰ.
3044 3751 3344 3808 meliorem
3380 3766 3509 3806 esse
3538 3749 3773 3822 sapien-

2128 3841 2295 3914 tiam]
2327 3845 2418 3896 est
2450 3841 2772 3913 sapientia6
2803 3859 2980 3914 super
3010 3840 3432 3908 fortitudinem,
3465 3847 3518 3895 et
3543 3839 3772 3912 sapien-

2127 3931 2212 3986 tia
2244 3928 2516 4002 pauperis
2547 3947 2674 4001 quae
2705 3931 2978 4002 despecta
3008 3933 3115 3997 est,
3184 3934 3242 3986 et
3277 3929 3452 3984 verba
3477 3929 3606 3998 ejus
3645 3943 3770 3999 quis

2129 4037 2243 4075 non
2277 4024 2416 4074 sunt
2447 4019 2663 4074 audita.
2703 4041 2723 4068 ι
2793 4021 3139 4091 Quanquam
3209 4017 3402 4074 nullus
3445 4015 3775 4072 meminerit

2131 4109 2412 4182 sapientis
2443 4109 2716 4181 pauperis
2749 4109 2928 4180 illius,
2962 4125 3094 4164 cum
3125 4107 3253 4163 laeta
3275 4107 3396 4163 sint
3420 4105 3617 4162 omnia
3641 4123 3654 4174 ;
3677 4105 3785 4161 sed

2133 4199 2385 4255 universi
2457 4199 2774 4270 potentiam
2845 4204 2902 4254 et
2940 4197 3172 4253 divitias
3241 4195 3783 4266 admirentur:ego

2129 4293 2329 4344 tamen
2397 4288 2725 4343 secundum
2793 4304 2997 4343 omnes
3055 4304 3235 4358 supra
3274 4281 3787 4358 interpretationes

2134 4375 2324 4447 magis
2357 4375 2576 4430 honoro
2645 4379 3041 4445 contemptam
3073 4371 3446 4446 sapientiam,
3513 4373 3570 4426 et
3611 4369 3790 4426 verba

2135 4482 2261 4536 quia
2296 4461 2495 4519 nullus
2526 4463 2728 4518 audire
2759 4463 3056 4537 dignatur.

2211 4619 2236 4646 α
2273 4596 2460 4650 Verba
2491 4596 2845 4668 sapientium
2881 4595 2936 4651 in
3004 4595 3199 4668 quiete
3245 4593 3582 4662 audiuntur,
3651 4588 3788 4662 plus

2137 4702 2315 4756 quam
2357 4682 2578 4740 clamor
2617 4689 2964 4756 potestatem
3040 4683 3312 4740 habentis
3359 4683 3420 4738 in
3495 4677 3716 4738 stultis.
3760 4701 3788 4730 »

2208 4845 2230 4878 ⁸
2257 4843 2466 4914 Valic.,
2498 4845 2563 4898 Et
2583 4847 2885 4917 quiauista
2909 4845 3163 4914 cogitatio
3204 4842 3504 4917 interioris
3549 4839 3793 4917 hominis

2137 4920 2234 4982 est,
2266 4918 2468 4985 servat,
2539 4915 2648 4971 etc.
2681 4915 2812 4983 Alii,
2879 4917 3166 4973 lnterioris
3197 4915 3434 4971 hominis
3497 4927 3686 4968 sensu:
3735 4915 3793 4968 et

2137 4991 2336 5056 servat,
2373 4992 2482 5042 etc.

2209 5091 2277 5098 —
2309 5052 2372 5113 Et
2401 5059 2585 5130 quieta
2613 5058 2892 5125 cogitatio,
2924 5058 3174 5130 etc.iPro
3207 5056 3402 5130 quieta
3439 5052 3793 5130 cogitatione

2137 5131 2277 5186 editi
2313 5125 2441 5185 libri
2476 5130 2738 5201 quietum
2773 5147 3010 5184 sensum
3045 5125 3264 5184 habent
3290 5128 3494 5199 legunt
3516 5125 3696 5194 cnim,
3723 5125 3792 5180 Et

2134 5204 2353 5272 sapiens
2382 5211 2430 5256 et
2461 5204 2676 5271 quietus
2716 5203 3000 5259 interioris
3037 5202 3276 5256 hominis
3312 5215 3503 5256 sensus
3539 5205 3592 5254 et
3631 5205 3794 5254 eruet

2138 5275 2334 5330 urbem
2367 5289 2486 5342 qua:
2516 5274 2724 5328 obscsm
2751 5280 2855 5328 etc.
2891 5273 3180 5328 Manum.

2209 5345 2230 5378 ⁵
2262 5337 2490 5400 Fruitur
2515 5345 2764 5399 libertate
2795 5345 2898 5398 llic
2964 5344 3139 5398 etiam
3172 5361 3274 5415 pro
3307 5388 3312 5393 .
3342 5342 3592 5397 libertate
3648 5337 3792 5394 reti-

2138 5425 2277 5471 nent
2307 5419 2543 5470 tihrram
2573 5419 2924 5470 voluntatem.
2963 5417 3239 5472 MARTIAN.
3311 5459 3326 5470 .

2210 5489 2230 5520 δ
2261 5489 2462 5542 Melior
2489 5497 2563 5540 est
2591 5489 2882 5558 sapientia,
2916 5493 3023 5542 etc.
3062 5487 3156 5542 t’lu
3169 5503 3258 5558 res
3289 5503 3430 5541 mss.
3458 5484 3536 5538 ita
3557 5481 3786 5558 legunt,

2143 5559 2307 5627 pauci
2344 5576 2474 5611 rum
2503 5555 2695 5618 editis,
2731 5561 2790 5612 Et
2820 5559 2938 5612 (limi
2966 5575 3065 5626 (ἐιο
3095 5557 3384 5612 "mliorem
3422 5571 3532 5611 esse
3563 5555 3787 5625 sapien-

2139 5634 2276 5684 tium
2331 5647 2502 5698 super
2529 5633 2875 5701 fortitudine,
2909 5636 3017 5685 etc.
3049 5630 3160 5686 Sed
3193 5628 3355 5701 nulla
3385 5627 3559 5682 estin
3600 5641 3787 5682 sensu

2141 5703 2383 5759 mutatio
2415 5700 2690 5759 utrOlibet
2719 5702 2890 5758 modo
2919 5701 3251 5774 legerimus.
3287 5700 3570 5764 Malui.
