3996 6408
210 374 374 449 1145

1241 376 1868 445 COMMENTARIUS
1911 376 1992 443 IN
2035 376 2642 446 EGGLESIASTEN.

3464 376 3620 448 1146

206 508 631 587 Quemcunque
656 512 715 571 in
747 510 1003 573 Ecclesia
1030 514 1241 574 videris
1265 518 1279 552 ι
1303 515 1773 586 declamatorem,
1807 520 1866 572 et
1891 514 1948 582 Α
1975 513 2303 573 velamento
2366 516 2687 589 prudentiae
2755 530 3017 575 exercere
3046 494 3350 575 malitiam.
3383 516 3569 574 Aliter
3601 534 3615 575 :

208 617 348 659 cum
379 602 632 675 quodam
662 603 950 661 lenocinio
975 622 1040 662 ac
1060 609 1364 661 venustate
1384 605 1689 662 verborum
1714 606 1860 662 exci-

208 695 337 749 tare
367 692 633 764 plausus,
668 694 823 749 risus
854 698 1143 761 excutere,
1191 695 1495 750 audientes
1525 695 1581 750 in
1617 697 1859 751 affectus

205 779 423 837 laetitia
463 782 792 839 concitare:
849 783 994 839 scito
1046 784 1281 855 signum
1323 801 1450 840 esse
1487 784 1856 856 insipientia},

206 873 329 926 tam
370 871 499 941 ejus
538 870 635 942 qui
678 870 938 942 loquitur
988 889 1165 943 quam
1207 890 1406 928 eorum
1447 874 1546 945 qui
1588 875 1857 930 audiunt.

206 958 403 1015 Verba
457 961 673 1031 quippe
713 960 1066 1031 sapientium
1111 962 1167 1015 in
1210 963 1423 1033 quiete,
1465 969 1522 1017 ct
1562 964 1858 1018 moderato

207 1048 532 1105 audiuntur
561 1049 830 1105 silentio:
868 1050 968 1121 qui
1011 1066 1139 1106 vero
1180 1050 1464 1121 insipiens
1503 1057 1611 1116 est,
1659 1069 1863 1123 quam-

206 1136 301 1201 vis
331 1137 411 1194 sit
465 1142 693 1210 potens,
743 1142 801 1193 et
851 1137 1167 1194 clamorem
1220 1138 1341 1194 sive
1372 1158 1489 1195 suae
1522 1141 1698 1210 vocis,
1741 1141 1860 1197 sive

206 1226 410 1299 populi
443 1226 655 1282 habeat
684 1226 1086 1296 acclamantis,
1117 1228 1271 1285 468
1312 1228 1463 1284 inter
1518 1229 1860 1302 insipientes

207 1315 649 1387 computabitur
670 1318 709 1370 ³.

287 1424 316 1454 ‹‹
348 1403 554 1460 Melior
582 1409 672 1460 est
703 1405 990 1477 sapientia
1044 1423 1221 1479 super
1249 1424 1388 1462 vasa
1438 1406 1595 1472 belli,
1644 1413 1701 1464 et
1731 1427 1859 1481 pec-

209 1508 356 1557 cans
393 1510 549 1550 unus
579 1495 779 1565 perdet
811 1495 1129 1551 bonitatem
1164 1496 1435 1551 multam.
1473 1520 1500 1547 ››
1533 1498 1698 1553 Nunc
1725 1516 1861 1571 quo-

210 1598 333 1653 que
358 1582 704 1653 sapientiam
753 1584 983 1655 praefert
1030 1585 1378 1647 fortitudini.
1428 1592 1484 1641 et
1535 1587 1676 1642 dicit
1727 1588 1860 1659 plus

209 1685 351 1731 eum
397 1670 587 1727 valere
633 1674 692 1727 in
747 1672 980 1743 prmliis,
1030 1690 1202 1745 quam
1252 1692 1416 1730 arma
1447 1678 1857 1747 pugnantium.

209 1759 378 1824 Quod
410 1759 459 1815 si
500 1777 655 1815 unus
693 1760 978 1833 insipiens
1018 1763 1211 1828 fuerit,
1254 1765 1524 1834 quamvis
1552 1783 1765 1837 parvus
1806 1772 1862 1822 et

1970 602 2181 660 Musca:
2215 622 2342 677 qua:
2365 606 2535 677 juxta
2564 605 2775 663 Isaiam
2825 606 2968 679 (cap.
3016 623 3118 675 vn,
3162 605 3250 677 l8)
3283 605 3617 681 principan-

1967 698 2065 749 tur
2103 694 2253 766 parti
2298 695 2602 752 ﬂuminisI5
2649 695 2893 768 Egypti,
2925 697 3180 769 perdunt
3209 695 3317 752 olei
3358 698 3619 755 suavita-

1967 787 2107 850 tem,
2162 784 2221 839 in
2272 801 2625 857 unoquoque
2675 787 3033 841 credentium
3080 786 3478 857 relinquentes
3505 786 3617 843 im-

1970 870 2275 927 munditiae
2308 889 2424 927 suae
2447 873 2680 927 odorem
2700 877 2873 944 atque
2893 873 3154 944 vestigia.
3183 874 3268 928 Ab
3290 873 3382 930 his
3400 875 3620 931 muscis

1969 959 2142 1014 etiam
2177 960 2449 1032 princeps
2498 961 2824 1033 appellatus
2880 969 2969 1017 est
3005 963 3424 1018 daemoniorum
3458 963 3619 1020 Beel-

1968 1048 2154 1107 zebub
2187 1050 2394 1119 (Matth.
2436 1068 2536 1117 xu,
2589 1051 2699 1120 2’4),
2752 1052 2854 1121 qui
2904 1050 3318 1122 interpretatur
3373 1057 3475 1108 aut
3501 1052 3621 1131 ido-

1970 1138 2088 1192 lum
2142 1155 2455 1194 muscarum
2474 1141 2515 1207 ⁸,
2561 1144 2663 1194 aut
2709 1142 2797 1195 vir
2861 1157 3196 1209 muscarum,
3252 1146 3355 1197 aut
3418 1142 3619 1198 habens

1968 1243 2212 1283 muscas.

2041 1340 2067 1366 «ι
2104 1318 2211 1372 Cor
2240 1317 2523 1389 sapientis
2571 1317 2628 1373 in
2680 1318 2882 1374 dextra
2927 1319 3078 1390 ejus,
3129 1324 3186 1374 et
3234 1337 3334 1376 cor
3362 1319 3527 1376 stulti
3556 1319 3619 1376 in

1970 1404 2211 1461 sinistra
2240 1406 2418 1462 illius.
2454 1407 2563 1462 Sed
2593 1412 2649 1461 et
2679 1407 2738 1462 in
2769 1407 2882 1475 via,
2913 1424 3045 1463 cum
3082 1408 3301 1465 stultus
3327 1409 3618 1477 ambulat,

1970 1510 2069 1550 cor
2097 1497 2225 1566 ejus
2259 1495 2546 1551 minuitur
2579 1512 2591 1550 :
2626 1501 2684 1551 et
2712 1496 2872 1562 dicit,
2906 1496 3101 1553 omnis
3130 1497 3416 1569 insipiens
3448 1502 3556 1554 est.
3592 1520 3621 1548 ››

1969 1583 2040 1638 Et
2067 1583 2126 1638 in
2160 1583 2467 1655 Evangelia
2517 1586 2670 1641 409
2720 1585 3077 1657 praecipitur,
3126 1590 3194 1640 ut
3223 1586 3448 1642 nesciat
3477 1584 3612 1642 sini-

1971 1676 2093 1728 stra
2120 1673 2261 1744 quid
2310 1674 2482 1728 faciat
2512 1674 2747 1729 dextera
2795 1674 3077 1746 sapientis
3108 1675 3319 1745 (Matth.
3354 1692 3431 1743 vr,
3463 1676 3534 1743 3;
3564 1691 3620 1747 ν,

1969 1762 2082 1829 39).
2120 1762 2185 1816 Et
2215 1762 2450 1833 quando
2482 1764 2843 1833 percutimur
2876 1764 2931 1817 in
2971 1764 3268 1819 maxillam
3303 1765 3622 1830 dexteram,

208 1846 358 1905 nihil
390 1847 488 1917 sit,
524 1849 724 1905 crebro
772 1855 968 1905 tamen
1014 1868 1116 1922 per
1159 1852 1318 1909 illius
1349 1854 1679 1923 stultitiam,
1720 1873 1859 1926 opes
1894 1880 1942 1946 Β
1974 1852 2385 1921 nonjubemur
2410 1851 2712 1907 sinistram
2735 1868 2944 1924 genam
2974 1853 3320 1924 percutienti
3345 1852 3624 1926 praebere,

210 1952 459 2009 magnas
501 1936 848 2009 divitiasque
879 1938 1159 1994 subverti.
1195 1940 1339 2003 Quia
1371 1958 1501 1996 vero
1533 1941 1592 1996 in
1626 1942 1860 1998 Hebraeo

209 2028 406 2097 potest
442 2024 555 2096 legi
588 2043 600 2081 :
645 2027 708 2080 Et
744 2027 841 2098 qui
874 2034 1059 2097 peccat
1097 2044 1289 2099 unum,
1327 2031 1525 2099 perdet
1564 2030 1863 2086 bonitatem

206 2115 460 2183 multam,
502 2115 678 2170 etiam
720 2114 803 2171 sic
843 2115 1214 2173 sentiendum
1255 2122 1387 2174 est:
1433 2120 1585 2190 quod
1631 2125 1865 2192 prOpter

206 2219 397 2263 unum
450 2208 775 2275 peccatum,
827 2204 1022 2261 multa:
1046 2206 1290 2277 justitire
1331 2213 1483 2263 retro
1516 2215 1773 2280 pereant,
1808 2214 1865 2266 et

206 2293 459 2349 invicem
491 2310 553 2349 se
584 2294 829 2349 virtutes
882 2296 1072 2366 sequi,
1114 2300 1167 2350 et
1226 2296 1325 2367 qui
1356 2315 1533 2352 unam
1570 2298 1861 2364 habuerit,

206 2381 426 2438 habere
452 2398 694 2438 omnes:
723 2387 780 2438 et
809 2383 905 2453 qui
936 2384 996 2438 in
1032 2401 1146 2440 uno
1196 2387 1532 2457 peccaverit,
1565 2404 1699 2442 eum
1740 2405 1864 2443 om-

208 2471 389 2527 nibus
421 2471 577 2526 vitiis
608 2472 909 2541 subjacere
949 2474 1084 2542 (Jac.
1121 2490 1183 2541 ιι,
1226 2475 1327 2545 l0).

289 2560 448 2632 (Cap.
480 2560 570 2630 X.)
604 2583 631 2612 ιι
672 2561 886 2617 Muscas
927 2562 1133 2618 mortis
1155 2562 1467 2634 polluunt’
1490 2565 1682 2621 oleum
1706 2584 1862 2622 com-

207 2650 564 2723 positionis:
608 2650 862 2722 pretiosa
900 2657 988 2706 est
1026 2669 1202 2723 super
1257 2654 1606 2725 sapientiam
1646 2661 1701 2711 ct
1739 2656 1863 2728 glo-

206 2739 362 2795 riam
393 2737 640 2796 stultitia
661 2756 855 2810 parva.
883 2762 911 2790 »
949 2741 1287 2813 Exemplum
1312 2743 1629 2815 superioris
1653 2762 1865 2802 sensus

208 2828 455 2899 dedit,in
485 2844 600 2899 quo
632 2827 733 2896 ait,
767 2845 868 2900 per
927 2847 1109 2885 unum
1178 2830 1425 2887 stultum
1495 2834 1679 2889 multa
1711 2835 1866 2891 bona

209 2933 385 2989 posse
415 2916 691 2983 subverti,
726 2920 881 2989 quod
941 2917 1025 2974 sic
1057 2918 1247 2975 malus
1282 2921 1496 2977 mistus
1528 2923 1695 2978 bonis
1727 2942 1860 2980 con-

207 3005 459 3062 taminet
496 3005 805 3077 plurimos,
849 3009 1142 3078 quomodo
1193 3026 1406 3065 muscas
1448 3012 1494 3067 si
1537 3013 1866 3069 moriantur

205 3094 272 3150 in
302 3100 625 3167 unguento,
658 3096 907 3166 perdant
933 3102 991 3151 et
1019 3097 1256 3152 odorem
1291 3098 1448 3153 illius
1466 3107 1523 3155 et
1543 3103 1795 3157 colorem
1819 3105 1859 3157 ‘.

202 3187 279 3239 Et
311 3184 449 3255 quia
478 3200 629 3255 SthB
661 3182 963 3241 calliditati
1000 3185 1171 3241 mista
1203 3192 1293 3242 est
1322 3188 1629 3259 sapientia,
1661 3196 1717 3244 et
1756 3191 1859 3246 ha-

206 3250 345 3328 bet-
375 3250 660 3328 malitiam
730 3273 1061 3344 prudentia,
1104 3275 1366 3347 praecipit
1391 3250 1471 3332 ἰιι
1509 3250 1857 3350 sapientiam
1891 3250 1935 3317 α

207 3358 539 3432 simplicem
572 3360 966 3432 requiramus,
1002 3362 1299 3433 mistaque
1328 3364 1560 3421 sitcum
1591 3366 1864 3423 innocen-

206 3450 296 3507 tia
351 3448 794 3517 columbarum;
841 3450 1160 3521 prudentes
1225 3452 1413 3509 simus
1476 3455 1548 3509 ad
1618 3456 1861 3522 bonum,

206 3538 510 3612 simplices
541 3542 734 3594 autem
765 3539 836 3594 ad
870 3538 1113 3594 malum.
1148 3541 1215 3594 Et
1245 3546 1333 3596 est
1362 3558 1570 3598 sensus
1600 3562 1611 3599 :
1646 3548 1862 3600 Conve—

206 3627 300 3684 nit
319 3628 484 3699 justo
516 3643 719 3699 parum
778 3627 994 3683 habere
1036 3627 1453 3701 simplicitatis,
1525 3638 1581 3687 et
1627 3638 1864 3706 propter

207 3716 458 3774 nimiam
507 3715 872 3787 patientiam,
918 3716 1061 3771 dum
1110 3716 1390 3774 ultionem
1438 3727 1693 3777 reservat
1726 3728 1862 3792 Deo,

207 3804 461 3871 stultum
492 3804 697 3871 videri,
758 3820 936 3875 quam
997 3805 1195 3861 statim
1237 3824 1298 3863 se
1324 3808 1718 3867 vindicantem
1750 3815 1861 3868 sub

285 3949 300 3982 ¹
336 3948 732 4016 Quemcumque
762 3946 823 3999 in
855 3947 1091 4002 Ecclesia
1124 3949 1345 4015 videris,
1370 3954 1478 4007 etc.
1514 3955 1700 4009 Ambo
1731 3959 1859 4011 Cor-

209 4020 712 4095 beienses_ms_s.et
735 4017 1122 4095 Colbertinus,
1158 4026 1561 4095 Quemcumque
1588 4029 1645 4079 in
1678 4028 1859 4083 Eccle-

188 4094 282 4150 sia
312 4090 519 4146 videris
550 4091 926 4145 clamatornn.
962 4090 1250 4147 Mauram.

267 4164 291 4237 ξ
322 4168 505 4237 Renes
555 4159 780 4237 Alcuin.
832 4166 1183 4237 computatur
1200 4180 1239 4237 ;_
1264 4162 1353 4237 al.
1392 4164 1553 4233 editi,
1589 4169 1853 4237 loquitur.

267 4236 291 4270 ³
318 4235 518 4290 Musae
544 4234 737 4305 mortis
762 4233 1039 4305 polluant,
1072 4239 1180 4288 etc.
1216 4235 1311 4289 Sic
1343 4235 1483 4305 legit
1515 4233 1689 4293 codex
1726 4240 1854 4294 Col-

194 4307 469 4363 bertinus
491 4307 661 4372 juxta
688 4304 908 4359 idioma
941 4304 1285 4361 Hebraicum
1320 4304 1440 4368 mi:
1480 4312 1858 4369 731311.64ng

191 4377 437 4446 maveth,
472 4376 527 4431 id
559 4380 669 4441 est,
717 4391 912 4431 muscae
960 4379 1170 4445 mortis,
1222 4378 1341 4433 sive
1400 4397 1559 4435 more
1628 4383 1852 4438 Latino-

191 4465 332 4507 rum
361 4462 567 4525 muscae
600 4449 918 4525 morientes,
972 4451 1037 4501 ut
1086 4447 1302 4525 habent
1340 4448 1464 4525 alia
1501 4454 1854 4525 exemplaria

192 4537 347 4595 mss.
390 4520 557 4575 Falso
596 4519 777 4595 igitur
814 4519 874 4572 in
915 4525 1087 4595 antea
1125 4521 1298 4575 editis
1337 4520 1611 4595 legimus,
1645 4519 1854 4582 Musca:

193 4594 489 4650 moriturae
517 4591 889 4646 exterminant
917 4590 1117 4659 oleum,
1142 4597 1249 4647 etc.
1284 4590 1563 4649 alarm.

270 4694 339 4705 —
360 4661 821 4718 VaticanJluscm
848 4663 1139 4717 morientes
1164 4682 1177 4730 ;
1230 4663 1345 4719 duo
1377 4665 1647 4735 Palatini,
1676 4670 1849 4723 mori-

192 4744 358 4793 ture.

270 4808 295 4843 ‘
324 4805 554 4863 Odorem
584 4805 738 4860 illius
766 4812 816 4879 et
844 4804 1106 4879 colorem.
1158 4808 1267 4879 Pro
1297 4807 1551 4879 colorem,
1585 4809 1725 4865 editi
1760 4828 1848 4865 re-

190 4877 389 4954 tinent
415 4893 705 4954 saporem,_
719 4876 819 4931 sed
848 4891 1035 4954 sensu
1093 4875 1249 4931 haud
1272 4875 1677 4954 congruente,
1709 4883 1850 4954 quia

190 4949 259 5031 i_n
291 4946 608 5031 unguentis
636 4948 781 5003 odor
810 4951 865 5002 et
920 4946 1078 5001 color
1123 4946 1460 5031 requiritur,
1502 4968 1615 5031 non
1634 4946 1841 5031 sapor.

189 5021 578 5099 Corheienses
603 5036 785 5099 “mss.
828 5027 1280 5099 consequenter
1344 5021 1584 5095 legunt:
1624 5027 1687 5079 Et
1716 5021 1849 5099 quia

190 5108 411 5165 semper
436 5090 758 5165 calliditati,
790 5095 897 5165 etc.
935 5089 1221 5165 Mauri/is.
1389 5089 1430 5165 ξ’
1558 5110 1563 5115 ο

269 5162 338 5203 -ὶ-
360 5163 628 5228 Martian,
652 5165 702 5217 et
730 5162 982 5229 colorem,
1004 5163 1221 5217 nostris
1242 5163 1516 5219 omnibus
1542 5182 1682 5222 mss.
1709 5182 1845 5221 con-

188 5234 639 5309 tradicentibus,
693 5238 830 5309 tum
857 5232 1161 5309 ‘Alcuino,_
1200 5239 1371 5309 atque
1418 5236 1590 5293 editis
1619 5238 1845 5309 pridem

187 5306 384 5364 libris.
438 5305 553 5386 Nec
602 5322 742 5360 sane
783 5304 945 5359 video
976 5320 1082 5386 cur
1111 5305 1235 5361 oleo
1268 5305 1385 5361 sive
1419 5304 1715 5379 unguento
1748 5327 1844 5365 sa—

191 5393 414 5452 po_rem_
431 5379 586 5452 dicat
618 5394 731 5431 non
756 5379 1099 5452 convenire.

268 5449 291 5483 ⁵
318 5448 587 5513 Palatin.,
621 5451 787 5518 portis
812 5449 1097 5515 ﬂuminis;
1133 5446 1229 5500 alii
1259 5452 1454 5514 partis,
1486 5456 1594 5505 etc.

265 5521 287 5555 ⁸
322 5522 405 5576 Ita
433 5526 491 5576 et
521 5521 579 5574 in
612 5520 757 5574 libro
785 5520 851 5572 de
880 5519 1205 5574 Nominibus
1228 5521 1507 5574 llclu'ail'is
1528 5540 1596 5577 ex
1621 5523 1847 5577 Joanne

187 5592 396 5664 sentit,
419 5592 647 5664 tametsi
674 5589 1068 5664 verosimilius
1086 5589 1369 5664 videatur,
1398 5595 1647 5648 maxime
1673 5611 1846 5664 penes

186 5663 559 5731 Matthaeum,
576 5663 657 5719 ita
677 5660 1032 5735 appellatum
1054 5660 1395 5735 Beelzebub,
1416 5668 1571 5735 quod
1597 5660 1846 5720 domici-

184 5735 363 5807 lium,
398 5735 554 5810 quod
584 5732 769 5805 semel
813 5732 1249 5804 inhabitaverit,
1299 5732 1449 5805 {egre
1479 5740 1534 5793 et
1565 5736 1656 5794 vix
1685 5738 1847 5795 dese-

1972 1939 2072 1994 sed
2102 1938 2343 1996 alteram
2374 1940 2671 1995 dexteram
2698 1941 2717 1974 ⁷
2756 1940 2964 2012 (Matth.
2998 1957 3054 2008 ν,
3088 1942 3199 2012 39).
3230 1942 3437 1998 Justus
3466 1941 3623 1997 enim

1972 2027 2275 2083 sinistram
2327 2028 2384 2083 in
2437 2044 2499 2083 se
2531 2045 2642 2083 non
2676 2028 2871 2098 habet,
2913 2029 3013 2084 sed
3048 2032 3237 2084 totum
3280 2030 3337 2084 in
3372 2045 3438 2085 eo
3488 2030 3623 2086 dex-

1973 2121 2131 2174 trum
2164 2119 2346 2174 est.Et
2375 2135 2508 2174 cum
2541 2119 2613 2173 ad
2655 2118 3045 2188 judicandum
3088 2117 3353 2174 Salvator
3378 2118 3627 2187 venerit,

1972 2208 2104 2279 agni
2148 2209 2392 2263 stabunt
2422 2225 2455 2264 a
2484 2206 2741 2262 dextris:
2777 2206 2925 2261 hzedi
2947 2224 3082 2263 vero
3106 2223 3137 2262 a
3168 2206 3425 2263 sinistris
3455 2210 3629 2263 erunt

1972 2298 2191 2368 (Matth.
2260 2315 2391 2363 xxv,
2458 2298 2570 2362 35).
2642 2298 2711 2351 Et
2776 2295 2835 2350 in
2901 2296 3228 2351 Proverbiis
3259 2295 3617 2351 scribitur“:

1974 2388 2203 2442 Derctras
2268 2390 2385 2441 vias
2424 2388 2574 2440 novit
2610 2387 2913 2440 Dominus:
2952 2400 3077 2455 quae
3116 2390 3300 2439 autem
3353 2400 3625 2456 perversae

1971 2484 2115 2539 sunt,
2148 2492 2182 2530 a
2210 2478 2456 2530 sinistris
2501 2484 2630 2529 sunt
2651 2476 2672 2508 ο
2727 2475 2908 2543 (Prov.
2960 2491 3034 2538 ιν,
3073 2474 3186 2543 27).
3220 2473 3327 2538 Qui
3358 2489 3494 2545 ergo
3525 2489 3625 2528 sa-

1974 2564 2142 2636 piens
2171 2568 2279 2631 est,
2313 2581 2544 2635 semper
2595 2564 2665 2618 de
2697 2563 2895 2617 futuro
2947 2562 3159 2617 saeculo
3199 2562 3435 2633 cogitat,
3468 2561 3624 2633 quod

1973 2654 2135 2708 ducit
2165 2654 2235 2708 ad
2268 2654 2546 2709 dextram.
2602 2651 2710 2717 Qui
2756 2669 2887 2707 vero
2932 2651 3238 2723 insipiens,
3272 2652 3342 2706 de
3373 2667 3626 2723 praesen-

1971 2742 2032 2803 ti,
2075 2742 2231 2814 quod
2267 2742 2520 2814 positum
2575 2744 2665 2795 est
2713 2740 2769 2794 in
2805 2738 3063 2795 sinistra.
3096 2739 3229 2803 Quae
3262 2739 3501 2812 quidem
3535 2755 3626 2793 se-

1973 2836 2146 2888 cutus
2198 2833 2351 2887 idem
2413 2830 2801 2904 philosophus
2858 2834 2915 2885 et
2954 2834 3125 2902 poeta
3147 2830 3208 2897 1°,
3262 2829 3345 2885 ait
3373 2828 3624 2899 (VmGIL.

1973 2921 2189 2977 Α’ῗηείά.
2222 2922 2296 2991 vr)
2328 2938 2341 2975 :

2036 3081 2265 3131 Dextera
2288 3095 2406 3144 qua:
2427 3064 2608 3144 magni
2630 3081 2752 3144 ditis
2779 3079 2879 3144 sub
2898 3081 3098 3129 muenia
3119 3078 3262 3144 ducit
3286 3078 3388 3141 [ΔΙ.
3413 3078 3627 3141 tendit].

2037 3145 2143 3208 liae
2173 3146 2270 3193 iter
2300 3141 2536 3208 Elysiuui
2565 3143 2719 3208 nobis
2746 3157 2756 3189 :
2789 3146 2841 3208 at
2870 3143 3001 3190 lmva
3034 3141 3311 3208 malorum.

2036 3206 2253 3255 Exercet
2282 3201 2488 3267 pcenas,
2520 3210 2572 3254 et
2600 3207 2665 3253 ad
2698 3206 2865 3267 impia
2896 3209 3092 3253 tartara
3116 3204 3279 3252 mittit
3306 3203 3411 3266 μί.
3434 3201 3624 3266 ducit].

2044 3366 2375 3422 Firmianus
2411 3383 2645 3439 quoque
2679 3370 2877 3421 noster
2922 3364 2981 3419 in
3014 3363 3288 3437 praeclaro
3319 3364 3622 3421 Institutio-

1972 3472 2105 3510 num
2131 3473 2371 3511 suarum
2397 3455 2631 3527 opereY
2655 3454 2857 3511 littera:
2885 3452 3295 3522 meminit“,et
3318 3453 3387 3509 de
3408 3452 3625 3509 dextris

1972 3561 2037 3600 ac
2069 3545 2347 3611 sinistris,
2380 3544 2488 3599 hoc
2533 3548 2641 3609 est,
2693 3544 2764 3598 de
2794 3543 3110 3597 virtutibus
3149 3548 3202 3597 et
3230 3541 3386 3597 vitiis
3407 3542 3624 3613 plenis-

1971 3635 2121 3689 sime
2162 3634 2500 3706 disputavit.
2561 3634 2675 3689 Ncc
2743 3638 3017 3704 putemus
3073 3631 3210 3685 huic
3265 3630 3639 3699 sententiolae

1970 3720 2115 3777 illud
2184 3739 2311 3778 esse
2351 3722 2730 3788 contrarium,
2791 3722 2851 3775 in
2894 3737 3008 3793 quo
3048 3720 3300 3774 dicitur:
3343 3721 3419 3774 Ne
3456 3719 3623 3774 decli-

1967 3827 2066 3866 nes
2095 3814 2155 3867 in
2184 3812 2487 3880 dexteram,
2518 3828 2690 3883 neque
2744 3812 2805 3865 in
2833 3811 3118 3865 sinistram
3171 3810 3355 3877 (Prov.
3403 3825 3478 3880 ιν,
3508 3808 3621 3879 27).

1968 3956 2365 4010 rat.Cazterum
2399 3952 2763 4009 diabolorum
2800 3951 3119 4025 principem
3163 3949 3245 4005 sic
3274 3950 3459 4006 Judazi
3489 3950 3622 4007 vul-

1976 4042 2049 4097 go
2079 4026 2471 4097 appellabant.

1995 4171 2008 4177 _
2040 4100 2058 4132 ⁷
2092 4099 2153 4177 ln
2186 4096 2430 4177 Palatia.
2463 4095 2817 4177 .sedialteram
2858 4098 3106 4162 tantum,
3140 4094 3364 4166 absque
3396 4094 3619 4167 addito,

1974 4171 2256 4225 desieram
2278 4187 2295 4222 :
2328 4174 2390 4222 ut
2420 4171 2626 4232 sentio,
2663 4171 2899 4224 rectius.

2035 4242 2056 4275 ⁸
2088 4240 2395 4322 Proverbiis
2424 4240 2707 4322 scribitur.
2751 4239 2892 4293 Tres
2961 4252 3102 4293 mss.
3172 4236 3423 4322 codices.
3466 4238 3532 4293 Et
3560 4239 3620 4294 in

1965 4314 2235 4383 Pr0pheta
2264 4311 2544 4366 scribitur.
3192 4314 3476 4365 MARTIAN.

2036 4385 2058 4417 θ
2093 4383 2373 4453 Vatican.,
2408 4400 2441 4437 a
2469 4383 2715 4438 sinistris
2744 4382 2859 4453 ejus
2893 4384 3189 4453 prosunt.
3248 4450 3261 4453 _

2036 4455 2079 4488 ¹⁰
2110 4450 2467 4525 Philosophus
2514 4463 2564 4508 et
2606 4450 2778 4525 poeta
2815 4450 2914 4508 ait.
2946 4451 3195 4525 iVirgilii
3248 4450 3370 4507 haec
3414 4455 3554 4507 sunt
3582 4469 3615 4508 e

1964 4532 2126 4582 sexto
2158 4524 2412 4582 :Eneiilos
2443 4526 2591 4581 libro
2608 4524 2773 4581 circa
2807 4524 3064 4579 medium
3091 4540 3104 4578 :

2085 4651 2180 4699 Hic
2201 4650 2352 4700 locus
2382 4654 2477 4705 est,
2510 4654 2687 4712 partes
2715 4649 2806 4698 ubi
2837 4662 2892 4696 se
2922 4648 3009 4712 via
3036 4646 3190 4712 ﬁndit
3218 4646 3270 4693 in
3300 4646 3517 4712 ambas:

2091 4716 2336 4771 Dextera,
2366 4727 2487 4822 qluaa
2514 4708 2642 4761 ditis
2672 4712 2848 4773 magni
2878 4710 2977 4759 sub
2998 4710 3199 4757 mmnia
3226 4708 3426 4768 tendit;

2091 4776 2193 4822 Hac
2223 4776 2324 4822 iter
2350 4776 2389 4822 Ε
2415 4776 2584 4822 vsium
2620 4774 2773 4822 nobis
2801 4788 2812 4822 :
2845 4772 2909 4821 ad
2940 4775 3075 4821 laeva
3102 4769 3361 4818 malorum

2085 4776 2193 4841 liae
2223 4769 2330 4824 iter
2350 4769 2584 4837 Elysium
2620 4769 2812 4841 nobis;
2845 4772 2909 4841 ad
2938 4775 3075 4841 laeva
3102 4769 3361 4841 malorum

2081 4839 2304 4887 Exercet
2331 4833 2541 4900 poenas,
2574 4841 2625 4886 et
2651 4836 2716 4885 ad
2741 4836 2905 4897 impia
2935 4837 3138 4882 tartara
3166 4833 3343 4881 mittit.

1958 4952 2181 5008 Recitat
2218 4951 2420 5007 eadem
2464 4950 2803 5007 Lactantius
2874 4948 3207 5005 Firmiauus
3246 4949 3425 5004 Instit.
3462 4950 3609 5006 Divi-

1954 5041 2079 5079 nar.
2115 5024 2216 5078 lib.
2250 5040 2325 5089 vi,
2359 5038 2484 5093 cap.
2518 5024 2553 5077 3
2598 5029 2655 5077 et
2685 5024 2737 5087 4,
2772 5022 2871 5078 ubi
2925 5023 2995 5076 de
3025 5019 3339 5093 virtutibus
3368 5026 3426 5077 et
3452 5020 3610 5078 vitiis

1956 5096 2299 5168 plenissime
2330 5091 2621 5168 disputat,
2668 5100 2723 5150 et
2753 5094 2799 5149 Y
2851 5091 3607 5168 litte_rze_mcminit,quam

1956 5162 2402 5239 Pythagoricum
2426 5162 2533 5239 alii
2567 5164 2789 5229 dicunt,
2814 5163 2933 5220 sive
2955 5162 3297 5239 Pythagorae
3328 5162 3605 5239 litteram,

1957 5235 2111 5294 sicut
2152 5235 2214 5292 et
2262 5239 2386 5308 ipse
2437 5236 2841 5309 Hieronymus,
2875 5236 3046 5309 epist.
3079 5235 3148 5290 ad
3177 5236 3382 5309 qutam
3412 5235 3483 5292 de
3512 5237 3606 5294 in-

1957 5306 2456 5381 stitutione—tilias,
2494 5312 2551 5362 et
2606 5306 2776 5380 epist.
2832 5306 2925 5381 ait
2957 5306 3373 5381 Itammachiunt
3429 5325 3609 5381 super

1956 5382 2117 5435 obitu
2152 5379 2426 5434 Paulinae.
2478 5379 2725 5437 Consolc
2771 5380 2945 5433 etiam
2978 5379 3408 5451 Commentario
3439 5379 3605 5451 stti

1957 5453 2172 5534 betulei
2202 5451 2524 5523 Augustani
2556 5450 2899 5507 inLactantii
2924 5449 3179 5521 capitula
3204 5467 3382 5534 supra
3403 5449 3602 5510 citata.

1954 5529 2240 5578 MARTIAN.
2451 5547 2457 5553 -

2030 5597 2064 5631 "
2103 5596 2268 5648 Libro
2305 5609 2510 5663 nempe
2544 5609 2616 5645 iv.
2644 5608 2764 5662 cap.
2794 5597 2861 5649 3:
2900 5618 2925 5642 ‹‹
2966 5594 3371 5661 Πὶίῖιιιιὶιιιιὶιιι,
3401 5594 3604 5653 huma-

1957 5684 2042 5721 nae
2098 5666 2225 5739 vita:
2283 5662 2545 5739 cursum‘
2582 5663 2627 5718 Y
2684 5662 2888 5720 litterae
2952 5682 3079 5722 esse
3136 5666 3410 5739 similem,
3444 5673 3597 5739 quod

1956 5737 2364 5811 unusquisque
2389 5735 2719 5808 hominum,
2744 5753 2879 5796 cum
2908 5738 3166 5812 primum
3198 5735 3599 5797 adolescentia)
