3996 6420
398 365 553 432 1147

1633 363 1699 432 S.
1746 365 2056 432 EUSEBll
2101 363 2566 431 HIERONYMI.

3639 353 3810 428 H48

397 501 501 572 Hic
531 501 685 558 enim
718 517 850 575 pars
883 502 1147 558 dextera‘
1219 519 1321 575 pro
1387 501 1537 559 bono
1575 483 1910 573 accipitur:
1955 500 2034 556 ibi
2068 504 2120 567 Α
2149 506 2242 556 sta
2274 501 2438 556 fortis
2469 507 2526 556 et
2557 501 2802 572 rigidus,
2827 503 2881 556 et
2911 499 3120 574 frigore
3137 497 3458 558 castitatis‘
3487 497 3808 556 ﬂammam

394 605 528 648 vero
569 607 680 646 non
721 597 839 647 tam
881 593 1132 658 dextera,
1189 609 1362 664 quam
1421 591 1726 647 declinatio
1793 591 2036 646 dexterae

394 685 738 736 accusatur:
776 698 845 735 ne
877 680 1008 753 plus
1041 681 1340 753 sapiamus
1373 698 1546 754 quam
1582 697 1783 753 sapere
1814 698 1916 735 nos
1949 697 2042 735 ne-

395 784 556 824 cesse
581 774 703 822 est:
741 768 876 840 quia
907 769 1148 824 virtutes
1191 771 1248 825 in
1285 771 1473 825 medio
1518 771 1715 838 sunt”,
1749 775 1804 823 et
1835 769 2038 822 nimie-

392 859 482 910 tas
522 856 714 912 omnis
747 857 804 910 in
835 857 976 912 vitio
1019 862 1125 912 est.
1173 859 1480 930 Sequentis
1524 863 1716 912 autem
1767 857 2036 912 versiculi

393 945 452 1000 in
487 963 599 1016 quo
631 945 748 1001 ait:
786 969 812 996 ‹‹
843 947 949 1001 Sed
985 953 1040 1000 et
1089 947 1144 1000 in
1180 948 1268 1002 via
1317 965 1448 1001 eum
1504 947 1721 1001 stultus
1752 946 2035 1013 ambulat,

390 1051 489 1090 cor
513 1035 640 1105 ejus
689 1035 932 1105 indiget,
986 1041 1041 1090 et
1093 1036 1268 1090 dicit:
1318 1038 1508 1090 omnis
1559 1036 1895 1107 insipientia
1925 1043 2040 1103 est,

389 1125 501 1178 sive
533 1123 838 1194 insipiens,
871 1145 896 1174 ι)
955 1125 1048 1178 hic
1100 1131 1188 1179 est
1233 1143 1478 1180 sensus:
1531 1126 1754 1180 Stultus
1807 1131 1872 1179 ut
1913 1125 2039 1196 ipse

389 1219 608 1282 peccat,
644 1219 838 1283 sperat
885 1230 1089 1268 omnes
1141 1231 1377 1284 peccare
1428 1215 1718 1282 similiter,
1766 1220 1941 1285 atque
1971 1231 2040 1268 ex

389 1318 497 1356 suo
531 1302 764 1371 ingenio
817 1303 1120 1356 universos
1163 1304 1411 1373 judicat.
1469 1305 1722 1375 Denique
1767 1305 2036 1374 Symma-

390 1389 536 1444 chus
571 1392 652 1444 ita
681 1392 1098 1462 interpretatus
1145 1399 1267 1447 est:
1327 1417 1352 1442 υ
1387 1395 1496 1448 Sed
1529 1399 1584 1447 et
1613 1394 1672 1447 in
1703 1395 1793 1448 via
1825 1393 2038 1447 stultus

389 1496 522 1534 cum
555 1480 968 1550 ambulat,ipse
993 1480 1276 1551 insipiens
1301 1481 1629 1552 suspicatur
1649 1483 1719 1536 de
1741 1483 2037 1546 omnibus,

390 1569 528 1639 quia
560 1567 722 1622 stulti
770 1573 929 1623 sunt.
965 1591 991 1618 ι)
1047 1569 1428 1640 Septuaginta
1477 1587 1607 1624 vero
1644 1570 1822 1624 alium
1859 1571 2039 1624 l'ecere

388 1673 654 1727 sensum,
704 1674 821 1728 quo
875 1659 1173 1712 dicerent:
1235 1679 1256 1706 α
1310 1659 1519 1713 Omnia
1567 1676 1693 1728 quae
1755 1658 2040 1728 insipiens

389 1745 622 1817 cogitat,
657 1763 784 1801 esse
817 1746 1155 1801 vanissima.
1192 1768 1220 1796 ››

460 1861 487 1883 ιι
523 1833 580 1889 Si
613 1833 854 1905 Spiritus
887 1834 1158 1890 habentis
1191 1841 1534 1906 potestatem
1585 1836 1909 1891 ascenderit
1941 1853 2041 1890 su-

387 1939 490 1994 per
540 1926 615 1988 te,
663 1922 856 1977 locum
905 1928 1074 1978 tuum
1125 1941 1194 1978 ne
1259 1925 1574 1992 dimiseris,
1629 1926 1766 1996 quia
1820 1926 2042 1980 sanitas

386 2011 754 2082 requiescere
789 2011 922 2066 facit
945 2017 1176 2084 peccata
1201 2030 1432 2086 magna.
1468 2039 1485 2062 ιι
1526 2017 1676 2070 470
1713 2015 2039 2086 Principem

389 2100 592 2154 mundi
623 2100 816 2170 istius,
871 2105 926 2155 et
978 2107 1258 2156 rectorem
1309 2103 1676 2158 tenebrarum
1723 2104 1952 2170 barum,
1987 2109 2042 2158 et

387 2193 726 2260 operantem
761 2189 816 2242 in
855 2189 990 2245 ﬁliis
1045 2190 1401 2254 diffidentim,
1439 2194 1607 2260 cujus
1639 2197 1694 2246 et
1729 2191 2042 2263 Apostolus

389 2278 658 2348 meminit
707 2278 922 2348 (Ep/ws.
981 2281 1153 2354 11,2;
1212 2295 1288 2342 γι,
1353 2281 1458 2348 12),
1521 2298 1673 2334 nunc
1732 2281 2041 2352 Scriptura

387 2366 695 2438 signiticat.
733 2369 892 2432 Quod
945 2368 992 2420 si
1043 2369 1098 2421 in
1133 2386 1230 2422 cor
1285 2375 1550 2424 nostrum
1605 2371 1951 2438 ascenderit,
1987 2375 2043 2425 et

387 2455 618 2511 animus
669 2455 833 2510 malae
879 2458 1246 2524 cogitationis
1294 2459 1508 2513 vulnus
1565 2460 1871 2530 acceperit,
1925 2477 2038 2513 non

388 2543 671 2600 debemus
725 2546 831 2615 [AL
883 2545 1223 2618 debeamus]
1277 2547 1464 2600 locum
1521 2547 1675 2602 ultra
1721 2548 1977 2602 tribuere
2000 2549 2043 2618 ³,

391 2633 490 2688 sed
543 2650 804 2704 pugnare
862 2639 1061 2688 contra
1118 2635 1528 2704 cogitationem
1585 2636 1924 2706 pessimam,
1989 2641 2046 2690 et

387 2720 636 2777 liberare
667 2739 774 2776 nos
804 2739 838 2776 a
869 2727 1102 2793 peccato
1148 2725 1422 2794 maximo,
1473 2741 1541 2778 ne
1574 2725 1794 2779 scilicet
1825 2725 2044 2794 cogita-

389 2810 606 2864 tionem
639 2827 810 2880 opere
859 2811 1299 2882 compleamus:
1335 2813 1474 2883 quia
1523 2813 1680 2866 aliud
1716 2817 1800 2867 est
1827 2813 2042 2884 cogita-

392 2898 568 2962 tione,
604 2899 760 2952 aliud
796 2916 966 2970 opere
1019 2917 1274 2970 peccare.
1311 2901 1388 2954 De
1421 2919 1534 2971 quo
1567 2902 1773 2972 grandi
1810 2907 2042 2972 peccato

391 2986 530 3041 etin
567 2987 794 3041 Psalmo
846 2987 1164 3042 scribitur:
1209 2991 1272 3044 Si
1323 2992 1432 3042 mei
1476 3006 1580 3043 una
1631 2993 1838 3059 fuerint
1870 2992 2041 3044 domi-

389 3077 528 3146 uali,
562 3080 691 3130 time
733 3078 1121 3131 inmaculatus
1170 3095 1280 3138 ero,
1333 3087 1384 3132 et
1422 3079 1749 3134 ememlabor
1779 3096 1812 3133 τι
1842 3081 2042 3134 (Ιθιίίτίυ

386 3167 628 3219 maxime
697 3165 865 3235 (Psal.
955 3183 1114 3230 xvm,
1188 3168 1260 3232 4).
1319 3167 1716 3238 Symmachus
1801 3171 2040 3222 verbum

2148 589 2464 662 voluptatis
2504 590 2824 663 exstingue.
2855 591 3128 646 Hebr-aius
3151 592 3208 646 in
3241 591 3348 647 hoc
3379 590 3502 646 loco
3533 587 3656 646 tale
3695 603 3806 643 ne-

2148 679 2266 734 scio
2300 681 2438 752 quid
2475 683 2806 752 suspicatus
2837 687 2944 736 est.
2983 681 3040 736 Si
3073 681 3330 752 aliquam
3366 681 3422 735 in
3457 679 3680 735 mundo
3713 693 3810 732 ac-

2148 769 2371 839 ceperis
2402 770 2766 840 dignitatcm,
2819 777 2875 824 et
2923 771 3226 826 ordinatus
3273 769 3452 824 fueris
3497 769 3690 839 major
3745 767 3808 821 in

2148 858 2402 931 populis,
2439 858 2554 912 noli
2589 859 2912 929 relinquere
2945 859 3136 930 priora
3189 876 3364 930 opera
3391 865 3512 922 tua,
3544 863 3602 912 et
3649 856 3808 911 anti-

2147 966 2396 1019 quarum
2429 947 2712 1001 virtutum
2769 966 2838 1002 ne
2895 949 3142 1020 incipias
3181 948 3466 1012 oblivisci,
3508 947 3808 1001 laborem-

2147 1055 2259 1108 que
2293 1038 2604 1108 pristinum
2639 1053 2750 1090 non
2785 1037 3032 1091 habere:
3089 1038 3226 1106 quia
3265 1041 3636 1108 peccatorum
3661 1037 3680 1066 ⁵
3713 1050 3808 1088 re-

2149 1126 2410 1181 medium
2443 1143 2506 1179 ex
2567 1125 2999 1180 conversatione
3055 1126 3206 1179 bona
3263 1127 3545 1190 nascitur,
3592 1128 3652 1178 et
3683 1139 3804 1177 non

2147 1232 2215 1269 ex
2245 1215 2492 1269 tumenti
2530 1219 2586 1268 et
2631 1215 2928 1283 superflua
2960 1213 3260 1284 dignitate.

2221 1327 2245 1352 ‹‹
2283 1309 2378 1358 Est
2411 1303 2633 1357 malum
2666 1303 2818 1373 quod
2843 1302 2958 1357 vidi
2992 1304 3101 1356 sub
3127 1302 3440 1372 sole,quasi
3466 1301 3798 1374 ignorantia

2148 1393 2452 1463 egrediens
2484 1410 2516 1445 a
2551 1393 2692 1446 facie
2726 1392 3017 1462 potentis:
3069 1392 3192 1446 dari
3239 1390 3484 1445 stultum
3519 1390 3576 1444 in
3609 1389 3800 1445 subli-

2149 1483 2453 1536 mitatibns
2483 1482 2732 1552 magnis,
2791 1486 2847 1535 et
2877 1481 3086 1535 divites
3145 1482 3200 1534 in
3255 1479 3462 1535 humili
3503 1480 3798 1535 sedentes.

2147 1571 2278 1624 Vidi
2341 1587 2536 1624 servos
2591 1570 2648 1623 in
2703 1570 2890 1640 cquis,
2949 1575 3006 1624 et
3071 1571 3360 1640 principes
3429 1567 3798 1624 ambulantes

2149 1659 2318 1731 quasi
2369 1675 2564 1713 servos
2611 1675 2788 1729 super
2839 1663 3074 1712 terram.
3119 1681 3143 1706 ››
3207 1663 3313 1712 Pro
3361 1675 3426 1713 eo
3479 1657 3632 1728 quod
3691 1673 3800 1711 nos

2150 1747 2456 1820 posuimus
2485 1764 2494 1802 :
2531 1771 2557 1795 ‹‹
2584 1749 2758 1810 Quasi
2791 1747 3120 1816 ignorantia
3147 1747 3448 1818 egrediens
3475 1763 3508 1801 a
3529 1745 3672 1801 facie
3701 1761 3800 1816 po-

2149 1838 2410 1902 tentis,»
2469 1835 2676 1906 Aquila
2723 1842 2779 1890 et
2833 1835 3152 1890 'l‘heodotio
3209 1839 3266 1890 et
3295 1834 3676 1905 Septuaginta
3703 1833 3798 1887 in-

2149 1925 2448 1996 terpretati
2500 1929 2676 1978 sunt:
2716 1949 2734 1972 ει
2792 1926 2968 1990 Quasi
3019 1941 3134 1979 non
3197 1929 3580 1995 Spontaneum
3603 1925 3641 1988 ⁸,
3675 1945 3699 1970 n
3735 1922 3796 1976 id

2152 2021 2262 2081 est,
2293 2013 2366 2073 ὡς
2403 2011 2672 2080 ἀκούσιον,
2710 2035 2735 2060 ι(
2770 2030 2801 2067 a
2855 2012 2997 2066 facie
3046 2011 3348 2084 principis.
3387 2035 3412 2060 ›ι
3444 2011 3542 2066 Cui
3571 2011 3794 2065 subne-

2150 2109 2311 2158 ctens
2343 2102 2754 2174 Symmachus,
2787 2101 2906 2156 ait:
2947 2125 2964 2147 α
3003 2102 3265 2155 Positum
3291 2099 3532 2155 stultum
3567 2100 3620 2153 in
3653 2100 3790 2153 sub-

2150 2191 2396 2246 limitate
2431 2208 2677 2262 magna:
2731 2190 2938 2244 divites
2987 2197 3182 2244 autem
3234 2190 3432 2245 sedere
3463 2187 3730 2243 humiles.
3769 2209 3790 2236 ι

2153 2285 2218 2334 Et
2248 2281 2399 2334 hanc
2427 2297 2560 2350 ergo
2595 2279 2960 2350 iniquitatem
3007 2296 3068 2334 se
3101 2280 3158 2332 in
3193 2278 3403 2333 saeculo
3434 2277 3796 2349 perspexisse

2152 2375 2594 2435 commemorat,
2645 2369 2800 2437 quod
2851 2369 3118 2421 videatur
3165 2370 3306 2422 471
3353 2367 3636 2438 injustam
3669 2381 3796 2420 esse

2153 2459 2252 2514 Dei
2277 2459 2570 2528 judicium
2600 2474 2612 2512 :
2655 2463 2714 2512 et
2744 2458 2864 2511 sive
2895 2475 2996 2527 per
3041 2456 3481 2528 ignorationem,
3515 2456 3632 2509 sive
3665 2456 3796 2509 abs-

2152 2565 2265 2618 que
2298 2549 2425 2616 ejus
2461 2547 2584 2600 fieri
2618 2547 2938 2613 voluntate,
2965 2551 3027 2599 ut
3059 2545 3140 2598 vel
3175 2546 3230 2598 in
3265 2543 3466 2599 mundi
3497 2543 3798 2614 potestati-

2153 2637 2331 2704 tibus,
2386 2634 2470 2690 vel
2525 2636 2580 2688 in
2635 2634 2898 2689 Ecclesiae
2952 2635 3342 2706 principatu7,
3377 2633 3434 2687 hi
3464 2631 3562 2703 qui
3593 2631 3800 2686 divites

2155 2729 2292 2780 sunt
2323 2725 2380 2778 in
2414 2741 2682 2778 sermone
2714 2729 2888 2794 atque
2941 2722 3248 2794 sapientia,
3304 2721 3510 2776 divites
3541 2719 3798 2775 etiamin

2155 2813 2427 2886 operibus
2481 2814 2668 2876 bonis,
2723 2811 3010 2883 ignobiles
3064 2812 3320 2877 sedeant,
3373 2815 3428 2864 et
3461 2809 3800 2880 imprudens

2157 2903 2406 2974 quisque
2430 2903 2486 2955 in
2516 2901 2772 2956 Ecclesia
2807 2901 3196 2972 principatum
3222 2903 3434 2954 teneat.
3459 2898 3574 2952 Hoc
3607 2903 3797 2952 autem

2155 2991 2278 3045 fieri
2310 2991 2623 3062 Apostolus
2658 3007 2772 3044 non
2821 2995 2974 3043 tacet
3007 3007 3038 3042 a
3085 2987 3334 3052 diabolo,
3371 2987 3468 3058 qui
3499 2986 3556 3040 in
3589 2985 3798 3040 sa'culo

2155 3081 2327 3134 habet
2358 3083 2703 3150 potestatem
2735 3080 2775 3144 ⁸,
2811 3083 2876 3131 ut
2908 3077 3012 3148 [Αἰ.
3047 3077 3210 3146 dum]
3241 3081 3504 3146 potentes
3534 3089 3798 3146 quosque

2153 3171 2426 3224 etdoctos
2460 3169 2618 3220 viros
2653 3173 2896 3238 premat,
2931 3183 3034 3220 nec
3067 3183 3163 3220 eos
3191 3165 3248 3219 in
3273 3164 3501 3236 populis
3523 3179 3798 3234 apparere

391 3253 734 3308 Hebraicum
768 3255 983 3324 (N53171:)
1019 3273 1273 3326 amarus,
1295 3258 1448 3326 quod
1482 3273 1683 3311 omnes
1710 3254 1870 3328 ’ίαῳιοι⁵
1925 3259 2031 3312 hoc
2068 3243 2108 3308 (Σ
2149 3258 2467 3329 permittat,
2515 3256 2641 3310 illos
2689 3273 2817 3310 vero
2876 3273 3024 3326 quos
3067 3254 3176 3308 scit
3223 3253 3624 3323 imprudentes
3671 3267 3796 3304 esse

385 3347 494 3408 est,
544 3343 833 3397 sanitatem
883 3344 970 3398 vel
1022 3347 1383 3413 curationem,
1437 3346 1710 3400 similiter
1779 3351 2038 3402 transtu-

389 3428 607 3495 lerunt,
639 3430 1057 3502 interpretatus
1106 3437 1194 3488 est
1249 3435 1315 3488 ad
1368 3451 1630 3500 sensum,
1666 3439 1721 3488 et
1752 3437 1833 3490 ait
1877 3453 1887 3488 :
1922 3461 1946 3484 ‹‹
1984 3437 2038 3490 Si

388 3519 632 3590 spiritus
661 3519 942 3591 principis
979 3523 1212 3576 irruerit
1243 3523 1367 3582 tibi.
1394 3524 1462 3577 de
1495 3523 1619 3578 loco
1653 3529 1750 3578 tuo
1787 3543 1853 3578 nc
1889 3542 2040 3580 rece-

388 3609 530 3662 das:
593 3605 732 3677 quia
781 3608 1058 3679 pudicitia
1099 3609 1432 3679 comprimit
1465 3616 1696 3679 peccata
1749 3628 1976 3680 magna.
2017 3635 2042 3658 η

387 3696 448 3750 Id
500 3699 607 3758 est,
653 3695 701 3750 si
751 3697 1072 3751 titillaverit
1119 3703 1370 3752 mentem
1425 3702 1587 3752 tuam
1643 3699 1934 3762 diabolus,
1988 3705 2045 3754 et

385 3789 440 3840 te
466 3786 536 3840 ad
573 3785 874 3841 libidinem
926 3787 1317 3850 concitaverit,
1377 3805 1447 3841 ne
1503 3788 1766 3857 sequaris
1821 3791 2040 3860 cogita-

385 3874 605 3929 tionem
636 3875 956 3945 pessimam
991 3882 1048 3929 et
1081 3874 1476 3930 blandientem
1513 3876 1868 3947 voluptatem
1899 3895 1910 3931 :
1946 3879 2042 3932 sed

391 3979 572 4034 limen
607 3979 886 4050 attigerit,
939 3985 998 4033 et
1047 3981 1103 4033 in
1154 3997 1286 4053 eum
1341 3981 1530 4034 locum
1582 3982 1820 4046 venerit,
1863 3993 2046 4053 partes

391 4053 488 4105 ubi
521 4068 575 4104 se
608 4053 696 4105 via
725 4053 884 4121 ﬁndit
917 4054 972 4105 in
995 4052 1420 4116 (miliasdiznreat
1444 4052 1919 4119 nutabundusutc
1953 4074 2049 4110 ne-

391 4123 539 4176 sciat
571 4123 627 4173 in
663 4138 838 4191 quam
873 4139 933 4177 se
968 4127 1188 4193 partem
1225 4123 1416 4193 potius
1451 4123 1702 4180 inclinet.
1741 4127 1794 4180 Si
1833 4127 2036 4182 ducem

390 4197 603 4270 nactus
641 4193 832 4270 fuerit,
868 4194 968 4270 qui
1013 4194 1224 4264 dirigat
1251 4195 1344 4270 ad
1389 4196 1646 4270 meliora,
1683 4219 1708 4246 ››
1741 4204 1876 4260 etc.,
1915 4217 2044 4270 qua:

393 4264 612 4340 vidcsis
635 4263 1068 4340 elegantissime
1099 4263 1214 4320 toto
1247 4265 1343 4320 illo
1368 4267 1552 4340 capite
1584 4271 1903 4340 disputata.

465 4335 484 4409 ‘_
517 4335 642 4409 Duo
673 4335 944 4402 Palatini,
979 4337 1200 4391 (tartara
1231 4354 1360 4407 pars
1391 4335 1563 4409 γ’]ηό
1598 4335 1750 4409 lanio,
1795 4347 1902 4394 etc.

466 4407 486 4438 ²
517 4407 672 4475 Quia
703 4409 930 4462 virtutes
961 4410 1020 4462 in
1051 4410 1225 4462 medio
1243 4413 1389 4462 sunt.
1417 4407 1494 4462 De
1521 4410 1625 4464 hac
1653 4407 2050 4465 mediocritate

395 4478 684 4552 virtutum
719 4478 973 4550 plurima
1025 4479 1293 4552 reperies,
1327 4482 1384 4534 in
1437 4483 1589 4534 notis
1630 4483 1845 4536 nostris
1873 4499 2052 4550 supra

397 4549 503 4604 col.
565 4551 682 4604 443.
718 4549 857 4621 (νέα.
909 4551 1014 4604 col.
1043 4549 1199 4618 “‘21,
1233 4551 1321 4605 ed.
1361 4557 1511 4604 nost.
1548 4557 1664 4606 not.
1693 4554 1727 4604 ¹.
1767 4549 2046 4606 Murrum.

2155 3347 2212 3402 in
2264 3345 2557 3410 Ecclesiis,
2615 3345 2786 3398 faciat
2831 3359 2958 3398 esse
3008 3344 3284 3413 majores,
3315 3345 3378 3394 ut
3408 3339 3536 3395 caesi
3569 3357 3603 3394 a
3633 3338 3796 3393 cazsis

2155 3437 2446 3490 ducantur
2479 3435 2534 3487 in
2571 3435 2809 3488 foveam.
2849 3433 2906 3485 In
2941 3432 3094 3486 hunc
3127 3445 3364 3485 sensum
3401 3427 3534 3483 facit
3558 3432 3615 3482 et
3651 3426 3794 3481 illud

2156 3525 2306 3597 quod
2371 3523 2675 3594 sequitur:
2725 3547 2750 3570 ‹‹
2811 3521 2940 3575 Vidi
3005 3537 3200 3574 servos
3267 3535 3443 3588 super
3471 3518 3708 3587 equos”,
3740 3519 3798 3570 et

2157 3612 2446 3684 principes
2479 3610 2779 3665 ambulare
2813 3609 2980 3681 quasi
3037 3625 3230 3662 servos
3285 3623 3458 3677 super
3501 3609 3732 3660 terram.
3769 3627 3794 3652 η

2157 3703 2320 3768 Quod
2354 3701 2410 3754 hi
2445 3700 2542 3771 qui
2571 3699 2718 3754 servi
2751 3705 2890 3753 sunt
2920 3698 3188 3752 vitiorum
3225 3699 3398 3766 atque.
3421 3693 3655 3766 peccati,
3683 3693 3798 3748 sive

2157 3798 2276 3846 tam
2309 3791 2586 3850 humiles,
2620 3795 2684 3842 ut
2715 3789 2862 3842 servi
2897 3789 2968 3841 ab
3003 3786 3339 3840 hominibus
3369 3787 3794 3854 computentur,

2157 3881 2350 3935 subita
2381 3896 2414 3932 a
2443 3877 2673 3932 diabolo
2707 3877 2987 3948 dignitate
3037 3874 3260 3947 perllati
3285 3875 3344 3937 ιο,
3387 3872 3508 3926 vias
3541 3870 3798 3943 publicas

2159 3986 2567 4041 universorum
2619 3984 2884 4038 codicum
2939 4000 3081 4036 mss.
3125 3983 3402 4051 appareat
3431 3979 3543 4032 duo
3573 3983 3798 4032 tantum

2159 4059 2350 4131 posita
2383 4061 2560 4131 l'uissi;
2595 4057 2664 4108 ab
2701 4057 3066 4131 Hieronymo.
3111 4053 3392 4107 Maurus.

2229 4131 2246 4162 ⁷
2282 4128 2546 4182 Martinn.
2605 4127 2891 4180 contrario
2915 4119 3146 4182 "sensu.
3199 4139 3380 4193 eoque
3412 4119 3806 4193 incommodo,

2160 4203 2218 4256 In
2257 4199 2513 4256 Ecclesiae
2544 4201 2856 4267 principatu
2904 4212 3046 4267 saepe
3097 4195 3156 4250 hi
3201 4191 3442 4267 sedeant,
3477 4195 3586 4267 qui
3615 4191 3806 4244 divites

2158 4281 2286 4326 sunt
2321 4274 2379 4324 in
2409 4265 2655 4324 sermone
2692 4277 2851 4339 atque
2907 4265 3222 4339 sapientia;
3275 4265 3465 4339 diuites
3491 4265 3661 4339 eui-ui,
3693 4267 3802 4339 etc.

2161 4361 2276 4414 quo
2307 4343 2366 4396 in
2399 4342 2522 4414 loco
2561 4340 2736 4414 Palati
2751 4333 2802 4394 ἡ.
2839 4333 3001 4414 alter,
3051 4341 3231 4414 Etiam
3259 4338 3326 4414 iu
3347 4335 3594 4408 operibus
3627 4333 3804 4390 bonis.

2160 4409 2268 4468 ἐι.ςὶ
2309 4415 2363 4466 in
2400 4412 2980 4484 humiliuteignobiles
3011 4409 3248 4484 sedeant,
3281 4413 3387 4484 etc.
3695 4476 3716 4484 _
3801 4477 3808 4484 _

2232 4485 2251 4516 ⁸
2290 4485 2407 4538 Duo
2467 4482 2710 4536 Palatini
2743 4476 2828 4538 "et
2898 4476 3242 4545 Victorius,
3288 4481 3392 4533 Hoc
3449 4484 3628 4530 autem
3681 4476 3803 4543 fieri

2163 4572 2194 4609 α
2229 4555 2378 4608 vultu
2431 4555 2554 4623 ejus
2612 4559 2736 4623 (pro
2794 4555 3073 4624 Apostolus
3127 4569 3237 4606 non
3291 4555 3424 4605 tacet
3457 4565 3512 4624 _o
3549 4545 3802 4624 diaboloi.

465 4622 486 4652 ³
513 4612 795 4676 Αιουὶηὶιε
828 4638 892 4676 ac
922 4628 1141 4676 veteres
1187 4612 1422 4695 vulgati,
1453 4622 1602 4686 libri,
1637 4624 1780 4676 ultro
1813 4623 2048 4676 habent.
2085 4612 2127 4674 Ῐ)
2160 4627 2254 4695 qui
2279 4627 2336 4679 iu
2367 4612 2567 4680 sa’culo
2604 4612 2778 4686 halat,
2832 4612 2940 4680 etc.
2989 4625 3167 4678 Vatic.
3214 4624 3336 4692 ﬁeri
3379 4621 3492 4675 rult
3521 4618 3656 4688 ejus,
3689 4612 3802 4686 qui,

397 4691 527 4745 Mox
578 4699 832 4760 quatuor
890 4711 1032 4748 mss.
1083 4697 1146 4747 Et
1196 4693 1424 4746 liberari
1472 4709 1506 4746 (ι
1542 4701 1752 4762 peccato
1781 4695 2048 4748 maxime.

399 4767 710 4818 Peccatum
763 4781 895 4819 vero
949 4765 1266 4834 maximum
1317 4768 1500 4834 vocat,
1552 4765 2047 4834 quemadmodum

398 4835 768 4892 observatum
830 4835 998 4889 nobis
1049 4841 1138 4888 est
1190 4833 1347 4892 alibi.
1378 4837 1434 4886 et
1465 4832 1522 4886 in
1556 4832 1723 4904 (Epist.
1759 4837 1828 4888 ml
1861 4838 2048 4890 Demc—

396 4905 562 4974 trimt,
600 4905 788 4977 ipsam
821 4906 1230 4970 cogitationem
1267 4921 1501 4978 pravam
1537 4923 1706 4976 opere
1739 4911 2046 4978 complere.

469 5007 536 5015 ——
567 4975 767 5032 Locum
797 4981 951 5032 ultra
981 4979 1239 5030 tribucre.
1285 4975 1390 5027 Pro
1425 4975 1815 5033 ultraieteres
1847 4975 2050 5034 editio-

401 5064 505 5102 nes
529 5049 673 5102 ultro
695 5052 1040 5119 posuerunt.
1075 5045 1228 5117 quod
1254 5044 1432 5098 alium
1469 5047 1635 5116 plane
1667 5067 1728 5104 ac
1757 5051 2049 5107 diversum

401 5119 580 5193 efficit
629 5118 890 5193 sensum.
943 5118 1607 5193 Qonscquenter__etiam
1661 5121 1862 5193 legunt
1915 5141 2048 5177 cum

403 5189 606 5242 multis
639 5189 1070 5258 exemplaribus
1104 5207 1272 5254 mss.,
1294 5193 1347 5244 ct
1379 5188 1608 5247 liberari
1635 5211 1668 5247 ιι
1697 5188 1909 5261 peccato
1941 5213 2048 5250 mu—

408 5263 579 5314 :rimo.
615 5261 898 5313 NIARTIAN.

472 5333 492 5364 ὀ
527 5335 590 5384 Et
635 5331 840 5407 [figere
887 5333 1174 5407 rastil_a'is_.
1229 5333 1286 5386 In
1337 5334 1634 5389 codicibus
1689 5353 1800 5390 non
1847 5339 2048 5407 paucis

405 5417 548 5480 mss:
585 5421 611 5447 ‹‹
644 5400 712 5453 Et
747 5401 954 5473 frigore
1004 5405 1324 5464 charitatis.
1379 5407 1682 5480 llarnmam,
1730 5400 2050 5478 Voluptatis

404 5477 726 5540 exstingue.
759 5495 784 5520 ››
1640 5477 1923 5535 unum.

476 5543 494 5575 ⁵
527 5543 678 5622 Editi
729 5545 952 5599 addunt
1010 5551 1245 5610 tuorum,
1309 5547 1618 5622 silentibus
1669 5567 1810 5605 mss.
1865 5551 1963 5622 qui
1998 5557 2052 5606 ct

404 5617 752 5671 conversione
781 5635 879 5687 pro
911 5623 1320 5672 murena/ioue
1353 5619 1572 5682 legunt.

476 5687 496 5720 δ
527 5689 696 5753 Quasi
726 5705 830 5741 non
864 5700 1240 5798 spontaneum.
1291 5691 1470 5744 Multa
1501 5692 1675 5744 verba
1703 5697 1896 5747 Graeca
1930 5711 2050 5747 mo-

497 5775 602 5798 cnn
635 5761 850 5798 nrlr‘nni
913 5762 978 5798 .in
1040 5767 1259 5798 vnter-nu
1313 5761 1594 5798 ndiiinnnn
1672 5779 1801 5798 num
1839 5781 1902 5798 nu
1937 5767 2049 5798 “(In

406 5773 464 5813 re
497 5775 602 5814 suo
633 5761 858 5816 addunt
889 5761 980 5817 hic
1040 5767 1260 5818 veteres
1313 5761 1616 5832 editiones,
1672 5779 1803 5819 cum
1839 5781 1904 5820 ex
1937 5767 2050 5822 fide

2164 4703 2271 4752 etc.

2231 4771 2250 4801 υ
2283 4769 2424 4821 Tres
2458 4785 2598 4821 mss.
2634 4773 2689 4821 ct
2721 4767 3028 4832 Victorius,
3079 4766 3194 4822 Vidi
3223 4781 3401 4820 servos
3431 4763 3618 4816 sedere
3645 4776 3808 4830 super

2161 4856 2336 4910 equos,
2367 4843 2473 4890 etc.
2511 4839 2669 4892 Unus
2698 4840 3039 4892 anilmlantrs
3069 4837 3261 4910 habet,
3299 4853 3399 4910 pro
3430 4833 3626 4910 sedere.

2235 4914 2276 4943 ’τ’
2305 4913 2342 4963 Α
2377 4911 2590 4963 diabolo
2621 4909 2888 4974 dig/nitate
2911 4901 3610 4980 per/lati.Fanmsissimus
3643 4901 3810 4980 locus

2163 5001 2296 5037 cum
2331 4987 2564 5052 propter
2593 4977 3017 5052 exemplarium,
3049 4981 3336 5052 variantes
3359 4977 3658 5052 lectiones,
3681 4979 3804 5052 tum

2163 5045 2403 5134 propter.
2427 5045 2534 5105 non
2575 5045 2778 5134 pauca-
2803 5051 3168 5134 falso‘addita
3213 5055 3267 5104 et
3299 5057 3562 5134 corrupta
3597 5045 3654 5098 in
3687 5045 3806 5134 ed‘i:

2161 5116 2318 5179 tione
2366 5116 2706 5178 Erasmiana
2737 5127 2792 5178 et
2821 5124 2874 5177 in
2911 5123 3138 5194 aliquot
3168 5138 3316 5194 mss.
3353 5116 3671 5194 cordi—cibus,
3701 5116 3808 5194 ubi

2163 5196 2245 5252 sic
2277 5201 2607 5250 contextum
2641 5187 3026 5265 depravatum
3068 5193 3317 5261 legimus
3339 5209 3352 5265 7:
3373 5263 3378 5265 _
3401 5191 3591 5244 Subita
3623 5205 3658 5241 α
3682 5187 3808 5241 dia-

2163 5269 2278 5322 bolo
2327 5267 2595 5336 dignitate
2637 5263 2736 5336 per
2765 5267 2976 5336 ﬂagitia
3005 5266 3228 5336 publica
3258 5263 3642 5326 sublimcutur,
3679 5274 3807 5338 quos

2160 5341 2318 5408 uulgo
2373 5329 2608 5392 lubricos
2637 5329 3298 5410 'upp'cllvuut:'magislcr
3353 5341 3550 5410 autem
3607 5329 3808 5410 uoluti:

2161 5403 2404 5492 quisque.
2465 5416 2574 5463 etc.
2637 5403 2849 5462 Eadem
2909 5411 3080 5489 modo
3121 5403 3258 5478 legit
3290 5403 3805 5492 ms.lSorbo‘nicus‘.

2165 5477 2245 5535 ita
2279 5477 2471 5554 tamen
2529 5486 2601 5554 ut
2647 5498 2758 5554 non
2817 5481 3061 5554 retineat
3105 5477 3716 5554 voCemsublinmitur,
3753 5477 3808 5524 et

2165 5570 2269 5624 pro
2300 5553 2534 5624 lubricos
2590 5551 2798 5605 habeat
2842 5553 3107 5624 luridus;
3168 5549 3361 5624 sei-lin
3409 5549 3806 5624 marginecx-

2163 5613 2411 5692 scriptor
2441 5623 2598 5676 illius
2633 5623 2980 5692 exemplaris
3013 5613 3130 5676 huic
3163 5621 3324 5675 addit
3353 5637 3380 5672 e
3409 5618 3586 5692 latere
3611 5632 3621 5668 :
3645 5613 3806 5692 {alios

2165 5687 2327 5758 liber,
2375 5696 2598 5766 per/lati
2651 5697 2762 5748 rius
2803 5687 3056 5766 publicus
3111 5708 3330 5766 mannis
3360 5691 3584 5766 terant.
3647 5687 3807 5740 Unde

2163 5761 2526 5839 exploratum
2577 5761 2861 5824 habemus
2909 5767 3224 5839 genuinam
3263 5761 3568 5820 lectionem
3625 5772 3804 5830 quam
