3996 6402
289 373 448 446 1149

1303 373 1928 445 COMMENTARIUS
1969 375 2050 442 IN
2094 370 2690 442 ECCLESIASTEN.

3511 375 3698 470 urso

284 515 522 574 mannis
551 515 828 574 terant‘:
882 514 940 573 et
985 512 1199 572 nobilis
1246 513 1500 587 quisque
1546 491 1931 586 et’prudcns,
1963 521 2015 589 Α
2047 516 2102 569 et
2133 512 2199 569 in-
2225 515 2400 568 Amos
2434 511 2718 583 scriptum
2767 512 2893 568 est:
2927 508 2990 568 Si
3033 507 3370 569 descenderit
3417 513 3478 570 in
3519 515 3694 586 infer-

279 610 626 680 paupertate
655 622 993 680 Oppressus,
1041 603 1344 680 gradiatur
1385 605 1589 660 itinere
1628 603 1937 676 officioque

275 712 602 754 servorum.
627 695 904 752 Hebraeus
927 699 1222 768 potentem
1249 700 1305 750 et
1330 693 1676 766 principem,
1702 712 1736 749 a
1766 695 1936 765 cujus

275 784 424 842 facie
475 784 764 856 ignoratio
812 785 1075 840 videatur
1125 782 1344 853 egredi,
1399 783 1583 839 Deum
1645 782 1933 855 exposuit,

273 873 430 947 quod
461 877 668 946 putent
700 873 968 930 homines
1000 873 1059 928 in
1092 873 1198 928 hac
1232 873 1626 944 inmqualitate
1671 889 1864 928 rerum
1889 874 1931 943 ³,

272 961 443 1018 illum
476 979 592 1018 non
617 963 800 1033 juste,
837 967 894 1017 et
924 967 984 1016 ut
1017 979 1250 1034 aequum
1281 967 1388 1030 est,
1434 961 1720 1032 judicare.
1756 966 1933 1018 Porro

279 1051 380 1108 alii
411 1069 546 1107 eum
579 1051 984 1123 superioribus
1014 1051 1311 1106 aestimant
1341 1067 1470 1106 esse
1511 1052 1884 1124 jungendum
1917 1068 1928 1106 :

280 1140 354 1197 Ut
381 1140 509 1213 ipse
535 1140 611 1197 sit
642 1145 868 1212 potens,
902 1141 972 1196 de
1003 1158 1118 1212 quo
1151 1145 1284 1196 ante
1319 1139 1425 1196 hos
1458 1157 1663 1196 versus
1695 1140 1928 1196 dicitur:

287 1248 312 1279 α
343 1229 402 1286 Si
434 1229 678 1302 spiritus
707 1229 978 1284 habentis
1009 1233 1356 1302 potestatem
1398 1230 1727 1284 ascenderit
1756 1245 1935 1301 super

280 1322 361 1385 te,
391 1317 586 1374 locum
619 1322 786 1373 tuum
819 1335 892 1374 ne
921 1317 1234 1373 dimiseris.
1271 1340 1298 1366 ››
1326 1318 1450 1373 Non
1496 1318 1684 1372 simus
1737 1317 1932 1390 itaque

279 1406 500 1478 tristes,
535 1407 582 1463 si
617 1407 675 1462 in
719 1406 828 1462 hoc
877 1405 1088 1464 saeculo
1135 1405 1391 1462 humiles
1434 1423 1564 1462 esse
1607 1406 1928 1474 videamur,

277 1495 534 1553 scientes
564 1513 598 1551 a
628 1495 772 1550 facie
803 1493 1022 1550 diaboli
1054 1499 1110 1550 et
1139 1493 1351 1550 stultos
1382 1494 1696 1560 sublevari,
1718 1500 1774 1551 et
1794 1495 1933 1551 divi-

278 1587 370 1641 tes
399 1583 613 1656 dejici:
649 1599 844 1640 servos
886 1583 1143 1655 insignia
1185 1582 1402 1638 habere
1447 1583 1842 1650 dominorum,
1875 1586 1933 1638 et

279 1671 580 1746 principes
608 1689 911 1728 servorum
941 1671 1166 1744 ingredi
1198 1671 1436 1728 vilitate.
1471 1671 1802 1728 Notandum
1835 1690 1932 1728 au-

279 1764 400 1816 tem
431 1761 584 1832 quod
618 1765 676 1816 et
705 1759 800 1816 hic
831 1777 1018 1832 equus
1039 1761 1097 1814 in
1126 1762 1337 1816 bonam
1368 1766 1593 1832 partem
1625 1761 1928 1833 accipitur,

280 1853 348 1905 ut
375 1849 455 1905 ibi
483 1865 497 1905 :
533 1870 562 1900 κ
596 1849 665 1904 Et
693 1849 977 1922 equitatio
1011 1858 1108 1905 tua
1138 1848 1320 1904 salus.
1360 1872 1380 1898 ι

363 1961 391 1990 ‹‹
424 1939 534 2006 Qui
565 1938 712 1994 lodit
739 1938 982 2007 foveam,
1016 1937 1074 1993 in
1107 1938 1297 2010 ipsam
1321 1937 1557 2008 incidet,
1581 1939 1734 1996 412
1759 1943 1815 1994 et
1837 1939 1937 2012 qui

279 2027 528 2100 dissipat
559 2043 780 2100 sepem,
813 2026 1103 2083 mordebit
1133 2043 1268 2083 eum
1302 2043 1562 2099 serpens.
1603 2051 1622 2075 ιι
1662 2029 1739 2083 Ex
1772 2034 1934 2100 parte

280 2115 532 2188 simplex
574 2119 631 2170 et
672 2131 738 2170 ex
786 2119 948 2188 parte
999 2115 1280 2189 mysticus
1325 2114 1656 2172 intellectus
1703 2123 1810 2172 est.
1845 2117 1934 2173 Si-

279 2205 518 2278 quidem
551 2209 608 2260 et
635 2203 776 2260 alibi
831 2204 957 2277 ipse
1015 2206 1290 2260 Salomon
1347 2205 1472 2260 ait3
1524 2205 1686 2273 :Qui
1739 2209 1936 2266 statuet

279 2295 557 2366 laqueum,
589 2295 838 2365 capietur
865 2295 926 2348 in
985 2294 1083 2349 illo
1135 2293 1332 2366 (Eccti.
1395 2311 1570 2362 xxvu,
1611 2297 1723 2364 26).
1776 2295 1845 2350 Et
1874 2295 1933 2350 in

278 2381 511 2455 psalmo
543 2382 831 2454 septimo:
870 2387 1071 2438 Locum
1100 2385 1338 2454 aperuit,
1386 2391 1438 2439 et
1489 2384 1678 2454 effodit
1707 2401 1850 2452 eum,
1885 2389 1935 2439 et

277 2471 481 2528 incidit
501 2473 562 2526 in
587 2475 806 2542 foveam
837 2489 1005 2544 quam
1034 2474 1184 2542 fecit.
1221 2470 1386 2543 Sepis
1419 2477 1616 2528 autem
1647 2473 1932 2528 maceriae

278 2577 394 2634 que
451 2559 752 2616 convulsio
777 2561 818 2630 ‘,
881 2559 1280 2616 ecclesiastica
1337 2561 1616 2632 dogmata
1669 2567 1829 2626 sunt,
1876 2568 1935 2618 et

279 2649 572 2705 institutio
602 2650 676 2704 ab
705 2648 989 2720 apostolis
1035 2649 1458 2721 prophetisque
1508 2649 1774 2716 fundata,
1803 2668 1934 2722 qua:

280 2739 384 2812 qui
413 2737 766 2806 dissolverit,
795 2742 850 2793 et
905 2737 1154 2793 voluerit
1208 2732 1527 2810 praeterire,
1590 2739 1648 2792 in
1707 2756 1772 2794 eo
1803 2741 1932 2812 ipso

283 2844 400 2900 quo
431 2825 694 2900 negligit,
719 2829 1034 2898 aserpente
1053 2825 1393 2898 percutitur.
1422 2827 1502 2883 De
1531 2844 1646 2900 quo
1667 2832 1932 2898 serpente

281 2951 675 3018 restituimus,
706 2949 765 3005 in
799 2949 1100 3004 nonnullis
1121 2949 1285 3005 libris
1304 2950 1618 3006 exstitisse.
1649 2951 1813 3008 Sicut
1833 2951 1932 3006 hu-

278 3023 734 3096 diequeexstat
787 3019 1091 3096 paululum
1153 3021 1435 3096 mendosa
1480 3023 1548 3096 in
1585 3037 1697 3096 ms.
1733 3024 1932 3096 codice

277 3093 629 3159 Colbertino,
661 3093 721 3148 in
749 3108 864 3164 quo
890 3093 1174 3165 scriptum
1208 3094 1432 3165 reperio
1458 3111 1470 3148 :
1513 3093 1706 3148 Subita
1745 3112 1778 3150 a
1806 3095 1929 3149 dia-

281 3166 403 3222 boto
455 3165 722 3236 dignitate
758 3164 1022 3236 per/lati,
1062 3166 1177 3219 vias
1228 3164 1484 3236 publicas
1523 3167 1926 3221 ministrarent.

279 3237 410 3293 Non
442 3235 595 3309 quod
613 3236 980 3309 inveniebat,
1004 3237 1103 3291 sed
1135 3235 1289 3309 quod
1313 3235 1676 3308 intelligebat
1694 3237 1930 3308 scripsit

276 3307 692 3373 amanuensis;
723 3307 861 3362 hinc
905 3324 1008 3379 pro
1049 3308 1512 3379 mannisterant,
1547 3309 1786 3362 verbum
1814 3307 1925 3364 hii-

275 3381 605 3450 nistrarcnt.
635 3377 1013 3434 Gorbeien'ses
1051 3377 1468 3450 interpolatum
1513 3379 1767 3434 retinent
1793 3397 1926 3435 con-

276 3456 539 3517 textum;
596 3449 814 3506 habent
875 3451 1032 3505 enim
1083 3449 1221 3522 post
1261 3465 1455 3504 vocem
1501 3451 1756 3522 publicas
1817 3451 1926 3506 hoc

278 3523 783 3594 additamentum,
875 3537 1006 3594 quos
1080 3521 1238 3594 uulgo
1313 3521 1550 3594 torichOs
1625 3524 1922 3594 appellant.

274 3595 492 3651 Praeter
521 3593 642 3648 haec
672 3593 895 3655 verba.
945 3593 1144 3648 omnia
1217 3593 1474 3664 genuina
1549 3593 1776 3648 suntin
1810 3594 1927 3650 illis

273 3664 728 3738 exemplaribus.
755 3665 1036 3720 Caeterum
1062 3663 1411 3738 sententiam
1438 3670 1782 3736 praesentem
1803 3683 1928 3738 mu-

273 3735 479 3793 tuatur
496 3735 904 3807 Hieronymus,
927 3740 985 3791 et
1008 3735 1242 3807 quidem
1268 3735 1581 3807 eleganter,
1603 3753 1669 3790 ex
1693 3737 1926 3792 Horatio

275 3809 502 3876 Flacco,
531 3805 750 3876 Epodoh
778 3805 906 3872 lib.,
958 3824 976 3862 1
1023 3805 1132 3862 ede
1181 3809 1232 3875 4,
1281 3806 1340 3862 in
1368 3805 1607 3862 ’Menam
1651 3809 1924 3864 libertum

275 3879 534 3952 Pompeii
565 3879 758 3952 Magni
782 3895 796 3934 :

587 3976 774 4048 Segtus
803 3975 1020 4048 ﬂagellis
1035 3976 1148 4048 _hie
1171 3975 1616 4048 “triumviralibus

652 4038 915 4088 Prmcenis
935 4039 1000 4088 ad
1031 4038 1318 4096 fastidium,

591 4102 717 4151 Arat
747 4101 958 4150 Falerni
988 4101 1130 4150 mille
1162 4099 1564 4164 fundijugera:

650 4163 713 4226 Et
748 4164 969 4226 Appiam
1001 4164 1214 4212 mannis
1237 4163 1393 4212 terit:

586 4223 959 4288 Sedilibusque
989 4238 1214 4286 magnus
1243 4226 1294 4272 in
1327 4223 1510 4288 primis
1535 4237 1699 4288 eques

647 4288 854 4338 Othone
883 4292 1188 4352 contempto
1217 4288 1383 4337 sedet.

269 4376 560 4434 Eumdem
609 4393 849 4432 sensum
900 4375 1118 4432 habent
1164 4375 1384 4433 Horatii
1417 4373 1696 4444 carmina,
1749 4393 1925 4446 quem

271 4447 655 4506 Ecclesiastes
710 4448 851 4503 dum
909 4447 1033 4504 ait:
1093 4449 1224 4504 Vidi
1295 4463 1478 4504 servos
1525 4463 1688 4518 super
1740 4463 1922 4518 equos,

270 4527 384 4578 etc.
417 4521 592 4575 Porro
625 4519 822 4574 Manni
855 4523 1021 4574 erant
1071 4521 1231 4590 parvi
1283 4517 1438 4590 equi,
1473 4519 1556 4574 sic
1595 4517 1734 4572 dicti
1767 4517 1922 4590 quod

270 4592 725 4649 mansuetudine
793 4591 1141 4647 familiarius
1213 4608 1456 4646 manum
1515 4596 1921 4661 sequerentur.

269 4664 662 4735 Hieronymus
693 4661 940 4735 epistola
968 4663 1038 4717 ad
1083 4662 1503 4735 Pammachium
1551 4678 1731 4735 super
1760 4663 1923 4717 obitu

268 4733 527 4792 Paulina:
558 4733 778 4804 uxoris,
811 4735 1097 4790 Ferccntcs
1129 4736 1363 4802 buricos,
1393 4733 1512 4788 sive
1543 4733 1742 4788 bardos
1770 4751 1925 4788 man-

267 4822 369 4864 nos
397 4811 583 4862 vocat.
615 4810 898 4860 MARTIAN.

344 4880 362 4914 ³
393 4877 556 4934 Unus
587 4894 619 4933 e
649 4883 868 4948 septem
905 4893 1050 4948 mss.
1085 4893 1230 4948 quos
1254 4874 1438 4930 hocin
1469 4873 1594 4930 loco
1625 4875 1920 4931 consului-

265 4966 426 5022 mus,
455 4947 732 5005 inventus
777 4951 867 5003 est
917 4947 1130 5022 Vati_c.’_
1154 4947 1253 5020 qui
1287 4951 1458 5017 recte,
1506 4951 1572 5001 ut
1601 4948 1916 5022 edidimus,

265 5019 506 5095 legeret.
539 5023 794 5095 Tantum
841 5021 994 5090 equis
1040 5019 1233 5095 habet,
1282 5035 1382 5095 pro
1430 5021 1670 5095 mannis,
1719 5019 1920 5095 minus

265 5077 542 5166 equuidem
567 5093 735 5166 bene,
783 5077 916 5166 cum
949 5096 1148 5166 aporte
1190 5077 1568 5166 Horatiauum
1603 5077 1743 5166 illud
1779 5093 1917 5166 Epo-

265 5107 542 5166 equloem
568 5107 735 5161 nene,
783 5107 916 5146 cum
949 5107 1148 5216 aperte
1190 5107 1568 5144 norauauum
1603 5107 1743 5145 mue
1779 5107 1917 5160 apo-

263 5165 374 5221 don
414 5163 519 5220 lib.
567 5181 606 5234 I,
653 5163 747 5218 od.
795 5163 846 5232 4,
890 5162 947 5216 ἰη
1021 5163 1223 5234 lenam
1267 5160 1562 5234 libertum,
1597 5162 1658 5214 Et
1691 5163 1919 5233 Appiam

264 5237 489 5292 mannis
528 5231 1104 5307 terit,7Hieronymus
1151 5233 1397 5307 alludat:
1433 5231 1700 5307 Aliorum
1736 5231 1918 5305 porro

263 5307 533 5364 codicum
601 5306 804 5361 eadem
869 5303 1214 5377 plerumque
1271 5309 1328 5359 et
1374 5303 1518 5377 falsa
1573 5303 1916 5377 lectio—est:

262 5379 547 5450 Dignitatc
587 5393 689 5450 per
730 5375 948 5450 ﬂagitia
990 5375 1216 5450 publica
1264 5375 1527 5450 (quidam
1573 5376 1797 5450 addunt
1823 5393 1914 5430 su-

263 5446 602 5514 btimcnturf
635 5464 766 5519 quos
805 5449 965 5519 vulgo
990 5446 1243 5519 iyzichos
1273 5446 1564 5517 appellant
1609 5446 1730 5519 (alii
1775 5448 1914 5502 luri-

255 5522 406 5592 chos,
445 5521 532 5576 vel
573 5508 806 5586 'turidos,
853 5508 938 5574 vel
985 5508 1141 5574 aliud
1193 5508 1425 5590 aliquod
1462 5508 1718 5592 notui‘nis
1753 5537 1914 5573 mun-

261 5590 475 5662 strum)
519 5595 786 5658 magister
829 5596 959 5646 ante
993 5592 1102 5658 (Al.
1159 5593 1377 5662 autcm)_
1415 5590 1615 5643 nobilis
1667 5592 1912 5662 quisque,

262 5670 374 5722 etc.
421 5659 724 5719 Glossema
766 5667 958 5717 autem
1015 5661 1160 5716 illud
1210 5660 1546 5724 omisimus,
1589 5659 1743 5731 quod
1793 5659 1823 5716 ἑ)
1855 5663 1910 5716 S.

259 5735 518 5793 doctoris
547 5734 772 5790 calamo
805 5734 1046 5790 minime
1068 5735 1396 5802 profectum
1417 5731 1740 5802 videbatur,
1766 5738 1916 5802 Quos

259 5751 518 5793 σοοιοιηε
547 5751 772 5790 calamo
805 5751 1046 5790 minime
1110 5751 1396 5789 ΓΟῙΕΟιυΙΠ
1417 5751 1740 5802 νιαευᾶιυν,
1821 5751 1915 5788 ιιοδ

256 5809 428 5884 vulgo
457 5807 679 5866 Luricos
708 5804 1014 5879 appellant.
1043 5751 1206 5871 Opuod
1241 5805 1292 5862 si
1339 5809 1538 5861 tamen
1571 5819 1706 5862 cum
1739 5751 1915 5862 agitis

1966 1898 2014 1964 B

2045 620 2202 672 nam,
2235 601 2508 658 mandabo
2545 601 2804 674 serpenti,
2873 607 2923 658 et
2965 600 3234 658 mordebit
3289 618 3378 660 eos
3407 603 3512 675 [AL
3546 604 3694 677 cum]

2045 692 2232 762 (Amos
2255 709 2331 762 1x,
2364 692 2440 760 3).
3359 718 3364 724 -

2123 801 2145 830 ι
2181 780 2287 848 Qui
2338 779 2634 837 subtrahit
2679 777 2926 852 lapides,
2977 779 3198 837 dolebit
3241 781 3299 836 in
3348 781 3470 838 eis:
3504 785 3562 840 et
3591 783 3692 854 qui

2045 869 2259 926 scindit
2289 869 2466 941 ligna,
2503 868 2930 949 periclitabitur
2955 869 3015 924 in
3066 869 3170 926 eis.
3209 893 3230 923 ι
3280 869 3609 928 Volvuntur
3637 877 3694 928 et

2045 959 2102 1014 in
2133 959 2410 1014 Zacharia
2441 959 2589 1030 (cap.
2624 976 2698 1028 1x,
2731 975 2864 1014 vers.
2906 961 2992 1026 16)
3025 959 3213 1015 sancti
3246 959 3470 1032 lapides
3516 977 3694 1034 super

2045 1053 2281 1104 terram.
2310 1049 2434 1103 Non
2465 1047 2620 1103 enim
2654 1048 2823 1102 ﬁrma
2857 1047 2916 1102 in
2947 1065 3016 1104 ea
3046 1049 3298 1105 statione
3323 1048 3688 1106 consistunt:

2042 1139 2143 1194 sed
2177 1141 2548 1211 praetereunt,
2581 1141 2638 1192 et
2666 1154 2900 1208 semper
2927 1137 3001 1192 ad
3024 1137 3232 1194 altiora
3257 1138 3528 1210 nitentes,
3553 1139 3692 1195 hinc

2043 1226 2204 1282 abire
2235 1225 2531 1280 festinant.
2575 1225 2655 1280 De
2701 1224 2796 1280 his
2844 1224 2988 1280 vivis
3037 1225 3334 1298 lapidibus
3361 1233 3418 1284 et
3449 1227 3508 1284 in
3539 1230 3692 1300 Apo-

2042 1315 2258 1388 calypsi
2312 1318 2454 1386 (cap.
2505 1331 2620 1384 xvx,
2674 1329 2810 1370 vers.
2869 1314 2934 1368 18
2985 1315 3156 1387 seqq.)
3203 1317 3345 1372 urbs
3373 1315 3692 1374 Salvatoris

2041 1401 2380 1470 exstruitur,
2433 1407 2490 1458 et
2539 1401 2858 1458 Ecclesiam
2909 1403 3184 1459 aedificari
3230 1404 3544 1478 Apostolus
3575 1423 3692 1462 non

2039 1496 2212 1548 tacet.
2272 1491 2330 1546 Si
2390 1491 2525 1562 quis
2581 1508 2718 1564 ergo
2775 1491 3046 1548 haeretica
3102 1496 3224 1550 arte
3283 1510 3588 1565 perversus
3621 1497 3693 1551 de

2039 1581 2306 1636 Ecclesiae
2337 1581 2580 1636 aedificio
2619 1581 2764 1636 istos
2811 1580 3122 1638 abstulerit
3170 1581 3396 1655 lapides
3426 1583 3607 1654 (unde
3637 1588 3694 1640 et

2040 1670 2343 1744 signanter
2369 1669 2580 1740 Aquila
2618 1674 2674 1724 et
2697 1671 3110 1742 Symmachus,
3142 1687 3246 1742 pro
3277 1688 3365 1742 eo,
3395 1673 3549 1744 quod
3583 1687 3692 1728 nos

2041 1759 2372 1832 posuimus.
2406 1780 2434 1810 «
2465 1759 2574 1822 Qui
2609 1758 2908 1815 subtrahit
2938 1757 3182 1830 lapides,
3217 1760 3434 1816 dolebit
3464 1761 3524 1816 in
3547 1760 3686 1832 eis,»

2043 1848 2357 1904 dixerunt:
2391 1870 2418 1898 «
2453 1846 2560 1914 Qui
2599 1848 2877 1903 transfert
2914 1845 3158 1920 lapides,
3193 1848 3610 1905 dilacerabitur
3631 1849 3690 1905 in

2043 1937 2170 2004 eis),
2205 1960 2233 1988 »
2267 1941 2470 2009 postea
2500 1940 2790 1992 tormenta
2837 1936 3112 2008 patietur.
3164 1937 3310 2004 Quia
3355 1955 3488 1994 vero
3521 1937 3691 1994 abso-

2044 2023 2164 2081 lute
2195 2025 2494 2098 Scriptura
2523 2023 2622 2094 ait,
2667 2046 2695 2075 «
2729 2023 2836 2089 Qui
2887 2025 3180 2081 subtrahit
3211 2026 3455 2100 lapides,
3489 2048 3516 2077 ››
3551 2027 3689 2099 sive,

2045 2137 2073 2166 ‹‹
2107 2115 2212 2180 Qui
2263 2113 2540 2169 transfert
2582 2113 2830 2185 lapides,
2882 2135 2910 2162 »
2960 2117 3169 2170 etnon
3233 2115 3446 2186 adjecit
3507 2116 3692 2172 bonos

2043 2203 2164 2260 sive
2188 2202 2372 2259 malos
2398 2221 2410 2267 ;
2437 2206 2744 2274 propterea
2765 2207 2820 2258 et
2844 2219 2875 2258 e
2901 2201 3191 2258 contrario
3215 2203 3689 2277 intelligendum,

2043 2293 2198 2364 quod
2277 2290 2708 2347 ecclesiasticus
2781 2291 2888 2362 vir,
2966 2291 3274 2365 episcopus
3322 2291 3592 2348 videlicet
3637 2295 3694 2348 et

2045 2381 2365 2454 presbyter,
2415 2381 2464 2436 si
2499 2381 2671 2452 juxta
2699 2380 3044 2436 mandatum
3091 2381 3324 2437 Levitici
3373 2383 3514 2453 (cap.
3573 2397 3689 2451 xw,

2040 2485 2180 2524 vers.
2231 2467 2344 2537 45),
2393 2469 2466 2522 de
2514 2467 2745 2538 leprosa
2793 2467 2900 2538 [AL
2953 2467 3188 2538 leprosi]
3232 2469 3405 2522 domo
3435 2466 3688 2538 lapidem

2041 2557 2369 2626 abstulerit,
2401 2556 2460 2612 in
2493 2559 2746 2612 cinerem
2795 2561 2852 2611 et
2900 2554 3192 2628 pulverem
3225 2557 3644 2612 conterendum
3674 2572 3687 2610 :

2041 2647 2260 2703 dolebit
2288 2646 2348 2700 in
2378 2663 2444 2702 eo
2476 2647 2624 2718 ipso,
2659 2646 2814 2717 quod
2863 2645 2935 2700 de
2983 2645 3243 2701 Ecclesia
3288 2645 3498 2700 Christi
3543 2644 3691 2718 lapi-

2039 2736 2174 2791 dem
2223 2735 2448 2790 auferre
2495 2737 2739 2805 cogatur
2786 2733 2891 2804 [Αἰ.
2940 2733 3209 2806 cogitur],
3246 2732 3446 2787 dicens
3477 2747 3686 2788 secun-

2039 2825 2180 2880 dum
2231 2821 2612 2896 Apostolum:
2665 2823 2818 2880 Flere
2863 2839 2987 2878 cum
3029 2821 3307 2895 ﬂentibus,
3350 2821 3540 2894 lugere
3567 2837 3692 2877 cum

2039 2953 2172 3006 ante
2201 2949 2606 3022 Martianaaum
2636 2945 2804 3002 libris
2835 2947 2978 3022 velis
3009 2947 3278 3013 retinere,
3301 2945 3514 3022 legesi_s_
3536 2947 3692 3022 Buri:

2037 3021 2202 3088 chos;
2262 3021 2448 3075 Μαπηὶ
2505 3017 2740 3091 quippe,
2794 3023 2858 3074 ut
2915 3019 3124 3091 docent
3179 3017 3433 3091 veteres
3467 3017 3690 3074 Horatii

2038 3091 2388 3162 scholiastee,
2419 3089 2546 3161 equi
2589 3089 2734 3160 suat,
2785 3105 2916 3161 quos
2992 3089 3518 3162 vutgohBurdones,
3579 3091 3693 3145 sive

2038 3166 2261 3219 Buricos
2316 3160 2692 3219 nominamus.
2746 3160 2816 3216 Et
2867 3165 3088 3216 veteres
3137 3160 3396 3216 Glossaa:
3452 3161 3686 3216 Illannis.

2041 3232 2352 3310 Βουρίχοις.
2382 3233 2525 3310 Vide
2557 3250 2680 3310 qua}
2703 3232 3110 3310 _obs_ervamus
3160 3231 3218 3285 in
3260 3231 3444 3310 epist.
3495 3231 3586 3286 66.
3619 3229 3692 3286 ad

2045 3301 2354 3361 I'aam'i'ach.
2391 3323 2449 3359 n.
2481 3305 2535 3373 8,
2572 3301 2669 3359 {ibi
2703 3303 2812 3358 hoc
2841 3302 2995 3358 idem
3027 3301 3436 3374 expunximus.

2105 3380 2126 3411 ²
2155 3377 2402 3432 Palatini
2445 3375 2581 3445 duo,
2632 3380 2698 3430 In
2744 3375 2845 3430 hac
2876 3377 2986 3429 vita
3051 3376 3432 3446 inaequalitate
3477 3388 3684 3444 rerum,

2035 3453 2147 3504 etc.
2179 3449 2406 3504 Sentire
2438 3447 2686 3518 videtur,
2720 3446 3108 3518 Ecclesiastici
3159 3453 3455 3502 auctorem
3490 3446 3686 3518 ipsum

2036 3519 2408 3575 Salomonem
2441 3516 2753 3578 exstitisSe.
2789 3534 2916 3590 quae
2941 3517 3196 3590 plurium
3221 3533 3362 3590 sane
3382 3516 3686 3590 tum:Grzs-

2035 3609 2260 3661 eorum,
2307 3608 2439 3646 cum
2494 3587 2836 3671 Latinorum
2893 3587 3126 3671 Patrum
3190 3589 3386 3671 opinio
3443 3587 3572 3659 fuit,
3620 3605 3688 3644 ex

2037 3681 2298 3736 quorum
2321 3679 2496 3718 sensu
2532 3663 2830 3736 putandus
2851 3669 2941 3716 est
2963 3662 3062 3736 hic
3084 3661 3242 3736 loqui
3271 3661 3676 3736 Hieronymus.

2035 3729 2178 3790 Cum
2213 3735 2368 3789 enim
2399 3729 2728 3789 accuratius
2775 3749 2894 3804 rem
2946 3729 3298 3804 disquireret
3345 3729 3685 3804 Praefatione

2035 3807 2094 3862 in
2127 3806 2459 3861 Salomonis
2489 3805 2689 3874 libros,
2715 3803 2912 3859 abillo
2934 3801 3078 3860 satis
3100 3803 3428 3858 luculenter
3447 3801 3684 3874 adjudi—

2035 3883 2148 3934 cat.
2182 3879 2273 3948 Ita
2296 3877 2520 3948 pridem
2553 3873 2863 3945 Victorius,
2887 3891 3062 3946 quem
3085 3875 3456 3930 Martianazus
3485 3873 3682 3944 sequi-

2034 3955 2150 4018 tur,
2185 3947 2615 4003 animadvertit.

2102 4012 2437 4091 "Siquidem
2463 4027 2512 4074 et
2543 4019 2682 4091 alibi
2727 4019 2842 4091 ipse
2884 4015 3135 4091 Salomon
3186 4017 3284 4070 ait.
3335 4014 3512 4091 Jesus
3547 4012 3680 4069 libri

2035 4085 2421 4146 Ecclesiastici
2445 4085 2790 4160 scriptor_ab
2809 4093 3048 4160 auctore
3071 4089 3400 4160 Synopseos
3421 4085 3680 4160 Athana-

2035 4165 2122 4218 sio
2154 4163 2418 4234 ascripta:
2448 4155 2664 4234 dicitur
2694 4156 2894 4234 ὀπαδὸς
2933 4162 3043 4234 τοῦ⁸
3083 4155 3563 4234 Σξᾎοξιῶντρςὶᾷἀ
3595 4162 3685 4214 est

2035 4229 2341 4289 Salomonis
2367 4233 2610 4300 asserta;
2643 4231 2780 4302 quia
2811 4232 2867 4286 in
2900 4230 3220 4286 condendis
3241 4229 3541 4302 parabolis
3563 4245 3683 4286 mo-

2033 4307 2174 4360 dum
2207 4303 2538 4360 Salomonis
2569 4299 2973 4374 rationemque
3002 4299 3274 4373 tenuerit,
3305 4319 3370 4357 ac
3390 4299 3680 4374 plurimas

2033 4377 2443 4448 sententiaset
2473 4376 2778 4448 parabolas
2827 4373 2954 4448 ejus
3007 4373 3403 4448 descripserit.
3434 4374 3558 4437 Qua
3590 4388 3681 4448 ra-

2033 4449 2191 4504 tione
2222 4446 2490 4504 homines
2523 4447 2674 4502 docti
2709 4446 3026 4518 contigisse
3072 4446 3504 4518 opinantur,_u_t
3522 4446 3680 4518 yete-

2035 4537 2164 4574 rum
2198 4524 2436 4574 Patrum
2471 4518 2731 4590 plerique
2763 4513 3059 4574 auctorem
3098 4513 3484 4590 Ecclesiastici
3517 4513 3681 4569 Salo-

2032 4608 2270 4646 monem
2304 4586 2728 4662 pracdi'cent,‘et
2752 4593 2990 4662 nomine
3019 4586 3442 4662 Salomonisin
3475 4601 3678 4642 eorum

1955 4647 2003 4712 D
2036 4647 2460 4744 scriptionibus
2484 4679 2595 4744 non
2622 4647 2751 4716 raro
2774 4661 3073 4744 citatum-ut
3093 4657 3675 4744 h‘ic‘ab‘l-l‘ie'roqymo,

2033 4735 2134 4805 qui
2158 4726 2387 4805 'morcm
2421 4733 2510 4788 sui
2547 4733 2826 4805 temporis
2857 4726 3092 4805 secutos
3124 4729 3376 4805 habebat
3396 4726 3677 4805 Ecclesia:

2030 4798 2244 4860 s'ticum
2278 4803 2429 4858 inter
2458 4821 2634 4875 Opera
2658 4798 3007 4875 Salomonis.
3035 4802 3310 4872 Legimus
3333 4799 3489 4855 enim
3519 4798 3674 4875 apod

2029 4876 2338 4948 Origenem
2374 4869 2626 4948 Honiilia
2651 4878 2722 4928 22
2754 4875 2810 4948 in
2845 4873 3062 4948 librum
3095 4869 3522 4948 Numerorum:
3559 4869 3674 4948 irln

2026 4939 2176 5003 libro
2208 4946 2305 5019 qui
2341 4947 2632 5019 apudnos
2665 4945 2924 5019 quidem,
2952 4944 3104 5019 inter
3152 4939 3674 5019 Splemonisvplu-

2029 5020 2190 5074 mina
2210 5011 2408 5073 haberi
2439 5016 2604 5086 solet,
2629 5011 3154 5072 et'Ecclesiasticus
3175 5015 3284 5069 dici
3311 5029 3324 5067 :
3351 5011 3506 5086 apud
3527 5012 3675 5067 Gras-

2029 5108 2128 5146 ros
2154 5107 2306 5159 vero,
2339 5083 2638 5160 Sapientia
2679 5089 2820 5160 Jesu
2879 5088 2993 5160 lilii
3025 5083 3674 5160 Sigrachappcllatura»

2027 5163 2159 5226 Quae
2191 5154 2368 5216 verba
2399 5154 2512 5214 non
2539 5158 2793 5231 Origeni,
2827 5159 2924 5213 Sed
2954 5158 3184 5231 Ruﬁno
3235 5154 3672 5231 interpretitri-

2027 5235 2308 5289 buuntur.
2341 5231 2504 5286 Unde
2533 5227 2718 5302 liquet
2748 5229 3217 5302 Ecclesiaslicum
3249 5227 3403 5300 apud
3440 5227 3675 5283 Latinos

2029 5306 2180 5360 inter
2207 5303 2534 5359 Salomonis
2577 5299 2874 5357 volumina
2922 5303 3102 5356 fuisse
3145 5299 3427 5356 relatum:
3462 5317 3492 5354 e
3523 5315 3673 5370 quo-

2028 5394 2154 5431 rum
2191 5382 2382 5429 tamen
2419 5390 2662 5428 numero
2696 5371 3172 5428 manifestissime
3215 5375 3558 5444 segregatus
3587 5374 3678 5444 est

2028 5448 2178 5518 apud
2221 5447 2634 5517 Hieronymum
2668 5445 3094 5518 Preffatinnein
3140 5441 3318 5518 libros
3347 5441 3676 5518 Salomonis

2027 5513 2322 5574 asteriscis
2354 5523 2410 5572 et
2439 5513 2622 5572 bbe-lis
2645 5517 2972 5576 distinctos.
2998 5517 3069 5569 de
3091 5516 3308 5586 quibus
3336 5513 3676 5587 plenissime

2025 5591 2283 5645 diximus
2314 5589 2371 5643 in
2405 5590 2519 5643 line
2553 5606 2568 5642 ι
2601 5587 2782 5660 partis
2813 5584 3156 5645 Bibliotheca"
3202 5584 3406 5644 divitia:
3449 5587 3509 5641 S.
3545 5584 3674 5640 Hie-

2027 5661 2273 5724 ronymi.
2311 5665 2588 5714 animm.

2094 5718 2324 5788 ‘l’cnes
2371 5731 2802 5802 Alcuin.,Scpis
2849 5734 3030 5788 autem
3078 5731 3440 5801 conﬁrmatio,
3493 5727 3669 5794 Eccle-

2024 5807 2269 5875 siastica,
2303 5806 2412 5860 etc.
2444 5803 2508 5860 In
2540 5801 2783 5859 Palatia.
2814 5817 2959 5860 mss.
2989 5803 3212 5874 evulsio,
3245 5805 3355 5858 etc.
