  <div class='ocr_page' id='page_1' title='image "/cluster/home/n/w/nwhite01/storage/ocr_20150623/23/umn.31951d034773078/585.png"; bbox 0 0 3996 6436; ppageno 0'>
   <div class='ocr_carea' id='block_1_1' title="bbox 340 355 495 424">
    <p class='ocr_par' dir='ltr' id='par_1_1' title="bbox 340 355 495 424">
     <span class='ocr_line' id='line_1_1' title="bbox 340 355 495 424; baseline 0 -2"><span class='ocrx_word' id='word_1_1' title='bbox 340 355 495 424; x_wconf 73' lang='grc'><strong>1151</strong></span> 
     </span>
    </p>
   </div>
   <div class='ocr_carea' id='block_1_2' title="bbox 1575 353 2508 422">
    <p class='ocr_par' dir='ltr' id='par_1_2' title="bbox 1575 353 2508 422">
     <span class='ocr_line' id='line_1_2' title="bbox 1575 353 2508 422; baseline -0.002 -1"><span class='ocrx_word' id='word_1_2' title='bbox 1575 359 1640 422; x_wconf 90' lang='lat' dir='ltr'>S.</span> <span class='ocrx_word' id='word_1_3' title='bbox 1686 353 1996 421; x_wconf 85' lang='lat' dir='ltr'>EUSEBII</span> <span class='ocrx_word' id='word_1_4' title='bbox 2043 353 2508 420; x_wconf 82' lang='lat' dir='ltr'>HIERONYMI.</span> 
     </span>
    </p>
   </div>
   <div class='ocr_carea' id='block_1_3' title="bbox 3587 353 3758 420">
    <p class='ocr_par' dir='ltr' id='par_1_3' title="bbox 3587 353 3758 420">
     <span class='ocr_line' id='line_1_3' title="bbox 3587 353 3758 420; baseline -0.023 0"><span class='ocrx_word' id='word_1_5' title='bbox 3587 353 3758 420; x_wconf 75' lang='grc'><strong>1152</strong></span> 
     </span>
    </p>
   </div>
   <div class='ocr_carea' id='block_1_4' title="bbox 335 487 3754 566">
    <p class='ocr_par' dir='ltr' id='par_1_4' title="bbox 335 487 3754 566">
     <span class='ocr_line' id='line_1_4' title="bbox 335 487 3754 566; baseline -0 -18"><span class='ocrx_word' id='word_1_6' title='bbox 335 491 651 566; x_wconf 79' lang='lat' dir='ltr'>lugentibus</span> <span class='ocrx_word' id='word_1_7' title='bbox 699 493 872 563; x_wconf 84' lang='lat' dir='ltr'>(Rom.</span> <span class='ocrx_word' id='word_1_8' title='bbox 923 505 1021 564; x_wconf 84' lang='lat' dir='ltr'>xu,</span> <span class='ocrx_word' id='word_1_9' title='bbox 1071 491 1192 564; x_wconf 89' lang='grc'>15);</span> <span class='ocrx_word' id='word_1_10' title='bbox 1245 495 1320 564; x_wconf 85' lang='lat' dir='ltr'>et,</span> <span class='ocrx_word' id='word_1_11' title='bbox 1373 491 1504 561; x_wconf 82' lang='lat' dir='ltr'>Quis</span> <span class='ocrx_word' id='word_1_12' title='bbox 1552 492 1894 562; x_wconf 83' lang='lat' dir='ltr'>inﬁrmatur,</span> <span class='ocrx_word' id='word_1_13' title='bbox 1939 499 1992 546; x_wconf 75' lang='lat' dir='ltr'>et</span> <span class='ocrx_word' id='word_1_14' title='bbox 2022 497 2074 560; x_wconf 82' lang='grc' dir='ltr'><strong>Α</strong></span> <span class='ocrx_word' id='word_1_15' title='bbox 2107 489 2363 562; x_wconf 87' lang='lat' dir='ltr'>fratrem,</span> <span class='ocrx_word' id='word_1_16' title='bbox 2398 497 2454 545; x_wconf 87' lang='lat' dir='ltr'>et</span> <span class='ocrx_word' id='word_1_17' title='bbox 2487 489 2630 546; x_wconf 84' lang='lat' dir='ltr'>nihil</span> <span class='ocrx_word' id='word_1_18' title='bbox 2673 489 2850 548; x_wconf 83' lang='lat' dir='ltr'>habet</span> <span class='ocrx_word' id='word_1_19' title='bbox 2879 507 2912 548; x_wconf 76' lang='grc' dir='ltr'><strong>θ.</strong></span> <span class='ocrx_word' id='word_1_20' title='bbox 2943 493 3210 565; x_wconf 79' lang='lat' dir='ltr'>serpente</span> <span class='ocrx_word' id='word_1_21' title='bbox 3252 487 3566 564; x_wconf 57' lang='lat' dir='ltr'>amplius“.</span> <span class='ocrx_word' id='word_1_22' title='bbox 3599 489 3754 548; x_wconf 87' lang='lat' dir='ltr'>Cum</span> 
     </span>
    </p>
   </div>
   <div class='ocr_carea' id='block_1_5' title="bbox 331 580 1987 654">
    <p class='ocr_par' dir='ltr' id='par_1_5' title="bbox 331 580 1987 654">
     <span class='ocr_line' id='line_1_5' title="bbox 331 580 1987 654; baseline -0.003 -16"><span class='ocrx_word' id='word_1_23' title='bbox 331 599 426 654; x_wconf 87' lang='lat' dir='ltr'>ego</span> <span class='ocrx_word' id='word_1_24' title='bbox 457 599 564 637; x_wconf 83' lang='lat' dir='ltr'>non</span> <span class='ocrx_word' id='word_1_25' title='bbox 601 581 858 654; x_wconf 81' lang='lat' dir='ltr'>inﬁrmor</span> <span class='ocrx_word' id='word_1_26' title='bbox 881 580 945 635; x_wconf 72' lang='lat'>1.9</span> <span class='ocrx_word' id='word_1_27' title='bbox 979 581 1129 638; x_wconf 69' lang='grc'>473</span> <span class='ocrx_word' id='word_1_28' title='bbox 1176 583 1300 654; x_wconf 75' lang='lat' dir='ltr'>quis</span> <span class='ocrx_word' id='word_1_29' title='bbox 1345 581 1777 648; x_wconf 64' lang='lat' dir='ltr'>scandalizatur,</span> <span class='ocrx_word' id='word_1_30' title='bbox 1812 585 1861 634; x_wconf 80' lang='lat' dir='ltr'>et</span> <span class='ocrx_word' id='word_1_31' title='bbox 1891 596 1987 650; x_wconf 83' lang='lat' dir='ltr'>ego</span> 
     </span>
    </p>
   </div>
   <div class='ocr_carea' id='block_1_6' title="bbox 328 671 1982 743">
    <p class='ocr_par' dir='ltr' id='par_1_6' title="bbox 328 671 1982 743">
     <span class='ocr_line' id='line_1_6' title="bbox 328 671 1982 743; baseline -0.002 -17"><span class='ocrx_word' id='word_1_32' title='bbox 328 687 438 726; x_wconf 86' lang='lat' dir='ltr'>non</span> <span class='ocrx_word' id='word_1_33' title='bbox 473 689 605 726; x_wconf 85' lang='lat' dir='ltr'>uror</span> <span class='ocrx_word' id='word_1_34' title='bbox 635 673 704 742; x_wconf 90' lang='lat' dir='ltr'>(II</span> <span class='ocrx_word' id='word_1_35' title='bbox 736 671 854 724; x_wconf 86' lang='lat' dir='ltr'>Cor.</span> <span class='ocrx_word' id='word_1_36' title='bbox 889 689 966 740; x_wconf 70' lang='lat' dir='ltr'>xu,</span> <span class='ocrx_word' id='word_1_37' title='bbox 1006 673 1096 740; x_wconf 61' lang='lat' dir='ltr'>2t!)</span> <span class='ocrx_word' id='word_1_38' title='bbox 1119 671 1146 724; x_wconf 81' lang='lat'>‘?</span> <span class='ocrx_word' id='word_1_39' title='bbox 1205 672 1380 743; x_wconf 82' lang='lat' dir='ltr'>Ligna</span> <span class='ocrx_word' id='word_1_40' title='bbox 1423 687 1654 742; x_wconf 80' lang='lat' dir='ltr'>quoque</span> <span class='ocrx_word' id='word_1_41' title='bbox 1687 671 1982 740; x_wconf 83' lang='lat' dir='ltr'>scindens,</span> 
     </span>
    </p>
   </div>
   <div class='ocr_carea' id='block_1_7' title="bbox 327 759 1986 833">
    <p class='ocr_par' dir='ltr' id='par_1_7' title="bbox 327 759 1986 833">
     <span class='ocr_line' id='line_1_7' title="bbox 327 759 1986 833; baseline -0.002 -17"><span class='ocrx_word' id='word_1_42' title='bbox 327 760 752 833; x_wconf 77' lang='lat' dir='ltr'>periclitabitur</span> <span class='ocrx_word' id='word_1_43' title='bbox 783 763 840 814; x_wconf 91' lang='lat' dir='ltr'>in</span> <span class='ocrx_word' id='word_1_44' title='bbox 875 762 980 815; x_wconf 88' lang='lat' dir='ltr'>eis.</span> <span class='ocrx_word' id='word_1_45' title='bbox 1035 761 1299 815; x_wconf 75' lang='lat' dir='ltr'>Iizeretici.</span> <span class='ocrx_word' id='word_1_46' title='bbox 1350 762 1454 830; x_wconf 72' lang='lat'>{.41.</span> <span class='ocrx_word' id='word_1_47' title='bbox 1507 760 1782 830; x_wconf 62' lang='lat' dir='ltr'>haeretici}</span> <span class='ocrx_word' id='word_1_48' title='bbox 1825 759 1986 830; x_wconf 79' lang='lat' dir='ltr'>ligna</span> 
     </span>
    </p>
   </div>
   <div class='ocr_carea' id='block_1_8' title="bbox 327 849 1978 920">
    <p class='ocr_par' dir='ltr' id='par_1_8' title="bbox 327 849 1978 920">
     <span class='ocr_line' id='line_1_8' title="bbox 327 849 1978 920; baseline -0.001 -16"><span class='ocrx_word' id='word_1_49' title='bbox 327 851 694 905; x_wconf 82' lang='lat' dir='ltr'>infructuosa</span> <span class='ocrx_word' id='word_1_50' title='bbox 724 854 880 920; x_wconf 89' lang='lat' dir='ltr'>sunt,</span> <span class='ocrx_word' id='word_1_51' title='bbox 915 855 970 904; x_wconf 86' lang='lat' dir='ltr'>et</span> <span class='ocrx_word' id='word_1_52' title='bbox 998 850 1183 904; x_wconf 87' lang='lat' dir='ltr'>saltus</span> <span class='ocrx_word' id='word_1_53' title='bbox 1215 851 1434 920; x_wconf 86' lang='lat' dir='ltr'>absque</span> <span class='ocrx_word' id='word_1_54' title='bbox 1483 849 1732 904; x_wconf 76' lang='lat' dir='ltr'>utilitate</span> <span class='ocrx_word' id='word_1_55' title='bbox 1777 866 1978 919; x_wconf 86' lang='lat' dir='ltr'>pomo-</span> 
     </span>
    </p>
   </div>
   <div class='ocr_carea' id='block_1_9' title="bbox 331 938 1982 1010">
    <p class='ocr_par' dir='ltr' id='par_1_9' title="bbox 331 938 1982 1010">
     <span class='ocr_line' id='line_1_9' title="bbox 331 938 1982 1010; baseline -0.001 -16"><span class='ocrx_word' id='word_1_56' title='bbox 331 957 483 994; x_wconf 87' lang='lat' dir='ltr'>rum.</span> <span class='ocrx_word' id='word_1_57' title='bbox 521 939 680 994; x_wconf 84' lang='lat' dir='ltr'>Unde</span> <span class='ocrx_word' id='word_1_58' title='bbox 709 945 766 994; x_wconf 88' lang='lat' dir='ltr'>et</span> <span class='ocrx_word' id='word_1_59' title='bbox 823 939 880 992; x_wconf 89' lang='lat' dir='ltr'>in</span> <span class='ocrx_word' id='word_1_60' title='bbox 931 939 1145 1009; x_wconf 87' lang='lat' dir='ltr'>templo</span> <span class='ocrx_word' id='word_1_61' title='bbox 1191 939 1290 994; x_wconf 86' lang='lat' dir='ltr'>Dei</span> <span class='ocrx_word' id='word_1_62' title='bbox 1341 939 1682 1010; x_wconf 74' lang='lat' dir='ltr'>prohibetur</span> <span class='ocrx_word' id='word_1_63' title='bbox 1731 938 1982 1010; x_wconf 87' lang='lat' dir='ltr'>plantari</span> 
     </span>
    </p>
   </div>
   <div class='ocr_carea' id='block_1_10' title="bbox 329 1028 1978 1098">
    <p class='ocr_par' dir='ltr' id='par_1_10' title="bbox 329 1028 1978 1098">
     <span class='ocr_line' id='line_1_10' title="bbox 329 1028 1978 1098; baseline -0.001 -16"><span class='ocrx_word' id='word_1_64' title='bbox 329 1045 560 1096; x_wconf 88' lang='lat' dir='ltr'>nemus,</span> <span class='ocrx_word' id='word_1_65' title='bbox 593 1035 649 1083; x_wconf 85' lang='lat' dir='ltr'>et</span> <span class='ocrx_word' id='word_1_66' title='bbox 695 1047 841 1083; x_wconf 86' lang='lat' dir='ltr'>vana</span> <span class='ocrx_word' id='word_1_67' title='bbox 878 1028 1167 1098; x_wconf 81' lang='lat' dir='ltr'>foliorum,</span> <span class='ocrx_word' id='word_1_68' title='bbox 1195 1028 1250 1081; x_wconf 85' lang='lat' dir='ltr'>id</span> <span class='ocrx_word' id='word_1_69' title='bbox 1279 1033 1384 1098; x_wconf 86' lang='lat' dir='ltr'>est,</span> <span class='ocrx_word' id='word_1_70' title='bbox 1413 1030 1719 1084; x_wconf 84' lang='lat' dir='ltr'>verborum</span> <span class='ocrx_word' id='word_1_71' title='bbox 1752 1033 1978 1082; x_wconf 88' lang='lat' dir='ltr'>tantum</span> 
     </span>
    </p>
   </div>
   <div class='ocr_carea' id='block_1_11' title="bbox 329 1115 1982 1188">
    <p class='ocr_par' dir='ltr' id='par_1_11' title="bbox 329 1115 1982 1188">
     <span class='ocr_line' id='line_1_11' title="bbox 329 1115 1982 1188; baseline -0.001 -16"><span class='ocrx_word' id='word_1_72' title='bbox 329 1117 666 1173; x_wconf 74' lang='lat' dir='ltr'>sonantium</span> <span class='ocrx_word' id='word_1_73' title='bbox 701 1123 1060 1188; x_wconf 89' lang='lat' dir='ltr'>spernuntur</span> <span class='ocrx_word' id='word_1_74' title='bbox 1093 1115 1452 1171; x_wconf 85' lang='lat' dir='ltr'>umbracula.</span> <span class='ocrx_word' id='word_1_75' title='bbox 1489 1116 1982 1188; x_wconf 80' lang='lat' dir='ltr'>Quamvis,igitur</span> 
     </span>
    </p>
   </div>
   <div class='ocr_carea' id='block_1_12' title="bbox 327 1205 1976 1277">
    <p class='ocr_par' dir='ltr' id='par_1_12' title="bbox 327 1205 1976 1277">
     <span class='ocr_line' id='line_1_12' title="bbox 327 1205 1976 1277; baseline 0.001 -18"><span class='ocrx_word' id='word_1_76' title='bbox 327 1205 404 1259; x_wconf 85' lang='lat' dir='ltr'>sit</span> <span class='ocrx_word' id='word_1_77' title='bbox 437 1207 692 1277; x_wconf 77' lang='lat' dir='ltr'>prudens</span> <span class='ocrx_word' id='word_1_78' title='bbox 723 1211 780 1260; x_wconf 88' lang='lat' dir='ltr'>et</span> <span class='ocrx_word' id='word_1_79' title='bbox 811 1206 1016 1260; x_wconf 86' lang='lat' dir='ltr'>doctus</span> <span class='ocrx_word' id='word_1_80' title='bbox 1046 1206 1150 1274; x_wconf 88' lang='lat' dir='ltr'>vir,</span> <span class='ocrx_word' id='word_1_81' title='bbox 1185 1205 1284 1276; x_wconf 86' lang='lat' dir='ltr'>qui</span> <span class='ocrx_word' id='word_1_82' title='bbox 1327 1205 1518 1276; x_wconf 83' lang='lat' dir='ltr'>gladio</span> <span class='ocrx_word' id='word_1_83' title='bbox 1564 1207 1852 1260; x_wconf 85' lang='lat' dir='ltr'>sermonis</span> <span class='ocrx_word' id='word_1_84' title='bbox 1887 1207 1976 1261; x_wconf 90' lang='lat' dir='ltr'>sui</span> 
     </span>
    </p>
   </div>
   <div class='ocr_carea' id='block_1_13' title="bbox 323 1295 1978 1366">
    <p class='ocr_par' dir='ltr' id='par_1_13' title="bbox 323 1295 1978 1366">
     <span class='ocr_line' id='line_1_13' title="bbox 323 1295 1978 1366; baseline 0.001 -19"><span class='ocrx_word' id='word_1_85' title='bbox 323 1295 442 1349; x_wconf 61' lang='lat' dir='ltr'>haec</span> <span class='ocrx_word' id='word_1_86' title='bbox 479 1296 636 1366; x_wconf 79' lang='lat' dir='ltr'>ligna</span> <span class='ocrx_word' id='word_1_87' title='bbox 665 1295 1028 1362; x_wconf 86' lang='lat' dir='ltr'>eonscindat,</span> <span class='ocrx_word' id='word_1_88' title='bbox 1083 1295 1554 1366; x_wconf 51' lang='lat' dir='ltr'>periclital‘dtur’</span> <span class='ocrx_word' id='word_1_89' title='bbox 1603 1297 1660 1348; x_wconf 91' lang='lat' dir='ltr'>in</span> <span class='ocrx_word' id='word_1_90' title='bbox 1714 1296 1818 1358; x_wconf 83' lang='lat' dir='ltr'>eis,</span> <span class='ocrx_word' id='word_1_91' title='bbox 1867 1295 1978 1350; x_wconf 86' lang='lat' dir='ltr'>nisi</span> 
     </span>
    </p>
   </div>
   <div class='ocr_carea' id='block_1_14' title="bbox 322 1383 1978 1456">
    <p class='ocr_par' dir='ltr' id='par_1_14' title="bbox 322 1383 1978 1456">
     <span class='ocr_line' id='line_1_14' title="bbox 322 1383 1978 1456; baseline 0 -18"><span class='ocrx_word' id='word_1_92' title='bbox 322 1383 636 1456; x_wconf 79' lang='lat' dir='ltr'>diligenter</span> <span class='ocrx_word' id='word_1_93' title='bbox 667 1383 1019 1450; x_wconf 87' lang='lat' dir='ltr'>attenderit;</span> <span class='ocrx_word' id='word_1_94' title='bbox 1055 1385 1307 1438; x_wconf 81' lang='lat' dir='ltr'>maxime</span> <span class='ocrx_word' id='word_1_95' title='bbox 1361 1385 1406 1438; x_wconf 88' lang='lat' dir='ltr'>si</span> <span class='ocrx_word' id='word_1_96' title='bbox 1459 1384 1508 1439; x_wconf 87' lang='lat' dir='ltr'>ei</span> <span class='ocrx_word' id='word_1_97' title='bbox 1559 1384 1668 1438; x_wconf 88' lang='lat' dir='ltr'>hoc</span> <span class='ocrx_word' id='word_1_98' title='bbox 1701 1387 1852 1454; x_wconf 81' lang='lat' dir='ltr'>quod</span> <span class='ocrx_word' id='word_1_99' title='bbox 1889 1401 1978 1438; x_wconf 90' lang='lat' dir='ltr'>se-</span> 
     </span>
    </p>
   </div>
   <div class='ocr_carea' id='block_1_15' title="bbox 321 1473 1978 1545">
    <p class='ocr_par' dir='ltr' id='par_1_15' title="bbox 321 1473 1978 1545">
     <span class='ocr_line' id='line_1_15' title="bbox 321 1473 1978 1545; baseline 0.001 -19"><span class='ocrx_word' id='word_1_100' title='bbox 321 1473 540 1544; x_wconf 91' lang='lat' dir='ltr'>quitur,</span> <span class='ocrx_word' id='word_1_101' title='bbox 577 1473 888 1528; x_wconf 89' lang='lat' dir='ltr'>acciderit:</span> <span class='ocrx_word' id='word_1_102' title='bbox 925 1473 986 1528; x_wconf 82' lang='lat' dir='ltr'>Si</span> <span class='ocrx_word' id='word_1_103' title='bbox 1035 1483 1276 1528; x_wconf 77' lang='lat' dir='ltr'>retusum</span> <span class='ocrx_word' id='word_1_104' title='bbox 1325 1477 1502 1543; x_wconf 74' lang='lat' dir='ltr'>fuerit</span> <span class='ocrx_word' id='word_1_105' title='bbox 1539 1481 1770 1544; x_wconf 84' lang='lat' dir='ltr'>/errum,</span> <span class='ocrx_word' id='word_1_106' title='bbox 1804 1477 1854 1528; x_wconf 84' lang='lat' dir='ltr'>et</span> <span class='ocrx_word' id='word_1_107' title='bbox 1884 1475 1978 1545; x_wconf 73' lang='lat' dir='ltr'>fa-</span> 
     </span>
    </p>
   </div>
   <div class='ocr_carea' id='block_1_16' title="bbox 319 1561 1976 1632">
    <p class='ocr_par' dir='ltr' id='par_1_16' title="bbox 319 1561 1976 1632">
     <span class='ocr_line' id='line_1_16' title="bbox 319 1561 1976 1632; baseline -0.001 -16"><span class='ocrx_word' id='word_1_108' title='bbox 319 1563 462 1616; x_wconf 87' lang='lat' dir='ltr'>ciem</span> <span class='ocrx_word' id='word_1_109' title='bbox 494 1563 613 1632; x_wconf 82' lang='lat' dir='ltr'>ejus</span> <span class='ocrx_word' id='word_1_110' title='bbox 653 1563 976 1626; x_wconf 71' lang='lat' dir='ltr'>turbaverit,</span> <span class='ocrx_word' id='word_1_111' title='bbox 1003 1562 1058 1616; x_wconf 88' lang='lat' dir='ltr'>id</span> <span class='ocrx_word' id='word_1_112' title='bbox 1092 1569 1201 1630; x_wconf 88' lang='lat' dir='ltr'>est,</span> <span class='ocrx_word' id='word_1_113' title='bbox 1229 1561 1277 1615; x_wconf 93' lang='lat' dir='ltr'>si</span> <span class='ocrx_word' id='word_1_114' title='bbox 1301 1562 1620 1632; x_wconf 77' lang='lat' dir='ltr'>disputatio</span> <span class='ocrx_word' id='word_1_115' title='bbox 1652 1565 1781 1630; x_wconf 85' lang='lat' dir='ltr'>ejus</span> <span class='ocrx_word' id='word_1_116' title='bbox 1813 1561 1976 1616; x_wconf 89' lang='lat' dir='ltr'>inlir-</span> 
     </span>
    </p>
   </div>
   <div class='ocr_carea' id='block_1_17' title="bbox 322 1649 1973 1722">
    <p class='ocr_par' dir='ltr' id='par_1_17' title="bbox 322 1649 1973 1722">
     <span class='ocr_line' id='line_1_17' title="bbox 322 1649 1973 1722; baseline 0.001 -18"><span class='ocrx_word' id='word_1_117' title='bbox 322 1649 472 1706; x_wconf 89' lang='lat' dir='ltr'>mior</span> <span class='ocrx_word' id='word_1_118' title='bbox 519 1650 692 1706; x_wconf 84' lang='lat' dir='ltr'>fuerit</span> <span class='ocrx_word' id='word_1_119' title='bbox 739 1651 994 1720; x_wconf 88' lang='lat' dir='ltr'>inventa,</span> <span class='ocrx_word' id='word_1_120' title='bbox 1063 1667 1166 1704; x_wconf 88' lang='lat' dir='ltr'>nec</span> <span class='ocrx_word' id='word_1_121' title='bbox 1229 1667 1476 1704; x_wconf 87' lang='lat' dir='ltr'>acumen</span> <span class='ocrx_word' id='word_1_122' title='bbox 1529 1650 1820 1718; x_wconf 89' lang='lat' dir='ltr'>habuerit,</span> <span class='ocrx_word' id='word_1_123' title='bbox 1859 1668 1973 1722; x_wconf 90' lang='lat' dir='ltr'>quo</span> 
     </span>
    </p>
   </div>
   <div class='ocr_carea' id='block_1_18' title="bbox 320 1738 1974 1810">
    <p class='ocr_par' dir='ltr' id='par_1_18' title="bbox 320 1738 1974 1810">
     <span class='ocr_line' id='line_1_18' title="bbox 320 1738 1974 1810; baseline 0 -17"><span class='ocrx_word' id='word_1_124' title='bbox 320 1741 612 1794; x_wconf 85' lang='lat' dir='ltr'>contraria</span> <span class='ocrx_word' id='word_1_125' title='bbox 671 1757 916 1810; x_wconf 64' lang='lat' dir='ltr'>quaeque</span> <span class='ocrx_word' id='word_1_126' title='bbox 983 1745 1182 1794; x_wconf 82' lang='lat' dir='ltr'>secet:</span> <span class='ocrx_word' id='word_1_127' title='bbox 1246 1740 1342 1794; x_wconf 86' lang='lat' dir='ltr'>sed</span> <span class='ocrx_word' id='word_1_128' title='bbox 1405 1738 1722 1810; x_wconf 75' lang='lat' dir='ltr'>principale</span> <span class='ocrx_word' id='word_1_129' title='bbox 1781 1740 1974 1794; x_wconf 79' lang='lat' dir='ltr'>cordis</span> 
     </span>
    </p>
   </div>
   <div class='ocr_carea' id='block_1_19' title="bbox 321 1828 1973 1900">
    <p class='ocr_par' dir='ltr' id='par_1_19' title="bbox 321 1828 1973 1900">
     <span class='ocr_line' id='line_1_19' title="bbox 321 1828 1973 1900; baseline 0 -18"><span class='ocrx_word' id='word_1_130' title='bbox 321 1829 451 1898; x_wconf 91' lang='lat' dir='ltr'>ejus</span> <span class='ocrx_word' id='word_1_131' title='bbox 485 1829 819 1896; x_wconf 88' lang='lat' dir='ltr'>hebetetur;</span> <span class='ocrx_word' id='word_1_132' title='bbox 857 1828 912 1882; x_wconf 91' lang='lat' dir='ltr'>in</span> <span class='ocrx_word' id='word_1_133' title='bbox 971 1833 1191 1900; x_wconf 88' lang='lat' dir='ltr'>partem</span> <span class='ocrx_word' id='word_1_134' title='bbox 1243 1829 1515 1882; x_wconf 83' lang='lat' dir='ltr'>transibit</span> <span class='ocrx_word' id='word_1_135' title='bbox 1559 1829 1882 1899; x_wconf 84' lang='lat' dir='ltr'>adversam,</span> <span class='ocrx_word' id='word_1_136' title='bbox 1919 1833 1973 1883; x_wconf 87' lang='lat' dir='ltr'>et</span> 
     </span>
    </p>
   </div>
   <div class='ocr_carea' id='block_1_20' title="bbox 321 1917 1968 1988">
    <p class='ocr_par' dir='ltr' id='par_1_20' title="bbox 321 1917 1968 1988">
     <span class='ocr_line' id='line_1_20' title="bbox 321 1917 1968 1988; baseline 0 -16"><span class='ocrx_word' id='word_1_137' title='bbox 321 1917 693 1972; x_wconf 87' lang='lat' dir='ltr'>confirmabit</span> <span class='ocrx_word' id='word_1_138' title='bbox 724 1935 853 1972; x_wconf 90' lang='lat' dir='ltr'>eum</span> <span class='ocrx_word' id='word_1_139' title='bbox 893 1917 1172 1972; x_wconf 87' lang='lat' dir='ltr'>fortitudo</span> <span class='ocrx_word' id='word_1_140' title='bbox 1205 1935 1493 1988; x_wconf 80' lang='lat' dir='ltr'>perversa.</span> <span class='ocrx_word' id='word_1_141' title='bbox 1526 1917 1641 1972; x_wconf 84' lang='lat' dir='ltr'>Hoc</span> <span class='ocrx_word' id='word_1_142' title='bbox 1673 1919 1825 1972; x_wconf 88' lang='lat' dir='ltr'>enim</span> <span class='ocrx_word' id='word_1_143' title='bbox 1861 1922 1968 1988; x_wconf 84' lang='lat' dir='ltr'>est,</span> 
     </span>
    </p>
   </div>
   <div class='ocr_carea' id='block_1_21' title="bbox 323 2006 1974 2078">
    <p class='ocr_par' dir='ltr' id='par_1_21' title="bbox 323 2006 1974 2078">
     <span class='ocr_line' id='line_1_21' title="bbox 323 2006 1974 2078; baseline 0.001 -18"><span class='ocrx_word' id='word_1_144' title='bbox 323 2007 478 2078; x_wconf 92' lang='lat' dir='ltr'>quod</span> <span class='ocrx_word' id='word_1_145' title='bbox 538 2006 920 2078; x_wconf 84' lang='lat' dir='ltr'>Septuaginta</span> <span class='ocrx_word' id='word_1_146' title='bbox 979 2009 1328 2078; x_wconf 88' lang='lat' dir='ltr'>Interprctes</span> <span class='ocrx_word' id='word_1_147' title='bbox 1382 2007 1858 2062; x_wconf 79' lang='lat' dir='ltr'>transtulerunt:</span> <span class='ocrx_word' id='word_1_148' title='bbox 1917 2009 1974 2062; x_wconf 81' lang='lat' dir='ltr'>Et</span> 
     </span>
    </p>
   </div>
   <div class='ocr_carea' id='block_1_22' title="bbox 318 2095 1973 2165">
    <p class='ocr_par' dir='ltr' id='par_1_22' title="bbox 318 2095 1973 2165">
     <span class='ocr_line' id='line_1_22' title="bbox 318 2095 1973 2165; baseline 0.001 -16"><span class='ocrx_word' id='word_1_149' title='bbox 318 2095 640 2165; x_wconf 75' lang='lat' dir='ltr'>fortitudine</span> <span class='ocrx_word' id='word_1_150' title='bbox 688 2095 1138 2164; x_wconf 79' lang='lat' dir='ltr'>confortabitur;</span> <span class='ocrx_word' id='word_1_151' title='bbox 1190 2101 1246 2149; x_wconf 89' lang='lat' dir='ltr'>et</span> <span class='ocrx_word' id='word_1_152' title='bbox 1316 2095 1612 2165; x_wconf 80' lang='lat' dir='ltr'>superﬂua</span> <span class='ocrx_word' id='word_1_153' title='bbox 1665 2097 1973 2150; x_wconf 81' lang='lat' dir='ltr'>roboratus</span> 
     </span>
    </p>
   </div>
   <div class='ocr_carea' id='block_1_23' title="bbox 324 2184 1976 2255">
    <p class='ocr_par' dir='ltr' id='par_1_23' title="bbox 324 2184 1976 2255">
     <span class='ocr_line' id='line_1_23' title="bbox 324 2184 1976 2255; baseline 0.001 -17"><span class='ocrx_word' id='word_1_154' title='bbox 324 2185 614 2255; x_wconf 79' lang='lat' dir='ltr'>sapientia</span> <span class='ocrx_word' id='word_1_155' title='bbox 643 2184 900 2255; x_wconf 87' lang='lat' dir='ltr'>incipiet,</span> <span class='ocrx_word' id='word_1_156' title='bbox 937 2184 1147 2255; x_wconf 88' lang='lat' dir='ltr'>inquit,</span> <span class='ocrx_word' id='word_1_157' title='bbox 1193 2185 1592 2238; x_wconf 77' lang='lat' dir='ltr'>fortitudinem</span> <span class='ocrx_word' id='word_1_158' title='bbox 1651 2185 1884 2252; x_wconf 85' lang='lat' dir='ltr'>habere,</span> <span class='ocrx_word' id='word_1_159' title='bbox 1920 2191 1976 2240; x_wconf 89' lang='lat' dir='ltr'>et</span> 
     </span>
    </p>
   </div>
   <div class='ocr_carea' id='block_1_24' title="bbox 321 2273 1974 2346">
    <p class='ocr_par' dir='ltr' id='par_1_24' title="bbox 321 2273 1974 2346">
     <span class='ocr_line' id='line_1_24' title="bbox 321 2273 1974 2346; baseline 0.002 -20"><span class='ocrx_word' id='word_1_160' title='bbox 321 2273 695 2344; x_wconf 79' lang='lat' dir='ltr'>sapientiam,</span> <span class='ocrx_word' id='word_1_161' title='bbox 732 2290 858 2344; x_wconf 77' lang='lat' dir='ltr'>quae</span> <span class='ocrx_word' id='word_1_162' title='bbox 891 2273 1189 2345; x_wconf 81' lang='lat' dir='ltr'>superflua</span> <span class='ocrx_word' id='word_1_163' title='bbox 1219 2281 1326 2341; x_wconf 87' lang='lat' dir='ltr'>est,</span> <span class='ocrx_word' id='word_1_164' title='bbox 1362 2279 1416 2328; x_wconf 88' lang='lat' dir='ltr'>et</span> <span class='ocrx_word' id='word_1_165' title='bbox 1447 2291 1560 2327; x_wconf 88' lang='lat' dir='ltr'>non</span> <span class='ocrx_word' id='word_1_166' title='bbox 1585 2275 1824 2343; x_wconf 87' lang='lat' dir='ltr'>adjuvat</span> <span class='ocrx_word' id='word_1_167' title='bbox 1847 2291 1974 2346; x_wconf 85' lang='lat' dir='ltr'>pos-</span> 
     </span>
    </p>
   </div>
   <div class='ocr_carea' id='block_1_25' title="bbox 326 2361 636 2418">
    <p class='ocr_par' dir='ltr' id='par_1_25' title="bbox 326 2361 636 2418">
     <span class='ocr_line' id='line_1_25' title="bbox 326 2361 636 2418; baseline 0 -3"><span class='ocrx_word' id='word_1_168' title='bbox 326 2361 636 2418; x_wconf 85' lang='lat' dir='ltr'>sidentem.</span> 
     </span>
    </p>
   </div>
   <div class='ocr_carea' id='block_1_26' title="bbox 393 2495 1972 2568">
    <p class='ocr_par' dir='ltr' id='par_1_26' title="bbox 393 2495 1972 2568">
     <span class='ocr_line' id='line_1_26' title="bbox 393 2495 1972 2568; baseline 0.003 -21"><span class='ocrx_word' id='word_1_169' title='bbox 393 2515 420 2547; x_wconf 79' lang='lat'><strong>«</strong></span> <span class='ocrx_word' id='word_1_170' title='bbox 455 2495 513 2550; x_wconf 90' lang='lat' dir='ltr'>Si</span> <span class='ocrx_word' id='word_1_171' title='bbox 543 2500 804 2550; x_wconf 88' lang='lat' dir='ltr'>retusum</span> <span class='ocrx_word' id='word_1_172' title='bbox 841 2496 1013 2551; x_wconf 83' lang='lat' dir='ltr'>fuerit</span> <span class='ocrx_word' id='word_1_173' title='bbox 1045 2497 1302 2564; x_wconf 84' lang='lat' dir='ltr'>ferrum;</span> <span class='ocrx_word' id='word_1_174' title='bbox 1338 2496 1526 2551; x_wconf 91' lang='lat' dir='ltr'>ethoc</span> <span class='ocrx_word' id='word_1_175' title='bbox 1553 2513 1662 2552; x_wconf 91' lang='lat' dir='ltr'>non</span> <span class='ocrx_word' id='word_1_176' title='bbox 1693 2501 1758 2551; x_wconf 88' lang='lat' dir='ltr'>ut</span> <span class='ocrx_word' id='word_1_177' title='bbox 1789 2497 1972 2568; x_wconf 89' lang='lat' dir='ltr'>prius,</span> 
     </span>
    </p>
   </div>
   <div class='ocr_carea' id='block_1_27' title="bbox 321 2585 1974 2654">
    <p class='ocr_par' dir='ltr' id='par_1_27' title="bbox 321 2585 1974 2654">
     <span class='ocr_line' id='line_1_27' title="bbox 321 2585 1974 2654; baseline 0.002 -16"><span class='ocrx_word' id='word_1_178' title='bbox 321 2587 422 2638; x_wconf 88' lang='lat' dir='ltr'>sed</span> <span class='ocrx_word' id='word_1_179' title='bbox 455 2585 867 2639; x_wconf 85' lang='lat' dir='ltr'>conturbatum</span> <span class='ocrx_word' id='word_1_180' title='bbox 902 2585 1092 2654; x_wconf 84' lang='lat' dir='ltr'>fuerit,</span> <span class='ocrx_word' id='word_1_181' title='bbox 1129 2585 1442 2640; x_wconf 83' lang='lat' dir='ltr'>virtutibus</span> <span class='ocrx_word' id='word_1_182' title='bbox 1475 2588 1974 2642; x_wconf 88' lang='lat' dir='ltr'>corroborabitur:</span> 
     </span>
    </p>
   </div>
   <div class='ocr_carea' id='block_1_28' title="bbox 322 2673 1974 2746">
    <p class='ocr_par' dir='ltr' id='par_1_28' title="bbox 322 2673 1974 2746">
     <span class='ocr_line' id='line_1_28' title="bbox 322 2673 1974 2746; baseline 0.001 -18"><span class='ocrx_word' id='word_1_183' title='bbox 322 2679 380 2728; x_wconf 87' lang='lat' dir='ltr'>et</span> <span class='ocrx_word' id='word_1_184' title='bbox 411 2673 700 2744; x_wconf 87' lang='lat' dir='ltr'>reliquum</span> <span class='ocrx_word' id='word_1_185' title='bbox 727 2673 1088 2728; x_wconf 83' lang='lat' dir='ltr'>fortitudinis</span> <span class='ocrx_word' id='word_1_186' title='bbox 1131 2675 1420 2738; x_wconf 84' lang='lat' dir='ltr'>sapientia</span> <span class='ocrx_word' id='word_1_187' title='bbox 1471 2681 1576 2730; x_wconf 82' lang='lat' dir='ltr'>est.</span> <span class='ocrx_word' id='word_1_188' title='bbox 1611 2695 1636 2726; x_wconf 78' lang='grc' dir='ltr'>ι)</span> <span class='ocrx_word' id='word_1_189' title='bbox 1675 2677 1732 2732; x_wconf 81' lang='lat' dir='ltr'>Si</span> <span class='ocrx_word' id='word_1_190' title='bbox 1766 2694 1848 2746; x_wconf 90' lang='lat' dir='ltr'>se,</span> <span class='ocrx_word' id='word_1_191' title='bbox 1883 2677 1974 2730; x_wconf 90' lang='lat' dir='ltr'>in-</span> 
     </span>
    </p>
   </div>
   <div class='ocr_carea' id='block_1_29' title="bbox 325 2761 1975 2836">
    <p class='ocr_par' dir='ltr' id='par_1_29' title="bbox 325 2761 1975 2836">
     <span class='ocr_line' id='line_1_29' title="bbox 325 2761 1975 2836; baseline 0.003 -21"><span class='ocrx_word' id='word_1_192' title='bbox 325 2762 472 2832; x_wconf 88' lang='lat' dir='ltr'>quit,</span> <span class='ocrx_word' id='word_1_193' title='bbox 536 2761 749 2832; x_wconf 85' lang='lat' dir='ltr'>aliquis</span> <span class='ocrx_word' id='word_1_194' title='bbox 809 2763 1014 2816; x_wconf 84' lang='lat' dir='ltr'>viderit</span> <span class='ocrx_word' id='word_1_195' title='bbox 1077 2781 1178 2834; x_wconf 87' lang='lat' dir='ltr'>per</span> <span class='ocrx_word' id='word_1_196' title='bbox 1237 2763 1648 2836; x_wconf 74' lang='lat' dir='ltr'>negligentiam</span> <span class='ocrx_word' id='word_1_197' title='bbox 1705 2765 1975 2820; x_wconf 85' lang='lat' dir='ltr'>amisisse</span> 
     </span>
    </p>
   </div>
   <div class='ocr_carea' id='block_1_30' title="bbox 326 2850 1974 2924">
    <p class='ocr_par' dir='ltr' id='par_1_30' title="bbox 326 2850 1974 2924">
     <span class='ocr_line' id='line_1_30' title="bbox 326 2850 1974 2924; baseline 0.001 -18"><span class='ocrx_word' id='word_1_198' title='bbox 326 2851 632 2906; x_wconf 83' lang='lat' dir='ltr'>scientiam</span> <span class='ocrx_word' id='word_1_199' title='bbox 683 2850 1138 2922; x_wconf 86' lang='lat' dir='ltr'>Scripturarum,</span> <span class='ocrx_word' id='word_1_200' title='bbox 1189 2857 1244 2906; x_wconf 89' lang='lat' dir='ltr'>et</span> <span class='ocrx_word' id='word_1_201' title='bbox 1294 2870 1538 2906; x_wconf 87' lang='lat' dir='ltr'>acumen</span> <span class='ocrx_word' id='word_1_202' title='bbox 1591 2853 1804 2924; x_wconf 82' lang='lat' dir='ltr'>ingenii</span> <span class='ocrx_word' id='word_1_203' title='bbox 1847 2855 1974 2923; x_wconf 86' lang='lat' dir='ltr'>ejus</span> 
     </span>
    </p>
   </div>
   <div class='ocr_carea' id='block_1_31' title="bbox 329 2938 1977 3014">
    <p class='ocr_par' dir='ltr' id='par_1_31' title="bbox 329 2938 1977 3014">
     <span class='ocr_line' id='line_1_31' title="bbox 329 2938 1977 3014; baseline 0.001 -18"><span class='ocrx_word' id='word_1_204' title='bbox 329 2939 520 3008; x_wconf 77' lang='lat' dir='ltr'>fuerit,</span> <span class='ocrx_word' id='word_1_205' title='bbox 547 2938 738 3010; x_wconf 88' lang='lat' dir='ltr'>qualis</span> <span class='ocrx_word' id='word_1_206' title='bbox 762 2942 1024 3010; x_wconf 85' lang='lat' dir='ltr'>cssejam</span> <span class='ocrx_word' id='word_1_207' title='bbox 1051 2947 1319 3012; x_wconf 77' lang='lat' dir='ltr'>C(cperat.</span> <span class='ocrx_word' id='word_1_208' title='bbox 1349 2943 1546 2996; x_wconf 73' lang='lat' dir='ltr'>Evenit</span> <span class='ocrx_word' id='word_1_209' title='bbox 1568 2942 1782 3014; x_wconf 86' lang='lat' dir='ltr'>quippe</span> <span class='ocrx_word' id='word_1_210' title='bbox 1807 2943 1977 2997; x_wconf 86' lang='lat' dir='ltr'>inter-</span> 
     </span>
    </p>
   </div>
   <div class='ocr_carea' id='block_1_32' title="bbox 329 3029 1970 3102">
    <p class='ocr_par' dir='ltr' id='par_1_32' title="bbox 329 3029 1970 3102">
     <span class='ocr_line' id='line_1_32' title="bbox 329 3029 1970 3102; baseline 0 -18"><span class='ocrx_word' id='word_1_211' title='bbox 329 3030 492 3098; x_wconf 85' lang='lat' dir='ltr'>dum,</span> <span class='ocrx_word' id='word_1_212' title='bbox 548 3029 610 3083; x_wconf 89' lang='lat' dir='ltr'>ut</span> <span class='ocrx_word' id='word_1_213' title='bbox 660 3046 790 3083; x_wconf 91' lang='lat' dir='ltr'>cum</span> <span class='ocrx_word' id='word_1_214' title='bbox 848 3029 1140 3084; x_wconf 84' lang='lat' dir='ltr'>modicum</span> <span class='ocrx_word' id='word_1_215' title='bbox 1185 3030 1439 3085; x_wconf 68' lang='lat' dir='ltr'>scientiae</span> <span class='ocrx_word' id='word_1_216' title='bbox 1501 3032 1635 3102; x_wconf 88' lang='lat' dir='ltr'>quis</span> <span class='ocrx_word' id='word_1_217' title='bbox 1680 3031 1970 3100; x_wconf 78' lang='lat' dir='ltr'>habuerit,</span> 
     </span>
    </p>
   </div>
   <div class='ocr_carea' id='block_1_33' title="bbox 322 3117 1974 3191">
    <p class='ocr_par' dir='ltr' id='par_1_33' title="bbox 322 3117 1974 3191">
     <span class='ocr_line' id='line_1_33' title="bbox 322 3117 1974 3191; baseline -0.001 -18"><span class='ocrx_word' id='word_1_218' title='bbox 322 3117 512 3173; x_wconf 87' lang='lat' dir='ltr'>elatus</span> <span class='ocrx_word' id='word_1_219' title='bbox 541 3117 602 3173; x_wconf 89' lang='lat' dir='ltr'>in</span> <span class='ocrx_word' id='word_1_220' title='bbox 629 3117 986 3189; x_wconf 82' lang='lat' dir='ltr'>superbiam,</span> <span class='ocrx_word' id='word_1_221' title='bbox 1042 3119 1266 3174; x_wconf 88' lang='lat' dir='ltr'>discere</span> <span class='ocrx_word' id='word_1_222' title='bbox 1316 3120 1560 3174; x_wconf 81' lang='lat' dir='ltr'>desistat</span> <span class='ocrx_word' id='word_1_223' title='bbox 1591 3125 1646 3173; x_wconf 85' lang='lat' dir='ltr'>et</span> <span class='ocrx_word' id='word_1_224' title='bbox 1679 3121 1884 3191; x_wconf 78' lang='lat' dir='ltr'>legere,</span> <span class='ocrx_word' id='word_1_225' title='bbox 1921 3127 1974 3174; x_wconf 87' lang='lat' dir='ltr'>et.</span> 
     </span>
    </p>
   </div>
   <div class='ocr_carea' id='block_1_34' title="bbox 325 3206 1968 3279">
    <p class='ocr_par' dir='ltr' id='par_1_34' title="bbox 325 3206 1968 3279">
     <span class='ocr_line' id='line_1_34' title="bbox 325 3206 1968 3279; baseline 0.002 -18"><span class='ocrx_word' id='word_1_226' title='bbox 325 3206 607 3279; x_wconf 84' lang='lat' dir='ltr'>paulatim</span> <span class='ocrx_word' id='word_1_227' title='bbox 640 3225 707 3262; x_wconf 82' lang='lat' dir='ltr'>ex</span> <span class='ocrx_word' id='word_1_228' title='bbox 737 3225 822 3272; x_wconf 81' lang='lat' dir='ltr'>eo,</span> <span class='ocrx_word' id='word_1_229' title='bbox 857 3208 1010 3278; x_wconf 87' lang='lat' dir='ltr'>quod</span> <span class='ocrx_word' id='word_1_230' title='bbox 1039 3209 1184 3262; x_wconf 88' lang='lat' dir='ltr'>nihil</span> <span class='ocrx_word' id='word_1_231' title='bbox 1209 3209 1258 3262; x_wconf 88' lang='lat' dir='ltr'>ei</span> <span class='ocrx_word' id='word_1_232' title='bbox 1282 3210 1538 3270; x_wconf 78' lang='lat' dir='ltr'>additur,</span> <span class='ocrx_word' id='word_1_233' title='bbox 1565 3209 1968 3272; x_wconf 85' lang='lat' dir='ltr'>subtrahatur,</span> 
     </span>
    </p>
   </div>
   <div class='ocr_carea' id='block_1_35' title="bbox 322 3297 1972 3369">
    <p class='ocr_par' dir='ltr' id='par_1_35' title="bbox 322 3297 1972 3369">
     <span class='ocr_line' id='line_1_35' title="bbox 322 3297 1972 3369; baseline 0.001 -19"><span class='ocrx_word' id='word_1_234' title='bbox 322 3301 380 3351; x_wconf 82' lang='lat' dir='ltr'>et.</span> <span class='ocrx_word' id='word_1_235' title='bbox 411 3313 658 3351; x_wconf 87' lang='lat' dir='ltr'>vacuum</span> <span class='ocrx_word' id='word_1_236' title='bbox 687 3297 1015 3366; x_wconf 86' lang='lat' dir='ltr'>disciplinis</span> <span class='ocrx_word' id='word_1_237' title='bbox 1041 3303 1240 3368; x_wconf 80' lang='lat' dir='ltr'>pectus</span> <span class='ocrx_word' id='word_1_238' title='bbox 1265 3305 1582 3366; x_wconf 85' lang='lat' dir='ltr'>remaneat,</span> <span class='ocrx_word' id='word_1_239' title='bbox 1612 3300 1972 3369; x_wconf 88' lang='lat' dir='ltr'>ferrumque,</span> 
     </span>
    </p>
   </div>
   <div class='ocr_carea' id='block_1_36' title="bbox 324 3385 1974 3457">
    <p class='ocr_par' dir='ltr' id='par_1_36' title="bbox 324 3385 1974 3457">
     <span class='ocr_line' id='line_1_36' title="bbox 324 3385 1974 3457; baseline 0.001 -17"><span class='ocrx_word' id='word_1_240' title='bbox 324 3386 476 3457; x_wconf 89' lang='lat' dir='ltr'>quod</span> <span class='ocrx_word' id='word_1_241' title='bbox 511 3389 750 3440; x_wconf 88' lang='lat' dir='ltr'>acutum</span> <span class='ocrx_word' id='word_1_242' title='bbox 783 3385 987 3454; x_wconf 82' lang='lat' dir='ltr'>fuerat,</span> <span class='ocrx_word' id='word_1_243' title='bbox 1023 3387 1323 3440; x_wconf 82' lang='lat' dir='ltr'>hebetetur</span> <span class='ocrx_word' id='word_1_244' title='bbox 1355 3403 1369 3452; x_wconf 89' lang='lat'><strong>;</strong></span> <span class='ocrx_word' id='word_1_245' title='bbox 1405 3388 1588 3441; x_wconf 88' lang='lat' dir='ltr'>otium</span> <span class='ocrx_word' id='word_1_246' title='bbox 1616 3387 1769 3441; x_wconf 89' lang='lat' dir='ltr'>enim</span> <span class='ocrx_word' id='word_1_247' title='bbox 1797 3393 1854 3441; x_wconf 87' lang='lat' dir='ltr'>et</span> <span class='ocrx_word' id='word_1_248' title='bbox 1883 3389 1974 3442; x_wconf 89' lang='lat' dir='ltr'>de-</span> 
     </span>
    </p>
   </div>
   <div class='ocr_carea' id='block_1_37' title="bbox 326 3474 1974 3546">
    <p class='ocr_par' dir='ltr' id='par_1_37' title="bbox 326 3474 1974 3546">
     <span class='ocr_line' id='line_1_37' title="bbox 326 3474 1974 3546; baseline 0.001 -18"><span class='ocrx_word' id='word_1_249' title='bbox 326 3475 478 3529; x_wconf 86' lang='lat' dir='ltr'>sidia</span> <span class='ocrx_word' id='word_1_250' title='bbox 509 3474 678 3545; x_wconf 88' lang='lat' dir='ltr'>quasi</span> <span class='ocrx_word' id='word_1_251' title='bbox 708 3475 976 3545; x_wconf 63' lang='lat' dir='ltr'>quaedam</span> <span class='ocrx_word' id='word_1_252' title='bbox 1009 3475 1213 3546; x_wconf 75' lang='lat' dir='ltr'>rubigo</span> <span class='ocrx_word' id='word_1_253' title='bbox 1241 3475 1539 3546; x_wconf 66' lang='lat' dir='ltr'>sapientiae</span> <span class='ocrx_word' id='word_1_254' title='bbox 1569 3479 1674 3529; x_wconf 83' lang='lat' dir='ltr'>est.</span> <span class='ocrx_word' id='word_1_255' title='bbox 1705 3475 1762 3530; x_wconf 78' lang='lat' dir='ltr'>Si</span> <span class='ocrx_word' id='word_1_256' title='bbox 1796 3477 1974 3546; x_wconf 86' lang='lat' dir='ltr'>igitur</span> 
     </span>
    </p>
   </div>
   <div class='ocr_carea' id='block_1_38' title="bbox 327 3562 1972 3636">
    <p class='ocr_par' dir='ltr' id='par_1_38' title="bbox 327 3562 1972 3636">
     <span class='ocr_line' id='line_1_38' title="bbox 327 3562 1972 3636; baseline 0.001 -20"><span class='ocrx_word' id='word_1_257' title='bbox 327 3563 460 3634; x_wconf 87' lang='lat' dir='ltr'>quis</span> <span class='ocrx_word' id='word_1_258' title='bbox 515 3562 624 3616; x_wconf 89' lang='lat' dir='ltr'>hoc</span> <span class='ocrx_word' id='word_1_259' title='bbox 674 3579 888 3634; x_wconf 85' lang='lat' dir='ltr'>passus</span> <span class='ocrx_word' id='word_1_260' title='bbox 939 3563 1131 3632; x_wconf 81' lang='lat' dir='ltr'>fuerit,</span> <span class='ocrx_word' id='word_1_261' title='bbox 1185 3581 1293 3618; x_wconf 92' lang='lat' dir='ltr'>non</span> <span class='ocrx_word' id='word_1_262' title='bbox 1354 3565 1618 3636; x_wconf 87' lang='lat' dir='ltr'>desperet</span> <span class='ocrx_word' id='word_1_263' title='bbox 1651 3565 1972 3618; x_wconf 84' lang='lat' dir='ltr'>remedium</span> 
     </span>
    </p>
   </div>
   <div class='ocr_carea' id='block_1_39' title="bbox 327 3650 1972 3724">
    <p class='ocr_par' dir='ltr' id='par_1_39' title="bbox 327 3650 1972 3724">
     <span class='ocr_line' id='line_1_39' title="bbox 327 3650 1972 3724; baseline 0 -18"><span class='ocrx_word' id='word_1_264' title='bbox 327 3650 613 3719; x_wconf 84' lang='lat' dir='ltr'>srnitatis,</span> <span class='ocrx_word' id='word_1_265' title='bbox 649 3652 748 3706; x_wconf 86' lang='lat' dir='ltr'>sed</span> <span class='ocrx_word' id='word_1_266' title='bbox 783 3652 952 3705; x_wconf 83' lang='lat' dir='ltr'>vadat</span> <span class='ocrx_word' id='word_1_267' title='bbox 985 3652 1056 3706; x_wconf 86' lang='lat' dir='ltr'>ad</span> <span class='ocrx_word' id='word_1_268' title='bbox 1105 3652 1474 3724; x_wconf 79' lang='lat' dir='ltr'>magistrum,</span> <span class='ocrx_word' id='word_1_269' title='bbox 1525 3657 1580 3707; x_wconf 88' lang='lat' dir='ltr'>et</span> <span class='ocrx_word' id='word_1_270' title='bbox 1623 3670 1854 3706; x_wconf 81' lang='lat' dir='ltr'>rursum</span> <span class='ocrx_word' id='word_1_271' title='bbox 1887 3652 1972 3706; x_wconf 90' lang='lat' dir='ltr'>in-</span> 
     </span>
    </p>
   </div>
   <div class='ocr_carea' id='block_1_40' title="bbox 326 3741 1971 3812">
    <p class='ocr_par' dir='ltr' id='par_1_40' title="bbox 326 3741 1971 3812">
     <span class='ocr_line' id='line_1_40' title="bbox 326 3741 1971 3812; baseline -0.001 -16"><span class='ocrx_word' id='word_1_272' title='bbox 326 3747 592 3796; x_wconf 84' lang='lat' dir='ltr'>struatur</span> <span class='ocrx_word' id='word_1_273' title='bbox 643 3741 716 3796; x_wconf 89' lang='lat' dir='ltr'>ab</span> <span class='ocrx_word' id='word_1_274' title='bbox 773 3757 859 3808; x_wconf 91' lang='lat' dir='ltr'>eo,</span> <span class='ocrx_word' id='word_1_275' title='bbox 909 3745 964 3795; x_wconf 89' lang='lat' dir='ltr'>et</span> <span class='ocrx_word' id='word_1_276' title='bbox 1012 3746 1144 3812; x_wconf 89' lang='lat' dir='ltr'>post</span> <span class='ocrx_word' id='word_1_277' title='bbox 1197 3741 1452 3796; x_wconf 86' lang='lat' dir='ltr'>laborem</span> <span class='ocrx_word' id='word_1_278' title='bbox 1500 3747 1555 3795; x_wconf 85' lang='lat' dir='ltr'>et</span> <span class='ocrx_word' id='word_1_279' title='bbox 1599 3741 1971 3808; x_wconf 80' lang='lat' dir='ltr'>industriam,</span> 
     </span>
    </p>
   </div>
   <div class='ocr_carea' id='block_1_41' title="bbox 326 3830 1975 3902">
    <p class='ocr_par' dir='ltr' id='par_1_41' title="bbox 326 3830 1975 3902">
     <span class='ocr_line' id='line_1_41' title="bbox 326 3830 1975 3902; baseline -0.001 -17"><span class='ocrx_word' id='word_1_280' title='bbox 326 3831 720 3902; x_wconf 86' lang='lat' dir='ltr'>sudoremque</span> <span class='ocrx_word' id='word_1_281' title='bbox 753 3830 1023 3890; x_wconf 89' lang='lat' dir='ltr'>nimium,</span> <span class='ocrx_word' id='word_1_282' title='bbox 1069 3831 1282 3884; x_wconf 84' lang='lat' dir='ltr'>valebit</span> <span class='ocrx_word' id='word_1_283' title='bbox 1331 3831 1678 3902; x_wconf 87' lang='lat' dir='ltr'>sapientiam</span> <span class='ocrx_word' id='word_1_284' title='bbox 1721 3833 1975 3902; x_wconf 86' lang='lat' dir='ltr'>recipere</span> 
     </span>
    </p>
   </div>
   <div class='ocr_carea' id='block_1_42' title="bbox 325 3920 1974 3992">
    <p class='ocr_par' dir='ltr' id='par_1_42' title="bbox 325 3920 1974 3992">
     <span class='ocr_line' id='line_1_42' title="bbox 325 3920 1974 3992; baseline 0.001 -19"><span class='ocrx_word' id='word_1_285' title='bbox 325 3937 500 3992; x_wconf 89' lang='lat' dir='ltr'>quam</span> <span class='ocrx_word' id='word_1_286' title='bbox 530 3920 828 3975; x_wconf 88' lang='lat' dir='ltr'>amiserat.</span> <span class='ocrx_word' id='word_1_287' title='bbox 865 3920 980 3974; x_wconf 81' lang='lat' dir='ltr'>Hoc</span> <span class='ocrx_word' id='word_1_288' title='bbox 1028 3925 1133 3988; x_wconf 85' lang='lat' dir='ltr'>est,</span> <span class='ocrx_word' id='word_1_289' title='bbox 1169 3921 1322 3990; x_wconf 89' lang='lat' dir='ltr'>quod</span> <span class='ocrx_word' id='word_1_290' title='bbox 1377 3921 1433 3973; x_wconf 91' lang='lat' dir='ltr'>in</span> <span class='ocrx_word' id='word_1_291' title='bbox 1489 3921 1720 3974; x_wconf 68' lang='lat' dir='ltr'>Hebraeo</span> <span class='ocrx_word' id='word_1_292' title='bbox 1752 3921 1974 3990; x_wconf 82' lang='lat' dir='ltr'>signiti-</span> 
     </span>
    </p>
   </div>
   <div class='ocr_carea' id='block_1_43' title="bbox 323 4007 1974 4064">
    <p class='ocr_par' dir='ltr' id='par_1_43' title="bbox 323 4007 1974 4064">
     <span class='ocr_line' id='line_1_43' title="bbox 323 4007 1974 4064; baseline 0 0"><span class='ocrx_word' id='word_1_293' title='bbox 323 4007 553 4064; x_wconf 84' lang='lat' dir='ltr'>cantius</span> <span class='ocrx_word' id='word_1_294' title='bbox 584 4009 836 4064; x_wconf 87' lang='lat' dir='ltr'>dicitur:</span> <span class='ocrx_word' id='word_1_295' title='bbox 872 4032 898 4057; x_wconf 75' lang='grc' dir='ltr'><strong>ι(</strong></span> <span class='ocrx_word' id='word_1_296' title='bbox 955 4011 1020 4062; x_wconf 80' lang='lat' dir='ltr'>Et</span> <span class='ocrx_word' id='word_1_297' title='bbox 1069 4009 1517 4063; x_wconf 78' lang='lat' dir='ltr'>t&#39;ortitudinibus</span> <span class='ocrx_word' id='word_1_298' title='bbox 1573 4011 1974 4064; x_wconf 81' lang='lat' dir='ltr'>corroborabi-</span> 
     </span>
    </p>
   </div>
   <div class='ocr_carea' id='block_1_44' title="bbox 323 4097 1978 4168">
    <p class='ocr_par' dir='ltr' id='par_1_44' title="bbox 323 4097 1978 4168">
     <span class='ocr_line' id='line_1_44' title="bbox 323 4097 1978 4168; baseline 0.001 -16"><span class='ocrx_word' id='word_1_299' title='bbox 323 4103 438 4166; x_wconf 89' lang='lat' dir='ltr'>tur,</span> <span class='ocrx_word' id='word_1_300' title='bbox 481 4121 506 4145; x_wconf 93' lang='grc'><strong>››</strong></span> <span class='ocrx_word' id='word_1_301' title='bbox 545 4097 604 4152; x_wconf 90' lang='lat' dir='ltr'>id</span> <span class='ocrx_word' id='word_1_302' title='bbox 657 4103 766 4166; x_wconf 88' lang='lat' dir='ltr'>est,</span> <span class='ocrx_word' id='word_1_303' title='bbox 801 4097 1016 4166; x_wconf 85' lang='lat' dir='ltr'>labore,</span> <span class='ocrx_word' id='word_1_304' title='bbox 1068 4103 1124 4154; x_wconf 90' lang='lat' dir='ltr'>et</span> <span class='ocrx_word' id='word_1_305' title='bbox 1169 4099 1402 4166; x_wconf 84' lang='lat' dir='ltr'>sudore,</span> <span class='ocrx_word' id='word_1_306' title='bbox 1452 4105 1506 4152; x_wconf 87' lang='lat' dir='ltr'>et</span> <span class='ocrx_word' id='word_1_307' title='bbox 1557 4099 1867 4168; x_wconf 78' lang='lat' dir='ltr'>industria,</span> <span class='ocrx_word' id='word_1_308' title='bbox 1919 4105 1978 4153; x_wconf 86' lang='lat' dir='ltr'>et</span> 
     </span>
    </p>
   </div>
   <div class='ocr_carea' id='block_1_45' title="bbox 329 4185 1978 4259">
    <p class='ocr_par' dir='ltr' id='par_1_45' title="bbox 329 4185 1978 4259">
     <span class='ocr_line' id='line_1_45' title="bbox 329 4185 1978 4259; baseline 0.002 -20"><span class='ocrx_word' id='word_1_309' title='bbox 329 4186 676 4258; x_wconf 86' lang='lat' dir='ltr'>quotidiana</span> <span class='ocrx_word' id='word_1_310' title='bbox 734 4185 996 4258; x_wconf 81' lang='lat' dir='ltr'>lectione,</span> <span class='ocrx_word' id='word_1_311' title='bbox 1060 4187 1409 4258; x_wconf 86' lang='lat' dir='ltr'>sapientiam</span> <span class='ocrx_word' id='word_1_312' title='bbox 1469 4195 1876 4259; x_wconf 81' lang='lat' dir='ltr'>consequetur,</span> <span class='ocrx_word' id='word_1_313' title='bbox 1924 4197 1978 4242; x_wconf 89' lang='lat' dir='ltr'>et</span> 
     </span>
    </p>
   </div>
   <div class='ocr_carea' id='block_1_46' title="bbox 325 4273 1978 4348">
    <p class='ocr_par' dir='ltr' id='par_1_46' title="bbox 325 4273 1978 4348">
     <span class='ocr_line' id='line_1_46' title="bbox 325 4273 1978 4348; baseline 0.001 -20"><span class='ocrx_word' id='word_1_314' title='bbox 325 4275 608 4330; x_wconf 78' lang='lat' dir='ltr'>fortitudo</span> <span class='ocrx_word' id='word_1_315' title='bbox 659 4273 846 4346; x_wconf 88' lang='lat' dir='ltr'>ipsius</span> <span class='ocrx_word' id='word_1_316' title='bbox 897 4275 1134 4330; x_wconf 85' lang='lat' dir='ltr'>habebit</span> <span class='ocrx_word' id='word_1_317' title='bbox 1188 4275 1344 4330; x_wconf 86' lang='lat' dir='ltr'>hunc</span> <span class='ocrx_word' id='word_1_318' title='bbox 1397 4279 1592 4346; x_wconf 86' lang='lat' dir='ltr'>tinem,</span> <span class='ocrx_word' id='word_1_319' title='bbox 1629 4283 1688 4332; x_wconf 89' lang='lat' dir='ltr'>ut</span> <span class='ocrx_word' id='word_1_320' title='bbox 1733 4277 1978 4348; x_wconf 87' lang='lat' dir='ltr'>accipiat</span> 
     </span>
    </p>
   </div>
   <div class='ocr_carea' id='block_1_47' title="bbox 329 4363 704 4436">
    <p class='ocr_par' dir='ltr' id='par_1_47' title="bbox 329 4363 704 4436">
     <span class='ocr_line' id='line_1_47' title="bbox 329 4363 704 4436; baseline 0 -16"><span class='ocrx_word' id='word_1_321' title='bbox 329 4363 704 4436; x_wconf 84' lang='lat' dir='ltr'>sapientiam.</span> 
     </span>
    </p>
   </div>
   <div class='ocr_carea' id='block_1_48' title="bbox 409 4499 1978 4572">
    <p class='ocr_par' dir='ltr' id='par_1_48' title="bbox 409 4499 1978 4572">
     <span class='ocr_line' id='line_1_48' title="bbox 409 4499 1978 4572; baseline -0.003 -16"><span class='ocrx_word' id='word_1_322' title='bbox 409 4502 562 4556; x_wconf 63' lang='grc'>474</span> <span class='ocrx_word' id='word_1_323' title='bbox 592 4521 618 4548; x_wconf 88' lang='grc'>‹‹</span> <span class='ocrx_word' id='word_1_324' title='bbox 663 4499 721 4554; x_wconf 88' lang='lat' dir='ltr'>Si</span> <span class='ocrx_word' id='word_1_325' title='bbox 774 4501 1155 4556; x_wconf 88' lang='lat' dir='ltr'>momorderit</span> <span class='ocrx_word' id='word_1_326' title='bbox 1196 4517 1436 4572; x_wconf 88' lang='lat' dir='ltr'>serpens</span> <span class='ocrx_word' id='word_1_327' title='bbox 1483 4501 1540 4553; x_wconf 88' lang='lat' dir='ltr'>in</span> <span class='ocrx_word' id='word_1_328' title='bbox 1574 4499 1826 4562; x_wconf 87' lang='lat' dir='ltr'>silentio,</span> <span class='ocrx_word' id='word_1_329' title='bbox 1865 4517 1978 4553; x_wconf 90' lang='lat' dir='ltr'>non</span> 
     </span>
    </p>
   </div>
   <div class='ocr_carea' id='block_1_49' title="bbox 2097 580 3756 652">
    <p class='ocr_par' dir='ltr' id='par_1_49' title="bbox 2097 580 3756 652">
     <span class='ocr_line' id='line_1_49' title="bbox 2097 580 3756 652; baseline 0.002 -19"><span class='ocrx_word' id='word_1_330' title='bbox 2097 580 2252 634; x_wconf 89' lang='lat' dir='ltr'>enim</span> <span class='ocrx_word' id='word_1_331' title='bbox 2289 581 2488 652; x_wconf 87' lang='lat' dir='ltr'>lingua</span> <span class='ocrx_word' id='word_1_332' title='bbox 2521 580 2778 636; x_wconf 89' lang='lat' dir='ltr'>hominis</span> <span class='ocrx_word' id='word_1_333' title='bbox 2810 581 2878 636; x_wconf 92' lang='lat' dir='ltr'>ad</span> <span class='ocrx_word' id='word_1_334' title='bbox 2915 582 3370 638; x_wconf 87' lang='lat' dir='ltr'>benedicendum</span> <span class='ocrx_word' id='word_1_335' title='bbox 3404 587 3460 636; x_wconf 87' lang='lat' dir='ltr'>et</span> <span class='ocrx_word' id='word_1_336' title='bbox 3502 581 3574 636; x_wconf 84' lang='lat' dir='ltr'>ad</span> <span class='ocrx_word' id='word_1_337' title='bbox 3608 581 3756 636; x_wconf 66' lang='lat' dir='ltr'>aedi-</span> 
     </span>
    </p>
   </div>
   <div class='ocr_carea' id='block_1_50' title="bbox 2097 669 3754 742">
    <p class='ocr_par' dir='ltr' id='par_1_50' title="bbox 2097 669 3754 742">
     <span class='ocr_line' id='line_1_50' title="bbox 2097 669 3754 742; baseline 0.001 -19"><span class='ocrx_word' id='word_1_338' title='bbox 2097 669 2424 724; x_wconf 84' lang='lat' dir='ltr'>ticationem</span> <span class='ocrx_word' id='word_1_339' title='bbox 2477 671 2722 742; x_wconf 79' lang='lat' dir='ltr'>proximi</span> <span class='ocrx_word' id='word_1_340' title='bbox 2779 672 2854 726; x_wconf 89' lang='lat' dir='ltr'>sit</span> <span class='ocrx_word' id='word_1_341' title='bbox 2903 677 3116 736; x_wconf 86' lang='lat' dir='ltr'>creata,</span> <span class='ocrx_word' id='word_1_342' title='bbox 3171 671 3266 727; x_wconf 90' lang='lat' dir='ltr'>ille</span> <span class='ocrx_word' id='word_1_343' title='bbox 3311 689 3438 727; x_wconf 87' lang='lat' dir='ltr'>eam</span> <span class='ocrx_word' id='word_1_344' title='bbox 3487 669 3754 742; x_wconf 83' lang='lat' dir='ltr'>serpenti</span> 
     </span>
    </p>
   </div>
   <div class='ocr_carea' id='block_1_51' title="bbox 2093 759 3752 830">
    <p class='ocr_par' dir='ltr' id='par_1_51' title="bbox 2093 759 3752 830">
     <span class='ocr_line' id='line_1_51' title="bbox 2093 759 3752 830; baseline 0.001 -19"><span class='ocrx_word' id='word_1_345' title='bbox 2093 759 2374 828; x_wconf 70' lang='lat' dir='ltr'>aequalem</span> <span class='ocrx_word' id='word_1_346' title='bbox 2411 759 2564 828; x_wconf 84' lang='lat' dir='ltr'>facit,</span> <span class='ocrx_word' id='word_1_347' title='bbox 2599 759 2741 812; x_wconf 90' lang='lat' dir='ltr'>dum</span> <span class='ocrx_word' id='word_1_348' title='bbox 2775 759 3089 814; x_wconf 78' lang='lat' dir='ltr'>virtutibus</span> <span class='ocrx_word' id='word_1_349' title='bbox 3121 759 3250 828; x_wconf 76' lang='lat' dir='ltr'>eius</span> <span class='ocrx_word' id='word_1_350' title='bbox 3301 759 3360 813; x_wconf 89' lang='lat' dir='ltr'>in</span> <span class='ocrx_word' id='word_1_351' title='bbox 3407 774 3752 830; x_wconf 87' lang='lat' dir='ltr'>perversum</span> 
     </span>
    </p>
   </div>
   <div class='ocr_carea' id='block_1_52' title="bbox 2094 847 3756 919">
    <p class='ocr_par' dir='ltr' id='par_1_52' title="bbox 2094 847 3756 919">
     <span class='ocr_line' id='line_1_52' title="bbox 2094 847 3756 919; baseline 0 -17"><span class='ocrx_word' id='word_1_352' title='bbox 2094 847 2373 902; x_wconf 86' lang='lat' dir='ltr'>abutitur.</span> <span class='ocrx_word' id='word_1_353' title='bbox 2403 848 2616 902; x_wconf 86' lang='lat' dir='ltr'>Aliter:</span> <span class='ocrx_word' id='word_1_354' title='bbox 2651 849 2705 900; x_wconf 82' lang='lat' dir='ltr'>Si</span> <span class='ocrx_word' id='word_1_355' title='bbox 2740 865 2912 918; x_wconf 84' lang='lat' dir='ltr'>quem</span> <span class='ocrx_word' id='word_1_356' title='bbox 2948 865 3187 919; x_wconf 83' lang='lat' dir='ltr'>serpens</span> <span class='ocrx_word' id='word_1_357' title='bbox 3213 848 3476 902; x_wconf 80' lang='lat' dir='ltr'>diabolus</span> <span class='ocrx_word' id='word_1_358' title='bbox 3521 847 3756 902; x_wconf 83' lang='lat' dir='ltr'>occulte</span> 
     </span>
    </p>
   </div>
   <div class='ocr_carea' id='block_1_53' title="bbox 2093 937 3750 1008">
    <p class='ocr_par' dir='ltr' id='par_1_53' title="bbox 2093 937 3750 1008">
     <span class='ocr_line' id='line_1_53' title="bbox 2093 937 3750 1008; baseline 0.001 -18"><span class='ocrx_word' id='word_1_359' title='bbox 2093 937 2490 1006; x_wconf 88' lang='lat' dir='ltr'>momorderit,</span> <span class='ocrx_word' id='word_1_360' title='bbox 2525 941 2580 990; x_wconf 90' lang='lat' dir='ltr'>et</span> <span class='ocrx_word' id='word_1_361' title='bbox 2611 937 2770 991; x_wconf 87' lang='lat' dir='ltr'>nullo</span> <span class='ocrx_word' id='word_1_362' title='bbox 2800 939 3051 1003; x_wconf 89' lang='lat' dir='ltr'>conscio,</span> <span class='ocrx_word' id='word_1_363' title='bbox 3085 955 3217 992; x_wconf 88' lang='lat' dir='ltr'>eum</span> <span class='ocrx_word' id='word_1_364' title='bbox 3253 938 3472 1008; x_wconf 84' lang='lat' dir='ltr'>peccati</span> <span class='ocrx_word' id='word_1_365' title='bbox 3523 953 3750 992; x_wconf 84' lang='lat' dir='ltr'>veneno</span> 
     </span>
    </p>
   </div>
   <div class='ocr_carea' id='block_1_54' title="bbox 2091 1025 3750 1097">
    <p class='ocr_par' dir='ltr' id='par_1_54' title="bbox 2091 1025 3750 1097">
     <span class='ocr_line' id='line_1_54' title="bbox 2091 1025 3750 1097; baseline 0.001 -19"><span class='ocrx_word' id='word_1_366' title='bbox 2091 1025 2388 1084; x_wconf 87' lang='lat' dir='ltr'>infecerit;</span> <span class='ocrx_word' id='word_1_367' title='bbox 2427 1027 2470 1080; x_wconf 88' lang='lat' dir='ltr'>si</span> <span class='ocrx_word' id='word_1_368' title='bbox 2509 1027 2751 1081; x_wconf 88' lang='lat' dir='ltr'>tacuerit</span> <span class='ocrx_word' id='word_1_369' title='bbox 2782 1026 2881 1096; x_wconf 91' lang='lat' dir='ltr'>qui</span> <span class='ocrx_word' id='word_1_370' title='bbox 2913 1043 3228 1097; x_wconf 84' lang='lat' dir='ltr'>percussus</span> <span class='ocrx_word' id='word_1_371' title='bbox 3256 1031 3362 1086; x_wconf 83' lang='lat' dir='ltr'>est,</span> <span class='ocrx_word' id='word_1_372' title='bbox 3389 1031 3580 1080; x_wconf 85' lang='lat' dir='ltr'>etnon</span> <span class='ocrx_word' id='word_1_373' title='bbox 3611 1041 3750 1097; x_wconf 84' lang='lat' dir='ltr'>cge-</span> 
     </span>
    </p>
   </div>
   <div class='ocr_carea' id='block_1_55' title="bbox 2091 1114 3746 1186">
    <p class='ocr_par' dir='ltr' id='par_1_55' title="bbox 2091 1114 3746 1186">
     <span class='ocr_line' id='line_1_55' title="bbox 2091 1114 3746 1186; baseline -0.001 -18"><span class='ocrx_word' id='word_1_374' title='bbox 2091 1115 2166 1168; x_wconf 89' lang='lat' dir='ltr'>rit</span> <span class='ocrx_word' id='word_1_375' title='bbox 2197 1116 2620 1186; x_wconf 79' lang='lat' dir='ltr'>pcenitentiam,</span> <span class='ocrx_word' id='word_1_376' title='bbox 2657 1133 2758 1169; x_wconf 89' lang='lat' dir='ltr'>nee</span> <span class='ocrx_word' id='word_1_377' title='bbox 2809 1115 3019 1169; x_wconf 81' lang='lat' dir='ltr'>vulnus</span> <span class='ocrx_word' id='word_1_378' title='bbox 3063 1131 3238 1168; x_wconf 88' lang='lat' dir='ltr'>suum</span> <span class='ocrx_word' id='word_1_379' title='bbox 3275 1115 3436 1170; x_wconf 85' lang='lat' dir='ltr'>fratri</span> <span class='ocrx_word' id='word_1_380' title='bbox 3469 1120 3525 1169; x_wconf 87' lang='lat' dir='ltr'>et</span> <span class='ocrx_word' id='word_1_381' title='bbox 3555 1114 3746 1184; x_wconf 83' lang='lat' dir='ltr'>magi-</span> 
     </span>
    </p>
   </div>
   <div class='ocr_carea' id='block_1_56' title="bbox 2090 1202 3746 1273">
    <p class='ocr_par' dir='ltr' id='par_1_56' title="bbox 2090 1202 3746 1273">
     <span class='ocr_line' id='line_1_56' title="bbox 2090 1202 3746 1273; baseline -0.001 -15"><span class='ocrx_word' id='word_1_382' title='bbox 2090 1207 2208 1258; x_wconf 88' lang='lat' dir='ltr'>stro</span> <span class='ocrx_word' id='word_1_383' title='bbox 2278 1203 2524 1258; x_wconf 89' lang='lat' dir='ltr'>voluerit</span> <span class='ocrx_word' id='word_1_384' title='bbox 2580 1204 2862 1264; x_wconf 78' lang='lat' dir='ltr'>confiteri,</span> <span class='ocrx_word' id='word_1_385' title='bbox 2925 1204 3208 1273; x_wconf 83' lang='lat' dir='ltr'>magister</span> <span class='ocrx_word' id='word_1_386' title='bbox 3263 1207 3318 1257; x_wconf 91' lang='lat' dir='ltr'>et</span> <span class='ocrx_word' id='word_1_387' title='bbox 3386 1203 3580 1266; x_wconf 79' lang='lat' dir='ltr'>frater,</span> <span class='ocrx_word' id='word_1_388' title='bbox 3641 1202 3746 1273; x_wconf 85' lang='lat' dir='ltr'>qui</span> 
     </span>
    </p>
   </div>
   <div class='ocr_carea' id='block_1_57' title="bbox 2089 1291 3746 1364">
    <p class='ocr_par' dir='ltr' id='par_1_57' title="bbox 2089 1291 3746 1364">
     <span class='ocr_line' id='line_1_57' title="bbox 2089 1291 3746 1364; baseline 0.001 -17"><span class='ocrx_word' id='word_1_389' title='bbox 2089 1293 2350 1364; x_wconf 84' lang='lat' dir='ltr'>linguam</span> <span class='ocrx_word' id='word_1_390' title='bbox 2385 1293 2639 1347; x_wconf 71' lang='lat' dir='ltr'>habent‘</span> <span class='ocrx_word' id='word_1_391' title='bbox 2669 1294 2740 1346; x_wconf 88' lang='lat' dir='ltr'>ad</span> <span class='ocrx_word' id='word_1_392' title='bbox 2773 1293 3120 1354; x_wconf 89' lang='lat' dir='ltr'>curandum,</span> <span class='ocrx_word' id='word_1_393' title='bbox 3159 1293 3325 1347; x_wconf 81' lang='lat' dir='ltr'>facile</span> <span class='ocrx_word' id='word_1_394' title='bbox 3371 1291 3420 1346; x_wconf 88' lang='lat' dir='ltr'>ei</span> <span class='ocrx_word' id='word_1_395' title='bbox 3465 1292 3746 1363; x_wconf 85' lang='lat' dir='ltr'>prodesse</span> 
     </span>
    </p>
   </div>
   <div class='ocr_carea' id='block_1_58' title="bbox 2089 1381 3742 1453">
    <p class='ocr_par' dir='ltr' id='par_1_58' title="bbox 2089 1381 3742 1453">
     <span class='ocr_line' id='line_1_58' title="bbox 2089 1381 3742 1453; baseline 0 -18"><span class='ocrx_word' id='word_1_396' title='bbox 2089 1399 2202 1436; x_wconf 90' lang='lat' dir='ltr'>non</span> <span class='ocrx_word' id='word_1_397' title='bbox 2237 1387 2530 1452; x_wconf 81' lang='lat' dir='ltr'>poterunt.</span> <span class='ocrx_word' id='word_1_398' title='bbox 2566 1383 2622 1436; x_wconf 87' lang='lat' dir='ltr'>Si</span> <span class='ocrx_word' id='word_1_399' title='bbox 2657 1383 2810 1436; x_wconf 90' lang='lat' dir='ltr'>enim</span> <span class='ocrx_word' id='word_1_400' title='bbox 2865 1383 3170 1437; x_wconf 83' lang='lat' dir='ltr'>erubescat</span> <span class='ocrx_word' id='word_1_401' title='bbox 3213 1385 3483 1453; x_wconf 66' lang='lat' dir='ltr'>mgrotus,</span> <span class='ocrx_word' id='word_1_402' title='bbox 3525 1381 3742 1436; x_wconf 79' lang='lat' dir='ltr'>vulnus</span> 
     </span>
    </p>
   </div>
   <div class='ocr_carea' id='block_1_59' title="bbox 2087 1470 3738 1541">
    <p class='ocr_par' dir='ltr' id='par_1_59' title="bbox 2087 1470 3738 1541">
     <span class='ocr_line' id='line_1_59' title="bbox 2087 1470 3738 1541; baseline 0.001 -17"><span class='ocrx_word' id='word_1_403' title='bbox 2087 1470 2314 1526; x_wconf 87' lang='lat' dir='ltr'>medico</span> <span class='ocrx_word' id='word_1_404' title='bbox 2350 1471 2633 1541; x_wconf 77' lang='lat' dir='ltr'>confiteri,</span> <span class='ocrx_word' id='word_1_405' title='bbox 2660 1472 2815 1541; x_wconf 89' lang='lat' dir='ltr'>quod</span> <span class='ocrx_word' id='word_1_406' title='bbox 2847 1471 3076 1541; x_wconf 75' lang='lat' dir='ltr'>ignorat</span> <span class='ocrx_word' id='word_1_407' title='bbox 3099 1471 3388 1525; x_wconf 90' lang='lat' dir='ltr'>medicina</span> <span class='ocrx_word' id='word_1_408' title='bbox 3411 1488 3524 1525; x_wconf 91' lang='lat' dir='ltr'>non</span> <span class='ocrx_word' id='word_1_409' title='bbox 3549 1475 3738 1526; x_wconf 85' lang='lat' dir='ltr'>curat.</span> 
     </span>
    </p>
   </div>
   <div class='ocr_carea' id='block_1_60' title="bbox 2160 1559 3738 1631">
    <p class='ocr_par' dir='ltr' id='par_1_60' title="bbox 2160 1559 3738 1631">
     <span class='ocr_line' id='line_1_60' title="bbox 2160 1559 3738 1631; baseline 0.003 -19"><span class='ocrx_word' id='word_1_410' title='bbox 2160 1581 2187 1608; x_wconf 88' lang='grc'>‹‹</span> <span class='ocrx_word' id='word_1_411' title='bbox 2221 1561 2412 1614; x_wconf 82' lang='lat' dir='ltr'>Verba</span> <span class='ocrx_word' id='word_1_412' title='bbox 2437 1562 2554 1614; x_wconf 87' lang='lat' dir='ltr'>oris</span> <span class='ocrx_word' id='word_1_413' title='bbox 2588 1561 2869 1631; x_wconf 84' lang='lat' dir='ltr'>sapientis</span> <span class='ocrx_word' id='word_1_414' title='bbox 2901 1561 3108 1631; x_wconf 81' lang='lat' dir='ltr'>gratia,</span> <span class='ocrx_word' id='word_1_415' title='bbox 3133 1565 3190 1614; x_wconf 88' lang='lat' dir='ltr'>et</span> <span class='ocrx_word' id='word_1_416' title='bbox 3221 1559 3378 1614; x_wconf 85' lang='lat' dir='ltr'>labia</span> <span class='ocrx_word' id='word_1_417' title='bbox 3403 1559 3738 1630; x_wconf 73' lang='lat' dir='ltr'>insipientis</span> 
     </span>
    </p>
   </div>
   <div class='ocr_carea' id='block_1_61' title="bbox 2089 1648 3738 1720">
    <p class='ocr_par' dir='ltr' id='par_1_61' title="bbox 2089 1648 3738 1720">
     <span class='ocr_line' id='line_1_61' title="bbox 2089 1648 3738 1720; baseline 0 -18"><span class='ocrx_word' id='word_1_418' title='bbox 2089 1648 2536 1720; x_wconf 66' lang='lat' dir='ltr'>praecipitabant</span> <span class='ocrx_word' id='word_1_419' title='bbox 2580 1667 2734 1704; x_wconf 88' lang='lat' dir='ltr'>eum.</span> <span class='ocrx_word' id='word_1_420' title='bbox 2774 1673 2800 1696; x_wconf 84' lang='grc'><em>››</em></span> <span class='ocrx_word' id='word_1_421' title='bbox 2835 1650 3114 1714; x_wconf 74' lang='lat' dir='ltr'>Stultitia,</span> <span class='ocrx_word' id='word_1_422' title='bbox 3157 1649 3204 1704; x_wconf 89' lang='lat' dir='ltr'>si</span> <span class='ocrx_word' id='word_1_423' title='bbox 3239 1666 3347 1703; x_wconf 89' lang='lat' dir='ltr'>sua</span> <span class='ocrx_word' id='word_1_424' title='bbox 3377 1653 3532 1703; x_wconf 87' lang='lat' dir='ltr'>esset</span> <span class='ocrx_word' id='word_1_425' title='bbox 3561 1648 3738 1703; x_wconf 85' lang='lat' dir='ltr'>rusti-</span> 
     </span>
    </p>
   </div>
   <div class='ocr_carea' id='block_1_62' title="bbox 2085 1738 3738 1809">
    <p class='ocr_par' dir='ltr' id='par_1_62' title="bbox 2085 1738 3738 1809">
     <span class='ocr_line' id='line_1_62' title="bbox 2085 1738 3738 1809; baseline 0.001 -18"><span class='ocrx_word' id='word_1_426' title='bbox 2085 1739 2256 1792; x_wconf 85' lang='lat' dir='ltr'>citate</span> <span class='ocrx_word' id='word_1_427' title='bbox 2289 1744 2582 1808; x_wconf 88' lang='lat' dir='ltr'>contenta,</span> <span class='ocrx_word' id='word_1_428' title='bbox 2621 1738 2816 1792; x_wconf 85' lang='lat' dir='ltr'>minus</span> <span class='ocrx_word' id='word_1_429' title='bbox 2849 1739 3070 1809; x_wconf 88' lang='lat' dir='ltr'>aliquid</span> <span class='ocrx_word' id='word_1_430' title='bbox 3105 1739 3342 1793; x_wconf 86' lang='lat' dir='ltr'>haberet</span> <span class='ocrx_word' id='word_1_431' title='bbox 3383 1738 3542 1793; x_wconf 87' lang='lat' dir='ltr'>mali.</span> <span class='ocrx_word' id='word_1_432' title='bbox 3573 1739 3738 1793; x_wconf 81' lang='lat' dir='ltr'>Nunc</span> 
     </span>
    </p>
   </div>
   <div class='ocr_carea' id='block_1_63' title="bbox 2086 1825 3732 1898">
    <p class='ocr_par' dir='ltr' id='par_1_63' title="bbox 2086 1825 3732 1898">
     <span class='ocr_line' id='line_1_63' title="bbox 2086 1825 3732 1898; baseline -0.002 -16"><span class='ocrx_word' id='word_1_433' title='bbox 2086 1831 2282 1882; x_wconf 88' lang='lat' dir='ltr'>autem</span> <span class='ocrx_word' id='word_1_434' title='bbox 2311 1833 2512 1882; x_wconf 86' lang='lat' dir='ltr'>contra</span> <span class='ocrx_word' id='word_1_435' title='bbox 2543 1827 2892 1898; x_wconf 84' lang='lat' dir='ltr'>sapientiam</span> <span class='ocrx_word' id='word_1_436' title='bbox 2927 1827 3146 1882; x_wconf 88' lang='lat' dir='ltr'>bellum</span> <span class='ocrx_word' id='word_1_437' title='bbox 3181 1828 3346 1898; x_wconf 81' lang='lat' dir='ltr'>gerit,</span> <span class='ocrx_word' id='word_1_438' title='bbox 3373 1831 3429 1882; x_wconf 87' lang='lat' dir='ltr'>et</span> <span class='ocrx_word' id='word_1_439' title='bbox 3449 1825 3732 1898; x_wconf 89' lang='lat' dir='ltr'>quidquid</span> 
     </span>
    </p>
   </div>
   <div class='ocr_carea' id='block_1_64' title="bbox 2087 1913 3736 1988">
    <p class='ocr_par' dir='ltr' id='par_1_64' title="bbox 2087 1913 3736 1988">
     <span class='ocr_line' id='line_1_64' title="bbox 2087 1913 3736 1988; baseline -0.001 -18"><span class='ocrx_word' id='word_1_440' title='bbox 2087 1916 2406 1988; x_wconf 72' lang='lat' dir='ltr'>prudentia:</span> <span class='ocrx_word' id='word_1_441' title='bbox 2441 1917 2496 1969; x_wconf 89' lang='lat' dir='ltr'>in</span> <span class='ocrx_word' id='word_1_442' title='bbox 2555 1916 2723 1970; x_wconf 89' lang='lat' dir='ltr'>docto</span> <span class='ocrx_word' id='word_1_443' title='bbox 2783 1915 2905 1970; x_wconf 79' lang='lat' dir='ltr'>viro</span> <span class='ocrx_word' id='word_1_444' title='bbox 2963 1915 3169 1970; x_wconf 80' lang='lat' dir='ltr'>viderit</span> <span class='ocrx_word' id='word_1_445' title='bbox 3191 1917 3230 1981; x_wconf 71' lang='lat'>5,</span> <span class='ocrx_word' id='word_1_446' title='bbox 3289 1915 3408 1970; x_wconf 88' lang='lat' dir='ltr'>zelo</span> <span class='ocrx_word' id='word_1_447' title='bbox 3439 1913 3736 1970; x_wconf 82' lang='lat' dir='ltr'>stimulata</span> 
     </span>
    </p>
   </div>
   <div class='ocr_carea' id='block_1_65' title="bbox 2086 2004 3730 2076">
    <p class='ocr_par' dir='ltr' id='par_1_65' title="bbox 2086 2004 3730 2076">
     <span class='ocr_line' id='line_1_65' title="bbox 2086 2004 3730 2076; baseline -0.002 -16"><span class='ocrx_word' id='word_1_448' title='bbox 2086 2023 2199 2060; x_wconf 91' lang='lat' dir='ltr'>non</span> <span class='ocrx_word' id='word_1_449' title='bbox 2233 2005 2456 2076; x_wconf 88' lang='lat' dir='ltr'>recipit.</span> <span class='ocrx_word' id='word_1_450' title='bbox 2495 2006 2777 2075; x_wconf 82' lang='lat' dir='ltr'>Loquitur</span> <span class='ocrx_word' id='word_1_451' title='bbox 2801 2005 2956 2059; x_wconf 89' lang='lat' dir='ltr'>enim</span> <span class='ocrx_word' id='word_1_452' title='bbox 2991 2005 3077 2058; x_wconf 90' lang='lat' dir='ltr'>vir</span> <span class='ocrx_word' id='word_1_453' title='bbox 3101 2005 3333 2076; x_wconf 84' lang='lat' dir='ltr'>sapiens</span> <span class='ocrx_word' id='word_1_454' title='bbox 3358 2006 3528 2060; x_wconf 86' lang='lat' dir='ltr'>verba</span> <span class='ocrx_word' id='word_1_455' title='bbox 3551 2004 3730 2058; x_wconf 82' lang='lat' dir='ltr'>scien-</span> 
     </span>
    </p>
   </div>
   <div class='ocr_carea' id='block_1_66' title="bbox 2085 2093 3730 2165">
    <p class='ocr_par' dir='ltr' id='par_1_66' title="bbox 2085 2093 3730 2165">
     <span class='ocr_line' id='line_1_66' title="bbox 2085 2093 3730 2165; baseline 0.001 -18"><span class='ocrx_word' id='word_1_456' title='bbox 2085 2095 2196 2160; x_wconf 61' lang='lat' dir='ltr'>tia},</span> <span class='ocrx_word' id='word_1_457' title='bbox 2229 2099 2284 2148; x_wconf 85' lang='lat' dir='ltr'>et</span> <span class='ocrx_word' id='word_1_458' title='bbox 2316 2096 2484 2148; x_wconf 81' lang='lat' dir='ltr'>verba</span> <span class='ocrx_word' id='word_1_459' title='bbox 2518 2095 2736 2164; x_wconf 60' lang='lat' dir='ltr'>gratiae,</span> <span class='ocrx_word' id='word_1_460' title='bbox 2784 2111 2909 2165; x_wconf 75' lang='lat' dir='ltr'>qua:</span> <span class='ocrx_word' id='word_1_461' title='bbox 2961 2093 3271 2148; x_wconf 85' lang='lat' dir='ltr'>utilitatem</span> <span class='ocrx_word' id='word_1_462' title='bbox 3317 2097 3560 2165; x_wconf 90' lang='lat' dir='ltr'>possunt</span> <span class='ocrx_word' id='word_1_463' title='bbox 3587 2109 3730 2164; x_wconf 76' lang='lat' dir='ltr'>prae-</span> 
     </span>
    </p>
   </div>
   <div class='ocr_carea' id='block_1_67' title="bbox 2085 2182 3736 2253">
    <p class='ocr_par' dir='ltr' id='par_1_67' title="bbox 2085 2182 3736 2253">
     <span class='ocr_line' id='line_1_67' title="bbox 2085 2182 3736 2253; baseline -0.001 -14"><span class='ocrx_word' id='word_1_464' title='bbox 2085 2185 2220 2239; x_wconf 90' lang='lat' dir='ltr'>bere</span> <span class='ocrx_word' id='word_1_465' title='bbox 2253 2184 2656 2248; x_wconf 86' lang='lat' dir='ltr'>audientibus,</span> <span class='ocrx_word' id='word_1_466' title='bbox 2687 2189 2744 2238; x_wconf 91' lang='lat' dir='ltr'>et</span> <span class='ocrx_word' id='word_1_467' title='bbox 2774 2200 2947 2237; x_wconf 85' lang='lat' dir='ltr'>aures</span> <span class='ocrx_word' id='word_1_468' title='bbox 2981 2183 3142 2238; x_wconf 88' lang='lat' dir='ltr'>stulti</span> <span class='ocrx_word' id='word_1_469' title='bbox 3167 2201 3280 2238; x_wconf 90' lang='lat' dir='ltr'>non</span> <span class='ocrx_word' id='word_1_470' title='bbox 3307 2183 3383 2238; x_wconf 89' lang='lat' dir='ltr'>ita</span> <span class='ocrx_word' id='word_1_471' title='bbox 3407 2182 3736 2253; x_wconf 76' lang='lat' dir='ltr'>suscipiunt</span> 
     </span>
    </p>
   </div>
   <div class='ocr_carea' id='block_1_68' title="bbox 2086 2272 3734 2345">
    <p class='ocr_par' dir='ltr' id='par_1_68' title="bbox 2086 2272 3734 2345">
     <span class='ocr_line' id='line_1_68' title="bbox 2086 2272 3734 2345; baseline -0.001 -18"><span class='ocrx_word' id='word_1_472' title='bbox 2086 2291 2217 2345; x_wconf 70' lang='lat' dir='ltr'>quae</span> <span class='ocrx_word' id='word_1_473' title='bbox 2247 2274 2543 2342; x_wconf 86' lang='lat' dir='ltr'>dicuntur,</span> <span class='ocrx_word' id='word_1_474' title='bbox 2581 2278 2644 2326; x_wconf 90' lang='lat' dir='ltr'>ut</span> <span class='ocrx_word' id='word_1_475' title='bbox 2675 2273 2829 2327; x_wconf 88' lang='lat' dir='ltr'>dicta</span> <span class='ocrx_word' id='word_1_476' title='bbox 2877 2283 3051 2340; x_wconf 85' lang='lat' dir='ltr'>sunt;</span> <span class='ocrx_word' id='word_1_477' title='bbox 3103 2274 3203 2328; x_wconf 88' lang='lat' dir='ltr'>sed</span> <span class='ocrx_word' id='word_1_478' title='bbox 3249 2289 3278 2327; x_wconf 90' lang='lat' dir='ltr'>e</span> <span class='ocrx_word' id='word_1_479' title='bbox 3327 2272 3614 2327; x_wconf 85' lang='lat' dir='ltr'>contrario</span> <span class='ocrx_word' id='word_1_480' title='bbox 3645 2272 3734 2326; x_wconf 88' lang='lat' dir='ltr'>vi-</span> 
     </span>
    </p>
   </div>
   <div class='ocr_carea' id='block_1_69' title="bbox 2085 2359 3732 2434">
    <p class='ocr_par' dir='ltr' id='par_1_69' title="bbox 2085 2359 3732 2434">
     <span class='ocr_line' id='line_1_69' title="bbox 2085 2359 3732 2434; baseline -0.001 -18"><span class='ocrx_word' id='word_1_481' title='bbox 2085 2379 2218 2417; x_wconf 88' lang='lat' dir='ltr'>rum</span> <span class='ocrx_word' id='word_1_482' title='bbox 2253 2363 2598 2434; x_wconf 86' lang='lat' dir='ltr'>prudentem</span> <span class='ocrx_word' id='word_1_483' title='bbox 2634 2361 3012 2431; x_wconf 88' lang='lat' dir='ltr'>supplantare</span> <span class='ocrx_word' id='word_1_484' title='bbox 3039 2367 3343 2430; x_wconf 88' lang='lat' dir='ltr'>conantur,</span> <span class='ocrx_word' id='word_1_485' title='bbox 3369 2365 3426 2416; x_wconf 87' lang='lat' dir='ltr'>et</span> <span class='ocrx_word' id='word_1_486' title='bbox 3445 2363 3536 2416; x_wconf 90' lang='lat' dir='ltr'>sui</span> <span class='ocrx_word' id='word_1_487' title='bbox 3565 2359 3732 2416; x_wconf 86' lang='lat' dir='ltr'>simi-</span> 
     </span>
    </p>
   </div>
   <div class='ocr_carea' id='block_1_70' title="bbox 2085 2449 3730 2521">
    <p class='ocr_par' dir='ltr' id='par_1_70' title="bbox 2085 2449 3730 2521">
     <span class='ocr_line' id='line_1_70' title="bbox 2085 2449 3730 2521; baseline -0.001 -15"><span class='ocrx_word' id='word_1_488' title='bbox 2085 2451 2200 2507; x_wconf 87' lang='lat' dir='ltr'>lem</span> <span class='ocrx_word' id='word_1_489' title='bbox 2251 2453 2456 2506; x_wconf 87' lang='lat' dir='ltr'>l&#39;acere.</span> <span class='ocrx_word' id='word_1_490' title='bbox 2513 2452 2578 2504; x_wconf 80' lang='lat' dir='ltr'>Et</span> <span class='ocrx_word' id='word_1_491' title='bbox 2629 2467 2824 2505; x_wconf 80' lang='lat' dir='ltr'>revera</span> <span class='ocrx_word' id='word_1_492' title='bbox 2889 2450 3285 2521; x_wconf 69' lang='lat' dir='ltr'>praecipitatur</span> <span class='ocrx_word' id='word_1_493' title='bbox 3341 2449 3425 2504; x_wconf 87' lang='lat' dir='ltr'>vir</span> <span class='ocrx_word' id='word_1_494' title='bbox 3477 2450 3730 2521; x_wconf 87' lang='lat' dir='ltr'>sapiens,</span> 
     </span>
    </p>
   </div>
   <div class='ocr_carea' id='block_1_71' title="bbox 2087 2539 3734 2614">
    <p class='ocr_par' dir='ltr' id='par_1_71' title="bbox 2087 2539 3734 2614">
     <span class='ocr_line' id='line_1_71' title="bbox 2087 2539 3734 2614; baseline -0.002 -18"><span class='ocrx_word' id='word_1_495' title='bbox 2087 2541 2320 2614; x_wconf 89' lang='lat' dir='ltr'>quando</span> <span class='ocrx_word' id='word_1_496' title='bbox 2373 2541 2429 2594; x_wconf 92' lang='lat' dir='ltr'>in</span> <span class='ocrx_word' id='word_1_497' title='bbox 2479 2557 2676 2595; x_wconf 88' lang='lat' dir='ltr'>aurem</span> <span class='ocrx_word' id='word_1_498' title='bbox 2728 2539 2987 2610; x_wconf 89' lang='lat' dir='ltr'>loquitur</span> <span class='ocrx_word' id='word_1_499' title='bbox 3035 2539 3442 2611; x_wconf 81' lang='lat' dir='ltr'>imprudentis,</span> <span class='ocrx_word' id='word_1_500' title='bbox 3475 2543 3530 2594; x_wconf 86' lang='lat' dir='ltr'>et</span> <span class='ocrx_word' id='word_1_501' title='bbox 3559 2539 3734 2593; x_wconf 81' lang='lat' dir='ltr'>verba.</span> 
     </span>
    </p>
   </div>
   <div class='ocr_carea' id='block_1_72' title="bbox 2086 2629 3730 2702">
    <p class='ocr_par' dir='ltr' id='par_1_72' title="bbox 2086 2629 3730 2702">
     <span class='ocr_line' id='line_1_72' title="bbox 2086 2629 3730 2702; baseline -0.001 -18"><span class='ocrx_word' id='word_1_502' title='bbox 2086 2631 2296 2700; x_wconf 80' lang='lat' dir='ltr'>ejusin</span> <span class='ocrx_word' id='word_1_503' title='bbox 2331 2631 2640 2701; x_wconf 83' lang='lat' dir='ltr'>profundo,</span> <span class='ocrx_word' id='word_1_504' title='bbox 2697 2635 2760 2683; x_wconf 88' lang='lat' dir='ltr'>ut</span> <span class='ocrx_word' id='word_1_505' title='bbox 2813 2629 2894 2684; x_wconf 90' lang='lat' dir='ltr'>ita</span> <span class='ocrx_word' id='word_1_506' title='bbox 2942 2629 3153 2694; x_wconf 89' lang='lat' dir='ltr'>dicam,</span> <span class='ocrx_word' id='word_1_507' title='bbox 3207 2630 3436 2702; x_wconf 78' lang='lat' dir='ltr'>gurgite</span> <span class='ocrx_word' id='word_1_508' title='bbox 3469 2633 3730 2700; x_wconf 82' lang='lat' dir='ltr'>pereunt.</span> 
     </span>
    </p>
   </div>
   <div class='ocr_carea' id='block_1_73' title="bbox 2085 2717 3620 2789">
    <p class='ocr_par' dir='ltr' id='par_1_73' title="bbox 2085 2717 3620 2789">
     <span class='ocr_line' id='line_1_73' title="bbox 2085 2717 3620 2789; baseline -0.001 -16"><span class='ocrx_word' id='word_1_509' title='bbox 2085 2718 2246 2774; x_wconf 88' lang='lat' dir='ltr'>Unde</span> <span class='ocrx_word' id='word_1_510' title='bbox 2279 2720 2504 2788; x_wconf 83' lang='lat' dir='ltr'>beatus,</span> <span class='ocrx_word' id='word_1_511' title='bbox 2539 2717 2636 2788; x_wconf 86' lang='lat' dir='ltr'>qui</span> <span class='ocrx_word' id='word_1_512' title='bbox 2672 2718 2726 2771; x_wconf 92' lang='lat' dir='ltr'>in</span> <span class='ocrx_word' id='word_1_513' title='bbox 2762 2735 2960 2774; x_wconf 88' lang='lat' dir='ltr'>aurem</span> <span class='ocrx_word' id='word_1_514' title='bbox 2987 2717 3248 2789; x_wconf 89' lang='lat' dir='ltr'>loquitur</span> <span class='ocrx_word' id='word_1_515' title='bbox 3273 2717 3620 2773; x_wconf 69' lang='lat' dir='ltr'>audientis“.</span> 
     </span>
    </p>
   </div>
   <div class='ocr_carea' id='block_1_74' title="bbox 2156 2806 3730 2878">
    <p class='ocr_par' dir='ltr' id='par_1_74' title="bbox 2156 2806 3730 2878">
     <span class='ocr_line' id='line_1_74' title="bbox 2156 2806 3730 2878; baseline -0.001 -16"><span class='ocrx_word' id='word_1_516' title='bbox 2156 2832 2182 2856; x_wconf 84' lang='grc'>‹‹</span> <span class='ocrx_word' id='word_1_517' title='bbox 2219 2808 2454 2862; x_wconf 86' lang='lat' dir='ltr'>Initium</span> <span class='ocrx_word' id='word_1_518' title='bbox 2489 2808 2797 2862; x_wconf 87' lang='lat' dir='ltr'>verborum</span> <span class='ocrx_word' id='word_1_519' title='bbox 2841 2809 3008 2876; x_wconf 77' lang='lat' dir='ltr'>ejus&quot;</span> <span class='ocrx_word' id='word_1_520' title='bbox 3059 2807 3413 2878; x_wconf 87' lang='lat' dir='ltr'>insipientia,</span> <span class='ocrx_word' id='word_1_521' title='bbox 3447 2813 3504 2862; x_wconf 89' lang='lat' dir='ltr'>et</span> <span class='ocrx_word' id='word_1_522' title='bbox 3533 2806 3730 2861; x_wconf 84' lang='lat' dir='ltr'>novis-</span> 
     </span>
    </p>
   </div>
   <div class='ocr_carea' id='block_1_75' title="bbox 2086 2895 3730 2966">
    <p class='ocr_par' dir='ltr' id='par_1_75' title="bbox 2086 2895 3730 2966">
     <span class='ocr_line' id='line_1_75' title="bbox 2086 2895 3730 2966; baseline -0.001 -16"><span class='ocrx_word' id='word_1_523' title='bbox 2086 2898 2303 2951; x_wconf 89' lang='lat' dir='ltr'>simum</span> <span class='ocrx_word' id='word_1_524' title='bbox 2337 2897 2454 2950; x_wconf 89' lang='lat' dir='ltr'>oris</span> <span class='ocrx_word' id='word_1_525' title='bbox 2487 2898 2615 2964; x_wconf 84' lang='lat' dir='ltr'>ejus</span> <span class='ocrx_word' id='word_1_526' title='bbox 2646 2913 2807 2950; x_wconf 89' lang='lat' dir='ltr'>error</span> <span class='ocrx_word' id='word_1_527' title='bbox 2837 2895 3150 2966; x_wconf 84' lang='lat' dir='ltr'>pessimus.</span> <span class='ocrx_word' id='word_1_528' title='bbox 3181 2897 3248 2950; x_wconf 83' lang='lat' dir='ltr'>Et</span> <span class='ocrx_word' id='word_1_529' title='bbox 3281 2895 3494 2950; x_wconf 89' lang='lat' dir='ltr'>stultus</span> <span class='ocrx_word' id='word_1_530' title='bbox 3525 2895 3730 2950; x_wconf 89' lang='lat' dir='ltr'>multi-</span> 
     </span>
    </p>
   </div>
   <div class='ocr_carea' id='block_1_76' title="bbox 2085 2985 3728 3057">
    <p class='ocr_par' dir='ltr' id='par_1_76' title="bbox 2085 2985 3728 3057">
     <span class='ocr_line' id='line_1_76' title="bbox 2085 2985 3728 3057; baseline -0.001 -19"><span class='ocrx_word' id='word_1_531' title='bbox 2085 2985 2260 3057; x_wconf 87' lang='lat' dir='ltr'>plicat</span> <span class='ocrx_word' id='word_1_532' title='bbox 2291 2987 2482 3038; x_wconf 86' lang='lat' dir='ltr'>verba.</span> <span class='ocrx_word' id='word_1_533' title='bbox 2519 2985 2753 3054; x_wconf 81' lang='lat' dir='ltr'>Ignorat</span> <span class='ocrx_word' id='word_1_534' title='bbox 2785 2985 2958 3039; x_wconf 89' lang='lat' dir='ltr'>homo</span> <span class='ocrx_word' id='word_1_535' title='bbox 3003 2985 3142 3055; x_wconf 91' lang='lat' dir='ltr'>quid</span> <span class='ocrx_word' id='word_1_536' title='bbox 3195 2985 3291 3048; x_wconf 89' lang='lat' dir='ltr'>sit,</span> <span class='ocrx_word' id='word_1_537' title='bbox 3325 2985 3478 3054; x_wconf 89' lang='lat' dir='ltr'>quod</span> <span class='ocrx_word' id='word_1_538' title='bbox 3513 2986 3728 3038; x_wconf 85' lang='lat' dir='ltr'>factum</span> 
     </span>
    </p>
   </div>
   <div class='ocr_carea' id='block_1_77' title="bbox 2083 3073 3727 3144">
    <p class='ocr_par' dir='ltr' id='par_1_77' title="bbox 2083 3073 3727 3144">
     <span class='ocr_line' id='line_1_77' title="bbox 2083 3073 3727 3144; baseline -0.001 -16"><span class='ocrx_word' id='word_1_539' title='bbox 2083 3081 2206 3130; x_wconf 87' lang='lat' dir='ltr'>est:</span> <span class='ocrx_word' id='word_1_540' title='bbox 2243 3081 2296 3128; x_wconf 87' lang='lat' dir='ltr'>et</span> <span class='ocrx_word' id='word_1_541' title='bbox 2331 3074 2484 3143; x_wconf 84' lang='lat' dir='ltr'>quod</span> <span class='ocrx_word' id='word_1_542' title='bbox 2521 3076 2782 3127; x_wconf 83' lang='lat' dir='ltr'>futurum</span> <span class='ocrx_word' id='word_1_543' title='bbox 2835 3079 2922 3128; x_wconf 85' lang='lat' dir='ltr'>est</span> <span class='ocrx_word' id='word_1_544' title='bbox 2969 3079 3100 3144; x_wconf 87' lang='lat' dir='ltr'>post</span> <span class='ocrx_word' id='word_1_545' title='bbox 3147 3090 3304 3138; x_wconf 88' lang='lat' dir='ltr'>cum,</span> <span class='ocrx_word' id='word_1_546' title='bbox 3338 3073 3469 3142; x_wconf 89' lang='lat' dir='ltr'>quis</span> <span class='ocrx_word' id='word_1_547' title='bbox 3501 3090 3727 3126; x_wconf 84' lang='lat' dir='ltr'>annun-</span> 
     </span>
    </p>
   </div>
   <div class='ocr_carea' id='block_1_78' title="bbox 2087 3162 3728 3232">
    <p class='ocr_par' dir='ltr' id='par_1_78' title="bbox 2087 3162 3728 3232">
     <span class='ocr_line' id='line_1_78' title="bbox 2087 3162 3728 3232; baseline -0.001 -15"><span class='ocrx_word' id='word_1_548' title='bbox 2087 3163 2250 3217; x_wconf 84' lang='lat' dir='ltr'>tiabit</span> <span class='ocrx_word' id='word_1_549' title='bbox 2281 3165 2328 3216; x_wconf 86' lang='lat' dir='ltr'>ei</span> <span class='ocrx_word' id='word_1_550' title='bbox 2353 3165 2378 3216; x_wconf 71' lang='lat'>‘1</span> <span class='ocrx_word' id='word_1_551' title='bbox 2413 3187 2438 3211; x_wconf 86' lang='grc'><strong><em>››</em></strong></span> <span class='ocrx_word' id='word_1_552' title='bbox 2470 3164 2672 3216; x_wconf 79' lang='lat' dir='ltr'>Adhuc</span> <span class='ocrx_word' id='word_1_553' title='bbox 2697 3164 2746 3217; x_wconf 88' lang='lat' dir='ltr'>ei</span> <span class='ocrx_word' id='word_1_554' title='bbox 2769 3164 2839 3217; x_wconf 85' lang='lat' dir='ltr'>de</span> <span class='ocrx_word' id='word_1_555' title='bbox 2866 3163 3047 3217; x_wconf 90' lang='lat' dir='ltr'>stulto</span> <span class='ocrx_word' id='word_1_556' title='bbox 3070 3162 3391 3232; x_wconf 86' lang='lat' dir='ltr'>disputatio</span> <span class='ocrx_word' id='word_1_557' title='bbox 3418 3167 3524 3231; x_wconf 83' lang='lat' dir='ltr'>est,</span> <span class='ocrx_word' id='word_1_558' title='bbox 3557 3162 3728 3231; x_wconf 83' lang='lat' dir='ltr'>cujus</span> 
     </span>
    </p>
   </div>
   <div class='ocr_carea' id='block_1_79' title="bbox 2004 3242 3728 3324">
    <p class='ocr_par' dir='ltr' id='par_1_79' title="bbox 2004 3242 3728 3324">
     <span class='ocr_line' id='line_1_79' title="bbox 2004 3242 3728 3324; baseline -0.002 -16"><span class='ocrx_word' id='word_1_559' title='bbox 2004 3242 2046 3307; x_wconf 85' lang='lat' dir='ltr'>C</span> <span class='ocrx_word' id='word_1_560' title='bbox 2085 3254 2241 3308; x_wconf 88' lang='lat' dir='ltr'>labia</span> <span class='ocrx_word' id='word_1_561' title='bbox 2272 3253 2636 3324; x_wconf 63' lang='lat' dir='ltr'>praecipitant</span> <span class='ocrx_word' id='word_1_562' title='bbox 2671 3253 3014 3323; x_wconf 85' lang='lat' dir='ltr'>sapientem,</span> <span class='ocrx_word' id='word_1_563' title='bbox 3068 3251 3185 3306; x_wconf 83' lang='lat' dir='ltr'>sive</span> <span class='ocrx_word' id='word_1_564' title='bbox 3220 3251 3388 3322; x_wconf 80' lang='lat' dir='ltr'>juxta</span> <span class='ocrx_word' id='word_1_565' title='bbox 3427 3251 3598 3306; x_wconf 86' lang='lat' dir='ltr'>aliam</span> <span class='ocrx_word' id='word_1_566' title='bbox 3639 3251 3728 3304; x_wconf 89' lang='lat' dir='ltr'>in—</span> 
     </span>
    </p>
   </div>
   <div class='ocr_carea' id='block_1_80' title="bbox 2085 3339 3730 3414">
    <p class='ocr_par' dir='ltr' id='par_1_80' title="bbox 2085 3339 3730 3414">
     <span class='ocr_line' id='line_1_80' title="bbox 2085 3339 3730 3414; baseline -0.001 -18"><span class='ocrx_word' id='word_1_567' title='bbox 2085 3339 2576 3414; x_wconf 68' lang='lat' dir='ltr'>terpretatiLmem,</span> <span class='ocrx_word' id='word_1_568' title='bbox 2631 3341 2874 3396; x_wconf 87' lang='lat' dir='ltr'>stultum</span> <span class='ocrx_word' id='word_1_569' title='bbox 2933 3341 3126 3412; x_wconf 89' lang='lat' dir='ltr'>ipsum</span> <span class='ocrx_word' id='word_1_570' title='bbox 3180 3357 3446 3395; x_wconf 80' lang='lat' dir='ltr'>corruere</span> <span class='ocrx_word' id='word_1_571' title='bbox 3487 3341 3730 3395; x_wconf 86' lang='lat' dir='ltr'>faciunt.</span> 
     </span>
    </p>
   </div>
   <div class='ocr_carea' id='block_1_81' title="bbox 2083 3429 3736 3500">
    <p class='ocr_par' dir='ltr' id='par_1_81' title="bbox 2083 3429 3736 3500">
     <span class='ocr_line' id='line_1_81' title="bbox 2083 3429 3736 3500; baseline -0.003 -12"><span class='ocrx_word' id='word_1_572' title='bbox 2083 3433 2318 3488; x_wconf 85' lang='lat' dir='ltr'>Initium</span> <span class='ocrx_word' id='word_1_573' title='bbox 2352 3432 2504 3486; x_wconf 81' lang='lat' dir='ltr'>enim</span> <span class='ocrx_word' id='word_1_574' title='bbox 2542 3430 2828 3485; x_wconf 86' lang='lat' dir='ltr'>sermonis</span> <span class='ocrx_word' id='word_1_575' title='bbox 2861 3431 3008 3500; x_wconf 83' lang='lat' dir='ltr'>ejus,</span> <span class='ocrx_word' id='word_1_576' title='bbox 3046 3435 3100 3484; x_wconf 89' lang='lat' dir='ltr'>et</span> <span class='ocrx_word' id='word_1_577' title='bbox 3131 3430 3262 3484; x_wconf 83' lang='lat' dir='ltr'>finis</span> <span class='ocrx_word' id='word_1_578' title='bbox 3287 3429 3535 3484; x_wconf 85' lang='lat' dir='ltr'>stultitia</span> <span class='ocrx_word' id='word_1_579' title='bbox 3555 3433 3642 3484; x_wconf 88' lang='lat' dir='ltr'>est</span> <span class='ocrx_word' id='word_1_580' title='bbox 3675 3433 3736 3483; x_wconf 86' lang='lat' dir='ltr'>et</span> 
     </span>
    </p>
   </div>
   <div class='ocr_carea' id='block_1_82' title="bbox 2083 3517 3729 3592">
    <p class='ocr_par' dir='ltr' id='par_1_82' title="bbox 2083 3517 3729 3592">
     <span class='ocr_line' id='line_1_82' title="bbox 2083 3517 3729 3592; baseline -0.003 -16"><span class='ocrx_word' id='word_1_581' title='bbox 2083 3539 2242 3576; x_wconf 89' lang='lat' dir='ltr'>error</span> <span class='ocrx_word' id='word_1_582' title='bbox 2271 3521 2606 3592; x_wconf 86' lang='lat' dir='ltr'>pessimus;</span> <span class='ocrx_word' id='word_1_583' title='bbox 2641 3521 2779 3583; x_wconf 83' lang='lat' dir='ltr'>sive,</span> <span class='ocrx_word' id='word_1_584' title='bbox 2843 3525 2906 3574; x_wconf 88' lang='lat' dir='ltr'>ut</span> <span class='ocrx_word' id='word_1_585' title='bbox 2963 3519 3352 3590; x_wconf 80' lang='lat' dir='ltr'>Symmachus</span> <span class='ocrx_word' id='word_1_586' title='bbox 3409 3517 3729 3588; x_wconf 86' lang='lat' dir='ltr'>transtulit,</span> 
     </span>
    </p>
   </div>
   <div class='ocr_carea' id='block_1_83' title="bbox 2084 3607 3730 3679">
    <p class='ocr_par' dir='ltr' id='par_1_83' title="bbox 2084 3607 3730 3679">
     <span class='ocr_line' id='line_1_83' title="bbox 2084 3607 3730 3679; baseline -0.002 -19"><span class='ocrx_word' id='word_1_587' title='bbox 2084 3633 2112 3660; x_wconf 91' lang='grc'>‹‹</span> <span class='ocrx_word' id='word_1_588' title='bbox 2147 3610 2453 3672; x_wconf 82' lang='lat' dir='ltr'>tumultus,</span> <span class='ocrx_word' id='word_1_589' title='bbox 2491 3615 2549 3663; x_wconf 87' lang='lat' dir='ltr'>et</span> <span class='ocrx_word' id='word_1_590' title='bbox 2579 3611 2846 3679; x_wconf 61' lang='lat' dir='ltr'>quau-lam</span> <span class='ocrx_word' id='word_1_591' title='bbox 2879 3609 3184 3663; x_wconf 87' lang='lat' dir='ltr'>verborum</span> <span class='ocrx_word' id='word_1_592' title='bbox 3236 3607 3662 3672; x_wconf 85' lang='lat' dir='ltr'>inconstantia;</span> <span class='ocrx_word' id='word_1_593' title='bbox 3701 3629 3730 3656; x_wconf 70' lang='grc' dir='ltr'>υ</span> 
     </span>
    </p>
   </div>
   <div class='ocr_carea' id='block_1_84' title="bbox 2083 3697 3730 3767">
    <p class='ocr_par' dir='ltr' id='par_1_84' title="bbox 2083 3697 3730 3767">
     <span class='ocr_line' id='line_1_84' title="bbox 2083 3697 3730 3767; baseline -0.002 -13"><span class='ocrx_word' id='word_1_594' title='bbox 2083 3700 2224 3754; x_wconf 90' lang='lat' dir='ltr'>dum</span> <span class='ocrx_word' id='word_1_595' title='bbox 2257 3717 2371 3753; x_wconf 87' lang='lat' dir='ltr'>non</span> <span class='ocrx_word' id='word_1_596' title='bbox 2407 3704 2603 3752; x_wconf 89' lang='lat' dir='ltr'>manet</span> <span class='ocrx_word' id='word_1_597' title='bbox 2651 3699 2707 3752; x_wconf 92' lang='lat' dir='ltr'>in</span> <span class='ocrx_word' id='word_1_598' title='bbox 2761 3699 2914 3753; x_wconf 68' lang='grc' dir='ltr'>ιιῖῦ</span> <span class='ocrx_word' id='word_1_599' title='bbox 2967 3698 3273 3766; x_wconf 88' lang='lat' dir='ltr'>sententia,</span> <span class='ocrx_word' id='word_1_600' title='bbox 3324 3697 3424 3752; x_wconf 87' lang='lat' dir='ltr'>sed</span> <span class='ocrx_word' id='word_1_601' title='bbox 3471 3701 3637 3767; x_wconf 85' lang='lat' dir='ltr'>putat</span> <span class='ocrx_word' id='word_1_602' title='bbox 3667 3697 3730 3750; x_wconf 89' lang='lat' dir='ltr'>in</span> 
     </span>
    </p>
   </div>
   <div class='ocr_carea' id='block_1_85' title="bbox 2085 3787 3730 3859">
    <p class='ocr_par' dir='ltr' id='par_1_85' title="bbox 2085 3787 3730 3859">
     <span class='ocr_line' id='line_1_85' title="bbox 2085 3787 3730 3859; baseline -0.002 -17"><span class='ocrx_word' id='word_1_603' title='bbox 2085 3787 2568 3859; x_wconf 78' lang='lat' dir='ltr'>multiplicatione</span> <span class='ocrx_word' id='word_1_604' title='bbox 2617 3805 2954 3842; x_wconf 87' lang='lat' dir='ltr'>sermonum</span> <span class='ocrx_word' id='word_1_605' title='bbox 3003 3787 3254 3856; x_wconf 74' lang='lat' dir='ltr'>elfugere</span> <span class='ocrx_word' id='word_1_606' title='bbox 3303 3803 3366 3842; x_wconf 91' lang='lat' dir='ltr'>se</span> <span class='ocrx_word' id='word_1_607' title='bbox 3395 3803 3562 3857; x_wconf 84' lang='lat' dir='ltr'>posse</span> <span class='ocrx_word' id='word_1_608' title='bbox 3595 3803 3730 3855; x_wconf 89' lang='lat' dir='ltr'>pec—</span> 
     </span>
    </p>
   </div>
   <div class='ocr_carea' id='block_1_86' title="bbox 2084 3876 3724 3947">
    <p class='ocr_par' dir='ltr' id='par_1_86' title="bbox 2084 3876 3724 3947">
     <span class='ocr_line' id='line_1_86' title="bbox 2084 3876 3724 3947; baseline -0.004 -13"><span class='ocrx_word' id='word_1_609' title='bbox 2084 3883 2300 3934; x_wconf 88' lang='lat' dir='ltr'>catum.</span> <span class='ocrx_word' id='word_1_610' title='bbox 2335 3882 2475 3931; x_wconf 80' lang='lat' dir='ltr'>Cum</span> <span class='ocrx_word' id='word_1_611' title='bbox 2530 3877 2686 3931; x_wconf 91' lang='lat' dir='ltr'>enim</span> <span class='ocrx_word' id='word_1_612' title='bbox 2740 3893 2842 3930; x_wconf 89' lang='lat' dir='ltr'>nec</span> <span class='ocrx_word' id='word_1_613' title='bbox 2894 3877 3318 3947; x_wconf 66' lang='lat' dir='ltr'>praeteritorum</span> <span class='ocrx_word' id='word_1_614' title='bbox 3369 3876 3724 3944; x_wconf 85' lang='lat' dir='ltr'>meminerit,</span> 
     </span>
    </p>
   </div>
   <div class='ocr_carea' id='block_1_87' title="bbox 2086 3964 3728 4036">
    <p class='ocr_par' dir='ltr' id='par_1_87' title="bbox 2086 3964 3728 4036">
     <span class='ocr_line' id='line_1_87' title="bbox 2086 3964 3728 4036; baseline -0.002 -14"><span class='ocrx_word' id='word_1_615' title='bbox 2086 3985 2188 4022; x_wconf 91' lang='lat' dir='ltr'>nec</span> <span class='ocrx_word' id='word_1_616' title='bbox 2221 3968 2415 4022; x_wconf 76' lang='lat' dir='ltr'>futura</span> <span class='ocrx_word' id='word_1_617' title='bbox 2456 3971 2788 4036; x_wconf 54' lang='lat' dir='ltr'>cogi‘ioscat,</span> <span class='ocrx_word' id='word_1_618' title='bbox 2822 3971 2874 4020; x_wconf 88' lang='lat' dir='ltr'>et</span> <span class='ocrx_word' id='word_1_619' title='bbox 2919 3967 2972 4019; x_wconf 88' lang='lat' dir='ltr'>iu</span> <span class='ocrx_word' id='word_1_620' title='bbox 3027 3964 3353 4036; x_wconf 68' lang='lat' dir='ltr'>ignorantia</span> <span class='ocrx_word' id='word_1_621' title='bbox 3385 3969 3441 4018; x_wconf 88' lang='lat' dir='ltr'>et</span> <span class='ocrx_word' id='word_1_622' title='bbox 3473 3964 3728 4019; x_wconf 74' lang='lat' dir='ltr'>tenebris</span> 
     </span>
    </p>
   </div>
   <div class='ocr_carea' id='block_1_88' title="bbox 2084 4053 3726 4126">
    <p class='ocr_par' dir='ltr' id='par_1_88' title="bbox 2084 4053 3726 4126">
     <span class='ocr_line' id='line_1_88' title="bbox 2084 4053 3726 4126; baseline -0.002 -15"><span class='ocrx_word' id='word_1_623' title='bbox 2084 4056 2394 4118; x_wconf 83' lang='lat' dir='ltr'>volutetur,</span> <span class='ocrx_word' id='word_1_624' title='bbox 2434 4055 2637 4108; x_wconf 66' lang='lat' dir='ltr'>falsam</span> <span class='ocrx_word' id='word_1_625' title='bbox 2673 4055 2782 4108; x_wconf 77' lang='lat' dir='ltr'>sibi</span> <span class='ocrx_word' id='word_1_626' title='bbox 2817 4055 3116 4109; x_wconf 82' lang='lat' dir='ltr'>scientiam</span> <span class='ocrx_word' id='word_1_627' title='bbox 3152 4053 3598 4126; x_wconf 54' lang='lat' dir='ltr'>repromittens“</span> <span class='ocrx_word' id='word_1_628' title='bbox 3626 4070 3637 4120; x_wconf 84' lang='lat'><strong>;</strong></span> <span class='ocrx_word' id='word_1_629' title='bbox 3665 4053 3726 4107; x_wconf 89' lang='lat' dir='ltr'>in</span> 
     </span>
    </p>
   </div>
   <div class='ocr_carea' id='block_1_89' title="bbox 2086 4141 3738 4214">
    <p class='ocr_par' dir='ltr' id='par_1_89' title="bbox 2086 4141 3738 4214">
     <span class='ocr_line' id='line_1_89' title="bbox 2086 4141 3738 4214; baseline -0.003 -13"><span class='ocrx_word' id='word_1_630' title='bbox 2086 4164 2149 4201; x_wconf 87' lang='lat' dir='ltr'>eo</span> <span class='ocrx_word' id='word_1_631' title='bbox 2182 4147 2439 4210; x_wconf 89' lang='lat' dir='ltr'>doctum,</span> <span class='ocrx_word' id='word_1_632' title='bbox 2479 4144 2533 4198; x_wconf 90' lang='lat' dir='ltr'>in</span> <span class='ocrx_word' id='word_1_633' title='bbox 2567 4161 2632 4198; x_wconf 89' lang='lat' dir='ltr'>eo</span> <span class='ocrx_word' id='word_1_634' title='bbox 2667 4162 2726 4198; x_wconf 83' lang='lat' dir='ltr'>se</span> <span class='ocrx_word' id='word_1_635' title='bbox 2757 4147 2923 4214; x_wconf 86' lang='lat' dir='ltr'>putat</span> <span class='ocrx_word' id='word_1_636' title='bbox 2955 4159 3080 4198; x_wconf 79' lang='lat' dir='ltr'>esse</span> <span class='ocrx_word' id='word_1_637' title='bbox 3111 4142 3454 4213; x_wconf 87' lang='lat' dir='ltr'>sapientem,</span> <span class='ocrx_word' id='word_1_638' title='bbox 3481 4141 3527 4196; x_wconf 89' lang='lat' dir='ltr'>si</span> <span class='ocrx_word' id='word_1_639' title='bbox 3559 4142 3738 4196; x_wconf 77' lang='lat' dir='ltr'>verba</span> 
     </span>
    </p>
   </div>
   <div class='ocr_carea' id='block_1_90' title="bbox 2086 4230 3740 4306">
    <p class='ocr_par' dir='ltr' id='par_1_90' title="bbox 2086 4230 3740 4306">
     <span class='ocr_line' id='line_1_90' title="bbox 2086 4230 3740 4306; baseline -0.004 -16"><span class='ocrx_word' id='word_1_640' title='bbox 2086 4233 2453 4306; x_wconf 76' lang='lat' dir='ltr'>multiplicet.</span> <span class='ocrx_word' id='word_1_641' title='bbox 2489 4236 2683 4288; x_wconf 88' lang='lat' dir='ltr'>Potest</span> <span class='ocrx_word' id='word_1_642' title='bbox 2727 4233 2832 4287; x_wconf 91' lang='lat' dir='ltr'>hoc</span> <span class='ocrx_word' id='word_1_643' title='bbox 2864 4235 2920 4287; x_wconf 85' lang='lat' dir='ltr'>et</span> <span class='ocrx_word' id='word_1_644' title='bbox 2952 4233 3021 4286; x_wconf 86' lang='lat' dir='ltr'>de</span> <span class='ocrx_word' id='word_1_645' title='bbox 3071 4231 3356 4286; x_wconf 64' lang='lat' dir='ltr'>haereticis</span> <span class='ocrx_word' id='word_1_646' title='bbox 3400 4230 3602 4301; x_wconf 86' lang='lat' dir='ltr'>accipi,</span> <span class='ocrx_word' id='word_1_647' title='bbox 3637 4231 3740 4302; x_wconf 88' lang='lat' dir='ltr'>qui</span> 
     </span>
    </p>
   </div>
   <div class='ocr_carea' id='block_1_91' title="bbox 2086 4321 3738 4396">
    <p class='ocr_par' dir='ltr' id='par_1_91' title="bbox 2086 4321 3738 4396">
     <span class='ocr_line' id='line_1_91' title="bbox 2086 4321 3738 4396; baseline -0.003 -17"><span class='ocrx_word' id='word_1_648' title='bbox 2086 4325 2464 4396; x_wconf 88' lang='lat' dir='ltr'>prudentium</span> <span class='ocrx_word' id='word_1_649' title='bbox 2497 4323 2753 4376; x_wconf 87' lang='lat' dir='ltr'>virorum</span> <span class='ocrx_word' id='word_1_650' title='bbox 2788 4322 2940 4376; x_wconf 88' lang='lat' dir='ltr'>dicta</span> <span class='ocrx_word' id='word_1_651' title='bbox 2973 4337 3084 4376; x_wconf 90' lang='lat' dir='ltr'>non</span> <span class='ocrx_word' id='word_1_652' title='bbox 3129 4322 3404 4392; x_wconf 86' lang='lat' dir='ltr'>capiunt;</span> <span class='ocrx_word' id='word_1_653' title='bbox 3440 4321 3536 4374; x_wconf 91' lang='lat' dir='ltr'>sed</span> <span class='ocrx_word' id='word_1_654' title='bbox 3571 4336 3634 4374; x_wconf 89' lang='lat' dir='ltr'>se</span> <span class='ocrx_word' id='word_1_655' title='bbox 3662 4321 3738 4374; x_wconf 88' lang='lat' dir='ltr'>ad</span> 
     </span>
    </p>
   </div>
   <div class='ocr_carea' id='block_1_92' title="bbox 2087 4408 3748 4483">
    <p class='ocr_par' dir='ltr' id='par_1_92' title="bbox 2087 4408 3748 4483">
     <span class='ocr_line' id='line_1_92' title="bbox 2087 4408 3748 4483; baseline -0.002 -17"><span class='ocrx_word' id='word_1_656' title='bbox 2087 4413 2518 4483; x_wconf 85' lang='lat' dir='ltr'>disputationes</span> <span class='ocrx_word' id='word_1_657' title='bbox 2551 4412 2872 4466; x_wconf 89' lang='lat' dir='ltr'>contrarias</span> <span class='ocrx_word' id='word_1_658' title='bbox 2897 4415 3313 4480; x_wconf 75' lang='lat' dir='ltr'>prcharantes,</span> <span class='ocrx_word' id='word_1_659' title='bbox 3345 4415 3400 4464; x_wconf 89' lang='lat' dir='ltr'>et</span> <span class='ocrx_word' id='word_1_660' title='bbox 3429 4408 3660 4463; x_wconf 89' lang='lat' dir='ltr'>initium</span> <span class='ocrx_word' id='word_1_661' title='bbox 3685 4413 3748 4463; x_wconf 86' lang='lat' dir='ltr'>et</span> 
     </span>
    </p>
   </div>
   <div class='ocr_carea' id='block_1_93' title="bbox 2089 4497 3744 4569">
    <p class='ocr_par' dir='ltr' id='par_1_93' title="bbox 2089 4497 3744 4569">
     <span class='ocr_line' id='line_1_93' title="bbox 2089 4497 3744 4569; baseline -0.003 -13"><span class='ocrx_word' id='word_1_662' title='bbox 2089 4507 2148 4556; x_wconf 85' lang='lat' dir='ltr'>et</span> <span class='ocrx_word' id='word_1_663' title='bbox 2179 4502 2354 4554; x_wconf 85' lang='lat' dir='ltr'>tinem</span> <span class='ocrx_word' id='word_1_664' title='bbox 2387 4501 2664 4569; x_wconf 84' lang='lat' dir='ltr'>loquendi</span> <span class='ocrx_word' id='word_1_665' title='bbox 2689 4500 2962 4568; x_wconf 79' lang='lat' dir='ltr'>vanitate,</span> <span class='ocrx_word' id='word_1_666' title='bbox 2989 4498 3266 4566; x_wconf 88' lang='lat' dir='ltr'>tumultu,</span> <span class='ocrx_word' id='word_1_667' title='bbox 3293 4513 3486 4552; x_wconf 89' lang='lat' dir='ltr'>errore</span> <span class='ocrx_word' id='word_1_668' title='bbox 3508 4497 3744 4552; x_wconf 84' lang='lat' dir='ltr'>convol-</span> 
     </span>
    </p>
   </div>
   <div class='ocr_carea' id='block_1_94' title="bbox 331 4587 3744 4672">
    <p class='ocr_par' dir='ltr' id='par_1_94' title="bbox 331 4587 3744 4672">
     <span class='ocr_line' id='line_1_94' title="bbox 331 4587 3744 4672; baseline -0.001 -28"><span class='ocrx_word' id='word_1_669' title='bbox 331 4595 419 4644; x_wconf 89' lang='lat' dir='ltr'>est</span> <span class='ocrx_word' id='word_1_670' title='bbox 451 4588 706 4661; x_wconf 86' lang='lat' dir='ltr'>amplius</span> <span class='ocrx_word' id='word_1_671' title='bbox 737 4589 972 4644; x_wconf 80' lang='lat' dir='ltr'>habenti</span> <span class='ocrx_word' id='word_1_672' title='bbox 997 4590 1278 4661; x_wconf 78' lang='lat' dir='ltr'>linguam.</span> <span class='ocrx_word' id='word_1_673' title='bbox 1313 4613 1338 4636; x_wconf 88' lang='grc'>››</span> <span class='ocrx_word' id='word_1_674' title='bbox 1363 4589 1621 4658; x_wconf 79' lang='lat' dir='ltr'>Simplex</span> <span class='ocrx_word' id='word_1_675' title='bbox 1647 4588 1740 4642; x_wconf 90' lang='lat' dir='ltr'>hic</span> <span class='ocrx_word' id='word_1_676' title='bbox 1768 4605 1978 4642; x_wconf 85' lang='lat' dir='ltr'>sensus</span> <span class='ocrx_word' id='word_1_677' title='bbox 2017 4609 2058 4672; x_wconf 78' lang='grc' dir='ltr'>υ</span> <span class='ocrx_word' id='word_1_678' title='bbox 2094 4593 2270 4644; x_wconf 85' lang='lat' dir='ltr'>vunt:</span> <span class='ocrx_word' id='word_1_679' title='bbox 2303 4592 2358 4642; x_wconf 87' lang='lat' dir='ltr'>et</span> <span class='ocrx_word' id='word_1_680' title='bbox 2388 4606 2520 4643; x_wconf 86' lang='lat' dir='ltr'>cum</span> <span class='ocrx_word' id='word_1_681' title='bbox 2559 4589 2700 4642; x_wconf 85' lang='lat' dir='ltr'>nihil</span> <span class='ocrx_word' id='word_1_682' title='bbox 2727 4589 2918 4644; x_wconf 86' lang='lat' dir='ltr'>sciant</span> <span class='ocrx_word' id='word_1_683' title='bbox 2942 4591 2982 4657; x_wconf 72' lang='lat'>9,</span> <span class='ocrx_word' id='word_1_684' title='bbox 3012 4589 3334 4658; x_wconf 87' lang='lat' dir='ltr'>loquuntur</span> <span class='ocrx_word' id='word_1_685' title='bbox 3365 4587 3534 4659; x_wconf 89' lang='lat' dir='ltr'>plura</span> <span class='ocrx_word' id='word_1_686' title='bbox 3561 4603 3744 4658; x_wconf 87' lang='lat' dir='ltr'>quam</span> 
     </span>
    </p>
   </div>
   <div class='ocr_carea' id='block_1_95' title="bbox 332 4677 1984 4748">
    <p class='ocr_par' dir='ltr' id='par_1_95' title="bbox 332 4677 1984 4748">
     <span class='ocr_line' id='line_1_95' title="bbox 332 4677 1984 4748; baseline -0.001 -17"><span class='ocrx_word' id='word_1_687' title='bbox 332 4683 453 4733; x_wconf 87' lang='lat' dir='ltr'>est:</span> <span class='ocrx_word' id='word_1_688' title='bbox 489 4679 740 4747; x_wconf 85' lang='lat' dir='ltr'>Serpens</span> <span class='ocrx_word' id='word_1_689' title='bbox 771 4683 826 4732; x_wconf 91' lang='lat' dir='ltr'>et</span> <span class='ocrx_word' id='word_1_690' title='bbox 855 4680 1146 4733; x_wconf 87' lang='lat' dir='ltr'>detractor</span> <span class='ocrx_word' id='word_1_691' title='bbox 1183 4677 1440 4748; x_wconf 72' lang='lat' dir='ltr'>mquales</span> <span class='ocrx_word' id='word_1_692' title='bbox 1493 4681 1650 4730; x_wconf 90' lang='lat' dir='ltr'>sunt.</span> <span class='ocrx_word' id='word_1_693' title='bbox 1685 4677 1984 4738; x_wconf 81' lang='lat' dir='ltr'>Quomodo</span> 
     </span>
    </p>
   </div>
   <div class='ocr_carea' id='block_1_96' title="bbox 333 4764 1984 4831">
    <p class='ocr_par' dir='ltr' id='par_1_96' title="bbox 333 4764 1984 4831">
     <span class='ocr_line' id='line_1_96' title="bbox 333 4764 1984 4831; baseline -0.001 -11"><span class='ocrx_word' id='word_1_694' title='bbox 333 4768 488 4821; x_wconf 89' lang='lat' dir='ltr'>enim</span> <span class='ocrx_word' id='word_1_695' title='bbox 540 4767 638 4823; x_wconf 88' lang='lat' dir='ltr'>ille</span> <span class='ocrx_word' id='word_1_696' title='bbox 668 4765 892 4823; x_wconf 88' lang='lat' dir='ltr'>occulte</span> <span class='ocrx_word' id='word_1_697' title='bbox 949 4768 1223 4822; x_wconf 88' lang='lat' dir='ltr'>mordens</span> <span class='ocrx_word' id='word_1_698' title='bbox 1278 4781 1562 4820; x_wconf 83' lang='lat' dir='ltr'>venenum</span> <span class='ocrx_word' id='word_1_699' title='bbox 1621 4764 1863 4831; x_wconf 84' lang='lat' dir='ltr'>inserit;</span> <span class='ocrx_word' id='word_1_700' title='bbox 1899 4765 1984 4819; x_wconf 89' lang='lat' dir='ltr'>sic</span> 
     </span>
    </p>
   </div>
   <div class='ocr_carea' id='block_1_97' title="bbox 331 4853 1983 4926">
    <p class='ocr_par' dir='ltr' id='par_1_97' title="bbox 331 4853 1983 4926">
     <span class='ocr_line' id='line_1_97' title="bbox 331 4853 1983 4926; baseline 0.001 -19"><span class='ocrx_word' id='word_1_701' title='bbox 331 4855 443 4912; x_wconf 91' lang='lat' dir='ltr'>iste</span> <span class='ocrx_word' id='word_1_702' title='bbox 474 4855 625 4911; x_wconf 83' lang='lat' dir='ltr'>clam</span> <span class='ocrx_word' id='word_1_703' title='bbox 659 4855 990 4926; x_wconf 87' lang='lat' dir='ltr'>detrahens,</span> <span class='ocrx_word' id='word_1_704' title='bbox 1025 4855 1186 4910; x_wconf 87' lang='lat' dir='ltr'>virus</span> <span class='ocrx_word' id='word_1_705' title='bbox 1235 4853 1482 4926; x_wconf 85' lang='lat' dir='ltr'>pectoris</span> <span class='ocrx_word' id='word_1_706' title='bbox 1529 4853 1619 4907; x_wconf 91' lang='lat' dir='ltr'>sui</span> <span class='ocrx_word' id='word_1_707' title='bbox 1653 4853 1899 4908; x_wconf 76' lang='lat' dir='ltr'>etfundit</span> <span class='ocrx_word' id='word_1_708' title='bbox 1927 4855 1983 4908; x_wconf 89' lang='lat' dir='ltr'>in</span> 
     </span>
    </p>
   </div>
   <div class='ocr_carea' id='block_1_98' title="bbox 405 5047 1984 5120">
    <p class='ocr_par' dir='ltr' id='par_1_98' title="bbox 405 5047 1984 5120">
     <span class='ocr_line' id='line_1_98' title="bbox 405 5047 1984 5120; baseline 0 -14"><span class='ocrx_word' id='word_1_709' title='bbox 405 5053 418 5085; x_wconf 82' lang='grc'>¹</span> <span class='ocrx_word' id='word_1_710' title='bbox 457 5052 590 5120; x_wconf 75' lang='lat' dir='ltr'>Quis</span> <span class='ocrx_word' id='word_1_711' title='bbox 619 5051 964 5120; x_wconf 80' lang='lat' dir='ltr'>inﬁrmatur,</span> <span class='ocrx_word' id='word_1_712' title='bbox 999 5059 1048 5105; x_wconf 83' lang='lat' dir='ltr'>et</span> <span class='ocrx_word' id='word_1_713' title='bbox 1094 5065 1190 5118; x_wconf 80' lang='lat' dir='ltr'>ego</span> <span class='ocrx_word' id='word_1_714' title='bbox 1237 5065 1366 5104; x_wconf 79' lang='lat' dir='ltr'>non.</span> <span class='ocrx_word' id='word_1_715' title='bbox 1421 5047 1806 5119; x_wconf 87' lang='lat' dir='ltr'>Quamplures</span> <span class='ocrx_word' id='word_1_716' title='bbox 1840 5067 1984 5106; x_wconf 89' lang='lat' dir='ltr'>mss.</span> 
     </span>
    </p>
   </div>
   <div class='ocr_carea' id='block_1_99' title="bbox 334 5121 1990 5195">
    <p class='ocr_par' dir='ltr' id='par_1_99' title="bbox 334 5121 1990 5195">
     <span class='ocr_line' id='line_1_99' title="bbox 334 5121 1990 5195; baseline 0.001 -19"><span class='ocrx_word' id='word_1_717' title='bbox 334 5123 901 5195; x_wconf 82' lang='lat' dir='ltr'>omittuntmediam</span> <span class='ocrx_word' id='word_1_718' title='bbox 937 5127 1159 5195; x_wconf 88' lang='lat' dir='ltr'>partem</span> <span class='ocrx_word' id='word_1_719' title='bbox 1204 5123 1382 5191; x_wconf 85' lang='lat' dir='ltr'>hujus</span> <span class='ocrx_word' id='word_1_720' title='bbox 1431 5121 1697 5195; x_wconf 76' lang='lat' dir='ltr'>versiculi</span> <span class='ocrx_word' id='word_1_721' title='bbox 1751 5131 1990 5195; x_wconf 75' lang='lat' dir='ltr'>prepter</span> 
     </span>
    </p>
   </div>
   <div class='ocr_carea' id='block_1_100' title="bbox 335 5194 1857 5265">
    <p class='ocr_par' dir='ltr' id='par_1_100' title="bbox 335 5194 1857 5265">
     <span class='ocr_line' id='line_1_100' title="bbox 335 5194 1857 5265; baseline -0.002 -15"><span class='ocrx_word' id='word_1_722' title='bbox 335 5195 424 5250; x_wconf 90' lang='lat' dir='ltr'>bis</span> <span class='ocrx_word' id='word_1_723' title='bbox 458 5194 704 5265; x_wconf 87' lang='lat' dir='ltr'>repetita</span> <span class='ocrx_word' id='word_1_724' title='bbox 734 5195 934 5265; x_wconf 83' lang='lat' dir='ltr'>eadem</span> <span class='ocrx_word' id='word_1_725' title='bbox 969 5194 1160 5262; x_wconf 84' lang='lat' dir='ltr'>verba,</span> <span class='ocrx_word' id='word_1_726' title='bbox 1197 5198 1245 5247; x_wconf 79' lang='lat' dir='ltr'>et</span> <span class='ocrx_word' id='word_1_727' title='bbox 1275 5211 1369 5262; x_wconf 71' lang='lat' dir='ltr'>ego</span> <span class='ocrx_word' id='word_1_728' title='bbox 1403 5211 1532 5247; x_wconf 82' lang='lat' dir='ltr'>non.</span> <span class='ocrx_word' id='word_1_729' title='bbox 1577 5194 1857 5248; x_wconf 59' lang='lat' dir='ltr'>Murrum.</span> 
     </span>
    </p>
   </div>
   <div class='ocr_carea' id='block_1_101' title="bbox 403 5264 1877 5336">
    <p class='ocr_par' dir='ltr' id='par_1_101' title="bbox 403 5264 1877 5336">
     <span class='ocr_line' id='line_1_101' title="bbox 403 5264 1877 5336; baseline 0 -16"><span class='ocrx_word' id='word_1_730' title='bbox 403 5267 424 5299; x_wconf 75' lang='grc'>²</span> <span class='ocrx_word' id='word_1_731' title='bbox 457 5264 598 5320; x_wconf 77' lang='lat' dir='ltr'>Tres</span> <span class='ocrx_word' id='word_1_732' title='bbox 633 5281 797 5326; x_wconf 69' lang='lat' dir='ltr'>mss,</span> <span class='ocrx_word' id='word_1_733' title='bbox 837 5264 991 5333; x_wconf 84' lang='lat' dir='ltr'>ligna</span> <span class='ocrx_word' id='word_1_734' title='bbox 1022 5265 1284 5328; x_wconf 73' lang='lat' dir='ltr'>concidat,</span> <span class='ocrx_word' id='word_1_735' title='bbox 1311 5265 1738 5336; x_wconf 72' lang='lat' dir='ltr'>periclitabitur,</span> <span class='ocrx_word' id='word_1_736' title='bbox 1766 5273 1877 5320; x_wconf 87' lang='lat' dir='ltr'>etc.</span> 
     </span>
    </p>
   </div>
   <div class='ocr_carea' id='block_1_102' title="bbox 405 5337 1992 5408">
    <p class='ocr_par' dir='ltr' id='par_1_102' title="bbox 405 5337 1992 5408">
     <span class='ocr_line' id='line_1_102' title="bbox 405 5337 1992 5408; baseline 0.001 -18"><span class='ocrx_word' id='word_1_737' title='bbox 405 5339 426 5371; x_wconf 78' lang='lat'><strong>3</strong></span> <span class='ocrx_word' id='word_1_738' title='bbox 457 5337 711 5408; x_wconf 83' lang='lat' dir='ltr'>Alcuin.,</span> <span class='ocrx_word' id='word_1_739' title='bbox 751 5340 821 5408; x_wconf 60' lang='lat' dir='ltr'>lit</span> <span class='ocrx_word' id='word_1_740' title='bbox 868 5337 1012 5390; x_wconf 73' lang='lat' dir='ltr'>nihil</span> <span class='ocrx_word' id='word_1_741' title='bbox 1062 5337 1218 5391; x_wconf 77' lang='lat' dir='ltr'>habet</span> <span class='ocrx_word' id='word_1_742' title='bbox 1248 5356 1280 5391; x_wconf 80' lang='grc' dir='ltr'>(ι</span> <span class='ocrx_word' id='word_1_743' title='bbox 1309 5346 1562 5408; x_wconf 67' lang='lat' dir='ltr'>serpente</span> <span class='ocrx_word' id='word_1_744' title='bbox 1609 5341 1816 5392; x_wconf 76' lang='lat' dir='ltr'>minus.</span> <span class='ocrx_word' id='word_1_745' title='bbox 1865 5343 1992 5392; x_wconf 82' lang='lat' dir='ltr'>Mox</span> 
     </span>
    </p>
   </div>
   <div class='ocr_carea' id='block_1_103' title="bbox 336 5407 1777 5478">
    <p class='ocr_par' dir='ltr' id='par_1_103' title="bbox 336 5407 1777 5478">
     <span class='ocr_line' id='line_1_103' title="bbox 336 5407 1777 5478; baseline -0.001 -15"><span class='ocrx_word' id='word_1_746' title='bbox 336 5413 559 5463; x_wconf 77' lang='lat' dir='ltr'>veteres</span> <span class='ocrx_word' id='word_1_747' title='bbox 591 5407 830 5476; x_wconf 74' lang='lat' dir='ltr'>vulgati,</span> <span class='ocrx_word' id='word_1_748' title='bbox 865 5409 940 5460; x_wconf 55' lang='lat' dir='ltr'>:ld</span> <span class='ocrx_word' id='word_1_749' title='bbox 973 5407 1407 5463; x_wconf 17' lang='grc' dir='ltr'>[λογισίίηῑήιίιωθιν</span> <span class='ocrx_word' id='word_1_750' title='bbox 1443 5412 1630 5478; x_wconf 75' lang='lat' dir='ltr'>Deum,</span> <span class='ocrx_word' id='word_1_751' title='bbox 1668 5417 1777 5463; x_wconf 90' lang='lat' dir='ltr'>etc.</span> 
     </span>
    </p>
   </div>
   <div class='ocr_carea' id='block_1_104' title="bbox 409 5479 1988 5546">
    <p class='ocr_par' dir='ltr' id='par_1_104' title="bbox 409 5479 1988 5546">
     <span class='ocr_line' id='line_1_104' title="bbox 409 5479 1988 5546; baseline 0.001 -14"><span class='ocrx_word' id='word_1_752' title='bbox 409 5481 486 5533; x_wconf 81' lang='lat' dir='ltr'>Ad</span> <span class='ocrx_word' id='word_1_753' title='bbox 543 5479 982 5533; x_wconf 65' lang='grc' dir='ltr'>Ινσηθιίέίυιτνιιιιινη.</span> <span class='ocrx_word' id='word_1_754' title='bbox 1039 5483 1184 5534; x_wconf 70' lang='lat' dir='ltr'>l‘lditi</span> <span class='ocrx_word' id='word_1_755' title='bbox 1235 5484 1457 5536; x_wconf 85' lang='lat' dir='ltr'>addunt</span> <span class='ocrx_word' id='word_1_756' title='bbox 1506 5483 1692 5546; x_wconf 73' lang='lat' dir='ltr'>Donni,</span> <span class='ocrx_word' id='word_1_757' title='bbox 1750 5481 1874 5544; x_wconf 86' lang='lat' dir='ltr'>sed,</span> <span class='ocrx_word' id='word_1_758' title='bbox 1931 5481 1988 5534; x_wconf 89' lang='lat' dir='ltr'>ni</span> 
     </span>
    </p>
   </div>
   <div class='ocr_carea' id='block_1_105' title="bbox 339 5550 1992 5624">
    <p class='ocr_par' dir='ltr' id='par_1_105' title="bbox 339 5550 1992 5624">
     <span class='ocr_line' id='line_1_105' title="bbox 339 5550 1992 5624; baseline 0.002 -22"><span class='ocrx_word' id='word_1_759' title='bbox 339 5550 528 5612; x_wconf 84' lang='lat' dir='ltr'>fallor,</span> <span class='ocrx_word' id='word_1_760' title='bbox 564 5551 891 5624; x_wconf 65' lang='lat' dir='ltr'>siqiertlue:</span> <span class='ocrx_word' id='word_1_761' title='bbox 927 5553 1062 5624; x_wconf 85' lang='lat' dir='ltr'>quia</span> <span class='ocrx_word' id='word_1_762' title='bbox 1097 5553 1200 5606; x_wconf 75' lang='lat' dir='ltr'>hoc</span> <span class='ocrx_word' id='word_1_763' title='bbox 1237 5555 1356 5608; x_wconf 75' lang='lat' dir='ltr'>loco</span> <span class='ocrx_word' id='word_1_764' title='bbox 1408 5555 1720 5606; x_wconf 71' lang='lat' dir='ltr'>benedicere</span> <span class='ocrx_word' id='word_1_765' title='bbox 1760 5551 1992 5624; x_wconf 77' lang='lat' dir='ltr'>signiti-</span> 
     </span>
    </p>
   </div>
   <div class='ocr_carea' id='block_1_106' title="bbox 339 5621 1518 5694">
    <p class='ocr_par' dir='ltr' id='par_1_106' title="bbox 339 5621 1518 5694">
     <span class='ocr_line' id='line_1_106' title="bbox 339 5621 1518 5694; baseline 0 -18"><span class='ocrx_word' id='word_1_766' title='bbox 339 5627 432 5676; x_wconf 89' lang='lat' dir='ltr'>cat</span> <span class='ocrx_word' id='word_1_767' title='bbox 466 5621 726 5692; x_wconf 80' lang='lat' dir='ltr'>proximo</span> <span class='ocrx_word' id='word_1_768' title='bbox 761 5627 896 5677; x_wconf 56' lang='lat' dir='ltr'>(uno</span> <span class='ocrx_word' id='word_1_769' title='bbox 929 5621 1191 5694; x_wconf 58' lang='lat' dir='ltr'>prgiratri.</span> <span class='ocrx_word' id='word_1_770' title='bbox 1229 5627 1518 5680; x_wconf 53' lang='lat' dir='ltr'>Maurus.</span> 
     </span>
    </p>
   </div>
   <div class='ocr_carea' id='block_1_107' title="bbox 407 5693 1994 5766">
    <p class='ocr_par' dir='ltr' id='par_1_107' title="bbox 407 5693 1994 5766">
     <span class='ocr_line' id='line_1_107' title="bbox 407 5693 1994 5766; baseline 0.001 -18"><span class='ocrx_word' id='word_1_771' title='bbox 407 5695 428 5726; x_wconf 65' lang='grc' dir='ltr'><strong><em>ἰ</em></strong></span> <span class='ocrx_word' id='word_1_772' title='bbox 461 5695 638 5764; x_wconf 86' lang='lat' dir='ltr'>Idem,</span> <span class='ocrx_word' id='word_1_773' title='bbox 677 5696 779 5748; x_wconf 72' lang='lat' dir='ltr'>Nec</span> <span class='ocrx_word' id='word_1_774' title='bbox 824 5693 1021 5750; x_wconf 75' lang='lat' dir='ltr'>vulnus</span> <span class='ocrx_word' id='word_1_775' title='bbox 1069 5713 1228 5750; x_wconf 82' lang='lat' dir='ltr'>suam</span> <span class='ocrx_word' id='word_1_776' title='bbox 1262 5699 1520 5766; x_wconf 71' lang='lat' dir='ltr'>niayistro</span> <span class='ocrx_word' id='word_1_777' title='bbox 1568 5693 1798 5766; x_wconf 70' lang='lat' dir='ltr'>volucri!</span> <span class='ocrx_word' id='word_1_778' title='bbox 1829 5697 1994 5753; x_wconf 85' lang='lat' dir='ltr'>con/i-</span> 
     </span>
    </p>
   </div>
   <div class='ocr_carea' id='block_1_108' title="bbox 339 5765 1996 5840">
    <p class='ocr_par' dir='ltr' id='par_1_108' title="bbox 339 5765 1996 5840">
     <span class='ocr_line' id='line_1_108' title="bbox 339 5765 1996 5840; baseline 0.002 -20"><span class='ocrx_word' id='word_1_779' title='bbox 339 5771 480 5836; x_wconf 57' lang='lat' dir='ltr'>leri;</span> <span class='ocrx_word' id='word_1_780' title='bbox 531 5768 810 5838; x_wconf 64' lang='lat' dir='ltr'>magister,</span> <span class='ocrx_word' id='word_1_781' title='bbox 865 5771 960 5840; x_wconf 78' lang='lat' dir='ltr'>qui</span> <span class='ocrx_word' id='word_1_782' title='bbox 1009 5770 1256 5838; x_wconf 74' lang='lat' dir='ltr'>lingimm</span> <span class='ocrx_word' id='word_1_783' title='bbox 1287 5765 1488 5840; x_wconf 43' lang='lat' dir='ltr'>-bubet,</span> <span class='ocrx_word' id='word_1_784' title='bbox 1521 5771 1578 5822; x_wconf 86' lang='lat' dir='ltr'>et</span> <span class='ocrx_word' id='word_1_785' title='bbox 1619 5765 1996 5838; x_wconf 67' lang='lat' dir='ltr'>cohaerenter,</span> 
     </span>
    </p>
   </div>
   <div class='ocr_carea' id='block_1_109' title="bbox 2101 4683 2333 4733">
    <p class='ocr_par' dir='ltr' id='par_1_109' title="bbox 2101 4683 2333 4733">
     <span class='ocr_line' id='line_1_109' title="bbox 2101 4683 2333 4733; baseline -0.013 0"><span class='ocrx_word' id='word_1_786' title='bbox 2101 4683 2333 4733; x_wconf 89' lang='lat' dir='ltr'>norunt.</span> 
     </span>
    </p>
   </div>
   <div class='ocr_carea' id='block_1_110' title="bbox 2166 4764 3746 4837">
    <p class='ocr_par' dir='ltr' id='par_1_110' title="bbox 2166 4764 3746 4837">
     <span class='ocr_line' id='line_1_110' title="bbox 2166 4764 3746 4837; baseline 0.001 -21"><span class='ocrx_word' id='word_1_787' title='bbox 2166 4792 2191 4817; x_wconf 88' lang='grc'>‹‹</span> <span class='ocrx_word' id='word_1_788' title='bbox 2227 4767 2415 4821; x_wconf 89' lang='lat' dir='ltr'>Labor</span> <span class='ocrx_word' id='word_1_789' title='bbox 2446 4765 2760 4821; x_wconf 88' lang='lat' dir='ltr'>stultorum</span> <span class='ocrx_word' id='word_1_790' title='bbox 2795 4766 3016 4837; x_wconf 73' lang='lat' dir='ltr'>affliget</span> <span class='ocrx_word' id='word_1_791' title='bbox 3069 4783 3188 4831; x_wconf 86' lang='lat' dir='ltr'>eos,</span> <span class='ocrx_word' id='word_1_792' title='bbox 3233 4765 3330 4836; x_wconf 88' lang='lat' dir='ltr'>qui</span> <span class='ocrx_word' id='word_1_793' title='bbox 3365 4764 3632 4820; x_wconf 85' lang='lat' dir='ltr'>nesciunt</span> <span class='ocrx_word' id='word_1_794' title='bbox 3660 4765 3746 4819; x_wconf 86' lang='lat' dir='ltr'>ire</span> 
     </span>
    </p>
   </div>
   <div class='ocr_carea' id='block_1_111' title="bbox 2099 4853 3749 4928">
    <p class='ocr_par' dir='ltr' id='par_1_111' title="bbox 2099 4853 3749 4928">
     <span class='ocr_line' id='line_1_111' title="bbox 2099 4853 3749 4928; baseline -0.002 -16"><span class='ocrx_word' id='word_1_795' title='bbox 2099 4857 2158 4912; x_wconf 92' lang='lat' dir='ltr'>in</span> <span class='ocrx_word' id='word_1_796' title='bbox 2192 4857 2510 4912; x_wconf 88' lang='lat' dir='ltr'>civitatem.</span> <span class='ocrx_word' id='word_1_797' title='bbox 2557 4879 2581 4904; x_wconf 78' lang='lat' dir='ltr'>n</span> <span class='ocrx_word' id='word_1_798' title='bbox 2612 4855 2754 4911; x_wconf 86' lang='lat' dir='ltr'>Cum</span> <span class='ocrx_word' id='word_1_799' title='bbox 2787 4854 3188 4928; x_wconf 89' lang='lat' dir='ltr'>superioribus</span> <span class='ocrx_word' id='word_1_800' title='bbox 3219 4855 3393 4909; x_wconf 88' lang='lat' dir='ltr'>etiam</span> <span class='ocrx_word' id='word_1_801' title='bbox 3429 4853 3535 4910; x_wconf 88' lang='lat' dir='ltr'>hos</span> <span class='ocrx_word' id='word_1_802' title='bbox 3557 4855 3749 4925; x_wconf 85' lang='lat' dir='ltr'>junge</span> 
     </span>
    </p>
   </div>
   <div class='ocr_carea' id='block_1_112' title="bbox 2095 5055 2454 5126">
    <p class='ocr_par' dir='ltr' id='par_1_112' title="bbox 2095 5055 2454 5126">
     <span class='ocr_line' id='line_1_112' title="bbox 2095 5055 2454 5126; baseline -0.017 -14"><span class='ocrx_word' id='word_1_803' title='bbox 2095 5073 2211 5112; x_wconf 84' lang='lat' dir='ltr'>non</span> <span class='ocrx_word' id='word_1_804' title='bbox 2236 5055 2454 5126; x_wconf 78' lang='lat' dir='ltr'>poterit,</span> 
     </span>
    </p>
   </div>
   <div class='ocr_carea' id='block_1_113' title="bbox 2170 5122 3610 5196">
    <p class='ocr_par' dir='ltr' id='par_1_113' title="bbox 2170 5122 3610 5196">
     <span class='ocr_line' id='line_1_113' title="bbox 2170 5122 3610 5196; baseline -0.006 -16"><span class='ocrx_word' id='word_1_805' title='bbox 2170 5122 2482 5192; x_wconf 52' lang='lat' dir='ltr'>5V&#39;atiean.,</span> <span class='ocrx_word' id='word_1_806' title='bbox 2519 5125 2578 5176; x_wconf 81' lang='lat' dir='ltr'>in.</span> <span class='ocrx_word' id='word_1_807' title='bbox 2607 5124 2758 5180; x_wconf 84' lang='lat' dir='ltr'>docto</span> <span class='ocrx_word' id='word_1_808' title='bbox 2781 5125 2976 5179; x_wconf 77' lang='lat' dir='ltr'>viderit</span> <span class='ocrx_word' id='word_1_809' title='bbox 2999 5124 3220 5196; x_wconf 84' lang='lat' dir='ltr'>absque</span> <span class='ocrx_word' id='word_1_810' title='bbox 3257 5122 3392 5175; x_wconf 82' lang='lat' dir='ltr'>viro.</span> <span class='ocrx_word' id='word_1_811' title='bbox 3601 5188 3610 5196; x_wconf 37' lang='lat'><em>.</em></span> 
     </span>
    </p>
   </div>
   <div class='ocr_carea' id='block_1_114' title="bbox 2167 5188 3754 5266">
    <p class='ocr_par' dir='ltr' id='par_1_114' title="bbox 2167 5188 3754 5266">
     <span class='ocr_line' id='line_1_114' title="bbox 2167 5188 3754 5266; baseline -0.007 -13"><span class='ocrx_word' id='word_1_812' title='bbox 2167 5201 2347 5253; x_wconf 78' lang='lat' dir='ltr'>6Mss.</span> <span class='ocrx_word' id='word_1_813' title='bbox 2387 5188 2586 5264; x_wconf 73' lang='lat' dir='ltr'>noSiri,</span> <span class='ocrx_word' id='word_1_814' title='bbox 2644 5201 2816 5266; x_wconf 88' lang='lat' dir='ltr'>atque</span> <span class='ocrx_word' id='word_1_815' title='bbox 2861 5196 3002 5250; x_wconf 89' lang='lat' dir='ltr'>olim</span> <span class='ocrx_word' id='word_1_816' title='bbox 3051 5188 3282 5249; x_wconf 80' lang='lat' dir='ltr'>Alcuin.</span> <span class='ocrx_word' id='word_1_817' title='bbox 3338 5206 3472 5246; x_wconf 87' lang='lat' dir='ltr'>cum</span> <span class='ocrx_word' id='word_1_818' title='bbox 3515 5188 3754 5266; x_wconf 79' lang='lat' dir='ltr'>pridem</span> 
     </span>
    </p>
   </div>
   <div class='ocr_carea' id='block_1_115' title="bbox 2101 5261 3758 5336">
    <p class='ocr_par' dir='ltr' id='par_1_115' title="bbox 2101 5261 3758 5336">
     <span class='ocr_line' id='line_1_115' title="bbox 2101 5261 3758 5336; baseline -0.008 -10"><span class='ocrx_word' id='word_1_819' title='bbox 2101 5271 2293 5336; x_wconf 87' lang='lat' dir='ltr'>editis,</span> <span class='ocrx_word' id='word_1_820' title='bbox 2330 5269 2477 5325; x_wconf 78' lang='lat' dir='ltr'>Unde</span> <span class='ocrx_word' id='word_1_821' title='bbox 2510 5261 2692 5322; x_wconf 76' lang='lat' dir='ltr'>beatus</span> <span class='ocrx_word' id='word_1_822' title='bbox 2723 5261 2824 5320; x_wconf 79' lang='lat' dir='ltr'>ille</span> <span class='ocrx_word' id='word_1_823' title='bbox 2853 5275 2952 5332; x_wconf 74' lang='lat' dir='ltr'>est,</span> <span class='ocrx_word' id='word_1_824' title='bbox 2987 5271 3095 5322; x_wconf 87' lang='lat' dir='ltr'>etc.</span> <span class='ocrx_word' id='word_1_825' title='bbox 3131 5272 3186 5320; x_wconf 89' lang='lat' dir='ltr'>et</span> <span class='ocrx_word' id='word_1_826' title='bbox 3237 5281 3370 5318; x_wconf 83' lang='lat' dir='ltr'>mox</span> <span class='ocrx_word' id='word_1_827' title='bbox 3419 5261 3758 5324; x_wconf 12' lang='lat' dir='ltr'>aizulz&#39;entem,</span> 
     </span>
    </p>
   </div>
   <div class='ocr_carea' id='block_1_116' title="bbox 2101 5339 3738 5414">
    <p class='ocr_par' dir='ltr' id='par_1_116' title="bbox 2101 5339 3738 5414">
     <span class='ocr_line' id='line_1_116' title="bbox 2101 5339 3738 5414; baseline -0.001 -18"><span class='ocrx_word' id='word_1_828' title='bbox 2101 5361 2204 5414; x_wconf 88' lang='lat' dir='ltr'>pro</span> <span class='ocrx_word' id='word_1_829' title='bbox 2236 5342 2555 5414; x_wconf 62' lang='lat' dir='ltr'>(redimitis;</span> <span class='ocrx_word' id='word_1_830' title='bbox 2589 5345 2808 5392; x_wconf 82' lang='lat' dir='ltr'>veteres</span> <span class='ocrx_word' id='word_1_831' title='bbox 2840 5339 3002 5408; x_wconf 87' lang='lat' dir='ltr'>editi,</span> <span class='ocrx_word' id='word_1_832' title='bbox 3035 5339 3396 5414; x_wconf 56' lang='lat' dir='ltr'>sapimtiuin.</span> <span class='ocrx_word' id='word_1_833' title='bbox 3415 5403 3446 5414; x_wconf 38' lang='lat'>._</span> <span class='ocrx_word' id='word_1_834' title='bbox 3506 5403 3540 5414; x_wconf 86' lang='lat'>__</span> <span class='ocrx_word' id='word_1_835' title='bbox 3606 5406 3616 5414; x_wconf 88' lang='lat'>_</span> 
     </span>
    </p>
   </div>
   <div class='ocr_carea' id='block_1_117' title="bbox 2175 5401 3758 5483">
    <p class='ocr_par' dir='ltr' id='par_1_117' title="bbox 2175 5401 3758 5483">
     <span class='ocr_line' id='line_1_117' title="bbox 2175 5401 3758 5483; baseline -0.008 -16"><span class='ocrx_word' id='word_1_836' title='bbox 2175 5417 2190 5448; x_wconf 77' lang='grc'>⁷</span> <span class='ocrx_word' id='word_1_837' title='bbox 2227 5413 2480 5483; x_wconf 75' lang='lat' dir='ltr'>Palatin._</span> <span class='ocrx_word' id='word_1_838' title='bbox 2509 5401 2877 5483; x_wconf 14' lang='lat' dir='ltr'>1,,expuucta</span> <span class='ocrx_word' id='word_1_839' title='bbox 2907 5405 3042 5465; x_wconf 78' lang='lat' dir='ltr'>vaec</span> <span class='ocrx_word' id='word_1_840' title='bbox 3073 5401 3212 5478; x_wconf 72' lang='lat' dir='ltr'>ejus,</span> <span class='ocrx_word' id='word_1_841' title='bbox 3237 5401 3758 5483; x_wconf 59' lang='lat' dir='ltr'>substituitstuiti.</span> 
     </span>
    </p>
   </div>
   <div class='ocr_carea' id='block_1_118' title="bbox 2175 5475 3762 5555">
    <p class='ocr_par' dir='ltr' id='par_1_118' title="bbox 2175 5475 3762 5555">
     <span class='ocr_line' id='line_1_118' title="bbox 2175 5475 3762 5555; baseline -0.008 -18"><span class='ocrx_word' id='word_1_842' title='bbox 2175 5487 2196 5516; x_wconf 70' lang='grc'>⁸</span> <span class='ocrx_word' id='word_1_843' title='bbox 2227 5485 2392 5555; x_wconf 78' lang='lat' dir='ltr'>Apud</span> <span class='ocrx_word' id='word_1_844' title='bbox 2423 5475 2622 5535; x_wconf 77' lang='lat' dir='ltr'>Aleuin</span> <span class='ocrx_word' id='word_1_845' title='bbox 2637 5475 2678 5544; x_wconf 68' lang='grc' dir='ltr'>,ξ</span> <span class='ocrx_word' id='word_1_846' title='bbox 2699 5483 2950 5537; x_wconf 68' lang='lat' dir='ltr'>Tenebris</span> <span class='ocrx_word' id='word_1_847' title='bbox 2974 5475 3248 5536; x_wconf 65' lang='lat' dir='ltr'>inrotalus</span> <span class='ocrx_word' id='word_1_848' title='bbox 3267 5479 3442 5532; x_wconf 67' lang='lat' dir='ltr'>solum</span> <span class='ocrx_word' id='word_1_849' title='bbox 3465 5475 3572 5528; x_wconf 68' lang='lat' dir='ltr'>sibi</span> <span class='ocrx_word' id='word_1_850' title='bbox 3591 5489 3762 5527; x_wconf 70' lang='lat' dir='ltr'>sczcn-</span> 
     </span>
    </p>
   </div>
   <div class='ocr_carea' id='block_1_119' title="bbox 2103 5557 3670 5632">
    <p class='ocr_par' dir='ltr' id='par_1_119' title="bbox 2103 5557 3670 5632">
     <span class='ocr_line' id='line_1_119' title="bbox 2103 5557 3670 5632; baseline 0.009 -23"><span class='ocrx_word' id='word_1_851' title='bbox 2103 5557 2690 5632; x_wconf 53' lang='lat' dir='ltr'>(iunirepromitten.«i.</span> <span class='ocrx_word' id='word_1_852' title='bbox 2964 5626 2972 5632; x_wconf 91' lang='lat'>_</span> <span class='ocrx_word' id='word_1_853' title='bbox 3213 5624 3220 5632; x_wconf 34' lang='lat'>,</span> <span class='ocrx_word' id='word_1_854' title='bbox 3278 5621 3286 5630; x_wconf 57' lang='grc'>,</span> <span class='ocrx_word' id='word_1_855' title='bbox 3337 5623 3348 5632; x_wconf 47' lang='grc'>,</span> <span class='ocrx_word' id='word_1_856' title='bbox 3635 5615 3670 5632; x_wconf 82' lang='lat'>,,</span> 
     </span>
    </p>
   </div>
   <div class='ocr_carea' id='block_1_120' title="bbox 2178 5615 3762 5682">
    <p class='ocr_par' dir='ltr' id='par_1_120' title="bbox 2178 5615 3762 5682">
     <span class='ocr_line' id='line_1_120' title="bbox 2178 5615 3762 5682; baseline -0.009 0"><span class='ocrx_word' id='word_1_857' title='bbox 2178 5633 2196 5662; x_wconf 54' lang='grc' dir='ltr'>ι’</span> <span class='ocrx_word' id='word_1_858' title='bbox 2227 5615 2372 5682; x_wconf 73' lang='lat' dir='ltr'>Cum</span> <span class='ocrx_word' id='word_1_859' title='bbox 2409 5629 2649 5680; x_wconf 73' lang='lat' dir='ltr'>Erasmo</span> <span class='ocrx_word' id='word_1_860' title='bbox 2671 5631 2728 5679; x_wconf 85' lang='lat' dir='ltr'>et</span> <span class='ocrx_word' id='word_1_861' title='bbox 2759 5626 3012 5681; x_wconf 27' lang='lat' dir='ltr'>\r’ictorio</span> <span class='ocrx_word' id='word_1_862' title='bbox 3047 5621 3290 5679; x_wconf 82' lang='lat' dir='ltr'>Palatini</span> <span class='ocrx_word' id='word_1_863' title='bbox 3319 5623 3432 5676; x_wconf 87' lang='lat' dir='ltr'>duo</span> <span class='ocrx_word' id='word_1_864' title='bbox 3455 5633 3599 5671; x_wconf 82' lang='lat' dir='ltr'>mss.</span> <span class='ocrx_word' id='word_1_865' title='bbox 3629 5615 3762 5669; x_wconf 77' lang='lat' dir='ltr'>Cum</span> 
     </span>
    </p>
   </div>
   <div class='ocr_carea' id='block_1_121' title="bbox 2109 5691 3762 5770">
    <p class='ocr_par' dir='ltr' id='par_1_121' title="bbox 2109 5691 3762 5770">
     <span class='ocr_line' id='line_1_121' title="bbox 2109 5691 3762 5770; baseline -0.008 -16"><span class='ocrx_word' id='word_1_866' title='bbox 2109 5701 2276 5755; x_wconf 81' lang='lat' dir='ltr'>multo</span> <span class='ocrx_word' id='word_1_867' title='bbox 2317 5713 2524 5765; x_wconf 84' lang='lat' dir='ltr'>errore,</span> <span class='ocrx_word' id='word_1_868' title='bbox 2577 5701 2685 5752; x_wconf 88' lang='lat' dir='ltr'>etc.</span> <span class='ocrx_word' id='word_1_869' title='bbox 2737 5696 2986 5770; x_wconf 81' lang='lat' dir='ltr'>Alcuin.,</span> <span class='ocrx_word' id='word_1_870' title='bbox 3045 5697 3178 5751; x_wconf 82' lang='lat' dir='ltr'>Cum</span> <span class='ocrx_word' id='word_1_871' title='bbox 3224 5691 3403 5750; x_wconf 78' lang='lat' dir='ltr'>multo</span> <span class='ocrx_word' id='word_1_872' title='bbox 3452 5703 3636 5745; x_wconf 73' lang='lat' dir='ltr'>errore</span> <span class='ocrx_word' id='word_1_873' title='bbox 3669 5703 3762 5742; x_wconf 84' lang='lat' dir='ltr'>cu-</span> 
     </span>
    </p>
   </div>
   <div class='ocr_carea' id='block_1_122' title="bbox 2111 5773 2748 5844">
    <p class='ocr_par' dir='ltr' id='par_1_122' title="bbox 2111 5773 2748 5844">
     <span class='ocr_line' id='line_1_122' title="bbox 2111 5773 2748 5844; baseline -0.006 -16"><span class='ocrx_word' id='word_1_874' title='bbox 2111 5773 2351 5844; x_wconf 81' lang='lat' dir='ltr'>mulant,</span> <span class='ocrx_word' id='word_1_875' title='bbox 2380 5775 2432 5828; x_wconf 81' lang='lat' dir='ltr'>ot</span> <span class='ocrx_word' id='word_1_876' title='bbox 2463 5786 2608 5840; x_wconf 87' lang='lat' dir='ltr'>cum,</span> <span class='ocrx_word' id='word_1_877' title='bbox 2641 5773 2748 5826; x_wconf 91' lang='lat' dir='ltr'>etc.</span> 
     </span>
    </p>
   </div>
  </div>
