3996 6396
232 397 390 462 H58

1257 395 1888 462 COMMENTARIUS
1931 393 2012 458 ΙΝ
2056 395 2662 458 ECCLESIASTEN.

3480 401 3635 466 ΗΜ

229 531 591 588 versiculos:
625 536 726 588 aut
755 530 1099 605 generaliter
1125 533 1196 586 de
1226 531 1501 588 omnibus
1529 532 1750 597 stultis,
1775 531 1879 602 qui
1907 535 1958 599 Α
1993 535 2050 585 et
2080 536 2327 586 veterem
2364 529 2650 602 piscinam
2681 529 2972 600 averterit,
3008 529 3230 603 eligens
3272 532 3385 590 sibi
3419 535 3641 592 ﬂuenta

231 619 512 692 ignorant
546 625 744 692 Deum,
781 626 884 678 aut
911 620 1242 694 specialiter
1269 621 1340 675 de
1368 619 1653 676 haereticis
1674 620 1884 692 dispu-

234 714 322 764 tat
378 712 415 766 ³.
452 711 602 780 Lege
633 709 932 766 Platonem
969 729 982 778 ;
1009 709 1336 766 Aristotelis
1366 709 1588 764 revolve
1609 709 1882 775 ersutias,

233 799 522 855 Zenonem
581 805 638 855 et
693 801 1046 855 Carneadem
1125 798 1466 871 diligentius
1523 799 1768 864 intuere,
1829 803 1885 853 et

232 887 512 958 probabis
539 903 741 943 verum
773 906 900 945 esse
931 889 1088 960 quod
1119 889 1353 943 dicitur.
1389 909 1418 938 ‹‹
1451 888 1640 943 Labor
1670 886 1882 942 stulto-

235 993 367 1030 rum
399 976 622 1048 aftliget
650 994 769 1042 eos,
805 1000 834 1026 ››
865 977 1184 1032 Veritatem
1213 977 1296 1032 illi
1319 976 1558 1048 quidem
1579 976 1740 1030 omni
1766 980 1886 1030 stu-

236 1065 334 1120 dio
361 1067 760 1136 quassierunt;
804 1066 905 1122 sed
937 1066 1077 1138 quia
1121 1083 1236 1121 non
1289 1065 1622 1120 habuerunt
1651 1065 1886 1131 ducem,

236 1159 296 1210 et
325 1155 602 1225 prazvium
633 1154 883 1226 itineris,
915 1159 972 1211 et
1003 1155 1280 1210 humanis
1311 1153 1582 1210 sensibus
1617 1153 1724 1208 rati
1749 1157 1889 1208 sunt

237 1259 301 1298 se
330 1243 824 1316 comprehendere
857 1261 1026 1316 posse
1074 1244 1445 1316 sapientiam,
1489 1242 1559 1297 ad
1593 1241 1885 1297 civitatem

239 1331 482 1387 minime
525 1338 931 1404 pervenerunt,
961 1333 1032 1388 de
1081 1349 1197 1404 qua
1247 1332 1302 1386 in
1355 1331 1588 1386 Psalmo
1634 1331 1884 1386 dicitur:

237 1421 486 1491 Domine,
519 1423 579 1476 in
608 1423 825 1478 civitate
855 1431 951 1476 tua
979 1424 1278 1493 imaginem
1309 1423 1549 1492 ipsorum
1597 1419 1886 1490 dissipabis

239 1510 414 1581 (Psal.
448 1528 616 1578 Lxxn,
650 1511 763 1580 20).
796 1511 1014 1566 Omnes
1063 1511 1221 1565 enim
1255 1510 1492 1564 umbras
1532 1513 1589 1564 et
1628 1508 1888 1564 diversas

241 1598 528 1669 imagines
559 1605 732 1670 atque
765 1617 1064 1671 personas,
1119 1615 1266 1670 quas
1313 1598 1423 1654 sibi
1457 1597 1516 1652 in
1549 1596 1724 1652 variis
1756 1597 1891 1668 dog-

242 1688 500 1744 matibus
528 1687 864 1754 induerunt,
898 1689 957 1744 in
991 1689 1134 1744 urbe
1195 1705 1303 1744 sua
1333 1687 1616 1742 Dominus
1639 1685 1889 1757 dissipa-

240 1777 347 1832 bit.
394 1778 468 1832 De
525 1794 642 1848 qua
698 1783 754 1833 et
806 1777 942 1832 alibi
975 1777 1288 1832 scribitur:
1353 1778 1624 1832 Fluminis
1657 1777 1890 1844 impetus

241 1865 490 1936 lwti/icat
541 1869 814 1924 civitatem
873 1868 972 1922 Dei
1001 1867 1173 1938 (l’sal.
1225 1883 1374 1933 XLVI,
1403 1867 1481 1938 5).
1517 1865 1584 1920 Et
1613 1865 1671 1920 in
1705 1865 1891 1920 Evan-

239 1953 428 2027 gelio:
491 1957 606 2011 Non
661 1959 830 2028 potest
885 1957 1083 2010 civitas
1141 1954 1401 2010 abscondi
1455 1971 1624 2026 supra
1655 1961 1888 2009 montem

235 2046 419 2116 posita
449 2045 654 2114 (Matth.
684 2063 738 2113 ν,
793 2047 899 2114 Μ).
964 2045 1114 2100 Etin
1174 2044 1360 2100 Isaia:
1396 2045 1502 2115 Ego
1567 2045 1766 2100 civitas
1795 2043 1891 2114 ﬁr-

239 2150 355 2201 ma,
385 2135 577 2189 civitas
620 2150 737 2205 qua:
783 2138 1138 2206 oppugnatur
1166 2135 1187 2166 ²
1245 2134 1370 2204 (Isa.
1430 2149 1603 2203 xxvn,
1637 2133 1728 2199 30,
1787 2148 1890 2188 sec.

241 2223 410 2294 LXX).
457 2223 758 2295 Siquidem
808 2226 960 2278 hanc
1010 2223 1270 2278 veritatis
1295 2227 1353 2277 et
1398 2221 1699 2292 sapientia:
1756 2221 1893 2276 civi-

242 2316 446 2380 tatem,
479 2329 614 2368 cum
645 2313 812 2368 firma
841 2313 918 2367 sit
947 2317 1003 2368 et
1035 2313 1296 2380 robusta,
1341 2327 1545 2366 omnes
1577 2315 1634 2366 et
1662 2310 1893 2382 sapien-

243 2405 334 2456 tes
365 2400 560 2456 saaculi
583 2406 641 2456 et
660 2401 915 2457 hmretici
943 2401 1290 2474 impugnare
1311 2405 1620 2456 conantur.
1644 2401 1713 2455 Et
1735 2399 1892 2470 quod

245 2491 320 2545 de
351 2489 718 2563 philosophis
747 2489 1026 2558 diximus,
1061 2490 1169 2546 hoc
1200 2489 1354 2546 idem
1401 2491 1578 2545 etiam
1613 2489 1682 2544 de
1713 2488 1893 2544 haere-

246 2579 381 2634 ticis
424 2579 818 2650 sentiendum,
872 2579 1027 2651 quod
1078 2578 1296 2634 frustra
1347 2577 1613 2634 laborent
1659 2582 1715 2632 et
1745 2576 1896 2632 altl'i-

251 2671 467 2740 gantur
497 2667 554 2722 in
587 2667 780 2724 studio
811 2667 1270 2739 Scripturarum,
1323 2682 1458 2720 cum
1503 2665 1809 2721 ambulent
1835 2665 1894 2720 in

248 2759 500 2828 deserto,
559 2761 616 2812 et
681 2756 968 2812 civitatem
1045 2755 1303 2811 invenire
1361 2773 1476 2810 non
1508 2753 1756 2810 valeant.
1815 2755 1898 2810 Dc

249 2862 500 2917 quorum
535 2862 729 2901 errore
760 2849 817 2901 et
845 2845 1162 2900 Psalmista
1203 2861 1329 2900 com
1343 2847 1624 2899 memorat
1656 2842 1856 2898 dicens
1883 2861 1895 2899 :

246 2939 585 2992 Erraverunt
631 2937 692 2990 in.
743 2935 948 2991 deserto
1005 2936 1142 2990 etin
1189 2934 1451 3004 inaquoso
1483 2934 1630 2987 viam
1661 2933 1899 2987 civitatis

248 3029 302 3080 et
347 3025 708 3079 habitationis
761 3025 878 3094 ejus
935 3039 1044 3078 non
1101 3024 1429 3076 invenerunt
1465 3021 1789 3090 (Psat.cv1,
1821 3022 1896 3092 4).

322 3114 476 3169 416
507 3136 534 3162 «
570 3113 658 3169 Vaa
690 3111 819 3178 tibi,
855 3117 1031 3180 terra,
1089 3113 1259 3182 cujus
1318 3127 1415 3165 rex
1452 3109 1813 3176 adolescens,
1845 3113 1902 3164 et

249 3203 545 3277 principes
576 3201 660 3257 tui
693 3217 864 3257 mane
903 3201 1239 3256 comedunt.
1273 3199 1448 3255 Beata
1480 3203 1634 3254 terra
1660 3199 1702 3266 ³,
1729 3199 1898 3268 cujus

1993 617 2288 684 Samarize,
2324 627 2376 675 et
2435 619 2694 692 gurgites
2755 621 3040 675 Damasci.
3097 623 3160 676 Et
3213 621 3370 691 dabo,
3419 623 3636 696 inquit,

1983 707 2209 778 juvenes
2235 710 2511 778 principes
2542 724 2753 772 eorum,
2797 717 2849 764 et
2905 710 3157 764 illusores
3199 710 3640 768 dominabuntur

1991 799 2068 851 eis
2097 798 2222 868 (lsa.
2253 814 2336 864 III,
2379 797 2452 867 Ii).
2489 798 2638 868 Lege
2687 797 2908 858 Daniel,
2962 804 3021 852 et
3066 804 3365 856 vetustum
3401 801 3629 858 dierum

1995 885 2252 940 invenies
2309 885 2492 941 Deum
2573 887 2737 956 (Dan.
2821 890 2942 955 vn).
3026 888 3174 958 Lege
3227 888 3637 965 Apocalypsim

1992 975 2253 1036 Joannis,
2278 981 2334 1030 et
2365 981 2540 1046 caput
2567 975 2880 1031 Salvatoris
2909 977 3224 1032 candidum
3257 981 3321 1032 ut
3348 977 3562 1049 nivem,
3585 983 3643 1034 et

1996 1062 2163 1134 quasi
2228 1062 2425 1118 lanam
2486 1062 2678 1118 albam
2733 1064 2985 1135 reperies
3039 1065 3219 1137 (Apoc.
3265 1068 3325 1134 ι).
3355 1066 3641 1123 Jeremias

1996 1168 2230 1222 quoque
2258 1151 2399 1222 quia
2427 1151 2662 1224 sapiens
2692 1158 2837 1219 erat,
2872 1156 2928 1207 et
2957 1153 3084 1208 cani
3116 1155 3243 1224 ejus
3275 1153 3334 1209 in
3355 1156 3644 1227 sapientia

1997 1241 2438 1312 reputabuntur,
2491 1239 2834 1312 prohibetur
2869 1241 3144 1310 juvenem
3197 1258 3326 1298 esse
3355 1261 3418 1300 se
3447 1244 3643 1301 dicere

1998 1330 2215 1402 (Jerem.
2252 1330 2312 1399 ι).
2350 1329 2444 1384 Va:
2473 1345 2608 1402 ergo
2641 1333 2804 1384 terrze
2852 1331 3026 1401 cujus
3073 1348 3169 1387 rex
3213 1337 3303 1386 est
3347 1333 3640 1400 diabolus,

1998 1419 2098 1490 qui
2155 1434 2388 1488 semper
2443 1435 2725 1473 novarum
2803 1435 2994 1474 rerum
3055 1421 3306 1492 cupidus
3363 1421 3540 1478 etiam
3582 1423 3643 1478 in

1999 1507 2316 1563 Abessalon
2349 1509 2628 1562 adversus
2654 1511 2952 1578 parentem
2976 1508 3251 1564 rebellat:
3277 1509 3644 1581 quaejudires

1999 1601 2056 1651 et
2088 1595 2380 1666 principes
2411 1612 2512 1652 eos
2541 1595 2736 1663 habet,
2762 1597 2862 1667 qui
2893 1603 3091 1652 ament
3120 1598 3300 1668 hujus
3321 1599 3518 1654 saeculi
3545 1617 3646 1656 vo-

2002 1685 2058 1740 lu
2065 1690 2276 1756 ptates,
2297 1685 2395 1756 qui
2415 1689 2729 1756 antequam
2747 1687 2875 1740 dies
2890 1685 3094 1741 mortis
3107 1687 3398 1755 adveniat,
3411 1687 3642 1746 dicunt:

2002 1773 2396 1829 Manducemus
2425 1778 2476 1828 et
2508 1775 2759 1828 bibamus
2779 1791 2798 1835 ,·
2824 1791 2946 1829 cras
2984 1778 3135 1830 enim
3179 1779 3482 1833 moriemur
3509 1779 3645 1849 (lca.

2001 1879 2138 1930 xxn,
2175 1863 2284 1934 13).
2320 1867 2562 1917 Ecoutra
2594 1862 2763 1918 beata
2807 1867 2961 1919 terra
3007 1864 3296 1934 Ecclesiae,
3349 1867 3520 1938 cujus
3550 1885 3650 1924 rex

2001 1956 2092 2007 est
2129 1951 2398 2006 Christus
2457 1951 2637 2006 Filius
2695 1952 3084 2023 ingenuorum
3123 1970 3146 2014 ;
3203 1955 3276 2010 de
3329 1955 3649 2025 Abraham,

2006 2042 2186 2103 Isaac,
2223 2043 2282 2095 et
2326 2039 2527 2108 Jacob,
2578 2041 2996 2113 prophetarum
3047 2059 3283 2115 quoque
3329 2049 3388 2100 et
3417 2050 3680 2102 sancto-~

2003 2146 2133 2184 rum
2167 2129 2430 2184 omnium
2462 2130 2645 2201 stirpe
2674 2130 3058 2200 descendens,
3101 2133 3318 2203 quibus
3348 2143 3647 2206 peccatum

2004 2235 2118 2273 non
2151 2218 2263 2272 fuit
2291 2218 2657 2273 dominatum
2683 2235 2696 2285 ;
2729 2223 2786 2274 et
2814 2221 2886 2274 ob
2917 2220 2973 2274 id
3013 2237 3148 2276 vere
3194 2223 3430 2279 fuerunt
3458 2224 3648 2281 liberi.

2003 2308 2083 2362 Ex
2137 2307 2353 2378 quibus
2411 2312 2548 2360 nata
2605 2311 2696 2362 est
2749 2306 2926 2380 Virgo
2979 2308 3220 2365 liberior
3272 2316 3476 2368 sancta
3522 2313 3650 2371 Ma-

2002 2396 2107 2463 ria,
2189 2397 2335 2451 477
2427 2395 2656 2450 nullum
2735 2395 2959 2452 habens
3041 2398 3333 2467 fruticem,
3418 2400 3648 2460 nullum

2005 2502 2243 2558 germen
2274 2501 2342 2541 ex
2373 2484 2588 2551 latere;
2643 2488 2742 2540 sed
2804 2491 2961 2541 totus
3017 2488 3243 2543 fructus
3298 2489 3428 2560 ejus
3457 2491 3653 2563 erupit

2005 2575 2064 2628 in
2098 2574 2320 2643 ﬂorem,
2354 2573 2686 2646 loquentem
2717 2573 2777 2628 in
2826 2575 3058 2632 Cantico
3112 2577 3510 2634 canticorum:
3541 2581 3651 2651 Ego

2003 2664 2102 2732 ﬂos
2131 2663 2333 2734 campi,
2366 2671 2416 2718 et
2448 2662 2632 2718 lilium
2659 2665 2996 2719 convallium
3043 2665 3224 2737 (Cant.
3279 2683 3342 2733 II,
3374 2666 3450 2739 1).
3484 2667 3648 2722 Prin-

2006 2753 2163 2822 cipes
2204 2767 2436 2824 quoque
2466 2752 2593 2823 ejus
2642 2757 2782 2808 sunt
2809 2754 3056 2825 apostoli
3106 2759 3162 2811 et
3203 2773 3410 2812 omnes
3439 2756 3650 2828 sancti,

2007 2841 2106 2912 qui
2126 2857 2319 2913 regem
2339 2841 2755 2896 habentﬁlium
2772 2843 3182 2915 ingenuorum,
3208 2845 3394 2900 lilium
3414 2845 3608 2902 liberae
3634 2865 3648 2914 ;

2006 2947 2122 2985 non
2162 2931 2234 2986 de
2263 2929 2474 2984 ancilla
2497 2933 2672 3002 Agar,
2719 2933 2821 2987 sed
2870 2934 2942 2988 de
2989 2934 3141 2990 Serm
3187 2935 3452 2990 libertate
3476 2951 3650 3008 gene-

2007 3024 2222 3074 ratum.
2254 3017 2369 3074 Nec
2421 3022 2738 3075 comedunt
2794 3038 2984 3087 mane,
3045 3039 3150 3078 nec
3203 3023 3492 3080 velociter.
3525 3025 3651 3080 Non

2007 3108 2164 3162 enim
2207 3107 2265 3162 in
2294 3109 2564 3178 praesenti
2596 3110 2807 3165 saeculo
2838 3118 3106 3180 quaerunt
3141 3112 3520 3184 voluptatem,
3548 3115 3648 3169 sed

2007 3203 2267 3268 tempore
2297 3213 2403 3252 suo
2435 3197 2876 3254 manducabunt
2903 3216 3035 3254 cum
3067 3201 3470 3258 retributionis
3499 3207 3651 3258 tem-

249 3311 352 3349 rex
383 3297 521 3347 tuus
575 3291 735 3346 ﬁlius
790 3290 1202 3362 ingenuorum,
1262 3293 1320 3344 et
1378 3287 1671 3360 principes
1717 3286 1802 3342 tui
1833 3286 1892 3342 in
1923 3278 1968 3342 C
2007 3302 2118 3358 pus
2141 3286 2460 3352 advenerit,
2483 3291 2540 3341 et
2562 3287 3071 3344 manducabuntin
3086 3289 3447 3360 fortitudine,
3465 3293 3649 3346 etnon

247 3387 514 3454 tempore
541 3381 879 3445 comedunt,
913 3379 972 3434 in
996 3377 1338 3434 fortitudine
1370 3382 1426 3432 et
1465 3393 1581 3432 non
1611 3375 1668 3430 in
1700 3377 1902 3432 confu-

249 3471 434 3528 sione.
473 3494 493 3519 ι
531 3471 775 3525 Videtur
805 3469 1040 3541 quidem
1076 3467 1384 3540 reprobare
1417 3467 1700 3537 juvenum
1733 3465 1897 3538 priu-

249 3561 532 3632 cipatum,
566 3568 621 3616 et
649 3558 983 3614 luxuriosos
1015 3557 1248 3628 judices
1296 3556 1709 3621 condemnare,
1740 3555 1896 3627 quod

252 3653 310 3705 in
348 3650 529 3704 altero
561 3664 663 3720 per
692 3653 922 3703 zetatem
955 3646 1031 3702 sit
1062 3646 1297 3700 inﬁrma
1340 3644 1645 3716 sapientia,
1677 3643 1738 3699 in
1765 3643 1900 3700 aliis

263 3738 442 3794 etiam
474 3742 702 3792 matura
734 3741 874 3792 astas
896 3735 1119 3792 deliciis
1140 3739 1464 3790 enervetur.
1487 3735 1557 3789 Et
1577 3733 1898 3790 econtrario

249 3825 575 3899 principem
637 3825 882 3896 probare
939 3824 1108 3878 bonis
1165 3823 1452 3892 moribus,
1499 3828 1556 3879 et
1585 3821 1902 3878 liberaliter

249 3915 590 3972 institutum
619 3931 632 3981 ;
664 3919 722 3970 et
750 3929 848 3969 eos
869 3914 1102 3984 judices
1152 3912 1486 3984 praedicare,
1536 3911 1637 3984 qui
1681 3928 1900 3983 nequa-

252 4021 434 4077 quam
467 4003 820 4076 voluptatem
855 4001 1105 4075 negotiis
1153 4001 1367 4057 civium
1416 4001 1761 4072 praeferant:
1795 4002 1898 4058 sed

251 4099 388 4167 post
420 4091 670 4148 multum
705 4091 962 4148 laborem
1011 4097 1066 4147 et
1112 4089 1674 4146 administrationem
1707 4091 1900 4162 reipu-

247 4183 438 4255 blicae,
463 4182 659 4237 cibum
682 4197 886 4252 capere
909 4182 1076 4252 quasi
1101 4178 1446 4235 necessitate
1471 4183 1771 4250 cogantur.
1795 4180 1903 4236 Ve-

248 4289 383 4328 rum
415 4270 560 4326 mihi
583 4269 870 4325 sacratius
904 4269 1043 4341 quid
1091 4271 1268 4323 latere
1318 4267 1548 4322 videtur
1595 4266 1655 4322 in
1686 4265 1897 4334 littera,

247 4361 402 4432 quoi
429 4361 677 4429 juvenes
728 4358 1000 4413 dicantur
1047 4357 1106 4412 in
1155 4356 1476 4428 Scriptura,
1533 4355 1631 4427 qui
1665 4356 1900 4412 aveteri

244 4450 592 4506 auctoritate
622 4447 978 4516 desciscunt,
1012 4453 1068 4502 et
1099 4463 1244 4500 cana
1274 4449 1560 4517 praecepta
1589 4449 1899 4516 parentum

242 4541 670 4594 contemnunt:
705 4535 806 4607 qui
856 4534 1112 4607 neglecto
1163 4535 1263 4590 Dei
1315 4534 1612 4603 mandato,
1658 4533 1904 4606 cupiunt

2005 3375 2066 3429 in
2097 3375 2457 3430 confusione.
2487 3375 2671 3432 Omne
2697 3376 2916 3432 bonum
2975 3379 3274 3451 praesentis
3302 3379 3501 3436 saeculi
3532 3397 3651 3436 non

2009 3463 2159 3519 fusio
2191 3469 2299 3530 est,
2331 3464 2511 3519 futuri
2563 3469 2844 3537 perpetua
2891 3466 3188 3523 fortitudo.
3238 3467 3374 3523 Tale
3421 3469 3562 3542 quid
3593 3477 3652 3528 et

2007 3554 2068 3608 in
2101 3553 2250 3609 Isaia
2279 3553 2525 3609 dicitur:
2586 3555 2718 3610 Ecce
2771 3557 2870 3627 qui
2921 3559 3166 3613 serviunt
3219 3559 3384 3629 mihi,
3407 3563 3648 3618 mandu-

2008 3647 2204 3703 cabunl
2233 3645 2291 3700 ιε
2349 3660 2442 3698 vos
2497 3653 2682 3699 autem
2743 3648 3010 3700 esurietis.
3081 3647 3148 3701 Et
3200 3647 3454 3706 iterum:
3517 3653 3650 3710 Ecce

2007 3739 2104 3810 qui
2157 3737 2404 3790 serviunt
2452 3737 2613 3802 mihi,
2672 3736 3036 3794 (inlabuntur;
3091 3752 3182 3792 vos
3226 3741 3406 3794 autem
3427 3741 3652 3812 pudebit

2009 3828 2138 3900 (13a.
2175 3842 2299 3896 va,
2342 3825 2406 3878 13
2433 3833 2484 3879 et
2508 3826 2618 3895 14).

2083 3938 2112 3967 ‹‹
2146 3915 2210 3970 ln
2242 3913 2494 3986 pigritiis
2524 3912 2931 3969 humiliabitur
2971 3917 3350 3988 contignatio,
3383 3925 3440 3977 et
3467 3922 3526 3978 in
3559 3925 3648 3981 in-

2011 4004 2284 4060 ﬁrmitate
2307 4019 2586 4057 manuum
2611 4001 2857 4058 stillabit
2877 4003 3107 4060 domus.
3135 4028 3162 4054 »
3189 4013 3405 4064 Domus
3425 4017 3648 4088 nostra,

2009 4114 2133 4168 qua:
2166 4110 2300 4149 cum
2331 4096 2486 4147 statu
2534 4091 2788 4147 hominis
2839 4100 3028 4150 erecta
3072 4097 3178 4166 [Αἰ.
3211 4103 3422 4168 creata]
3455 4108 3564 4173 est,
3595 4109 3653 4160 et

2011 4183 2290 4242 habitatio
2321 4197 2498 4253 quam
2532 4181 2819 4237 habemus
2850 4183 2909 4238 in
2941 4183 3123 4256 caelis,
3155 4186 3202 4241 si
3237 4188 3386 4262 pigri
3419 4208 3649 4262 sumus,

2010 4280 2066 4330 et
2086 4274 2155 4328 ad
2191 4273 2342 4327 bona
2363 4287 2538 4342 opera
2568 4270 2871 4343 tardiores,
2897 4272 3328 4334 humiliabitur.
3361 4281 3432 4336 Et
3455 4282 3651 4339 omnis

2010 4361 2368 4435 contignatio
2399 4378 2526 4432 quae
2559 4361 2730 4416 debet
2758 4362 2993 4418 culmen
3030 4367 3259 4436 portare
3286 4368 3346 4424 in
3377 4370 3650 4438 sublime,

2010 4454 2081 4508 ad
2115 4459 2328 4508 terram
2363 4467 2660 4518 corruens,
2695 4451 3082 4508 habitatorem
3132 4471 3305 4511 suum
3337 4458 3649 4530 opprimet.

2009 4546 2271 4612 Cumque
2301 4539 2584 4596 auxilium
2617 4557 2900 4596 manuum
2924 4541 3326 4616 virtutumque
3344 4549 3648 4620 torpuerit,

244 4631 506 4683 statuere
561 4625 904 4682 traditiones
964 4624 1292 4680 hominum.
1355 4623 1434 4679 De
1492 4623 1708 4694 quibus
1757 4627 1815 4679 et
1840 4623 1898 4680 in
1931 4645 1978 4708 Β
2007 4645 2213 4684 omnes
2241 4628 2494 4699 desuper
2534 4632 2930 4699 tempestates,
2981 4634 3039 4684 et
3069 4631 3405 4688 nimborum
3436 4635 3509 4690 ad
3542 4653 3649 4692 nos

239 4715 396 4773 Isaia
433 4722 576 4788 (cap.
621 4714 748 4786 vm)
803 4711 1000 4768 lsraeli
1049 4711 1335 4768 Dominus
1385 4713 1800 4779 comminatur,
1831 4728 1897 4769 eo

240 4805 400 4878 quod
433 4803 689 4860 noluerit
717 4819 929 4874 aquam
953 4801 1124 4873 Siloe,
1153 4791 1280 4875 qua;
1304 4800 1462 4856 vadit
1484 4817 1614 4857 cum
1642 4800 1894 4874 silentio,

316 5033 383 5042 ——
418 5001 662 5056 l’anitate
694 5000 953 5065 tumultu,
983 5004 1096 5054 etc.
1139 4997 1500 5054 Corbeiensis
1533 4998 1712 5054 codex
1740 5000 1898 5053 vetu-

239 5073 568 5138 stissimus,
613 5075 674 5127 Et
704 5073 867 5142 ﬁnem
898 5071 1153 5142 loquendi
1198 5072 1444 5142 vanitate
1485 5071 1820 5142 tumultuosa
1847 5074 1898 5125 et

235 5144 604 5216 impudentia,
639 5160 825 5199 errore
853 5141 1212 5202 convolvunt;
1247 5141 1391 5216 alter
1437 5141 1623 5216 etiarn
1647 5141 1894 5207 Corbei.,

237 5213 554 5288 [inpudenti
581 5232 766 5271 errore
804 5216 1179 5288 convolvunt;
1217 5213 1356 5268 editi
1403 5229 1537 5269 vero
1586 5213 1811 5288 Erasm.
1842 5218 1900 5268 et

235 5285 482 5344 Marian.
548 5288 800 5344 Vanitate
874 5303 999 5342 cum
1065 5287 1236 5340 multo
1307 5300 1493 5340 errore
1547 5285 1892 5340 convolvunt.

238 5365 525 5416 Maurum.

315 5451 332 5484 ¹
367 5449 620 5504 Rursum
643 5463 776 5502 cum
804 5447 1012 5502 iisdem
1037 5447 1210 5502 editis
1232 5443 1478 5500 Palatin.
1507 5444 1676 5498 codd.
1699 5445 1772 5499 De
1790 5445 1897 5499 hae-

238 5522 428 5579 reticis
457 5521 943 5591 disputationibus.
979 5519 1242 5572 Vatican.
1298 5523 1374 5572 De
1402 5517 1674 5571 haereticis
1704 5517 1892 5586 dispu-

235 5599 436 5654 tantes.
469 5590 724 5662 Aleuin.,
763 5591 1188 5662 dispulantibus.

310 5666 334 5702 ²
363 5665 451 5720 Ita
480 5657 858 5718 retinendum
901 5679 1036 5718 cum
1086 5677 1228 5717 mss.
1272 5657 1439 5730 libris
1469 5662 1646 5730 atque
1686 5658 1882 5717 editis.

2007 4717 2180 4772 turbo
2209 4715 2557 4788 prorumpit.
2591 4717 2764 4772 Porro
2788 4718 2943 4788 quod
2978 4719 3036 4772 in
3065 4719 3302 4776 homine
3333 4737 3450 4778 uno
3470 4722 3650 4780 inter-
3677 4769 3684 4776 .

2007 4807 2216 4880 pretati
2239 4822 2467 4872 sumus,
2503 4803 2714 4861 melius
2737 4810 2926 4878 potest
2946 4823 3124 4879 super
3145 4809 3401 4866 Ecclesia
3421 4811 3603 4886 accipi
3629 4831 3642 4884 ;

2005 5005 2372 5076 oppugnatur.
2403 5002 2528 5058 Vid.
2561 5001 2807 5074 epistola
2835 5004 2904 5058 30
2949 5003 3019 5059 ad
3065 5007 3318 5074 Paulam,
3352 5023 3515 5064 num.
3557 5009 3646 5067 44.

2079 5107 2144 5149 -ή
2173 5077 2376 5149 Civitas
2405 5090 2524 5149 qua:
2555 5084 2928 5149 Oppugnatur.
2956 5076 3016 5131 1n
3051 5077 3163 5132 line
3193 5079 3452 5149 epistola:
3480 5081 3552 5135 30
3571 5083 3642 5138 ad

2009 5146 2247 5221 Paulam
2276 5147 2346 5221 de
2375 5146 2695 5216 Alphabeto
2731 5147 3007 5203 llebraico
3054 5165 3186 5204 cum
3228 5146 3518 5221 particula
3547 5171 3650 5210 ne-

2006 5219 2218 5290 gativa,
2269 5219 2402 5286 Quae
2431 5235 2557 5290 non
2599 5226 2983 5288 appugnatur;
3016 5222 3155 5290 quia
3193 5219 3497 5281 centextus
3527 5243 3650 5282 ser-

2009 5289 2200 5366 monis
2250 5289 2616 5361 negationem
2667 5289 3065 5366 cxigit,__si_cut
3107 5298 3164 5346 et
3208 5293 3262 5347 in
3296 5295 3546 5366 epistola
3573 5298 3652 5355 ad

2005 5364 2528 5440 ᾼιρᾳδίαηιηᾳυωες.
2551 5363 2829 5416 secunda.
2855 5363 2972 5417 Nisi
2995 5364 3256 5440 l'ortepro
3275 5363 3645 5440 oppugnatur,

2006 5433 2085 5491 ibi
2119 5433 2430 5504 legendum
2463 5433 2560 5504 sit,
2590 5448 2698 5486 non
2729 5439 3098 5504 e.cpugnatur.
3135 5433 3418 5496 ΜΑιιτίᾹΝ.

2073 5507 2096 5541 ³
2127 5505 2310 5579 Vatis.
2339 5509 2393 5558 et
2423 5503 2670 5579 Palatio,
2707 5503 2866 5579 Beata
2901 5515 2960 5579 tu
2987 5511 3161 5579 terra,
3197 5515 3304 5566 etc.

2074 5580 2094 5613 ὀ
2124 5577 2373 5632 Priorem
2423 5575 2578 5630 hunc
2629 5592 2696 5630 ex
2744 5576 2894 5632 Isaia
2946 5575 3157 5636 locum
3193 5582 3422 5641 codices
3460 5583 3644 5641 nostri

2002 5666 2206 5706 omnes
2241 5650 2716 5722 praetermittunt.
2761 5650 3051 5709 Victorius
3096 5655 3280 5724 addit,
3307 5658 3458 5715 Bona
3485 5672 3644 5713 man-

231 5736 390 5803 Alibi
418 5739 616 5793 tamen
651 5732 798 5809 legit
827 5733 953 5808 ipse
975 5735 1388 5810 Hieronymus,
1415 5723 1624 5790 Civitas
1641 5745 1768 5806 quae
1781 5747 1893 5790 non
1999 5723 2293 5783 ducebant.
