3996 6392
361 400 518 463 1155

1600 400 1663 461 S.
1711 397 2023 463 EUSEBlI
2065 396 2533 461 HIERONYMI.

3599 392 3764 459 1156

361 536 519 609 quod
551 552 653 607 per
683 533 1094 607 negligentiam
1127 534 1459 606 principum
1494 534 1687 589 omnis
1717 534 1843 603 ejus
1875 550 2000 588 cor-
2031 534 2085 600 Α
2113 533 2378 589 bentium
2409 534 2431 566 ⁸
2461 532 2660 587 vinum
2692 534 3039 604 prieparant.
3072 529 3276 587 Omnis
3306 530 3503 602 itaque
3524 531 3612 587 vir
3627 548 3767 587 san-

360 630 493 681 ruat
519 624 805 681 altitudo:
852 629 909 678 et
948 622 1027 677 ibi
1074 623 1351 678 vitiorum
1397 622 1680 677 illecebras
1728 622 1869 686 sint,
1903 621 2002 676 ubi

361 721 589 787 tegmen
630 718 644 750 ¹
673 713 988 784 putabatur
1016 728 1144 766 esse
1174 712 1485 767 virtutum.

433 826 459 853 ‹‹
486 808 551 857 In
585 801 703 855 risu
739 802 960 855 faciunt
997 816 1209 870 panem
1240 806 1297 856 et
1351 801 1549 855 vinum
1582 802 1621 863 ²,
1674 805 1737 854 ut
1765 798 2003 870 epulen-

360 898 459 949 tur
486 891 763 947 viventes.
797 890 866 942 Et
921 894 1161 960 argento
1226 889 1509 944 obediunt
1555 889 1659 959 [Αἱ.
1706 888 2003 957 obediens]

360 980 576 1036 omnia.
612 1004 639 1028 ››
690 979 971 1033 Existimo
1024 996 1090 1034 ex
1132 979 1535 1050 superioribus
1566 978 1816 1049 pendere
1846 977 2002 1047 quod

359 1070 645 1141 sequitur.
681 1070 741 1122 In
767 1068 1002 1140 pigritia
1029 1067 1185 1123 enim
1218 1072 1274 1122 et
1304 1068 1362 1121 in
1406 1068 1671 1122 socordia
1701 1066 2005 1137 magistro-

358 1175 492 1214 rum
543 1157 845 1213 humiliari
899 1156 1237 1226 Ecclesium,
1287 1162 1344 1212 et
1395 1156 1625 1211 culmen
1661 1156 1789 1225 ejus
1818 1154 2008 1209 conci-

358 1248 515 1314 dere,
547 1251 603 1301 et
634 1247 796 1317 tigna
844 1244 1048 1317 perflui
1081 1246 1122 1309 ³,
1175 1262 1355 1315 supra
1405 1244 1804 1316 exposuimus.
1839 1243 2004 1297 Nunc

357 1353 494 1408 ergo
524 1337 593 1390 de
625 1334 841 1389 eisdem
875 1333 1175 1405 magistris
1226 1332 1505 1404 loquitur.
1560 1333 1625 1386 Et
1674 1331 1811 1402 quia
1842 1330 2003 1385 visus

357 1428 546 1482 fuerat
575 1439 849 1479 accusare
906 1438 1024 1491 eos,
1081 1438 1188 1477 cur
1215 1425 1495 1487 tacerent,
1530 1425 1586 1475 et
1619 1437 1732 1475 non
1765 1425 2003 1474 uteren-

355 1520 452 1571 tur
482 1514 672 1569 ofticio
700 1512 1143 1582 magistrorum,
1177 1515 1233 1565 et
1281 1510 1540 1582 episcopi
1593 1514 1651 1563 et
1681 1508 2003 1580 presbyteri

352 1601 413 1657 in
443 1601 701 1657 Ecclesia
745 1600 1072 1664 constituti,
1103 1616 1216 1653 non
1248 1599 1579 1653 laborarent
1630 1598 1687 1651 in
1737 1612 2004 1652 sermone

354 1695 412 1746 et
465 1689 748 1757 doctrina,
807 1689 964 1759 quod
1024 1688 1179 1743 478
1214 1692 1274 1741 et
1313 1686 1480 1741 Titus
1510 1689 1915 1740 commonetur
1943 1687 2008 1739 ut

356 1779 533 1834 faciat
562 1778 685 1847 (Tit.
723 1795 763 1843 1,
793 1778 870 1847 5),
904 1780 961 1831 et
1011 1776 1315 1831 Timotheo
1363 1774 1718 1846 praecipitur,
1773 1790 1843 1828 ne
1871 1789 2004 1844 gra-

353 1868 497 1923 tiam
532 1865 809 1938 negligat,
844 1882 1022 1936 quam
1081 1882 1183 1936 per
1225 1863 1657 1936 impositionem
1720 1878 2004 1916 manuum

354 1960 689 2027 acceperat;
724 1954 826 2009 sed
859 1959 914 2009 et
946 1953 1001 2008 in
1035 1970 1102 2008 eo
1135 1970 1197 2008 se
1243 1952 1601 2007 aestimarent
1631 1953 2000 2023 presbyteros

353 2049 412 2101 et
441 2044 765 2114 episcopos,
799 2046 863 2097 ut
892 2042 1175 2097 salutaria
1205 2042 1532 2112 acciperent
1566 2040 1604 2107 ⁵,
1656 2045 1713 2094 ct
1746 2039 1827 2093 uti
1861 2058 1998 2110 pras-

353 2138 615 2206 ceptores
647 2133 924 2186 honorem
956 2130 1248 2202 daplicem
1301 2133 1647 2200 quaarerent,
1698 2128 1797 2200 qui
1836 2127 1997 2183 latio-

352 2222 621 2277 rantibus
651 2220 707 2274 in
766 2219 1033 2274 doctrina
1090 2223 1147 2273 et
1194 2234 1463 2273 sermone
1497 2219 1740 2273 debetur
1771 2217 1819 2288 (I
1852 2219 1996 2271 Tim.

354 2328 429 2380 Iv,
460 2311 589 2381 lt);
638 2326 793 2364 nunc
851 2308 1142 2363 contrario
1190 2312 1431 2363 accusat
1478 2324 1577 2364 eos
1615 2306 1710 2378 qui
1747 2306 1997 2376 loquun-

350 2404 447 2456 tur
473 2400 711 2471 quidem
741 2398 799 2452 in
834 2396 1107 2463 Ecclesia,
1141 2400 1197 2451 et
1244 2397 1454 2452 docent
1497 2395 1762 2468 populos,
1799 2395 1897 2449 sed
1932 2411 2000 2449 ea

353 2490 563 2544 docent
591 2505 716 2560 qua:-
750 2486 1029 2558 populum
1061 2487 1264 2541 audire
1311 2485 1573 2555 delectet,
1609 2483 1763 2555 quod
1798 2499 1999 2554 pecca-

353 2583 509 2633 tores
540 2576 736 2649 palpet
765 2576 820 2630 in
852 2576 1012 2642 vitio,
1046 2580 1103 2631 et
1150 2574 1428 2645 strepitus
1476 2573 1727 2630 concitet
1756 2573 2000 2628 audien-

352 2667 523 2721 tium.
582 2666 783 2719 Nonne
838 2664 1072 2734 quando
1128 2664 1187 2717 in
1220 2663 1476 2719 Ecclesia
1506 2662 1736 2717 lascivit
1764 2661 1947 2716 oratio
1979 2661 2000 2694 ⁵

354 2756 463 2825 [Αἱ.
516 2754 755 2822 orator],
805 2758 862 2807 et
909 2752 1354 2811 beatitudinem.
1405 2757 1463 2808 et
1509 2768 1690 2823 regna
1720 2750 1999 2805 caelorum

356 2842 721 2899 multitudini
757 2839 1080 2913 pollicetur,
1128 2840 1356 2895 videtur
1394 2840 1496 2895 tibi
1528 2840 1586 2893 in
1632 2840 1753 2894 risu
1789 2855 1996 2910 panem

356 2933 565 2999 facere,
596 2936 653 2985 et
685 2930 881 2984 vinum
916 2930 985 2984 ad
1021 2928 1281 2984 laetitiam
1315 2930 1557 2984 miscere
1597 2928 2001 2983 viventium“?

355 3022 482 3077 Sive
512 3021 664 3093 quod
720 3019 834 3091 ipsi
892 3018 993 3090 qui
1052 3019 1279 3087 docent,
1341 3018 1596 3087 divitias,
1645 3022 1701 3072 et
1730 3018 1910 3083 cibos,
1944 3022 2002 3071 et

355 3126 494 3183 opes
520 3126 623 3182 per
679 3106 1053 3163 delectabilia
1111 3107 1403 3177 promissa
1459 3106 1846 3178 conquirant;
1881 3107 2000 3161 sive

355 3199 509 3273 quod
542 3197 810 3253 Ecclesiae
844 3213 1073 3268 panem,
1108 3195 1209 3266 qui
1244 3197 1409 3267 panis
1442 3195 1768 3267 lugentium
1799 3200 1908 3261 est,
1944 3200 2002 3251 et

2115 627 2243 677 ctus
2274 622 2395 693 qui,
2430 625 2494 676 ut
2522 621 2789 676 Christus
2824 621 3114 692 praecepit,
3167 620 3449 692 magister
3491 620 3761 675 Ecclesia:

2115 716 2223 780 est,
2255 711 2314 766 in
2349 711 2468 766 risu
2502 714 2559 766 et
2586 709 2787 765 laetitia
2834 727 3043 781 panem
3097 710 3256 779 facit,
3299 714 3357 764 et
3401 708 3518 763 vini
3552 708 3763 780 pocula

2115 799 2412 855 ministrat
2441 800 2498 854 in
2532 799 2765 870 gaudio.
2820 800 3143 869 Argentum
3194 814 3450 871 quoque,
3499 797 3592 854 cui
3622 798 3764 854 obe-

2114 889 2285 943 diunt
2313 890 2417 959 [Αι.
2452 887 2754 958 obediens]
2783 887 3001 952 omnia,
3040 886 3301 958 quinque
3330 885 3433 941 illa
3469 887 3540 943 de
3569 887 3761 942 Evan-

2114 977 2285 1047 gelio,
2319 983 2376 1032 et
2400 978 2536 1045 duo,
2570 982 2625 1031 et
2656 993 2841 1031 unum
2874 974 3319 1048 patrisfamilias
3341 980 3482 1031 sunt
3512 976 3757 1045 talenta,

2113 1072 2171 1122 et
2200 1067 2399 1121 decem
2433 1082 2602 1132 mnis,
2636 1082 2763 1135 qure
2797 1064 2981 1119 servis
3012 1064 3069 1118 in
3097 1063 3484 1135 negotiatione
3506 1063 3758 1119 credun-

2115 1159 2210 1211 tur
2239 1154 2424 1222 (Matth
2451 1171 2577 1221 xxv,
2610 1154 2807 1224 σοφίῃ).

2185 1268 2213 1292 ‹‹
2276 1246 2338 1299 In
2400 1248 2594 1297 mente
2652 1248 2755 1297 tua
2814 1242 2935 1315 regi
2988 1259 3058 1297 ne
3119 1242 3509 1311 maledixeris,
3579 1245 3637 1298 et
3696 1243 3755 1298 in

2113 1337 2335 1387 secreto
2366 1330 2578 1387 cubilis
2628 1331 2735 1395 tui,
2796 1349 2867 1386 ne
2927 1331 3319 1395 maledixeris,
3354 1331 3513 1386 diviti
3552 1349 3565 1399 ;
3600 1332 3754 1388 47’

2113 1421 2252 1493 quia
2279 1420 2400 1475 avis
2438 1420 2565 1475 cceli
2611 1420 2834 1475 auferet
2881 1437 3100 1490 vocem,
3151 1426 3209 1475 et
3253 1420 3476 1476 habens
3505 1436 3750 1493 pennas,

2114 1510 2490 1565 annuntiabit
2547 1510 2785 1564 verbum
2819 1511 2859 1564 θ.
2898 1533 2923 1557 »ι
2984 1510 3052 1563 Et
3101 1508 3351 1581 simplex
3398 1515 3749 1582 praeceptum

2113 1600 2361 1653 aadllieat
2392 1599 2734 1665 audientes;
2781 1616 2852 1653 ne
2898 1598 2985 1653 ira
3032 1604 3089 1654 et
3138 1599 3330 1653 furore
3379 1599 3662 1671 superati,
3691 1598 3752 1654 in

2116 1688 2492 1742 maledictum
2521 1687 2651 1742 etin
2680 1687 3099 1742 detractionem
3127 1703 3330 1759 regum
3348 1693 3405 1743 et
3422 1687 3752 1760 principum

2114 1792 2605 1848 prorumpamus;
2642 1776 2780 1847 quia
2811 1781 3011 1831 contra
3033 1792 3196 1848 spem
3220 1776 3513 1832 interdum
3539 1777 3751 1843 evenit,

2115 1871 2181 1919 ut
2210 1864 2303 1919 his
2333 1864 2548 1936 quibus
2580 1864 3015 1931 malediximus,
3050 1866 3372 1932 nuntietur,
3403 1870 3462 1920 et
3490 1864 3749 1920 incurra-

2109 1970 2243 2008 mus
2266 1952 2592 2024 periculum
2616 1953 3101 2008 immoderatione
3124 1952 3356 2026 linguas.
3376 1953 3537 2019 Quod
3557 1958 3750 2010 autem

2109 2042 2231 2097 ait:
2289 2062 2308 2090 ι
2343 2042 2480 2096 Avis
2530 2042 2658 2096 cceli
2708 2043 2932 2097 auferet
2977 2059 3213 2109 vocem,
3253 2047 3311 2097 et
3359 2043 3579 2098 habens
3608 2059 3751 2114 pen-

2107 2148 2215 2187 nas
2245 2130 2623 2186 annuntiabit
2654 2131 2916 2201 verbum,
2954 2154 2980 2179 ››
3012 2131 3383 2203 hyperbolice
3415 2130 3751 2203 intelligen-

2108 2221 2271 2285 dum,
2303 2220 2595 2291 quomodo
2625 2220 2883 2275 solemus
2911 2220 3122 2289 dicere,
3154 2219 3328 2275 etiam
3373 2220 3531 2292 ipsos
3560 2219 3753 2292 parie-

2106 2314 2216 2376 tes,
2249 2309 2464 2381 quibus
2496 2309 2745 2364 consciis
2774 2308 3092 2379 loquimur,
3144 2326 3269 2381 qua:
3311 2308 3599 2365 audierint
3627 2325 3748 2364 non

2108 2398 2415 2453 celaturos.
2466 2399 2575 2451 Sed
2626 2397 2833 2452 melius
2882 2403 2971 2453 est
3016 2399 3098 2453 sic
3138 2398 3339 2453 audire
3371 2402 3749 2470 praeceptum,

2110 2493 2175 2542 ut
2204 2486 2461 2542 sciamus
2492 2486 2661 2541 nobis
2692 2503 2819 2542 esse
2852 2487 3215 2554 mandatum,
3250 2504 3364 2542 non
3397 2486 3586 2541 solum
3616 2502 3754 2541 con-

2109 2582 2197 2631 tra
2218 2576 2517 2632 Christum
2541 2580 2757 2630 temere
2780 2574 2924 2630 nihil
2951 2576 3327 2647 loquendum,
3348 2592 3546 2630 verum
3569 2575 3753 2631 etiam

2108 2664 2167 2719 in
2199 2665 2427 2720 arcanis
2471 2664 2682 2727 cordis,
2726 2664 2996 2735 quamvis
3041 2665 3218 2720 variis
3267 2663 3754 2720 tribulationibus

2109 2757 2486 2821 coarctcmur,
2520 2752 2661 2806 nihil
2696 2752 3135 2824 blasphemum,
3167 2752 3310 2808 nihil
3343 2753 3587 2825 impium
3620 2769 3754 2808 sen-

2107 2843 2393 2896 tiendum.
2429 2842 2497 2895 Et
2526 2841 2667 2911 quia
2697 2840 3069 2897 dilectionem
3101 2858 3278 2913 quam
3330 2842 3557 2897 Christo
3587 2841 3754 2897 exhi-

2109 2932 2338 2997 bemus,
2390 2930 2675 2984 dehemus
2723 2936 2780 2985 et
2823 2931 3125 3001 proximo:
3174 2932 3375 3002 Diliges
3420 2933 3615 3002 quippe
3642 2931 3751 2986 Do-

2108 3021 2321 3073 minum
2351 3019 2521 3073 Deum
2551 3026 2725 3085 tuum,
2756 3019 2846 3073 sed
2875 3028 2930 3073 et
2958 3020 3276 3090 proximum
3305 3028 3458 3074 tuum
3489 3023 3753 3090 tanquam

2109 3111 2364 3179 teipsum,
2396 3107 2569 3162 etiam
2605 3124 2759 3162 nunc
2798 3108 3101 3178 jubemur,
3152 3124 3223 3162 ne
3275 3113 3406 3179 post
3451 3124 3644 3181 regem
3674 3109 3751 3165 de

2109 3198 2328 3253 sanctis
2362 3212 2595 3268 quoque
2654 3195 2819 3251 facile
2878 3196 3296 3265 detrahamus;
3357 3201 3413 3252 et
3468 3213 3566 3252 eos
3595 3213 3749 3268 quos

356 3271 470 3344 non
491 3287 804 3342 ridentium
830 3286 1003 3357 (beati
1031 3284 1247 3356 quippe
1268 3283 1553 3355 lugentes,
1583 3284 1858 3356 quoniam
1885 3284 1995 3355 ipsi
2028 3271 2071 3338 C
2110 3286 2426 3341 viderimus
2448 3284 2754 3356 sapientia,
2774 3286 3033 3351 scientia,
3056 3285 3487 3355 vistutibusque
3509 3286 3749 3357 ditatos,

355 3376 652 3445 ridebunt)
685 3375 742 3428 in
777 3374 976 3428 laetitia
1005 3374 1337 3445 gaudioque
1360 3374 1688 3427 coniiciunt.
1714 3373 1875 3437 Quod
1901 3391 1996 3427 au-

352 3470 470 3521 tem
504 3464 803 3535 sequitur:
843 3464 1100 3518 Pecuniae
1127 3461 1213 3517 vel
1244 3466 1465 3533 argento
1495 3461 1751 3517 obediunt
1788 3464 1993 3530 omnia,

355 3552 666 3625 dupliciter
717 3551 1158 3622 accipiendum:
1222 3552 1307 3605 vel
1344 3551 1502 3623 ipsos
1549 3552 1813 3606 doctores
1847 3556 1998 3623 post-

355 3659 531 3715 quam
588 3641 922 3698 adulatione
973 3639 1138 3694 ditati
1189 3640 1328 3702 sint,
1372 3657 1617 3711 regnum
1662 3641 1719 3694 in
1753 3639 1999 3711 populos

354 3746 653 3788 exercere:
689 3729 776 3785 vel
807 3734 983 3796 certe,
1028 3729 1165 3800 quia
1213 3737 1521 3800 argentum
1579 3745 1679 3800 pro
1735 3745 1999 3783 sermone

356 3837 586 3893 semper
615 3819 934 3890 accipiatur
962 3835 973 3873 :
1006 3819 1246 3889 Eloquia
1302 3817 1457 3873 enim
1515 3818 1752 3883 Domini,
1783 3818 2001 3887 eloquia

354 3914 525 3977 casta,
581 3912 875 3978 argentum
933 3910 1059 3979 igne
1086 3908 1381 3979 probatum
1437 3915 1601 3963 terra?
1628 3907 1670 3974 ⁷,
1701 3911 2001 3978 purgatura

354 3999 663 4070 septuplum
694 3997 864 4067 (Psal.
908 4013 969 4061 ιι,
1030 3997 1121 4065 7);
1174 3996 1283 4052 hoc
1328 4000 1637 4065 asseverat,
1704 3997 1857 4068 quod
1889 3996 2002 4051 elo-

357 4086 610 4159 quentiae
669 4090 727 4140 et
784 4085 1053 4153 orationi,
1113 4102 1242 4157 quae
1297 4084 1606 4140 verborum
1668 4085 1745 4139 sit
1801 4086 2003 4143 fronde

358 4174 700 4247 composita,
762 4174 927 4229 facile
982 4174 1193 4247 vulgus
1249 4175 1415 4229 cedat
1472 4174 1726 4246 ignobile
1779 4175 1998 4233 Aliter:

358 4264 466 4331 Qui
496 4263 717 4319 habent
746 4265 896 4335 apud
930 4281 992 4319 se
1023 4280 1329 4336 sponsum,
1364 4268 1421 4317 et
1471 4269 1775 4343 propterea
1805 4265 2003 4336 lugere

356 4352 705 4423 etjejunare
732 4353 1137 4425 prohibentur,
1191 4352 1249 4405 in
1286 4353 1407 4407 risu
1442 4353 1664 4407 faciunt
1694 4370 1927 4424 panem.
1960 4357 2004 4410 A

358 4458 474 4513 quo
503 4440 624 4497 risu
659 4450 713 4497 et
745 4442 905 4497 Isaae
936 4458 1146 4496 nomen
1181 4439 1422 4511 accepit.
1472 4446 1529 4495 et
1576 4440 1631 4495 in
1686 4440 1887 4496 laetitia
1918 4444 2005 4497 bi-

430 4584 445 4619 ¹
481 4583 664 4639 Palat.
699 4583 794 4638 ubi
824 4584 1085 4653 regimen.
1122 4581 1308 4638 Vatic.
1344 4582 1607 4654 tegimen.

428 4657 450 4690 ⁹
478 4657 543 4711 In
579 4658 699 4711 risu
729 4656 948 4725 faciunt

430 4673 450 4690 ⁸
478 4673 543 4711 m
579 4673 699 4711 νιςη
729 4673 948 4725 [aetum
1009 4673 1173 4709 anem
1197 4673 1248 4708 ει
1288 4673 1492 4709 mnum.
1530 4673 1613 4708 1ῑᾶ
1645 4673 1844 4723 legunt
1873 4673 2001 4710 om-

359 4744 468 4808 nes
495 4744 638 4808 mss.
664 4728 909 4808 "Sicque
950 4673 1278 4808 ﬁgendum
1337 4726 1564 4808 docent
1587 4728 2006 4808 consequentia

356 4800 530 4854 verba
568 4799 626 4853 in
661 4794 1089 4853 Commentario
1121 4798 1298 4866 hujus
1328 4794 1590 4867 capituli,
1637 4794 1903 4865 quamvis
1937 4816 2005 4853 ex

358 4870 595 4926 Hebrmo
650 4874 848 4940 postea
910 4869 1296 4940 Hieronymus
1354 4867 1773 4938 interpretatus
1817 4868 1912 4940 sit,
1945 4872 2001 4925 in

361 4944 535 4996 risum
563 4939 778 5012 faciunt
805 4956 1026 5010 panem,
1057 4946 1164 4993 etc.
1189 4939 1479 5012 litanias.

428 5009 744 5068 3Ma'rtian.
802 5009 1041 5092 perplui,
1092 5009 1235 5091 satis
1287 5009 1999 5092 malc,.nost.risque_mss.

361 5088 538 5157 atque
567 5090 738 5157 antea
774 5080 945 5137 editis
985 5080 1151 5157 libris
1211 5080 1766 5157 contradicentibus.
1809 5085 2004 5140 Ferme

360 5152 686 5228 elegantius
716 5154 952 5228 legerat_
969 5152 1563 5228 A-lcuinus‘perﬂuere.

431 5223 498 5270 -ῖ-
524 5228 586 5280 Et
617 5227 772 5298 ligna
797 5225 1036 5298 perplui.
1072 5223 1209 5277 Mss.
1252 5224 1652 5298 Corbeienses,
1683 5234 1733 5281 et
1759 5228 2003 5298 tegmina

356 5299 603 5370 perplui.
640 5297 862 5370 Erasm.
898 5296 1049 5365 ligna
1072 5296 1292 5365 per/lui,
1315 5296 1617 5370 ΔΜλῐινιεῐρυπ.

432 5367 471 5404 ι’
489 5370 550 5425 Ut
579 5367 851 5420 salutaria
878 5370 1202 5439 acriperent.
1235 5367 1365 5421 ’l‘ria
1384 5370 1738 5439 exemplaria
1768 5387 1910 5423 mss.
1943 5374 2003 5423 ut

360 5442 576 5497 salaria
608 5444 929 5508 acciperent.
963 5438 1315 5494 Sorbonicus
1355 5438 1565 5507 codex,
1588 5445 1647 5494 ut
1677 5443 2003 5496 saluiatoria

362 5514 687 5584 acciperent.
726 5511 875 5584 inter
907 5511 1012 5567 has
1042 5511 1332 5584 variantes
1364 5512 1664 5584 lectiones,
1696 5513 2001 5584 antiquam

361 5581 645 5638 librorum
679 5581 962 5639 editorum
988 5582 1363 5651 retinuimus,
1388 5582 1542 5640 sicut
1561 5584 1737 5639 etiam
1760 5581 2004 5655 sequen-

363 5662 502 5717 tem,
535 5659 586 5710 et
618 5658 698 5708 uti
724 5664 1090 5729 praeoptares.
1130 5672 1227 5727 pro
1278 5672 1392 5727 quo
1426 5655 1480 5711 in
1513 5656 1546 5711 3
1593 5673 1733 5712 mss.
1770 5656 2000 5729 legitur,

361 5738 411 5795 et
433 5730 577 5789 muti
602 5738 976 5805 praeceptores,
1012 5728 1300 5787 Maurum.

2106 3375 2319 3446 lingua:
2354 3374 2731 3429 mordacitate
2764 3375 3079 3441 rodamus;
3113 3374 3250 3445 quia
3279 3373 3466 3447 angeli
3499 3374 3596 3446 qui
3622 3379 3751 3430 ter-

2107 3481 2230 3519 ram
2264 3464 2646 3528 circumeunt,
2713 3467 2769 3518 ct
2798 3467 2937 3517 sunt
2967 3463 3445 3518 administratorii
3478 3463 3745 3536 spiritus,

2106 3559 2163 3609 et
2190 3552 2249 3608 in
2304 3551 2579 3607 Zacharia
2636 3552 3004 3623 loquuntur:
3058 3552 3478 3608 Circumivimus
3507 3557 3744 3622 terram,

2106 3647 2156 3698 et
2185 3658 2299 3696 ecce
2337 3643 2515 3696 omnis
2562 3643 2711 3695 terra
2761 3642 3061 3705 habitatur,
3089 3646 3141 3696 et
3169 3643 3295 3697 silet
3322 3643 3508 3711 (Zach.
3532 3660 3571 3711 1,
3608 3644 3703 3709 11)
3732 3661 3746 3699 :

2108 3732 2179 3785 ad
2212 3732 2397 3785 instar
2428 3730 2643 3793 avium,
2677 3736 2880 3785 nostra
2927 3731 3102 3786 verba
3162 3735 3217 3785 et
3263 3731 3640 3802 cogitationes
3670 3733 3750 3788 ad

2108 3819 2318 3875 coelum
2353 3819 2679 3890 perferant:
2732 3825 2788 3873 et
2845 3820 2999 3891 quod
3059 3819 3209 3876 clam
3269 3820 3615 3892 cogitamus,
3647 3820 3755 3877 Dei

2110 3908 2414 3965 scientiam
2447 3925 2561 3963 non
2596 3907 2796 3964 latere.

2180 3998 2341 4069 (Cap.
2375 3996 2493 4068 XI.)
2563 3997 2786 4052 «Mitte
2844 4014 3055 4069 panem
3110 4002 3279 4053 tuum
3336 4016 3511 4071 super
3549 3998 3760 4056 faciem

2110 4104 2275 4159 aqua:
2300 4104 2311 4141 :
2335 4087 2474 4158 quia
2494 4086 2553 4141 in
2577 4086 2955 4141 multitudine
2978 4086 3208 4142 dierum
3233 4088 3490 4144 invenies
3510 4087 3706 4145 illum.
3730 4111 3760 4139 ιι

2110 4178 2194 4232 Ad
2241 4175 2670 4248 eleemosynam
2720 4175 3082 4242 cohortatur,
3139 4178 3294 4247 quod
3337 4177 3497 4232 omni
3538 4179 3761 4249 petenti

2112 4266 2192 4321 sit
2221 4266 2507 4333 dandum,
2557 4269 2613 4319 et
2659 4264 2972 4320 indiscrete
3023 4266 3355 4321 faciendum
3405 4266 3568 4322 bene.
3604 4267 3760 4332 Quo-

2116 4355 2289 4409 modo
2340 4354 2521 4419 enim,
2577 4353 2675 4424 qui
2710 4370 2887 4424 super
2931 4353 3153 4425 irrigua
3196 4353 3463 4422 seminat,
3503 4356 3759 4411 fructum

2115 4443 2401 4498 sementis
2456 4448 2789 4514 exspectat:
2846 4442 2927 4497 ita
2972 4443 3071 4515 qui
3156 4442 3403 4514 largitur
3429 4444 3759 4516 egentibus,

2186 4584 2206 4617 ⁵
2237 4585 2294 4637 In
2326 4583 2565 4638 Ecclesia
2600 4583 2820 4639 lascivit
2857 4586 3051 4640 oratio.
3110 4584 3278 4651 Editi,
3331 4588 3587 4641 Laseiviit
3630 4602 3759 4642 ora-

1009 4671 1173 4731 anem
1197 4664 1248 4708 et
1288 4643 1492 4731 vinum.
1530 4654 1613 4731 Ita
1644 4652 1844 4723 legunt
1873 4671 2001 4731 om-
2033 4643 2079 4707 Ι)
2109 4660 2213 4731 tor,
2249 4656 2347 4731 sed
2382 4656 2777 4731 nullum__vidi
2826 4656 3082 4711 codicem
3131 4673 3240 4711 ms.
3266 4643 3379 4728 'qni
3430 4674 3540 4713 non
3575 4657 3752 4731 legat,

2118 4728 2348 4781 Lascivil
2376 4729 2568 4782 oratio.
2606 4727 2891 4783 MARTIAN.

2184 4800 2205 4870 fi
2240 4800 2319 4852 ita
2349 4798 2587 4869 quidem
2620 4798 2755 4853 editi
2813 4799 3029 4870 pariter
3078 4815 3143 4854 ac
3176 4815 3317 4855 mss.
3354 4797 3486 4854 libri
3517 4799 3756 4856 habent.

2112 4869 2500 4944 Nihilosceius
2528 4869 2728 4925 malim
2764 4869 3243 4942 bibmitium'legi,
3273 4872 3427 4943 quod
3463 4871 3635 4944 paulo
3667 4872 3758 4927 in-

2113 4942 2292 4997 ferius
2326 4957 2468 4995 mss.
2502 4957 2610 5012 Ope
2651 4958 2870 4997 assero.

2182 5014 2199 5047 7
2232 5013 2448 5067 Victor.
2484 5029 2619 5067 cum
2672 5013 2901 5085 Vulgat.
2956 5015 3084 5082 Igne
3120 5015 3523 5081 examinatum,
3553 5014 3757 5085 proba-

2114 5088 2230 5138 tum
2263 5092 2445 5147 terrm,
2480 5090 2589 5139 etc.

2184 5157 2203 5189 ⁸
2238 5156 2519 5209 Emendat
2567 5154 2751 5211 Vatic.
2810 5156 3131 5219 bibentium,
3193 5155 3347 5227 quod
3400 5164 3453 5210 et
3511 5155 3755 5211 Palﬁin.

2112 5228 2372 5282 secunda
2402 5244 2579 5281 manu
2624 5227 2869 5295 astruit;
2921 5233 3093 5283 antea
3140 5244 3397 5300 congruo
3426 5244 3602 5283 sensu
3632 5232 3758 5284 erat

2110 5301 2431 5354 viventium.

2182 5372 2202 5405 9
2234 5369 2477 5425 Palatin.
2539 5370 2705 5424 alter.
2767 5372 2909 5437 Quia
2953 5371 3196 5425 volucres
3251 5372 3506 5440 auferent
3534 5385 3714 5425 vocem
3733 5385 3757 5433 ;

2110 5447 2333 5497 veteres
2364 5441 2523 5505 editi,
2562 5441 2809 5497 Volucres
2838 5443 2963 5496 radi
2988 5443 3298 5513 portabunt.
3334 5450 3440 5497 etc.

2184 5545 2249 5551 —
2283 5514 2425 5581 Quia
2453 5515 2569 5568 avis
2596 5516 2718 5569 caeli
2748 5516 2958 5583 auferet
2990 5511 3205 5569 'vocem.
3249 5512 3574 5567 Genuinam
3603 5511 3758 5569 hanc

2110 5583 2418 5642 lectionem
2453 5585 2707 5640 retinent
2757 5584 3022 5639 nonnulli
3071 5584 3496 5642 manuscrinti:
3531 5584 3591 5639 in
3619 5583 3758 5640 aliis

2115 5674 2227 5712 non
2262 5658 2407 5712 bene
2453 5656 2685 5729 legitur,
2745 5659 2992 5715 loturam
3046 5659 3168 5713 caeli
3218 5656 3512 5731 portabunt
3546 5671 3667 5713 voce
3691 5674 3752 5715 η.

2111 5732 2396 5786 Maenas.
