3996 6402
199 410 350 473 “57

1202 413 1828 476 COMMENTARIUS
1875 417 1948 474 ΙΝ
1992 410 2590 478 ECCLESIASTEN.

3435 413 3594 476 1158

199 563 307 600 non
334 563 582 618 granum
619 545 884 611 seminis,
927 549 1025 603 sed
1060 548 1253 620 ipsum
1285 565 1495 619 panem
1553 548 1711 616 serit,
1758 547 1837 602 fe-
1867 556 1920 621 Α
1951 565 2108 603 ream
2135 565 2146 603 :
2170 549 2248 604 ibi
2272 568 2402 605 cum
2436 548 2926 615 mortuust‘ueris,
2962 549 3590 619 permanebis.Aliter:

170 653 330 690 \nere
362 637 615 708 quedam
645 637 1192 709 multiplicationem
1237 637 1394 691 illius
1451 636 1791 708 prrcstolans
1821 654 1833 702 ;

191 730 407 780 etcum
440 726 564 780 dies
587 726 792 796 judirii
827 727 1141 795 advenerit,
1176 727 1360 780 multo
1383 726 1634 797 amplius
1659 742 1832 798 quam

193 814 428 868 dederat
488 818 1004 886 recepturus‘l.»tl.
1057 817 1438 887 reperturus].
1503 816 1718 869 Aliter:
1772 816 1833 869 In

193 915 541 973 quocunque
575 904 808 958 homine
839 904 996 958 illam
1050 921 1263 974 aquam
1314 905 1547 967 videris,
1603 906 1672 957 de
1721 920 1837 973 qua

192 991 438 1046 dicitur:
471 993 724 1046 Flumina
754 993 816 1046 (ιθ
868 997 1051 1047 ven/re
1106 994 1224 1062 ejus
1289 995 1457 1061 ﬂuent
1507 1010 1658 1062 aqum
1697 997 1837 1047 vivae

193 1082 365 1150 (Joau.
390 1098 490 1146 vn,
530 1080 640 1150 38),
670 1098 736 1134 ne
765 1086 816 1135 te
848 1081 1042 1152 pigeat
1083 1099 1290 1151 penem
1359 1082 1676 1150 sapientizu,
1730 1099 1833 1152 pa-

191 1183 325 1223 nem
369 1169 798 1228 rationabilem,
842 1188 1048 1240 panem
1081 1176 1351 1242 praestare
1400 1171 1706 1224 sermonis.
1777 1169 1836 1224 Si

194 1258 348 1311 enim
409 1257 512 1312 hoc
557 1258 888 1329 Frequenter
948 1259 1165 1323 t'ereris,
1228 1260 1388 1312 480
1447 1259 1703 1312 invenies
1781 1261 1836 1311 te

197 1363 306 1399 non
341 1347 639 1401 incassum
675 1347 1301 1416 doctrinarumjecisse
1334 1353 1675 1401 sementem.
1699 1346 1835 1400 Tale

196 1435 332 1505 quid
365 1439 420 1489 et
450 1436 505 1488 iu
541 1436 691 1490 Isaia
721 1435 940 1489 dictum
1004 1440 1178 1506 puto:
1220 1440 1415 1490 Beatus
1470 1437 1564 1504 qui
1601 1437 1836 1489 smninat

192 1540 357 1592 super
393 1541 611 1593 aquam,
648 1525 741 1578 ubi
767 1526 855 1578 bos
885 1533 934 1579 et
985 1527 1176 1578 asinus
1225 1526 1437 1579 calcant
1468 1527 1602 1592 (Isa.
1655 1541 1834 1590 xxxu,

192 1613 303 1683 2U).
338 1614 496 1676 Quod
533 1613 625 1666 ille
659 1613 934 1682 magister
962 1613 1319 1667 beatitudine
1351 1613 1567 1683 dignus
1627 1611 1834 1666 habea-

195 1707 308 1768 tur,
343 1700 438 1771 qui
465 1717 635 1771 super
656 1701 937 1771 irriguum
957 1706 1158 1771 pectus
1176 1703 1422 1755 seminet
1444 1701 1858 1768 audientium“

197 1796 311 1844 tam
345 1807 411 1843 ex
440 1789 675 1857 Judaais,
712 1807 887 1860 quam
927 1809 990 1845 ex
1041 1789 1303 1860 gentium
1352 1789 1565 1860 populo
1599 1806 1836 1860 congre-

195 1884 394 1951 gatum
426 1880 464 1931 ³.

267 1993 290 2016 ‹‹
327 1967 408 2021 Da
468 1972 688 2038 partem
751 1968 854 2037 (At.
903 1967 1115 2040 partes]
1167 1972 1414 2038 septem,
1475 1972 1530 2021 et
1596 1967 1833 2038 quidem
1871 1928 1914 1992 Β

195 2063 349 2112 octo:
393 2058 531 2128 quia
571 2073 683 2110 non
718 2057 833 2110 scis
861 2057 999 2128 quid
1039 2057 1294 2111 futurum
1317 2057 1392 2112 sit
1420 2056 1640 2110 malum
1664 2073 1839 2127 super

193 2152 485 2200 terram.»
522 2150 585 2198 Et
617 2144 675 2198 in
737 2145 1030 2199 Ezechiele
1080 2149 1301 2215 septem
1335 2148 1392 2199 et
1434 2149 1561 2198 octo
1620 2145 1836 2214 gradus

195 2235 266 2288 ad
295 2233 494 2304 templi
525 2233 800 2304 leguntur
829 2249 1137 2288 ascensum
1170 2233 1383 2298 (Ezech.
1433 2251 1524 2296 XL,
1581 2234 1672 2298 26,
1727 2233 1834 2302 31).

195 2324 264 2377 Et
296 2327 423 2393 post
453 2322 712 2377 ethicum
745 2321 912 2375 illum
948 2321 1266 2392 psalmum,
1325 2321 1382 2376 id
1439 2327 1547 2386 est,
1590 2321 1839 2376 centesi-

196 2429 359 2466 mum
391 2417 656 2466 octavum
686 2411 977 2466 decimum
1009 2411 1344 2480 quindecim
1377 2411 1662 2482 graduum
1680 2409 1840 2481 psal-

195 2502 276 2556 mi
318 2505 475 2570 sunt,
513 2517 610 2571 per
641 2517 788 2571 quos
814 2501 1070 2571 primum
1105 2500 1409 2554 erudimur
1465 2499 1521 2554 in
1582 2500 1726 2569 lege,
1785 2505 1841 2554 et

195 2589 526 2661 septenario
559 2605 802 2643 numero
833 2588 1076 2659 expleto,
1113 2594 1312 2660 postea
1367 2606 1468 2660 per
1517 2589 1838 2659 ogdoadem

195 2680 266 2733 ad
296 2677 670 2749 Evangelium
706 2678 1064 2732 seandimus.
1128 2677 1466 2749 Pracipitur
1503 2695 1637 2749 ergo
1670 2682 1734 2732 ut
1780 2678 1838 2732 in

197 2773 512 2838 utrumque
552 2767 1034 2830 instrumentum,
1069 2771 1184 2820 tam
1219 2772 1382 2822 vetus
1412 2766 1633 2821 scilicet
1662 2784 1839 2837 quam

199 2874 433 2924 novum,
469 2855 591 2927 pari
620 2856 990 2910 veneratione
1030 2856 1357 2911 credamus.
1417 2855 1604 2910 Judaei
1663 2856 1840 2910 dedc-

197 2951 336 3000 runt
368 2950 586 3016 partem
612 2951 854 3016 septem,
890 2945 1187 3000 credentes
1220 2946 1472 3000 Sabbato
1498 2946 1600 3014 (Al.
1627 2945 1842 3000 Sabba-

195 3035 369 3103 tum],
403 3035 503 3088 sed
537 3051 649 3088 non
684 3034 969 3088 dederunt
998 3039 1144 3101 octo,
1181 3036 1664 3089 resurrectionem
1726 3034 1840 3088 diei

199 3123 512 3178 Dominicae
544 3123 919 3192 denegantes.
957 3124 1288 3178 Econtrario
1351 3123 1626 3189 haeretici,
1687 3126 1838 3176 Mar-

197 3215 325 3268 cion
356 3217 412 3266 et
444 3212 816 3277 Manichzeus,
857 3217 913 3265 et
945 3228 1147 3266 omnes
1196 3212 1295 3281 qui
1345 3215 1594 3266 veterem
1652 3211 1840 3283 legem

1953 637 2256 708 Propterea
2314 657 2490 711 supra
2549 639 2840 692 diximus:
2880 660 2905 686 ‹‹
2952 638 3112 692 Mitte
3163 655 3372 709 panem
3424 643 3593 694 tuum

1948 742 2124 797 super
2155 728 2354 782 faciem
2390 746 2574 799 aqua),
2611 732 2665 781 et
2710 727 2868 780 omni
2921 727 3132 798 petenti
3187 731 3242 781 te
3298 728 3530 795 tribue;
3567 750 3593 776 ››

1948 816 2084 884 quia
2115 822 2168 869 et
2217 819 2403 871 nubes
2457 834 2585 869 (τινα
2649 815 2831 886 plena:
2884 816 3117 874 iuerint.
3170 815 3404 872 divitias
3452 833 3594 872 suas

1951 905 2292 958 mortalibus
2326 906 2674 975 largiuntur,
2708 911 2764 959 et
2805 911 2862 957 tu
2921 903 3086 974 quasi
3140 904 3388 974 lignum,
3438 906 3590 959 481

1947 995 2215 1062 quamvis
2244 994 2535 1065 longaevus
2567 995 2667 1060 sis,
2704 1012 2814 1048 non
2841 993 2954 1048 eris
2986 994 3043 1047 in
3095 999 3459 1064 perpetuum,
3494 995 3594 1049 sed

1948 1082 2140 1135 subito
2174 1088 2233 1137 ut
2265 1089 2567 1137 ventorum
2600 1084 2638 1150 ⁵⁵,
2696 1083 2772 1137 ita
2807 1083 3010 1137 mortis
3060 1086 3403 1153 tempestate
3454 1086 3591 1138 sub-

1946 1187 2170 1235 versas,
2225 1172 2561 1243 ubicunque
2621 1171 2922 1238 cecideris,
2987 1172 3059 1225 ibi
3095 1173 3316 1243 jugiter
3365 1189 3595 1244 perma-

1949 1260 2133 1324 nebis,
2168 1261 2284 1314 sive
2319 1266 2371 1314 te
2405 1261 2658 1332 rigidum
2696 1264 2750 1314 et
2783 1265 3028 1327 trucem,
3084 1261 3202 1314 sive
3252 1261 3595 1316 clementem

1949 1351 2004 1400 et
2025 1348 2478 1416 misericordem,
2501 1350 2774 1403 ultimum
2803 1348 3348 1420 invenerittcmpus.
3373 1350 3595 1405 Aliter:

1949 1435 2168 1490 Dicitur
2197 1437 2253 1490 in
2288 1438 2541 1492 Psalmis
2568 1439 2636 1492 ad
2672 1443 2844 1491 Deum
2877 1454 2887 1490 :
2946 1439 3152 1491 Veritas
3202 1447 3294 1492 tua
3333 1455 3502 1508 usque
3529 1439 3599 1494 ad

1947 1526 2114 1578 nubes
2164 1526 2332 1596 (I’sal.
2389 1544 2555 1586 xxxv.
2589 1531 2642 1594 (ἱ)
2674 1545 2685 1590 ;
2717 1531 2774 1579 et
2803 1527 2858 1579 in
2925 1527 3089 1588 Isaia,
3136 1527 3392 1597 peccanti
3445 1527 3599 1582 Deus

1949 1613 2124 1666 vineae
2173 1616 2597 1669 comminatur:
2660 1616 2928 1671 ("mutabo
2985 1616 3242 1681 nubibus,
3292 1632 3359 1671 ne
3399 1616 3600 1686 pluunt

1947 1718 2108 1771 super
2135 1718 2256 1755 eam
2314 1704 2545 1757 imbrem
2582 1706 2687 1773 (lsu
2736 1721 2788 1764 v,
2832 1707 2906 1769 ti).
2971 1704 3164 1757 Nubes
3222 1703 3400 1774 igitur
3459 1709 3596 1760 sunt

1951 1791 2264 1862 prophetae,
2300 1797 2357 1845 et
2389 1793 2581 1846 omnis
2613 1794 2698 1845 vir
2756 1797 3018 1856 sanctus,
3067 1792 3167 1863 qui
3207 1809 3339 1846 cum
3397 1792 3596 1864 plures

1951 1879 2006 1932 in
2041 1881 2211 1933 corde
2249 1898 2355 1935 suo
2387 1880 2821 1952 congregaverit
2852 1880 3212 1950 disciplinas,
3253 1886 3394 1936 tunc
3449 1881 3601 1937 vale-

1950 1968 2031 2021 bit
2065 1973 2350 2039 prarcepta
2383 1969 2580 2040 pluere
2641 1969 3035 2024 doctrinarum
3099 1975 3156 2023 et
3213 1969 3440 2025 dicere:
3501 1972 3602 2024 Ex-

1945 2062 2216 2126 spertelur
2246 2060 2386 2111 sicut
2414 2059 2605 2127 pluria
2645 2076 2824 2113 sermo
2850 2075 3021 2122 meus,
3045 2068 3094 2112 et
3122 2059 3404 2129 e/fundent
3445 2076 3606 2130 super

1947 2154 2148 2200 terram
2185 2147 2416 2201 imbrem
2450 2148 2621 2215 (Deut.
2658 2164 2832 2210 xvxn,
2880 2148 2963 2212 2):
3017 2147 3086 2201 ad
3141 2164 3318 2217 quam
3379 2147 3601 2203 dictum

1947 2238 2071 2288 est:
2109 2235 2304 2288 Azuliat
2332 2242 2480 2289 lerra
2513 2236 2672 2290 verba
2716 2237 2828 2288 oris
2875 2238 3004 2289 mei.
3056 2236 3217 2300 Quod
3262 2241 3460 2290 autem
3514 2254 3601 2291 se-

1949 2324 2186 2394 quitur:
2224 2327 2238 2357 ¹
2276 2325 2416 2378 Etsi
2450 2324 2725 2379 ceciderit
2782 2324 3004 2392 lignum
3055 2325 3126 2377 ad
3159 2329 3447 2392 austrum,
3504 2329 3606 2380 aut

1949 2413 2018 2465 ad
2053 2411 2426 2481 aquilonem:
2464 2413 2518 2466 in
2554 2412 2744 2466 locum
2777 2413 2870 2466 ubi
2906 2411 3178 2466 ceciderit
3208 2411 3454 2484 lignum,
3520 2413 3599 2466 ibi

1949 2499 2092 2566 erit;
2121 2522 2145 2547 ››
2181 2499 2325 2554 illud
2357 2502 2426 2556 de
2478 2501 2740 2555 llabacuc
2799 2517 3106 2554 sumamus
3152 2501 3506 2571 exemplum,
3541 2501 3600 2555 in

1950 2605 2064 2658 quo
2096 2588 2407 2644 scribitur:
2448 2591 2582 2644 Deus
2612 2589 2679 2643 (te
2721 2590 2951 2643 'I‘heman
3024 2592 3201 2644 veniet
3233 2589 3466 2660 (Hebae.
3516 2607 3598 2655 ιιι,

1950 2678 2025 2747 3),
2062 2679 2216 2748 quod
2249 2677 2346 2732 alii
2379 2678 2726 2750 interpretes
2752 2679 3078 2749 ediderunt,
3117 2681 3253 2734 Deus
3291 2680 3358 2734 ab
3415 2684 3603 2734 austro

1953 2769 2126 2821 veniet
2158 2768 2196 2820 θ.
2232 2768 2299 2821 Et
2325 2772 2613 2838 quantum
2629 2784 2732 2838 ego
2767 2769 3012 2834 aestimo,
3047 2785 3278 2839 semper
3308 2769 3366 2823 in
3391 2768 3602 2826 bonam

1951 2859 2169 2926 partem
2206 2863 2403 2910 auster
2427 2856 2727 2928 accipitur.
2763 2856 2924 2910 Unde
2956 2861 3012 2911 et
3072 2857 3127 2911 in
3186 2857 3422 2912 Cantico
3471 2874 3606 2912 can-

1951 2945 2200 2999 ticorum
2256 2945 2507 3000 dicitur:
2561 2947 2823 3015 Ersurge,
2875 2946 3065 3015 aquilo
3112 2946 3293 3015 (Cant.
3347 2963 3422 3015 1v,
3487 2947 3604 3011 16),

1950 3032 2060 3087 hoc
2083 3038 2192 3096 est,
2225 3033 2430 3097 recede,
2463 3040 2519 3088 et
2547 3035 2659 3098 alii,
2691 3039 2740 3088 et
2772 3037 2912 3100 veni,
2948 3039 3156 3088 auster.
3197 3035 3438 3104 Lignum
3501 3034 3609 3104 igi-

1949 3126 2045 3174 tur
2070 3123 2222 3192 quod
2257 3122 2314 3176 in
2349 3123 2455 3176 hac
2485 3123 2599 3176 vita
2630 3123 2927 3192 corruerit,
2986 3127 3042 3177 et
3079 3122 3412 3177 conditione
3457 3140 3613 3177 mor-

1965 3209 2213 3266 talitatis
2279 3211 2454 3265 fuerit
2512 3212 2784 3282 incisum,
2835 3216 2936 3266 aut
2982 3211 3244 3283 peccavit
3291 3217 3424 3267 ante
3468 3213 3606 3266 dum

194 3303 401 3359 rabido
461 3319 557 3357 ore
615 3299 920 3369 dilaniant,
982 3301 1123 3354 dant
1179 3305 1368 3371 partes
1423 3301 1528 3370 (Al.
1599 3302 1842 3372 partem]
1878 3293 1919 3359 C
1959 3302 2158 3364 staret,
2191 3299 2332 3355 etin
2369 3301 2559 3355 borum
2585 3305 2747 3370 parte
2806 3305 3006 3371 postea
3059 3301 3289 3372 poeitur
3350 3301 3455 3372 (Al.
3511 3318 3609 3372 ρος

195 3397 348 3458 octo,
391 3390 776 3461 suscipientes
835 3388 1252 3460 Evangelium;
1303 3390 1402 3444 sed
1455 3391 1657 3444 eadem
1711 3406 1843 3462 sep-

195 3481 418 3536 tenario
464 3497 706 3534 numero
766 3495 878 3533 non
928 3479 1216 3547 tribuunt,
1252 3477 1436 3549 legem
1470 3483 1722 3534 veterem
1753 3497 1842 3534 re-

194 3574 474 3640 spuentes
503 3570 542 3623 3.
580 3569 694 3622 Nos
726 3567 904 3639 igitur
939 3567 1167 3638 utrique
1196 3567 1585 3622 instrumento
1644 3569 1844 3623 creda-

195 3677 350 3715 mus.
369 3661 492 3714 Non
509 3659 661 3712 enim
689 3675 1004 3728 possumus
1020 3657 1228 3727 dignos
1247 3657 1559 3721 cruciatus,
1578 3657 1843 3728 dignam-

193 3767 324 3821 quze
359 3765 579 3818 pinnam
605 3749 729 3816 jam
765 3762 919 3799 nunc
953 3750 1144 3799 mente
1176 3745 1684 3815 comprehendere,
1720 3763 1845 3817 qua:

192 3837 453 3909 reposita
503 3841 590 3890 est
631 3835 721 3889 his
789 3835 1244 3905 qui'vcrsantur
1304 3835 1359 3888 in
1405 3840 1579 3890 terra.
1631 3837 1845 3890 Judazis

193 3933 372 3997 atque
405 3924 717 3989 haereticis,
760 3941 789 3977 e
822 3924 1049 3978 duobus
1103 3925 1350 3978 alterum
1405 3925 1847 3995 denegantibus.

196 4016 418 4071 Hebraei
457 4015 533 4068 ita
564 4015 719 4069 hunc
751 4013 943 4067 locum
979 4013 1348 4085 intelligunt:
1412 4016 1478 4068 Et
1535 4018 1845 4072 sabbatum

197 4111 258 4162 et
280 4103 784 4160 circumcisionem
837 4120 1027 4157 serva:
1091 4120 1160 4157 ne
1193 4102 1240 4157 si
1281 4101 1390 4156 hoc
1439 4103 1582 4157 forte
1623 4122 1734 4160 non
1770 4107 1849 4161 fe—

198 4197 375 4261 ceris,
409 4193 774 4264 inopinatum
811 4193 908 4246 tibi
946 4192 1315 4262 superveniat
1357 4192 1598 4248 malum.

276 4309 300 4332 ‹‹
339 4283 395 4337 Si
432 4282 655 4352 repleta:
691 4281 905 4335 fuerint
952 4282 1158 4343 nubes,
1216 4281 1462 4336 imbrem
1515 4299 1688 4353 super
1736 4287 1848 4337 ter-

197 4390 325 4430 ram
349 4372 666 4427 etfundcnt.
699 4371 763 4424 Et
794 4371 843 4425 si
875 4370 1148 4424 ceciderit
1185 4369 1407 4441 lignum
1443 4372 1510 4425 ad
1554 4377 1848 4440 austrum,

196 4467 304 4518 aut
328 4462 396 4516 ad
423 4459 756 4531 aquilonem
785 4476 796 4513 :
832 4459 890 4513 in
925 4458 1117 4513 locum
1145 4460 1166 4492 ‘
1198 4459 1295 4513 ubi
1326 4459 1596 4515 ceciderit
1626 4459 1848 4531 lignum

197 4554 283 4607 ibi
315 4550 441 4605 erit.
471 4572 496 4598 ››
530 4551 704 4604 Serva
752 4549 1027 4603 mandata
1058 4565 1184 4619 qua:
1234 4549 1339 4603 tibi
1397 4550 1667 4621 superius
1714 4554 1852 4605 sunt

1956 3389 2187 3457 netur]:
2225 3392 2326 3442 aut
2365 3389 2413 3442 si
2446 3387 2653 3459 dignos
2703 3399 2897 3443 auslro
2951 3390 3177 3444 fructus
3229 3389 3509 3457 attulerit,
3558 3390 3613 3443 in

1953 3477 2122 3549 plaga
2146 3478 2366 3548 jacebit
2423 3477 2684 3532 australi.
2747 3479 2861 3532 Nec
2906 3484 2996 3532 est
3055 3478 3294 3550 aliquod
3351 3481 3608 3552 lignum,

1954 3567 2095 3637 quin
2153 3572 2253 3620 aut
2301 3567 2371 3620 ad
2434 3566 2765 3637 aquilonem
2815 3567 2946 3634 sit",
2997 3572 3097 3622 aut
3147 3569 3217 3622 ad
3301 3574 3595 3634 austrum,

1957 3659 2074 3714 Hoc
2108 3657 2259 3709 idem
2292 3656 2604 3727 signiﬁcat,
2638 3664 2693 3709 et
2725 3655 2864 3709 illud
2899 3657 3053 3727 quod
3090 3658 3372 3727 scriptum
3406 3663 3496 3711 est
3544 3657 3604 3712 in

1957 3749 2148 3803 Isaia:
2188 3748 2384 3800 Dicam
2416 3746 2685 3814 aquiloni,
2716 3745 2912 3809 adhuc,
2960 3749 3010 3798 et
3064 3747 3278 3816 Africo,
3320 3747 3438 3800 noli
3492 3762 3617 3816 pro-

1958 3839 2144 3895 hibera
2201 3836 2330 3904 (lsai
2386 3852 2543 3898 smn,
2601 3837 2676 3904 6).
2712 3834 3043 3904 Numquam
3116 3833 3270 3887 enim
3322 3839 3522 3890 austro
3561 3841 3620 3890 et

1959 3923 2222 3983 orientali
2285 3927 2451 3976 vento
2508 3922 2859 3992 prmeipitur,
2922 3926 2985 3975 ut
3041 3921 3370 3976 adducant:
3463 3925 3607 3995 quia

1961 4015 2112 4086 apud
2145 4012 2288 4066 alias
2317 4010 2519 4082 plagas
2552 4027 2677 4064 esse
2710 4027 2805 4064 eos
2839 4015 3080 4081 oportet,
3145 4011 3244 4081 qui
3297 4013 3368 4066 ad
3419 4012 3616 4067 orien-

1959 4111 2076 4161 tem
2107 4108 2163 4157 et
2194 4105 2455 4156 austrum
2491 4104 2689 4171 postea
2737 4101 3124 4154 deducantur.
3170 4100 3378 4171 Aquilo
3439 4101 3620 4173 igitur

1959 4194 2028 4248 ad
2072 4195 2338 4246 austrum
2373 4189 2632 4256 adducit,
2668 4193 2722 4243 et
2753 4189 2981 4243 Africus
3013 4189 3080 4242 ad
3117 4189 3400 4245 orientem
3459 4191 3619 4247 habi-

1961 4286 2173 4336 tatores
2205 4296 2362 4333 suos.
2426 4278 2536 4332 Nec
2594 4278 2748 4332 enim
2807 4283 3056 4350 possunt
3103 4280 3408 4351 proficere,
3449 4280 3498 4335 si
3560 4283 3620 4336 in

1962 4368 2226 4442 pristinis
2259 4369 2497 4423 sedibus
2528 4373 2914 4438 perseverent.

2033 4483 2059 4509 ‹‹
2096 4459 2200 4526 Qui
2234 4459 2501 4512 observat
2529 4462 2791 4524 ventum,
2852 4475 2966 4512 non
3019 4459 3370 4521 scminabit;
3429 4461 3485 4512 et
3516 4458 3619 4529 qui

1960 4548 2170 4620 aspicit
2219 4548 2424 4607 nubes,
2487 4564 2602 4600 non
2661 4552 2904 4601 metet.»
2964 4546 3068 4610 Qui
3130 4546 3462 4601 considerat
3522 4548 3617 4602 cui

193 4646 508 4714 prazcepta,
546 4643 609 4693 ut
656 4639 840 4692 nubes
905 4655 1082 4708 super
1130 4644 1182 4692 te
1239 4638 1542 4692 effundant
1601 4639 1848 4693 imbrem
1886 4665 1931 4726 Ι)
1964 4637 2308 4700 benefaciat,
2343 4641 2397 4689 ct
2432 4653 2544 4689 non
2597 4635 2756 4689 omni
2809 4634 3022 4705 petenti
3074 4651 3136 4688 se
3187 4633 3413 4703 tribuit,
3467 4651 3618 4706 smpe

196 4746 400 4787 suum.
441 4728 780 4798 Ubicunque
821 4726 974 4781 enim
1011 4725 1112 4779 tibi
1166 4725 1359 4780 locum
1422 4729 1854 4799 praeparaveris,

194 4821 584 4888 futurumque
615 4818 834 4885 sedem,
871 4815 987 4869 sive
1022 4816 1093 4869 ad
1153 4821 1440 4883 austrum,
1494 4816 1612 4871 sive
1643 4817 1713 4871 ad
1752 4818 1856 4872 ho-

279 4964 501 5029 |Quam
548 4961 757 5014 dederit
811 4963 1142 5029 reperturus.

187 5034 454 5104 scriptus
512 5038 568 5088 ct
598 5032 737 5086 editi
789 5038 958 5084 antea
991 5031 1123 5084 libri
1157 5032 1357 5102 legunt
1419 5034 1621 5086 eodem
1674 5049 1850 5086 sensu

188 5111 535 5176 receptu—rus.

268 5179 290 5210 ²
319 5175 458 5230 Tres
492 5192 636 5228 mss.
673 5176 846 5241 Quam
868 5175 1201 5241 urgentibus
1255 5175 1455 5244 populi)
1505 5179 1846 5243 congregato.

268 5249 504 5318 3Legem
561 5257 789 5300 veterem
842 5257 1169 5313 regnwntes.
1223 5245 1852 5318 Amboiitlorbcienses

187 5337 346 5378 mss.
385 5317 747 5372 lnstrmnenta
793 5322 1025 5371 veterum
1060 5325 1384 5376 munientes.
1412 5317 1696 5371 MAR'I‘IAN.

268 5394 290 5425 ⁴
323 5391 565 5445 Palatin.
629 5399 722 5443 aut
753 5391 811 5442 in
842 5391 1114 5459 aquilonis
1144 5391 1317 5442 (061ml.
1350 5389 1465 5451 ubi,
1491 5394 1598 5442 etc.

268 5465 288 5496 ⁵
321 5464 507 5518 Subito
539 5471 596 5516 ιιι
626 5471 921 5515 venturum.
961 5462 1181 5515 Erasm.
1236 5466 1292 5514 et
1353 5460 1591 5513 Marian.
1653 5459 1850 5514 incon-

184 5541 475 5611 gruenter
506 5533 725 5604 legunt,
768 5534 872 5586 Sed
905 5535 1083 5586 subita
1116 5535 1166 5586 si
1215 5535 1524 5599 ventorum,
1576 5534 1651 5585 ila
1700 5548 1844 5585 mor-

184 5609 289 5666 tis.
327 5612 436 5661 etc.
459 5609 739 5659 Maurum.

263 5681 286 5718 ⁶
313 5680 401 5736 Ab
428 5678 630 5735 eodem
664 5675 907 5732 Palatin.
941 5675 1105 5732 abest
1137 5689 1348 5731 nomen
1380 5679 1591 5730 auslro.

268 5784 336 5796 -—
372 5752 504 5806 Deus
533 5750 600 5808 ab
642 5757 828 5804 auslro
862 5750 1054 5804 veniet.
1109 5747 1188 5803 Ex
1220 5745 1328 5800 hoc
1384 5745 1508 5802 loco
1557 5744 1842 5820 conjicere

1229 4960 1584 5014 Sorbonieus
1652 4972 1860 5015 manu‘

1971 4726 2223 4799 praeterit
2270 4742 2404 4778 eum
2435 4723 2534 4794 qui
2572 4729 2825 4778 meretur
2859 4723 3118 4793 accipere
3179 4724 3332 4794 (Luc.
3366 4740 3442 4787 v1,
3502 4725 3615 4794 30).

1969 4816 2185 4871 Aliter:
2220 4815 2323 4878 Qui
2358 4818 2585 4868 tantum
2619 4831 2683 4867 co
2718 4818 2974 4885 tempore
3029 4813 3122 4866 Dei
3169 4811 3404 4867 verbum
3471 4805 3640 4885 prae-1

1967 4960 2118 5024 licet,
2145 4959 2554 5029 Hieronymum
2578 4956 2896 5011 absolvisse
2919 4973 3092 5029 suum
3117 4957 3609 5029 Commentarium

1963 5031 2023 5086 in
2056 5027 2464 5094 Ecclesiasten,
2497 5035 2806 5098 antequan‘i
2833 5028 3244 5098 Prophetarum
3279 5027 3612 5082 translatio-

1965 5120 2096 5158 nem
2132 5102 2393 5156 Latinam
2449 5102 2518 5154 de
2578 5100 2812 5154 llebraio
2873 5102 3028 5153 tonte
3088 5099 3255 5154 nobis
3310 5099 3610 5154 edidisset.

1961 5180 2242 5229 MARTIAN.

2033 5248 2051 5279 ⁷
2086 5246 2249 5316 Apud
2282 5243 2506 5297 Alcuin.
2541 5245 2717 5296 t'erme
2740 5248 2800 5295 ut
2830 5243 3053 5296 Erasm.
3088 5258 3153 5296 ac
3205 5241 3419 5297 Victor.
3473 5245 3612 5314 quod

1963 5320 2040 5372 vel
2070 5319 2138 5371 (Ill
2165 5317 2474 5387 aquilonem
2504 5332 2610 5368 non
2637 5319 2726 5379 sit,
2762 5320 2868 5368 etc.

2061 5421 2096 5427 ~
2128 5384 2268 5455 Quin
2305 5390 2398 5440 aut
2455 5387 2523 5439 ad
2581 5387 2893 5457 (ιιμιίΙοιιιηη
2942 5385 3033 5438 sit.
3100 5385 3246 5440 Cave
3305 5399 3377 5439 ne
3424 5384 3610 5455 legas:

1960 5463 2066 5528 Qui
2096 5477 2202 5514 non
2231 5459 2298 5512 ad
2320 5457 2635 5528 aquilimcm
2683 5460 2771 5520 sil,
2805 5461 2902 5510 aut
2955 5458 3027 5529 (ut
3085 5466 3362 5513 austrum:
3397 5473 3613 5529 ineque

1959 5531 2240 5586 audacius
2295 5531 2580 5582 (latri-etes
2640 5529 2810 5582 fidem
2864 5528 3122 5580 omnium
3185 5528 3609 5599 exemplaritJm

1959 5621 2106 5658 mss.
2149 5601 2296 5656 Editi
2331 5600 2459 5655 libri
2485 5601 2568 5674 sic
2601 5599 3109 5674 mitarunt.__Qu0il
3143 5605 3238 5656 aut
3282 5601 3350 5660 ml
3389 5602 3610 5674 aquilo-

1953 5692 2079 5735 nem
2109 5690 2215 5732 non
2243 5673 2343 5744 sit,
2369 5680 2464 5729 aut
2492 5671 2560 5731 (ut
2583 5679 2854 5729 austrum.
2889 5671 3173 5730 Manum.
