3996 6398
406 368 566 457 1159

1666 371 1733 431 S.
1779 365 2093 433 EUSEBII
2135 365 2601 431 HIERONYMI.

3658 372 3831 439 1160

408 502 583 560 dicat.
642 501 798 556 483
855 515 968 571 quo
1027 497 1279 572 populus
1335 498 1582 556 libenter
1638 501 1948 571 auscultat,
2009 504 2066 555 et
2094 503 2147 566 Α
2179 501 2307 555 dest
2335 499 2737 556 adolescentiae
2764 500 3090 573 frugalitas,
3123 502 3173 557 si
3203 506 3438 573 senecta
3465 504 3716 561 ducatur
3771 504 3827 561 in

409 592 669 646 secunda
699 588 919 659 aspirat
948 605 1090 643 aura
1121 590 1393 660 rumoris,
1435 593 1593 645 sator
1648 587 1951 661 negligens
1998 593 2056 644 et

407 680 654 751 ignavus
685 676 940 749 agricola
970 681 1078 732 est.
1124 679 1185 733 In
1219 678 1361 749 ipsis
1384 678 1539 733 enim
1572 679 1884 751 prosperis,
1911 679 2052 733 dum

407 767 725 834 nescimus,
786 768 1029 821 adversa
1076 772 1457 838 consurgunt.
1519 769 1629 822 Sed
1706 772 2054 839 opportune,

406 854 766 927 importune,
800 871 907 910 suo
939 859 1137 909 tenore
1170 855 1206 923 ί,
1239 854 1339 910 Dei
1371 870 1562 910 sermo
1599 859 1687 908 est
1747 854 2056 924 praedican-

403 944 515 1000 dus
547 944 624 1013 (II
650 945 782 999 Tim.
813 962 887 1015 1v,
921 943 1011 1012 2):
1046 960 1149 998 nec
1196 943 1329 999 fidei
1386 947 1647 1014 tempore
1695 941 2052 998 adversaria-

403 1049 537 1088 rum
592 1032 839 1088 nubium
873 1032 1298 1087 consideranda
1327 1034 1662 1103 tempestas.
1713 1032 1793 1086 De
1844 1048 1961 1102 qua
1992 1030 2051 1085 in

401 1122 730 1178 Proverbiis
755 1122 993 1177 dicitur:
1030 1121 1181 1175 Sicut
1207 1122 1400 1192 pluvia
1428 1121 1709 1176 vehemens
1738 1124 1789 1176 et
1810 1119 2048 1189 inutilis,

399 1212 482 1265 sic
512 1212 611 1282 qui
629 1211 1013 1283 derelinquunt
1040 1211 1389 1281 sapientiam,
1435 1218 1485 1264 et
1534 1210 1877 1281 impietatem
1929 1210 2050 1263 lau-

400 1299 738 1371 dant(Prov.
780 1300 1107 1367 xxvui,3et
1163 1300 1237 1370 4).
1294 1299 1523 1369 Absque
1589 1299 2051 1353 consideratione

399 1404 535 1461 ergo
564 1390 814 1444 nubium
846 1394 903 1444 et
931 1388 1140 1443 timore
1169 1392 1496 1459 ventorum,
1532 1388 1589 1442 in
1610 1387 1819 1443 mediis
1838 1392 2053 1459 tempe-

399 1476 653 1532 statibus
713 1475 1127 1532 seminandum
1182 1480 1288 1531 est.
1320 1477 1434 1532 Nec
1491 1476 1844 1532 dicendum:
1906 1474 2050 1529 illud

398 1568 633 1638 tempus
664 1567 1063 1635 commodum,
1098 1566 1207 1621 hoc
1237 1564 1463 1635 inutile,
1516 1582 1651 1620 cum
1712 1565 2051 1636 ignoremus

398 1666 525 1726 quae
580 1654 693 1725 via,
751 1658 805 1709 et
858 1672 983 1724 quae
1042 1653 1311 1709 voluntas
1355 1654 1432 1709 sit
1482 1653 1723 1725 spiritus
1784 1653 2052 1709 universa

397 1742 815 1815 dispensantis.

469 1853 499 1881 «
543 1831 843 1894 Quomodo
876 1847 991 1885 non
1023 1830 1399 1902 cognoscistu
1423 1847 1549 1903 quae
1572 1830 1750 1885 sitvia
1782 1830 2046 1902 spiritus,

397 1923 456 1975 et
488 1919 639 1976 sicut
668 1936 803 1975 ossa
837 1919 892 1974 in
925 1924 1088 1974 utero
1122 1918 1509 1991 praegnantis:
1545 1919 1628 1975 sic
1661 1920 1851 1975 nescis
1880 1938 2055 1991 opera

396 2009 519 2076 Dei,
553 2008 649 2079 qui
685 2009 821 2064 facit
850 2008 1067 2064 omnia.
1097 2031 1124 2057 ››
1165 2010 1327 2063 Sicut
1381 2009 1572 2064 nescis
1612 2008 1764 2063 viam
1811 2009 2052 2080 spiritus

396 2102 454 2154 et
515 2099 721 2153 animae
779 2098 1163 2169 ingredientis
1214 2096 1274 2151 in
1314 2096 1646 2169 parvulum,
1701 2102 1758 2151 et
1818 2096 2051 2169 ignoras

396 2188 621 2244 ossium
649 2192 706 2243 et
726 2204 1004 2242 venarum
1027 2188 1333 2242 varietates
1357 2187 1413 2240 in
1436 2193 1632 2241 ventre
1655 2187 2009 2258 praegnantis
2036 2203 2048 2241 :

396 2277 692 2351 quomodo
721 2293 789 2331 ex
818 2274 915 2330 vili
946 2275 1229 2331 elemento
1263 2292 1474 2347 corpus
1533 2274 1790 2331 hominis
1847 2275 1905 2329 in
1963 2276 2051 2331 di-

397 2381 597 2422 versas
628 2365 850 2437 effigies
916 2369 1194 2436 artusque
1220 2365 1491 2429 varietur,
1511 2364 1650 2419 etde
1663 2364 1867 2419 eodem
1883 2364 2054 2419 semi-

395 2471 488 2527 ne,
522 2454 679 2511 aliud
716 2453 1017 2509 mollescat
1045 2454 1101 2507 in
1135 2452 1430 2518 carnibus,
1464 2451 1622 2507 aliud
1680 2453 1953 2507 durescat
1992 2452 2050 2507 in

399 2543 658 2609 ossibus,
695 2542 856 2598 aliud
890 2543 949 2596 in
980 2541 1142 2596 venis
1172 2541 1433 2614 palpitet,
1470 2544 1527 2596 et
1557 2540 1714 2596 aliud
1745 2540 1960 2613 ligetur
1991 2539 2049 2594 in

398 2633 628 2689 nervis:
657 2632 741 2687 ita
773 2630 870 2687 Dei
899 2648 1072 2702 opera
1098 2630 1245 2685 scire
1276 2647 1389 2686 non
1425 2629 1661 2702 poteris,
1723 2629 1823 2701 qui
1871 2629 2054 2685 factor

398 2725 488 2776 est
518 2720 808 2776 omnium.
840 2721 919 2774 Ex
950 2736 1064 2792 quo
1085 2720 1253 2774 docet
1280 2718 1570 2774 contraria
1600 2735 1715 2773 non
1766 2719 2048 2788 timenda,

399 2826 509 2865 nec
537 2813 755 2865 temere
784 2810 855 2864 de
884 2808 1068 2863 ventis
1100 2812 1157 2863 et
1187 2809 1465 2873 nubibus,
1498 2824 1644 2879 quas
1677 2824 1859 2879 supra
1904 2808 2050 2861 dixi-

400 2914 554 2963 mus,
581 2898 971 2969 judicandum
999 2914 1012 2953 :
1038 2914 1171 2952 cum
1204 2914 1312 2952 suo
1342 2900 1543 2951 tenore
1560 2902 1617 2951 et
1646 2914 1821 2951 cursu
1842 2896 2053 2951 debeat

397 2989 560 3042 sator
618 2987 873 3059 pergere,
923 2990 980 3041 ct
1027 2990 1297 3041 eventum
1354 2987 1375 3018 ²
1431 2984 1663 3039 Domini
1754 2985 2051 3039 sententiae

396 3092 709 3132 reservare.
753 3077 870 3131 Non
901 3074 1050 3130 enim
1106 3076 1330 3131 volentis
1386 3090 1555 3144 neque
1609 3075 1902 3140 currentis,
1960 3073 2051 3130 sed

393 3165 490 3221 Dei
516 3166 828 3220 miserantis
858 3169 934 3220 est
954 3167 1132 3233 (Rom.
1162 3181 1238 3229 1x,
1275 3163 1386 3232 16).

2164 588 2325 643 luxu.
2362 590 2422 643 In
2459 606 2811 661 quacunque
2842 592 2999 646 enim
3024 592 3118 646 die
3141 593 3342 663 justus
3370 594 3669 663 erraverit,
3728 609 3827 651 vo-

2164 681 2315 733 teres
2347 695 2483 732 eum
2509 678 2756 748 justitiae
2789 696 2823 733 a
2854 685 3038 735 morte
3070 679 3318 737 liberare
3349 698 3463 738 non
3524 686 3821 754 poterunt.

2164 768 2324 830 Quod
2356 767 2403 822 si
2433 768 2596 835 juxta
2642 773 2951 839 utramque
2997 768 3537 841 interpretationem
3586 787 3824 843 semper

2164 856 2537 921 benefeceris,
2571 860 2627 911 et
2661 856 2820 911 omni
2854 862 3017 912 aetate
3039 859 3322 930 aequalem
3350 876 3587 916 cursum
3607 860 3827 918 habue-

2163 944 2245 1000 ris
2300 944 2523 999 videbis
2574 945 2759 1001 Deum
2818 946 3069 1012 Patrem,
3121 946 3525 1005 dulcissimam
3582 948 3819 1018 lucem;

2160 1032 2385 1089 videbis
2415 1033 2733 1105 Christum,
2767 1036 2952 1090 solem
2977 1036 3241 1106 justitiae.
3278 1042 3451 1093 Porro
3484 1037 3532 1094 si
3565 1044 3622 1094 et
3654 1039 3817 1094 mul-

2160 1121 2237 1176 tis
2270 1121 2439 1177 annis
2462 1121 2693 1191 vixeris,
2726 1128 2783 1179 et
2813 1125 3011 1179 omnia
3042 1125 3195 1180 bona
3224 1125 3522 1195 habueris,
3554 1127 3641 1184 vel
3665 1128 3825 1185 bona

2161 1226 2336 1281 opera
2377 1211 2746 1282 perpetraris,
2780 1216 2835 1265 et
2867 1212 3069 1268 scieris
3100 1218 3154 1269 te
3194 1230 3424 1286 semper
3479 1232 3606 1271 esse
3636 1215 3823 1272 mori-

2160 1302 2382 1363 turum,
2418 1304 2475 1355 et
2533 1304 2665 1354 ante
2724 1300 2923 1355 oculos
2983 1305 3115 1357 tuos
3162 1304 3535 1359 tenebrarum
3579 1320 3821 1377 semper

2158 1394 2421 1443 versetur
2444 1389 2767 1444 adventus:
2803 1391 3110 1460 praesentia
3136 1392 3304 1463 quasi
3354 1392 3531 1459 ﬂuxa,
3584 1392 3822 1466 fragilia

2158 1480 2215 1532 et
2261 1478 2485 1532 caduca
2546 1482 2929 1534 comtemnes.
2991 1480 3357 1552 Symnachus
3414 1482 3591 1537 ﬁnem
3634 1481 3821 1553 hujus

2158 1566 2461 1620 sententia:
2521 1565 2603 1620 ita
2661 1567 3077 1639 interpretatus
3128 1573 3252 1623 est:
3286 1569 3348 1625 Si
3401 1572 3564 1625 annis
3617 1572 3816 1637 multis

2158 1656 2365 1710 vixerit
2397 1655 2573 1725 homo,
2606 1661 2657 1710 et
2688 1658 2937 1711 omnibus
2969 1658 3054 1712 his
3104 1659 3319 1714 laetatus
3363 1661 3536 1730 fuerit
3563 1660 3604 1729 ⁸,
3627 1674 3813 1725 recor-

2158 1742 2285 1799 dari
2313 1744 2462 1798 debet
2521 1748 2575 1798 et
2631 1744 2749 1799 dies
2809 1745 2920 1814 [AL
2980 1747 3221 1821 dierum]
3266 1748 3632 1814 tenebrarum,
3668 1750 3809 1819 quia

2162 1833 2350 1889 multa?
2381 1837 2560 1899 eruat,
2594 1838 2646 1887 et
2679 1835 2733 1887 in
2768 1835 2964 1904 quibus
2993 1836 3249 1890 omnibus
3278 1837 3455 1891 veniet
3513 1852 3623 1892 esse
3675 1836 3816 1894 desi-

2161 1938 2311 1976 nere.
2342 1920 2548 1976 Aliter:
2609 1922 2980 1993 Repromittit
3035 1922 3093 1977 in
3142 1922 3257 1978 alio
3307 1923 3614 1996 Scriptura:
3661 1923 3815 1993 loco,

2163 2011 2317 2066 Deus
2348 2011 2594 2065 dicens:
2639 2011 2782 2065 Dabo
2824 2012 2969 2065 vobis
3020 2012 3270 2083 pluviam
3326 2021 3726 2085 temporaneam
3755 2023 3817 2071 et

2161 2101 2460 2155 serotinam
2490 2101 2677 2171 (Deut.
2711 2116 2791 2165 x1,
2816 2100 2927 2170 14),
2966 2108 3132 2156 vetus
3197 2101 3422 2157 scilicet
3478 2103 3816 2158 Testamen-

2162 2193 2313 2253 tum,
2346 2193 2403 2243 et
2432 2205 2668 2253 novum,
2718 2195 2774 2243 et
2833 2194 3078 2261 utroque
3135 2207 3237 2246 vos
3294 2190 3480 2246 imbre
3535 2189 3812 2263 irrigabo,

2164 2277 2326 2332 Unde
2365 2283 2418 2332 et
2451 2294 2604 2331 nunc
2635 2278 3041 2348 admonemur,
3077 2283 3142 2334 ut
3175 2281 3257 2334 sic
3290 2278 3552 2352 legamus
3602 2280 3814 2352 Legem

2161 2367 2436 2431 veterem,
2462 2380 2534 2420 ne
2564 2364 2944 2436 Evangelium
2993 2372 3441 2423 contemnamus
3470 2385 3482 2423 :
3536 2367 3621 2424 sic
3651 2384 3815 2440 quae-

2164 2470 2365 2509 ramus
2397 2452 2758 2524 spiritualem
2792 2454 2849 2509 in
2892 2455 3080 2510 Veteri
3141 2457 3533 2529 Instrumento
3594 2454 3813 2512 intelli-

2163 2541 2444 2612 gentiam,
2474 2559 2546 2597 ne
2577 2543 2634 2597 in
2670 2542 3042 2615 evangelistis
3096 2550 3152 2599 et
3181 2544 3459 2617 apostolis
3516 2545 3623 2600 hoc
3681 2549 3815 2602 tan-

2162 2633 2287 2684 tum
2320 2635 2593 2703 putemus
2634 2648 2842 2687 sonare
2873 2633 3025 2703 quod
3076 2632 3305 2705 legitur.
3347 2634 3613 2707 lgnorare
3656 2631 3817 2690 enim

2164 2735 2279 2773 non
2330 2719 2387 2773 in
2421 2735 2537 2791 quo
2578 2720 2767 2791 magis
2825 2720 3067 2777 scientia
3117 2722 3286 2778 nobis
3316 2739 3349 2777 a
3381 2724 3491 2778 Deo
3527 2722 3822 2778 tribuatur

2161 2812 2217 2863 et
2238 2808 2445 2878 gratia,
2481 2807 2823 2880 felicemque
2854 2826 2987 2865 eum
3039 2827 3189 2876 esse,
3240 2811 3339 2883 qui
3390 2817 3706 2884 utrumque
3752 2811 3815 2868 in

2162 2913 2476 2952 commune
2498 2898 2824 2962 sociaverit,
2858 2904 2914 2954 et
2961 2900 3129 2971 quasi
3180 2916 3362 2955 unum
3412 2917 3622 2973 corpus
3672 2900 3811 2955 effe-

2162 2986 2323 3040 cerit.
2356 2985 2518 3049 Quod
2567 2987 2667 3058 qui
2711 2988 2887 3042 fuerit
2925 2995 3296 3055 consecutus,
3345 2989 3559 3046 videbit
3595 2989 3809 3057 lucem,

2160 3074 2382 3129 videbit
2412 3074 2734 3144 Christum,
2777 3077 2957 3133 solem
2981 3078 3245 3147 justitiae.
3291 3078 3428 3134 Etsi
3463 3078 3631 3134 annis
3678 3076 3815 3150 plu-

2164 3163 2325 3218 ribus
2384 3163 2606 3227 vixerit,
2669 3165 2724 3219 in
2780 3183 3016 3221 summa
3074 3166 3268 3223 lzetitia
3324 3172 3380 3222 et
3427 3166 3814 3223 delectatione

465 3277 493 3305 «
536 3254 600 3309 In
633 3254 919 3309 matutino
950 3252 1177 3308 semina
1207 3268 1404 3308 semen
1435 3257 1623 3321 tuum,
1659 3256 1713 3307 et
1744 3253 1816 3307 ad
1852 3267 2052 3324 vespe-
2084 3236 2127 3304 C
2166 3252 2513 3323 versabitur,
2576 3252 2799 3310 habens
2850 3254 3152 3310 scientiam
3225 3255 3673 3329 Scripturarum,
3753 3260 3817 3313 et

394 3358 528 3397 rum
560 3354 631 3396 ne
679 3339 940 3396 dimittas
990 3357 1230 3396 manum
1280 3344 1481 3394 tuam:
1527 3340 1804 3411 quoniam
1858 3340 2049 3395 nescis

392 3429 533 3503 quid
593 3428 817 3501 placeat
838 3430 881 3496 ³,
921 3429 1029 3485 hoc
1085 3430 1188 3493 [AL
1233 3434 1334 3484 aut
1391 3429 1540 3499 hoc],
1586 3446 1656 3483 an
1717 3428 1882 3484 illud.
1932 3428 2049 3483 Etsi

393 3521 734 3589 utrumque,
771 3519 937 3589 quasi
963 3536 1146 3573 unum
1188 3518 1403 3573 bonum
1439 3517 2044 3590 est,etdulcelumen,

392 3610 449 3663 et
489 3608 708 3662 bonum
741 3606 925 3662 oculis
956 3606 1148 3662 videre
1180 3607 1391 3663 solem:
1418 3608 1559 3678 quia
1589 3607 1637 3661 si
1671 3608 1842 3662 annis
1903 3606 2051 3661 mul-

390 3695 466 3752 tis
497 3695 701 3752 vixerit
731 3695 925 3766 homo,
960 3697 1020 3751 in
1051 3698 1326 3751 omnibus
1358 3695 1450 3751 his
1483 3695 1727 3763 Izetetur,
1753 3700 1808 3750 et
1841 3698 2047 3751 memi-

390 3785 542 3841 nerit
571 3785 694 3841 dies
727 3786 1120 3852 tenebrarum,
1154 3786 1295 3857 quia
1322 3785 1589 3858 plurimae
1613 3788 1805 3839 erunt.
1863 3785 2046 3840 Omne

389 3874 543 3947 quod
576 3879 887 3931 venturum
922 3878 1029 3943 est,
1063 3875 1309 3931 vanitas.
1341 3896 1368 3923 »
1401 3873 1483 3928 Ne
1515 3873 1698 3944 eligas
1757 3873 1851 3928 cui
1901 3873 2047 3929 bene

389 3964 610 4031 facias;
644 3965 744 4019 sed
775 3969 832 4018 et
863 3979 997 4018 cum
1057 3963 1432 4032 benefeceris,
1496 3979 1797 4034 nunquam
1831 3980 1863 4018 a
1894 3963 2044 4018 bono

391 4069 566 4125 opere
598 4051 865 4107 desistas.
901 4053 1244 4108 Matutinam
1279 4051 1574 4123 justitiam
1625 4068 1830 4124 vesper
1887 4051 2043 4109 inve-

393 4142 539 4198 niat.
573 4143 642 4197 Et
670 4143 925 4215 vesperis
987 4144 1091 4218 [AL
1144 4142 1391 4214 vesperi]
1443 4142 1904 4197 misericordiam
1956 4142 2041 4198 sol

392 4230 699 4303 [ALsolis]
757 4238 919 4288 ortus
986 4232 1337 4288 accumulat.
1396 4235 1688 4305 Incertum
1738 4237 1827 4287 est
1883 4233 2041 4288 enim

389 4321 546 4391 quod
579 4337 727 4392 opus
761 4321 947 4393 magis
975 4321 1199 4393 placeat
1227 4322 1364 4388 Deo,
1398 4328 1454 4376 et
1483 4339 1553 4376 ex
1572 4322 1802 4393 quotibi
1821 4324 2043 4377 fructus

391 4409 813 4480 Asajustitiae
845 4415 1220 4482 praeparetur.
1253 4409 1448 4464 Potest
1506 4414 1699 4465 autem
1760 4408 2041 4473 accidere,

388 4502 581 4555 utnon
608 4516 813 4565 unum,
845 4499 947 4555 sed
980 4504 1297 4571 utrumque
1358 4498 1583 4569 placeat
1640 4498 1774 4553 Deo.
1836 4498 2039 4553 Aliter.

392 4586 463 4643 Et
490 4587 551 4643 in
583 4588 996 4655 adolescentia,
1030 4592 1087 4644 et
1117 4588 1176 4642 in
1208 4591 1462 4653 senecta,
1493 4603 1695 4657 aequus
1725 4585 1828 4640 tibi
1879 4585 2045 4641 labor
2077 4608 2121 4672 Β

389 4676 483 4733 sit.
548 4676 661 4732 Nec
701 4677 903 4732 dicas:
967 4676 1108 4731 dum
1168 4675 1352 4747 potui,
1414 4674 1693 4741 laboravi,
1754 4674 1934 4729 debeo
1982 4674 2041 4729 in

389 4769 687 4822 senectute
718 4766 1105 4837 requiescere.
1146 4765 1347 4821 Nescis
1365 4763 1518 4819 enim
1545 4767 1742 4818 utrum
1760 4762 1817 4818 in
1835 4764 2043 4835 juven-

398 4858 545 4927 tute,
570 4872 644 4911 an
676 4855 735 4909 in
770 4859 935 4909 aelate
976 4853 1237 4925 longaeva
1268 4852 1497 4925 placeas
1554 4852 1689 4907 Deo.
1750 4852 1863 4908 Nec
1920 4870 2046 4926 pro-

461 4980 679 5037 ‘Vatic.
715 4994 811 5034 suo
841 4986 1095 5049 tempore.
1157 4976 1408 5046 Alcuin.,
1456 4978 1801 5050 AQuaprOpter
1852 4995 2046 5050 Oppor-

392 5059 524 5178 tgno
550 5052 632 5106 vel
654 5048 967 5122 importuno
1021 5053 1265 5121 tempore
1314 5048 1698 5119 pradz‘camlus
1748 5053 1823 5105 est
1869 5048 2046 5106 sermo

448 5140 518 5178 e2.

448 5140 518 5179 ετ.

463 5196 485 5229 ²
517 5192 725 5248 Verius
770 5189 1033 5245 videatur
1092 5189 1301 5263 legisse
1351 5190 1616 5248 Alcuin.:
1655 5193 1843 5249 Debeat
1899 5200 2049 5248 sator

396 5279 670 5390 spargere,
699 5270 749 5316 et
780 5269 1055 5317 eventum.
1092 5268 1200 5318 etc.

466 5338 488 5372 ³
564 5334 766 5406 alatin.
801 5334 966 5399 alter,
1000 5335 1127 5405 quid
1146 5337 1274 5406 plus
1297 5336 1532 5405 placeat.

468 5408 490 5443 ὀ
520 5405 792 5478 Martian.
818 5407 971 5459 laetus
999 5405 1190 5478 fuerit,
1227 5412 1428 5463 contra
1458 5425 1601 5463 mss.
1636 5407 2048 5478 cditorumquc

398 5482 573 5535 antea
601 5476 884 5532 librorum
920 5478 1113 5534 fidem.

470 5551 491 5586 ⁸
522 5547 770 5604 Polatin.
804 5552 866 5604 Et
894 5552 1072 5621 magis
1128 5550 1293 5606 addat
1348 5550 1417 5605 alt
1458 5550 1600 5604 hunc
1656 5550 1917 5616 laborem,
1970 5565 2051 5604 re-

397 5621 785 5687 cordationem,
802 5628 909 5678 etc.

466 5695 488 5732 °
521 5696 734 5752 Lietare
760 5694 1084 5753 adolescens.
1109 5698 1220 5749 etc.
1256 5694 1319 5748 In
1377 5692 1793 5765 antiquissimo
1853 5692 2050 5746 codice

398 5782 507 5827 ms.
541 5766 870 5825 Corbeiensi
895 5765 1218 5846 capitulum
1253 5766 1408 5821 istud
1430 5770 1775 5822 numeratur
1799 5780 2046 5833 xxxvm;

2160 3343 2349 3413 magis
2381 3342 2452 3397 ad
2508 3341 2664 3397 hunc
2722 3342 2980 3398 laborem
3029 3344 3427 3400 recordatione
3455 3345 3475 3378 ⁸
3508 3344 3687 3400 futuri
3710 3345 3810 3417 ju-

2157 3429 2294 3483 dicii
2346 3429 2771 3502 compellatur:
2833 3432 2972 3503 quia
3031 3436 3377 3504 perpetuum
3436 3433 3809 3489 tenebrarum

2157 3523 2396 3590 tempus
2426 3520 2713 3585 adveniet,
2746 3525 2805 3576 et
2833 3525 3056 3577 aeternae
3098 3539 3277 3593 poenae
3334 3523 3813 3594 praeparabantur

2156 3605 2264 3670 eis,
2292 3606 2391 3676 qui
2428 3623 2541 3661 non
2577 3607 2991 3663 seminaverint
3022 3626 3193 3664 mane
3223 3615 3280 3664 et
3305 3610 3375 3664 ad
3397 3627 3720 3682 vesperam,
3750 3615 3819 3667 et

2158 3711 2529 3767 nequaquam
2563 3696 2717 3752 484
2750 3702 3070 3769 utrumque
3112 3698 3366 3754 sociavcr
3382 3704 3526 3755 unt:
3590 3715 3693 3756 nec
3724 3700 3809 3755 vi-

2156 3782 2369 3837 derunt
2391 3782 2578 3838 lucem
2613 3801 2715 3839 nec
2747 3784 2950 3851 solem,
2986 3786 3140 3842 unde
3167 3787 3362 3859 ipsum
3396 3786 3599 3843 lumen
3631 3803 3806 3861 egre-

2160 3871 2319 3926 ditur
2346 3871 2454 3943 [AL
2488 3873 2861 3945 egredietur].

2227 3960 2387 4033 (Cap.
2421 3960 2565 4033 XII.)
2625 3963 2858 4035 Laetare,
2921 3964 3263 4021 adolescens
3293 3967 3334 4034 θ,
3382 3966 3441 4021 in
3489 3967 3805 4039 juventute

2154 4054 2275 4121 tua,
2311 4055 2368 4105 et
2400 4050 2456 4105 in
2490 4051 2639 4106 bono
2672 4051 2748 4106 sit
2778 4070 2877 4108 cor
2908 4059 3075 4109 tuum
3110 4055 3164 4109 in
3225 4054 3431 4111 diebus
3474 4055 3801 4125 juventutis

2153 4144 2288 4205 tuae,
2318 4145 2373 4195 et
2402 4139 2641 4196 ambula
2674 4141 2733 4196 in
2767 4143 2876 4197 viis
2910 4143 3100 4198 cordis
3131 4144 3238 4214 tui,
3266 4149 3324 4199 et
3354 4144 3797 4201 inintuituocu-

2153 4229 2341 4285 lorum
2374 4235 2609 4285 tuorum
2640 4231 2679 4284 ⁷.
2718 4231 2784 4286 Et
2812 4233 2958 4287 scito
2989 4231 3117 4299 hoc,
3151 4233 3287 4304 quia
3316 4250 3494 4306 super
3521 4234 3795 4291 omnibus

2155 4318 2244 4373 his
2275 4319 2525 4373 adducet
2552 4323 2607 4374 te
2639 4318 2790 4374 Deus
2822 4320 2878 4374 in
2902 4321 3218 4391 judicium.
3254 4322 3319 4376 Et
3352 4322 3561 4394 repelle
3586 4324 3733 4378 iram
3763 4339 3798 4379 ι

2151 4408 2323 4462 corde
2373 4413 2491 4475 tuo,
2546 4415 2602 4463 et
2652 4410 2816 4464 aufer
2874 4409 3158 4465 malitiam
3191 4428 3224 4466 a
3254 4427 3425 4467 carne
3484 4418 3618 4483 tua:
3659 4412 3799 4484 quia

2151 4494 2546 4552 adolescentia
2576 4502 2632 4553 et
2666 4497 2916 4555 stultitia
2962 4500 3187 4555 vanitas
3234 4506 3341 4555 est.
3395 4502 3460 4555 Et
3507 4504 3796 4557 memento

2150 4584 2438 4640 Creatoris
2469 4585 2553 4640 tui
2585 4586 2644 4641 in
2675 4586 2883 4643 diebus
2927 4586 3256 4659 juventutis
3304 4594 3435 4656 tuae,
3483 4594 3794 4662 antequam

2151 4672 2384 4728 veniant
2439 4674 2562 4729 dies
2622 4675 2853 4730 malitia:
2900 4680 2955 4731 et
3004 4677 3478 4749 apprOpinquent
3533 4678 3671 4734 anni
3740 4679 3797 4734 in

2155 4763 2372 4835 quibus
2405 4763 2601 4819 dices:
2633 4764 2756 4820 Non
2790 4768 2879 4819 est
2910 4764 3052 4820 mihi
3091 4764 3148 4819 in
3183 4765 3300 4821 illis
3348 4766 3617 4824 voluntas
3642 4768 3661 4803 ³
3695 4768 3798 4835 [AL

2152 4853 2501 4922 voluptas].n
2558 4854 2620 4907 In
2681 4854 2788 4909 hoc
2869 4853 3146 4926 capitulo,
3223 4854 3454 4912 diversa
3534 4857 3799 4912 omnium

2155 4976 2412 5032 maxima
2442 4977 2598 5031 enim
2630 4983 2717 5034 est
2746 4978 3028 5051 distantia
3076 4980 3351 5051 antiquas
3389 4979 3541 5036 inter
3588 4980 3800 5036 Biblio-

2156 5066 2286 5103 rum
2320 5065 2620 5103 sacrorum
2679 5066 2743 5104 ac
2784 5050 3095 5106 hodiernae
3143 5050 3477 5117 divisiones,
3514 5058 3578 5107 ut
3610 5053 3801 5109 videre

2156 5126 2245 5175 est
2273 5120 2332 5174 in
2361 5120 2790 5191 Prolcgomenis
2807 5122 3022 5177 nostris
3050 5122 3070 5177 Ι
3095 5124 3261 5178 Tom.
3303 5128 3589 5179 Marrnara.

2230 5224 2292 5267 —_
2320 5190 2441 5247 Duo
2480 5210 2621 5267 mss.
2679 5193 3127 5267 castigatiores._
3162 5196 3388 5257 LaJtare,
3436 5196 3679 5267 juvenis,
3740 5196 3801 5250 in

2157 5264 2521 5335 adolescentia
2569 5272 2682 5327 tua,
2743 5265 3238 5335 quemadmodum
3286 5264 3447 5321 infra
3484 5268 3554 5321 ab
3610 5266 3800 5322 [liere-

2159 5351 2333 5407 nymo
2366 5334 2527 5389 locus
2550 5334 2853 5407 recitatur.

2228 5408 2248 5440 ⁷
2275 5407 2507 5482 Addunt
2539 5406 2782 5482 Palatini
2816 5408 3131 5482 duo_co_dd.
3186 5407 3316 5464 Sine
3362 5410 3799 5482 reprehensione.

2159 5478 2314 5548 quod
2349 5494 2414 5532 ex
2447 5478 2640 5533 Graeco
2673 5474 2905 5550 ἄμωμος
2927 5479 3241 5534 derivatur.

2229 5550 2249 5624 ξ’
2284 5550 2397 5604 Non
2426 5550 2686 5624 estimihi
2744 5553 2803 5604 in
2852 5552 2969 5604 illis
3025 5551 3298 5624 voluntas.
3342 5550 3635 5624 Erasmus.
3665 5551 3805 5624 legit

2158 5622 2439 5697 yolaptas;
2470 5621 2647 5697 idque
2679 5628 2967 5697 retentum
2993 5630 3080 5697 est
3100 5623 3158 5678 in
3181 5622 3633 5697 quamplurimis
3658 5621 3803 5697 mss.

2161 5691 2223 5747 In
2268 5691 2499 5748 Hebrmo
2553 5691 2647 5767 est
2701 5691 3323 5767 Y'Dﬂlﬁllzﬂle’lﬁqhod
3355 5691 3682 5767 uoluntatem
3714 5695 3807 5752 in-

2159 5769 2554 5838 terpretantur
2576 5766 2750 5823 etiam
2785 5766 2922 5823 LXX
2951 5766 3373 5828 Translatores.
3417 5766 3693 5825 Maurus.
