3996 6416
176 424 361 491 ’1161

1211 429 1835 494 COMMENTARIUS
1877 431 1957 492 IN
2000 428 2602 494 ECCLESIASTEN.

3457 410 3616 487 lies

172 559 536 635 explanatio
565 561 698 630 fuit,
730 565 788 617 et
814 565 902 618 tot
919 577 1065 634 pene
1104 561 1425 631 sententiis,
1478 568 1620 633 quot
1658 562 1854 618 homi-
1884 564 1936 630 Α
1966 564 2052 618 nia
2086 564 2212 633 (Isa.
2244 564 2480 634 xxxvu).
2512 563 2577 619 In
2610 561 2729 618 illis
2767 561 2975 617 diebus
3002 560 3217 631 ﬂorebzt
3260 558 3618 631 amygdalum

208 664 331 703 nes.
381 648 543 705 Unde
591 649 730 721 quia
775 650 1017 723 longum
1067 654 1160 706 est
1189 650 1558 721 opinationes
1598 652 1862 706 omnium

204 751 528 803 recensere,
586 743 644 793 et
688 743 1038 809 argumenta
1093 737 1311 810 quibus
1355 740 1674 795 sententias
1724 756 1863 795 suas

203 826 533 896 approbare
580 825 891 891 voluerint,
950 826 1256 899 explicare,
1316 843 1495 899 prope
1548 845 1640 883 res
1686 828 1864 883 unius

204 911 525 971 voluminis
570 919 663 970 est
708 931 721 971 :
768 915 1024 972 sufficiat
1072 916 1460 988 prudentibus
1499 916 1863 989 signiﬁcasse

204 1002 348 1074 quid
377 1004 691 1072 senserint,
742 1008 802 1061 et
846 1003 1018 1075 quasi
1050 1005 1107 1060 in
1150 1005 1405 1077 quadam
1438 1005 1596 1061 brevi
1625 1004 1862 1075 tabella,

206 1090 360 1148 situs
384 1091 643 1164 pinxisse
674 1097 987 1159 terrarum,
1011 1094 1313 1165 totiusque
1341 1094 1500 1149 orbis
1529 1095 1861 1150 vastitatem

207 1183 268 1235 et
298 1180 586 1237 ambitum
613 1181 849 1254 Oceani,
873 1186 1122 1255 angusto
1145 1187 1473 1238 montrasse
1494 1182 1860 1255 compendio.

280 1268 509 1324 Hebraei
539 1270 610 1326 ad
645 1269 818 1327 Israel
849 1272 1144 1328 aestimant
1174 1270 1466 1342 pertinere
1498 1272 1859 1340 mandatum,

209 1357 304 1413 cui
334 1357 691 1431 prmeipitur,
725 1362 790 1413 ut
838 1359 1068 1415 fruatur
1105 1359 1323 1414 divitiis
1359 1359 1514 1425 suis,
1546 1363 1862 1431 antequam

206 1445 260 1503 ei
311 1446 663 1519 captivitatis
705 1451 936 1518 tempus
967 1448 1256 1513 adveniat,
1302 1452 1359 1503 et
1406 1448 1855 1504 adolescentiam

206 1539 508 1592 senectute
545 1540 867 1592 commutet
899 1553 911 1590 :
945 1536 1231 1608 quidquid
1263 1535 1604 1593 delectabile
1646 1536 1734 1593 vel
1756 1538 1856 1608 ju—

210 1625 494 1690 cundum,
533 1628 653 1680 tam
700 1625 886 1693 cordi,
915 1642 1093 1697 quam
1135 1624 1322 1682 oculis
1365 1624 1721 1698 apparuerit,
1771 1641 1860 1694 eo,

206 1713 353 1769 dum
385 1713 443 1767 in
483 1718 755 1785 promptu
796 1717 904 1779 est,
955 1714 1234 1770 abutatur
1284 1732 1298 1770 ε
1350 1714 1433 1770 ita
1477 1719 1674 1770 tamen
1709 1719 1772 1769 ut
1799 1731 1862 1771 se

208 1801 433 1857 noverit
460 1801 521 1856 in
552 1802 828 1858 omnibus
845 1802 1236 1873 judicandum
1273 1819 1286 1857 :
1318 1807 1378 1858 et
1406 1807 1525 1858 tam
1554 1802 1859 1874 cogitatio-

205 1904 311 1947 nes
342 1888 550 1958 malas,
576 1907 755 1962 quam
786 1889 1063 1947 libidines
1093 1891 1298 1962 fugiat,
1331 1890 1527 1948 sciens
1546 1890 1858 1947 stultitiam

205 1977 611 2035 adolescentiae
668 1978 1000 2052 cepulatam
1052 1997 1065 2039 ;
1109 1980 1562 2052 recordeturque
1625 1995 1861 2053 semper

203 2066 494 2124 Creatoris
518 2067 956 2140 sui,antequam
981 2068 1105 2125 dies
1126 2068 1457 2142 Babyloniae
1489 2086 1553 2124 ac
1586 2069 1858 2124 Romanis

201 2154 556 2228 captivitatis
596 2156 929 2224 adveniant,
979 2156 1040 2211 in
1096 2157 1318 2229 quibus
1361 2173 1475 2215 non
1539 2157 1755 2229 poterit
1784 2157 1860 2214 ba

205 2244 343 2300 bere
377 2244 735 2301 voluntatem
797 2247 836 2300 ¹.
869 2246 938 2301 Et
967 2249 1155 2302 totum
1209 2245 1366 2302 hunc
1423 2246 1615 2302 locum
1671 2248 1743 2302 ab
1790 2263 1857 2303 eo

202 2332 361 2405 quod
393 2333 474 2389 ait
502 2349 517 2389 ι
553 2356 581 2383 ‹‹
613 2338 945 2405 Antequam
979 2335 1344 2393 tenebrescat
1375 2334 1483 2402 sol,
1515 2339 1572 2390 et
1601 2334 1764 2403 luna,
1797 2340 1856 2390 et

198 2421 406 2495 stellae,
444 2446 465 2472 ι
511 2438 697 2494 usque
744 2423 815 2479 ad
870 2438 1005 2479 eum
1053 2422 1270 2490 locum,
1323 2423 1380 2477 in
1410 2439 1526 2494 quo
1558 2423 1860 2495 Scriptura

199 2516 625 2569 commemorat
671 2529 682 2567 :
737 2535 765 2562 «
820 2513 892 2568 Et
920 2516 1286 2568 convertatur
1324 2512 1517 2583 pulvis
1546 2511 1606 2567 in
1636 2517 1855 2569 terram

200 2616 376 2657 suam
404 2600 560 2656 sicut
605 2605 750 2668 erat,
794 2606 853 2658 et
895 2600 1140 2673 spiritus
1189 2605 1506 2657 revertetur
1545 2601 1616 2657 ad
1663 2601 1859 2657 Domi-

198 2706 369 2756 num,
392 2689 492 2762 qui
544 2689 705 2746 dedit
753 2689 955 2758 illum;
991 2713 1018 2739 ››
1051 2706 1228 2762 super
1246 2693 1405 2746 statu
1430 2706 1549 2745 suae
1572 2689 1854 2746 conditio-

197 2778 295 2835 nis
337 2777 670 2851 explanant.
722 2779 857 2845 Quaa
904 2778 1065 2851 quia,
1093 2782 1158 2833 ut
1196 2795 1375 2851 supra
1407 2777 1683 2845 diximus,
1716 2777 1856 2834 laci-

198 2867 370 2924 niosa
397 2868 419 2900 ²
448 2869 589 2924 sunt
615 2870 672 2923 et
700 2865 943 2939 prolixa,
974 2866 1226 2923 strictim
1257 2884 1291 2923 a
1346 2866 1518 2924 nobis
1576 2866 1855 2925 breviter-

198 2971 316 3028 que
345 2958 681 3028 tangentur.
712 2954 927 3011 Lzstare
954 2970 1092 3026 ergo
1123 2955 1180 3011 in
1214 2956 1521 3027 juventute
1551 2956 1703 3014 485
1734 2961 1857 3024 tua,

198 3060 235 3103 0
265 3042 465 3111 Israel,
496 3047 554 3099 et
583 3042 672 3098 fac
704 3042 801 3098 illa
837 3043 923 3099 vel
973 3042 1094 3111 illa,
1126 3045 1199 3099 de
1226 3044 1445 3116 quibus
1467 3044 1593 3115 jam
1626 3044 1849 3100 dictum

203 3134 299 3188 est
346 3135 664 3203 antequam
732 3130 1057 3204 captivitas,
1109 3132 1398 3198 adveniat,
1448 3138 1505 3188 et
1550 3151 1585 3188 ιι
1627 3136 1683 3188 te
1718 3138 1856 3190 tuus

1972 651 2078 724 [AL
2109 653 2481 724 amygdalus],
2515 651 2611 706 ille
2642 649 2888 706 baculus
2926 654 2985 705 et
3036 649 3197 722 virga
3254 664 3430 721 quam
3463 647 3616 703 Jers-

1973 741 2122 795 mias
2151 741 2210 795 in
2244 741 2558 813 prophetiae
2599 758 2718 796 suae
2747 740 2890 795 vidit
2916 739 3172 806 exordio,
3205 745 3255 792 et
3302 739 3619 810 impingua-

1973 831 2122 884 bitur
2150 831 2373 896 locusta,
2434 830 2973 885 Nabuchodonosor
3010 843 3143 883 cum
3204 842 3311 881 suo
3340 825 3618 891 exercitu,

1972 927 2024 974 et
2050 919 2414 991 dissipabitur
2439 921 2691 991 capparis
2722 919 2941 991 (Jerem.
2969 918 3030 989 1),
3063 915 3322 971 amicitia
3349 913 3451 970 Dei
3483 930 3618 969 cum

1973 1007 2167 1063 Israel.
2202 1008 2348 1074 Quid
2390 1008 2503 1065 sibi
2530 1013 2725 1063 autem
2755 1007 2891 1062 velit
2918 1007 3195 1078 capparis,
3228 1021 3361 1060 cum
3393 1004 3465 1059 de
3494 1001 3619 1059 sin-

1971 1096 2125 1169 gulis
2149 1096 2497 1168 cceperimus
2527 1096 2740 1163 dicere,
2787 1095 3017 1167 plenius
3060 1092 3466 1165 explicabitur.
3499 1090 3618 1146 Hoc

1972 1190 2167 1241 autem
2220 1190 2408 1241 totum
2452 1183 2676 1241 eveniet
2723 1182 2922 1239 Israeli
2969 1200 2982 1238 :
3035 1182 3173 1254 quia
3215 1181 3483 1237 abiturus
3529 1183 3621 1235 est

1972 1270 2146 1329 hemo
2185 1274 2246 1329 in
2303 1274 2542 1329 domum
2592 1271 2934 1327 aeternitatis
2981 1286 3124 1338 suae,
3163 1274 3222 1325 et
3268 1287 3302 1325 a
3348 1267 3618 1342 prazsidio

1976 1361 2067 1417 Dei
2101 1362 2123 1396 ⁴
2152 1363 2220 1417 ad
2254 1361 2508 1417 coelestia
2537 1376 2897 1428 reversurus,
2933 1375 3047 1430 quo
3095 1360 3311 1413 abunte
3342 1358 3401 1413 in
3432 1357 3621 1414 taber-

1972 1449 2246 1505 naculum
2274 1450 2884 1517 suum,circumibunt
2903 1449 2962 1503 in
2985 1447 3176 1520 platea
3206 1446 3412 1503 ﬂentes
3445 1450 3621 1518 atque

1972 1538 2332 1610 plangentes,
2383 1543 2439 1594 et
2487 1538 2743 1594 hostium
2793 1536 3095 1593 obsidione
3130 1533 3347 1591 vallati.
3403 1535 3623 1590 Laetare

1970 1643 2128 1698 ergo,
2162 1626 2361 1692 Israel,
2391 1625 2451 1681 in
2481 1627 2788 1697 juventute
2816 1629 2937 1691 tua,
2962 1628 3277 1695 antequam
3311 1627 3625 1695 rumpatur

1972 1714 2270 1771 funiculus
2301 1720 2634 1785 argenteus.
2684 1713 2794 1769 hoc
2825 1718 2931 1783 est,
2971 1714 3154 1768 donec
3212 1711 3398 1784 gloria
3436 1715 3626 1767 vestra

1968 1804 2269 1859 vobiscum
2301 1808 2411 1874 est,
2443 1808 2760 1875 antequam
2792 1806 3055 1858 recurrat
3093 1801 3236 1856 vitta
3283 1816 3458 1856 aurea
3487 1800 3532 1866 ⁵,
3564 1800 3622 1855 id

1968 1898 2076 1959 est,
2124 1896 2441 1963 antequam
2486 1908 2621 1947 arca
2669 1890 3000 1947 testamenti
3054 1890 3353 1945 auferatur
3385 1906 3398 1944 :
3432 1889 3623 1960 priue-

1965 1996 2141 2052 quam
2175 1984 2511 2035 conteratur
2541 1979 2745 2052 hydria
2775 1980 2847 2034 ad
2881 1980 3123 2045 fontem,
3152 1982 3211 2034 et
3241 1975 3625 2033 convolvatur

1966 2073 2093 2125 rota
2115 2086 2294 2142 super
2324 2068 2537 2135 locum,
2568 2067 2627 2122 id
2656 2070 2769 2132 est,
2804 2069 2988 2123 donec
3018 2066 3175 2122 intra
3228 2070 3435 2122 sancta
3486 2081 3622 2121 san-

1965 2163 2192 2214 etorum
2223 2161 2508 2231 praecepta
2533 2156 2763 2228 legis,et
2784 2156 2975 2212 sancti
3008 2155 3265 2227 Spiritus
3286 2159 3376 2211 est
3403 2154 3618 2227 gratia,

1964 2252 2023 2302 et
2071 2250 2386 2318 antequam
2440 2244 2748 2301 revertaris
2803 2244 2863 2299 in
2921 2242 3301 2316 Babylonem,
3348 2243 3505 2298 unde
3557 2243 3619 2297 in

1964 2334 2185 2390 lumbis
2213 2335 2369 2391 488
2414 2349 2689 2406 egressus
2738 2348 2801 2388 es
2849 2332 3114 2399 Abrahae,
3162 2336 3219 2387 et
3265 2329 3512 2403 incipias
3560 2331 3620 2386 in

1964 2423 2380 2495 Mesopotamia
2407 2421 2649 2492 conteri,
2683 2421 2841 2477 unde
2890 2425 2950 2476 et
2986 2420 3283 2493 quondam
3323 2420 3621 2491 profectus

1964 2530 2068 2569 es:
2106 2513 2387 2584 omnique
2416 2511 2607 2584 gratia
2665 2510 3128 2583 prophetias,qua
3166 2509 3465 2581 quondam
3497 2508 3620 2564 fue-

1968 2618 2062 2658 ras
2116 2601 2459 2673 inspiratus,
2502 2604 2825 2655 revertetur
2855 2599 2925 2654 ad
2967 2599 3229 2655 datorem
3262 2614 3459 2654 suum.
3492 2598 3623 2654 Hec

1964 2690 2149 2745 Judzsi
2181 2705 2369 2762 usque
2399 2688 2571 2744 hodie
2601 2689 2903 2744 disserunt
2925 2692 2983 2743 et
3010 2688 3081 2743 ad
3106 2703 3418 2759 personam
3450 2702 3621 2742 suam

1968 2778 2413 2851 intelligentiam
2448 2778 2623 2848 hujus
2656 2776 2897 2849 capituli
2930 2777 3191 2833 trahunt.

2037 2868 2153 2923 Nos
2184 2872 2380 2923 autem
2413 2867 2483 2922 ad
2516 2867 2837 2939 superioris
2889 2866 3307 2939 disputationis
3354 2865 3620 2921 ordinem

1967 2961 2339 3023 revertentes,
2371 2954 2606 3029 singula
2659 2955 3007 3011 conabimur
3047 2954 3359 3027 explanare
3390 2971 3403 3010 :
3442 2978 3463 3004 ε
3500 2955 3617 3009 Lae-

1964 3050 2109 3115 tare,
2136 3045 2390 3116 juvenis,
2425 3045 2482 3100 in
2515 3044 2911 3101 adolescentia
2957 3049 3078 3110 tua,
3129 3049 3187 3099 et
3215 3045 3273 3098 in
3305 3044 3457 3098 bono
3490 3042 3567 3098 sit
3593 3043 3616 3078 ⁵

1965 3151 2063 3190 cor
2092 3140 2260 3189 tuum
2307 3134 2366 3188 in
2409 3134 2618 3189 diebus
2654 3132 2983 3205 juventutis
3034 3137 3165 3197 tua},
3199 3137 3257 3187 et
3286 3130 3523 3186 ambula
3554 3130 3612 3185 in

201 3220 393 3277 honor
420 3221 652 3277 recedat
694 3226 752 3276 et
796 3220 1003 3293 gloria,
1054 3225 1111 3276 et
1150 3221 1403 3292 judices,
1448 3226 1506 3277 et
1545 3222 1733 3278 sancti
1768 3221 1852 3278 tui
1900 3291 1908 3293 Α
1964 3222 2075 3278 viis
2101 3222 2292 3277 cordis
2322 3222 2430 3292 tui,
2458 3226 2516 3278 et
2543 3222 2604 3275 in
2637 3226 2877 3292 aspectu
2913 3220 3216 3275 oculorum
3256 3225 3511 3276 tuorum.
3544 3221 3615 3275 Et

200 3310 379 3386 (quos
423 3310 482 3364 in
532 3309 673 3375 sole,
722 3314 780 3365 et
806 3291 982 3381 luna,
1035 3314 1092 3365 et
1132 3291 1320 3365 stellis
1349 3309 1594 3383 intelligi
1625 3310 1852 3383 volunt)
1883 3291 1925 3359 Ο
1964 3311 2108 3367 scito
2144 3328 2321 3382 super
2345 3311 2620 3366 omnibus
2652 3291 2765 3381 his,
2821 3310 2960 3382 quia
2997 3310 3249 3365 adducet
3276 3314 3333 3365 te
3366 3310 3516 3365 Deus
3545 3308 3606 3365 in

202 3398 566 3468 auferantur,
628 3399 957 3469 Antequam
1025 3398 1221 3454 veniat
1289 3398 1848 3466 Nabuchodonosor,

200 3486 325 3543 sive
373 3488 542 3543 Titus
590 3486 933 3559 Vespasiani
970 3486 1133 3543 {ilius
1178 3489 1399 3544 accitus
1443 3505 1477 3544 a
1532 3488 1850 3562 prophetis,

195 3579 261 3632 et
286 3590 489 3631 eorum
521 3574 795 3630 vaticinia
824 3574 1250 3648 compleantur.
1288 3578 1348 3632 In
1391 3575 1487 3632 die
1516 3594 1632 3648 qua
1662 3578 1854 3650 angeli

198 3663 403 3737 templi
431 3662 707 3738 praesides
737 3665 1027 3732 recedent,
1059 3670 1118 3721 et
1146 3664 1544 3721 turbabuntur
1575 3667 1855 3724 robustis-

199 3751 339 3811 simi
369 3751 587 3825 quippe
616 3751 676 3808 in
704 3752 959 3809 exercitu
987 3757 1110 3818 tuo,
1134 3758 1191 3808 et
1219 3753 1407 3809 otiosa
1427 3759 1600 3811 erunt
1622 3754 1855 3827 eloquia

199 3840 641 3914 magistrorum,
692 3844 751 3897 et
798 3841 1113 3914 prOphetaz,
1163 3841 1264 3914 qui
1296 3843 1367 3897 de
1397 3843 1558 3899 caelis
1588 3843 1856 3900 solebant

194 3931 493 3990 visionum
558 3947 799 3987 suarum
872 3930 1074 3988 lumen
1134 3933 1415 4004 accipere,
1447 3934 1854 3991 contenebres-

196 4022 402 4077 scent:
439 4019 673 4092 quando
743 4018 1093 4076 claudentur
1137 4020 1637 4092 templijanuaa,et
1659 4023 1854 4081 humi-

195 4107 444 4165 liabitur
468 4107 819 4175 Jerusalem,
846 4113 904 4164 et
932 4108 1236 4166 Chaldaeus
1258 4111 1468 4177 veniet,
1491 4110 1658 4182 quasi
1679 4116 1855 4168 cantu

198 4197 312 4270 [Αι.
345 4197 574 4270 cantus)
622 4196 895 4266 volucris,
940 4197 1023 4254 ita
1067 4198 1330 4255 Ieremia:
1378 4198 1620 4256 vocibus
1650 4216 1856 4272 provo-

200 4289 375 4344 catus
423 4286 455 4321 ³
489 4286 707 4360 (Jerem.
757 4291 857 4358 ix),
906 4292 964 4343 et
1010 4286 1403 4345 conticescent
1446 4286 1577 4344 filias
1624 4289 1855 4358 cantici,

201 4376 269 4432 in
297 4372 514 4447 templo
540 4373 920 4451 psallentium
951 4375 1132 4432 chori.
1164 4375 1268 4433 Illo
1300 4380 1580 4450 tempore,
1622 4379 1867 4453 quandq

201 4463 509 4523 venientes
539 4464 600 4521 in
630 4463 1115 4537 Hierosolymam,
1141 4464 1252 4537 ipsi
1285 4482 1518 4538 quoque
1543 4467 1741 4523 hostes
1763 4468 1859 4523 Dei

206 4552 621 4629 pertimescent
653 4553 1147 4625 magnitudinem,
1177 4560 1234 4611 et
1264 4555 1323 4611 in
1356 4556 1445 4611 via
1484 4557 1671 4625 dubii,
1719 4561 1859 4613 Sen-

206 4641 510 4701 macherib
539 4641 832 4698 interdum
861 4643 1279 4700 formidabant.
1306 4645 1418 4700 Iloc
1448 4646 1603 4702 enim
1636 4646 1859 4701 dictum

208 4733 426 4804 putat:
481 4732 545 4786 Et
590 4730 659 4786 ab
706 4730 919 4787 excelso
976 4732 1266 4800 timebunt,
1317 4740 1370 4788 et
1418 4733 1792 4804 formidabant
1807 4735 1867 4789 in

287 4891 303 4925 ¹
346 4889 638 4965 _Plerique
686 4908 831 4948 mss.
879 4891 1226 4964 voluptatem,
1280 4891 1372 4947 hic
1430 4910 1534 4965 pro
1594 4897 1868 4950 voluntate

213 4961 556 5036 praeferunt.
1006 4961 1016 4964 ’
1430 4961 1449 4965 ⁷

286 5063 356 5072 ——
402 5034 610 5091 Habere
670 5035 1026 5092 voluntatem.
1056 5035 1157 5090 llic
1179 5051 1435 5091 errorem
1458 5036 1733 5091 eumdem
1774 5052 1869 5092 ca-

206 5104 455 5178 stigavi;
490 5106 630 5177 quia
657 5122 724 5163 ex
757 5112 1027 5161 contextu
1065 5123 1229 5162 sacro
1285 5107 1430 5162 satis
1461 5105 1645 5233 liﬂuet
1674 5108 1867 5163 volun-

206 5180 402 5233 tatem.
438 5194 551 5232 non
585 5178 920 5233 voluntatem
952 5178 1204 5233 positam
1236 5194 1363 5233 esse
1395 5179 1466 5233 ab
1546 5179 1863 5233 ieronvmo.

205 5180 402 5307 ﬁtem,
438 5194 551 5232 non
585 5178 920 5251 voluptatem
951 5178 1204 5250 positam
1236 5194 1363 5233 esse
1395 5179 1466 5234 ab
1495 5178 1863 5250 Hieronymo.

278 5265 513 5305 amas.

282 5318 593 5376 ’Vatican.
639 5321 864 5393 Latiora
893 5329 1023 5376 sunt
1054 5338 1157 5393 pro
1188 5322 1475 5376 laciniosa.

286 5393 309 5426 ³
341 5394 462 5449 Duo
493 5409 665 5460 mss.,
698 5391 1003 5460 Alcuinus,
1037 5391 1410 5464 vetesresque
1439 5392 1602 5457 editi,
1632 5392 1868 5464 prophe-

219 5466 729 5602 (aiuglartianaaus,
762 5536 826 5591 Et
854 5551 889 5591 a
917 5534 1125 5605 praedio
1164 5536 1278 5590 Dei.
1336 5535 1474 5593 Mss.
1512 5552 1644 5591 vero
1687 5536 1870 5592 nostri

215 5612 448 5671 amnes,
473 5612 599 5662 tum
631 5606 930 5661 Alcninns.
957 5612 1014 5661 et
1046 5607 1358 5671 Victorius,
1382 5606 1659 5678 praesidio.
1690 5624 1868 5679 quam

218 5682 529 5738 lectionem
561 5681 634 5734 ad
665 5698 865 5733 curuut
904 5681 1072 5734 Iidem
1114 5679 1469 5749 reponimus.
1509 5679 1636 5734 Mox
1660 5680 1872 5736 iterum

215 5751 525 5820 Alcuinus,
583 5750 696 5821 Quo
750 5751 1033 5806 habitante
1083 5750 1144 5805 in
1199 5751 1552 5807 tabernaculo
1609 5767 1733 5820 suo,
1767 5768 1871 5825 pro

546 5877 813 5944 PATROL.
859 5875 1082 5943 XXIII.

1952 3399 2269 3472 judicium.
2306 3421 2333 3449 ››
2367 3399 2602 3454 Dixerat
2638 3398 2833 3454 lucem
2865 3398 3070 3453 mundi
3112 3398 3290 3469 hujus
3316 3414 3447 3455 esse
3476 3398 3607 3454 dul-

1961 3488 2281 3555 cissimam,
2306 3492 2364 3542 et
2389 3485 2570 3541 laetari
2602 3487 2816 3541 debere
2839 3485 3136 3545 hominem
3160 3486 3219 3542 in
3243 3486 3451 3543 diebus
3477 3487 3609 3541 vitae

1962 3595 2102 3645 sum,
2123 3577 2402 3649 omnique
2433 3574 2627 3631 studio
2653 3591 2894 3645 carpere
2912 3575 3270 3648 voluptatem
3299 3593 3311 3631 :
3338 3575 3610 3648 ingruere

1961 3667 2117 3722 enim
2149 3670 2377 3721 noctem
2427 3664 2633 3720 mortis
2680 3669 2978 3731 (sternam,
3030 3666 3263 3737 quando
3293 3683 3407 3724 non
3438 3666 3611 3723 liceat

1962 3755 2180 3828 perfrui
2229 3753 2617 3826 congregatis,
2675 3757 2735 3809 et
2777 3752 2947 3825 quasi
2998 3754 3289 3824 umbram,
3341 3754 3614 3812 universa

1962 3862 2089 3916 qua;
2122 3844 2441 3900 habuimus
2480 3844 2852 3915 pertransire.
2904 3842 3070 3897 Nunc
3121 3859 3257 3914 ergo
3314 3843 3611 3901 hominem

1963 3934 2316 4003 cohortatur,
2349 3937 2407 3988 et
2436 3931 2577 3988 dicit
2608 3950 2621 3987 :
2657 3931 2701 3987 Ο
2731 3930 3093 3997 adolescens,
3126 3936 3443 4004 antequam
3503 3933 3612 3989 tibi

1964 4027 2232 4079 senectus
2262 4025 2319 4077 et
2358 4036 2515 4075 mors
2545 4020 2783 4089 ingruat
2814 4018 3010 4075 laetare
3067 4019 3125 4074 in
3151 4021 3461 4091 juventute
3488 4026 3611 4095 tua,

1963 4117 2020 4169 et
2049 4110 2333 4183 quidquid
2367 4108 2472 4165 tibi
2504 4109 2676 4165 corde
2707 4109 2950 4174 bonum,
2998 4106 3236 4181 aspectu
3280 4111 3614 4182 jucundum

1963 4200 2212 4269 videtur,
2253 4214 2511 4263 assume,
2565 4198 2776 4257 fruere.
2832 4202 2899 4253 ut
2945 4196 3110 4266 libet,
3156 4200 3364 4255 mundi
3414 4201 3612 4257 rebus.

1967 4290 2223 4346 Rursum
2257 4302 2327 4342 ne
2361 4290 2663 4360 putaretur
2693 4286 2812 4342 hinc
2832 4286 3055 4355 dicens,
3083 4288 3381 4345 hominem
3413 4290 3486 4346 ad
3514 4289 3618 4345 lu-

1965 4378 2193 4434 xuriam
2226 4392 2556 4449 provocare,
2597 4379 2655 4431 et
2684 4376 2744 4431 in
2793 4374 3022 4447 Epicuri
3068 4377 3282 4450 dogma
3326 4394 3619 4447 corruere,

1967 4465 2363 4539 suspicionem
2417 4466 2565 4521 hanc
2612 4464 2876 4531 abstulit,
2940 4465 3196 4522 inferens
3231 4484 3243 4521 :
3280 4490 3307 4517 ‹‹
3342 4466 3412 4522 Et
3441 4466 3609 4537 scito,

1969 4554 2245 4628 quoniam
2269 4572 2447 4628 super
2476 4554 2753 4610 omnibus
2782 4554 2877 4609 bis
2903 4554 3154 4610 adducet
3178 4560 3231 4611 te
3265 4557 3415 4611 Deus
3443 4554 3502 4611 in
3525 4557 3621 4627 ju-
3666 4554 3677 4560 ’

1894 4666 1943 4731 D
1970 4644 2250 4700 dicium.»
2267 4644 2384 4710 Sic,
2418 4643 2629 4715 inquit,
2652 4643 2891 4699 abutere
2916 4643 3121 4698 mundi
3148 4644 3344 4714 rebus,
3372 4649 3437 4699 ut
3465 4646 3621 4701 scias

1974 4739 2028 4789 te
2059 4732 2118 4788 in
2151 4730 2360 4788 ultimo
2381 4731 2791 4803 judicandum.
2832 4750 2853 4778 ι
2882 4731 2948 4785 Et
2975 4730 3187 4802 repelle
3218 4731 3362 4787 iram
3394 4733 3623 4789 acorde

1973 4892 2220 4953 abeunte,
2252 4894 2360 4945 etc.

2047 4995 2112 5003 —
2143 4969 2189 5018 A
2218 4961 2423 5028 ρι’ωάιό
2485 4962 2587 5015 Dei
2636 4960 2707 5015 ad
2749 4960 3017 5023 caelestia,
3076 4966 3185 5018 etc.
3246 4964 3623 5020 Corbeienses

1978 5051 2119 5091 mss.
2154 5034 2380 5089 codices
2428 5031 2587 5087 aliud
2609 5033 2875 5107 retinent.
2900 5036 2965 5088 Et
2991 5035 3322 5107 praesidium
3342 5039 3467 5107 ejus
3488 5037 3625 5091 Deus

1974 5107 2044 5162 ad
2073 5107 2306 5161 emlestia
2354 5119 2685 5159 reversurus.
2740 5105 2922 5159 Iidem
2971 5105 3147 5161 etiam
3193 5123 3296 5178 pro
3352 5105 3494 5162 uitta
3525 5124 3625 5162 au-

1976 5196 2090 5244 rea,
2127 5178 2326 5247 legunt
2355 5180 2798 5247 consequenter,
2830 5178 2997 5231 twnia
3027 5193 3198 5231 aurea
3232 5179 3515 5234 ΜΑιιτιΑΝ.

2047 5250 2067 5283 ⁵
2102 5248 2337 5305 Palatini
2372 5264 2515 5301 mss.
2551 5248 2806 5302 decurrat
2836 5249 2985 5303 tinea
3013 5265 3205 5303 aurea.

2046 5322 2068 5355 ⁸
2117 5319 2332 5374 Vitiose
2380 5324 2504 5373 erat
2556 5321 2653 5374 sic.
2710 5319 3004 5374 Recitator
3048 5337 3183 5375 vero
3243 5321 3314 5376 ab
3379 5321 3629 5377 Alcuino

1979 5408 2211 5466 quoque
2242 5390 2336 5466 hic
2366 5389 2529 5466 locus
2551 5388 2812 5466 adhunc
2843 5391 3082 5466 modum
3118 5408 3131 5446 :
3167 5393 3390 5461 Laetare,
3406 5394 3631 5466 juvenis

1980 5462 2347 5520 adolescentia
2386 5465 2500 5525 tua,
2532 5470 2582 5516 et
2613 5463 2671 5515 in
2705 5462 2841 5516 bono
2870 5465 2962 5529 sit,
2994 5469 3103 5518 etc.

2051 5566 2116 5576 -—
2146 5537 2205 5590 Et
2239 5536 2293 5589 in
2324 5535 2457 5589 bono
2483 5535 2552 5587 sit
2571 5550 2663 5588 cor
2690 5541 2868 5600 tuum,
2900 5540 3011 5589 etc.
3048 5535 3197 5598 Quot
3242 5540 3437 5594 textus
3483 5537 3634 5594 Scri-

2026 5610 2169 5662 turae
2199 5605 2549 5661 omittantur
2578 5604 2637 5660 in
2682 5606 2978 5662 veteribus
3034 5622 3063 5661 e
3086 5607 3390 5673 litonibus,
3423 5625 3492 5665 ex
3522 5609 3630 5665 hoc

2007 5677 2424 5753 oco‘actribus
2454 5677 2951 5749 consequentibus
2984 5678 3355 5753 perspicuum
3390 5688 3527 5753 puto
3556 5680 3633 5735 le-

1985 5750 2150 5812 ctori.
2185 5749 2470 5807 Murrus.

3227 5880 3303 5941 37
