3996 6396
430 440 433 443 -
481 400 636 469 “63

477 544 606 609 tuo,
635 543 692 595 et
720 539 884 595 aufer
912 538 1185 595 militiam
1217 556 1251 593 a
1299 555 1472 595 carne
1515 542 1619 595 tua
1670 556 1683 594 :

479 629 721 697 scentia,
773 634 830 684 et
878 628 1127 684 stultitia
1171 627 1400 684 vanitas
1446 632 1554 683 est.
1609 650 1637 676 ››
1683 628 1745 682 In
1777 627 1885 695 ira,
1918 642 2122 682 omnes

477 717 943 790 perturbationes
972 717 1155 773 animi
1186 716 1647 789 comprehendit.
1682 716 1744 770 In
1778 714 1972 770 carnis
2003 732 2123 771 ma-

475 807 620 874 litia,
658 806 960 862 universas
991 805 1288 878 significat
1342 804 1602 877 corporis
1649 803 1996 876 voluptates.
2028 805 2122 859 Sic

470 910 628 967 ergo,
656 895 868 967 inquit,
900 895 1073 951 bonis
1102 893 1306 951 saculi
1340 894 1520 965 hujus
1542 893 1751 964 fruere,
1786 909 1859 948 ne
1889 896 1989 949 aut
2017 893 2121 947 de-

471 982 707 1054 siderio,
741 988 844 1040 aut
868 1000 1041 1040 carne
1070 982 1400 1056 delinquas.
1434 982 1717 1053 Relinque
1749 981 1992 1054 antiqua
2036 980 2119 1035 vi-

472 1071 572 1141 tia,
589 1072 808 1145 quibus
839 1072 897 1127 in
928 1072 1321 1129 adolescentia
1350 1076 1452 1127 tua
1469 1070 1717 1127 vanitati
1744 1070 2122 1142 stultitiaque

473 1161 703 1219 servisti
753 1178 767 1218 :
820 1161 960 1234 quia
1002 1162 1283 1233 juventus
1330 1160 1680 1232 insipientia
1702 1158 1973 1232 copulata
2009 1163 2117 1215 est.

473 1274 500 1300 ‹‹
533 1251 601 1305 Et
626 1255 917 1306 memento
971 1249 1260 1306 Creatoris
1301 1249 1387 1305 tui
1439 1248 1499 1304 in
1554 1249 1763 1304 diebus
1793 1248 2120 1320 juventutis

469 1343 602 1410 tua,
635 1344 953 1410 antequam
982 1338 1218 1394 veniant
1259 1338 1385 1395 dies
1413 1337 1670 1409 malitia,
1712 1343 1769 1393 et
1799 1336 2119 1411 appr0pin-

467 1430 653 1500 quent
675 1427 835 1494 anni,
887 1427 947 1483 in
979 1427 1194 1499 quibus
1223 1427 1381 1483 dices
1413 1443 1427 1482 :
1461 1428 1586 1483 Non
1617 1432 1708 1483 est
1737 1426 1882 1483 mihi
1910 1426 2119 1482 volun-

466 1521 557 1573 tas
585 1517 643 1572 in
674 1516 777 1572 eis.
804 1538 831 1567 »
866 1516 1109 1589 Semper
1138 1521 1430 1573 memento
1460 1516 1793 1572 Conditoris
1815 1517 1922 1586 tui,
1949 1519 2006 1571 et
2034 1515 2119 1572 sic

463 1605 866 1662 adolescentia
906 1609 1021 1661 tua
1074 1605 1225 1662 viam
1283 1606 1547 1679 gradere,
1608 1613 1671 1660 ut
1718 1606 1866 1661 487
1914 1605 2119 1659 mortis

466 1694 685 1752 ultima
718 1694 1075 1750 recorderis:
1101 1699 1417 1766 antequam
1438 1694 1544 1750 tibi
1574 1698 1809 1767 tempus
1825 1693 2114 1763 adveniat,

464 1800 582 1857 quo
615 1783 806 1840 tristia
834 1799 1082 1856 quaque
1110 1783 1451 1839 succedant.

543 1981 566 2011 ο
600 1964 934 2035 Antequam
964 1962 1406 2018 obtenebrcscat
1434 1960 1544 2027 sol,
1576 1964 1634 2016 et
1675 1960 1902 2031 lumen,
1934 1965 1991 2016 et
2021 1960 2115 2016 lu-

469 2068 545 2108 na
574 2052 612 2122 ’,
647 2054 705 2107 et
732 2049 934 2122 stella,
954 2054 1012 2106 et
1042 2054 1409 2107 revertantur
1436 2050 1624 2105 nubes
1645 2053 1777 2122 post
1806 2049 2114 2122 pluviam.»

467 2141 528 2198 Si
558 2141 631 2196 de
660 2139 918 2213 generali
967 2140 1472 2196 consummatione
1501 2139 1709 2195 mundi
1767 2139 2109 2211 accipimus,

464 2228 657 2286 verbis
689 2228 919 2285 Domini
962 2228 1070 2285 hoc
1110 2227 1433 2301 capitulum
1472 2227 1761 2301 congruit,
1812 2228 1872 2283 in
1904 2228 2121 2299 quibus

468 2318 595 2375 ait:
629 2319 753 2374 Erit
781 2317 1069 2374 tribulatio
1094 2321 1145 2373 et
1172 2318 1430 2389 angustia
1475 2318 1496 2351 ²
1537 2317 1719 2388 qualis
1770 2332 1880 2373 non
1924 2318 2033 2387 fuit
2078 2334 2121 2373 α

462 2408 740 2481 principio
768 2414 1056 2475 creatura,
1085 2405 1177 2462 sed
1218 2422 1392 2477 neque
1417 2405 1527 2475 ﬁet.
1578 2404 1668 2460 Sol
1696 2406 1847 2460 enim
1873 2405 2118 2461 tenebre-

463 2501 591 2565 seet,
622 2499 674 2553 et
726 2496 860 2552 luna
886 2512 998 2553 non
1026 2494 1182 2552 dabit
1211 2496 1398 2551 lumen
1429 2511 1614 2562 suum,
1632 2498 1683 2550 et
1722 2494 1895 2550 stella
1923 2495 2123 2551 cadent

463 2586 530 2642 de
557 2586 709 2655 calo,
741 2589 795 2640 et
825 2586 1052 2642 virtutes
1077 2583 1343 2641 caelorum
1386 2582 1867 2640 commovebuntur
1903 2582 2114 2654 (Matth.

466 2676 641 2746 xxxv),
692 2690 820 2746 qua
850 2678 989 2729 sunt
1029 2672 1303 2729 custodes
1348 2672 1561 2728 domus
1592 2689 1607 2728 :
1639 2671 1724 2727 ita
1754 2675 1820 2727 ut
1857 2672 2069 2727 domus
2097 2673 2119 2706 ³

462 2762 828 2835 intelligatur
874 2761 970 2817 hic
1023 2761 1303 2831 mundus,
1358 2759 1468 2816 viri
1496 2776 1631 2816 vero
1681 2760 1876 2830 fortes,
1924 2776 2117 2816 errore

463 2850 710 2924 decepti,
744 2854 801 2907 et
829 2849 1183 2923 dissipanda
1202 2848 1501 2905 contraria
1536 2848 1925 2906 fortitudines.
1954 2851 2116 2916 Quod

471 2939 521 2996 si
556 2938 828 3012 specialis
877 2938 1347 3011 uniuscujusque
1375 2938 1823 3009 consummatio,
1857 2939 1927 2994 ad
1986 2939 2114 2994 vita

467 3029 645 3102 hujus
677 3029 853 3085 tinem
884 3028 1133 3085 refertur
1159 3046 1173 3098 ;
1207 3032 1265 3084 et
1304 3027 1411 3099 sol,
1442 3032 1500 3083 et
1553 3027 1715 3097 luna,
1747 3032 1804 3083 et
1828 3027 2026 3100 stella,
2059 3033 2116 3084 et

467 3120 674 3191 nubes,
725 3123 782 3174 et
830 3117 1037 3192 pluvia
1088 3117 1139 3173 ei
1188 3133 1319 3174 esse
1347 3116 1683 3187 cessabunt,
1713 3116 1815 3188 qui
1846 3122 2113 3173 mortuus

465 3210 660 3266 fuerit.
691 3208 873 3265 Aliter
916 3224 930 3264 :
973 3211 1208 3279 Latere,
1252 3205 1613 3274 adolescens,
1645 3223 1677 3262 ο
1718 3205 1928 3279 popula
1958 3205 2113 3263 Chri-

470 3299 679 3367 stiane,
711 3302 771 3353 et
824 3298 1014 3354 fruere
1070 3296 1241 3354 bonis
1282 3312 1412 3369 qua
1462 3313 1497 3352 a
1534 3296 1650 3351 Deo
1698 3295 1804 3351 tibi
1836 3311 2114 3352 concessa
2144 3280 2186 3348 C

472 3392 634 3454 sunt,
659 3391 718 3444 et
746 3386 808 3444 in
836 3386 929 3443 his
959 3386 1236 3442 omnibus
1265 3385 1481 3442 scitote
1511 3402 1544 3441 a
1573 3385 1819 3441 Domino
1841 3384 2115 3457 judican-

473 3481 636 3535 dum.
671 3477 785 3533 Nec
814 3479 1007 3550 putes,
1037 3475 1178 3547 quia
1205 3474 1428 3549 priores
1480 3474 1628 3531 rami
1676 3473 1839 3530 fracti
1871 3479 2029 3545 sunt,
2061 3479 2118 3531 et

473 3575 534 3627 tu
562 3569 818 3624 insertus
846 3582 909 3622 es
953 3565 1013 3621 in
1045 3564 1300 3621 radicem
1349 3564 1513 3619 bona
1571 3563 1751 3634 oliva,
1796 3562 2012 3619 idcirco
2060 3568 2116 3619 te

469 3673 599 3714 esse
630 3671 945 3723 securum;
979 3653 1081 3710 sed
1132 3652 1297 3709 aufer
1340 3652 1489 3708 iram
1541 3669 1576 3708 a
1621 3653 1794 3708 corde
1843 3656 1965 3720 tuo,
1995 3656 2052 3709 et
2081 3669 2115 3708 a

467 3762 707 3820 corpore
735 3744 1086 3818 voluptates,
1118 3746 1175 3798 et
1215 3741 1437 3799 cateris
1466 3740 1626 3797 vitiis
1664 3740 1956 3799 derelictis
1986 3759 2113 3798 me-

466 3840 662 3893 mento
690 3832 978 3891 Creatoris
996 3832 1104 3903 tui,
1128 3836 1442 3903 antequam
1466 3830 1573 3885 tibi
1605 3829 1728 3887 dies
1755 3830 1990 3887 malitia
2012 3833 2113 3889 ad-

464 3926 675 3994 veniat,
702 3929 760 3982 et
787 3921 1137 3979 insanabilis
1165 3922 1208 3988 ‘,
1251 3921 1311 3976 in
1361 3937 1479 3993 qua
1526 3920 1900 3992 peccantibus
1931 3937 2113 3993 pana

465 4014 552 4071 sol
577 4012 824 4086 justitia
860 4011 1125 4081 meridie,
1156 4013 1214 4067 et
1242 4010 1498 4067 scientia
1529 4008 1727 4066 lumen
1760 4009 2024 4079 intereat,
2056 4014 2115 4066 et

463 4103 741 4176 splendor
785 4101 958 4172 luna,
1008 4101 1071 4156 id
1117 4103 1225 4171 est,
1280 4096 1544 4156 Ecclesia
1596 4097 1996 4171 subtrahatur,
2056 4103 2113 4154 et

466 4190 649 4249 stella
677 4191 963 4258 occidant,
992 4190 1065 4246 de
1092 4190 1309 4263 quibus
1338 4188 1623 4262 scriptum
1656 4192 1745 4246 est
1778 4207 1790 4245 :
1824 4189 1887 4244 In
1916 4189 2113 4261 quibus

465 4282 657 4338 lucetis
682 4282 839 4352 quasi
866 4281 1179 4336 luminaria
1206 4281 1267 4336 in
1311 4279 1517 4335 mundo
1547 4280 1819 4334 rationem
1845 4280 1973 4333 vita:
2002 4277 2109 4350 [AL

467 4372 597 4442 vita]
647 4371 902 4427 habentes
951 4370 1221 4442 (Philipp.
1269 4385 1330 4437 II,
1388 4369 1496 4439 15).
1531 4368 1600 4422 Et
1628 4365 1817 4422 alibi:
1852 4366 2023 4422 Stella
2077 4383 2114 4423 a

463 4462 621 4518 stella
657 4460 842 4533 differt
873 4461 937 4516 in
962 4460 1142 4531 gloria
1191 4458 1213 4493 ⁵
1261 4456 1375 4529 [ΑΙ.
1418 4455 1699 4525 claritate]
1752 4454 1829 4525 (Il
1847 4454 1967 4510 Cor.
2016 4471 2109 4527 xv,

463 4551 574 4623 41).
607 4552 910 4623 Antequam
939 4546 1471 4605 revertanturnubes
1514 4551 1633 4617 post
1654 4544 1905 4616 pluviam
1963 4558 1976 4597 :
2039 4559 2110 4600 ne

1699 406 1760 467 S.
1811 405 2120 468 EUSEBII
2162 407 2637 470 HIERONYMI.

1735 538 1873 610 quia
1920 537 2113 594 adole-
2142 540 2196 606 Α

2143 1910 2192 1975 Β

3704 396 3857 464 1164

2298 563 2326 590 ‹‹
2360 541 2421 595 In
2456 540 2548 595 die
2578 557 2693 611 quo
2745 539 2883 595 moti
2943 538 3158 594 fuerint
3202 534 3473 593 custodes
3525 536 3757 605 domus,
3805 537 3862 591 et

2233 629 2512 701 perierint
2538 629 2642 684 viri
2676 628 3054 698 fortitudinis,
3089 650 3117 678 ›ι
3165 628 3446 684 Custodes
3493 627 3726 695 domus,
3767 628 3863 680 aut

2231 719 2315 774 sol
2349 718 2694 791 intelligitur
2720 725 2776 773 et
2803 718 2962 789 luna,
2996 722 3051 773 et
3083 717 3343 789 reliquus
3389 720 3683 772 astrorum
3731 713 3865 769 cho-

2232 824 2353 877 rus,
2385 813 2487 862 aut
2516 806 2704 879 angeli
2767 807 2863 879 qui
2911 806 3049 861 huic
3094 807 3314 861 mundo
3362 804 3696 877 praesident.
3746 801 3862 856 Viri

2229 913 2362 951 vero
2386 896 2771 960 fortitudinis,
2801 897 2920 950 sive
2948 897 3117 966 fortes
3147 897 3188 960 °,
3226 903 3289 949 ut
3321 894 3735 966 interpretatus
3773 895 3860 947 est

2231 984 2621 1057 Symmachus
2653 985 2752 1057 qui
2803 985 3094 1057 peribunt,
3154 982 3308 1039 488
3366 982 3484 1038 sive
3541 985 3607 1036 ut
3660 979 3864 1052 Aquila

2230 1073 2353 1140 (Att.
2383 1072 2504 1146 qui)
2536 1072 2834 1128 transtulit
2862 1072 3147 1139 errabant,
3182 1072 3473 1127 damones
3508 1070 3858 1132 sentiuntur,

2230 1178 2263 1216 a
2294 1162 2422 1216 forti
2455 1161 2685 1217 diabolo
2721 1160 2895 1217 etiam
2947 1160 3059 1233 ipsi
3100 1159 3337 1215 fortium
3385 1158 3575 1215 sortiti
3616 1158 3860 1213 vocabu-

2228 1249 2374 1305 lum.
2429 1252 2611 1315 Quem
2665 1266 2949 1320 superans
2996 1248 3301 1317 Dominus,
3354 1250 3411 1303 et
3452 1247 3666 1319 ligans,
3694 1247 3862 1318 juxta

2227 1338 2521 1410 Evangelii
2550 1336 2889 1409 parabolam
2919 1339 2939 1371 ’⁷
2970 1338 3081 1407 (Al.
3122 1337 3516 1405 sententiam),
3547 1339 3739 1391 vastat
3763 1335 3863 1390 do-

2228 1444 2391 1483 mum
2423 1428 2551 1498 ejus
2584 1428 2732 1498 (Luc.
2769 1430 2868 1495 x1).
2902 1425 3082 1482 Aliter
3114 1442 3127 1482 :
3155 1425 3441 1481 Custodes
3488 1425 3720 1492 domus,
3764 1424 3864 1496 qui

2228 1518 2297 1573 ad
2325 1533 2536 1589 corpus
2586 1516 2841 1572 hominis
2885 1516 3145 1571 referunt
3199 1518 3409 1570 cuncta
3463 1531 3589 1586 qua
3651 1513 3866 1585 scripta

2226 1609 2383 1677 sunt,
2415 1609 2607 1661 costas
2636 1604 2953 1677 signiﬁcari
2985 1608 3211 1677 putant,
3240 1604 3394 1675 quod
3435 1604 3506 1659 ab
3537 1603 3681 1675 ipsis
3716 1601 3864 1657 inte-

2226 1696 2383 1751 stina
2408 1694 2720 1762 vallentur,
2754 1698 2811 1749 et
2839 1698 2960 1749 tota
2987 1692 3205 1749 ventris
3236 1691 3542 1749 mollitudo
3586 1694 3865 1747 servetur.

2226 1785 2393 1840 Viros
2421 1800 2555 1839 vero
2594 1784 2794 1849 fortes,
2837 1799 3009 1837 crura
3048 1782 3343 1838 astimant
3375 1800 3389 1849 ;
3428 1780 3633 1846 solem,
3677 1784 3732 1836 et
3779 1778 3866 1834 lu-

2227 1890 2384 1940 nam,
2419 1877 2476 1928 ct
2506 1871 2725 1937 stellas,
2757 1873 2827 1927 ad
2861 1871 3082 1941 oculos,
3114 1885 3306 1939 aures,
3349 1886 3540 1935 nares,
3589 1873 3644 1924 et
3688 1869 3867 1923 totius

2230 1962 2441 2034 capitis
2472 1978 2683 2017 sensus
2715 1964 3009 2033 coaptant.
3044 1960 3160 2016 Hoc
3193 1964 3385 2015 autem
3428 1958 3578 2024 ideo,
3610 1956 3749 2029 quia
3778 1956 3868 2012 in-

2231 2052 2410 2107 ferius
2440 2049 2786 2107 necessitate
2816 2053 3127 2122 coguntur,
3163 2065 3278 2104 non
3312 2049 3382 2104 de
3413 2046 3631 2121 angelis
3662 2050 3719 2102 et
3756 2047 3868 2101 da-

2230 2141 2525 2207 monibus,
2561 2139 2702 2210 sole,
2736 2144 2791 2195 et
2818 2139 2977 2210 luna,
3009 2143 3066 2194 et
3094 2137 3298 2208 stellis,
3331 2137 3432 2193 sed
3491 2137 3561 2192 de
3611 2134 3869 2191 hominis

2231 2229 2508 2287 membris
2541 2228 2865 2301 intelligere
2897 2245 3022 2300 qua
3049 2228 3400 2300 sequuntur.

2298 2342 2327 2370 ‹‹
2360 2320 2432 2375 Et
2489 2318 2804 2374 cessabunt
2862 2316 3180 2384 molentes;
3216 2316 3494 2389 quoniam
3542 2313 3870 2370 imminuta

2228 2414 2366 2465 sunt
2398 2425 2410 2463 :
2444 2412 2500 2463 et
2528 2407 3043 2462 contenebrescent
3072 2422 3199 2478 qua
3246 2405 3442 2460 vident
3474 2405 3535 2459 in
3570 2402 3872 2459 foramini-

2228 2500 2358 2554 bus.
2396 2519 2422 2547 »
2457 2496 2519 2552 In
2562 2495 3068 2551 consummatione
3110 2494 3315 2549 mundi
3365 2509 3495 2548 cum
3542 2490 3875 2564 refriguerit

2228 2588 2554 2643 multorum
2603 2584 2877 2655 charitas,
2926 2588 2983 2639 et
3025 2582 3351 2639 imminuta
3398 2581 3613 2638 fuerint
3658 2580 3870 2637 anima

2227 2675 2664 2748 magistrorum,
2698 2690 2824 2745 qua
2858 2676 3106 2746 possunt
3136 2672 3421 2728 calestem
3474 2671 3671 2726 cibum
3716 2686 3871 2743 pra-

2226 2766 2361 2821 bere
2390 2763 2780 2830 credentibus,
2814 2761 3229 2834 translataque
3282 2761 3342 2816 in
3391 2759 3646 2816 coelestia
3678 2776 3691 2815 :
3721 2763 3867 2815 tunc

2224 2853 2505 2926 incipient
2534 2852 2592 2907 bi
2625 2851 2725 2923 qui
2755 2868 2823 2907 ex
2854 2855 3019 2923 parte
3043 2851 3101 2905 in
3134 2850 3244 2905 hoc
3287 2849 3504 2904 munde
3553 2846 3869 2903 intueban-

2224 2949 2322 3000 tur
2351 2942 2550 2998 lumen
2580 2937 3451 3008 scientia,involuttenebris.Si
3483 2937 3637 2994 enim
3679 2935 3866 3007 Moysi

2222 3032 2439 3087 dicitur
2465 3048 2478 3086 :
2514 3036 2723 3086 Ponam
2754 3033 2804 3084 te
2832 3032 2890 3085 in
2920 3030 3195 3099 foramine
3220 3032 3392 3100 petra
3419 3045 3438 3081 :
3470 3035 3520 3082 et
3565 3028 3642 3081 sic
3682 3034 3863 3097 poste-

2221 3123 2376 3177 riora
2404 3137 2526 3175 mea
2568 3119 2771 3174 videbis
2820 3118 3010 3190 (Exod.
3060 3135 3256 3188 χχχιιι,
3306 3116 3396 3188 22)
3432 3133 3444 3171 :
3479 3118 3693 3188 quanto
3740 3130 3864 3169 ma-

2222 3210 2311 3283 gis
2367 3225 2734 3281 unaquaque
2780 3207 2977 3263 anima
3034 3224 3136 3279 per
3184 3206 3463 3273 foramen,
3489 3207 3546 3260 et
3575 3203 3862 3276 quasdam

2223 3301 2563 3356 tenebrosas
2606 3313 2852 3354 cavenas
2928 3295 3137 3369 aspicit
3211 3295 3511 3351 veritatem
3564 3293 3577 3348 l
3630 3292 3862 3348 Aliter:

2227 3389 2362 3445 Dua
2394 3388 2678 3444 molentes
2717 3390 2877 3452 sunt,
2909 3402 2976 3441 ex
3006 3385 3222 3457 quibus
3255 3400 3431 3439 unam
3464 3381 3661 3454 recipi,
3694 3386 3751 3436 et
3781 3379 3863 3436 al-

2226 3484 2409 3534 teram
2444 3475 2695 3547 relinqui
2744 3477 2786 3543 ⁸,
2841 3473 3219 3547 Evangelium
3279 3490 3391 3529 non
3449 3475 3600 3528 tacet
3653 3468 3861 3541 (Matth.

2224 3584 2374 3637 xxw,
2404 3568 2517 3635 4|).
2551 3566 2685 3631 Qua
2740 3580 2874 3620 cum
2933 3563 3197 3618 immuta
3249 3561 3481 3630 fuerint,
3519 3564 3691 3630 atque
3738 3574 3863 3614 ces-

2225 3656 2744 3722 saverint,necesse
2767 3657 2857 3709 est
2877 3656 2942 3708 ut
2963 3669 3054 3708 om
3066 3668 3198 3707 mne
3225 3650 3423 3705 lumen
3455 3647 3707 3704 scientia
3728 3647 3865 3703 aute

2224 3750 2387 3802 ratur
2440 3761 2509 3800 ex
2565 3742 2772 3799 oculis.
2830 3740 3054 3796 Aliter:
3103 3742 3339 3796 Cessare
3384 3737 3666 3795 molentes
3725 3735 3866 3808 quia

2222 3834 2547 3891 imminuta
2574 3832 2713 3900 sint,
2743 3831 2814 3887 de
2846 3830 3119 3887 dentibus
3150 3829 3371 3884 dictum
3421 3829 3645 3899 putant.
3695 3824 3863 3891 Quod

2222 3940 2357 3981 cum
2390 3928 2649 3979 extrema
2683 3924 2950 3977 senectus
2999 3918 3318 3985 advenerit,
3369 3916 3567 3972 dentes
3626 3929 3862 3987 quoque

2222 4016 2324 4069 aut
2362 4013 2715 4080 atteruntur,
2766 4013 2869 4064 aut
2913 4007 3192 4063 decidunt
3242 4023 3255 4061 :
3307 4005 3521 4078 quibus
3567 4001 3862 4076 permoliti

2221 4102 2334 4159 cibi
2368 4101 2427 4156 in
2458 4099 2649 4156 alvum
2688 4097 3191 4154 transmittuntur.
3213 4095 3629 4151 Tenebrescere
3658 4095 3862 4148 autem

2219 4192 2482 4247 videntes
2512 4188 2571 4243 in
2606 4186 3012 4253 foraminibus,
3047 4185 3247 4241 oculos
3272 4184 3625 4239 arbitrantur
3656 4180 3861 4251 :quod

2221 4284 2387 4337 atate
2416 4276 2694 4335 confectis
2724 4274 2934 4348 caliget
2983 4273 3160 4342 acies,
3200 4278 3256 4329 et
3290 4270 3538 4328 intuitus
3585 4270 3863 4326 obscure-

2220 4376 2341 4427 tur.

2293 4482 2321 4508 ‹‹
2353 4459 2422 4513 Et
2453 4455 2725 4511 claudent
2754 4454 2904 4508 ostia
2951 4452 3012 4507 in
3060 4450 3249 4525 platea
3291 4450 3350 4506 in
3400 4448 3730 4507 humilitate
3761 4466 3864 4505 vo-

2220 4548 2304 4604 cis
2328 4544 2601 4602 molentis
2631 4560 2650 4598 :
2682 4546 2738 4598 et
2767 4545 3080 4614 consurget
3107 4542 3180 4596 ad
3228 4556 3422 4596 vocem
3472 4538 3723 4595 volucris
3761 4557 3778 4607 ;
3812 4543 3870 4595 et

463 4643 759 4713 propheta
792 4638 890 4711 qui
916 4637 1092 4694 corda
1121 4634 1486 4692 credentium
1518 4649 1626 4688 suo
1658 4648 1927 4688 sermone
1956 4630 2080 4688 suis
2138 4655 2184 4720 D
2216 4636 2623 4692 obmutescent
2650 4648 2854 4688 omnes
2885 4630 3015 4685 filia
3047 4630 3346 4698 carminis,
3381 4650 3409 4678 ››
3435 4632 3576 4684 Cum
3599 4644 3708 4683 vox
3739 4644 3867 4683 mo-

461 4746 574 4802 que
604 4728 816 4802 pluviis
852 4726 1117 4800 irrigant,
1171 4730 1483 4798 postquam
1514 4727 1570 4777 te
1598 4721 1787 4777 imbre
1816 4738 1923 4777 suo
1954 4721 2106 4776 indi-

458 4835 641 4892 gnum
689 4834 817 4874 esse
868 4813 1288 4888 perspexerint,
1361 4814 1723 4869 revertantur
1782 4812 1855 4867 ad
1908 4812 2104 4866 sedem

458 4924 627 4965 suam
662 4923 675 4962 :
709 4906 781 4962 ad
812 4921 947 4960 eum
979 4902 1221 4971 scilicet,
1254 4918 1289 4957 a
1316 4918 1433 4973 quo
1468 4899 1633 4955 missi
1667 4905 1824 4956 sunt.

528 5035 543 5067 ¹
578 5032 760 5088 Voces
790 5034 839 5086 et
872 5032 1005 5086 luna
1036 5046 1071 5084 a
1099 5026 1362 5083 Palatino
1406 5030 1465 5082 et
1495 5025 1770 5082 Vaticano
1821 5044 1962 5083 mss.
1996 5029 2104 5083 ab-

459 5108 618 5161 sunt

527 5179 550 5211 ¹
577 5175 788 5239 Vatic.,
822 5173 1107 5228 tribulatio
1134 5187 1362 5239 magna,
1391 5179 1440 5226 et
1468 5172 1728 5239 angustia
1758 5174 1868 5224 etc.

527 5248 549 5282 ³
582 5246 727 5302 Male
756 5261 954 5299 vocem
1012 5243 1223 5307 domus,
1274 5242 1383 5298 hoc
1432 5242 1610 5298 altero
1658 5244 1783 5296 loco
1827 5241 2108 5297 omiserat

460 5318 852 5385 Martianaus,
887 5331 1063 5388 qnam
1125 5331 1193 5370 ex
1249 5331 1391 5370 mss.
1448 5313 1693 5386 aliisque
1735 5313 1908 5368 editis
1939 5312 2106 5368 libris

459 5389 820 5445 sulfecimus.

528 5462 550 5495 ⁴
582 5460 742 5515 Unus
799 5457 1117 5515 Palatinus.
1171 5459 1285 5514 dies
1336 5460 1567 5513 malitia
1623 5456 1882 5512 adveniat
1931 5457 1989 5510 in
2019 5455 2106 5509 die

450 5532 756 5607 iuventutis
806 5536 935 5607 ευ(εῆ
970 5532 1331 5607 insanabilis._
1374 5530 1563 5607 Facile
1614 5544 1745 5583 vero
1802 5527 2103 5607 praferam

466 5603 646 5677 Yatic.
672 5607 857 5677 atque
886 5602 1126 5659 alterius
1157 5601 1402 5677 Palatini
1434 5601 1767 5666 lectionem,
1824 5600 1947 5656 dies
1984 5615 2103 5655 ma-

459 5673 617 5739 litiae.
651 5673 779 5731 dies
798 5677 982 5731 venint
1010 5675 1355 5732 insanabilis.

528 5748 549 5781 δ
578 5747 751 5805 Stella
781 5768 812 5805 a
841 5750 998 5805 stella
1030 5749 1219 5819 cli/Iert
1250 5749 1306 5803 in
1337 5746 1535 5817 gloria.
1567 5744 1651 5798 Ita
1682 5742 1880 5814 legunt
1901 5759 2102 5799 omnes

2217 4724 2390 4780 lentis
2438 4721 2613 4777 fuerit
2656 4719 2972 4786 inﬁrmata,
3033 4723 3090 4774 et
3138 4718 3550 4789 magistrorum
3592 4716 3868 4773 doctrina

2215 4812 2548 4881 cessaverit,
2598 4810 2753 4866 489
2784 4812 3210 4880 consequenter
3251 4806 3565 4862 cessabunt
3594 4805 3804 4861 omnia
3848 4823 3862 4861 :

2215 4905 2367 4959 inter
2397 4918 2546 4973 qua,
2581 4904 2639 4955 et
2659 4899 2812 4955 ostia
2841 4897 3191 4953 claudentur
3242 4896 3299 4951 in
3333 4893 3544 4968 platea,
3594 4899 3661 4951 ut
3689 4896 3870 4966 juxta

2215 5026 2591 5084 mss.rodices
2611 5026 2781 5096 juxta
2800 5023 3102 5093 antiquam
3137 5020 3442 5096 Vulgatam
3478 5020 3536 5096 in
3570 5020 3868 5096 quascri-

2215 5105 2379 5171 ptum
2409 5103 2577 5171 erat:
2613 5092 2735 5150 Hlia
2764 5099 2841 5171 est
2871 5092 3050 5171 gloria
3096 5092 3401 5171 solis,‘a_lia
3455 5092 3866 5171 gloriahlunz,

2214 5162 2349 5239 etc,,
2383 5175 2445 5225 ut
2477 5169 2649 5223 fidem
2691 5162 2887 5239 nobis'
2915 5166 3065 5239 facit”
3110 5163 3403 5239 exemplar
3463 5180 3601 5239 ms._
3640 5162 3871 5239 Graeco-

2218 5234 2487 5298 Latinum
2520 5238 2912 5310 Epistolarum
2943 5239 2998 5292 S.
3042 5236 3199 5292 Pauli
3232 5234 3294 5290 in
3323 5239 3522 5310 nostra
3567 5234 3869 5291 Sen-Ger-

2216 5312 2483 5369 manensi
2518 5309 2871 5366 bibliotheca
2900 5325 3054 5363 nunc
3078 5312 3461 5377 asservatum,
3485 5309 3775 5377 MARTIAN.

2284 5388 2305 5420 °
2336 5383 2625 5457 Expungit
2655 5381 3153 5457 Palatin._voc_em_.
3202 5383 3389 5457 fortes,
3429 5376 3870 5451 Substituitquc

2213 5450 2482 5513 virtutes:
2521 5450 2688 5517 alter,
2719 5455 2832 5507 sive
2862 5452 3095 5514 virtutis,
3130 5450 3288 5522 legit.

2286 5531 2303 5563 ⁷
2335 5534 2509 5585 Juxta
2539 5525 2821 5593 Evangelii
2850 5519 3445 5592 parobolamerasm,
3479 5524 3535 5577 et
3586 5519 3869 5591 Mariam,

2204 5602 2389 5678 juata
2403 5598 2696 5666 Evangelii
2718 5599 3070 5678 sententiain.
3115 5594 3400 5678 Mauras.

2286 5674 2307 5709 ⁵
2338 5671 2481 5729 Mss.
2513 5665 2683 5726 unam
2715 5669 2858 5741 rapi,
2890 5671 2943 5723 et
2973 5666 3206 5722 alteram
3235 5665 3495 5736 relinqui.
