3996 6402
1726 254 1755 273 ν

199 348 358 416 1169

1131 446 1139 455 ο
1199 356 1828 432 COMMENTARIUS
1872 363 1952 431 IN
1998 364 2598 440 ECCLESIASTEN.

3446 360 3605 441 H70

193 487 352 581 4?!
395 488 605 563 putant
634 484 864 552 animas
888 511 1022 553 cum
1043 498 1384 571 corporibus
1416 501 1548 572 seri,
1611 505 1668 557 ct
1727 520 1840 559 non
1874 514 1923 578 Α
1956 519 2091 575 que,
2124 502 2209 560 vel
2245 508 2537 578 quomodo
2570 510 2790 567 factum
2838 499 2995 568 404
3025 494 3282 581 sit,sciré
3308 505 3596 572 Voluisse:

192 593 228 633 a
259 576 398 645 Deo,
423 580 523 636 sed
548 599 581 638 a
609 600 919 657 corporum
950 588 1293 659 parentibus
1324 592 1650 661 generari‘.
1692 592 1837 648 Cum

189 667 351 724 enim
383 686 515 727 caro
546 679 868 730 revertatur
889 677 944 730 in
968 680 1204 747 terram,
1236 683 1293 733 et
1340 679 1584 750 spiritus
1641 682 1842 737 redeat

190 756 265 811 ad
291 756 496 827 Deum,
530 761 629 831 qui
662 761 1011 819 deditillum
1048 783 1060 832 ;
1096 766 1474 822 manifestum
1507 774 1616 837 est,
1650 770 1835 825 Deum

188 850 493 916 parentem
526 850 632 919 [ΑΙ.
674 852 1277 925 patrem]animarum
1306 872 1453 924 esse,
1490 875 1600 912 non
1645 858 1835 914 homi-

185 949 317 989 nes.
353 935 489 992 Post
517 940 965 1011 descriptionem
998 942 1268 999 interitus
1299 943 1564 1017 humani,
1595 946 1837 1019 pulchre

184 1024 494 1081 exordium
528 1027 661 1081 libri
694 1029 783 1083 sui
818 1036 1102 1102 repetens,
1156 1032 1235 1087 ait
1269 1051 1280 1088 :
1312 1056 1339 1082 «
1395 1034 1634 1091 Vanitas
1678 1036 1837 1091 vani-

181 1114 400 1181 tatum,
425 1114 571 1170 dixit
624 1117 1019 1190 Ecclesiastes,
1070 1120 1269 1175 omnia
1319 1123 1628 1179 vanitas.»
1689 1124 1831 1180 Cum

182 1201 348 1256 enim
380 1208 627 1259 cunctus
659 1206 972 1262 mortalum
1003 1207 1187 1275 labor,
1218 1211 1287 1264 de
1319 1227 1433 1282 quo
1465 1211 1523 1266 in
1562 1217 1680 1267 toto
1737 1231 1832 1269 vo-

178 1287 413 1347 lumine
441 1293 804 1365 disputatum
845 1300 952 1367 est,
988 1297 1099 1352 huc
1155 1300 1472 1370 perveniat,
1530 1304 1594 1355 ut
1640 1318 1834 1358 rever-

182 1382 352 1435 tatur
388 1380 578 1453 pulvis
609 1383 666 1437 in
706 1388 919 1440 terram
975 1403 1164 1455 suam,
1199 1392 1255 1441 et
1303 1387 1499 1443 anima
1547 1388 1686 1444 illuc
1746 1406 1831 1445 re-

183 1466 344 1537 deat,
377 1471 533 1527 unde
561 1476 799 1542 sumpta
828 1478 938 1541 est,
971 1491 1195 1548 magna;
1226 1476 1503 1532 vanitatis
1524 1482 1611 1532 est
1643 1477 1700 1532 in
1726 1478 1832 1533 hoc

180 1557 400 1612 szeculo
429 1557 693 1615 laborare
722 1565 780 1616 et
808 1561 952 1617 nihil
986 1564 1293 1635 profutura
1321 1567 1689 1637 conquirere.

263 1668 291 1694 ‹‹
327 1646 397 1701 Et
451 1648 702 1720 amplius
755 1649 892 1721 quia
949 1651 1138 1707 factus
1194 1657 1284 1707 est
1333 1653 1706 1711 Ecclesiastes
1746 1672 1833 1711 sa-

180 1732 379 1804 piens,
412 1735 601 1793 adhuc
633 1739 831 1794 docuit
860 1740 1170 1796 scientiam
1205 1742 1506 1815 populum,
1552 1748 1608 1799 et
1629 1744 1833 1799 audire

180 1838 288 1879 eos
318 1823 487 1882 fecit:
516 1831 572 1881 et
603 1832 871 1883 scrutans
895 1832 1224 1901 composuit
1248 1832 1829 1901 proverbia.Multum

176 1912 455 1982 quaesivit
484 1916 915 1983 Ecclesiastes’,
947 1923 1014 1973 ut
1045 1918 1329 1975 inveniret
1396 1922 1571 1977 verba
1626 1922 1832 1977 volun-

172 2002 344 2067 tatis,
377 2008 434 2058 et
456 2004 737 2061 scriberet
772 2013 922 2062 recte
966 2008 1141 2062 verba
1189 2009 1470 2065 veritatis.
1509 2033 1535 2059 ι»
1590 2011 1833 2083 Sapien-

176 2090 325 2147 tiam
387 2109 505 2164 qua
563 2095 851 2165 praevertit
907 2095 1233 2151 Salomon3
1292 2115 1464 2154 omne
1522 2098 1830 2154 hominum

173 2195 394 2253 genus,
419 2198 574 2237 nunc
597 2199 829 2254 quoque
858 2185 913 2239 in
940 2186 1053 2239 ﬁne
1073 2186 1446 2257 opusculisui
1505 2190 1829 2259 profitetur,

176 2270 341 2341 quod
372 2287 485 2325 non
513 2270 687 2326 fuerit
709 2273 914 2330 veteris
934 2274 1101 2345 Legis
1124 2274 1489 2331 institutione
1502 2281 1828 2348 contentus,

173 2359 281 2414 sed
324 2358 381 2413 in
408 2360 729 2431 profundas
762 2378 823 2417 se
882 2363 1032 2417 ultro
1087 2364 1196 2434 [AL
1264 2364 1437 2433 ultra]
1489 2366 1832 2423 demerserit

172 2448 557 2520 quaestiones,
591 2456 647 2505 et
667 2451 738 2505 ad
772 2452 1099 2507 docendum
1136 2454 1438 2524 populum,
1502 2456 1826 2527 proverbia,

172 2542 238 2594 et
269 2539 575 2611 parabolas
605 2542 997 2611 composuerit
1027 2543 1047 2574 δ
1076 2541 1233 2597 aliud
1262 2543 1543 2600 habentes
1591 2544 1649 2599 in
1703 2561 1827 2599 me-

173 2626 346 2683 dulla
378 2646 391 2697 ;
424 2628 581 2684 aliud
633 2628 692 2683 in
743 2630 1049 2700 superficie
1103 2631 1461 2702 pollicentes.
1526 2634 1829 2689 Proverbia

174 2717 400 2790 quippe
430 2734 545 2773 non
578 2717 686 2772 hoc
719 2736 925 2774 sonare
956 2720 1109 2792 quod
1143 2720 1426 2792 scriptum
1484 2727 1592 2791 est,
1649 2723 1825 2778 etiam

168 2806 239 2861 in
261 2806 586 2879 Evangeliis
607 2808 958 2879 edocemur(
989 2809 1184 2863 Matth.
1216 2828 1339 2880 xm,
1389 2813 1439 2865 et
1509 2812 1619 2883 xv),
1672 2810 1826 2882 quod

170 2895 464 2952 Dominus
495 2895 710 2968 populo
744 2897 799 2950 in
825 2896 1116 2968 parabolis
1146 2903 1202 2953 et
1233 2900 1551 2969 proverbiis
1606 2900 1683 2956 sit
1735 2899 1825 2955 lo-

171 2988 374 3053 cutus,
433 2988 652 3040 secreto
712 2989 908 3039 autem
959 2986 1240 3058 apostolis
1320 2987 1653 3044 dissolverit
1735 3005 1803 3045 ea

171 3072 261 3130 Ex
292 3089 404 3145 quo
437 3072 808 3129 manifestum
841 3078 951 3141 est,
985 3079 1042 3129 et
1081 3076 1525 3131 Proverbiorum
1583 3077 1820 3141 librum,

168 3179 297 3219 non
327 3165 391 3217 ut
422 3160 718 3234 simplices
749 3163 1129 3228 arbitrantur,
1162 3164 1420 3235 patentia
1439 3165 1651 3220 habere
1682 3182 1823 3237 prae-

1950 595 2013 646 ut
2043 593 2199 665 quod
2225 594 2404 651 David
2437 602 2570 667 post
2598 598 3047 656 dissolutionem
3080 601 3340 673 corporis
3368 606 3426 660 et
3478 603 3599 661 ani-

1949 697 2077 748 m:e,
2110 682 2182 737 ad
2213 682 2387 739 cmlos
2421 702 2721 743 recursum
2753 690 2775 723 ⁶
2805 706 2866 744 se
2889 694 3084 761 sperat
3124 707 3252 746 esse
3309 690 3595 751 visurum.

1947 768 2167 839 dicens,
2232 772 2422 828 Videbe
2473 776 2631 831 caelos
2680 776 2787 847 [ΑΙ.
2833 779 2992 833 cretes
3040 779 3203 849 tuos],
3263 796 3427 851 opera
3502 780 3595 837 di-

1944 859 2428 928 gitorumtuorum
2464 865 2777 933 (Psat.vm,
2836 866 2913 936 4),
2967 867 3073 922 boc
3130 884 3286 923 nunc
3342 868 3402 923 in
3452 885 3596 941 pras-

1946 947 2093 1002 senti
2127 947 2401 1005 Salomon
2437 952 2603 1023 nisus
2634 953 2810 1011 fuerit
2839 955 3117 1022 invenire,
3176 960 3241 1011 ut
3295 957 3597 1015 veritatem

1945 1035 2051 1091 soli
2084 1036 2198 1091 Deo
2238 1038 2553 1111 cognitam,
2616 1043 2876 1114 corporis
2944 1043 3155 1100 vallata
3206 1049 3367 1117 septo
3427 1063 3597 1104 mens

1944 1123 2207 1181 humana
2237 1129 2762 1200 comprehenderet
2783 1132 2826 1187 ⁷.

2016 1236 2043 1263 ‹‹
2094 1214 2285 1271 Verba
2340 1218 2696 1289 sapientum,
2760 1225 2825 1275 ut
2883 1222 3131 1291 stimuli,
3190 1227 3247 1279 et
3305 1226 3471 1296 quasi
3534 1228 3593 1281 in

1942 1302 2127 1358 altum
2159 1304 2353 1374 deﬁxi,
2376 1305 2728 1365 habentibus
2760 1311 3112 1377 castus,data
3141 1316 3282 1368 sunt
3305 1330 3336 1369 a
3357 1318 3590 1385 pastore

1943 1408 2129 1446 uno.»
2168 1393 2249 1448 Ne
2311 1394 2607 1451 videretur
2666 1401 2797 1470 post
2843 1397 3030 1472 legem
3084 1398 3185 1456 Dei
3245 1402 3594 1460 temerarius

1943 1480 2136 1536 subito
2168 1488 2484 1554 praeceptor
2512 1501 2838 1557 erumpere,
2871 1490 2927 1543 et
2947 1488 3056 1543 sibi
3131 1487 3428 1545 vindicare
3484 1492 3592 1547 do-

1943 1567 2212 1635 ctrinam,
2243 1588 2420 1642 quam
2453 1572 2681 1645 Moyses
2720 1591 2833 1630 non
2862 1579 2982 1630 tam
3005 1593 3116 1632 sua
3145 1583 3374 1650 sponte,
3410 1596 3592 1651 quam

1942 1656 2061 1712 Deo
2124 1657 2409 1715 irascente
2439 1661 2694 1732 primum
2713 1663 2755 1730 τ,
2788 1663 2998 1719 dehinc
3028 1664 3350 1737 inspirante
3392 1684 3592 1726 susce-

1941 1747 2106 1816 perat
2137 1763 2150 1800 :
2176 1745 2317 1801 dicit
2346 1748 2522 1803 verba
2538 1766 2647 1805 sua
2667 1751 2842 1807 verba
2870 1768 3000 1808 esse
3025 1754 3404 1825 sapientium,
3457 1773 3591 1828 quas

1939 1831 1998 1886 in
2031 1832 2479 1891 similitudinem
2512 1837 2888 1895 stimulorum
2919 1841 3210 1914 corrigant
3242 1841 3591 1917 delinquen-

1944 1924 2053 1988 tes,
2089 1926 2147 1976 et
2177 1926 2372 1995 pigros
2405 1926 2739 1983 mortalium
2789 1945 3029 2000 gressus
3058 1929 3259 1987 aculeo
3292 1938 3591 2005 pungente

1944 2017 2347 2067 commoveant
2381 2031 2393 2068 :
2428 2014 2629 2087 sicque
2662 2017 2781 2072 sint
2819 2018 2990 2074 firma
3019 2021 3188 2091 quasi
3220 2019 3363 2077 clavi
3394 2022 3453 2077 in
3509 2023 3588 2079 al-

1942 2102 2068 2154 tum
2120 2098 2494 2174 solidumque
2541 2104 2759 2160 deﬁxi:
2823 2123 2929 2161 nec
2988 2110 3332 2165 auctoritate
3391 2111 3591 2183 unius,

1942 2188 2042 2242 sed
2074 2188 2318 2247 concilio
2340 2192 2537 2262 9atque
2567 2209 2856 2249 consensu
2877 2196 3291 2268 magistrorum
3324 2199 3591 2256 omnium

1942 2277 2326 2347 proferantur.
2359 2281 2427 2335 Et
2459 2297 2529 2334 ne
2559 2285 3029 2339 contemneretur
3059 2285 3323 2341 humana
3362 2288 3595 2360 sapien-

1940 2365 2096 2433 tia”,
2128 2367 2209 2422 ait
2239 2385 2367 2423 eam
2399 2370 2470 2423 ab
2494 2386 2609 2424 uno
2641 2376 2872 2442 pastore
2917 2389 3254 2429 concessam
3290 2392 3303 2430 :
3361 2376 3419 2431 id
3477 2381 3587 2447 est,

1939 2453 2075 2510 licet
2104 2454 2340 2527 plurimi
2366 2458 2633 2526 doceant,
2665 2463 2860 2515 tamen
2892 2460 3168 2517 doctrinae
3201 2468 3405 2519 auctor
3433 2482 3589 2522 unus

1937 2547 2027 2598 est
2055 2543 2417 2601 Dominus“.
2461 2546 2619 2601 Facit
2648 2546 2743 2601 hic
2774 2546 2935 2604 locus
2965 2550 3246 2606 adversus
3303 2569 3423 2619 eos,
3485 2552 3589 2625 qui

1937 2630 2120 2686 alium
2177 2632 2335 2720 legis.
2376 2634 2606 2701 veteris,
2666 2634 2848 2690 alium
2918 2637 3211 2710 Evangelii
3294 2640 3590 2697 aestimant

1938 2719 2142 2787 Deum,
2177 2719 2332 2793 quod
2372 2740 2525 2777 unus
2584 2728 2783 2794 pastor
2829 2724 3141 2781 concilium
3202 2729 3585 2799 prudentium

1936 2808 2296 2865 instruxerit.
2332 2811 2655 2866 Prudentes
2680 2817 2877 2867 autem
2908 2818 3029 2869 tam
3064 2814 3361 2888 Propheta:
3419 2824 3582 2891 sunt,

1936 2914 2113 2968 quam
2144 2899 2409 2970 apostoli.
2442 2899 2627 2955 Simul
2662 2905 2718 2956 et
2747 2901 2856 2957 hoc
2887 2903 3211 2960 notandum
3260 2908 3371 2974 est,
3428 2908 3583 2979 quod

1879 3031 1889 3041 .
1934 2984 2207 3041 dicantur
2236 2988 2410 3043 verba
2440 2989 2793 3061 sapientium
2827 3007 3106 3063 pungere,
3149 3009 3262 3048 non
3320 2993 3580 3068 palpare,

1936 3091 2041 3130 nec
2092 3074 2255 3130 molli
2309 3093 2483 3132 manu
2544 3081 2849 3133 attrectare
2907 3078 3209 3136 lasciviam
3231 3082 3312 3138 ¹²ε
3344 3083 3446 3138 sed
3496 3099 3583 3138 er-

1933 3163 2198 3219 rantibus
2229 3168 2286 3219 et
2317 3164 2405 3236 (ut
2435 3182 2615 3236 supra
2645 3165 2925 3237 diximus)
2977 3168 3162 3223 tardis
3227 3169 3578 3241 paenitentia;

167 3255 367 3324 cepta,
399 3250 501 3307 sed
531 3251 700 3322 quasi
736 3251 793 3305 in
827 3256 983 3307 terra
1011 3269 1243 3318 aurum,
1276 3254 1333 3307 in
1368 3269 1516 3309 nuce
1556 3254 1819 3324 nucleus,
1851 3243 1893 3310 C
1930 3250 2162 3307 dolores
2181 3256 2237 3306 et
2267 3251 2481 3307 vulnus
2511 3252 2769 3325 infigere.
2817 3254 2877 3309 Si
2928 3255 3098 3325 cujus
3151 3256 3331 3329 igitur
3386 3275 3578 3316 sermo

168 3341 238 3397 in
298 3339 541 3395 hirsutis
606 3344 1015 3395 castanearum
1077 3341 1366 3412 operculis
1443 3343 1822 3399 absconditus

166 3430 401 3487 fructus
432 3428 755 3501 inquiritur
785 3446 797 3483 :
834 3429 915 3484 ita
946 3429 1003 3483 in
1032 3428 1116 3485 eis
1146 3431 1409 3485 divinum
1439 3448 1679 3487 sensum
1738 3431 1821 3486 al-

168 3519 297 3577 tius
340 3518 851 3590 perscrutaudum.
921 3518 1113 3589 Super
1169 3518 1289 3574 haec
1348 3519 1572 3574 addidit
1614 3537 1823 3576 causas

171 3612 536 3679 naturasque
566 3624 759 3661 rerum
795 3623 855 3662 se
886 3606 1141 3663 voluisse
1189 3624 1555 3680 cognoscere,
1617 3612 1673 3664 et
1720 3609 1820 3665 Dei

171 3695 623 3768 dispositionem
657 3699 713 3749 et
740 3694 1148 3766 prudentiam5
1182 3713 1193 3751 :
1221 3712 1401 3767 quare
1451 3698 1822 3769 unumquod-

248 3839 266 3871 ¹
300 3836 598 3910 Corporum
668 3836 987 3910 parentibus
1041 3837 1313 3907 generari.
1365 3838 1510 3910 Quia
1567 3855 1825 3910 praesens

169 3910 340 3969 locus
370 3907 1018 3979 originemganimarum
1050 3913 1294 3979 spectat,
1358 3909 1500 3964 nihil
1554 3907 1821 3965 omittam

169 3982 249 4038 de
288 3976 1017 4035 variantibuslectionibus
1074 3976 1214 4035 mss.
1274 3980 1562 4035 codicum.
1623 3981 1821 4037 Plures

166 4051 354 4125 igitur
390 4049 612 4125 _legunt
651 4050 708 4103 in
766 4049 1072 4120 singulari,
1111 4069 1144 4105 a
1186 4067 1479 4125 corporum
1548 4058 1774 4122 parente
1807 4070 1819 4106 :

169 4121 278 4180 sed
317 4121 466 4177 infra
486 4121 701 4176 Omnes
731 4124 1067 4176 constanter
1097 4122 1346 4177 retinent
1378 4121 1659 4193 parentem
1695 4125 1821 4178 ani-

167 4210 412 4262 marum,
447 4196 504 4247 et
534 4209 648 4246 non
683 4199 891 4261 patrem
919 4194 1258 4258 animarum,
1308 4199 1373 4247 ut
1429 4198 1652 4249 veteres
1702 4195 1819 4249 edi-

168 4266 365 4322 tiones
386 4264 608 4322 legunt.
644 4263 933 4317 Maurus.

242 4367 311 4407 έ-
367 4334 510 4407 Vide
567 4334 919 4407 Hieronymi,
983 4339 1159 4405 atque
1253 4335 1565 4407 Augustini
1650 4334 1811 4406 ἀμοι-

172 4401 338 4467 ϐαιας
368 4404 660 4478 Epistolas
689 4405 754 4460 de
781 4401 1001 4478 Origine
1028 4401 1251 4460 animae.

238 4476 530 4536 "Multum
549 4478 797 4550 qwzzstuz't
829 4477 1200 4550 Ecclesiastes._
1222 4476 1402 4532 Aliter
1460 4476 1819 4550 exemplaria

165 4550 441 4623 quaedam
474 4547 617 4613 mss,
647 4548 752 4623 ubi
786 4548 1070 4623 scriptum
1092 4547 1366 4623 legimus,
1398 4547 1649 4623 scrutans
1678 4566 1819 4605 com-

157 4619 347 4694 posuit
437 4619 727 4690 proverbia
823 4620 1017 4673 multa.
1111 4621 1377 4687 Quaesivit
1468 4622 1819 4676 Ecclesiastes

165 4692 261 4749 MA
272 4708 462 4747 RTIAN.

237 4762 406 4830 3Qua
452 4762 732 4833 przevertit
815 4760 1091 4815 Salomon.
1180 4761 1537 4816 Sorbonieus
1617 4762 1816 4827 codex,

164 4850 272 4908 qua
298 4835 598 4917 praefertur
642 4832 899 4913 .Salomon
930 4847 1268 4917 superonmue
1313 4834 1596 4888 hominum
1625 4849 1817 4917 genus;

167 4903 313 4963 editi
359 4920 493 4959 vero
522 4903 675 4967 libri,
712 4919 820 4972 qua
853 4905 1074 4974 praeivz't
1128 4904 1386 4958 Salomon
1434 4921 1594 4960 omne
1643 4906 1817 4958 homi-

168 4993 310 5034 num
336 4991 525 5047 genus.
559 4976 843 5029 MARTIAN.

241 5050 265 5083 ⁴
295 5043 394 5103 Est
423 5047 605 5120 igitur
669 5060 800 5100 vero
833 5043 1111 5120 similius,
1135 5045 1289 5120 quod
1322 5044 1432 5120 sub
1456 5044 1692 5120 initium
1716 5045 1822 5120 h_u-

157 5122 266 5193 jus
297 5115 490 5191 operiws
539 5115 925 5193 Hieronymus
982 5116 1307 5193 observavit
1346 5115 1573 5193 librum
1631 5115 1820 5193 Eccle-

167 5186 389 5248 siasten
432 5192 651 5268 utpote
692 5186 981 5268 omnium,
1042 5204 1193 5268 quos
1225 5264 1232 5268 _
1266 5186 1557 5268 Salomon.
1636 5187 1817 5268 endit:

214 5258 561 5322 ostremum,
603 5259 732 5328 ejus
777 5258 1126 5329 paenitentiae
1187 5264 1243 5313 et
1299 5259 1697 5313 conversionis
1746 5260 1818 5313 ad

225 5350 361 5391 eum
393 5334 847 5387 monumentum
881 5346 1027 5384 esse.

239 5407 261 5440 δ
292 5407 374 5460 lta
397 5401 677 5457 Alcuinus
709 5417 939 5472 quoque
969 5400 1107 5454 olim
1159 5399 1321 5469 legit,
1383 5405 1438 5453 et
1501 5402 1822 5471 prml'erunt

169 5494 318 5534 mss.
345 5475 458 5531 Sed
490 5478 712 5552 veteres
744 5472 909 5537 editi,
937 5472 1402 5552 providentiam.”

244 5580 312 5590 -——
343 5546 761 5614 Dispositioncm
784 5553 834 5598 et
861 5541 1239 5614 prudentiam.
1275 5541 1480 5596 Melius
1512 5541 1819 5613 legeretur.

166 5624 218 5677 et
260 5614 691 5694 providentiam,
755 5617 917 5694 quod
968 5616 1153 5694 etiam.
1217 5614 1416 5694 legunt
1471 5614 1657 5694 editi:
1719 5628 1825 5694 ego

167 5686 369 5748 tamen
390 5687 625 5760 reposui
653 5687 1009 5760 prudcutiam
1056 5686 1211 5760 quia
1254 5686 1337 5739 sic
1396 5687 1678 5756 scriptum
1736 5690 1827 5738 est

168 5764 232 5821 in
261 5756 495 5820 cunctis
525 5756 959 5829 exemplaribus
990 5773 1135 5813 mss.
1167 5759 1452 5812 MABTIAN.

1931 3356 2048 3395 non
2071 3340 2300 3412 pungit,
2332 3342 2432 3396 sed
2465 3340 2834 3397 oblectationi
2867 3346 2957 3398 est
3004 3344 3408 3415 audientibus,
3467 3346 3581 3402 iste

1931 3443 2046 3482 non
2081 3431 2171 3483 est
2197 3445 2390 3483 sermo
2420 3428 2723 3501 sapientis.
2755 3429 2946 3487 Verba
2977 3430 3193 3504 quippe
3222 3432 3578 3505 sapientium

1930 3519 1996 3571 ut
2024 3516 2270 3572 stimuli.
2303 3519 2437 3582 Quae
2471 3518 2746 3590 quoniam
2781 3519 2852 3574 ad
2884 3521 3326 3578 conversionem
3374 3539 3578 3595 provo-

1930 3608 2066 3660 cant
2089 3604 2551 3677 delinquentem,
2582 3611 2638 3662 et
2692 3608 2864 3662 ﬁrma
2905 3612 3064 3676 sunt,
3117 3613 3174 3663 et
3239 3627 3274 3665 a
3331 3609 3578 3667 concilio

1932 3698 2266 3750 sanctorum
2299 3695 2452 3765 data,
2489 3700 2663 3767 atque
2689 3695 2762 3751 ab
2822 3713 2934 3752 uno
2992 3700 3227 3768 pastore
3274 3714 3576 3770 concessa,

2001 3837 2023 3871 ⁸
2052 3836 2445 3905 Martianaeus,
2477 3852 2802 3891 recursurus
2818 3854 2840 3899 ;
2881 3837 3263 3894 renuentibus
3294 3854 3439 3894 mss.
3490 3842 3576 3894 at-

1932 3924 2048 3980 que
2081 3913 2250 3980 antea
2280 3907 2536 3980 vulgatis
2567 3907 2757 3963 libris.

2002 3979 2347 4034 7Palatinus
2387 3977 2569 4045 ‘alter,
2631 3977 3129 4050 quemadmodum
3185 3982 3244 4033 et
3298 3979 3576 4036 Erasmus

1931 4049 2092 4121 legit,
2124 4058 2174 4104 et
2202 4051 2485 4124 veritatem
2510 4050 2616 4124 solt
2654 4049 2783 4124 Deo
2835 4050 3126 4121 cognitam,
3184 4051 3427 4124 corporis
3455 4050 3575 4124 (Vi-

1930 4117 2073 4175 ctor.
2108 4119 2392 4192 praeponit
2420 4121 2612 4191 quam)
2664 4117 3072 4190 vallata‘septo
3111 4117 3286 4177 mens
3333 4117 3578 4178 humana

1929 4191 2379 4256 comprehendere
2406 4206 2512 4246 non
2541 4198 2731 4262 potest.
3045 4203 3050 4207 '

2001 4293 2069 4302 -ο
2102 4264 2167 4319 Ut
2222 4263 2509 4317 veritatem
2553 4262 2659 4317 soli
2715 4262 2819 4316 Deo
2873 4264 3170 4331 cognitam.
3237 4263 3579 4320 Erasmiana

1929 4332 2106 4407 editio
2137 4334 2401 4407 agnoscit
2434 4332 2585 4388 hanc
2616 4331 3015 4407 lectionemet
3035 4334 3093 4388 in
3119 4334 3385 4405 margine
3414 4335 3577 4407 posi-

1928 4408 2048 4459 tam
2081 4402 2290 4469 habet;
2322 4403 2497 4459 istam
2528 4420 2659 4458 vero
2691 4402 2897 4459 falsam
2929 4402 2988 4459 in
3039 4402 3327 4473 contextu,
3385 4402 3440 4461 et
3484 4422 3579 4461 ve-

1930 4477 2153 4530 ritatem
2181 4477 2284 4530 soli
2338 4476 2444 4531 Deo
2495 4476 2793 4547 cognitam,
2853 4477 3094 4547 corporis
3146 4476 3354 4531 vallata
3404 4480 3574 4547 septo,

1929 4563 2081 4619 mens
2114 4547 2361 4602 humana
2388 4545 2845 4618 comprehendere
2860 4545 2982 4619 uo}:
3006 4551 3198 4619 potest.
3233 4548 3419 4619 Quam
3450 4545 3571 4602 Ma-

1853 4607 1894 4670 D
1927 4618 2127 4689 rianus
2159 4634 2392 4689 quoque
2425 4607 2661 4673 secutus
2692 4619 2781 4673 est
2808 4607 3029 4673 addens
3075 4607 3445 4672 solummodo
3485 4632 3574 4672 re-

1929 4687 2389 4760 lativuquuam,
2422 4689 2479 4743 id
2502 4692 2610 4757 est,
2643 4704 2809 4760 quam
2837 4689 3098 4760 corporis,
3122 4691 3237 4743 etc.
3295 4704 3572 4760 ullarum.

1999 4761 2019 4793 ⁸
2050 4758 2313 4815 Vatican.
2349 4777 2481 4814 cum
2516 4759 2775 4814 Palatino
2806 4758 3065 4813 secunda
3094 4774 3296 4829 manu,
3349 4774 3416 4813 ac
3472 4759 3572 4814 de-

1930 4848 2088 4885 mum
2123 4830 2425 4895 Alcuinus,
2462 4846 2628 4901 quam
2660 4830 2764 4901 Deo
2785 4829 3305 4901 jubcntcprimum,
3337 4834 3448 4884 etc.

2000 4904 2021 4936 θ
2058 4902 2198 4956 Tres
2229 4920 2374 4956 mss.
2412 4899 2502 4955 hic
2531 4906 2705 4969 atque
2728 4900 2899 4980 intra,
2932 4899 3022 4955 sed
3055 4901 3303 4955 consilio.
3335 4970 3345 4980 .

2002 4974 2043 5007 ¹⁰
2073 4973 2220 5027 Olim
2251 4973 2412 5038 editi,
2468 4974 2529 5026 Et
2586 4987 2655 5025 ne
2713 4974 3148 5026 contemneretur
3191 4973 3442 5025 omnium
3487 4984 3576 5024 sa-

1927 5045 2158 5115 pientia.
2192 5044 2342 5098 Tum
2374 5041 2676 5108 Alcuinus,
2710 5042 2905 5115 Tameu
2939 5041 3203 5115 doctrina:
3260 5041 3424 5113 hujus
3444 5055 3574 5095 auc-

1928 5112 2016 5170 tor
2043 5118 2119 5171 cst
2170 5116 2487 5171 Dominus:
2537 5118 2759 5168 veteres
2813 5112 2977 5182 editi,
3038 5113 3237 5168 Auctor
3293 5127 3439 5166 unus
3492 5117 3573 5166 est

1933 5192 2044 5241 etc.

2006 5258 2041 5290 ¹¹
2094 5258 2291 5311 Auctor
2342 5271 2483 5310 unus
2536 5261 2613 5309 est
2665 5254 2939 5310 Dominus.
2997 5255 3058 5309 In
3124 5251 3297 5308 editis
3381 5253 3580 5308 Tamen

1931 5328 2203 5384 doctrinae
2233 5326 2396 5399 hujus
2427 5333 2640 5399 auctor,
2701 5339 2845 5399 unus
2896 5332 2975 5399 est
3029 5324 3307 5391 Dominus,
3358 5323 3576 5399 verum

1933 5399 2057 5453 sine
2087 5400 2248 5468 hujus
2280 5395 2547 5452 absolute
2576 5395 2889 5468 legendum
2923 5396 3132 5450 docent
3148 5412 3290 5468 mss.
3324 5396 3577 5468 codices,

1936 5477 2000 5525 ut
2031 5466 2369 5525 non‘solum
2402 5466 3079 5548 hujusaoctriuzenauctor
3133 5466 3212 5521 sit
3253 5484 3409 5548 unus
3449 5466 3578 5548 ,Βο-

1938 5541 2173 5608 minus;
2208 5542 2305 5595 sed
2342 5537 2659 5609 cujuslibet
2697 5537 2954 5592 scicntia:
2985 5555 3052 5593 ac
3091 5554 3237 5593 verae
3277 5537 3580 5604 doctrina,

1934 5612 2072 5666 licet
2101 5608 2491 5687 plurimisint
2521 5608 2624 5687 qui
2653 5609 2920 5687 doceant.
2955 5626 3232 5687 Mam-mu.
3351 5681 3364 5687 _
3514 5679 3521 5687 ι

2010 5684 2051 5717 ¹²
2084 5681 2264 5749 Idem,
2297 5682 2578 5737 attrahere
2609 5681 2893 5759 lasciviam
2918 5697 2940 5743 ;
2972 5685 3027 5737 et
3085 5697 3217 5761 mox
3275 5681 3471 5736 vulnus
3500 5681 3582 5732 in-

1937 5753 2147 5826 ﬂigere.
