3996 6398
428 278 579 365 1171

1674 285 1743 360 S.
1786 290 2099 361 EUSEBll
2142 292 2589 362 HIERONYMI

428 430 487 484 et
515 404 702 484 solida
729 427 920 499 radice
944 429 1193 495 fundata
1238 434 1395 490 sunt.
1420 396 1582 489 ’.195
1631 435 1749 488 Hoc
1806 429 2072 495 stimulo,
2108 431 2152 497 Α
2187 431 2287 505 qui
2320 431 2378 489 in
2402 430 2688 506 principio
2718 434 2842 490 erat
2872 433 3023 506 apud
3056 429 3264 503 Deum,
3292 432 3351 489 et
3377 429 3532 490 Deus
3562 426 3847 487 Verbum

424 512 683 574 necdum
712 508 981 589 Paulum,
1012 520 1112 577 sed
1137 521 1328 578 adhuc
1382 521 1623 578 Saulum
1683 527 1823 595 puto
1884 522 1942 575 in
1980 519 2075 575 via

430 608 768 664 confossum
802 609 1015 666 erroris
1049 612 1283 667 audisse
1318 628 1330 666 :
1370 612 1702 668 Durumtibi
1747 619 1826 667 est
1876 611 2073 666 adver-

428 714 553 754 sum
596 701 882 756 stimulum
932 701 1269 757 calcitrare'
1329 700 1437 772 (Al.
1510 705 1698 756 contra.
1790 702 2075 756 stimulum

430 788 549 859 Dei]
580 788 715 860 (Act.
748 807 823 860 ix,
855 789 933 861 5).

504 898 532 925 ‹‹
565 877 633 932 Et
654 877 910 950 amplius
935 879 1007 934 ab
1037 878 1150 950 his,
1188 878 1265 935 ﬁli
1297 878 1396 945 mi,
1431 895 1588 935 cave.
1626 879 1890 935 Faciendi
1924 877 2072 934 mul-

428 967 523 1021 tos
552 964 735 1022 libros
766 984 881 1023 non
914 973 999 1023 est
1034 968 1167 1024 ﬁnis
1199 971 1260 1023 ²ε
1331 972 1389 1023 et
1450 969 1752 1024 meditatio
1821 967 2076 1040 plurima

430 1053 597 1111 labor
625 1060 715 1111 est
743 1056 955 1113 carnis.
994 1080 1022 1107 ››
1051 1058 1316 1130 Exceptis
1348 1058 1439 1114 bis
1467 1058 1661 1114 verbis
1683 1075 1809 1129 quae
1842 1058 1913 1113 ab
1959 1073 2075 1113 uno

430 1148 665 1216 pastore
697 1150 838 1201 sunt
866 1146 1024 1213 data,
1056 1153 1113 1202 et
1160 1164 1193 1203 a
1253 1147 1498 1203 concilio
1552 1152 1727 1218 atque
1784 1163 2073 1203 consensu

429 1233 676 1305 probata
696 1234 1047 1306 sapientium
1069 1236 1110 1307 ³,
1145 1235 1289 1291 nihil
1323 1237 1521 1304 facias,
1586 1236 1729 1291 nihil
1791 1236 1894 1291 tibi
1952 1234 2073 1290 vin-

429 1316 633 1378 dices:
668 1325 959 1394 majorum
1017 1340 1260 1396 sequere
1316 1325 1577 1395 veStigia,
1639 1331 1696 1380 et
1748 1325 1820 1381 ab
1871 1339 2073 1380 eorum

430 1411 777 1468 auctoritate
818 1429 932 1468 non
966 1413 1281 1486 discrepes.
1303 1413 1845 1487 Alioqui,quaerenti
1868 1413 2072 1482 multa,

430 1498 700 1557 inﬁnitus
728 1500 1011 1557 librorum
1047 1520 1328 1559 numerus
1368 1509 1633 1559 occurret
1663 1521 1676 1558 :
1712 1503 1810 1575 qui
1834 1506 1892 1557 te
1940 1518 2074 1574 per-

428 1588 627 1645 trahat
656 1588 726 1645 ad
759 1607 1039 1657 errorem,
1073 1595 1129 1647 et
1160 1591 1447 1662 legentem
1510 1592 1730 1646 frustra
1785 1591 1890 1661 [Αἱ.
1924 1590 2075 1645 addit

431 1677 642 1749 multa]
675 1678 846 1735 faciet
872 1678 1155 1735 laborare.
1216 1679 1318 1735 Vel
1378 1685 1531 1735 certe
1589 1681 1757 1735 docet
1810 1678 2075 1735 brevitati

430 1767 811 1837 studendum,
846 1772 903 1823 et
926 1784 1138 1824 sensus
1178 1770 1366 1842 magis
1388 1771 1694 1825 sectandos
1724 1785 1852 1824 esse
1897 1785 2073 1840 quam
2103 1802 2152 1867 Β

430 1856 631 1924 verba,
663 1856 942 1912 adversus
972 1857 1353 1928 philosOphos
1382 1863 1440 1913 et
1495 1858 1691 1914 saeculi
1746 1858 1922 1928 hujus
1974 1858 2075 1914 do-

432 1948 642 2011 ctores,
677 1945 778 2016 qui
806 1962 1049 2001 suorum
1082 1947 1424 2019 dogmatum
1460 1946 1748 2003 falsitates
1795 1949 2082 2002 conantur

435 2048 694 2089 asserere
724 2033 976 2089 vanitate
999 2052 1064 2090 ac
1114 2035 1598 2106 mul'iplicatione
1655 2035 1758 2106 [AL
1821 2035 2082 2091 multitu-

434 2120 593 2192 dine]
616 2137 974 2178 sermonum.
1018 2125 1265 2179 Econtra
1326 2124 1627 2196 Scriptura
1678 2124 1868 2179 divina
1923 2123 2080 2180 brevi

439 2210 656 2266 circulo
687 2216 980 2267 coarctata
1003 2216 1173 2283 est,et
1203 2218 1490 2285 quantum
1525 2212 1803 2268 dilatatur
1847 2213 1903 2267 in
1957 2230 2081 2268 scn-

434 2298 672 2368 sibus‘,
713 2304 944 2355 tantum
1004 2300 1061 2354 in
1121 2318 1388 2356 sermone
1436 2301 1874 2373 constringitur.
1935 2300 2083 2365 Quia

433 2394 907 2445 consummatum
942 2389 1387 2462 breviatumque
1410 2406 1739 2445 sermonem
1766 2389 1899 2444 fecit
1931 2394 2080 2445 Deus

432 2492 609 2547 super
660 2483 901 2542 terram,
956 2482 1012 2533 et
1063 2479 1303 2533 verbum
1361 2478 1489 2547 ejus
1539 2480 1709 2549 juxta
1768 2478 1934 2532 estin
1984 2495 2081 2533 ore

328 2552 337 2563 ’
433 2570 657 2632 nostro,
681 2567 816 2621 etin
857 2568 1028 2621 corde
1078 2574 1276 2622 nostro
1320 2568 1494 2637 (Rom.
1528 2586 1579 2633 χ,
1612 2569 1684 2634 8;
1735 2568 1893 2623 Deut.
1952 2585 2079 2632 xxx,

435 2654 544 2724 14).
579 2654 805 2709 Aliter:
843 2656 1136 2726 Frequens
1163 2654 1352 2719 lectio,
1395 2660 1451 2710 et
1498 2655 1841 2726 quotidiana
1898 2656 2080 2711 medi-

433 2742 595 2808 tatio,
628 2742 837 2797 animae
870 2743 1017 2798 solet
1048 2744 1235 2816 magis
1267 2743 1431 2798 labor
1461 2760 1588 2799 esse
1644 2761 1820 2815 quam
1865 2744 2077 2799 carnis.

437 2830 738 2894 Quomodo
764 2830 919 2885 enim
951 2832 1231 2903 quidqui:
1270 2849 1445 2887 manu
1479 2837 1536 2887 et
1564 2848 1802 2911 corpore
1825 2832 1906 2903 lit,
1959 2850 2080 2888 ma-

438 2934 551 2972 nus
574 2922 629 2972 et
669 2921 927 2991 corporis
985 2919 1181 2976 labore
1234 2921 1599 2992 completur:
1664 2920 1744 2976 ita
1798 2922 1954 2993 quod
2010 2922 2079 2977 ad

438 3003 746 3061 lectionem
790 3008 1058 3078 pertinet,
1111 3009 1297 3080 magis
1355 3009 1569 3065 mentis
1625 3014 1713 3064 est
1760 3008 1942 3065 labor.
2004 3012 2083 3065 Ex

439 3109 555 3165 quo
578 3093 719 3149 mihi
749 3095 997 3164 videtur,
1027 3097 1328 3168 superiora
1354 3098 1425 3152 de
1483 3097 1857 3154 multitudine
1903 3098 2078 3153 libro-

2184 523 2360 593 (Joan.
2395 540 2432 587 1,
2464 524 2542 593 2),
2566 539 2749 578 unum
2781 521 3053 580 volumen
3094 525 3183 579 est
3214 538 3227 577 :
3282 526 3339 577 et
3368 517 3851 577 innumerabiles

2179 609 2315 668 libri
2347 628 2466 667 una
2494 610 2816 678 Lex,unum
2850 610 3228 684 Evangelium
3260 609 3848 675 nominantur.Quod

2183 701 2232 757 si
2264 700 2493 755 diversa
2521 704 2578 756 et
2605 699 2999 772 discrepantia
3029 700 3439 773 disputaveris,
3471 702 3527 755 et
3581 697 3847 754 curiosi-

2181 792 2299 844 tate
2320 788 2500 844 nimia
2533 789 2646 844 huc
2676 793 2855 860 atque
2886 787 3025 844 illuc
3056 788 3320 843 animum
3352 787 3666 843 adduxeris
3713 785 3837 858 [ΑΙ.

2185 877 2538 949 deduxeris],
2570 877 2746 933 etiam
2781 877 2839 932 in
2875 894 2991 932 uno
3022 876 3192 941 libro,
3248 876 3417 932 multi
3457 875 3593 930 libri
3665 879 3842 932 sunt.

2184 966 2347 1022 Unde
2379 967 2598 1022 dictum
2625 970 2715 1022 est
2746 984 2758 1021 :
2784 967 2867 1022 Ea:
2889 967 3236 1038 multiloquio
3271 982 3380 1022 non
3426 966 3650 1037 eﬂugies
3707 981 3843 1035 pec-

2180 1060 2374 1112 catum
2402 1056 2581 1126 (Prov.
2615 1073 2671 1124 x,
2694 1055 2804 1127 49).
2838 1054 3078 1111 Talibus
3111 1054 3289 1128 igitur
3343 1053 3509 1109 libris
3568 1070 3685 1108 non
3745 1056 3843 1109 est

2184 1145 2338 1201 ﬁnis.
2372 1146 2595 1200 Bonum
2628 1144 2782 1200 enim
2813 1161 3011 1214 omne,
3074 1149 3131 1200 et
3184 1144 3395 1200 veritas
3448 1147 3603 1199 certe
3632 1144 3654 1178 ⁶
3718 1142 3841 1198 ﬁne

2185 1234 2556 1291 concluditur
2588 1252 2600 1290 :
2627 1233 2851 1289 malitia
2879 1250 3009 1290 vero
3041 1236 3217 1306 atque
3276 1232 3645 1289 mendacium
3703 1231 3840 1287 sine

2184 1324 2300 1379 fine
2325 1327 2482 1379 sunt.
2515 1323 2585 1379 Et
2613 1326 2831 1395 quanto
2863 1322 2995 1395 plus
3025 1322 3429 1394 requiruntur,
3461 1325 3621 1377 tanto
3639 1321 3840 1393 major

2183 1427 2386 1468 eorum
2437 1411 2618 1467 series
2668 1410 2947 1466 nascitur.
3001 1411 3190 1484 Super
3236 1409 3345 1465 hac
3400 1411 3506 1466 re3
3559 1408 3837 1465 studium

2184 1505 2357 1574 atque
2388 1500 2707 1568 meditatio,
2749 1499 2914 1555 labor
2933 1498 3503 1566 est'carnisﬁarnis,
3522 1502 3835 1571 tanquam,

2184 1606 2299 1646 non
2323 1588 2584 1661 spiritus.
2617 1588 2802 1644 Habet
2831 1588 3123 1661 siquidem
3181 1592 3238 1644 et
3285 1587 3529 1660 spiritus
3569 1587 3837 1643 laborem

2184 1695 2360 1734 suum
2383 1679 2554 1749 juxta
2584 1677 2725 1732 illud
2751 1678 2903 1749 quod
2937 1678 3019 1732 ait
3046 1676 3361 1750 Apostolus
3395 1694 3409 1732 :
3443 1677 3575 1732 Plus
3645 1684 3841 1731 autem

2183 1768 2297 1823 illis
2326 1768 2577 1823 omnibus
2609 1767 2860 1822 laboravi
2891 1783 2904 1821 :
2938 1783 3049 1821 non
3090 1770 3275 1821 autem
3328 1782 3445 1834 ego,
3501 1764 3593 1822 sed
3646 1770 3839 1836 gratia

2188 1858 2290 1912 Dei
2317 1871 2441 1927 qua
2470 1872 2679 1912 mecum
2714 1864 2793 1911 est
2824 1857 2872 1926 (I
2901 1854 3025 1910 Cor.
3084 1872 3177 1925 xv,
3240 1854 3352 1925 10).
3410 1854 3478 1909 Et
3522 1852 3787 1910 Salvator
3823 1870 3840 1910 :

2189 1948 2456 2001 Laboravi
2483 1946 2731 2000 clamans
2752 1944 2921 2014 (Psal.
2956 1960 3145 2011 LXVIII,
3169 1943 3243 2014 4).

2262 2058 2289 2085 ι(
2333 2034 2493 2090 Finis
2524 2032 2816 2090 sermonis
2843 2032 3001 2089 verbi
3027 2030 3284 2088 universi
3313 2030 3514 2087 auditu
3538 2030 3840 2104 perfacilis

2189 2128 2277 2180 est
2310 2141 2322 2178 :
2356 2123 2537 2178 Deum
2568 2122 2732 2187 time,
2765 2125 2822 2176 et
2853 2122 3127 2176 mandata
3147 2121 3275 2192 ejus
3306 2120 3550 2176 custodi.
3603 2119 3723 2175 Hoc
3746 2124 3841 2174 est

2189 2212 2345 2268 enim
2379 2209 2570 2266 omnis
2601 2209 2941 2282 homo,quia
2972 2226 3143 2264 omne
3171 2209 3386 2264 factum
3409 2208 3562 2264 Deus
3579 2208 3841 2264 adducet

2188 2300 2248 2356 in
2271 2298 2560 2372 judicium
2593 2299 2664 2352 de
2685 2298 2842 2353 omni
2875 2297 3236 2364 abscondito,
3270 2296 3388 2351 sive
3407 2296 3647 2361 bonum,
3703 2295 3835 2352 sive

2191 2387 2411 2443 malum
2444 2386 2575 2441 sit.»
2608 2385 2785 2440 Aiunt
2816 2385 3038 2440 Hebraei
3066 2400 3196 2439 cum
3221 2384 3585 2439 intercetera
3609 2384 3840 2455 scripta

2189 2474 2517 2531 Salomonis
2546 2491 2671 2546 quae
2703 2474 3005 2545 antiquata
3054 2478 3213 2541 sunt,
3267 2490 3370 2528 nec
3423 2472 3483 2527 in
3541 2474 3838 2530 memoria

2190 2566 2566 2631 duraverunt,
2599 2567 2657 2617 et
2687 2561 2781 2617 hic
2804 2562 2949 2617 liber
3004 2560 3429 2617 oblitterandus
3466 2560 3765 2617 videretur
3792 2563 3838 2629 ⁷,

2191 2670 2256 2710 eo
2289 2653 2443 2724 quod
2473 2668 2652 2706 vanas
2684 2650 2782 2706 Dei
2819 2654 3104 2706 assereret
3159 2654 3472 2716 creaturas,
3525 2654 3581 2705 et
3639 2654 3839 2706 totum

2191 2746 2425 2815 putaret
2463 2758 2589 2796 esse
2620 2757 2722 2812 pro
2747 2739 2950 2807 nihilo,
2984 2744 3040 2795 et
3064 2739 3280 2807 cibum,
3314 2744 3369 2795 et
3398 2743 3620 2812 potum,
3650 2744 3707 2795 et
3738 2741 3843 2797 de-

2193 2831 2355 2887 ﬁcias
2384 2834 2757 2885 transeuntes
2780 2828 3076 2900 praeferret
3098 2829 3391 2898 omnibus,
3423 2845 3489 2884 ex
3538 2828 3646 2884 hoc
3716 2846 3839 2886 uno

2191 2918 2446 2992 capitulo
2480 2918 2766 2974 meruisse
2797 2918 3223 2985 auctoritatem,
3282 2922 3347 2974 ut
3384 2918 3442 2973 in
3498 2918 3833 2975 divinorum

2190 3006 2569 3064 Voluminum
2600 3023 2844 3061 numero
2875 3011 3203 3078 poneretur,
3229 3007 3383 3079 quod
3408 3011 3589 3062 totam
3620 3006 3835 3079 dispu-

2194 3096 2472 3152 tationem
2505 3099 2758 3162 suam,et
2781 3111 3012 3150 omnem
3036 3095 3363 3168 catalogum
3394 3095 3502 3151 hac
3521 3096 3689 3167 quasi
3707 3095 3833 3149 ἀνα-

441 3159 573 3237 rum
619 3182 789 3239 aliter
841 3159 1162 3252 sentiendo,
1216 3203 1391 3258 quam
1450 3186 1712 3259 plerique
1769 3188 2079 3243 aestimant.
2114 3159 2157 3227 (ἶ
2194 3181 2557 3260 κεφαλαιωσει
2598 3159 3508 3255 (recapitulatione)coarctaverit,
3537 3159 3613 3240 ἐι
3669 3184 3831 3240 dixe-

441 3268 621 3326 Moris
658 3277 748 3327 est
805 3273 1260 3344 Scripturarum,
1306 3275 1575 3345 quamvis
1632 3276 1828 3347 plures
1881 3276 2082 3344 libros,

440 3358 489 3413 si
522 3358 673 3414 inter
688 3376 749 3414 se
784 3377 896 3415 non
928 3360 1283 3434 discscpent,
1316 3369 1373 3418 et
1401 3364 1471 3418 de
1502 3364 1703 3419 eadem
1733 3381 1790 3419 re
1821 3364 2079 3420 scriban-

437 3449 554 3513 tur,
576 3462 756 3503 unum
775 3448 1045 3505 volumen
1064 3451 1282 3506 dicere:
1309 3451 1601 3523 siquidem
1623 3459 1679 3508 et
1701 3454 2078 3525 Evangelium

435 3540 491 3589 et
544 3534 659 3590 ιθ.»
723 3539 953 3592 Domini
1010 3540 1384 3609 immaculata,
1470 3545 1783 3597 convertens
1862 3542 2079 3596 animas

433 3620 608 3693 (Psal.
638 3642 793 3693 xvm,
829 3625 904 3695 8),
938 3626 1315 3698 singulariter
1336 3629 1722 3700 appellantur,
1758 3646 1891 3684 curn
1909 3629 2077 3701 plura

429 3712 759 3784 Evangelia,
784 3719 841 3768 et
874 3713 1058 3770 multa
1090 3716 1209 3771 sint
1231 3717 1508 3771 mandata
1528 3716 1673 3788 legis
1702 3734 1714 3771 :
1750 3716 1832 3772 sic
1863 3721 1919 3772 et
1975 3736 2072 3773 vo-

424 3798 628 3856 lumen
660 3801 719 3856 in
739 3802 899 3857 Isaiaa
922 3820 1191 3859 sermone
1214 3805 1535 3876 signatum,
1562 3806 1754 3861 omnis
1776 3807 2073 3877 Scriptura

424 3888 622 3945 divina
651 3894 741 3945 est
769 3891 895 3962 (lsa.
927 3892 1100 3963 χχιχ),
1135 3898 1191 3948 et
1240 3909 1355 3949 uno
1414 3892 1666 3964 capitulo
1722 3893 1879 3960 libri,
1934 3896 2071 3951 Eze-

422 3977 572 4033 chiel
601 3978 972 4050 Joannesque
1001 3982 1543 4049 vescuntur(Ez.ec/z.
1599 3999 1699 4038 VIII
1744 4000 1757 4051 ;
1790 3985 1948 4055 Apoc.
1982 3990 2064 4054 x).

423 4065 690 4122 Salvator
720 4084 951 4140 quoque
981 4070 1246 4124 omnium
1279 4074 1429 4124 retro
1460 4075 1796 4127 sanctorum
1828 4073 2066 4129 vocibus

419 4153 823 4224 prophetatus,
856 4157 978 4213 ait:
1008 4160 1071 4213 In
1099 4159 1338 4229 capitulo
1395 4159 1528 4214 libri
1568 4162 1836 4231 scriptum
1873 4166 1955 4216 est
2000 4162 2065 4219 de

418 4256 509 4295 me
551 4241 721 4312 (Psal.
766 4261 954 4311 xxxiv,
1012 4248 1087 4316 9).
1141 4246 1318 4301 Juxta
1375 4246 1531 4303 hunc
1592 4248 1774 4321 igitur
1820 4267 2060 4306 sensum

418 4331 574 4385 496
606 4331 857 4388 arbitror
905 4351 1060 4389 nunc
1117 4339 1494 4405 praeceptum,
1552 4353 1622 4391 ne
1680 4337 1878 4408 plures
1926 4338 2060 4394 libri

416 4417 578 4473 fiant.
607 4419 901 4493 Quidquid
933 4422 1089 4478 enim
1121 4423 1355 4493 dixeris,
1389 4425 1437 4479 si
1470 4425 1541 4479 ad
1580 4441 1715 4479 eum
1750 4425 2053 4497 referatur,

2192 3274 2269 3330 rit
2298 3274 2475 3328 tinem
2504 3289 2844 3328 sermonum
2875 3290 3112 3329 suorum
3136 3273 3338 3329 auditu
3361 3290 3488 3329 esse
3515 3273 3831 3346 promptis-

2192 3361 2432 3427 simum,
2466 3378 2569 3416 nec
2595 3360 2814 3432 aliquid
2848 3361 2904 3417 in
2929 3379 2989 3418 se
3008 3362 3222 3419 habere
3243 3363 3581 3431 difﬁcile;ut
3608 3362 3832 3421 scilicet

2191 3452 2375 3507 Deum
2405 3449 2737 3520 timeamus,
2771 3455 2829 3506 et
2885 3452 3013 3523 ejus
3058 3456 3348 3525 praecepta
3405 3453 3708 3509 faciamus.
3739 3454 3826 3509 Ad

2188 3539 2297 3596 hoc
2353 3540 2508 3595 enim
2559 3543 2759 3594 natum
2810 3554 2938 3595 esse
2997 3539 3317 3607 hominem,
3380 3545 3443 3597 ut
3508 3546 3825 3598 creatorem

2185 3646 2357 3687 suum
2392 3627 2741 3700 intelligens,
2766 3633 3073 3685 veneretur
3102 3647 3237 3686 eum
3298 3630 3403 3702 [ΑΙ.
3437 3631 3593 3702 cum]
3639 3636 3821 3698 metu,

2183 3723 2240 3775 et
2269 3718 2508 3786 honore,
2539 3720 2596 3772 et
2624 3733 2794 3788 opere
2850 3718 3280 3775 mandatorum.
3340 3718 3637 3791 Siquidem
3686 3737 3819 3776 cum

2175 3805 2384 3879 judicii
2412 3811 2645 3876 tempus
2676 3805 2995 3873 advenerit,
3019 3807 3304 3879 quidquid
3334 3826 3367 3864 a
3396 3809 3561 3864 nobis
3589 3814 3817 3881 gestum

2182 3901 2290 3962 est,
2324 3899 2478 3950 stare
2509 3895 2658 3949 491
2687 3895 2797 3950 sub
2822 3894 3043 3966 judice,
3080 3902 3136 3951 et
3200 3897 3512 3969 ancipitem
3567 3897 3666 3952 diu
3721 3915 3815 3953 ex-

2178 3982 2479 4056 spectare8
2507 3982 2877 4053 sententiam,
2914 3988 2971 4038 et
3022 4000 3503 4058 unumquemque
3560 3985 3812 4058 recipere

2176 4090 2279 4145 pro
2310 4087 2481 4144 Opere
2511 4088 2641 4135 suo,
2675 4070 2793 4126 sive
2825 4070 2961 4127 mali
2994 4074 3131 4145 quid
3163 4075 3425 4147 gesserit,
3478 4074 3597 4131 sive
3652 4074 3808 4132 boni.

2175 4161 2281 4217 Pro
2313 4177 2379 4215 eo
2410 4164 2606 4215 autem
2637 4160 2793 4230 quod
2826 4177 2933 4216 nos
2961 4162 3273 4234 posuimus
3307 4180 3319 4219 :
3378 4166 3451 4220 De
3490 4164 3638 4219 omni
3686 4165 3807 4219 abso

2169 4250 2416 4315 condito,
2437 4249 2552 4303 sive
2582 4248 2802 4318 bonum,
2850 4250 2968 4304 sive
3021 4251 3233 4306 malum
3289 4253 3380 4319 sit,
3430 4250 3808 4324 Symmachus

2168 4344 2226 4394 et
2255 4336 2636 4410 Septuaginta
2666 4335 3023 4408 interpretati
3067 4345 3225 4409 sunt,
3261 4341 3326 4397 de
3378 4343 3529 4396 omni
3579 4349 3811 4397 contem-

2162 4430 2255 4498 pto
2287 4428 2307 4462 ⁸
2335 4425 2421 4481 vel
2455 4428 2610 4481 certe
2639 4425 2707 4479 de
2753 4428 2905 4480 omni
2963 4429 3243 4500 ignorato,
3306 4430 3457 4503 quod
3508 4428 3681 4485 etiam
3735 4430 3807 4486 de

485 4546 742 4624 'Durum
783 4547 1014 4624 tibi-est
1071 4546 1354 4624 adversum
1409 4548 1699 4624 stimulum
1746 4548 2054 4624 calcitrare.
2092 4527 2135 4591 D
2236 4550 2540 4624 "_Hujusce
2571 4547 2654 4624 rei
2681 4547 3017 4624 testimonia
3045 4553 3201 4624 apud
3232 4553 3465 4609 Judzeos
3496 4552 3802 4623 scriptores

412 4614 476 4669 In
508 4617 800 4672 veteribus
842 4617 1200 4672 editionibus
1233 4636 1250 4672 .·
1294 4619 1503 4673 Durum
1534 4619 1638 4672 tibi
1659 4627 1740 4672 est
1766 4620 2058 4675 calcitrare

407 4691 601 4741 contra
627 4690 913 4743 stimulum
936 4688 1050 4743 Dei.
1082 4706 1357 4743 MARTIAN.

478 4757 839 4830 'Victorius,
888 4760 1144 4815 Faczendi
1202 4762 1401 4815 multos
1455 4759 1642 4825 libros,
1700 4759 1894 4830 quibus
1944 4780 2053 4817 non

405 4830 483 4882 est
511 4829 660 4897 ﬁnis,
694 4836 801 4883 etc.

475 4899 497 4931 ³
525 4903 805 4955 Consensu
835 4902 1064 4960 probata
1092 4903 1448 4960 sapientium.
1509 4900 1883 4958 Gorbeienses
1931 4920 2049 4960 ma-

405 4971 689 5044 nuscripti
722 4972 802 5025 ita
833 4971 1035 5042 legunt
1066 4990 1079 5038 ;
1113 4971 1213 5026 alii
1274 4988 1406 5025 cum
1460 4971 1650 5039 editis,
1694 4974 1912 5044 prolata
1958 4992 2044 5031 sa-

396 5043 694 5110 pientium.
727 5046 1011 5096 ΜΑΜῚΑΝ.

2165 4619 2439 4692 antiquos
2473 4619 2724 4689 reperire
2754 4624 2860 4692 est.
2897 4621 2955 4675 In
2991 4619 3136 4679 libro
3192 4623 3544 4686 Schabbath,
3606 4619 3801 4691 Quaesi-

2164 4689 2357 4747 verunl
2394 4694 2691 4774 sapientes
2736 4689 3062 4749 abscondere
3104 4696 3308 4751 librum
3362 4689 3639 4761 Koheleth,
3671 4696 3799 4820 quia

2164 4764 2323 4818 verba
2352 4780 2469 4820 eius
2488 4778 2543 4817 se
2573 4776 2807 4815 invicem
2822 4773 3086 4820 evertunt.
3124 4767 3188 4820 Et
3228 4768 3287 4820 in
3348 4765 3634 4820 Midrasch
3736 4782 3794 4820 o-

2161 4764 2327 4835 uerba,
2352 4764 2469 4835 ejus
2488 4764 3086 4835 seinvicemevertunt.
3124 4767 3188 4821 Et
3228 4768 3287 4822 in
3348 4765 3634 4821 Midrasch
3684 4764 3794 4820 Ko-

2160 4833 2384 4903 heleth,
2417 4834 2559 4905 quod
2588 4833 2905 4887 invenirent
2934 4837 3012 4891 ibi
3039 4838 3200 4892 verba
3231 4838 3559 4893 inclinantia
3587 4836 3665 4891 ad
3689 4835 3797 4894 ha?-

2158 4909 2343 4992 resim.
2378 4905 2591 4992 Verum
2626 4920 2750 4992 non‘
2771 4905 2959 4992 euhoe
2992 4925 3098 4963 uno
3152 4910 3390 4992 capitulo
3430 4913 3793 4992 postea-me-

2158 4977 2276 5032 ruit
2299 4978 2453 5047 apud
2487 4994 2585 5032 eos
2623 4977 3050 5047 auctoritatem,
3087 4981 3186 5035 sed
3215 4977 3305 5036 ’ex

2156 5064 2283 5103 VGI‘B
2292 5090 2302 5101 .

3395 4979 3543 5035 rimo
3599 4979 3788 5045 etiam,

2399 5065 2410 5102 :
2448 5049 2610 5116 Quia,
2641 5045 2940 5122 inquiunt,
2975 5045 3044 5106 in
3065 5052 3224 5107 initio
3257 5061 3307 5108 et
3334 5045 3444 5122 [ine
3472 5053 3609 5124 ejus,
3636 5052 3791 5106 verba

474 5113 495 5145 ‘
524 5114 804 5187 Dilatatur
836 5116 894 5168 in
917 5112 1211 5187 sensibus._
1247 5112 1641 5184 Manuscripta
1693 5116 2045 5186 exemplaria
2153 5120 2311 5187 Legis
2342 5112 2648 5177 occurrant.

403 5184 1163 5263 quampluririia,»ililuta_lur
1192 5185 1249 5263 in
1277 5187 1577 5263 sententiis.
1612 5188 1777 5263 Apud
1814 5184 2040 5243 Tértul-

400 5251 623 5309 lianum
652 5255 723 5308 de
753 5254 1028 5309 Oratione
1060 5254 1358 5309 Dominica
1387 5256 1616 5323 dicitur,
1641 5251 1687 5311 si
1719 5259 1860 5313 bene
1918 5278 2038 5314 me-

400 5324 567 5400 mini,
595 5334 859 5400 quanmm
886 5328 1306 5400 _constringitur
1352 5329 1524 5383 verbis
1564 5333 1775 5383 tantum
1831 5331 2037 5400 (ii/fun-

397 5394 477 5449 dit
494 5411 562 5449 ur
582 5394 846 5449 sensibus.
886 5395 1168 5451 MARTIAN.

468 5466 488 5499 ⁵
510 5465 692 5520 Penes
723 5465 1046 5533 Alcuinum,
1078 5471 1285 5525 Bonum
1315 5472 1467 5526 enim
1502 5489 1514 5533 ;
1573 5475 1625 5525 et
1675 5471 1851 5525 omnis
1894 5475 2033 5527 veri-

392 5538 658 5597 tascerlo,
690 5543 796 5591 etc.
876 5596 883 5601 ,

459 5608 481 5640 ⁸
506 5610 684 5684 Super
712 5608 813 5663 hac
833 5626 910 5664 re.
958 5611 1015 5665 In
1048 5612 1220 5670 editis
1240 5618 1296 5670 et
1327 5613 1551 5684 aliquot
1593 5629 1762 5681 mss.,
1832 5614 1942 5669 Hac
1971 5616 2032 5670 in

386 5691 446 5735 re
473 5679 738 5754 studium,
772 5684 881 5739 etc.
903 5685 1188 5742 Manum.

2222 5191 2509 5262 8Legerat
2561 5194 2812 5262 Alcuin.,
2873 5202 2923 5249 el
2977 5194 3275 5266 ancipitem
3332 5195 3552 5250 Domini
3603 5210 3783 5265 exst-

2148 5266 2300 5316 rtare
2319 5268 2529 5318 senilenl
2538 5265 2668 5319 iam.

2219 5335 2240 5366 θ
2270 5335 2451 5389 Antea
2482 5335 2677 5408 minus
2708 5343 2860 5391 recte
2890 5336 3194 5408 obtinebat
3216 5342 3535 5408 contemptu.
3593 5335 3782 5392 Verte-

2147 5409 2285 5481 runt
2317 5411 2510 5481 autem
2547 5407 2815 5478 adjectivi
2859 5410 3045 5464 forma
3086 5407 3246 5474 LXX,
3281 5405 3332 5460 ἐν
3363 5405 3550 5481 nava,
3577 5426 3781 5481 παρεω-

2147 5474 2387 5561 ρειμὲνῳ,
2422 5474 2660 5561 in‘omni
2706 5496 2763 5561 re
2794 5496 2898 5550 que
2951 5481 3323 5561 contemnitur
3349 5499 3367 5535 :
3415 5486 3472 5536 et
3529 5474 3782 5561 Symma:

2144 5545 2497 5624 chus,rnsp_i
2566 5548 2765 5609 παντὸς
2800 5545 3238 5624 ’παρορκθέντος,
3289 5551 3355 5606 de
3434 5545 3589 5607 omni
3648 5548 3781 5622 quod

2138 5619 2315 5688 fuerit
2344 5621 2671 5688 neglectum.

3674 288 3855 358 H72
3942 302 3943 323 ἲ
