3996 6394
202 360 361 425 H73
1071 364 1573 431 TRANSLATIO
1617 365 1889 431 HOMlL.
1936 366 2256 432 ORIGEN.
2300 364 2380 431 IN
2424 362 2732 433 CANTIG.
3451 358 3607 429 1171

197 498 389 556 otioso
427 498 623 571 verbo,
692 501 748 557 et
778 517 892 556 non
955 498 1271 571 voluntate,
1341 502 1440 558 sed
1487 502 1846 575 ignoratione
1877 504 1931 572 Α
1962 504 2069 576 l0).
2104 504 2204 560 Vel
2240 508 2412 575 certe,
2446 504 2585 577 quia
2647 503 2838 561 adhuc
2860 496 3037 562 homo
3062 501 3173 578 est,
3239 493 3300 564 et
3350 500 3604 565 necdum

195 588 445 663 prolato,
480 590 764 645 reddituri
823 589 1012 646 simus
1041 590 1325 647 rationem
1392 591 1450 647 in
1495 592 1587 649 die
1611 592 1844 664 judicii.
1959 610 2171 650 nomen
2208 594 2302 650 Dei
2334 594 2576 666 accepit,
2609 593 2759 651 hanc
2791 594 2969 651 habet
3008 593 3292 651 rationem
3324 594 3603 652 substan-

190 679 414 735 Aliter:
450 678 596 744 Quia
624 680 800 734 timor
864 697 1161 735 servorum
1194 686 1301 751 est,
1369 686 1424 736 ot
1457 683 1705 754 perfecta
1751 682 1844 738 di-
1960 683 2048 739 tia:
2081 700 2219 754 suae,
2255 687 2320 739 ut
2351 683 2408 737 in
2441 700 2680 755 corpore
2705 683 2931 757 positus
2962 683 3144 738 Deum
3208 683 3429 739 timeat.
3457 681 3602 748 Quia

189 766 368 825 lectio
398 767 555 823 foras
583 767 763 822 mittit
827 768 1099 823 timorem
1133 770 1179 840 (l
1239 772 1646 843 Joan.1v,18),
1680 776 1737 827 et
1783 771 1841 827 in
1955 788 2127 828 omne
2154 772 2394 843 factum,
2466 771 2523 827 id
2599 776 2707 840 est,
2749 788 2955 828 omnes
3019 771 3288 828 homines
3352 771 3604 828 adducet

188 857 499 929 Scriptura
564 857 762 913 divina
798 862 918 913 tam
958 858 1368 931 incipientium
1392 861 1430 931 ‘,
1464 862 1616 918 498
1665 879 1844 933 quam
1954 865 2109 917 Deus
2138 861 2195 916 in
2228 861 2516 931 iudicium
2550 878 2728 933 super
2752 861 3213 932 universimque:
3230 859 3400 916 aliter
3423 876 3600 931 quam

185 947 582 1019 perfectorum
609 946 822 1018 duplex
848 947 1175 1019 appellatus
1205 953 1293 1004 est
1322 954 1512 1005 melus
1539 967 1551 1004 :
1587 968 1743 1006 nunc
1775 952 1844 1006 de
1955 951 2027 1007 ab
2058 967 2124 1007 eo
2177 950 2464 1022 disposita
2529 953 2670 1005 sunt
2703 955 2759 1006 et
2787 950 2963 1015 dicta,
3029 952 3360 1016 senserunt,
3392 948 3511 1005 sive
3539 947 3601 1003 in

187 1039 604 1093 consummato
634 1035 693 1091 in
724 1036 1031 1093 virtutibus
1060 1042 1216 1092 metu
1278 1038 1391 1093 dici
1423 1043 1585 1110 puto,
1639 1056 1844 1094 secun-
1954 1040 2105 1095 hanc
2172 1042 2415 1111 partem,
2485 1038 2604 1095 sive
2632 1038 2693 1094 in
2725 1038 2911 1094 illam.
2981 1038 3066 1094 νω
3096 1038 3311 1111 quippe
3380 1037 3467 1093 his
3505 1037 3604 1109 qui

190 1126 337 1183 dum
366 1124 510 1181 illud
536 1142 550 1181 :
581 1126 735 1181 Nihil
765 1125 911 1182 deest
938 1128 1253 1183 timentibus
1282 1145 1410 1183 eum
1441 1130 1609 1196 (Psal.
1641 1146 1843 1196 nxm,
1954 1128 2143 1184 dicunt
2172 1127 2389 1183 malum
2419 1128 2636 1194 bonum,
2668 1134 2718 1183 et
2747 1127 2946 1183 bonum
2998 1125 3218 1182 malum
3246 1127 3370 1199 (Isa.
3403 1143 3455 1197 ν,
3488 1126 3599 1196 20).

269 1307 446 1361 'Tam
506 1308 1024 1379 incipientium,otc.
1093 1308 1296 1363 Errore
1345 1307 1540 1377 inepto
1580 1311 1638 1362 et
1702 1308 1844 1363 insi-
1955 1308 2034 1363 sit
2096 1307 2312 1379 aliquis
2345 1309 2523 1362 timor
2588 1307 2822 1379 divinus
2850 1305 2909 1379 in
2960 1305 3414 1379 insipientibus,
3456 1303 3603 1379 Asive

191 1377 379 1451 pienti
423 1374 678 1449 positum
720 1378 971 1450 legimus
997 1379 1055 1433 in
1092 1379 1313 1433 Erasm.
1349 1385 1405 1433 et
1446 1374 1691 1436 Marian.
1725 1380 1845 1434 edi-
1954 1379 2153 1451 impiis
2185 1374 2547 1449 bominibus,
2582 1395 2730 1450 quos
2796 1374 3141 1450 insipientes
3171 1374 3426 1451 appellat
3448 1374 3601 1432 Scri-

189 1450 373 1519 tione,
426 1453 539 1505 tam
581 1452 1179 1522 iusipientiumquam
1224 1453 1619 1522 per/actorum;
1676 1452 1842 1522 quasi
1956 1450 2131 1523 ptura
2161 1466 2347 1506 sacra.
2383 1451 2669 1506 MARTIAN.

944 1654 3603 1685 ω

893 1865 1015 1961 S.
1104 1862 1784 1964 EUSBBII
1883 1857 2907 1961 EIERONYMI

1332 2113 1897 2176 STRIDONENSIS
1938 2110 2463 2173 PRESBYTERI.

543 2344 1379 2492 INTERPItETATIO
1467 2341 2147 2491 IIOMILIARUM
2245 2338 2686 2489 DUARUM
2775 2334 3269 2485 ORIGENIS

1302 2657 1402 2718 IN
1437 2655 1883 2720 CANTICUM
1917 2652 2492 2727 CANTIC'ORUM,

1569 3016 2235 3145 PBdLOGUS.

1091 3428 1427 3485 499-500
1465 3443 1797 3483 annxssmo
1837 3441 1998 3481 pars:
2036 3437 2263 3479 DAMASO
2303 3434 2697 3476 HIBRONYMUS.

266 3634 548 3704 Origenes,
579 3648 701 3687 cum
726 3632 787 3686 in.
816 3630 1029 3686 caeteris
1060 3628 1220 3682 libris
1250 3642 1433 3681 omnes
1464 3625 1673 3694 vicerit,
1708 3625 1767 3678 in
1794 3621 2018 3677 Cantica
2046 3620 2387 3675 canticorum
2406 3618 2525 3688 ipse
2552 3631 2607 3704 se
2635 3615 2786 3669 vicit.
2821 3615 2966 3704 Nam
3017 3612 3199 3704 decem
3234 3612 3604 3704 voluminibus

188 3701 495 3798 explicitis,
527 3701 646 3794 quae
678 3721 751 3774 ad
784 3720 981 3790 viginti
1001 3733 1167 3787 usque
1196 3732 1449 3770 versuum
1480 3715 1667 3768 millia
1727 3726 1868 3783 pene
1893 3710 2242 3782 perveniunt,
2307 3707 2554 3798 primum
2585 3703 2969 3798 Septuaginta,
3007 3703 3353 3798 Inter-prela,
3401 3701 3603 3797 deinde

188 3791 452 3885 Aquilam
474 3791 945 3880 iet—Symmachum
977 3808 1025 3860 et
1063 3804 1501 3869 Theodotioncm,
1536 3804 1584 3857 et
1613 3802 1686 3856 ad
1713 3808 2018 3855 extremum
2046 3797 2295 3868 quintam
2325 3794 2624 3885 editionem
2646 3809 2811 3863 quam
2841 3795 2897 3847 in
2939 3793 3089 3885 Actio
3119 3791 3302 3885 littore
3328 3791 3604 3885 invenisse

192 3879 257 3958 se
279 3901 495 3967 scribit,
527 3900 611 3955 ita
640 3899 929 3969 magniﬁce
960 3904 1248 3967 aperteque
1273 3894 1550 3960 disseruit,
1583 3895 1643 3949 ut
1671 3890 1799 3945 inde
1825 3887 1967 3943 mihi
1990 3887 2243 3941 videatur
2273 3886 2330 3938 in
2362 3900 2422 3939 eo
2450 3883 2775 3954 completum
2802 3898 2914 3938 esse
2940 3879 3083 3969 quod
3110 3880 3316 3935 dicitur
3341 3894 3355 3933 :
3380 3881 3606 3935 «Intro-

193 3992 360 4047 duxit
388 4007 474 4046 me
504 4006 602 4045 rex
630 3990 689 4043 in
718 3988 1029 4043 cubiculum
1055 4001 1217 4040 suum
1247 3986 1284 4037 ¹.
1322 4006 1348 4032 ››
1380 3985 1566 4053 Itaque
1595 3982 1691 4036 illo
1722 3993 1881 4051 opere
1909 3976 2290 4047 praetermisso,
2322 3973 2452 4043 quia
2471 3972 2708 4041 ingentis
2727 3973 2803 4025 est
2824 3972 2944 4038 otii,
2967 3968 3170 4024 laboris
3183 3969 3237 4021 et
3263 3974 3600 4039 sumptuum,

194 4084 383 4136 tantas
413 4096 517 4150 res,
552 4083 815 4148 tanquam
844 4076 1071 4146 dignum
1101 4075 1161 4127 in
1192 4074 1452 4127 Latinum
1483 4069 1789 4141 transferre
1817 4081 2137 4132 sermonem,
2168 4064 2262 4117 hos
2289 4061 2422 4116 duos
2449 4063 2731 4150 tractatus,
2776 4076 2906 4131 quos
2955 4061 3016 4113 in
3061 4072 3266 4113 morem
3294 4055 3606 4150 quotidiani

190 4170 402 4243 eloquii
426 4144 673 4240 parvulis
738 4144 918 4221 adhuc
949 4163 1273 4218 lactentibus
1330 4161 1649 4231 composuit,
1680 4157 1915 4229 ﬁdeliter
1968 4152 2145 4221 magis
2168 4167 2334 4243 quam
2361 4157 2558 4243 ornate
2580 4237 2592 4243 _
2616 4148 3005 4218 interpretatus
3033 4163 3180 4212 sum,
3245 4150 3473 4243 gustum
3502 4144 3605 4199 tibi

190 4235 459 4315 sensuum
486 4257 625 4328 ejus,
659 4272 767 4311 non
797 4254 975 4309 cibum
1002 4254 1249 4324 offerens.
1286 4252 1357 4306 Tu
1374 4248 1782 4305 animadvertas
1807 4246 2000 4317 quanti
2026 4245 2141 4298 sint
2169 4240 2269 4295 illa
2299 4237 2630 4295 aestimanda
2657 4250 2783 4309 qua:
2810 4252 3016 4306 magna
3042 4244 3190 4306 sunt,
3221 4251 3348 4291 cum
3374 4235 3456 4290 sic
3479 4249 3605 4306 pos-

190 4349 303 4404 sint
322 4348 547 4421 placere
576 4360 702 4418 qute
725 4360 897 4415 parva
925 4350 1074 4398 sunt.

265 4517 282 4551 ³
313 4515 485 4583 Cant,
518 4533 557 4587 ι,
591 4520 647 4572 3.
