3996 6388
414 329 583 399 aiis-

1666 341 1730 408 Β.
1779 344 2086 412 EUSEBIl
2131 342 2571 410 HlERONYMl
2585 389 2600 408 .

3655 346 3827 412 11⁸16

408 525 3820 563 ______________________________

1551 737 2647 900 ORIGENIS

970 1063 1125 1187 IN
1223 1062 2062 1195 CANTICUM
2158 1062 3236 1197 CANTICOBUM

1396 1340 2064 1437 HOMILIA
2168 1341 2641 1438 PRIMA
2692 1343 2812 1405 “'3‘

467 1786 609 1847 501
632 1788 931 1855 Quomodo
949 1788 1263 1848 didicimus
1277 1807 1380 1864 per
1392 1791 1591 1849 Mosen
1608 1791 1875 1864 quaedam
1888 1804 2049 1847 essse
2076 1785 2133 1854 Α
2160 1789 2422 1860 fortitudo
2449 1807 2591 1857 mea,
2621 1800 2675 1848 et
2696 1792 2975 1865 refugium
2993 1806 3193 1865 meum,
3214 1797 3266 1847 et
3284 1790 3544 1847 liberator
3559 1805 3718 1846 meus
3736 1792 3805 1846 δι.

394 1893 509 1933 non
542 1877 731 1934 solum
756 1883 977 1949 sancta,
1011 1881 1111 1936 sed
1143 1886 1199 1936 et
1219 1881 1433 1937 Sancta
1463 1886 1819 1948 sanctorum,
1844 1884 1901 1937 et
1925 1878 2039 1936 alia

394 1981 513 2022 non
536 1970 765 2022 tantum
780 1968 1052 2037 Sabbata,
1073 1970 1173 2025 sed
1191 1974 1247 2025 et
1260 1970 1514 2025 Sabbata
1526 1970 1903 2025 sabbatorum
1924 1967 2038 2036 ;sic

393 2071 549 2111 nunc
582 2057 863 2113 docemur
925 2057 1215 2114 scribente
1271 2058 1580 2115 Salomone
1610 2075 1740 2115 esse
1772 2059 2038 2132 quaedam

394 2161 511 2201 non
550 2144 741 2202 solum
801 2146 1045 2218 cantica,
1106 2148 1204 2202 sed
1263 2152 1319 2204 et
1358 2149 1596 2204 Cantica
1650 2149 2035 2204 canticorum.

392 2233 604 2290 Beatus
634 2235 872 2306 quidem
895 2235 946 2291 is
975 2236 1073 2308 qui
1094 2236 1425 2308 ingreditur
1451 2242 1669 2305 sancta,
1694 2238 1793 2293 sed
1821 2237 2041 2292 beatior

391 2322 493 2394 qui
524 2323 852 2395 ingreditur
880 2325 1093 2381 Sancta
1121 2332 1477 2382 sanctorum.
1516 2327 1724 2383 Beatus
1773 2327 1874 2397 qui
1906 2326 2041 2381 sab-

391 2412 530 2468 bata
558 2412 905 2481 sabbatizat,
938 2415 1038 2469 sed
1071 2414 1292 2471 beatior
1321 2417 1421 2487 qui
1464 2415 1787 2471 sabbatizat
1828 2414 2039 2470 sabba-

389 2504 589 2557 torum
621 2502 896 2559 Sahbata.
932 2504 1142 2559 Beatus
1172 2504 1445 2561 similiter
1481 2510 1538 2563 et
1565 2504 1615 2560 is
1639 2504 1737 2576 qui
1771 2501 2043 2574 intelligit

391 2590 621 2646 cantica
679 2596 736 2646 et
766 2591 923 2646 canit
951 2609 1056 2648 ea:
1093 2610 1263 2648 nemo
1295 2595 1513 2666 quippe
1544 2593 1657 2649 nisi
1688 2594 1745 2648 in
1771 2591 2043 2649 solemni-

392 2678 615 2735 tatibus
683 2680 875 2735 canit:
947 2682 1047 2737 sed
1118 2681 1305 2738 multo
1355 2682 1577 2738 beatior
1616 2681 1715 2737 ille
1755 2682 1854 2753 qui
1887 2679 2043 2735 canit

394 2767 633 2822 Cantica
662 2768 1043 2824 canticorum.
1078 2770 1147 2824 Et
1176 2770 1327 2826 sicut
1366 2772 1417 2827 is
1448 2772 1547 2843 qui
1617 2770 1943 2842 ingreditur
1980 2767 2040 2822 in

394 2855 628 2922 Sancta,
664 2855 932 2928 pluribus
965 2857 1156 2914 adhuc
1186 2858 1428 2933 indiget,
1494 2864 1558 2916 ut
1587 2858 1774 2915 valeat
1804 2857 2043 2912 introire

396 2944 458 2999 in
488 2944 697 3000 Sancta
762 2946 1101 3002 Sanctorum
1131 2966 1143 3016 ;
1177 2954 1235 3003 et
1266 2949 1363 3020 qui
1426 2950 1746 3005 Sabbatum
1791 2946 2043 3003 celebrat

398 3033 551 3104 quod
580 3050 613 3089 a
644 3036 887 3091 Domino
922 3036 1134 3108 populo
1164 3038 1547 3093 constitutum
1578 3042 1685 3102 est,
1728 3035 1914 3091 multa
1938 3034 2039 3089 ad-

2146 1878 2606 1936 Perveniendum
2638 1863 2867 1937 tibi'est
2896 1880 2967 1937 ad
2988 1863 3221 1945 Isaiam,
3242 1886 3301 1936 ut
3320 1895 3452 1935 cum
3476 1877 3575 1934 illo
3601 1878 3800 1935 dicas:

2150 1966 2388 2025 Cantabo
2410 1972 2685 2026 canticum
2713 1971 2918 2027 dilecto
2949 1971 3025 2042 (li)
3056 1971 3234 2026 vineae
3261 1983 3400 2026 mea?
3460 1968 3525 2024 θ’.
3566 1968 3634 2023 Et
3661 1983 3801 2024 cum

2146 2058 2419 2114 universa
2446 2060 2773 2129 transieris,
2805 2060 2874 2115 ad
2919 2058 3127 2114 altiora
3147 2057 3493 2124 conscende,
3517 2060 3583 2111 ut
3604 2057 3803 2128 possis

2147 2146 2347 2202 anima
2366 2148 2575 2204 decora
2594 2165 2728 2203 cum
2752 2165 2991 2219 sponso,
3011 2153 3070 2204 et
3091 2148 3199 2203 hoc
3261 2162 3466 2202 canere
3482 2145 3801 2201 Canticum

2148 2236 2533 2292 canticorum.
2567 2238 2678 2293 Sed
2712 2242 2855 2309 quot
2885 2253 2955 2292 ex
2977 2236 3243 2308 personis
3267 2239 3510 2300 constet,
3531 2232 3802 2290 incertus

2149 2341 2304 2380 sum.
2335 2325 2652 2382 Orantibus
2682 2330 2878 2381 autem
2909 2325 3095 2389 vobis,
3125 2330 3183 2381 et
3212 2322 3499 2380 revelante
3518 2322 3792 2391 Domino,

2150 2417 2403 2484 quatuor
2433 2414 2576 2469 mihi
2607 2414 2667 2470 in
2699 2414 2792 2470 his
2822 2414 3019 2470 videor
3046 2413 3338 2468 invenisse
3378 2427 3679 2483 personas,
3714 2413 3800 2466 vi-

2150 2517 2279 2556 rum
2311 2508 2367 2558 et
2396 2520 2697 2575 sponsam,
2729 2519 2863 2558 cum
2896 2518 3113 2574 sponsa
3141 2499 3621 2569 adolescentulos,
3652 2515 3795 2555 cum

2149 2606 2366 2661 sponso
2397 2590 2688 2647 sodalium
2718 2607 2942 2664 greges.
2992 2589 3122 2645 Alia
3166 2589 3442 2645 dicuntur
3483 2606 3518 2644 a
3555 2604 3803 2660 sponsa,

2152 2678 2268 2735 alia
2324 2698 2359 2736 a
2396 2697 2636 2752 sponso,
2668 2679 2953 2736 nonnulla
2983 2696 3016 2735 a
3046 2678 3399 2750 juvenculis,
3431 2678 3699 2751 quadam
3765 2694 3805 2734 a

2132 2761 2451 2825 'sodalibus
2518 2770 2740 2840 sponsi.
2809 2769 3144 2842 Congruum
3204 2767 3419 2840 quippe
3475 2770 3566 2822 est
3630 2766 3792 2822 utin

2150 2857 2371 2929 nuptiis
2393 2858 2960 2914 adolescentularum
2972 2857 3048 2913 sit
3061 2856 3375 2912 multitudo
3395 2871 3527 2912 cum
3546 2870 3789 2927 sponsa,

2142 2947 2427 3017 juvenum
2459 2948 2630 3002 turba
2663 2964 2795 3003 cum
2855 2962 3091 3019 sponso,
3124 2945 3243 3001 haec
3272 2943 3470 3000 omnia
3499 2942 3615 2999 noli
3646 2942 3791 3001 foris

2149 3051 2426 3107 quaerere,
2460 3035 2577 3091 noli
2606 3041 2767 3091 extra
2803 3053 2902 3092 eos
2932 3035 3030 3107 qui
3062 3033 3469 3106 pradicatione
3494 3031 3792 3105 Evangelii

397 3120 513 3177 huc
544 3124 874 3179 necessaria
929 3124 1124 3194 habet,
1195 3131 1259 3181 ut
1288 3130 1424 3198 agat
1485 3126 1739 3181 Sabbata
1768 3125 2037 3179 sabbato-
2071 3150 2120 3216 Β
2150 3123 2353 3180 salvati
2373 3130 2531 3181 sunt.
2560 3125 2858 3181 Christum
2882 3140 3165 3196 sponsum
3180 3119 3792 3196 intellige,Ecclesiam

398 3228 573 3281 rum;
619 3212 821 3268 eodem
856 3214 1027 3269 modo
1092 3214 1330 3270 difﬁcile
1363 3214 1648 3286 reperitur
1711 3213 1811 3285 qui
1840 3213 2045 3268 omnia.
2071 3210 2113 3216 ⁷
2149 3232 2428 3287 sponsam
2458 3214 2584 3270 sine
2642 3213 2873 3269 macula
2901 3218 2957 3268 et
3024 3228 3187 3284 ruga,
3221 3211 3293 3266 de
3356 3227 3472 3282 qua
3500 3210 3790 3283 scriptum

381 3316 508 3370 qua
548 3299 607 3355 in
649 3301 966 3373 Scripturis
996 3303 1372 3359 continentur
1436 3303 1661 3359 cantica
1692 3318 2032 3375 peragrans,

377 3387 569 3444 valeat
607 3391 918 3446 ascendere
958 3392 1027 3446 ad
1107 3392 1341 3447 Cantica
1378 3392 1761 3448 canticorum.
1823 3391 2027 3463 Egredi

376 3480 605 3548 oportet
633 3494 700 3532 ex
729 3478 991 3551 .Egypto,
1060 3484 1115 3534 et
1145 3497 1446 3553 egressum
1482 3482 1553 3537 de
1619 3486 1773 3536 terra
1799 3480 2025 3552 {Egypti

375 3565 728 3637 pertransire
761 3584 923 3623 mare
954 3569 1237 3639 Rubrum,
1274 3574 1339 3624 ut
1377 3570 1566 3642 possis
1606 3569 1863 3641 primum
1887 3586 2026 3624 can-

372 3653 555 3710 ticum
588 3672 814 3727 canere,
847 3657 1088 3712 dicens:
1126 3658 1415 3714 Cantemus
1478 3660 1726 3723 Domino,
1793 3659 2028 3727 gloriose

369 3744 520 3800 enim
548 3746 942 3815 magniﬁcatus
971 3752 1049 3803 est
1068 3750 1082 3782 ¹
1098 3749 1180 3802 ο³⁸.
1208 3749 1363 3805 Licet
1379 3753 1575 3805 autem
1594 3748 1851 3819 primum
1872 3746 2025 3802 dixe-

369 3831 452 3889 ris
484 3834 805 3901 canticum,
841 3836 1034 3892 adhuc
1103 3835 1275 3909 longe
1318 3855 1381 3894 es
1410 3855 1445 3893 a
1508 3836 1744 3892 Cantico
1775 3835 2021 3892 cantico-

369 3937 526 3977 rum.
568 3922 917 3980 Perambula
947 3929 1160 3981 terram
1193 3927 1406 3983 deserti
1448 3924 1806 3997 spiritaliter,
1839 3926 2020 3981 donec

366 4010 568 4067 venias
597 4012 670 4067 ad
703 4016 944 4084 puteum
977 4030 1148 4085 quem
1181 4015 1453 4071 foderunt
1483 4030 1666 4087 reges,
1711 4019 1773 4070 ut
1820 4014 1897 4069 ibi
1927 4030 2017 4070 se-

369 4098 631 4153 cundum
673 4100 963 4156 canticum
995 4120 1193 4159 canas.
1229 4103 1483 4159 Posthrec
1549 4102 1675 4160 veni
1718 4103 1788 4159 ad
1828 4102 2018 4158 vicina

370 4190 605 4258 sanctae,
639 4192 802 4243 terrae
833 4194 898 4245 ut
926 4208 1103 4265 super
1132 4192 1405 4248 Jordanis
1437 4192 1625 4264 ripam
1659 4192 2016 4249 constitutus

370 4278 570 4331 cantes
609 4278 897 4334 canticum
942 4279 1107 4350 Mosi,
1152 4280 1391 4337 dicens:
1433 4281 1673 4347 Attende,
1705 4280 1929 4347 cretum,
1963 4286 2015 4335 et

367 4363 582 4436 loquar,
615 4373 666 4420 et
724 4367 914 4423 audiat
945 4377 1092 4423 terra
1155 4369 1317 4425 verba
1343 4371 1455 4426 oris
1507 4373 1617 4425 mei
1644 4370 1705 4423 3°.
1758 4373 2011 4424 Rursum

2144 3310 2269 3361 est:
2306 3306 2368 3361 Ut
2396 3304 2672 3361 exhiberet
2699 3303 3145 3372 sibigloriosam
3190 3301 3489 3357 Ecclesium
3531 3315 3641 3356 non
3684 3300 3788 3356 ha-

2142 3394 2352 3450 bentem
2380 3394 2658 3453 maculam
2716 3407 2892 3464 neque
2936 3405 3130 3461 rugam
3178 3393 3276 3446 aut
3346 3389 3561 3460 aliquid
3588 3404 3782 3444 eorum

2137 3483 2229 3539 sed
2257 3491 2318 3538 ut
2381 3484 2661 3538 sitsancta
2687 3489 2742 3537 et
2807 3479 3162 3536 immaculata
3188 3479 3253 3534 ιδ.
3322 3481 3432 3533 Eos
3478 3492 3611 3532 vero
3677 3476 3783 3548 qui

2136 3588 2271 3628 cum
2303 3571 2422 3627 sint
2450 3570 2671 3633 ﬁdeles,
2705 3585 2817 3624 non
2842 3572 2981 3624 sunt
3003 3570 3197 3625 tamen
3222 3564 3552 3621 istiusmodi
3575 3564 3785 3637 quales

2136 3676 2329 3717 sermo
2360 3661 2634 3733 praefatus
2666 3663 2776 3725 est,
2823 3658 2923 3713 sed
2960 3657 3131 3727 juxta
3178 3654 3418 3711 modum
3459 3654 3779 3727 quemdam

2132 3748 2327 3821 adepti
2358 3749 2627 3804 videntur
2651 3746 2922 3811 salutem,
2953 3743 3349 3800 animadverte
3404 3742 3775 3799 credentium

2129 3838 2359 3895 animas
2389 3842 2447 3894 et
2476 3834 2938 3893 adolescentulas
2965 3849 3092 3891 esse
3105 3849 3241 3889 cum
3262 3848 3497 3904 sponsa.
3519 3829 3778 3904 Angelos

2127 3944 2284 3995 vero,
2315 3931 2373 3983 et
2409 3942 2509 3982 eos
2545 3924 2643 3998 qui
2686 3926 3071 3996 pervenerunt
3110 3921 3168 3975 in
3198 3920 3389 3976 virum
3428 3919 3775 3993 perfectum,

2126 4016 2387 4089 intellige
2414 4014 2567 4070 viros
2596 4030 2730 4070 cum
2763 4028 2999 4085 sponso.
3026 4010 3167 4066 Inde
3187 4009 3369 4083 igitur
3395 4007 3536 4065 mihi
3582 4008 3783 4065 viden-
3812 4004 3817 4007 ’

2124 4108 2223 4161 tur
2247 4108 2499 4177 quatuor
2527 4102 2782 4166 ordines,
2817 4115 3000 4157 unum
3030 4103 3089 4155 et
3121 4115 3317 4169 unam,
3369 4098 3514 4153 duos
3562 4097 3777 4153 choros

2124 4194 2276 4249 inter
2303 4208 2365 4250 se
2395 4190 2791 4256 concinentes,
2821 4203 3099 4260 sponsam
3148 4200 3355 4241 canere
3379 4201 3511 4240 cum
3557 4184 3762 4255 juven-

2122 4282 2294 4350 culis,
2325 4295 2612 4354 sponsum
2638 4292 2845 4333 canere
2874 4293 3010 4331 cum
3042 4274 3236 4331 sociis.
3271 4274 3339 4330 Et
3368 4289 3500 4329 cum
3534 4274 3641 4331 hoc
3670 4272 3774 4339 in.
3806 4340 3809 4341 ν

2121 4369 2433 4433 tellexeris,
2469 4366 2605 4424 audi
2635 4365 2938 4423 Canticum
2971 4363 3353 4429 canticorum,
3377 4367 3434 4417 et
3453 4361 3661 4416 festina
3676 4360 3767 4416 in-

367 4452 547 4510 habes
579 4458 972 4512 necessarium
1004 4461 1067 4512 ut
1098 4456 1335 4526 milites,
1364 4462 1420 4514 et
1484 4464 1701 4513 terram
1748 4465 2012 4512 sanctam
2047 4507 2088 4530 η
2124 4457 2384 4530 telligere
2413 4456 2557 4512 illud
2590 4460 2649 4511 et
2677 4470 2810 4509 cum
2844 4468 3062 4525 sponsa
3091 4451 3279 4507 dicere
3309 4466 3378 4506 ea
3398 4466 3523 4522 quae
3548 4465 3768 4522 sponsa

365 4507 1066 4615 naigaiggaggggazag,‘
1089 4507 1419 4617 anatis;
1441 4507 2016 4618 ριῖεέῌιῖέῖριξζῖᾼῇἷὲ
2045 4507 2088 4575 C
2126 4507 2384 4613 eam
2412 4507 2776 4615 gnam.
2841 4507 3063 4597 ita...
3089 4544 3147 4595 et
3210 4507 3445 4611 εροηεὲ.
3478 4537 3539 4594 Si
3566 4507 3765 4594 εἷυιεω

363 4633 419 4685 te
440 4630 701 4701 judicet:
737 4633 1003 4688 Debbora
1034 4634 1248 4706 quippe
1276 4634 1405 4705 apis
1456 4634 1906 4705 interpretatur:
1953 4637 2016 4687 ut

362 4719 555 4789 possis
585 4725 641 4775 et
668 4720 812 4776 illud
840 4738 1095 4788 carnem,
1133 4723 1288 4793 quod
1312 4724 1369 4777 in
1394 4721 1538 4777 libro
1558 4721 1831 4777 Judicum
1874 4739 2011 4777 con-

360 4807 582 4863 tinetur
602 4810 666 4876 ιθ,
699 4808 942 4866 edicere.
974 4812 1061 4866 Ad
1089 4811 1421 4883 Regnorum
1445 4810 1719 4882 deinceps
1740 4809 2008 4866 volumen

361 4898 688 4952 ascendens
712 4898 841 4954 veni
875 4900 946 4955 ad
977 4899 1270 4955 canticum
1296 4899 1530 4970 quando
1560 4898 1739 4955 David
1763 4899 1908 4973 fugit
1937 4901 2008 4956 de

360 4982 635 5040 manibus
660 4984 924 5040 omnium
958 4985 1330 5040 inim‘icorum
1362 5002 1602 5042 suorum
1634 4995 1689 5043 et
1716 4989 1787 5044 de
1828 5006 2005 5047 manu

365 5070 522 5142 Saul,
592 5076 651 5127 et
709 5072 892 5129 dixit:
960 5074 1224 5130 Dominus
1251 5074 1659 5143 ﬁrmamentum
1722 5095 1922 5147 meum,
1954 5084 2007 5135 et

2125 4652 2239 4691 non
2272 4633 2529 4704 potueris
2558 4632 2748 4688 dicere
2773 4646 2907 4686 cum
2941 4645 3158 4702 sponsa
3185 4645 3316 4700 qum
3338 4627 3503 4698 dixit,
3534 4630 3635 4683 aut
3660 4643 3768 4682 au-

2121 4724 2249 4780 dias
2278 4740 2347 4779 ea
2376 4739 2503 4794 quae
2564 4721 2721 4777 dicta
2749 4722 2889 4773 sunt
2952 4734 3199 4789 sponsas,
3234 4716 3445 4772 festina
3505 4716 3590 4771 vel
3629 4731 3767 4772 cum

2119 4811 2319 4885 ponsi
2349 4809 2650 4866 sodalibus
2681 4807 2825 4864 fieri.
2859 4807 3034 4862 Porro
3065 4804 3115 4863 si
3144 4809 3200 4861 et
3227 4804 3345 4861 illis
3402 4802 3639 4860 inferior
3676 4819 3769 4875 es,

2117 4906 2242 4957 esto
2273 4916 2407 4956 cum
2439 4895 2912 4962 adolescentulis,
2981 4911 3107 4966 qua:
3138 4894 3196 4948 in
3262 4909 3491 4965 sponsae
3536 4891 3761 4950 deliciis

2115 4991 2575 5047 commorantur.
2611 4989 2705 5040 Hie
2738 4985 2955 5056 quippe
2984 4982 3045 5037 in
3076 4982 3183 5039 hoc
3213 4981 3381 5049 libro,
3428 4980 3623 5037 fabula
3650 4998 3755 5053 pa-

2116 5079 2273 5149 riter,
2307 5081 2364 5133 et
2391 5073 2773 5148 epithalamio
2800 5077 2940 5128 sunt
2978 5087 3235 5144 personas
3259 5086 3272 5126 :
3305 5087 3375 5126 ex
3402 5086 3516 5142 quo
3537 5075 3594 5126 et
3618 5086 3767 5142 gen-

374 5220 448 5259 -³⁸
514 5222 688 5278 Exod.
755 5241 848 5291 xv,
922 5223 1046 5278 l.”
1110 5224 1275 5279 Deut.
1344 5243 1516 5297 χχιιι,
1552 5229 1895 5287 1.⁴⁰.Ιυ(1ἰ().
1928 5249 1982 5286 ν.

2137 5230 2183 5287 [Ι
2219 5230 2356 5300 Reg.
2421 5244 2561 5294 χχιι,
2593 5225 2646 5280 2.
2711 5226 2755 5258 ⁴²
2789 5225 2898 5279 lea.
2966 5238 3019 5288 v,
3051 5227 3103 5278 1.
3172 5221 3217 5255 ⁸³
3248 5219 3456 5292 Ephes.
3498 5238 3552 5287 v,
3584 5222 3677 5276 27.

430 5428 562 5499 (1-3)
594 5426 826 5482 Collatia
857 5432 994 5499 sunt
1024 5427 1110 5483 hae
1143 5427 1396 5485 homiliee
1428 5448 1563 5488 cum
1595 5451 1737 5490 mss.
1774 5437 1798 5490 1
1835 5435 2011 5490 abba-

360 5500 453 5555 tiaa
484 5498 551 5554 S.
578 5498 727 5554 Petri
761 5498 830 5553 de
863 5498 1184 5555 Selincurte
1211 5501 1434 5558 ordinis
1465 5504 2012 5561 Praasmonstraten-

359 5571 464 5647 sis,
502 5572 526 5626 1
569 5569 825 5647 ecclesia:
855 5570 1202 5647 cathedralis
1234 5573 1657 5647 Laudunensis,
1694 5578 1714 5632 1
1772 5577 2011 5647 Majoris

360 5640 719 5709 Monasterii,
757 5641 780 5695 4
821 5644 1155 5699 monasterii
1188 5645 1515 5701 Beccensis.

2195 5434 2269 5504 (4)
2303 5433 2396 5488 Sic
2426 5430 2602 5504 habet
2632 5391 2812 5504 coclea
2842 5425 3333 5504 Selincurtianus.
3364 5424 3767 5504 Laudunensis

2122 5495 2356 5560 vero'de
2419 5500 2798 5568 Turonensis,
2833 5498 3109 5553 dilectum.
3178 5496 3335 5552 Libri
3366 5501 3536 5553 antea
3595 5495 3761 5564 editi,

2120 5575 2361 5632 dilectw°
