  <div class='ocr_page' id='page_1' title='image "/cluster/home/n/w/nwhite01/storage/ocr_20150623/23/umn.31951d034773078/598.png"; bbox 0 0 3996 6418; ppageno 0'>
   <div class='ocr_carea' id='block_1_1' title="bbox 188 383 350 452">
    <p class='ocr_par' dir='ltr' id='par_1_1' title="bbox 188 383 350 452">
     <span class='ocr_line' id='line_1_1' title="bbox 188 383 350 452; baseline 0.012 -2"><span class='ocrx_word' id='word_1_1' title='bbox 188 383 350 452; x_wconf 71' lang='grc' dir='ltr'><strong>ηπ</strong></span> 
     </span>
    </p>
   </div>
   <div class='ocr_carea' id='block_1_2' title="bbox 1071 380 2715 452">
    <p class='ocr_par' dir='ltr' id='par_1_2' title="bbox 1071 380 2715 452">
     <span class='ocr_line' id='line_1_2' title="bbox 1071 380 2715 452; baseline -0.001 0"><span class='ocrx_word' id='word_1_2' title='bbox 1071 380 1574 452; x_wconf 72' lang='lat' dir='ltr'><strong>TRANSLATIO</strong></span> <span class='ocrx_word' id='word_1_3' title='bbox 1616 383 1889 451; x_wconf 80' lang='lat' dir='ltr'><strong>HOMIL.</strong></span> <span class='ocrx_word' id='word_1_4' title='bbox 1923 382 2241 450; x_wconf 66' lang='lat' dir='ltr'><strong>GRIGEN.</strong></span> <span class='ocrx_word' id='word_1_5' title='bbox 2286 380 2365 451; x_wconf 82' lang='lat' dir='ltr'><strong>IN</strong></span> <span class='ocrx_word' id='word_1_6' title='bbox 2408 383 2715 452; x_wconf 82' lang='lat' dir='ltr'><strong>GANTlC.</strong></span> 
     </span>
    </p>
   </div>
   <div class='ocr_carea' id='block_1_3' title="bbox 3436 376 3597 451">
    <p class='ocr_par' dir='ltr' id='par_1_3' title="bbox 3436 376 3597 451">
     <span class='ocr_line' id='line_1_3' title="bbox 3436 376 3597 451; baseline 0 0"><span class='ocrx_word' id='word_1_7' title='bbox 3436 376 3597 451; x_wconf 75' lang='lat' dir='ltr'><strong>H78</strong></span> 
     </span>
    </p>
   </div>
   <div class='ocr_carea' id='block_1_4' title="bbox 189 517 3593 600">
    <p class='ocr_par' dir='ltr' id='par_1_4' title="bbox 189 517 3593 600">
     <span class='ocr_line' id='line_1_4' title="bbox 189 517 3593 600; baseline -0 -21"><span class='ocrx_word' id='word_1_8' title='bbox 189 520 325 600; x_wconf 84' lang='lat' dir='ltr'><strong>tiles</strong></span> <span class='ocrx_word' id='word_1_9' title='bbox 356 519 466 579; x_wconf 81' lang='lat' dir='ltr'><strong>sibi</strong></span> <span class='ocrx_word' id='word_1_10' title='bbox 481 518 926 597; x_wconf 88' lang='lat' dir='ltr'><strong>epithalamium</strong></span> <span class='ocrx_word' id='word_1_11' title='bbox 946 520 1395 589; x_wconf 72' lang='lat' dir='ltr'><strong>vindicarunt,et</strong></span> <span class='ocrx_word' id='word_1_12' title='bbox 1419 521 1590 579; x_wconf 85' lang='lat' dir='ltr'><strong>istius</strong></span> <span class='ocrx_word' id='word_1_13' title='bbox 1611 519 1840 596; x_wconf 78' lang='lat' dir='ltr'><strong>generis</strong></span> <span class='ocrx_word' id='word_1_14' title='bbox 1870 518 1922 590; x_wconf 83' lang='grc' dir='ltr'><strong>Α</strong></span> <span class='ocrx_word' id='word_1_15' title='bbox 1953 519 2124 577; x_wconf 91' lang='lat' dir='ltr'><strong>modo</strong></span> <span class='ocrx_word' id='word_1_16' title='bbox 2155 523 2245 578; x_wconf 85' lang='lat' dir='ltr'><strong>est</strong></span> <span class='ocrx_word' id='word_1_17' title='bbox 2274 520 2513 595; x_wconf 87' lang='lat' dir='ltr'><strong>quidam</strong></span> <span class='ocrx_word' id='word_1_18' title='bbox 2543 518 2794 579; x_wconf 82' lang='lat' dir='ltr'><strong>carnalis</strong></span> <span class='ocrx_word' id='word_1_19' title='bbox 2825 518 3012 594; x_wconf 90' lang='lat' dir='ltr'><strong>cibus,</strong></span> <span class='ocrx_word' id='word_1_20' title='bbox 3042 519 3099 577; x_wconf 90' lang='lat' dir='ltr'><strong>et</strong></span> <span class='ocrx_word' id='word_1_21' title='bbox 3128 517 3279 579; x_wconf 81' lang='lat' dir='ltr'><strong>alius</strong></span> <span class='ocrx_word' id='word_1_22' title='bbox 3311 519 3593 594; x_wconf 82' lang='lat' dir='ltr'><strong>spiritalia</strong></span> 
     </span>
    </p>
   </div>
   <div class='ocr_carea' id='block_1_5' title="bbox 191 610 1837 685">
    <p class='ocr_par' dir='ltr' id='par_1_5' title="bbox 191 610 1837 685">
     <span class='ocr_line' id='line_1_5' title="bbox 191 610 1837 685; baseline -0.002 -15"><span class='ocrx_word' id='word_1_23' title='bbox 191 627 431 670; x_wconf 80' lang='lat' dir='ltr'><strong>carmen</strong></span> <span class='ocrx_word' id='word_1_24' title='bbox 463 616 838 685; x_wconf 77' lang='lat' dir='ltr'><strong>assumptum</strong></span> <span class='ocrx_word' id='word_1_25' title='bbox 865 615 954 669; x_wconf 90' lang='lat' dir='ltr'><strong>est</strong></span> <span class='ocrx_word' id='word_1_26' title='bbox 969 610 1529 685; x_wconf 85' lang='lat' dir='ltr'><strong>(5).Epithatamium</strong></span> <span class='ocrx_word' id='word_1_27' title='bbox 1548 611 1837 684; x_wconf 84' lang='lat' dir='ltr'><strong>siquidem</strong></span> 
     </span>
    </p>
   </div>
   <div class='ocr_carea' id='block_1_6' title="bbox 189 700 1841 773">
    <p class='ocr_par' dir='ltr' id='par_1_6' title="bbox 189 700 1841 773">
     <span class='ocr_line' id='line_1_6' title="bbox 189 700 1841 773; baseline -0.001 -15"><span class='ocrx_word' id='word_1_28' title='bbox 189 700 500 758; x_wconf 76' lang='lat' dir='ltr'><strong>Canticum</strong></span> <span class='ocrx_word' id='word_1_29' title='bbox 556 702 941 758; x_wconf 79' lang='lat' dir='ltr'><strong>canticorum.</strong></span> <span class='ocrx_word' id='word_1_30' title='bbox 989 701 1252 757; x_wconf 86' lang='lat' dir='ltr'><strong>Primum</strong></span> <span class='ocrx_word' id='word_1_31' title='bbox 1320 718 1538 773; x_wconf 88' lang='lat' dir='ltr'><strong>sponsa</strong></span> <span class='ocrx_word' id='word_1_32' title='bbox 1588 704 1732 769; x_wconf 89' lang='lat' dir='ltr'><strong>orat,</strong></span> <span class='ocrx_word' id='word_1_33' title='bbox 1784 705 1841 756; x_wconf 90' lang='lat' dir='ltr'><strong>et</strong></span> 
     </span>
    </p>
   </div>
   <div class='ocr_carea' id='block_1_7' title="bbox 189 789 1836 863">
    <p class='ocr_par' dir='ltr' id='par_1_7' title="bbox 189 789 1836 863">
     <span class='ocr_line' id='line_1_7' title="bbox 189 789 1836 863; baseline -0.002 -15"><span class='ocrx_word' id='word_1_34' title='bbox 189 790 396 848; x_wconf 78' lang='lat' dir='ltr'><strong>statim</strong></span> <span class='ocrx_word' id='word_1_35' title='bbox 426 789 487 846; x_wconf 91' lang='lat' dir='ltr'><strong>in</strong></span> <span class='ocrx_word' id='word_1_36' title='bbox 522 791 734 847; x_wconf 90' lang='lat' dir='ltr'><strong>mediis</strong></span> <span class='ocrx_word' id='word_1_37' title='bbox 752 790 1024 863; x_wconf 82' lang='lat' dir='ltr'><strong>precibus</strong></span> <span class='ocrx_word' id='word_1_38' title='bbox 1046 790 1477 846; x_wconf 90' lang='lat' dir='ltr'><strong>auditur.Videt</strong></span> <span class='ocrx_word' id='word_1_39' title='bbox 1497 795 1836 863; x_wconf 71' lang='lat' dir='ltr'><strong>praesentem</strong></span> 
     </span>
    </p>
   </div>
   <div class='ocr_carea' id='block_1_8' title="bbox 190 876 1837 953">
    <p class='ocr_par' dir='ltr' id='par_1_8' title="bbox 190 876 1837 953">
     <span class='ocr_line' id='line_1_8' title="bbox 190 876 1837 953; baseline -0.002 -17"><span class='ocrx_word' id='word_1_40' title='bbox 190 878 669 953; x_wconf 82' lang='lat' dir='ltr'><strong>aponsum,videt</strong></span> <span class='ocrx_word' id='word_1_41' title='bbox 699 876 1172 934; x_wconf 78' lang='lat' dir='ltr'><strong>adolescentulus</strong></span> <span class='ocrx_word' id='word_1_42' title='bbox 1201 894 1307 935; x_wconf 91' lang='lat' dir='ltr'><strong>suo</strong></span> <span class='ocrx_word' id='word_1_43' title='bbox 1331 878 1628 934; x_wconf 84' lang='lat' dir='ltr'><strong>comitatui</strong></span> <span class='ocrx_word' id='word_1_44' title='bbox 1662 895 1837 950; x_wconf 91' lang='lat' dir='ltr'><strong>copu-</strong></span> 
     </span>
    </p>
   </div>
   <div class='ocr_carea' id='block_1_9' title="bbox 187 966 1837 1040">
    <p class='ocr_par' dir='ltr' id='par_1_9' title="bbox 187 966 1837 1040">
     <span class='ocr_line' id='line_1_9' title="bbox 187 966 1837 1040; baseline -0.002 -15"><span class='ocrx_word' id='word_1_45' title='bbox 187 967 363 1025; x_wconf 79' lang='lat' dir='ltr'><strong>latas.</strong></span> <span class='ocrx_word' id='word_1_46' title='bbox 394 967 613 1024; x_wconf 89' lang='lat' dir='ltr'><strong>Deinde</strong></span> <span class='ocrx_word' id='word_1_47' title='bbox 642 967 951 1039; x_wconf 84' lang='lat' dir='ltr'><strong>respondet</strong></span> <span class='ocrx_word' id='word_1_48' title='bbox 971 983 1021 1023; x_wconf 80' lang='lat' dir='ltr'><strong>ei</strong></span> <span class='ocrx_word' id='word_1_49' title='bbox 1053 982 1308 1039; x_wconf 90' lang='lat' dir='ltr'><strong>sponsus</strong></span> <span class='ocrx_word' id='word_1_50' title='bbox 1342 984 1354 1021; x_wconf 91' lang='lat'>:</span> <span class='ocrx_word' id='word_1_51' title='bbox 1388 972 1445 1022; x_wconf 89' lang='lat' dir='ltr'><strong>et</strong></span> <span class='ocrx_word' id='word_1_52' title='bbox 1476 972 1608 1040; x_wconf 92' lang='lat' dir='ltr'><strong>post</strong></span> <span class='ocrx_word' id='word_1_53' title='bbox 1637 966 1837 1040; x_wconf 87' lang='lat' dir='ltr'><strong>sponsi</strong></span> 
     </span>
    </p>
   </div>
   <div class='ocr_carea' id='block_1_10' title="bbox 189 1053 1839 1129">
    <p class='ocr_par' dir='ltr' id='par_1_10' title="bbox 189 1053 1839 1129">
     <span class='ocr_line' id='line_1_10' title="bbox 189 1053 1839 1129; baseline -0.001 -16"><span class='ocrx_word' id='word_1_54' title='bbox 189 1055 443 1129; x_wconf 82' lang='lat' dir='ltr'><strong>eloquia,</strong></span> <span class='ocrx_word' id='word_1_55' title='bbox 476 1056 617 1111; x_wconf 92' lang='lat' dir='ltr'><strong>dum</strong></span> <span class='ocrx_word' id='word_1_56' title='bbox 647 1053 749 1111; x_wconf 72' lang='lat' dir='ltr'><strong>ille</strong></span> <span class='ocrx_word' id='word_1_57' title='bbox 778 1072 881 1127; x_wconf 89' lang='lat' dir='ltr'><strong>pro</strong></span> <span class='ocrx_word' id='word_1_58' title='bbox 914 1057 1041 1127; x_wconf 83' lang='lat' dir='ltr'><strong>ejus</strong></span> <span class='ocrx_word' id='word_1_59' title='bbox 1072 1055 1289 1127; x_wconf 89' lang='lat' dir='ltr'><strong>patitur</strong></span> <span class='ocrx_word' id='word_1_60' title='bbox 1338 1055 1549 1122; x_wconf 90' lang='lat' dir='ltr'><strong>salute,</strong></span> <span class='ocrx_word' id='word_1_61' title='bbox 1598 1072 1839 1127; x_wconf 91' lang='lat' dir='ltr'><strong>respon-</strong></span> 
     </span>
    </p>
   </div>
   <div class='ocr_carea' id='block_1_11' title="bbox 190 1142 1840 1215">
    <p class='ocr_par' dir='ltr' id='par_1_11' title="bbox 190 1142 1840 1215">
     <span class='ocr_line' id='line_1_11' title="bbox 190 1142 1840 1215; baseline -0.002 -13"><span class='ocrx_word' id='word_1_62' title='bbox 190 1145 332 1203; x_wconf 77' lang='lat' dir='ltr'><strong>dent</strong></span> <span class='ocrx_word' id='word_1_63' title='bbox 376 1142 628 1212; x_wconf 86' lang='lat' dir='ltr'><strong>sodales,</strong></span> <span class='ocrx_word' id='word_1_64' title='bbox 660 1144 847 1199; x_wconf 89' lang='lat' dir='ltr'><strong>donec</strong></span> <span class='ocrx_word' id='word_1_65' title='bbox 875 1160 1128 1215; x_wconf 88' lang='lat' dir='ltr'><strong>sponsus</strong></span> <span class='ocrx_word' id='word_1_66' title='bbox 1159 1143 1238 1199; x_wconf 85' lang='lat' dir='ltr'><strong>sit</strong></span> <span class='ocrx_word' id='word_1_67' title='bbox 1283 1143 1343 1198; x_wconf 91' lang='lat' dir='ltr'><strong>in</strong></span> <span class='ocrx_word' id='word_1_68' title='bbox 1393 1145 1759 1212; x_wconf 88' lang='lat' dir='ltr'><strong>recubitu,et</strong></span> <span class='ocrx_word' id='word_1_69' title='bbox 1807 1161 1840 1199; x_wconf 90' lang='lat' dir='ltr'><strong>a</strong></span> 
     </span>
    </p>
   </div>
   <div class='ocr_carea' id='block_1_12' title="bbox 191 1233 1840 1308">
    <p class='ocr_par' dir='ltr' id='par_1_12' title="bbox 191 1233 1840 1308">
     <span class='ocr_line' id='line_1_12' title="bbox 191 1233 1840 1308; baseline -0.001 -18"><span class='ocrx_word' id='word_1_70' title='bbox 191 1234 467 1308; x_wconf 83' lang='lat' dir='ltr'><strong>passione</strong></span> <span class='ocrx_word' id='word_1_71' title='bbox 498 1238 836 1306; x_wconf 85' lang='lat' dir='ltr'><strong>consurgat,</strong></span> <span class='ocrx_word' id='word_1_72' title='bbox 869 1249 931 1289; x_wconf 88' lang='lat' dir='ltr'><strong>se</strong></span> <span class='ocrx_word' id='word_1_73' title='bbox 961 1233 1228 1305; x_wconf 74' lang='lat' dir='ltr'><strong>quaedam</strong></span> <span class='ocrx_word' id='word_1_74' title='bbox 1252 1250 1479 1304; x_wconf 76' lang='lat' dir='ltr'><strong>sponsas</strong></span> <span class='ocrx_word' id='word_1_75' title='bbox 1497 1238 1840 1289; x_wconf 89' lang='lat' dir='ltr'><strong>ornamenta</strong></span> 
     </span>
    </p>
   </div>
   <div class='ocr_carea' id='block_1_13' title="bbox 191 1322 479 1380">
    <p class='ocr_par' dir='ltr' id='par_1_13' title="bbox 191 1322 479 1380">
     <span class='ocr_line' id='line_1_13' title="bbox 191 1322 479 1380; baseline 0.003 -2"><span class='ocrx_word' id='word_1_76' title='bbox 191 1322 479 1380; x_wconf 80' lang='lat' dir='ltr'><strong>tacturos.</strong></span> 
     </span>
    </p>
   </div>
   <div class='ocr_carea' id='block_1_14' title="bbox 267 1409 1839 1483">
    <p class='ocr_par' dir='ltr' id='par_1_14' title="bbox 267 1409 1839 1483">
     <span class='ocr_line' id='line_1_14' title="bbox 267 1409 1839 1483; baseline -0.002 -14"><span class='ocrx_word' id='word_1_77' title='bbox 267 1412 502 1469; x_wconf 66' lang='grc' dir='ltr'><strong>δίη-Δ</strong></span> <span class='ocrx_word' id='word_1_78' title='bbox 531 1413 585 1467; x_wconf 89' lang='lat'><strong>2.</strong></span> <span class='ocrx_word' id='word_1_79' title='bbox 617 1410 832 1466; x_wconf 90' lang='lat' dir='ltr'><strong>Verum</strong></span> <span class='ocrx_word' id='word_1_80' title='bbox 874 1410 1001 1482; x_wconf 86' lang='lat' dir='ltr'><strong>jam</strong></span> <span class='ocrx_word' id='word_1_81' title='bbox 1031 1409 1161 1483; x_wconf 90' lang='lat' dir='ltr'><strong>ipsa</strong></span> <span class='ocrx_word' id='word_1_82' title='bbox 1187 1410 1361 1466; x_wconf 90' lang='lat' dir='ltr'><strong>verba</strong></span> <span class='ocrx_word' id='word_1_83' title='bbox 1386 1410 1656 1483; x_wconf 90' lang='lat' dir='ltr'><strong>ponenda</strong></span> <span class='ocrx_word' id='word_1_84' title='bbox 1681 1415 1839 1483; x_wconf 89' lang='lat' dir='ltr'><strong>sunt,</strong></span> 
     </span>
    </p>
   </div>
   <div class='ocr_carea' id='block_1_15' title="bbox 192 1499 1837 1574">
    <p class='ocr_par' dir='ltr' id='par_1_15' title="bbox 192 1499 1837 1574">
     <span class='ocr_line' id='line_1_15' title="bbox 192 1499 1837 1574; baseline -0.001 -17"><span class='ocrx_word' id='word_1_85' title='bbox 192 1501 257 1557; x_wconf 86' lang='lat' dir='ltr'><strong>in</strong></span> <span class='ocrx_word' id='word_1_86' title='bbox 288 1500 509 1574; x_wconf 82' lang='lat' dir='ltr'><strong>quibus</strong></span> <span class='ocrx_word' id='word_1_87' title='bbox 538 1499 703 1573; x_wconf 89' lang='lat' dir='ltr'><strong>prius</strong></span> <span class='ocrx_word' id='word_1_88' title='bbox 730 1516 840 1555; x_wconf 83' lang='lat' dir='ltr'><strong>vox</strong></span> <span class='ocrx_word' id='word_1_89' title='bbox 886 1515 1115 1571; x_wconf 66' lang='lat' dir='ltr'><strong>sponsae</strong></span> <span class='ocrx_word' id='word_1_90' title='bbox 1164 1500 1531 1571; x_wconf 85' lang='lat' dir='ltr'><strong>deprecantis</strong></span> <span class='ocrx_word' id='word_1_91' title='bbox 1582 1499 1837 1555; x_wconf 88' lang='lat' dir='ltr'><strong>auditur.</strong></span> 
     </span>
    </p>
   </div>
   <div class='ocr_carea' id='block_1_16' title="bbox 188 1587 1841 1663">
    <p class='ocr_par' dir='ltr' id='par_1_16' title="bbox 188 1587 1841 1663">
     <span class='ocr_line' id='line_1_16' title="bbox 188 1587 1841 1663; baseline -0.002 -16"><span class='ocrx_word' id='word_1_92' title='bbox 188 1590 355 1663; x_wconf 85' lang='lat' dir='ltr'><strong>(Cap.</strong></span> <span class='ocrx_word' id='word_1_93' title='bbox 389 1605 431 1660; x_wconf 83' lang='lat'><strong>1,</strong></span> <span class='ocrx_word' id='word_1_94' title='bbox 462 1604 610 1645; x_wconf 79' lang='lat' dir='ltr'><strong>vers.</strong></span> <span class='ocrx_word' id='word_1_95' title='bbox 645 1590 669 1644; x_wconf 81' lang='grc'><strong>1</strong></span> <span class='ocrx_word' id='word_1_96' title='bbox 710 1588 748 1660; x_wconf 93' lang='lat'><strong>:)</strong></span> <span class='ocrx_word' id='word_1_97' title='bbox 779 1587 1062 1644; x_wconf 88' lang='lat' dir='ltr'><strong>Gsculetur</strong></span> <span class='ocrx_word' id='word_1_98' title='bbox 1088 1604 1175 1643; x_wconf 87' lang='lat' dir='ltr'><strong>me</strong></span> <span class='ocrx_word' id='word_1_99' title='bbox 1205 1589 1383 1644; x_wconf 88' lang='lat' dir='ltr'><strong>osculo</strong></span> <span class='ocrx_word' id='word_1_100' title='bbox 1412 1591 1523 1644; x_wconf 85' lang='lat' dir='ltr'><strong>oris</strong></span> <span class='ocrx_word' id='word_1_101' title='bbox 1551 1590 1659 1644; x_wconf 88' lang='lat' dir='ltr'><strong>sui.</strong></span> <span class='ocrx_word' id='word_1_102' title='bbox 1696 1589 1841 1654; x_wconf 89' lang='lat' dir='ltr'><strong>Quo-</strong></span> 
     </span>
    </p>
   </div>
   <div class='ocr_carea' id='block_1_17' title="bbox 187 1676 1844 1750">
    <p class='ocr_par' dir='ltr' id='par_1_17' title="bbox 187 1676 1844 1750">
     <span class='ocr_line' id='line_1_17' title="bbox 187 1676 1844 1750; baseline -0.002 -15"><span class='ocrx_word' id='word_1_103' title='bbox 187 1695 327 1735; x_wconf 88' lang='lat' dir='ltr'><strong>rum</strong></span> <span class='ocrx_word' id='word_1_104' title='bbox 358 1678 468 1735; x_wconf 90' lang='lat' dir='ltr'><strong>iste</strong></span> <span class='ocrx_word' id='word_1_105' title='bbox 495 1681 586 1734; x_wconf 88' lang='lat' dir='ltr'><strong>est</strong></span> <span class='ocrx_word' id='word_1_106' title='bbox 615 1679 1167 1748; x_wconf 78' lang='lat' dir='ltr'><strong>sensuszouousque</strong></span> <span class='ocrx_word' id='word_1_107' title='bbox 1188 1694 1442 1750; x_wconf 91' lang='lat' dir='ltr'><strong>sponsus</strong></span> <span class='ocrx_word' id='word_1_108' title='bbox 1466 1694 1631 1733; x_wconf 90' lang='lat' dir='ltr'><strong>meus</strong></span> <span class='ocrx_word' id='word_1_109' title='bbox 1657 1676 1844 1733; x_wconf 87' lang='lat' dir='ltr'><strong>mittit</strong></span> 
     </span>
    </p>
   </div>
   <div class='ocr_carea' id='block_1_18' title="bbox 190 1765 1841 1839">
    <p class='ocr_par' dir='ltr' id='par_1_18' title="bbox 190 1765 1841 1839">
     <span class='ocr_line' id='line_1_18' title="bbox 190 1765 1841 1839; baseline -0.002 -15"><span class='ocrx_word' id='word_1_110' title='bbox 190 1766 399 1825; x_wconf 86' lang='lat' dir='ltr'><strong>oscula</strong></span> <span class='ocrx_word' id='word_1_111' title='bbox 421 1783 523 1839; x_wconf 88' lang='lat' dir='ltr'><strong>per</strong></span> <span class='ocrx_word' id='word_1_112' title='bbox 549 1766 979 1835; x_wconf 87' lang='lat' dir='ltr'><strong>Mosem,mittit</strong></span> <span class='ocrx_word' id='word_1_113' title='bbox 998 1765 1199 1822; x_wconf 89' lang='lat' dir='ltr'><strong>oscula</strong></span> <span class='ocrx_word' id='word_1_114' title='bbox 1224 1783 1323 1839; x_wconf 91' lang='lat' dir='ltr'><strong>per</strong></span> <span class='ocrx_word' id='word_1_115' title='bbox 1343 1766 1656 1839; x_wconf 85' lang='lat' dir='ltr'><strong>prophetas</strong></span> <span class='ocrx_word' id='word_1_116' title='bbox 1678 1767 1736 1822; x_wconf 68' lang='grc' dir='ltr'><strong>Ρ]</strong></span> <span class='ocrx_word' id='word_1_117' title='bbox 1746 1782 1841 1822; x_wconf 88' lang='lat' dir='ltr'><strong>am</strong></span> 
     </span>
    </p>
   </div>
   <div class='ocr_carea' id='block_1_19' title="bbox 189 1854 1922 1958">
    <p class='ocr_par' dir='ltr' id='par_1_19' title="bbox 189 1854 1922 1958">
     <span class='ocr_line' id='line_1_19' title="bbox 189 1854 1922 1958; baseline -0.001 -46"><span class='ocrx_word' id='word_1_118' title='bbox 189 1856 381 1930; x_wconf 85' lang='lat' dir='ltr'><strong>ipsius</strong></span> <span class='ocrx_word' id='word_1_119' title='bbox 410 1856 582 1929; x_wconf 89' lang='lat' dir='ltr'><strong>cupio</strong></span> <span class='ocrx_word' id='word_1_120' title='bbox 604 1871 706 1911; x_wconf 90' lang='lat' dir='ltr'><strong>ora</strong></span> <span class='ocrx_word' id='word_1_121' title='bbox 727 1854 1219 1927; x_wconf 86' lang='lat' dir='ltr'><strong>contingere,ipsc</strong></span> <span class='ocrx_word' id='word_1_122' title='bbox 1238 1854 1581 1928; x_wconf 86' lang='lat' dir='ltr'><strong>veniat,ipse</strong></span> <span class='ocrx_word' id='word_1_123' title='bbox 1603 1856 1841 1911; x_wconf 86' lang='lat' dir='ltr'><strong>descen-</strong></span> <span class='ocrx_word' id='word_1_124' title='bbox 1875 1893 1922 1958; x_wconf 81' lang='grc' dir='ltr'><strong>Β</strong></span> 
     </span>
    </p>
   </div>
   <div class='ocr_carea' id='block_1_20' title="bbox 189 1943 1845 2017">
    <p class='ocr_par' dir='ltr' id='par_1_20' title="bbox 189 1943 1845 2017">
     <span class='ocr_line' id='line_1_20' title="bbox 189 1943 1845 2017; baseline -0.001 -16"><span class='ocrx_word' id='word_1_125' title='bbox 189 1945 457 2001; x_wconf 86' lang='lat' dir='ltr'><strong>dat.0rat</strong></span> <span class='ocrx_word' id='word_1_126' title='bbox 477 1944 659 2017; x_wconf 78' lang='lat' dir='ltr'><strong>igitur</strong></span> <span class='ocrx_word' id='word_1_127' title='bbox 679 1947 878 2017; x_wconf 89' lang='lat' dir='ltr'><strong>sponsi</strong></span> <span class='ocrx_word' id='word_1_128' title='bbox 898 1943 1213 2011; x_wconf 90' lang='lat' dir='ltr'><strong>Patrem,et</strong></span> <span class='ocrx_word' id='word_1_129' title='bbox 1242 1944 1386 1999; x_wconf 85' lang='lat' dir='ltr'><strong>dicit</strong></span> <span class='ocrx_word' id='word_1_130' title='bbox 1416 1944 1485 1999; x_wconf 91' lang='lat' dir='ltr'><strong>ad</strong></span> <span class='ocrx_word' id='word_1_131' title='bbox 1505 1961 1638 1999; x_wconf 89' lang='lat' dir='ltr'><strong>eum</strong></span> <span class='ocrx_word' id='word_1_132' title='bbox 1664 1944 1845 2001; x_wconf 84' lang='lat' dir='ltr'><strong>:0scu-</strong></span> 
     </span>
    </p>
   </div>
   <div class='ocr_carea' id='block_1_21' title="bbox 186 2032 1842 2106">
    <p class='ocr_par' dir='ltr' id='par_1_21' title="bbox 186 2032 1842 2106">
     <span class='ocr_line' id='line_1_21' title="bbox 186 2032 1842 2106; baseline -0.002 -16"><span class='ocrx_word' id='word_1_133' title='bbox 186 2035 331 2091; x_wconf 78' lang='lat' dir='ltr'><strong>letur</strong></span> <span class='ocrx_word' id='word_1_134' title='bbox 358 2050 445 2089; x_wconf 66' lang='lat' dir='ltr'><strong>nec</strong></span> <span class='ocrx_word' id='word_1_135' title='bbox 470 2042 653 2090; x_wconf 84' lang='lat' dir='ltr'><strong>osculo</strong></span> <span class='ocrx_word' id='word_1_136' title='bbox 675 2034 785 2089; x_wconf 86' lang='lat' dir='ltr'><strong>oris</strong></span> <span class='ocrx_word' id='word_1_137' title='bbox 803 2035 911 2088; x_wconf 90' lang='lat' dir='ltr'><strong>sui.</strong></span> <span class='ocrx_word' id='word_1_138' title='bbox 941 2033 1009 2087; x_wconf 88' lang='lat' dir='ltr'><strong>Et</strong></span> <span class='ocrx_word' id='word_1_139' title='bbox 1042 2033 1170 2105; x_wconf 65' lang='lat' dir='ltr'><strong>quin</strong></span> <span class='ocrx_word' id='word_1_140' title='bbox 1204 2032 1338 2088; x_wconf 86' lang='lat' dir='ltr'><strong>talis</strong></span> <span class='ocrx_word' id='word_1_141' title='bbox 1356 2039 1445 2089; x_wconf 87' lang='lat' dir='ltr'><strong>est</strong></span> <span class='ocrx_word' id='word_1_142' title='bbox 1472 2033 1842 2106; x_wconf 88' lang='lat' dir='ltr'><strong>utcomplea-</strong></span> 
     </span>
    </p>
   </div>
   <div class='ocr_carea' id='block_1_22' title="bbox 186 2119 1839 2196">
    <p class='ocr_par' dir='ltr' id='par_1_22' title="bbox 186 2119 1839 2196">
     <span class='ocr_line' id='line_1_22' title="bbox 186 2119 1839 2196; baseline -0.003 -16"><span class='ocrx_word' id='word_1_143' title='bbox 186 2128 290 2180; x_wconf 73' lang='lat' dir='ltr'><strong>tur</strong></span> <span class='ocrx_word' id='word_1_144' title='bbox 319 2139 497 2196; x_wconf 89' lang='lat' dir='ltr'><strong>super</strong></span> <span class='ocrx_word' id='word_1_145' title='bbox 524 2138 651 2177; x_wconf 87' lang='lat' dir='ltr'><strong>eam</strong></span> <span class='ocrx_word' id='word_1_146' title='bbox 685 2120 1086 2194; x_wconf 87' lang='lat' dir='ltr'><strong>propheticum</strong></span> <span class='ocrx_word' id='word_1_147' title='bbox 1120 2119 1264 2176; x_wconf 81' lang='lat' dir='ltr'><strong>illud</strong></span> <span class='ocrx_word' id='word_1_148' title='bbox 1319 2121 1375 2175; x_wconf 91' lang='lat' dir='ltr'><strong>in</strong></span> <span class='ocrx_word' id='word_1_149' title='bbox 1417 2138 1533 2193; x_wconf 89' lang='lat' dir='ltr'><strong>quo</strong></span> <span class='ocrx_word' id='word_1_150' title='bbox 1581 2121 1796 2176; x_wconf 90' lang='lat' dir='ltr'><strong>dicitur</strong></span> <span class='ocrx_word' id='word_1_151' title='bbox 1827 2136 1839 2175; x_wconf 93' lang='lat'>:</span> 
     </span>
    </p>
   </div>
   <div class='ocr_carea' id='block_1_23' title="bbox 192 2210 1841 2282">
    <p class='ocr_par' dir='ltr' id='par_1_23' title="bbox 192 2210 1841 2282">
     <span class='ocr_line' id='line_1_23' title="bbox 192 2210 1841 2282; baseline -0.002 -14"><span class='ocrx_word' id='word_1_152' title='bbox 192 2211 389 2268; x_wconf 78' lang='lat' dir='ltr'><strong>Adhuc</strong></span> <span class='ocrx_word' id='word_1_153' title='bbox 414 2215 467 2267; x_wconf 87' lang='lat' dir='ltr'><strong>te</strong></span> <span class='ocrx_word' id='word_1_154' title='bbox 493 2212 746 2282; x_wconf 84' lang='lat' dir='ltr'><strong>loquente</strong></span> <span class='ocrx_word' id='word_1_155' title='bbox 792 2210 973 2265; x_wconf 87' lang='lat' dir='ltr'><strong>dicam</strong></span> <span class='ocrx_word' id='word_1_156' title='bbox 1005 2227 1024 2264; x_wconf 91' lang='lat'><strong><em>:</em></strong></span> <span class='ocrx_word' id='word_1_157' title='bbox 1079 2210 1209 2265; x_wconf 82' lang='lat' dir='ltr'><strong>Ecce</strong></span> <span class='ocrx_word' id='word_1_158' title='bbox 1254 2210 1449 2265; x_wconf 78' lang='lat' dir='ltr'><strong>adsum</strong></span> <span class='ocrx_word' id='word_1_159' title='bbox 1495 2227 1514 2265; x_wconf 88' lang='lat'><em>:</em></span> <span class='ocrx_word' id='word_1_160' title='bbox 1562 2224 1841 2282; x_wconf 90' lang='lat' dir='ltr'><strong>sponsam</strong></span> 
     </span>
    </p>
   </div>
   <div class='ocr_carea' id='block_1_24' title="bbox 190 2298 1845 2375">
    <p class='ocr_par' dir='ltr' id='par_1_24' title="bbox 190 2298 1845 2375">
     <span class='ocr_line' id='line_1_24' title="bbox 190 2298 1845 2375; baseline -0.002 -18"><span class='ocrx_word' id='word_1_161' title='bbox 190 2300 399 2375; x_wconf 74' lang='lat' dir='ltr'><strong>sponsi</strong></span> <span class='ocrx_word' id='word_1_162' title='bbox 433 2300 596 2355; x_wconf 83' lang='lat' dir='ltr'><strong>Pater</strong></span> <span class='ocrx_word' id='word_1_163' title='bbox 623 2299 882 2361; x_wconf 83' lang='lat' dir='ltr'><strong>exaudit.</strong></span> <span class='ocrx_word' id='word_1_164' title='bbox 917 2298 1095 2353; x_wconf 89' lang='lat' dir='ltr'><strong>mittit</strong></span> <span class='ocrx_word' id='word_1_165' title='bbox 1128 2298 1339 2354; x_wconf 89' lang='lat' dir='ltr'><strong>Filium</strong></span> <span class='ocrx_word' id='word_1_166' title='bbox 1385 2315 1578 2354; x_wconf 91' lang='lat' dir='ltr'><strong>suum.</strong></span> <span class='ocrx_word' id='word_1_167' title='bbox 1626 2298 1845 2354; x_wconf 84' lang='lat' dir='ltr'><strong>Videas</strong></span> 
     </span>
    </p>
   </div>
   <div class='ocr_carea' id='block_1_25' title="bbox 189 2386 1840 2459">
    <p class='ocr_par' dir='ltr' id='par_1_25' title="bbox 189 2386 1840 2459">
     <span class='ocr_line' id='line_1_25' title="bbox 189 2386 1840 2459; baseline -0.002 -14"><span class='ocrx_word' id='word_1_168' title='bbox 189 2388 297 2445; x_wconf 82' lang='lat' dir='ltr'><strong>illa</strong></span> <span class='ocrx_word' id='word_1_169' title='bbox 324 2404 459 2445; x_wconf 89' lang='lat' dir='ltr'><strong>eum</strong></span> <span class='ocrx_word' id='word_1_170' title='bbox 485 2388 656 2458; x_wconf 86' lang='lat' dir='ltr'><strong>cujus</strong></span> <span class='ocrx_word' id='word_1_171' title='bbox 685 2386 1109 2459; x_wconf 86' lang='lat' dir='ltr'><strong>deprecabatur</strong></span> <span class='ocrx_word' id='word_1_172' title='bbox 1135 2387 1471 2457; x_wconf 87' lang='lat' dir='ltr'><strong>adventum,</strong></span> <span class='ocrx_word' id='word_1_173' title='bbox 1528 2403 1700 2442; x_wconf 90' lang='lat' dir='ltr'><strong>orare</strong></span> <span class='ocrx_word' id='word_1_174' title='bbox 1738 2388 1840 2441; x_wconf 86' lang='lat' dir='ltr'><strong>de-</strong></span> 
     </span>
    </p>
   </div>
   <div class='ocr_carea' id='block_1_26' title="bbox 198 2473 1844 2547">
    <p class='ocr_par' dir='ltr' id='par_1_26' title="bbox 198 2473 1844 2547">
     <span class='ocr_line' id='line_1_26' title="bbox 198 2473 1844 2547; baseline -0.004 -12"><span class='ocrx_word' id='word_1_175' title='bbox 198 2476 370 2544; x_wconf 76' lang='lat' dir='ltr'><strong>stitit,</strong></span> <span class='ocrx_word' id='word_1_176' title='bbox 423 2480 481 2533; x_wconf 89' lang='lat' dir='ltr'><strong>et</strong></span> <span class='ocrx_word' id='word_1_177' title='bbox 518 2477 591 2531; x_wconf 86' lang='lat' dir='ltr'><strong>ad</strong></span> <span class='ocrx_word' id='word_1_178' title='bbox 630 2492 764 2532; x_wconf 86' lang='lat' dir='ltr'><strong>eum</strong></span> <span class='ocrx_word' id='word_1_179' title='bbox 796 2474 1066 2531; x_wconf 78' lang='lat' dir='ltr'><strong>cominus</strong></span> <span class='ocrx_word' id='word_1_180' title='bbox 1122 2473 1402 2545; x_wconf 82' lang='lat' dir='ltr'><strong>loquitur,</strong></span> <span class='ocrx_word' id='word_1_181' title='bbox 1460 2474 1645 2547; x_wconf 88' lang='lat' dir='ltr'><strong>(Vers.</strong></span> <span class='ocrx_word' id='word_1_182' title='bbox 1702 2475 1844 2544; x_wconf 86' lang='grc'>1-2.)</span> 
     </span>
    </p>
   </div>
   <div class='ocr_carea' id='block_1_27' title="bbox 201 2564 1843 2636">
    <p class='ocr_par' dir='ltr' id='par_1_27' title="bbox 201 2564 1843 2636">
     <span class='ocr_line' id='line_1_27' title="bbox 201 2564 1843 2636; baseline -0.002 -14"><span class='ocrx_word' id='word_1_183' title='bbox 201 2568 473 2636; x_wconf 74' lang='lat' dir='ltr'><strong>Quoniam</strong></span> <span class='ocrx_word' id='word_1_184' title='bbox 507 2566 646 2621; x_wconf 90' lang='lat' dir='ltr'><strong>bona</strong></span> <span class='ocrx_word' id='word_1_185' title='bbox 673 2565 842 2620; x_wconf 88' lang='lat' dir='ltr'><strong>ubera</strong></span> <span class='ocrx_word' id='word_1_186' title='bbox 872 2572 966 2619; x_wconf 88' lang='lat' dir='ltr'><strong>tua</strong></span> <span class='ocrx_word' id='word_1_187' title='bbox 993 2580 1157 2635; x_wconf 90' lang='lat' dir='ltr'><strong>super</strong></span> <span class='ocrx_word' id='word_1_188' title='bbox 1205 2566 1416 2632; x_wconf 85' lang='lat' dir='ltr'><strong>vinum,</strong></span> <span class='ocrx_word' id='word_1_189' title='bbox 1466 2568 1517 2619; x_wconf 89' lang='lat' dir='ltr'><strong>et</strong></span> <span class='ocrx_word' id='word_1_190' title='bbox 1562 2564 1694 2620; x_wconf 85' lang='lat' dir='ltr'><strong>odor</strong></span> <span class='ocrx_word' id='word_1_191' title='bbox 1742 2581 1843 2619; x_wconf 85' lang='lat' dir='ltr'><strong>un-</strong></span> 
     </span>
    </p>
   </div>
   <div class='ocr_carea' id='block_1_28' title="bbox 195 2653 1846 2729">
    <p class='ocr_par' dir='ltr' id='par_1_28' title="bbox 195 2653 1846 2729">
     <span class='ocr_line' id='line_1_28' title="bbox 195 2653 1846 2729; baseline -0.001 -18"><span class='ocrx_word' id='word_1_192' title='bbox 195 2658 529 2729; x_wconf 82' lang='lat' dir='ltr'><strong>guentorum</strong></span> <span class='ocrx_word' id='word_1_193' title='bbox 562 2659 783 2710; x_wconf 84' lang='lat' dir='ltr'><strong>tuorum</strong></span> <span class='ocrx_word' id='word_1_194' title='bbox 828 2669 992 2725; x_wconf 90' lang='lat' dir='ltr'><strong>super</strong></span> <span class='ocrx_word' id='word_1_195' title='bbox 1033 2654 1221 2709; x_wconf 88' lang='lat' dir='ltr'><strong>omnia</strong></span> <span class='ocrx_word' id='word_1_196' title='bbox 1257 2657 1527 2709; x_wconf 82' lang='lat' dir='ltr'><strong>aromata.</strong></span> <span class='ocrx_word' id='word_1_197' title='bbox 1582 2653 1846 2724; x_wconf 90' lang='lat' dir='ltr'><strong>Sponsus</strong></span> 
     </span>
    </p>
   </div>
   <div class='ocr_carea' id='block_1_29' title="bbox 196 2741 1843 2817">
    <p class='ocr_par' dir='ltr' id='par_1_29' title="bbox 196 2741 1843 2817">
     <span class='ocr_line' id='line_1_29' title="bbox 196 2741 1843 2817; baseline -0.001 -18"><span class='ocrx_word' id='word_1_198' title='bbox 196 2744 383 2817; x_wconf 80' lang='lat' dir='ltr'><strong>igitur</strong></span> <span class='ocrx_word' id='word_1_199' title='bbox 411 2742 683 2798; x_wconf 84' lang='lat' dir='ltr'><strong>Christus</strong></span> <span class='ocrx_word' id='word_1_200' title='bbox 732 2741 952 2797; x_wconf 89' lang='lat' dir='ltr'><strong>missus</strong></span> <span class='ocrx_word' id='word_1_201' title='bbox 1002 2758 1041 2796; x_wconf 19' lang='lat' dir='ltr'><strong>a1</strong></span> <span class='ocrx_word' id='word_1_202' title='bbox 1084 2741 1249 2798; x_wconf 85' lang='lat' dir='ltr'><strong>Patre</strong></span> <span class='ocrx_word' id='word_1_203' title='bbox 1304 2742 1463 2797; x_wconf 89' lang='lat' dir='ltr'><strong>venit</strong></span> <span class='ocrx_word' id='word_1_204' title='bbox 1512 2746 1725 2797; x_wconf 89' lang='lat' dir='ltr'><strong>unctus</strong></span> <span class='ocrx_word' id='word_1_205' title='bbox 1772 2742 1843 2797; x_wconf 87' lang='lat' dir='ltr'><strong>ad</strong></span> 
     </span>
    </p>
   </div>
   <div class='ocr_carea' id='block_1_30' title="bbox 198 2829 1843 2905">
    <p class='ocr_par' dir='ltr' id='par_1_30' title="bbox 198 2829 1843 2905">
     <span class='ocr_line' id='line_1_30' title="bbox 198 2829 1843 2905; baseline -0.002 -17"><span class='ocrx_word' id='word_1_206' title='bbox 198 2847 503 2905; x_wconf 83' lang='lat' dir='ltr'><strong>sponsam,</strong></span> <span class='ocrx_word' id='word_1_207' title='bbox 555 2834 613 2886; x_wconf 90' lang='lat' dir='ltr'><strong>et</strong></span> <span class='ocrx_word' id='word_1_208' title='bbox 647 2829 864 2885; x_wconf 88' lang='lat' dir='ltr'><strong>dicitur</strong></span> <span class='ocrx_word' id='word_1_209' title='bbox 910 2831 979 2885; x_wconf 89' lang='lat' dir='ltr'><strong>ad</strong></span> <span class='ocrx_word' id='word_1_210' title='bbox 1032 2846 1165 2885; x_wconf 91' lang='lat' dir='ltr'><strong>eum</strong></span> <span class='ocrx_word' id='word_1_211' title='bbox 1202 2846 1214 2885; x_wconf 87' lang='lat'><strong>:</strong></span> <span class='ocrx_word' id='word_1_212' title='bbox 1252 2831 1509 2886; x_wconf 76' lang='lat' dir='ltr'><strong>Dilexisti</strong></span> <span class='ocrx_word' id='word_1_213' title='bbox 1544 2832 1843 2903; x_wconf 77' lang='lat' dir='ltr'><strong>justitiam,</strong></span> 
     </span>
    </p>
   </div>
   <div class='ocr_carea' id='block_1_31' title="bbox 194 2920 1848 2991">
    <p class='ocr_par' dir='ltr' id='par_1_31' title="bbox 194 2920 1848 2991">
     <span class='ocr_line' id='line_1_31' title="bbox 194 2920 1848 2991; baseline -0.002 -12"><span class='ocrx_word' id='word_1_214' title='bbox 194 2926 252 2979; x_wconf 75' lang='lat' dir='ltr'><strong>et</strong></span> <span class='ocrx_word' id='word_1_215' title='bbox 281 2920 449 2977; x_wconf 81' lang='lat' dir='ltr'><strong>odisti</strong></span> <span class='ocrx_word' id='word_1_216' title='bbox 476 2921 851 2991; x_wconf 77' lang='lat' dir='ltr'><strong>iniquitatem,</strong></span> <span class='ocrx_word' id='word_1_217' title='bbox 884 2928 1169 2991; x_wconf 79' lang='lat' dir='ltr'><strong>propterea</strong></span> <span class='ocrx_word' id='word_1_218' title='bbox 1200 2922 1366 2975; x_wconf 71' lang='lat' dir='ltr'><strong>anxit</strong></span> <span class='ocrx_word' id='word_1_219' title='bbox 1408 2928 1459 2975; x_wconf 86' lang='lat' dir='ltr'><strong>te</strong></span> <span class='ocrx_word' id='word_1_220' title='bbox 1508 2924 1667 2988; x_wconf 85' lang='lat' dir='ltr'><strong>Deus,</strong></span> <span class='ocrx_word' id='word_1_221' title='bbox 1710 2922 1848 2976; x_wconf 89' lang='lat' dir='ltr'><strong>Deus</strong></span> 
     </span>
    </p>
   </div>
   <div class='ocr_carea' id='block_1_32' title="bbox 196 3009 1842 3081">
    <p class='ocr_par' dir='ltr' id='par_1_32' title="bbox 196 3009 1842 3081">
     <span class='ocr_line' id='line_1_32' title="bbox 196 3009 1842 3081; baseline -0.002 -14"><span class='ocrx_word' id='word_1_222' title='bbox 196 3020 326 3067; x_wconf 81' lang='lat' dir='ltr'><strong>tuus</strong></span> <span class='ocrx_word' id='word_1_223' title='bbox 375 3011 492 3066; x_wconf 90' lang='lat' dir='ltr'><strong>oleo</strong></span> <span class='ocrx_word' id='word_1_224' title='bbox 547 3010 937 3064; x_wconf 72' lang='lat' dir='ltr'><strong>exsultationis</strong></span> <span class='ocrx_word' id='word_1_225' title='bbox 988 3026 1105 3080; x_wconf 66' lang='lat' dir='ltr'><strong>prz</strong></span> <span class='ocrx_word' id='word_1_226' title='bbox 1151 3010 1509 3081; x_wconf 74' lang='lat' dir='ltr'><strong>participibus</strong></span> <span class='ocrx_word' id='word_1_227' title='bbox 1558 3010 1668 3063; x_wconf 91' lang='lat' dir='ltr'><strong>tuis</strong></span> <span class='ocrx_word' id='word_1_228' title='bbox 1687 3009 1751 3062; x_wconf 73' lang='lat'><strong>“.</strong></span> <span class='ocrx_word' id='word_1_229' title='bbox 1785 3009 1842 3065; x_wconf 91' lang='lat' dir='ltr'><strong>Si</strong></span> 
     </span>
    </p>
   </div>
   <div class='ocr_carea' id='block_1_33' title="bbox 196 3096 1847 3171">
    <p class='ocr_par' dir='ltr' id='par_1_33' title="bbox 196 3096 1847 3171">
     <span class='ocr_line' id='line_1_33' title="bbox 196 3096 1847 3171; baseline -0.002 -16"><span class='ocrx_word' id='word_1_230' title='bbox 196 3114 297 3155; x_wconf 85' lang='lat' dir='ltr'><strong>me</strong></span> <span class='ocrx_word' id='word_1_231' title='bbox 337 3097 593 3171; x_wconf 84' lang='lat' dir='ltr'><strong>tetigerit</strong></span> <span class='ocrx_word' id='word_1_232' title='bbox 640 3113 893 3169; x_wconf 90' lang='lat' dir='ltr'><strong>sponsus</strong></span> <span class='ocrx_word' id='word_1_233' title='bbox 941 3101 999 3153; x_wconf 89' lang='lat' dir='ltr'><strong>et</strong></span> <span class='ocrx_word' id='word_1_234' title='bbox 1045 3113 1151 3168; x_wconf 79' lang='lat' dir='ltr'><strong>ego</strong></span> <span class='ocrx_word' id='word_1_235' title='bbox 1198 3097 1333 3153; x_wconf 89' lang='lat' dir='ltr'><strong>boni</strong></span> <span class='ocrx_word' id='word_1_236' title='bbox 1381 3096 1575 3153; x_wconf 87' lang='lat' dir='ltr'><strong>odoris</strong></span> <span class='ocrx_word' id='word_1_237' title='bbox 1620 3113 1739 3166; x_wconf 87' lang='lat' dir='ltr'><strong>ero,</strong></span> <span class='ocrx_word' id='word_1_238' title='bbox 1790 3102 1847 3153; x_wconf 90' lang='lat' dir='ltr'><strong>et</strong></span> 
     </span>
    </p>
   </div>
   <div class='ocr_carea' id='block_1_34' title="bbox 194 3185 1845 3261">
    <p class='ocr_par' dir='ltr' id='par_1_34' title="bbox 194 3185 1845 3261">
     <span class='ocr_line' id='line_1_34' title="bbox 194 3185 1845 3261; baseline -0.001 -18"><span class='ocrx_word' id='word_1_239' title='bbox 194 3203 304 3261; x_wconf 80' lang='lat' dir='ltr'><strong>ego</strong></span> <span class='ocrx_word' id='word_1_240' title='bbox 332 3187 506 3243; x_wconf 89' lang='lat' dir='ltr'><strong>liniar</strong></span> <span class='ocrx_word' id='word_1_241' title='bbox 528 3185 867 3259; x_wconf 87' lang='lat' dir='ltr'><strong>unguentis,</strong></span> <span class='ocrx_word' id='word_1_242' title='bbox 897 3191 954 3241; x_wconf 83' lang='lat' dir='ltr'><strong>et</strong></span> <span class='ocrx_word' id='word_1_243' title='bbox 983 3186 1162 3241; x_wconf 54' lang='lat' dir='ltr'><strong>ad‘me</strong></span> <span class='ocrx_word' id='word_1_244' title='bbox 1185 3202 1371 3258; x_wconf 90' lang='lat' dir='ltr'><strong>usque</strong></span> <span class='ocrx_word' id='word_1_245' title='bbox 1392 3188 1520 3253; x_wconf 83' lang='lat' dir='ltr'><strong>ejus</strong></span> <span class='ocrx_word' id='word_1_246' title='bbox 1543 3191 1845 3257; x_wconf 86' lang='lat' dir='ltr'><strong>unguenta</strong></span> 
     </span>
    </p>
   </div>
   <div class='ocr_carea' id='block_1_35' title="bbox 1947 610 3589 685">
    <p class='ocr_par' dir='ltr' id='par_1_35' title="bbox 1947 610 3589 685">
     <span class='ocr_line' id='line_1_35' title="bbox 1947 610 3589 685; baseline 0 -18"><span class='ocrx_word' id='word_1_247' title='bbox 1947 615 2005 667; x_wconf 90' lang='lat' dir='ltr'><strong>et</strong></span> <span class='ocrx_word' id='word_1_248' title='bbox 2034 610 2149 666; x_wconf 88' lang='lat' dir='ltr'><strong>alia</strong></span> <span class='ocrx_word' id='word_1_249' title='bbox 2178 611 2370 667; x_wconf 90' lang='lat' dir='ltr'><strong>carnis</strong></span> <span class='ocrx_word' id='word_1_250' title='bbox 2419 611 2598 684; x_wconf 89' lang='lat' dir='ltr'><strong>potio,</strong></span> <span class='ocrx_word' id='word_1_251' title='bbox 2645 610 2760 667; x_wconf 89' lang='lat' dir='ltr'><strong>alia</strong></span> <span class='ocrx_word' id='word_1_252' title='bbox 2799 610 3044 685; x_wconf 90' lang='lat' dir='ltr'><strong>spiritus</strong></span> <span class='ocrx_word' id='word_1_253' title='bbox 3084 610 3168 666; x_wconf 90' lang='lat' dir='ltr'><strong>sic</strong></span> <span class='ocrx_word' id='word_1_254' title='bbox 3216 615 3306 669; x_wconf 88' lang='lat' dir='ltr'><strong>est</strong></span> <span class='ocrx_word' id='word_1_255' title='bbox 3352 610 3589 684; x_wconf 90' lang='lat' dir='ltr'><strong>quidam</strong></span> 
     </span>
    </p>
   </div>
   <div class='ocr_carea' id='block_1_36' title="bbox 1947 700 3593 774">
    <p class='ocr_par' dir='ltr' id='par_1_36' title="bbox 1947 700 3593 774">
     <span class='ocr_line' id='line_1_36' title="bbox 1947 700 3593 774; baseline 0.001 -19"><span class='ocrx_word' id='word_1_256' title='bbox 1947 716 2114 756; x_wconf 90' lang='lat' dir='ltr'><strong>amor</strong></span> <span class='ocrx_word' id='word_1_257' title='bbox 2142 700 2335 756; x_wconf 89' lang='lat' dir='ltr'><strong>carnis</strong></span> <span class='ocrx_word' id='word_1_258' title='bbox 2368 718 2401 757; x_wconf 90' lang='lat' dir='ltr'><strong>a</strong></span> <span class='ocrx_word' id='word_1_259' title='bbox 2430 701 2646 757; x_wconf 88' lang='lat' dir='ltr'><strong>Satana</strong></span> <span class='ocrx_word' id='word_1_260' title='bbox 2666 700 3083 773; x_wconf 85' lang='lat' dir='ltr'><strong>veniens,alius</strong></span> <span class='ocrx_word' id='word_1_261' title='bbox 3105 717 3269 758; x_wconf 90' lang='lat' dir='ltr'><strong>amor</strong></span> <span class='ocrx_word' id='word_1_262' title='bbox 3292 700 3537 774; x_wconf 87' lang='lat' dir='ltr'><strong>spiritus</strong></span> <span class='ocrx_word' id='word_1_263' title='bbox 3559 717 3593 756; x_wconf 90' lang='lat' dir='ltr'><strong>a</strong></span> 
     </span>
    </p>
   </div>
   <div class='ocr_carea' id='block_1_37' title="bbox 1948 784 3591 863">
    <p class='ocr_par' dir='ltr' id='par_1_37' title="bbox 1948 784 3591 863">
     <span class='ocr_line' id='line_1_37' title="bbox 1948 784 3591 863; baseline 0.002 -20"><span class='ocrx_word' id='word_1_264' title='bbox 1948 784 2065 844; x_wconf 90' lang='lat' dir='ltr'><strong>Deo</strong></span> <span class='ocrx_word' id='word_1_265' title='bbox 2095 789 2396 845; x_wconf 83' lang='lat' dir='ltr'><strong>exordium</strong></span> <span class='ocrx_word' id='word_1_266' title='bbox 2428 789 2736 863; x_wconf 89' lang='lat' dir='ltr'><strong>habens,et</strong></span> <span class='ocrx_word' id='word_1_267' title='bbox 2772 790 2919 847; x_wconf 90' lang='lat' dir='ltr'><strong>beno</strong></span> <span class='ocrx_word' id='word_1_268' title='bbox 2951 796 3141 863; x_wconf 88' lang='lat' dir='ltr'><strong>potest</strong></span> <span class='ocrx_word' id='word_1_269' title='bbox 3170 788 3401 849; x_wconf 85' lang='lat' dir='ltr'><strong>duobus</strong></span> <span class='ocrx_word' id='word_1_270' title='bbox 3431 807 3591 849; x_wconf 88' lang='lat' dir='ltr'><strong>amo-</strong></span> 
     </span>
    </p>
   </div>
   <div class='ocr_carea' id='block_1_38' title="bbox 1948 875 3589 953">
    <p class='ocr_par' dir='ltr' id='par_1_38' title="bbox 1948 875 3589 953">
     <span class='ocr_line' id='line_1_38' title="bbox 1948 875 3589 953; baseline 0.002 -22"><span class='ocrx_word' id='word_1_271' title='bbox 1948 875 2112 933; x_wconf 87' lang='lat' dir='ltr'><strong>ribus</strong></span> <span class='ocrx_word' id='word_1_272' title='bbox 2144 878 2446 950; x_wconf 90' lang='lat' dir='ltr'><strong>possideri.</strong></span> <span class='ocrx_word' id='word_1_273' title='bbox 2478 880 2537 935; x_wconf 91' lang='lat' dir='ltr'><strong>Si</strong></span> <span class='ocrx_word' id='word_1_274' title='bbox 2570 880 2763 936; x_wconf 89' lang='lat' dir='ltr'><strong>carnis</strong></span> <span class='ocrx_word' id='word_1_275' title='bbox 2794 885 3020 936; x_wconf 84' lang='lat' dir='ltr'><strong>amator</strong></span> <span class='ocrx_word' id='word_1_276' title='bbox 3047 897 3129 936; x_wconf 82' lang='lat' dir='ltr'><strong>es.</strong></span> <span class='ocrx_word' id='word_1_277' title='bbox 3163 896 3419 937; x_wconf 89' lang='lat' dir='ltr'><strong>amorem</strong></span> <span class='ocrx_word' id='word_1_278' title='bbox 3471 880 3589 953; x_wconf 90' lang='lat' dir='ltr'><strong>spi-</strong></span> 
     </span>
    </p>
   </div>
   <div class='ocr_carea' id='block_1_39' title="bbox 1949 963 3591 1042">
    <p class='ocr_par' dir='ltr' id='par_1_39' title="bbox 1949 963 3591 1042">
     <span class='ocr_line' id='line_1_39' title="bbox 1949 963 3591 1042; baseline 0.003 -22"><span class='ocrx_word' id='word_1_279' title='bbox 1949 963 2098 1021; x_wconf 83' lang='lat' dir='ltr'><strong>ritus</strong></span> <span class='ocrx_word' id='word_1_280' title='bbox 2122 983 2235 1021; x_wconf 92' lang='lat' dir='ltr'><strong>non</strong></span> <span class='ocrx_word' id='word_1_281' title='bbox 2268 968 2447 1039; x_wconf 89' lang='lat' dir='ltr'><strong>capis.</strong></span> <span class='ocrx_word' id='word_1_282' title='bbox 2483 968 2541 1024; x_wconf 91' lang='lat' dir='ltr'><strong>Si</strong></span> <span class='ocrx_word' id='word_1_283' title='bbox 2562 969 2760 1024; x_wconf 88' lang='lat' dir='ltr'><strong>omnia</strong></span> <span class='ocrx_word' id='word_1_284' title='bbox 2790 968 3112 1041; x_wconf 84' lang='lat' dir='ltr'><strong>corporalia</strong></span> <span class='ocrx_word' id='word_1_285' title='bbox 3132 970 3591 1042; x_wconf 82' lang='lat' dir='ltr'><strong>despexisti,non</strong></span> 
     </span>
    </p>
   </div>
   <div class='ocr_carea' id='block_1_40' title="bbox 1948 1054 3589 1131">
    <p class='ocr_par' dir='ltr' id='par_1_40' title="bbox 1948 1054 3589 1131">
     <span class='ocr_line' id='line_1_40' title="bbox 1948 1054 3589 1131; baseline 0.003 -22"><span class='ocrx_word' id='word_1_286' title='bbox 1948 1054 2077 1110; x_wconf 89' lang='lat' dir='ltr'><strong>dico</strong></span> <span class='ocrx_word' id='word_1_287' title='bbox 2109 1072 2344 1112; x_wconf 90' lang='lat' dir='ltr'><strong>carnem</strong></span> <span class='ocrx_word' id='word_1_288' title='bbox 2376 1062 2479 1113; x_wconf 90' lang='lat' dir='ltr'><strong>aut</strong></span> <span class='ocrx_word' id='word_1_289' title='bbox 2509 1058 2856 1129; x_wconf 89' lang='lat' dir='ltr'><strong>sanguinem</strong></span> <span class='ocrx_word' id='word_1_290' title='bbox 2892 1059 2989 1114; x_wconf 90' lang='lat' dir='ltr'><strong>sed</strong></span> <span class='ocrx_word' id='word_1_291' title='bbox 3024 1062 3331 1131; x_wconf 81' lang='lat' dir='ltr'><strong>argentum</strong></span> <span class='ocrx_word' id='word_1_292' title='bbox 3370 1063 3428 1114; x_wconf 91' lang='lat' dir='ltr'><strong>et</strong></span> <span class='ocrx_word' id='word_1_293' title='bbox 3458 1074 3589 1131; x_wconf 91' lang='lat' dir='ltr'><strong>pos-</strong></span> 
     </span>
    </p>
   </div>
   <div class='ocr_carea' id='block_1_41' title="bbox 1948 1145 3593 1221">
    <p class='ocr_par' dir='ltr' id='par_1_41' title="bbox 1948 1145 3593 1221">
     <span class='ocr_line' id='line_1_41' title="bbox 1948 1145 3593 1221; baseline 0.003 -23"><span class='ocrx_word' id='word_1_294' title='bbox 1948 1145 2263 1211; x_wconf 86' lang='lat' dir='ltr'><strong>sessiones,</strong></span> <span class='ocrx_word' id='word_1_295' title='bbox 2296 1146 2398 1201; x_wconf 89' lang='lat' dir='ltr'><strong>sed</strong></span> <span class='ocrx_word' id='word_1_296' title='bbox 2429 1147 2617 1218; x_wconf 89' lang='lat' dir='ltr'><strong>ipsam</strong></span> <span class='ocrx_word' id='word_1_297' title='bbox 2647 1151 2832 1202; x_wconf 90' lang='lat' dir='ltr'><strong>teram</strong></span> <span class='ocrx_word' id='word_1_298' title='bbox 2866 1148 3179 1221; x_wconf 90' lang='lat' dir='ltr'><strong>ipsumque</strong></span> <span class='ocrx_word' id='word_1_299' title='bbox 3210 1147 3440 1215; x_wconf 77' lang='lat' dir='ltr'><strong>coelum,</strong></span> <span class='ocrx_word' id='word_1_300' title='bbox 3471 1146 3593 1203; x_wconf 69' lang='lat' dir='ltr'><strong>haec</strong></span> 
     </span>
    </p>
   </div>
   <div class='ocr_carea' id='block_1_42' title="bbox 1948 1231 3590 1309">
    <p class='ocr_par' dir='ltr' id='par_1_42' title="bbox 1948 1231 3590 1309">
     <span class='ocr_line' id='line_1_42' title="bbox 1948 1231 3590 1309; baseline 0.004 -24"><span class='ocrx_word' id='word_1_301' title='bbox 1948 1231 2165 1304; x_wconf 90' lang='lat' dir='ltr'><strong>quippe</strong></span> <span class='ocrx_word' id='word_1_302' title='bbox 2196 1234 2633 1305; x_wconf 82' lang='lat' dir='ltr'><strong>pertransibunt</strong></span> <span class='ocrx_word' id='word_1_303' title='bbox 2670 1251 2683 1289; x_wconf 89' lang='lat'><strong>:</strong></span> <span class='ocrx_word' id='word_1_304' title='bbox 2719 1235 2767 1291; x_wconf 90' lang='lat' dir='ltr'><strong>si</strong></span> <span class='ocrx_word' id='word_1_305' title='bbox 2798 1235 2912 1291; x_wconf 88' lang='lat' dir='ltr'><strong>ista</strong></span> <span class='ocrx_word' id='word_1_306' title='bbox 2941 1237 3138 1291; x_wconf 90' lang='lat' dir='ltr'><strong>omnia</strong></span> <span class='ocrx_word' id='word_1_307' title='bbox 3166 1235 3590 1309; x_wconf 88' lang='lat' dir='ltr'><strong>contempsisti.</strong></span> 
     </span>
    </p>
   </div>
   <div class='ocr_carea' id='block_1_43' title="bbox 1948 1320 3595 1399">
    <p class='ocr_par' dir='ltr' id='par_1_43' title="bbox 1948 1320 3595 1399">
     <span class='ocr_line' id='line_1_43' title="bbox 1948 1320 3595 1399; baseline 0.004 -23"><span class='ocrx_word' id='word_1_308' title='bbox 1948 1324 2006 1376; x_wconf 89' lang='lat' dir='ltr'><strong>et</strong></span> <span class='ocrx_word' id='word_1_309' title='bbox 2036 1321 2105 1375; x_wconf 90' lang='lat' dir='ltr'><strong>ad</strong></span> <span class='ocrx_word' id='word_1_310' title='bbox 2139 1320 2369 1377; x_wconf 90' lang='lat' dir='ltr'><strong>nullum</strong></span> <span class='ocrx_word' id='word_1_311' title='bbox 2402 1322 2611 1379; x_wconf 89' lang='lat' dir='ltr'><strong>horum</strong></span> <span class='ocrx_word' id='word_1_312' title='bbox 2646 1322 2845 1380; x_wconf 90' lang='lat' dir='ltr'><strong>anima</strong></span> <span class='ocrx_word' id='word_1_313' title='bbox 2867 1329 2968 1380; x_wconf 90' lang='lat' dir='ltr'><strong>tua</strong></span> <span class='ocrx_word' id='word_1_314' title='bbox 2995 1323 3252 1397; x_wconf 88' lang='lat' dir='ltr'><strong>obligata</strong></span> <span class='ocrx_word' id='word_1_315' title='bbox 3271 1329 3380 1399; x_wconf 90' lang='lat' dir='ltr'><strong>est,</strong></span> <span class='ocrx_word' id='word_1_316' title='bbox 3405 1341 3595 1399; x_wconf 87' lang='lat' dir='ltr'><strong>neque</strong></span> 
     </span>
    </p>
   </div>
   <div class='ocr_carea' id='block_1_44' title="bbox 1949 1410 3594 1486">
    <p class='ocr_par' dir='ltr' id='par_1_44' title="bbox 1949 1410 3594 1486">
     <span class='ocr_line' id='line_1_44' title="bbox 1949 1410 3594 1486; baseline 0.004 -22"><span class='ocrx_word' id='word_1_317' title='bbox 1949 1424 2247 1481; x_wconf 90' lang='lat' dir='ltr'><strong>quoquam</strong></span> <span class='ocrx_word' id='word_1_318' title='bbox 2277 1410 2550 1467; x_wconf 89' lang='lat' dir='ltr'><strong>vitiorum</strong></span> <span class='ocrx_word' id='word_1_319' title='bbox 2595 1428 2792 1468; x_wconf 88' lang='lat' dir='ltr'><strong>amore</strong></span> <span class='ocrx_word' id='word_1_320' title='bbox 2820 1412 3110 1480; x_wconf 88' lang='lat' dir='ltr'><strong>retineris,</strong></span> <span class='ocrx_word' id='word_1_321' title='bbox 3142 1417 3305 1486; x_wconf 89' lang='lat' dir='ltr'><strong>potes</strong></span> <span class='ocrx_word' id='word_1_322' title='bbox 3334 1430 3594 1470; x_wconf 91' lang='lat' dir='ltr'><strong>amorem</strong></span> 
     </span>
    </p>
   </div>
   <div class='ocr_carea' id='block_1_45' title="bbox 1950 1497 3597 1575">
    <p class='ocr_par' dir='ltr' id='par_1_45' title="bbox 1950 1497 3597 1575">
     <span class='ocr_line' id='line_1_45' title="bbox 1950 1497 3597 1575; baseline 0.004 -23"><span class='ocrx_word' id='word_1_323' title='bbox 1950 1512 2155 1569; x_wconf 88' lang='lat' dir='ltr'><strong>capere</strong></span> <span class='ocrx_word' id='word_1_324' title='bbox 2203 1497 2546 1570; x_wconf 78' lang='lat' dir='ltr'><strong>spiritalem.</strong></span> <span class='ocrx_word' id='word_1_325' title='bbox 2601 1501 2684 1556; x_wconf 87' lang='lat' dir='ltr'><strong>lta</strong></span> <span class='ocrx_word' id='word_1_326' title='bbox 2731 1500 2910 1557; x_wconf 89' lang='lat' dir='ltr'><strong>locuti</strong></span> <span class='ocrx_word' id='word_1_327' title='bbox 2954 1518 3162 1558; x_wconf 89' lang='lat' dir='ltr'><strong>sumus</strong></span> <span class='ocrx_word' id='word_1_328' title='bbox 3227 1502 3363 1575; x_wconf 89' lang='lat' dir='ltr'><strong>quia</strong></span> <span class='ocrx_word' id='word_1_329' title='bbox 3407 1503 3597 1560; x_wconf 87' lang='lat' dir='ltr'><strong>evenit</strong></span> 
     </span>
    </p>
   </div>
   <div class='ocr_carea' id='block_1_46' title="bbox 1951 1587 3588 1663">
    <p class='ocr_par' dir='ltr' id='par_1_46' title="bbox 1951 1587 3588 1663">
     <span class='ocr_line' id='line_1_46' title="bbox 1951 1587 3588 1663; baseline 0.005 -21"><span class='ocrx_word' id='word_1_330' title='bbox 1951 1587 2199 1652; x_wconf 90' lang='lat' dir='ltr'><strong>occasio,</strong></span> <span class='ocrx_word' id='word_1_331' title='bbox 2239 1591 2304 1642; x_wconf 90' lang='lat' dir='ltr'><strong>ut</strong></span> <span class='ocrx_word' id='word_1_332' title='bbox 2336 1588 2405 1644; x_wconf 91' lang='lat' dir='ltr'><strong>de</strong></span> <span class='ocrx_word' id='word_1_333' title='bbox 2448 1605 2646 1645; x_wconf 90' lang='lat' dir='ltr'><strong>amore</strong></span> <span class='ocrx_word' id='word_1_334' title='bbox 2695 1588 2943 1661; x_wconf 86' lang='lat' dir='ltr'><strong>spiritali</strong></span> <span class='ocrx_word' id='word_1_335' title='bbox 2996 1591 3194 1663; x_wconf 88' lang='lat' dir='ltr'><strong>aliqua</strong></span> <span class='ocrx_word' id='word_1_336' title='bbox 3232 1590 3588 1650; x_wconf 85' lang='lat' dir='ltr'><strong>diceremus.</strong></span> 
     </span>
    </p>
   </div>
   <div class='ocr_carea' id='block_1_47' title="bbox 1950 1675 3597 1752">
    <p class='ocr_par' dir='ltr' id='par_1_47' title="bbox 1950 1675 3597 1752">
     <span class='ocr_line' id='line_1_47' title="bbox 1950 1675 3597 1752; baseline 0.004 -21"><span class='ocrx_word' id='word_1_337' title='bbox 1950 1675 2196 1747; x_wconf 85' lang='lat' dir='ltr'><strong>Expedit</strong></span> <span class='ocrx_word' id='word_1_338' title='bbox 2226 1680 2421 1732; x_wconf 89' lang='lat' dir='ltr'><strong>autem</strong></span> <span class='ocrx_word' id='word_1_339' title='bbox 2456 1678 2624 1733; x_wconf 91' lang='lat' dir='ltr'><strong>nobis</strong></span> <span class='ocrx_word' id='word_1_340' title='bbox 2673 1678 3007 1734; x_wconf 91' lang='lat' dir='ltr'><strong>Salomonis</strong></span> <span class='ocrx_word' id='word_1_341' title='bbox 3047 1680 3339 1735; x_wconf 90' lang='lat' dir='ltr'><strong>custodire</strong></span> <span class='ocrx_word' id='word_1_342' title='bbox 3386 1696 3597 1752; x_wconf 64' lang='lat' dir='ltr'><strong>praece-</strong></span> 
     </span>
    </p>
   </div>
   <div class='ocr_carea' id='block_1_48' title="bbox 1952 1766 3600 1843">
    <p class='ocr_par' dir='ltr' id='par_1_48' title="bbox 1952 1766 3600 1843">
     <span class='ocr_line' id='line_1_48' title="bbox 1952 1766 3600 1843; baseline 0.004 -24"><span class='ocrx_word' id='word_1_343' title='bbox 1952 1768 2141 1836; x_wconf 89' lang='lat' dir='ltr'><strong>ptum,</strong></span> <span class='ocrx_word' id='word_1_344' title='bbox 2175 1770 2231 1821; x_wconf 91' lang='lat' dir='ltr'><strong>et</strong></span> <span class='ocrx_word' id='word_1_345' title='bbox 2262 1767 2449 1838; x_wconf 87' lang='lat' dir='ltr'><strong>magis</strong></span> <span class='ocrx_word' id='word_1_346' title='bbox 2480 1766 2640 1823; x_wconf 89' lang='lat' dir='ltr'><strong>illius</strong></span> <span class='ocrx_word' id='word_1_347' title='bbox 2671 1767 2770 1841; x_wconf 90' lang='lat' dir='ltr'><strong>qui</strong></span> <span class='ocrx_word' id='word_1_348' title='bbox 2820 1786 2925 1840; x_wconf 90' lang='lat' dir='ltr'><strong>per</strong></span> <span class='ocrx_word' id='word_1_349' title='bbox 2971 1767 3343 1825; x_wconf 89' lang='lat' dir='ltr'><strong>Salomonem</strong></span> <span class='ocrx_word' id='word_1_350' title='bbox 3396 1768 3600 1843; x_wconf 86' lang='lat' dir='ltr'><strong>loque—</strong></span> 
     </span>
    </p>
   </div>
   <div class='ocr_carea' id='block_1_49' title="bbox 1951 1853 3598 1927">
    <p class='ocr_par' dir='ltr' id='par_1_49' title="bbox 1951 1853 3598 1927">
     <span class='ocr_line' id='line_1_49' title="bbox 1951 1853 3598 1927; baseline 0.004 -19"><span class='ocrx_word' id='word_1_351' title='bbox 1951 1853 2144 1919; x_wconf 87' lang='lat' dir='ltr'><strong>batur,</strong></span> <span class='ocrx_word' id='word_1_352' title='bbox 2177 1854 2248 1910; x_wconf 89' lang='lat' dir='ltr'><strong>de</strong></span> <span class='ocrx_word' id='word_1_353' title='bbox 2279 1855 2566 1927; x_wconf 84' lang='lat' dir='ltr'><strong>sapientia</strong></span> <span class='ocrx_word' id='word_1_354' title='bbox 2593 1856 2672 1911; x_wconf 81' lang='lat' dir='ltr'><strong>ita</strong></span> <span class='ocrx_word' id='word_1_355' title='bbox 2720 1858 2920 1913; x_wconf 91' lang='lat' dir='ltr'><strong>dicens</strong></span> <span class='ocrx_word' id='word_1_356' title='bbox 2949 1874 2961 1913; x_wconf 95' lang='lat'><strong>:</strong></span> <span class='ocrx_word' id='word_1_357' title='bbox 2989 1858 3127 1913; x_wconf 87' lang='lat' dir='ltr'><strong>Ama</strong></span> <span class='ocrx_word' id='word_1_358' title='bbox 3177 1859 3357 1925; x_wconf 87' lang='lat' dir='ltr'><strong>illam,</strong></span> <span class='ocrx_word' id='word_1_359' title='bbox 3407 1862 3458 1914; x_wconf 89' lang='lat' dir='ltr'><strong>et</strong></span> <span class='ocrx_word' id='word_1_360' title='bbox 3488 1874 3598 1914; x_wconf 87' lang='lat' dir='ltr'><strong>ser-</strong></span> 
     </span>
    </p>
   </div>
   <div class='ocr_carea' id='block_1_50' title="bbox 1952 1943 3605 2015">
    <p class='ocr_par' dir='ltr' id='par_1_50' title="bbox 1952 1943 3605 2015">
     <span class='ocr_line' id='line_1_50' title="bbox 1952 1943 3605 2015; baseline 0.004 -18"><span class='ocrx_word' id='word_1_361' title='bbox 1952 1943 2099 1998; x_wconf 89' lang='lat' dir='ltr'><strong>vabit</strong></span> <span class='ocrx_word' id='word_1_362' title='bbox 2129 1947 2180 1998; x_wconf 87' lang='lat' dir='ltr'><strong>te</strong></span> <span class='ocrx_word' id='word_1_363' title='bbox 2208 1962 2230 2008; x_wconf 80' lang='lat'><strong>,-</strong></span> <span class='ocrx_word' id='word_1_364' title='bbox 2257 1947 2536 2000; x_wconf 86' lang='lat' dir='ltr'><strong>circumda</strong></span> <span class='ocrx_word' id='word_1_365' title='bbox 2580 1946 2763 2015; x_wconf 82' lang='lat' dir='ltr'><strong>illam,</strong></span> <span class='ocrx_word' id='word_1_366' title='bbox 2819 1951 2870 2003; x_wconf 88' lang='lat' dir='ltr'><strong>et</strong></span> <span class='ocrx_word' id='word_1_367' title='bbox 2917 1947 3190 2003; x_wconf 71' lang='lat' dir='ltr'><strong>exaltabit</strong></span> <span class='ocrx_word' id='word_1_368' title='bbox 3239 1956 3291 2003; x_wconf 90' lang='lat' dir='ltr'><strong>te</strong></span> <span class='ocrx_word' id='word_1_369' title='bbox 3328 1964 3348 2009; x_wconf 83' lang='lat'><strong>,&#39;</strong></span> <span class='ocrx_word' id='word_1_370' title='bbox 3398 1954 3605 2004; x_wconf 84' lang='lat' dir='ltr'><strong>honora</strong></span> 
     </span>
    </p>
   </div>
   <div class='ocr_carea' id='block_1_51' title="bbox 1953 2031 3603 2109">
    <p class='ocr_par' dir='ltr' id='par_1_51' title="bbox 1953 2031 3603 2109">
     <span class='ocr_line' id='line_1_51' title="bbox 1953 2031 3603 2109; baseline 0.004 -24"><span class='ocrx_word' id='word_1_371' title='bbox 1953 2031 2131 2099; x_wconf 85' lang='lat' dir='ltr'><strong>illam,</strong></span> <span class='ocrx_word' id='word_1_372' title='bbox 2166 2040 2225 2087; x_wconf 88' lang='lat' dir='ltr'><strong>ut</strong></span> <span class='ocrx_word' id='word_1_373' title='bbox 2253 2042 2303 2088; x_wconf 87' lang='lat' dir='ltr'><strong>te</strong></span> <span class='ocrx_word' id='word_1_374' title='bbox 2341 2035 2704 2105; x_wconf 81' lang='lat' dir='ltr'><strong>amplectatur</strong></span> <span class='ocrx_word' id='word_1_375' title='bbox 2749 2035 2814 2089; x_wconf 60' lang='grc' dir='ltr'><strong>ιθ.</strong></span> <span class='ocrx_word' id='word_1_376' title='bbox 2876 2035 2978 2091; x_wconf 89' lang='lat' dir='ltr'><strong>Est</strong></span> <span class='ocrx_word' id='word_1_377' title='bbox 3024 2036 3263 2108; x_wconf 90' lang='lat' dir='ltr'><strong>quidam</strong></span> <span class='ocrx_word' id='word_1_378' title='bbox 3321 2035 3603 2109; x_wconf 88' lang='lat' dir='ltr'><strong>spiritalis</strong></span> 
     </span>
    </p>
   </div>
   <div class='ocr_carea' id='block_1_52' title="bbox 1953 2119 3601 2198">
    <p class='ocr_par' dir='ltr' id='par_1_52' title="bbox 1953 2119 3601 2198">
     <span class='ocr_line' id='line_1_52' title="bbox 1953 2119 3601 2198; baseline 0.004 -24"><span class='ocrx_word' id='word_1_379' title='bbox 1953 2119 2276 2192; x_wconf 87' lang='lat' dir='ltr'><strong>amplexus,</strong></span> <span class='ocrx_word' id='word_1_380' title='bbox 2309 2125 2483 2193; x_wconf 89' lang='lat' dir='ltr'><strong>atque</strong></span> <span class='ocrx_word' id='word_1_381' title='bbox 2513 2122 2740 2178; x_wconf 89' lang='lat' dir='ltr'><strong>utinam</strong></span> <span class='ocrx_word' id='word_1_382' title='bbox 2771 2124 3071 2198; x_wconf 84' lang='lat' dir='ltr'><strong>contingat</strong></span> <span class='ocrx_word' id='word_1_383' title='bbox 3105 2129 3168 2180; x_wconf 91' lang='lat' dir='ltr'><strong>ut</strong></span> <span class='ocrx_word' id='word_1_384' title='bbox 3199 2141 3389 2181; x_wconf 86' lang='lat' dir='ltr'><strong>meam</strong></span> <span class='ocrx_word' id='word_1_385' title='bbox 3420 2141 3601 2198; x_wconf 84' lang='lat' dir='ltr'><strong>spon—</strong></span> 
     </span>
    </p>
   </div>
   <div class='ocr_carea' id='block_1_53' title="bbox 1953 2210 3601 2286">
    <p class='ocr_par' dir='ltr' id='par_1_53' title="bbox 1953 2210 3601 2286">
     <span class='ocr_line' id='line_1_53' title="bbox 1953 2210 3601 2286; baseline 0.004 -22"><span class='ocrx_word' id='word_1_386' title='bbox 1953 2224 2081 2264; x_wconf 91' lang='lat' dir='ltr'><strong>sam</strong></span> <span class='ocrx_word' id='word_1_387' title='bbox 2111 2210 2330 2264; x_wconf 87' lang='lat' dir='ltr'><strong>arctius</strong></span> <span class='ocrx_word' id='word_1_388' title='bbox 2360 2210 2436 2281; x_wconf 85' lang='lat'><strong>(6)</strong></span> <span class='ocrx_word' id='word_1_389' title='bbox 2469 2211 2667 2282; x_wconf 89' lang='lat' dir='ltr'><strong>sponsi</strong></span> <span class='ocrx_word' id='word_1_390' title='bbox 2713 2211 3021 2283; x_wconf 84' lang='lat' dir='ltr'><strong>amplexus</strong></span> <span class='ocrx_word' id='word_1_391' title='bbox 3074 2212 3356 2283; x_wconf 89' lang='lat' dir='ltr'><strong>includat,</strong></span> <span class='ocrx_word' id='word_1_392' title='bbox 3384 2218 3449 2269; x_wconf 90' lang='lat' dir='ltr'><strong>ut</strong></span> <span class='ocrx_word' id='word_1_393' title='bbox 3495 2230 3601 2286; x_wconf 88' lang='lat' dir='ltr'><strong>ego</strong></span> 
     </span>
    </p>
   </div>
   <div class='ocr_carea' id='block_1_54' title="bbox 1953 2299 3600 2371">
    <p class='ocr_par' dir='ltr' id='par_1_54' title="bbox 1953 2299 3600 2371">
     <span class='ocr_line' id='line_1_54' title="bbox 1953 2299 3600 2371; baseline 0.004 -20"><span class='ocrx_word' id='word_1_394' title='bbox 1953 2313 2186 2370; x_wconf 88' lang='lat' dir='ltr'><strong>quoque</strong></span> <span class='ocrx_word' id='word_1_395' title='bbox 2209 2299 2427 2369; x_wconf 90' lang='lat' dir='ltr'><strong>possim</strong></span> <span class='ocrx_word' id='word_1_396' title='bbox 2459 2299 2649 2355; x_wconf 90' lang='lat' dir='ltr'><strong>dicere</strong></span> <span class='ocrx_word' id='word_1_397' title='bbox 2695 2300 2849 2371; x_wconf 86' lang='lat' dir='ltr'><strong>quod</strong></span> <span class='ocrx_word' id='word_1_398' title='bbox 2895 2302 2953 2354; x_wconf 88' lang='lat' dir='ltr'><strong>in</strong></span> <span class='ocrx_word' id='word_1_399' title='bbox 3000 2301 3208 2356; x_wconf 89' lang='lat' dir='ltr'><strong>eodem</strong></span> <span class='ocrx_word' id='word_1_400' title='bbox 3260 2300 3410 2357; x_wconf 89' lang='lat' dir='ltr'><strong>libro</strong></span> <span class='ocrx_word' id='word_1_401' title='bbox 3457 2302 3600 2357; x_wconf 85' lang='lat' dir='ltr'><strong>scri-</strong></span> 
     </span>
    </p>
   </div>
   <div class='ocr_carea' id='block_1_55' title="bbox 1954 2386 3602 2460">
    <p class='ocr_par' dir='ltr' id='par_1_55' title="bbox 1954 2386 3602 2460">
     <span class='ocr_line' id='line_1_55' title="bbox 1954 2386 3602 2460; baseline 0.003 -20"><span class='ocrx_word' id='word_1_402' title='bbox 1954 2390 2120 2457; x_wconf 90' lang='lat' dir='ltr'><strong>ptum</strong></span> <span class='ocrx_word' id='word_1_403' title='bbox 2151 2390 2283 2441; x_wconf 89' lang='lat' dir='ltr'><strong>est:</strong></span> <span class='ocrx_word' id='word_1_404' title='bbox 2320 2386 2555 2443; x_wconf 74' lang='lat' dir='ltr'><strong>Sinistra</strong></span> <span class='ocrx_word' id='word_1_405' title='bbox 2596 2390 2712 2459; x_wconf 89' lang='lat' dir='ltr'><strong>ejus</strong></span> <span class='ocrx_word' id='word_1_406' title='bbox 2743 2389 2843 2443; x_wconf 88' lang='lat' dir='ltr'><strong>sub</strong></span> <span class='ocrx_word' id='word_1_407' title='bbox 2889 2391 3069 2460; x_wconf 85' lang='lat' dir='ltr'><strong>capite</strong></span> <span class='ocrx_word' id='word_1_408' title='bbox 3121 2405 3262 2455; x_wconf 87' lang='lat' dir='ltr'><strong>meo,</strong></span> <span class='ocrx_word' id='word_1_409' title='bbox 3312 2394 3362 2446; x_wconf 86' lang='lat' dir='ltr'><strong>et</strong></span> <span class='ocrx_word' id='word_1_410' title='bbox 3409 2390 3602 2447; x_wconf 70' lang='lat' dir='ltr'><strong>dextra</strong></span> 
     </span>
    </p>
   </div>
   <div class='ocr_carea' id='block_1_56' title="bbox 1954 2475 2754 2544">
    <p class='ocr_par' dir='ltr' id='par_1_56' title="bbox 1954 2475 2754 2544">
     <span class='ocr_line' id='line_1_56' title="bbox 1954 2475 2754 2544; baseline 0.003 -15"><span class='ocrx_word' id='word_1_411' title='bbox 1954 2475 2109 2530; x_wconf 87' lang='lat' dir='ltr'><strong>illius</strong></span> <span class='ocrx_word' id='word_1_412' title='bbox 2139 2476 2551 2544; x_wconf 70' lang='lat' dir='ltr'><strong>amplexabitur</strong></span> <span class='ocrx_word' id='word_1_413' title='bbox 2578 2493 2663 2532; x_wconf 89' lang='lat' dir='ltr'><strong>me</strong></span> <span class='ocrx_word' id='word_1_414' title='bbox 2690 2478 2754 2531; x_wconf 71' lang='grc' dir='ltr'><strong>⁸ο.</strong></span> 
     </span>
    </p>
   </div>
   <div class='ocr_carea' id='block_1_57' title="bbox 2025 2564 3603 2639">
    <p class='ocr_par' dir='ltr' id='par_1_57' title="bbox 2025 2564 3603 2639">
     <span class='ocr_line' id='line_1_57' title="bbox 2025 2564 3603 2639; baseline 0.004 -22"><span class='ocrx_word' id='word_1_415' title='bbox 2025 2565 2075 2617; x_wconf 89' lang='grc'><strong>3.</strong></span> <span class='ocrx_word' id='word_1_416' title='bbox 2112 2564 2397 2621; x_wconf 84' lang='lat' dir='ltr'><strong>Osculetur</strong></span> <span class='ocrx_word' id='word_1_417' title='bbox 2421 2581 2510 2621; x_wconf 83' lang='lat' dir='ltr'><strong>me</strong></span> <span class='ocrx_word' id='word_1_418' title='bbox 2541 2583 2677 2639; x_wconf 89' lang='lat' dir='ltr'><strong>ergo</strong></span> <span class='ocrx_word' id='word_1_419' title='bbox 2724 2566 2902 2621; x_wconf 86' lang='lat' dir='ltr'><strong>osculo</strong></span> <span class='ocrx_word' id='word_1_420' title='bbox 2948 2567 3060 2621; x_wconf 88' lang='lat' dir='ltr'><strong>oris</strong></span> <span class='ocrx_word' id='word_1_421' title='bbox 3108 2568 3221 2621; x_wconf 86' lang='lat' dir='ltr'><strong>sui.</strong></span> <span class='ocrx_word' id='word_1_422' title='bbox 3274 2566 3452 2623; x_wconf 88' lang='lat' dir='ltr'><strong>Moris</strong></span> <span class='ocrx_word' id='word_1_423' title='bbox 3512 2571 3603 2623; x_wconf 87' lang='lat' dir='ltr'><strong>est</strong></span> 
     </span>
    </p>
   </div>
   <div class='ocr_carea' id='block_1_58' title="bbox 1954 2652 3601 2728">
    <p class='ocr_par' dir='ltr' id='par_1_58' title="bbox 1954 2652 3601 2728">
     <span class='ocr_line' id='line_1_58' title="bbox 1954 2652 3601 2728; baseline 0.004 -22"><span class='ocrx_word' id='word_1_424' title='bbox 1954 2652 2394 2723; x_wconf 85' lang='lat' dir='ltr'><strong>Scripturarum</strong></span> <span class='ocrx_word' id='word_1_425' title='bbox 2439 2653 2848 2725; x_wconf 85' lang='lat' dir='ltr'><strong>imperativum</strong></span> <span class='ocrx_word' id='word_1_426' title='bbox 2899 2655 3140 2710; x_wconf 89' lang='lat' dir='ltr'><strong>modum</strong></span> <span class='ocrx_word' id='word_1_427' title='bbox 3194 2672 3297 2726; x_wconf 89' lang='lat' dir='ltr'><strong>pro</strong></span> <span class='ocrx_word' id='word_1_428' title='bbox 3344 2657 3601 2728; x_wconf 87' lang='lat' dir='ltr'><strong>optativo</strong></span> 
     </span>
    </p>
   </div>
   <div class='ocr_carea' id='block_1_59' title="bbox 1955 2742 3604 2814">
    <p class='ocr_par' dir='ltr' id='par_1_59' title="bbox 1955 2742 3604 2814">
     <span class='ocr_line' id='line_1_59' title="bbox 1955 2742 3604 2814; baseline 0.005 -20"><span class='ocrx_word' id='word_1_429' title='bbox 1955 2757 2189 2813; x_wconf 82' lang='lat' dir='ltr'><strong>ponere,</strong></span> <span class='ocrx_word' id='word_1_430' title='bbox 2227 2746 2290 2797; x_wconf 90' lang='lat' dir='ltr'><strong>ut</strong></span> <span class='ocrx_word' id='word_1_431' title='bbox 2318 2742 2396 2797; x_wconf 89' lang='lat' dir='ltr'><strong>ibi</strong></span> <span class='ocrx_word' id='word_1_432' title='bbox 2438 2760 2450 2799; x_wconf 90' lang='lat'>:</span> <span class='ocrx_word' id='word_1_433' title='bbox 2485 2745 2654 2798; x_wconf 81' lang='lat' dir='ltr'><strong>Pater</strong></span> <span class='ocrx_word' id='word_1_434' title='bbox 2681 2746 2868 2798; x_wconf 85' lang='lat' dir='ltr'><strong>noster</strong></span> <span class='ocrx_word' id='word_1_435' title='bbox 2899 2744 2995 2814; x_wconf 88' lang='lat' dir='ltr'><strong>qui</strong></span> <span class='ocrx_word' id='word_1_436' title='bbox 3022 2746 3098 2799; x_wconf 90' lang='lat' dir='ltr'><strong>est</strong></span> <span class='ocrx_word' id='word_1_437' title='bbox 3130 2744 3191 2798; x_wconf 90' lang='lat' dir='ltr'><strong>iu</strong></span> <span class='ocrx_word' id='word_1_438' title='bbox 3210 2745 3384 2814; x_wconf 67' lang='lat' dir='ltr'><strong>caelis,</strong></span> <span class='ocrx_word' id='word_1_439' title='bbox 3405 2746 3604 2802; x_wconf 80' lang='lat' dir='ltr'><strong>sancti-</strong></span> 
     </span>
    </p>
   </div>
   <div class='ocr_carea' id='block_1_60' title="bbox 1953 2828 3599 2903">
    <p class='ocr_par' dir='ltr' id='par_1_60' title="bbox 1953 2828 3599 2903">
     <span class='ocr_line' id='line_1_60' title="bbox 1953 2828 3599 2903; baseline 0.004 -19"><span class='ocrx_word' id='word_1_440' title='bbox 1953 2828 2146 2899; x_wconf 83' lang='lat' dir='ltr'><strong>ﬁcelur</strong></span> <span class='ocrx_word' id='word_1_441' title='bbox 2173 2846 2367 2886; x_wconf 85' lang='lat' dir='ltr'><strong>nomen</strong></span> <span class='ocrx_word' id='word_1_442' title='bbox 2411 2835 2569 2886; x_wconf 86' lang='lat' dir='ltr'><strong>tuum</strong></span> <span class='ocrx_word' id='word_1_443' title='bbox 2599 2831 2663 2899; x_wconf 75' lang='grc' dir='ltr'><strong>⁵ο,</strong></span> <span class='ocrx_word' id='word_1_444' title='bbox 2720 2848 2823 2903; x_wconf 89' lang='lat' dir='ltr'><strong>pro</strong></span> <span class='ocrx_word' id='word_1_445' title='bbox 2871 2830 3099 2887; x_wconf 86' lang='lat' dir='ltr'><strong>Utinam</strong></span> <span class='ocrx_word' id='word_1_446' title='bbox 3154 2833 3599 2901; x_wconf 82' lang='lat' dir='ltr'><strong>sanetiﬁcetur;</strong></span> 
     </span>
    </p>
   </div>
   <div class='ocr_carea' id='block_1_61' title="bbox 1954 2919 3600 2991">
    <p class='ocr_par' dir='ltr' id='par_1_61' title="bbox 1954 2919 3600 2991">
     <span class='ocr_line' id='line_1_61' title="bbox 1954 2919 3600 2991; baseline 0.002 -17"><span class='ocrx_word' id='word_1_447' title='bbox 1954 2924 2009 2974; x_wconf 87' lang='lat' dir='ltr'><strong>et</strong></span> <span class='ocrx_word' id='word_1_448' title='bbox 2041 2935 2198 2975; x_wconf 89' lang='lat' dir='ltr'><strong>nunc</strong></span> <span class='ocrx_word' id='word_1_449' title='bbox 2229 2919 2283 2974; x_wconf 90' lang='lat' dir='ltr'><strong>in</strong></span> <span class='ocrx_word' id='word_1_450' title='bbox 2320 2920 2586 2991; x_wconf 87' lang='lat' dir='ltr'><strong>praesenti</strong></span> <span class='ocrx_word' id='word_1_451' title='bbox 2623 2936 2636 2973; x_wconf 91' lang='lat'>:</span> <span class='ocrx_word' id='word_1_452' title='bbox 2674 2921 2954 2976; x_wconf 82' lang='lat' dir='ltr'><strong>Osculetur</strong></span> <span class='ocrx_word' id='word_1_453' title='bbox 2981 2937 3067 2975; x_wconf 88' lang='lat' dir='ltr'><strong>me</strong></span> <span class='ocrx_word' id='word_1_454' title='bbox 3102 2922 3297 2977; x_wconf 80' lang='lat' dir='ltr'><strong>osculo</strong></span> <span class='ocrx_word' id='word_1_455' title='bbox 3334 2924 3453 2977; x_wconf 87' lang='lat' dir='ltr'><strong>oris</strong></span> <span class='ocrx_word' id='word_1_456' title='bbox 3489 2924 3600 2990; x_wconf 87' lang='lat' dir='ltr'><strong>sui,</strong></span> 
     </span>
    </p>
   </div>
   <div class='ocr_carea' id='block_1_62' title="bbox 1953 3008 3603 3082">
    <p class='ocr_par' dir='ltr' id='par_1_62' title="bbox 1953 3008 3603 3082">
     <span class='ocr_line' id='line_1_62' title="bbox 1953 3008 3603 3082; baseline 0.002 -20"><span class='ocrx_word' id='word_1_457' title='bbox 1953 3023 2059 3079; x_wconf 89' lang='lat' dir='ltr'><strong>pro</strong></span> <span class='ocrx_word' id='word_1_458' title='bbox 2096 3024 2163 3063; x_wconf 90' lang='lat' dir='ltr'><strong>eo</strong></span> <span class='ocrx_word' id='word_1_459' title='bbox 2196 3008 2349 3080; x_wconf 90' lang='lat' dir='ltr'><strong>quod</strong></span> <span class='ocrx_word' id='word_1_460' title='bbox 2382 3015 2492 3075; x_wconf 87' lang='lat' dir='ltr'><strong>est,</strong></span> <span class='ocrx_word' id='word_1_461' title='bbox 2526 3010 2759 3065; x_wconf 87' lang='lat' dir='ltr'><strong>Utinam</strong></span> <span class='ocrx_word' id='word_1_462' title='bbox 2794 3009 3107 3065; x_wconf 89' lang='lat' dir='ltr'><strong>osculetur.</strong></span> <span class='ocrx_word' id='word_1_463' title='bbox 3132 3009 3350 3066; x_wconf 87' lang='lat' dir='ltr'><strong>Deinde</strong></span> <span class='ocrx_word' id='word_1_464' title='bbox 3376 3010 3603 3082; x_wconf 87' lang='lat' dir='ltr'><strong>conspi-</strong></span> 
     </span>
    </p>
   </div>
   <div class='ocr_carea' id='block_1_63' title="bbox 1953 3095 3603 3170">
    <p class='ocr_par' dir='ltr' id='par_1_63' title="bbox 1953 3095 3603 3170">
     <span class='ocr_line' id='line_1_63' title="bbox 1953 3095 3603 3170; baseline 0.003 -20"><span class='ocrx_word' id='word_1_465' title='bbox 1953 3095 2032 3151; x_wconf 92' lang='lat' dir='ltr'><strong>cit</strong></span> <span class='ocrx_word' id='word_1_466' title='bbox 2061 3113 2369 3168; x_wconf 90' lang='lat' dir='ltr'><strong>sponsum.</strong></span> <span class='ocrx_word' id='word_1_467' title='bbox 2400 3098 2573 3153; x_wconf 89' lang='lat' dir='ltr'><strong>Venit</strong></span> <span class='ocrx_word' id='word_1_468' title='bbox 2592 3097 2891 3153; x_wconf 90' lang='lat' dir='ltr'><strong>delibutus</strong></span> <span class='ocrx_word' id='word_1_469' title='bbox 2913 3098 3232 3170; x_wconf 83' lang='lat' dir='ltr'><strong>unguentis</strong></span> <span class='ocrx_word' id='word_1_470' title='bbox 3267 3116 3280 3154; x_wconf 90' lang='lat'>:</span> <span class='ocrx_word' id='word_1_471' title='bbox 3308 3115 3412 3154; x_wconf 91' lang='lat' dir='ltr'><strong>nec</strong></span> <span class='ocrx_word' id='word_1_472' title='bbox 3435 3098 3603 3156; x_wconf 89' lang='lat' dir='ltr'><strong>aliter</strong></span> 
     </span>
    </p>
   </div>
   <div class='ocr_carea' id='block_1_64' title="bbox 1952 3184 3601 3257">
    <p class='ocr_par' dir='ltr' id='par_1_64' title="bbox 1952 3184 3601 3257">
     <span class='ocr_line' id='line_1_64' title="bbox 1952 3184 3601 3257; baseline 0.002 -18"><span class='ocrx_word' id='word_1_473' title='bbox 1952 3184 2023 3239; x_wconf 90' lang='lat' dir='ltr'><strong>ad</strong></span> <span class='ocrx_word' id='word_1_474' title='bbox 2058 3201 2335 3255; x_wconf 88' lang='lat' dir='ltr'><strong>sponsam</strong></span> <span class='ocrx_word' id='word_1_475' title='bbox 2370 3191 2593 3257; x_wconf 84' lang='lat' dir='ltr'><strong>poterat</strong></span> <span class='ocrx_word' id='word_1_476' title='bbox 2625 3186 2842 3250; x_wconf 85' lang='lat' dir='ltr'><strong>venire,</strong></span> <span class='ocrx_word' id='word_1_477' title='bbox 2878 3203 2981 3241; x_wconf 92' lang='lat' dir='ltr'><strong>nec</strong></span> <span class='ocrx_word' id='word_1_478' title='bbox 3013 3186 3252 3241; x_wconf 88' lang='lat' dir='ltr'><strong>decebat</strong></span> <span class='ocrx_word' id='word_1_479' title='bbox 3291 3187 3459 3243; x_wconf 86' lang='lat' dir='ltr'><strong>aliter</strong></span> <span class='ocrx_word' id='word_1_480' title='bbox 3489 3187 3601 3242; x_wconf 91' lang='lat' dir='ltr'><strong>Pa-</strong></span> 
     </span>
    </p>
   </div>
   <div class='ocr_carea' id='block_1_65' title="bbox 195 3256 3599 3350">
    <p class='ocr_par' dir='ltr' id='par_1_65' title="bbox 195 3256 3599 3350">
     <span class='ocr_line' id='line_1_65' title="bbox 195 3256 3599 3350; baseline 0 -19"><span class='ocrx_word' id='word_1_481' title='bbox 195 3256 557 3350; x_wconf 57' lang='lat' dir='ltr'><strong>pbrvenient,</strong></span> <span class='ocrx_word' id='word_1_482' title='bbox 582 3256 651 3330; x_wconf 70' lang='lat' dir='ltr'><strong>ut</strong></span> <span class='ocrx_word' id='word_1_483' title='bbox 675 3274 894 3347; x_wconf 87' lang='lat' dir='ltr'><strong>possim</strong></span> <span class='ocrx_word' id='word_1_484' title='bbox 916 3290 1051 3330; x_wconf 90' lang='lat' dir='ltr'><strong>cum</strong></span> <span class='ocrx_word' id='word_1_485' title='bbox 1072 3256 1348 3347; x_wconf 79' lang='lat' dir='ltr'><strong>Apostolo</strong></span> <span class='ocrx_word' id='word_1_486' title='bbox 1369 3274 1560 3330; x_wconf 88' lang='lat' dir='ltr'><strong>dicere</strong></span> <span class='ocrx_word' id='word_1_487' title='bbox 1594 3292 1607 3330; x_wconf 89' lang='lat'><strong>:</strong></span> <span class='ocrx_word' id='word_1_488' title='bbox 1635 3256 1846 3331; x_wconf 74' lang='lat' dir='ltr'><strong>Christi</strong></span> <span class='ocrx_word' id='word_1_489' title='bbox 1872 3256 1917 3323; x_wconf 71' lang='grc' dir='ltr'><strong>Ο</strong></span> <span class='ocrx_word' id='word_1_490' title='bbox 1955 3274 2105 3327; x_wconf 86' lang='lat' dir='ltr'><strong>trem</strong></span> <span class='ocrx_word' id='word_1_491' title='bbox 2137 3273 2208 3327; x_wconf 87' lang='lat' dir='ltr'><strong>ad</strong></span> <span class='ocrx_word' id='word_1_492' title='bbox 2234 3256 2471 3346; x_wconf 82' lang='lat' dir='ltr'><strong>nuptias</strong></span> <span class='ocrx_word' id='word_1_493' title='bbox 2506 3273 2711 3329; x_wconf 80' lang='lat' dir='ltr'><strong>Filium</strong></span> <span class='ocrx_word' id='word_1_494' title='bbox 2736 3274 3248 3329; x_wconf 84' lang='lat' dir='ltr'><strong>destinare.Variis</strong></span> <span class='ocrx_word' id='word_1_495' title='bbox 3274 3292 3408 3330; x_wconf 89' lang='lat' dir='ltr'><strong>eum</strong></span> <span class='ocrx_word' id='word_1_496' title='bbox 3431 3276 3599 3331; x_wconf 82' lang='lat' dir='ltr'><strong>unxit</strong></span> 
     </span>
    </p>
   </div>
   <div class='ocr_carea' id='block_1_66' title="bbox 198 3363 1841 3421">
    <p class='ocr_par' dir='ltr' id='par_1_66' title="bbox 198 3363 1841 3421">
     <span class='ocr_line' id='line_1_66' title="bbox 198 3363 1841 3421; baseline -0.002 -1"><span class='ocrx_word' id='word_1_497' title='bbox 198 3365 371 3421; x_wconf 78' lang='lat' dir='ltr'><strong>bouus</strong></span> <span class='ocrx_word' id='word_1_498' title='bbox 402 3364 533 3421; x_wconf 74' lang='lat' dir='ltr'><strong>odor</strong></span> <span class='ocrx_word' id='word_1_499' title='bbox 559 3379 748 3419; x_wconf 85' lang='lat' dir='ltr'><strong>sumus</strong></span> <span class='ocrx_word' id='word_1_500' title='bbox 778 3365 837 3418; x_wconf 88' lang='lat' dir='ltr'><strong>in</strong></span> <span class='ocrx_word' id='word_1_501' title='bbox 866 3364 1023 3419; x_wconf 89' lang='lat' dir='ltr'><strong>omni</strong></span> <span class='ocrx_word' id='word_1_502' title='bbox 1066 3363 1179 3419; x_wconf 91' lang='lat' dir='ltr'><strong>loco</strong></span> <span class='ocrx_word' id='word_1_503' title='bbox 1207 3364 1269 3417; x_wconf 77' lang='lat'><strong>“.</strong></span> <span class='ocrx_word' id='word_1_504' title='bbox 1303 3363 1420 3419; x_wconf 90' lang='lat' dir='ltr'><strong>Nos</strong></span> <span class='ocrx_word' id='word_1_505' title='bbox 1459 3368 1654 3419; x_wconf 89' lang='lat' dir='ltr'><strong>autem</strong></span> <span class='ocrx_word' id='word_1_506' title='bbox 1708 3379 1841 3418; x_wconf 91' lang='lat' dir='ltr'><strong>cum</strong></span> 
     </span>
    </p>
   </div>
   <div class='ocr_carea' id='block_1_67' title="bbox 194 3452 1843 3525">
    <p class='ocr_par' dir='ltr' id='par_1_67' title="bbox 194 3452 1843 3525">
     <span class='ocr_line' id='line_1_67' title="bbox 194 3452 1843 3525; baseline -0.002 -14"><span class='ocrx_word' id='word_1_507' title='bbox 194 3454 321 3511; x_wconf 69' lang='lat' dir='ltr'><strong>haec</strong></span> <span class='ocrx_word' id='word_1_508' title='bbox 340 3453 893 3523; x_wconf 79' lang='lat' dir='ltr'><strong>audivimus,adhuc</strong></span> <span class='ocrx_word' id='word_1_509' title='bbox 916 3453 1170 3525; x_wconf 88' lang='lat' dir='ltr'><strong>peccatis</strong></span> <span class='ocrx_word' id='word_1_510' title='bbox 1186 3452 1454 3524; x_wconf 88' lang='lat' dir='ltr'><strong>vitiisque</strong></span> <span class='ocrx_word' id='word_1_511' title='bbox 1478 3452 1843 3521; x_wconf 81' lang='lat' dir='ltr'><strong>fcetemus,de</strong></span> 
     </span>
    </p>
   </div>
   <div class='ocr_carea' id='block_1_68' title="bbox 196 3540 1845 3616">
    <p class='ocr_par' dir='ltr' id='par_1_68' title="bbox 196 3540 1845 3616">
     <span class='ocr_line' id='line_1_68' title="bbox 196 3540 1845 3616; baseline -0.002 -17"><span class='ocrx_word' id='word_1_512' title='bbox 196 3542 711 3616; x_wconf 77' lang='lat' dir='ltr'><strong>quibuspropheta</strong></span> <span class='ocrx_word' id='word_1_513' title='bbox 728 3542 1013 3612; x_wconf 79' lang='lat' dir='ltr'><strong>pmnitens</strong></span> <span class='ocrx_word' id='word_1_514' title='bbox 1032 3540 1255 3614; x_wconf 87' lang='lat' dir='ltr'><strong>loquitu</strong></span> <span class='ocrx_word' id='word_1_515' title='bbox 1268 3558 1311 3597; x_wconf 92' lang='lat' dir='ltr'><strong>r:</strong></span> <span class='ocrx_word' id='word_1_516' title='bbox 1336 3543 1738 3598; x_wconf 84' lang='lat' dir='ltr'><strong>Putrueruntet</strong></span> <span class='ocrx_word' id='word_1_517' title='bbox 1752 3558 1845 3597; x_wconf 89' lang='lat' dir='ltr'><strong>cor</strong></span> 
     </span>
    </p>
   </div>
   <div class='ocr_carea' id='block_1_69' title="bbox 195 3632 1839 3705">
    <p class='ocr_par' dir='ltr' id='par_1_69' title="bbox 195 3632 1839 3705">
     <span class='ocr_line' id='line_1_69' title="bbox 195 3632 1839 3705; baseline -0.003 -16"><span class='ocrx_word' id='word_1_518' title='bbox 195 3639 377 3705; x_wconf 72' lang='lat' dir='ltr'><strong>ruptae</strong></span> <span class='ocrx_word' id='word_1_519' title='bbox 402 3639 533 3688; x_wconf 84' lang='lat' dir='ltr'><strong>sunt</strong></span> <span class='ocrx_word' id='word_1_520' title='bbox 559 3632 836 3687; x_wconf 83' lang='lat' dir='ltr'><strong>cicatrices</strong></span> <span class='ocrx_word' id='word_1_521' title='bbox 865 3646 1004 3688; x_wconf 53' lang='lat' dir='ltr'><strong>mea</strong></span> <span class='ocrx_word' id='word_1_522' title='bbox 1032 3648 1063 3685; x_wconf 91' lang='lat' dir='ltr'><strong>a</strong></span> <span class='ocrx_word' id='word_1_523' title='bbox 1093 3632 1237 3701; x_wconf 83' lang='lat' dir='ltr'><strong>facie</strong></span> <span class='ocrx_word' id='word_1_524' title='bbox 1256 3632 1595 3702; x_wconf 69' lang='lat' dir='ltr'><strong>insipientia?</strong></span> <span class='ocrx_word' id='word_1_525' title='bbox 1620 3647 1755 3685; x_wconf 69' lang='lat' dir='ltr'><strong>mea:</strong></span> <span class='ocrx_word' id='word_1_526' title='bbox 1776 3632 1839 3684; x_wconf 68' lang='grc'><strong>⁸⁸.</strong></span> 
     </span>
    </p>
   </div>
   <div class='ocr_carea' id='block_1_70' title="bbox 195 3719 1844 3791">
    <p class='ocr_par' dir='ltr' id='par_1_70' title="bbox 195 3719 1844 3791">
     <span class='ocr_line' id='line_1_70' title="bbox 195 3719 1844 3791; baseline -0.002 -14"><span class='ocrx_word' id='word_1_527' title='bbox 195 3721 509 3777; x_wconf 88' lang='lat' dir='ltr'><strong>Peccatum</strong></span> <span class='ocrx_word' id='word_1_528' title='bbox 539 3719 737 3775; x_wconf 86' lang='lat' dir='ltr'><strong>odoris</strong></span> <span class='ocrx_word' id='word_1_529' title='bbox 766 3724 855 3775; x_wconf 89' lang='lat' dir='ltr'><strong>est</strong></span> <span class='ocrx_word' id='word_1_530' title='bbox 882 3719 1091 3790; x_wconf 91' lang='lat' dir='ltr'><strong>putidi,</strong></span> <span class='ocrx_word' id='word_1_531' title='bbox 1124 3720 1310 3774; x_wconf 90' lang='lat' dir='ltr'><strong>virtus</strong></span> <span class='ocrx_word' id='word_1_532' title='bbox 1333 3719 1521 3791; x_wconf 90' lang='lat' dir='ltr'><strong>spirat</strong></span> <span class='ocrx_word' id='word_1_533' title='bbox 1540 3724 1844 3791; x_wconf 88' lang='lat' dir='ltr'><strong>unguenta</strong></span> 
     </span>
    </p>
   </div>
   <div class='ocr_carea' id='block_1_71' title="bbox 193 3808 1843 3881">
    <p class='ocr_par' dir='ltr' id='par_1_71' title="bbox 193 3808 1843 3881">
     <span class='ocr_line' id='line_1_71' title="bbox 193 3808 1843 3881; baseline -0.002 -16"><span class='ocrx_word' id='word_1_534' title='bbox 193 3824 445 3881; x_wconf 82' lang='lat' dir='ltr'><strong>quorum</strong></span> <span class='ocrx_word' id='word_1_535' title='bbox 474 3813 644 3880; x_wconf 86' lang='lat' dir='ltr'><strong>typos</strong></span> <span class='ocrx_word' id='word_1_536' title='bbox 675 3808 929 3879; x_wconf 88' lang='lat' dir='ltr'><strong>reperies</strong></span> <span class='ocrx_word' id='word_1_537' title='bbox 960 3808 1019 3862; x_wconf 91' lang='lat' dir='ltr'><strong>in</strong></span> <span class='ocrx_word' id='word_1_538' title='bbox 1053 3808 1265 3863; x_wconf 84' lang='lat' dir='ltr'><strong>Exodo.</strong></span> <span class='ocrx_word' id='word_1_539' title='bbox 1302 3808 1569 3864; x_wconf 86' lang='lat' dir='ltr'><strong>Invenies</strong></span> <span class='ocrx_word' id='word_1_540' title='bbox 1609 3824 1843 3880; x_wconf 89' lang='lat' dir='ltr'><strong>quoque</strong></span> 
     </span>
    </p>
   </div>
   <div class='ocr_carea' id='block_1_72' title="bbox 192 3895 1842 3968">
    <p class='ocr_par' dir='ltr' id='par_1_72' title="bbox 192 3895 1842 3968">
     <span class='ocr_line' id='line_1_72' title="bbox 192 3895 1842 3968; baseline -0.001 -16"><span class='ocrx_word' id='word_1_541' title='bbox 192 3896 277 3952; x_wconf 81' lang='lat' dir='ltr'><strong>ibi</strong></span> <span class='ocrx_word' id='word_1_542' title='bbox 322 3901 569 3964; x_wconf 86' lang='lat' dir='ltr'><strong>stacten,</strong></span> <span class='ocrx_word' id='word_1_543' title='bbox 610 3895 856 3968; x_wconf 80' lang='lat' dir='ltr'><strong>onycha,</strong></span> <span class='ocrx_word' id='word_1_544' title='bbox 908 3896 1249 3967; x_wconf 83' lang='lat' dir='ltr'><strong>galbanum,</strong></span> <span class='ocrx_word' id='word_1_545' title='bbox 1313 3903 1371 3952; x_wconf 88' lang='lat' dir='ltr'><strong>et</strong></span> <span class='ocrx_word' id='word_1_546' title='bbox 1419 3896 1665 3968; x_wconf 87' lang='lat' dir='ltr'><strong>reliqua.</strong></span> <span class='ocrx_word' id='word_1_547' title='bbox 1712 3897 1842 3951; x_wconf 66' lang='lat' dir='ltr'><strong>Haec</strong></span> 
     </span>
    </p>
   </div>
   <div class='ocr_carea' id='block_1_73' title="bbox 192 3984 1840 4058">
    <p class='ocr_par' dir='ltr' id='par_1_73' title="bbox 192 3984 1840 4058">
     <span class='ocr_line' id='line_1_73' title="bbox 192 3984 1840 4058; baseline -0.001 -19"><span class='ocrx_word' id='word_1_548' title='bbox 192 3985 436 4058; x_wconf 77' lang='lat' dir='ltr'><strong>quidem</strong></span> <span class='ocrx_word' id='word_1_549' title='bbox 469 3985 540 4039; x_wconf 88' lang='lat' dir='ltr'><strong>ad</strong></span> <span class='ocrx_word' id='word_1_550' title='bbox 575 3984 883 4039; x_wconf 89' lang='lat' dir='ltr'><strong>incensum</strong></span> <span class='ocrx_word' id='word_1_551' title='bbox 910 4002 922 4040; x_wconf 89' lang='lat'><strong>:</strong></span> <span class='ocrx_word' id='word_1_552' title='bbox 957 3984 1167 4040; x_wconf 88' lang='lat' dir='ltr'><strong>deinde</strong></span> <span class='ocrx_word' id='word_1_553' title='bbox 1195 3986 1266 4040; x_wconf 89' lang='lat' dir='ltr'><strong>ad</strong></span> <span class='ocrx_word' id='word_1_554' title='bbox 1292 4001 1439 4056; x_wconf 90' lang='lat' dir='ltr'><strong>opus</strong></span> <span class='ocrx_word' id='word_1_555' title='bbox 1467 3984 1840 4058; x_wconf 88' lang='lat' dir='ltr'><strong>unguentarii</strong></span> 
     </span>
    </p>
   </div>
   <div class='ocr_carea' id='block_1_74' title="bbox 188 4073 1843 4145">
    <p class='ocr_par' dir='ltr' id='par_1_74' title="bbox 188 4073 1843 4145">
     <span class='ocr_line' id='line_1_74' title="bbox 188 4073 1843 4145; baseline -0.003 -12"><span class='ocrx_word' id='word_1_556' title='bbox 188 4073 353 4133; x_wconf 82' lang='lat' dir='ltr'><strong>varia</strong></span> <span class='ocrx_word' id='word_1_557' title='bbox 381 4076 702 4129; x_wconf 86' lang='lat' dir='ltr'><strong>sumuntur</strong></span> <span class='ocrx_word' id='word_1_558' title='bbox 732 4078 1032 4145; x_wconf 86' lang='lat' dir='ltr'><strong>unguenta</strong></span> <span class='ocrx_word' id='word_1_559' title='bbox 1066 4091 1078 4129; x_wconf 91' lang='lat'>:</span> <span class='ocrx_word' id='word_1_560' title='bbox 1113 4073 1171 4128; x_wconf 91' lang='lat' dir='ltr'><strong>in</strong></span> <span class='ocrx_word' id='word_1_561' title='bbox 1205 4073 1422 4144; x_wconf 90' lang='lat' dir='ltr'><strong>quibus</strong></span> <span class='ocrx_word' id='word_1_562' title='bbox 1479 4080 1569 4129; x_wconf 86' lang='lat' dir='ltr'><strong>est</strong></span> <span class='ocrx_word' id='word_1_563' title='bbox 1622 4074 1843 4129; x_wconf 87' lang='lat' dir='ltr'><strong>nardus</strong></span> 
     </span>
    </p>
   </div>
   <div class='ocr_carea' id='block_1_75' title="bbox 190 4160 1842 4233">
    <p class='ocr_par' dir='ltr' id='par_1_75' title="bbox 190 4160 1842 4233">
     <span class='ocr_line' id='line_1_75' title="bbox 190 4160 1842 4233; baseline -0.003 -13"><span class='ocrx_word' id='word_1_564' title='bbox 190 4167 251 4220; x_wconf 85' lang='lat' dir='ltr'><strong>et</strong></span> <span class='ocrx_word' id='word_1_565' title='bbox 287 4165 490 4219; x_wconf 90' lang='lat' dir='ltr'><strong>stacte.</strong></span> <span class='ocrx_word' id='word_1_566' title='bbox 523 4162 594 4217; x_wconf 88' lang='lat' dir='ltr'><strong>Et</strong></span> <span class='ocrx_word' id='word_1_567' title='bbox 624 4161 779 4217; x_wconf 90' lang='lat' dir='ltr'><strong>Deus</strong></span> <span class='ocrx_word' id='word_1_568' title='bbox 810 4162 911 4233; x_wconf 88' lang='lat' dir='ltr'><strong>qui</strong></span> <span class='ocrx_word' id='word_1_569' title='bbox 945 4161 1079 4217; x_wconf 83' lang='lat' dir='ltr'><strong>fecit</strong></span> <span class='ocrx_word' id='word_1_570' title='bbox 1108 4160 1310 4217; x_wconf 67' lang='lat' dir='ltr'><strong>caelum</strong></span> <span class='ocrx_word' id='word_1_571' title='bbox 1359 4167 1416 4217; x_wconf 92' lang='lat' dir='ltr'><strong>et</strong></span> <span class='ocrx_word' id='word_1_572' title='bbox 1470 4166 1712 4229; x_wconf 87' lang='lat' dir='ltr'><strong>terram,</strong></span> <span class='ocrx_word' id='word_1_573' title='bbox 1762 4160 1842 4215; x_wconf 92' lang='lat' dir='ltr'><strong>lo-</strong></span> 
     </span>
    </p>
   </div>
   <div class='ocr_carea' id='block_1_76' title="bbox 189 4250 1841 4325">
    <p class='ocr_par' dir='ltr' id='par_1_76' title="bbox 189 4250 1841 4325">
     <span class='ocr_line' id='line_1_76' title="bbox 189 4250 1841 4325; baseline -0.001 -17"><span class='ocrx_word' id='word_1_574' title='bbox 189 4251 397 4325; x_wconf 85' lang='lat' dir='ltr'><strong>quitur</strong></span> <span class='ocrx_word' id='word_1_575' title='bbox 423 4250 495 4306; x_wconf 89' lang='lat' dir='ltr'><strong>ad</strong></span> <span class='ocrx_word' id='word_1_576' title='bbox 527 4253 748 4315; x_wconf 82' lang='lat' dir='ltr'><strong>Mosen,</strong></span> <span class='ocrx_word' id='word_1_577' title='bbox 795 4250 1001 4306; x_wconf 92' lang='lat' dir='ltr'><strong>dicens</strong></span> <span class='ocrx_word' id='word_1_578' title='bbox 1034 4268 1047 4306; x_wconf 91' lang='lat'><strong>:</strong></span> <span class='ocrx_word' id='word_1_579' title='bbox 1080 4250 1188 4321; x_wconf 85' lang='lat' dir='ltr'><strong>Ego</strong></span> <span class='ocrx_word' id='word_1_580' title='bbox 1238 4250 1467 4322; x_wconf 81' lang='lat' dir='ltr'><strong>implevi</strong></span> <span class='ocrx_word' id='word_1_581' title='bbox 1510 4266 1598 4306; x_wconf 87' lang='lat' dir='ltr'><strong>eos</strong></span> <span class='ocrx_word' id='word_1_582' title='bbox 1643 4252 1841 4323; x_wconf 85' lang='lat' dir='ltr'><strong>spiritu</strong></span> 
     </span>
    </p>
   </div>
   <div class='ocr_carea' id='block_1_77' title="bbox 187 4339 1844 4411">
    <p class='ocr_par' dir='ltr' id='par_1_77' title="bbox 187 4339 1844 4411">
     <span class='ocr_line' id='line_1_77' title="bbox 187 4339 1844 4411; baseline 0 -16"><span class='ocrx_word' id='word_1_583' title='bbox 187 4340 489 4411; x_wconf 67' lang='lat' dir='ltr'><strong>sapientiae</strong></span> <span class='ocrx_word' id='word_1_584' title='bbox 514 4341 567 4394; x_wconf 86' lang='lat' dir='ltr'><strong>et</strong></span> <span class='ocrx_word' id='word_1_585' title='bbox 605 4339 936 4406; x_wconf 85' lang='lat' dir='ltr'><strong>intellectus,</strong></span> <span class='ocrx_word' id='word_1_586' title='bbox 987 4343 1047 4394; x_wconf 88' lang='lat' dir='ltr'><strong>ut</strong></span> <span class='ocrx_word' id='word_1_587' title='bbox 1089 4341 1304 4410; x_wconf 79' lang='lat' dir='ltr'><strong>faciant</strong></span> <span class='ocrx_word' id='word_1_588' title='bbox 1347 4355 1510 4411; x_wconf 90' lang='lat' dir='ltr'><strong>opera</strong></span> <span class='ocrx_word' id='word_1_589' title='bbox 1557 4342 1697 4395; x_wconf 88' lang='lat' dir='ltr'><strong>artis</strong></span> <span class='ocrx_word' id='word_1_590' title='bbox 1738 4357 1844 4395; x_wconf 89' lang='lat' dir='ltr'><strong>un-</strong></span> 
     </span>
    </p>
   </div>
   <div class='ocr_carea' id='block_1_78' title="bbox 185 4427 1843 4500">
    <p class='ocr_par' dir='ltr' id='par_1_78' title="bbox 185 4427 1843 4500">
     <span class='ocr_line' id='line_1_78' title="bbox 185 4427 1843 4500; baseline -0.001 -16"><span class='ocrx_word' id='word_1_591' title='bbox 185 4430 504 4500; x_wconf 71' lang='lat' dir='ltr'><strong>guentariae</strong></span> <span class='ocrx_word' id='word_1_592' title='bbox 529 4429 610 4482; x_wconf 75' lang='lat'><strong>‘7:</strong></span> <span class='ocrx_word' id='word_1_593' title='bbox 645 4432 703 4483; x_wconf 88' lang='lat' dir='ltr'><strong>et</strong></span> <span class='ocrx_word' id='word_1_594' title='bbox 732 4428 1156 4499; x_wconf 85' lang='lat' dir='ltr'><strong>unguentarios</strong></span> <span class='ocrx_word' id='word_1_595' title='bbox 1191 4428 1345 4484; x_wconf 90' lang='lat' dir='ltr'><strong>Deus</strong></span> <span class='ocrx_word' id='word_1_596' title='bbox 1376 4427 1701 4484; x_wconf 67' lang='lat' dir='ltr'><strong>docet.Hec</strong></span> <span class='ocrx_word' id='word_1_597' title='bbox 1731 4428 1843 4483; x_wconf 89' lang='lat' dir='ltr'><strong>nisi</strong></span> 
     </span>
    </p>
   </div>
   <div class='ocr_carea' id='block_1_79' title="bbox 188 4515 1842 4588">
    <p class='ocr_par' dir='ltr' id='par_1_79' title="bbox 188 4515 1842 4588">
     <span class='ocr_line' id='line_1_79' title="bbox 188 4515 1842 4588; baseline 0 -16"><span class='ocrx_word' id='word_1_598' title='bbox 188 4515 989 4588; x_wconf 64' lang='lat' dir='ltr'><strong>spiritaliter&#39;intelligantur,</strong></span> <span class='ocrx_word' id='word_1_599' title='bbox 1022 4532 1217 4571; x_wconf 91' lang='lat' dir='ltr'><strong>nonne</strong></span> <span class='ocrx_word' id='word_1_600' title='bbox 1249 4515 1459 4572; x_wconf 69' lang='lat' dir='ltr'><strong>fabulae</strong></span> <span class='ocrx_word' id='word_1_601' title='bbox 1502 4522 1642 4572; x_wconf 84' lang='lat' dir='ltr'><strong>sunt</strong></span> <span class='ocrx_word' id='word_1_602' title='bbox 1682 4518 1842 4573; x_wconf 77' lang='lat' dir='ltr'><strong>Pnisi</strong></span> 
     </span>
    </p>
   </div>
   <div class='ocr_carea' id='block_1_80' title="bbox 186 4602 1920 4688">
    <p class='ocr_par' dir='ltr' id='par_1_80' title="bbox 186 4602 1920 4688">
     <span class='ocr_line' id='line_1_80' title="bbox 186 4602 1920 4688; baseline 0.001 -28"><span class='ocrx_word' id='word_1_603' title='bbox 186 4602 421 4676; x_wconf 65' lang='lat' dir='ltr'><strong>aliquid</strong></span> <span class='ocrx_word' id='word_1_604' title='bbox 439 4604 699 4660; x_wconf 75' lang='lat' dir='ltr'><strong>habeant</strong></span> <span class='ocrx_word' id='word_1_605' title='bbox 724 4604 955 4671; x_wconf 83' lang='lat' dir='ltr'><strong>secreti,</strong></span> <span class='ocrx_word' id='word_1_606' title='bbox 987 4621 1179 4659; x_wconf 88' lang='lat' dir='ltr'><strong>nonne</strong></span> <span class='ocrx_word' id='word_1_607' title='bbox 1208 4605 1450 4677; x_wconf 87' lang='lat' dir='ltr'><strong>indigna</strong></span> <span class='ocrx_word' id='word_1_608' title='bbox 1499 4610 1644 4660; x_wconf 89' lang='lat' dir='ltr'><strong>sunt</strong></span> <span class='ocrx_word' id='word_1_609' title='bbox 1674 4607 1783 4661; x_wconf 76' lang='lat' dir='ltr'><strong>lieo</strong></span> <span class='ocrx_word' id='word_1_610' title='bbox 1814 4606 1847 4661; x_wconf 72' lang='lat' dir='ltr'><strong>‘t</strong></span> <span class='ocrx_word' id='word_1_611' title='bbox 1876 4624 1920 4688; x_wconf 72' lang='grc' dir='ltr'>ι)</span> 
     </span>
    </p>
   </div>
   <div class='ocr_carea' id='block_1_81' title="bbox 185 4691 1840 4767">
    <p class='ocr_par' dir='ltr' id='par_1_81' title="bbox 185 4691 1840 4767">
     <span class='ocr_line' id='line_1_81' title="bbox 185 4691 1840 4767; baseline -0.001 -16"><span class='ocrx_word' id='word_1_612' title='bbox 185 4694 437 4751; x_wconf 78' lang='lat' dir='ltr'><strong>Necesse</strong></span> <span class='ocrx_word' id='word_1_613' title='bbox 466 4698 555 4750; x_wconf 89' lang='lat' dir='ltr'><strong>est</strong></span> <span class='ocrx_word' id='word_1_614' title='bbox 586 4691 763 4765; x_wconf 82' lang='lat' dir='ltr'><strong>igitur</strong></span> <span class='ocrx_word' id='word_1_615' title='bbox 794 4709 927 4748; x_wconf 91' lang='lat' dir='ltr'><strong>eum</strong></span> <span class='ocrx_word' id='word_1_616' title='bbox 960 4692 1058 4764; x_wconf 89' lang='lat' dir='ltr'><strong>qui</strong></span> <span class='ocrx_word' id='word_1_617' title='bbox 1106 4694 1310 4749; x_wconf 88' lang='lat' dir='ltr'><strong>audire</strong></span> <span class='ocrx_word' id='word_1_618' title='bbox 1357 4694 1690 4765; x_wconf 89' lang='lat' dir='ltr'><strong>Scripturas</strong></span> <span class='ocrx_word' id='word_1_619' title='bbox 1721 4694 1840 4767; x_wconf 87' lang='lat' dir='ltr'><strong>spi-</strong></span> 
     </span>
    </p>
   </div>
   <div class='ocr_carea' id='block_1_82' title="bbox 182 4779 1841 4853">
    <p class='ocr_par' dir='ltr' id='par_1_82' title="bbox 182 4779 1841 4853">
     <span class='ocr_line' id='line_1_82' title="bbox 182 4779 1841 4853; baseline -0.001 -14"><span class='ocrx_word' id='word_1_620' title='bbox 182 4779 481 4839; x_wconf 73' lang='lat' dir='ltr'><strong>ritualiter</strong></span> <span class='ocrx_word' id='word_1_621' title='bbox 508 4782 689 4847; x_wconf 83' lang='lat' dir='ltr'><strong>novit,</strong></span> <span class='ocrx_word' id='word_1_622' title='bbox 722 4787 824 4837; x_wconf 89' lang='lat' dir='ltr'><strong>aut</strong></span> <span class='ocrx_word' id='word_1_623' title='bbox 852 4782 952 4853; x_wconf 88' lang='lat' dir='ltr'><strong>qui</strong></span> <span class='ocrx_word' id='word_1_624' title='bbox 985 4787 1139 4837; x_wconf 88' lang='lat' dir='ltr'><strong>certe</strong></span> <span class='ocrx_word' id='word_1_625' title='bbox 1163 4797 1275 4837; x_wconf 88' lang='lat' dir='ltr'><strong>non</strong></span> <span class='ocrx_word' id='word_1_626' title='bbox 1314 4782 1491 4852; x_wconf 88' lang='lat' dir='ltr'><strong>novit,</strong></span> <span class='ocrx_word' id='word_1_627' title='bbox 1524 4790 1580 4838; x_wconf 89' lang='lat' dir='ltr'><strong>et</strong></span> <span class='ocrx_word' id='word_1_628' title='bbox 1608 4782 1841 4838; x_wconf 84' lang='lat' dir='ltr'><strong>deside-</strong></span> 
     </span>
    </p>
   </div>
   <div class='ocr_carea' id='block_1_83' title="bbox 186 4868 1845 4942">
    <p class='ocr_par' dir='ltr' id='par_1_83' title="bbox 186 4868 1845 4942">
     <span class='ocr_line' id='line_1_83' title="bbox 186 4868 1845 4942; baseline 0 -16"><span class='ocrx_word' id='word_1_629' title='bbox 186 4874 286 4927; x_wconf 82' lang='lat' dir='ltr'><strong>rab</strong></span> <span class='ocrx_word' id='word_1_630' title='bbox 307 4885 503 4938; x_wconf 88' lang='lat' dir='ltr'><strong>nosse,</strong></span> <span class='ocrx_word' id='word_1_631' title='bbox 565 4869 724 4926; x_wconf 87' lang='lat' dir='ltr'><strong>omni</strong></span> <span class='ocrx_word' id='word_1_632' title='bbox 759 4868 957 4925; x_wconf 85' lang='lat' dir='ltr'><strong>labore</strong></span> <span class='ocrx_word' id='word_1_633' title='bbox 999 4870 1369 4938; x_wconf 87' lang='lat' dir='ltr'><strong>contendere,</strong></span> <span class='ocrx_word' id='word_1_634' title='bbox 1403 4876 1468 4926; x_wconf 90' lang='lat' dir='ltr'><strong>ut</strong></span> <span class='ocrx_word' id='word_1_635' title='bbox 1513 4887 1629 4925; x_wconf 93' lang='lat' dir='ltr'><strong>non</strong></span> <span class='ocrx_word' id='word_1_636' title='bbox 1673 4872 1845 4942; x_wconf 83' lang='lat' dir='ltr'><strong>juxta</strong></span> 
     </span>
    </p>
   </div>
   <div class='ocr_carea' id='block_1_84' title="bbox 187 4958 1843 5031">
    <p class='ocr_par' dir='ltr' id='par_1_84' title="bbox 187 4958 1843 5031">
     <span class='ocr_line' id='line_1_84' title="bbox 187 4958 1843 5031; baseline 0 -17"><span class='ocrx_word' id='word_1_637' title='bbox 187 4972 437 5015; x_wconf 75' lang='lat' dir='ltr'><strong>carnem</strong></span> <span class='ocrx_word' id='word_1_638' title='bbox 459 4963 518 5014; x_wconf 85' lang='lat' dir='ltr'><strong>et</strong></span> <span class='ocrx_word' id='word_1_639' title='bbox 546 4958 895 5031; x_wconf 83' lang='lat' dir='ltr'><strong>sanguinem</strong></span> <span class='ocrx_word' id='word_1_640' title='bbox 928 4963 1323 5027; x_wconf 91' lang='lat' dir='ltr'><strong>conversetur,</strong></span> <span class='ocrx_word' id='word_1_641' title='bbox 1357 4976 1473 5030; x_wconf 89' lang='lat' dir='ltr'><strong>quo</strong></span> <span class='ocrx_word' id='word_1_642' title='bbox 1523 4959 1711 5030; x_wconf 87' lang='lat' dir='ltr'><strong>possit</strong></span> <span class='ocrx_word' id='word_1_643' title='bbox 1750 4959 1843 5014; x_wconf 85' lang='lat' dir='ltr'><strong>di-</strong></span> 
     </span>
    </p>
   </div>
   <div class='ocr_carea' id='block_1_85' title="bbox 185 5046 1839 5121">
    <p class='ocr_par' dir='ltr' id='par_1_85' title="bbox 185 5046 1839 5121">
     <span class='ocr_line' id='line_1_85' title="bbox 185 5046 1839 5121; baseline 0 -19"><span class='ocrx_word' id='word_1_644' title='bbox 185 5062 356 5121; x_wconf 41' lang='lat' dir='ltr'><strong>guns)</strong></span> <span class='ocrx_word' id='word_1_645' title='bbox 385 5047 510 5103; x_wconf 81' lang='lat' dir='ltr'><strong>ﬁeri</strong></span> <span class='ocrx_word' id='word_1_646' title='bbox 561 5046 918 5119; x_wconf 80' lang='lat' dir='ltr'><strong>spiritalium</strong></span> <span class='ocrx_word' id='word_1_647' title='bbox 966 5051 1345 5113; x_wconf 85' lang='lat' dir='ltr'><strong>secretorum,</strong></span> <span class='ocrx_word' id='word_1_648' title='bbox 1396 5052 1455 5103; x_wconf 88' lang='lat' dir='ltr'><strong>et</strong></span> <span class='ocrx_word' id='word_1_649' title='bbox 1508 5052 1572 5101; x_wconf 89' lang='lat' dir='ltr'><strong>ut</strong></span> <span class='ocrx_word' id='word_1_650' title='bbox 1618 5046 1839 5118; x_wconf 88' lang='lat' dir='ltr'><strong>aliquid</strong></span> 
     </span>
    </p>
   </div>
   <div class='ocr_carea' id='block_1_86' title="bbox 185 5133 1843 5207">
    <p class='ocr_par' dir='ltr' id='par_1_86' title="bbox 185 5133 1843 5207">
     <span class='ocr_line' id='line_1_86' title="bbox 185 5133 1843 5207; baseline 0 -16"><span class='ocrx_word' id='word_1_651' title='bbox 185 5135 752 5200; x_wconf 74' lang='lat' dir='ltr'><strong>audbntiusdicam,</strong></span> <span class='ocrx_word' id='word_1_652' title='bbox 783 5133 1030 5207; x_wconf 87' lang='lat' dir='ltr'><strong>spiritali</strong></span> <span class='ocrx_word' id='word_1_653' title='bbox 1066 5135 1337 5207; x_wconf 88' lang='lat' dir='ltr'><strong>cupidine</strong></span> <span class='ocrx_word' id='word_1_654' title='bbox 1379 5135 1467 5190; x_wconf 89' lang='lat' dir='ltr'><strong>vel</strong></span> <span class='ocrx_word' id='word_1_655' title='bbox 1518 5152 1716 5191; x_wconf 87' lang='lat' dir='ltr'><strong>amore</strong></span> <span class='ocrx_word' id='word_1_656' title='bbox 1746 5151 1843 5191; x_wconf 84' lang='lat' dir='ltr'><strong>ac-</strong></span> 
     </span>
    </p>
   </div>
   <div class='ocr_carea' id='block_1_87' title="bbox 184 5224 1840 5298">
    <p class='ocr_par' dir='ltr' id='par_1_87' title="bbox 184 5224 1840 5298">
     <span class='ocr_line' id='line_1_87' title="bbox 184 5224 1840 5298; baseline -0.002 -16"><span class='ocrx_word' id='word_1_657' title='bbox 184 5225 477 5282; x_wconf 84' lang='lat' dir='ltr'><strong>cendatur</strong></span> <span class='ocrx_word' id='word_1_658' title='bbox 510 5244 524 5293; x_wconf 87' lang='lat'><strong>;</strong></span> <span class='ocrx_word' id='word_1_659' title='bbox 558 5225 853 5298; x_wconf 86' lang='lat' dir='ltr'><strong>siquidem</strong></span> <span class='ocrx_word' id='word_1_660' title='bbox 886 5228 975 5280; x_wconf 88' lang='lat' dir='ltr'><strong>est</strong></span> <span class='ocrx_word' id='word_1_661' title='bbox 1002 5229 1059 5279; x_wconf 90' lang='lat' dir='ltr'><strong>et</strong></span> <span class='ocrx_word' id='word_1_662' title='bbox 1088 5224 1372 5297; x_wconf 88' lang='lat' dir='ltr'><strong>spiritatie</strong></span> <span class='ocrx_word' id='word_1_663' title='bbox 1402 5226 1665 5279; x_wconf 89' lang='lat' dir='ltr'><strong>amor.Et</strong></span> <span class='ocrx_word' id='word_1_664' title='bbox 1696 5241 1840 5296; x_wconf 90' lang='lat' dir='ltr'><strong>quo-</strong></span> 
     </span>
    </p>
   </div>
   <div class='ocr_carea' id='block_1_88' title="bbox 262 5321 1915 5392">
    <p class='ocr_par' dir='ltr' id='par_1_88' title="bbox 262 5321 1915 5392">
     <span class='ocr_line' id='line_1_88' title="bbox 262 5321 1915 5392; baseline -0.001 -14"><span class='ocrx_word' id='word_1_665' title='bbox 262 5324 307 5358; x_wconf 77' lang='lat'><strong>“</strong></span> <span class='ocrx_word' id='word_1_666' title='bbox 328 5323 488 5380; x_wconf 69' lang='lat' dir='ltr'><strong>Psal.</strong></span> <span class='ocrx_word' id='word_1_667' title='bbox 523 5336 673 5388; x_wconf 71' lang='grc' dir='ltr'><strong>κων,</strong></span> <span class='ocrx_word' id='word_1_668' title='bbox 707 5323 761 5377; x_wconf 91' lang='grc'><strong>8.</strong></span> <span class='ocrx_word' id='word_1_669' title='bbox 788 5323 843 5358; x_wconf 60' lang='grc'><strong>⁸⁸</strong></span> <span class='ocrx_word' id='word_1_670' title='bbox 863 5323 912 5377; x_wconf 84' lang='grc' dir='ltr'><strong>ΙΙ</strong></span> <span class='ocrx_word' id='word_1_671' title='bbox 941 5323 1075 5379; x_wconf 80' lang='lat' dir='ltr'><strong>Cor.</strong></span> <span class='ocrx_word' id='word_1_672' title='bbox 1106 5340 1168 5392; x_wconf 79' lang='grc' dir='ltr'><strong>ιι,</strong></span> <span class='ocrx_word' id='word_1_673' title='bbox 1203 5324 1288 5378; x_wconf 77' lang='grc'><strong>45.</strong></span> <span class='ocrx_word' id='word_1_674' title='bbox 1367 5324 1410 5357; x_wconf 67' lang='grc'><strong>⁸⁸</strong></span> <span class='ocrx_word' id='word_1_675' title='bbox 1438 5321 1590 5378; x_wconf 82' lang='lat' dir='ltr'><strong>Psal‘.</strong></span> <span class='ocrx_word' id='word_1_676' title='bbox 1620 5339 1830 5388; x_wconf 84' lang='lat' dir='ltr'><strong>xxxvu,</strong></span> <span class='ocrx_word' id='word_1_677' title='bbox 1860 5324 1915 5377; x_wconf 83' lang='lat'><strong>6.</strong></span> 
     </span>
    </p>
   </div>
   <div class='ocr_carea' id='block_1_89' title="bbox 182 5394 854 5461">
    <p class='ocr_par' dir='ltr' id='par_1_89' title="bbox 182 5394 854 5461">
     <span class='ocr_line' id='line_1_89' title="bbox 182 5394 854 5461; baseline -0.006 -10"><span class='ocrx_word' id='word_1_678' title='bbox 182 5412 251 5456; x_wconf 74' lang='grc' dir='ltr'><strong>ιι,</strong></span> <span class='ocrx_word' id='word_1_679' title='bbox 283 5396 337 5450; x_wconf 87' lang='lat'><strong>6.</strong></span> <span class='ocrx_word' id='word_1_680' title='bbox 373 5396 418 5430; x_wconf 74' lang='grc' dir='ltr'><strong><em>⁵ο</em></strong></span> <span class='ocrx_word' id='word_1_681' title='bbox 448 5394 654 5450; x_wconf 87' lang='lat' dir='ltr'><strong>Matth.</strong></span> <span class='ocrx_word' id='word_1_682' title='bbox 690 5410 765 5461; x_wconf 83' lang='lat' dir='ltr'><strong>v1,</strong></span> <span class='ocrx_word' id='word_1_683' title='bbox 800 5395 854 5448; x_wconf 90' lang='lat'><strong>9.</strong></span> 
     </span>
    </p>
   </div>
   <div class='ocr_carea' id='block_1_90' title="bbox 258 5507 1841 5580">
    <p class='ocr_par' dir='ltr' id='par_1_90' title="bbox 258 5507 1841 5580">
     <span class='ocr_line' id='line_1_90' title="bbox 258 5507 1841 5580; baseline -0.002 -15"><span class='ocrx_word' id='word_1_684' title='bbox 258 5510 296 5564; x_wconf 88' lang='lat'>5</span> <span class='ocrx_word' id='word_1_685' title='bbox 350 5508 541 5577; x_wconf 65' lang='lat' dir='ltr'><strong>Codex</strong></span> <span class='ocrx_word' id='word_1_686' title='bbox 600 5507 904 5577; x_wconf 87' lang='lat' dir='ltr'><strong>Beccensis</strong></span> <span class='ocrx_word' id='word_1_687' title='bbox 963 5524 975 5563; x_wconf 89' lang='lat'>:</span> <span class='ocrx_word' id='word_1_688' title='bbox 1038 5509 1165 5569; x_wconf 73' lang='lat' dir='ltr'><strong>Haec</strong></span> <span class='ocrx_word' id='word_1_689' title='bbox 1242 5510 1439 5580; x_wconf 78' lang='lat' dir='ltr'><strong>quippe</strong></span> <span class='ocrx_word' id='word_1_690' title='bbox 1513 5509 1841 5580; x_wconf 78' lang='lat' dir='ltr'><strong>fabulantur</strong></span> 
     </span>
    </p>
   </div>
   <div class='ocr_carea' id='block_1_91' title="bbox 175 5578 1839 5656">
    <p class='ocr_par' dir='ltr' id='par_1_91' title="bbox 175 5578 1839 5656">
     <span class='ocr_line' id='line_1_91' title="bbox 175 5578 1839 5656; baseline -0.001 -20"><span class='ocrx_word' id='word_1_691' title='bbox 175 5583 399 5656; x_wconf 70' lang='lat' dir='ltr'><strong>pariter</strong></span> <span class='ocrx_word' id='word_1_692' title='bbox 436 5585 509 5656; x_wconf 40' lang='lat' dir='ltr'><strong>et:</strong></span> <span class='ocrx_word' id='word_1_693' title='bbox 544 5580 969 5656; x_wconf 71' lang='lat' dir='ltr'><strong>epithalmnium</strong></span> <span class='ocrx_word' id='word_1_694' title='bbox 1020 5595 1181 5656; x_wconf 76' lang='lat' dir='ltr'><strong>suum</strong></span> <span class='ocrx_word' id='word_1_695' title='bbox 1233 5578 1554 5656; x_wconf 75' lang='lat' dir='ltr'><strong>persanant.</strong></span> <span class='ocrx_word' id='word_1_696' title='bbox 1608 5578 1692 5633; x_wconf 74' lang='lat' dir='ltr'><strong>Ea:</strong></span> <span class='ocrx_word' id='word_1_697' title='bbox 1740 5580 1839 5656; x_wconf 84' lang='lat' dir='ltr'><strong>hoc</strong></span> 
     </span>
    </p>
   </div>
   <div class='ocr_carea' id='block_1_92' title="bbox 177 5651 1839 5727">
    <p class='ocr_par' dir='ltr' id='par_1_92' title="bbox 177 5651 1839 5727">
     <span class='ocr_line' id='line_1_92' title="bbox 177 5651 1839 5727; baseline -0.003 -17"><span class='ocrx_word' id='word_1_698' title='bbox 177 5651 371 5727; x_wconf 57' lang='lat' dir='ltr'><strong>&#39;gentes</strong></span> <span class='ocrx_word' id='word_1_699' title='bbox 396 5651 507 5727; x_wconf 79' lang='lat' dir='ltr'><strong>sibi</strong></span> <span class='ocrx_word' id='word_1_700' title='bbox 525 5652 954 5722; x_wconf 73' lang='lat' dir='ltr'><strong>epithalamium</strong></span> <span class='ocrx_word' id='word_1_701' title='bbox 976 5651 1408 5727; x_wconf 57' lang='lat' dir='ltr'><strong>vindicarunt,“</strong></span> <span class='ocrx_word' id='word_1_702' title='bbox 1439 5652 1596 5706; x_wconf 85' lang='lat' dir='ltr'><strong>istius</strong></span> <span class='ocrx_word' id='word_1_703' title='bbox 1624 5652 1839 5719; x_wconf 82' lang='lat' dir='ltr'><strong>generis</strong></span> 
     </span>
    </p>
   </div>
   <div class='ocr_carea' id='block_1_93' title="bbox 177 5726 1086 5793">
    <p class='ocr_par' dir='ltr' id='par_1_93' title="bbox 177 5726 1086 5793">
     <span class='ocr_line' id='line_1_93' title="bbox 177 5726 1086 5793; baseline -0.006 -12"><span class='ocrx_word' id='word_1_704' title='bbox 177 5726 591 5781; x_wconf 81' lang='lat' dir='ltr'><strong>sacramentum</strong></span> <span class='ocrx_word' id='word_1_705' title='bbox 618 5730 961 5793; x_wconf 83' lang='lat' dir='ltr'><strong>assumptum</strong></span> <span class='ocrx_word' id='word_1_706' title='bbox 990 5726 1086 5793; x_wconf 88' lang='lat' dir='ltr'><strong>est.</strong></span> 
     </span>
    </p>
   </div>
   <div class='ocr_carea' id='block_1_94' title="bbox 256 5792 1405 5869">
    <p class='ocr_par' dir='ltr' id='par_1_94' title="bbox 256 5792 1405 5869">
     <span class='ocr_line' id='line_1_94' title="bbox 256 5792 1405 5869; baseline -0.002 -19"><span class='ocrx_word' id='word_1_707' title='bbox 256 5795 336 5869; x_wconf 85' lang='lat'><strong>(6)</strong></span> <span class='ocrx_word' id='word_1_708' title='bbox 369 5794 534 5867; x_wconf 51' lang='lat' dir='ltr'><strong>Mss&quot;</strong></span> <span class='ocrx_word' id='word_1_709' title='bbox 564 5792 989 5851; x_wconf 79' lang='lat' dir='ltr'><strong>arctius.Libb.</strong></span> <span class='ocrx_word' id='word_1_710' title='bbox 1020 5792 1184 5865; x_wconf 89' lang='lat' dir='ltr'><strong>edit.,</strong></span> <span class='ocrx_word' id='word_1_711' title='bbox 1215 5793 1405 5849; x_wconf 89' lang='lat' dir='ltr'><strong>altior.</strong></span> 
     </span>
    </p>
   </div>
   <div class='ocr_carea' id='block_1_95' title="bbox 1953 3360 3625 3432">
    <p class='ocr_par' dir='ltr' id='par_1_95' title="bbox 1953 3360 3625 3432">
     <span class='ocr_line' id='line_1_95' title="bbox 1953 3360 3625 3432; baseline 0.003 -18"><span class='ocrx_word' id='word_1_712' title='bbox 1953 3360 2291 3432; x_wconf 86' lang='lat' dir='ltr'><strong>unguentis,</strong></span> <span class='ocrx_word' id='word_1_713' title='bbox 2369 3363 2503 3417; x_wconf 86' lang='lat' dir='ltr'><strong>fecit</strong></span> <span class='ocrx_word' id='word_1_714' title='bbox 2550 3362 2716 3419; x_wconf 89' lang='lat' dir='ltr'><strong>illum</strong></span> <span class='ocrx_word' id='word_1_715' title='bbox 2765 3362 3084 3418; x_wconf 83' lang='lat' dir='ltr'><strong>Christum.</strong></span> <span class='ocrx_word' id='word_1_716' title='bbox 3138 3363 3309 3419; x_wconf 86' lang='lat' dir='ltr'><strong>Venit</strong></span> <span class='ocrx_word' id='word_1_717' title='bbox 3352 3362 3625 3419; x_wconf 20' lang='lat' dir='ltr'><strong>diversis.</strong></span> 
     </span>
    </p>
   </div>
   <div class='ocr_carea' id='block_1_96' title="bbox 1928 3448 3596 3524">
    <p class='ocr_par' dir='ltr' id='par_1_96' title="bbox 1928 3448 3596 3524">
     <span class='ocr_line' id='line_1_96' title="bbox 1928 3448 3596 3524; baseline 0.003 -21"><span class='ocrx_word' id='word_1_718' title='bbox 1928 3448 2229 3505; x_wconf 82' lang='lat' dir='ltr'><strong>-odoribus</strong></span> <span class='ocrx_word' id='word_1_719' title='bbox 2262 3450 2515 3523; x_wconf 82' lang='lat' dir='ltr'><strong>spirans,</strong></span> <span class='ocrx_word' id='word_1_720' title='bbox 2548 3458 2601 3507; x_wconf 89' lang='lat' dir='ltr'><strong>ct</strong></span> <span class='ocrx_word' id='word_1_721' title='bbox 2633 3452 2818 3520; x_wconf 87' lang='lat' dir='ltr'><strong>audit,</strong></span> <span class='ocrx_word' id='word_1_722' title='bbox 2853 3454 2983 3524; x_wconf 88' lang='lat' dir='ltr'><strong>quia</strong></span> <span class='ocrx_word' id='word_1_723' title='bbox 3015 3453 3155 3509; x_wconf 84' lang='lat' dir='ltr'><strong>bona</strong></span> <span class='ocrx_word' id='word_1_724' title='bbox 3184 3453 3349 3509; x_wconf 86' lang='lat' dir='ltr'><strong>ubera</strong></span> <span class='ocrx_word' id='word_1_725' title='bbox 3380 3461 3474 3509; x_wconf 88' lang='lat' dir='ltr'><strong>tua</strong></span> <span class='ocrx_word' id='word_1_726' title='bbox 3502 3468 3596 3510; x_wconf 86' lang='lat' dir='ltr'><strong>su-</strong></span> 
     </span>
    </p>
   </div>
   <div class='ocr_carea' id='block_1_97' title="bbox 1946 3540 3601 3612">
    <p class='ocr_par' dir='ltr' id='par_1_97' title="bbox 1946 3540 3601 3612">
     <span class='ocr_line' id='line_1_97' title="bbox 1946 3540 3601 3612; baseline 0.002 -18"><span class='ocrx_word' id='word_1_727' title='bbox 1946 3554 2049 3609; x_wconf 86' lang='lat' dir='ltr'><strong>per</strong></span> <span class='ocrx_word' id='word_1_728' title='bbox 2079 3540 2284 3594; x_wconf 87' lang='lat' dir='ltr'><strong>vinum.</strong></span> <span class='ocrx_word' id='word_1_729' title='bbox 2318 3540 2583 3612; x_wconf 83' lang='lat' dir='ltr'><strong>Congrue</strong></span> <span class='ocrx_word' id='word_1_730' title='bbox 2616 3558 2810 3598; x_wconf 89' lang='lat' dir='ltr'><strong>sermo</strong></span> <span class='ocrx_word' id='word_1_731' title='bbox 2838 3541 3072 3597; x_wconf 89' lang='lat' dir='ltr'><strong>divinus</strong></span> <span class='ocrx_word' id='word_1_732' title='bbox 3102 3558 3282 3598; x_wconf 82' lang='lat' dir='ltr'><strong>unam</strong></span> <span class='ocrx_word' id='word_1_733' title='bbox 3311 3542 3601 3598; x_wconf 87' lang='lat' dir='ltr'><strong>eamdem-</strong></span> 
     </span>
    </p>
   </div>
   <div class='ocr_carea' id='block_1_98' title="bbox 1953 3626 3599 3701">
    <p class='ocr_par' dir='ltr' id='par_1_98' title="bbox 1953 3626 3599 3701">
     <span class='ocr_line' id='line_1_98' title="bbox 1953 3626 3599 3701; baseline 0.003 -21"><span class='ocrx_word' id='word_1_734' title='bbox 1953 3642 2065 3697; x_wconf 92' lang='lat' dir='ltr'><strong>que</strong></span> <span class='ocrx_word' id='word_1_735' title='bbox 2097 3643 2215 3681; x_wconf 89' lang='lat' dir='ltr'><strong>rem</strong></span> <span class='ocrx_word' id='word_1_736' title='bbox 2246 3644 2346 3698; x_wconf 91' lang='lat' dir='ltr'><strong>pro</strong></span> <span class='ocrx_word' id='word_1_737' title='bbox 2375 3626 2634 3683; x_wconf 89' lang='lat' dir='ltr'><strong>locorum</strong></span> <span class='ocrx_word' id='word_1_738' title='bbox 2668 3629 2951 3701; x_wconf 85' lang='lat' dir='ltr'><strong>qualitate</strong></span> <span class='ocrx_word' id='word_1_739' title='bbox 2996 3628 3248 3684; x_wconf 86' lang='lat' dir='ltr'><strong>diversis</strong></span> <span class='ocrx_word' id='word_1_740' title='bbox 3300 3628 3599 3685; x_wconf 89' lang='lat' dir='ltr'><strong>vocabulis</strong></span> 
     </span>
    </p>
   </div>
   <div class='ocr_carea' id='block_1_99' title="bbox 1953 3715 3600 3787">
    <p class='ocr_par' dir='ltr' id='par_1_99' title="bbox 1953 3715 3600 3787">
     <span class='ocr_line' id='line_1_99' title="bbox 1953 3715 3600 3787; baseline 0.001 -18"><span class='ocrx_word' id='word_1_741' title='bbox 1953 3720 2272 3786; x_wconf 88' lang='lat' dir='ltr'><strong>nuncupat.</strong></span> <span class='ocrx_word' id='word_1_742' title='bbox 2307 3716 2549 3779; x_wconf 87' lang='lat' dir='ltr'><strong>Quando</strong></span> <span class='ocrx_word' id='word_1_743' title='bbox 2598 3717 2789 3772; x_wconf 89' lang='lat' dir='ltr'><strong>hostia</strong></span> <span class='ocrx_word' id='word_1_744' title='bbox 2820 3718 3061 3772; x_wconf 77' lang='lat' dir='ltr'><strong>offertur</strong></span> <span class='ocrx_word' id='word_1_745' title='bbox 3107 3716 3166 3770; x_wconf 90' lang='lat' dir='ltr'><strong>in</strong></span> <span class='ocrx_word' id='word_1_746' title='bbox 3200 3715 3346 3787; x_wconf 85' lang='lat' dir='ltr'><strong>lege,</strong></span> <span class='ocrx_word' id='word_1_747' title='bbox 3393 3720 3449 3771; x_wconf 87' lang='lat' dir='ltr'><strong>et</strong></span> <span class='ocrx_word' id='word_1_748' title='bbox 3475 3715 3600 3772; x_wconf 89' lang='lat' dir='ltr'><strong>vult</strong></span> 
     </span>
    </p>
   </div>
   <div class='ocr_carea' id='block_1_100' title="bbox 1952 3802 3598 3876">
    <p class='ocr_par' dir='ltr' id='par_1_100' title="bbox 1952 3802 3598 3876">
     <span class='ocr_line' id='line_1_100' title="bbox 1952 3802 3598 3876; baseline 0.001 -18"><span class='ocrx_word' id='word_1_749' title='bbox 1952 3802 2315 3859; x_wconf 88' lang='lat' dir='ltr'><strong>intellectum</strong></span> <span class='ocrx_word' id='word_1_750' title='bbox 2366 3806 2690 3869; x_wconf 89' lang='lat' dir='ltr'><strong>ostendere,</strong></span> <span class='ocrx_word' id='word_1_751' title='bbox 2762 3804 3165 3876; x_wconf 88' lang='lat' dir='ltr'><strong>pectusculum</strong></span> <span class='ocrx_word' id='word_1_752' title='bbox 3208 3803 3598 3874; x_wconf 88' lang='lat' dir='ltr'><strong>separationis</strong></span> 
     </span>
    </p>
   </div>
   <div class='ocr_carea' id='block_1_101' title="bbox 1952 3891 3596 3963">
    <p class='ocr_par' dir='ltr' id='par_1_101' title="bbox 1952 3891 3596 3963">
     <span class='ocr_line' id='line_1_101' title="bbox 1952 3891 3596 3963; baseline 0.001 -15"><span class='ocrx_word' id='word_1_753' title='bbox 1952 3893 2167 3948; x_wconf 82' lang='lat' dir='ltr'><strong>aﬂ&#39;atur</strong></span> <span class='ocrx_word' id='word_1_754' title='bbox 2196 3896 2291 3963; x_wconf 86' lang='grc'>(7).</span> <span class='ocrx_word' id='word_1_755' title='bbox 2325 3895 2567 3959; x_wconf 89' lang='lat' dir='ltr'><strong>Quando</strong></span> <span class='ocrx_word' id='word_1_756' title='bbox 2589 3911 2720 3949; x_wconf 90' lang='lat' dir='ltr'><strong>vero</strong></span> <span class='ocrx_word' id='word_1_757' title='bbox 2744 3893 3031 3949; x_wconf 88' lang='lat' dir='ltr'><strong>recumbit</strong></span> <span class='ocrx_word' id='word_1_758' title='bbox 3049 3891 3265 3963; x_wconf 89' lang='lat' dir='ltr'><strong>aliquis</strong></span> <span class='ocrx_word' id='word_1_759' title='bbox 3294 3909 3431 3948; x_wconf 90' lang='lat' dir='ltr'><strong>cum</strong></span> <span class='ocrx_word' id='word_1_760' title='bbox 3458 3892 3596 3950; x_wconf 87' lang='lat' dir='ltr'><strong>Jesu</strong></span> 
     </span>
    </p>
   </div>
   <div class='ocr_carea' id='block_1_102' title="bbox 1952 3979 3597 4053">
    <p class='ocr_par' dir='ltr' id='par_1_102' title="bbox 1952 3979 3597 4053">
     <span class='ocr_line' id='line_1_102' title="bbox 1952 3979 3597 4053; baseline -0.001 -16"><span class='ocrx_word' id='word_1_761' title='bbox 1952 3993 2010 4037; x_wconf 84' lang='lat' dir='ltr'><strong>et</strong></span> <span class='ocrx_word' id='word_1_762' title='bbox 2039 3999 2322 4037; x_wconf 88' lang='lat' dir='ltr'><strong>sensuum</strong></span> <span class='ocrx_word' id='word_1_763' title='bbox 2356 3984 2483 4053; x_wconf 87' lang='lat' dir='ltr'><strong>ejus</strong></span> <span class='ocrx_word' id='word_1_764' title='bbox 2514 3981 2926 4037; x_wconf 88' lang='lat' dir='ltr'><strong>communione</strong></span> <span class='ocrx_word' id='word_1_765' title='bbox 2963 3979 3304 4052; x_wconf 87' lang='lat' dir='ltr'><strong>perfruitur,</strong></span> <span class='ocrx_word' id='word_1_766' title='bbox 3353 3996 3469 4035; x_wconf 91' lang='lat' dir='ltr'><strong>non</strong></span> <span class='ocrx_word' id='word_1_767' title='bbox 3500 3997 3597 4053; x_wconf 89' lang='lat' dir='ltr'><strong>pe-</strong></span> 
     </span>
    </p>
   </div>
   <div class='ocr_carea' id='block_1_103' title="bbox 1952 4068 3596 4141">
    <p class='ocr_par' dir='ltr' id='par_1_103' title="bbox 1952 4068 3596 4141">
     <span class='ocr_line' id='line_1_103' title="bbox 1952 4068 3596 4141; baseline -0.001 -16"><span class='ocrx_word' id='word_1_768' title='bbox 1952 4069 2284 4125; x_wconf 87' lang='lat' dir='ltr'><strong>ctusculum</strong></span> <span class='ocrx_word' id='word_1_769' title='bbox 2336 4078 2397 4124; x_wconf 91' lang='lat' dir='ltr'><strong>ut</strong></span> <span class='ocrx_word' id='word_1_770' title='bbox 2455 4086 2664 4141; x_wconf 87' lang='lat' dir='ltr'><strong>supra,</strong></span> <span class='ocrx_word' id='word_1_771' title='bbox 2725 4069 2826 4124; x_wconf 87' lang='lat' dir='ltr'><strong>sed</strong></span> <span class='ocrx_word' id='word_1_772' title='bbox 2881 4073 3084 4140; x_wconf 88' lang='lat' dir='ltr'><strong>pectus</strong></span> <span class='ocrx_word' id='word_1_773' title='bbox 3140 4068 3457 4140; x_wconf 88' lang='lat' dir='ltr'><strong>alloquitur</strong></span> <span class='ocrx_word' id='word_1_774' title='bbox 3498 4068 3596 4141; x_wconf 91' lang='lat'>(8).</span> 
     </span>
    </p>
   </div>
   <div class='ocr_carea' id='block_1_104' title="bbox 1955 4157 3597 4230">
    <p class='ocr_par' dir='ltr' id='par_1_104' title="bbox 1955 4157 3597 4230">
     <span class='ocr_line' id='line_1_104' title="bbox 1955 4157 3597 4230; baseline 0 -17"><span class='ocrx_word' id='word_1_775' title='bbox 1955 4158 2130 4214; x_wconf 86' lang='lat' dir='ltr'><strong>Porro</strong></span> <span class='ocrx_word' id='word_1_776' title='bbox 2162 4174 2292 4212; x_wconf 88' lang='lat' dir='ltr'><strong>cum</strong></span> <span class='ocrx_word' id='word_1_777' title='bbox 2328 4174 2543 4229; x_wconf 85' lang='lat' dir='ltr'><strong>sponsa</strong></span> <span class='ocrx_word' id='word_1_778' title='bbox 2574 4157 2835 4229; x_wconf 87' lang='lat' dir='ltr'><strong>loquitur</strong></span> <span class='ocrx_word' id='word_1_779' title='bbox 2865 4157 2936 4213; x_wconf 91' lang='lat' dir='ltr'><strong>ad</strong></span> <span class='ocrx_word' id='word_1_780' title='bbox 2968 4174 3276 4230; x_wconf 87' lang='lat' dir='ltr'><strong>sponsum,</strong></span> <span class='ocrx_word' id='word_1_781' title='bbox 3308 4157 3449 4229; x_wconf 89' lang='lat' dir='ltr'><strong>quia</strong></span> <span class='ocrx_word' id='word_1_782' title='bbox 3490 4174 3597 4213; x_wconf 84' lang='lat' dir='ltr'><strong>nu-</strong></span> 
     </span>
    </p>
   </div>
   <div class='ocr_carea' id='block_1_105' title="bbox 1955 4245 3600 4320">
    <p class='ocr_par' dir='ltr' id='par_1_105' title="bbox 1955 4245 3600 4320">
     <span class='ocr_line' id='line_1_105' title="bbox 1955 4245 3600 4320; baseline 0.001 -20"><span class='ocrx_word' id='word_1_783' title='bbox 1955 4246 2131 4320; x_wconf 87' lang='lat' dir='ltr'><strong>ptiale</strong></span> <span class='ocrx_word' id='word_1_784' title='bbox 2163 4262 2395 4301; x_wconf 89' lang='lat' dir='ltr'><strong>carmen</strong></span> <span class='ocrx_word' id='word_1_785' title='bbox 2429 4245 2746 4317; x_wconf 89' lang='lat' dir='ltr'><strong>inducitur,</strong></span> <span class='ocrx_word' id='word_1_786' title='bbox 2781 4262 2895 4301; x_wconf 91' lang='lat' dir='ltr'><strong>non</strong></span> <span class='ocrx_word' id='word_1_787' title='bbox 2946 4245 3375 4318; x_wconf 90' lang='lat' dir='ltr'><strong>pectusculum,</strong></span> <span class='ocrx_word' id='word_1_788' title='bbox 3428 4249 3494 4303; x_wconf 84' lang='lat' dir='ltr'><strong>ut</strong></span> <span class='ocrx_word' id='word_1_789' title='bbox 3541 4246 3600 4301; x_wconf 91' lang='lat' dir='ltr'><strong>in</strong></span> 
     </span>
    </p>
   </div>
   <div class='ocr_carea' id='block_1_106' title="bbox 1953 4333 3601 4408">
    <p class='ocr_par' dir='ltr' id='par_1_106' title="bbox 1953 4333 3601 4408">
     <span class='ocr_line' id='line_1_106' title="bbox 1953 4333 3601 4408; baseline 0.001 -18"><span class='ocrx_word' id='word_1_790' title='bbox 1953 4333 2241 4390; x_wconf 81' lang='lat' dir='ltr'><strong>sacrificio</strong></span> <span class='ocrx_word' id='word_1_791' title='bbox 2272 4352 2284 4399; x_wconf 89' lang='lat'><strong>;</strong></span> <span class='ocrx_word' id='word_1_792' title='bbox 2325 4351 2438 4389; x_wconf 91' lang='lat' dir='ltr'><strong>non</strong></span> <span class='ocrx_word' id='word_1_793' title='bbox 2474 4339 2696 4405; x_wconf 88' lang='lat' dir='ltr'><strong>pectus,</strong></span> <span class='ocrx_word' id='word_1_794' title='bbox 2727 4339 2791 4390; x_wconf 90' lang='lat' dir='ltr'><strong>ut</strong></span> <span class='ocrx_word' id='word_1_795' title='bbox 2821 4336 2878 4390; x_wconf 92' lang='lat' dir='ltr'><strong>in</strong></span> <span class='ocrx_word' id='word_1_796' title='bbox 2910 4336 3131 4391; x_wconf 83' lang='lat' dir='ltr'><strong>Joanne</strong></span> <span class='ocrx_word' id='word_1_797' title='bbox 3152 4334 3441 4408; x_wconf 89' lang='lat' dir='ltr'><strong>discipulo</strong></span> <span class='ocrx_word' id='word_1_798' title='bbox 3469 4335 3601 4403; x_wconf 90' lang='lat' dir='ltr'><strong>;sed</strong></span> 
     </span>
    </p>
   </div>
   <div class='ocr_carea' id='block_1_107' title="bbox 1955 4423 3603 4493">
    <p class='ocr_par' dir='ltr' id='par_1_107' title="bbox 1955 4423 3603 4493">
     <span class='ocr_line' id='line_1_107' title="bbox 1955 4423 3603 4493; baseline 0 -15"><span class='ocrx_word' id='word_1_799' title='bbox 1955 4427 2021 4478; x_wconf 90' lang='lat' dir='ltr'><strong>ut</strong></span> <span class='ocrx_word' id='word_1_800' title='bbox 2059 4424 2240 4479; x_wconf 90' lang='lat' dir='ltr'><strong>ubera</strong></span> <span class='ocrx_word' id='word_1_801' title='bbox 2287 4423 2573 4487; x_wconf 88' lang='lat' dir='ltr'><strong>nominat,</strong></span> <span class='ocrx_word' id='word_1_802' title='bbox 2623 4423 2872 4480; x_wconf 90' lang='lat' dir='ltr'><strong>dicens:</strong></span> <span class='ocrx_word' id='word_1_803' title='bbox 2910 4426 3053 4493; x_wconf 86' lang='lat' dir='ltr'><strong>Quia</strong></span> <span class='ocrx_word' id='word_1_804' title='bbox 3102 4424 3247 4479; x_wconf 85' lang='lat' dir='ltr'><strong>dona</strong></span> <span class='ocrx_word' id='word_1_805' title='bbox 3292 4424 3458 4480; x_wconf 80' lang='lat' dir='ltr'><strong>ubera</strong></span> <span class='ocrx_word' id='word_1_806' title='bbox 3508 4427 3603 4478; x_wconf 90' lang='lat' dir='ltr'><strong>tua</strong></span> 
     </span>
    </p>
   </div>
   <div class='ocr_carea' id='block_1_108' title="bbox 1952 4510 3601 4585">
    <p class='ocr_par' dir='ltr' id='par_1_108' title="bbox 1952 4510 3601 4585">
     <span class='ocr_line' id='line_1_108' title="bbox 1952 4510 3601 4585; baseline -0.001 -19"><span class='ocrx_word' id='word_1_807' title='bbox 1952 4528 2118 4582; x_wconf 87' lang='lat' dir='ltr'><strong>super</strong></span> <span class='ocrx_word' id='word_1_808' title='bbox 2150 4514 2355 4567; x_wconf 84' lang='lat' dir='ltr'><strong>vinum.</strong></span> <span class='ocrx_word' id='word_1_809' title='bbox 2391 4513 2771 4568; x_wconf 88' lang='lat' dir='ltr'><strong>Communica</strong></span> <span class='ocrx_word' id='word_1_810' title='bbox 2801 4518 2867 4567; x_wconf 91' lang='lat' dir='ltr'><strong>ut</strong></span> <span class='ocrx_word' id='word_1_811' title='bbox 2895 4528 3113 4585; x_wconf 90' lang='lat' dir='ltr'><strong>sponsa</strong></span> <span class='ocrx_word' id='word_1_812' title='bbox 3142 4527 3275 4566; x_wconf 91' lang='lat' dir='ltr'><strong>cum</strong></span> <span class='ocrx_word' id='word_1_813' title='bbox 3325 4510 3601 4566; x_wconf 89' lang='lat' dir='ltr'><strong>sensibus</strong></span> 
     </span>
    </p>
   </div>
   <div class='ocr_carea' id='block_1_109' title="bbox 1954 4598 3603 4673">
    <p class='ocr_par' dir='ltr' id='par_1_109' title="bbox 1954 4598 3603 4673">
     <span class='ocr_line' id='line_1_109' title="bbox 1954 4598 3603 4673; baseline -0.001 -18"><span class='ocrx_word' id='word_1_814' title='bbox 1954 4600 2177 4672; x_wconf 89' lang='lat' dir='ltr'><strong>sponsi,</strong></span> <span class='ocrx_word' id='word_1_815' title='bbox 2227 4606 2286 4655; x_wconf 90' lang='lat' dir='ltr'><strong>et</strong></span> <span class='ocrx_word' id='word_1_816' title='bbox 2331 4601 2484 4656; x_wconf 90' lang='lat' dir='ltr'><strong>scias</strong></span> <span class='ocrx_word' id='word_1_817' title='bbox 2534 4602 2672 4673; x_wconf 84' lang='lat' dir='ltr'><strong>quia</strong></span> <span class='ocrx_word' id='word_1_818' title='bbox 2738 4600 3033 4655; x_wconf 88' lang='lat' dir='ltr'><strong>inebriant</strong></span> <span class='ocrx_word' id='word_1_819' title='bbox 3075 4608 3249 4671; x_wconf 82' lang='lat' dir='ltr'><strong>atque</strong></span> <span class='ocrx_word' id='word_1_820' title='bbox 3303 4598 3603 4655; x_wconf 64' lang='lat' dir='ltr'><strong>laetificant</strong></span> 
     </span>
    </p>
   </div>
   <div class='ocr_carea' id='block_1_110' title="bbox 1951 4687 3601 4759">
    <p class='ocr_par' dir='ltr' id='par_1_110' title="bbox 1951 4687 3601 4759">
     <span class='ocr_line' id='line_1_110' title="bbox 1951 4687 3601 4759; baseline -0.001 -16"><span class='ocrx_word' id='word_1_821' title='bbox 1951 4688 2288 4745; x_wconf 83' lang='lat' dir='ltr'><strong>istiusmodi</strong></span> <span class='ocrx_word' id='word_1_822' title='bbox 2318 4689 2937 4759; x_wconf 86' lang='lat' dir='ltr'><strong>cogitatus.0uomodo</strong></span> <span class='ocrx_word' id='word_1_823' title='bbox 2966 4693 3160 4743; x_wconf 85' lang='lat' dir='ltr'><strong>autem</strong></span> <span class='ocrx_word' id='word_1_824' title='bbox 3195 4687 3346 4742; x_wconf 86' lang='lat' dir='ltr'><strong>calix</strong></span> <span class='ocrx_word' id='word_1_825' title='bbox 3366 4687 3601 4743; x_wconf 91' lang='lat' dir='ltr'><strong>Domini</strong></span> 
     </span>
    </p>
   </div>
   <div class='ocr_carea' id='block_1_111' title="bbox 1950 4776 3598 4848">
    <p class='ocr_par' dir='ltr' id='par_1_111' title="bbox 1950 4776 3598 4848">
     <span class='ocr_line' id='line_1_111' title="bbox 1950 4776 3598 4848; baseline -0.002 -15"><span class='ocrx_word' id='word_1_826' title='bbox 1950 4777 2252 4833; x_wconf 90' lang='lat' dir='ltr'><strong>inebrians</strong></span> <span class='ocrx_word' id='word_1_827' title='bbox 2311 4793 2488 4848; x_wconf 87' lang='lat' dir='ltr'><strong>quam</strong></span> <span class='ocrx_word' id='word_1_828' title='bbox 2547 4778 2808 4847; x_wconf 89' lang='lat' dir='ltr'><strong>optimus</strong></span> <span class='ocrx_word' id='word_1_829' title='bbox 2861 4783 2971 4845; x_wconf 86' lang='lat' dir='ltr'><strong>est,</strong></span> <span class='ocrx_word' id='word_1_830' title='bbox 3025 4776 3109 4831; x_wconf 90' lang='lat' dir='ltr'><strong>sic</strong></span> <span class='ocrx_word' id='word_1_831' title='bbox 3160 4777 3339 4831; x_wconf 89' lang='lat' dir='ltr'><strong>ubera</strong></span> <span class='ocrx_word' id='word_1_832' title='bbox 3396 4777 3598 4848; x_wconf 89' lang='lat' dir='ltr'><strong>sponsi</strong></span> 
     </span>
    </p>
   </div>
   <div class='ocr_carea' id='block_1_112' title="bbox 1952 4864 3599 4936">
    <p class='ocr_par' dir='ltr' id='par_1_112' title="bbox 1952 4864 3599 4936">
     <span class='ocr_line' id='line_1_112' title="bbox 1952 4864 3599 4936; baseline -0.002 -15"><span class='ocrx_word' id='word_1_833' title='bbox 1952 4865 2112 4921; x_wconf 91' lang='lat' dir='ltr'><strong>omni</strong></span> <span class='ocrx_word' id='word_1_834' title='bbox 2145 4864 2387 4921; x_wconf 86' lang='lat' dir='ltr'><strong>meliora</strong></span> <span class='ocrx_word' id='word_1_835' title='bbox 2417 4870 2555 4920; x_wconf 90' lang='lat' dir='ltr'><strong>sunt</strong></span> <span class='ocrx_word' id='word_1_836' title='bbox 2585 4865 2737 4919; x_wconf 91' lang='lat' dir='ltr'><strong>vino.</strong></span> <span class='ocrx_word' id='word_1_837' title='bbox 2772 4866 2912 4933; x_wconf 85' lang='lat' dir='ltr'><strong>Quia</strong></span> <span class='ocrx_word' id='word_1_838' title='bbox 2944 4866 3083 4920; x_wconf 85' lang='lat' dir='ltr'><strong>bona</strong></span> <span class='ocrx_word' id='word_1_839' title='bbox 3108 4864 3275 4919; x_wconf 83' lang='lat' dir='ltr'><strong>ubera</strong></span> <span class='ocrx_word' id='word_1_840' title='bbox 3305 4869 3402 4919; x_wconf 84' lang='lat' dir='ltr'><strong>tua</strong></span> <span class='ocrx_word' id='word_1_841' title='bbox 3432 4881 3599 4936; x_wconf 84' lang='lat' dir='ltr'><strong>super</strong></span> 
     </span>
    </p>
   </div>
   <div class='ocr_carea' id='block_1_113' title="bbox 1950 4953 3599 5027">
    <p class='ocr_par' dir='ltr' id='par_1_113' title="bbox 1950 4953 3599 5027">
     <span class='ocr_line' id='line_1_113' title="bbox 1950 4953 3599 5027; baseline -0.001 -17"><span class='ocrx_word' id='word_1_842' title='bbox 1950 4955 2158 5010; x_wconf 84' lang='lat' dir='ltr'><strong>vinum.</strong></span> <span class='ocrx_word' id='word_1_843' title='bbox 2197 4955 2257 5008; x_wconf 90' lang='lat' dir='ltr'><strong>ln</strong></span> <span class='ocrx_word' id='word_1_844' title='bbox 2292 4954 2500 5009; x_wconf 88' lang='lat' dir='ltr'><strong>mediis</strong></span> <span class='ocrx_word' id='word_1_845' title='bbox 2533 4953 2806 5027; x_wconf 89' lang='lat' dir='ltr'><strong>precibus</strong></span> <span class='ocrx_word' id='word_1_846' title='bbox 2837 4953 2907 5008; x_wconf 88' lang='lat' dir='ltr'><strong>ad</strong></span> <span class='ocrx_word' id='word_1_847' title='bbox 2940 4969 3223 5024; x_wconf 89' lang='lat' dir='ltr'><strong>sponsum</strong></span> <span class='ocrx_word' id='word_1_848' title='bbox 3256 4953 3430 5008; x_wconf 89' lang='lat' dir='ltr'><strong>verba</strong></span> <span class='ocrx_word' id='word_1_849' title='bbox 3457 4969 3599 5009; x_wconf 83' lang='lat' dir='ltr'><strong>con—</strong></span> 
     </span>
    </p>
   </div>
   <div class='ocr_carea' id='block_1_114' title="bbox 1951 5041 3602 5115">
    <p class='ocr_par' dir='ltr' id='par_1_114' title="bbox 1951 5041 3602 5115">
     <span class='ocr_line' id='line_1_114' title="bbox 1951 5041 3602 5115; baseline 0 -18"><span class='ocrx_word' id='word_1_850' title='bbox 1951 5042 2116 5099; x_wconf 89' lang='lat' dir='ltr'><strong>vertii</strong></span> <span class='ocrx_word' id='word_1_851' title='bbox 2150 5059 2165 5097; x_wconf 89' lang='lat'><strong>:</strong></span> <span class='ocrx_word' id='word_1_852' title='bbox 2198 5044 2263 5097; x_wconf 86' lang='lat' dir='ltr'><strong>Et</strong></span> <span class='ocrx_word' id='word_1_853' title='bbox 2292 5043 2427 5099; x_wconf 86' lang='lat' dir='ltr'><strong>odor</strong></span> <span class='ocrx_word' id='word_1_854' title='bbox 2456 5046 2861 5115; x_wconf 83' lang='lat' dir='ltr'><strong>unguentorum</strong></span> <span class='ocrx_word' id='word_1_855' title='bbox 2918 5051 3138 5097; x_wconf 87' lang='lat' dir='ltr'><strong>tuorum</strong></span> <span class='ocrx_word' id='word_1_856' title='bbox 3194 5057 3359 5114; x_wconf 88' lang='lat' dir='ltr'><strong>super</strong></span> <span class='ocrx_word' id='word_1_857' title='bbox 3412 5041 3602 5097; x_wconf 86' lang='lat' dir='ltr'><strong>omnia</strong></span> 
     </span>
    </p>
   </div>
   <div class='ocr_carea' id='block_1_115' title="bbox 1950 5130 3625 5203">
    <p class='ocr_par' dir='ltr' id='par_1_115' title="bbox 1950 5130 3625 5203">
     <span class='ocr_line' id='line_1_115' title="bbox 1950 5130 3625 5203; baseline -0.001 -16"><span class='ocrx_word' id='word_1_858' title='bbox 1950 5134 2220 5187; x_wconf 87' lang='lat' dir='ltr'><strong>aromata.</strong></span> <span class='ocrx_word' id='word_1_859' title='bbox 2254 5134 2380 5187; x_wconf 84' lang='lat' dir='ltr'><strong>Non</strong></span> <span class='ocrx_word' id='word_1_860' title='bbox 2416 5133 2658 5200; x_wconf 89' lang='lat' dir='ltr'><strong>uno,sed</strong></span> <span class='ocrx_word' id='word_1_861' title='bbox 2696 5132 2972 5187; x_wconf 89' lang='lat' dir='ltr'><strong>omnibus</strong></span> <span class='ocrx_word' id='word_1_862' title='bbox 3004 5147 3286 5203; x_wconf 88' lang='lat' dir='ltr'><strong>sponsum</strong></span> <span class='ocrx_word' id='word_1_863' title='bbox 3318 5130 3625 5186; x_wconf 45' lang='lat' dir='ltr'><strong>venitun?</strong></span> 
     </span>
    </p>
   </div>
   <div class='ocr_carea' id='block_1_116' title="bbox 1953 5221 3600 5295">
    <p class='ocr_par' dir='ltr' id='par_1_116' title="bbox 1953 5221 3600 5295">
     <span class='ocr_line' id='line_1_116' title="bbox 1953 5221 3600 5295; baseline -0.001 -17"><span class='ocrx_word' id='word_1_864' title='bbox 1953 5228 2082 5279; x_wconf 90' lang='lat' dir='ltr'><strong>ctus</strong></span> <span class='ocrx_word' id='word_1_865' title='bbox 2115 5222 2433 5295; x_wconf 86' lang='lat' dir='ltr'><strong>unguentis</strong></span> <span class='ocrx_word' id='word_1_866' title='bbox 2464 5224 2562 5293; x_wconf 82' lang='lat'><strong>(9).</strong></span> <span class='ocrx_word' id='word_1_867' title='bbox 2595 5222 2656 5277; x_wconf 91' lang='lat' dir='ltr'><strong>Si</strong></span> <span class='ocrx_word' id='word_1_868' title='bbox 2691 5228 2888 5277; x_wconf 84' lang='lat' dir='ltr'><strong>autem</strong></span> <span class='ocrx_word' id='word_1_869' title='bbox 2919 5226 2975 5277; x_wconf 89' lang='lat' dir='ltr'><strong>et</strong></span> <span class='ocrx_word' id='word_1_870' title='bbox 3005 5221 3075 5276; x_wconf 90' lang='lat' dir='ltr'><strong>ad</strong></span> <span class='ocrx_word' id='word_1_871' title='bbox 3109 5237 3298 5275; x_wconf 85' lang='lat' dir='ltr'><strong>meam</strong></span> <span class='ocrx_word' id='word_1_872' title='bbox 3340 5221 3600 5277; x_wconf 90' lang='lat' dir='ltr'><strong>animam</strong></span> 
     </span>
    </p>
   </div>
   <div class='ocr_carea' id='block_1_117' title="bbox 1993 5319 3601 5386">
    <p class='ocr_par' dir='ltr' id='par_1_117' title="bbox 1993 5319 3601 5386">
     <span class='ocr_line' id='line_1_117' title="bbox 1993 5319 3601 5386; baseline -0.001 -10"><span class='ocrx_word' id='word_1_873' title='bbox 1993 5321 2035 5355; x_wconf 76' lang='grc'><strong>⁸⁷</strong></span> <span class='ocrx_word' id='word_1_874' title='bbox 2068 5321 2239 5376; x_wconf 83' lang='lat' dir='ltr'><strong>Exod.</strong></span> <span class='ocrx_word' id='word_1_875' title='bbox 2300 5336 2451 5381; x_wconf 71' lang='lat' dir='ltr'><strong>xxxx,</strong></span> <span class='ocrx_word' id='word_1_876' title='bbox 2512 5322 2566 5374; x_wconf 88' lang='lat'><strong>3.</strong></span> <span class='ocrx_word' id='word_1_877' title='bbox 2656 5321 2697 5355; x_wconf 71' lang='grc'><strong>³⁸</strong></span> <span class='ocrx_word' id='word_1_878' title='bbox 2757 5320 2921 5376; x_wconf 82' lang='lat' dir='ltr'><strong>Prov.</strong></span> <span class='ocrx_word' id='word_1_879' title='bbox 2979 5338 3057 5385; x_wconf 85' lang='lat' dir='ltr'><strong>1v,</strong></span> <span class='ocrx_word' id='word_1_880' title='bbox 3116 5320 3172 5385; x_wconf 92' lang='lat'><strong>7,</strong></span> <span class='ocrx_word' id='word_1_881' title='bbox 3228 5319 3282 5372; x_wconf 91' lang='lat'><strong>8.</strong></span> <span class='ocrx_word' id='word_1_882' title='bbox 3342 5319 3387 5353; x_wconf 67' lang='lat'><strong>‘9</strong></span> <span class='ocrx_word' id='word_1_883' title='bbox 3432 5319 3601 5386; x_wconf 84' lang='lat' dir='ltr'><strong>Cant,</strong></span> 
     </span>
    </p>
   </div>
   <div class='ocr_carea' id='block_1_118' title="bbox 2018 5505 3321 5577">
    <p class='ocr_par' dir='ltr' id='par_1_118' title="bbox 2018 5505 3321 5577">
     <span class='ocr_line' id='line_1_118' title="bbox 2018 5505 3321 5577; baseline 0.002 -18"><span class='ocrx_word' id='word_1_884' title='bbox 2018 5509 2096 5576; x_wconf 88' lang='grc'><strong>(7)</strong></span> <span class='ocrx_word' id='word_1_885' title='bbox 2128 5505 2608 5577; x_wconf 87' lang='lat' dir='ltr'><strong>Selincurtianus_</strong></span> <span class='ocrx_word' id='word_1_886' title='bbox 2626 5509 2684 5559; x_wconf 89' lang='lat' dir='ltr'><strong>et</strong></span> <span class='ocrx_word' id='word_1_887' title='bbox 2714 5506 3039 5574; x_wconf 86' lang='lat' dir='ltr'><strong>Beccensis,</strong></span> <span class='ocrx_word' id='word_1_888' title='bbox 3070 5507 3321 5577; x_wconf 75' lang='lat' dir='ltr'><strong>o/fertur.</strong></span> 
     </span>
    </p>
   </div>
   <div class='ocr_carea' id='block_1_119' title="bbox 2022 5574 2847 5646">
    <p class='ocr_par' dir='ltr' id='par_1_119' title="bbox 2022 5574 2847 5646">
     <span class='ocr_line' id='line_1_119' title="bbox 2022 5574 2847 5646; baseline 0.002 -15"><span class='ocrx_word' id='word_1_889' title='bbox 2022 5574 2098 5645; x_wconf 22' lang='lat'><strong>(&#39;8’)</strong></span> <span class='ocrx_word' id='word_1_890' title='bbox 2134 5578 2315 5632; x_wconf 73' lang='lat' dir='ltr'><strong>Iidem</strong></span> <span class='ocrx_word' id='word_1_891' title='bbox 2352 5592 2521 5644; x_wconf 87' lang='lat' dir='ltr'><strong>mss.,</strong></span> <span class='ocrx_word' id='word_1_892' title='bbox 2552 5574 2847 5646; x_wconf 83' lang='lat' dir='ltr'><strong>eloquitur.</strong></span> 
     </span>
    </p>
   </div>
   <div class='ocr_carea' id='block_1_120' title="bbox 2020 5647 3600 5717">
    <p class='ocr_par' dir='ltr' id='par_1_120' title="bbox 2020 5647 3600 5717">
     <span class='ocr_line' id='line_1_120' title="bbox 2020 5647 3600 5717; baseline 0.002 -17"><span class='ocrx_word' id='word_1_893' title='bbox 2020 5651 2094 5717; x_wconf 88' lang='grc'>(9)</span> <span class='ocrx_word' id='word_1_894' title='bbox 2126 5649 2319 5704; x_wconf 81' lang='lat' dir='ltr'><strong>Codex</strong></span> <span class='ocrx_word' id='word_1_895' title='bbox 2351 5647 2655 5703; x_wconf 86' lang='lat' dir='ltr'><strong>Becccnsis</strong></span> <span class='ocrx_word' id='word_1_896' title='bbox 2691 5665 2703 5702; x_wconf 90' lang='lat'><strong>:</strong></span> <span class='ocrx_word' id='word_1_897' title='bbox 2737 5664 2845 5703; x_wconf 85' lang='lat' dir='ltr'><strong>non</strong></span> <span class='ocrx_word' id='word_1_898' title='bbox 2892 5663 3020 5716; x_wconf 83' lang='lat' dir='ltr'><strong>uno,</strong></span> <span class='ocrx_word' id='word_1_899' title='bbox 3054 5649 3146 5706; x_wconf 75' lang='lat' dir='ltr'><strong>sed</strong></span> <span class='ocrx_word' id='word_1_900' title='bbox 3190 5650 3447 5705; x_wconf 84' lang='lat' dir='ltr'><strong>omnibus</strong></span> <span class='ocrx_word' id='word_1_901' title='bbox 3500 5662 3600 5704; x_wconf 88' lang='lat' dir='ltr'><strong>nos</strong></span> 
     </span>
    </p>
   </div>
   <div class='ocr_carea' id='block_1_121' title="bbox 1948 5721 2797 5791">
    <p class='ocr_par' dir='ltr' id='par_1_121' title="bbox 1948 5721 2797 5791">
     <span class='ocr_line' id='line_1_121' title="bbox 1948 5721 2797 5791; baseline -0.002 -15"><span class='ocrx_word' id='word_1_902' title='bbox 1948 5724 2145 5776; x_wconf 83' lang='lat' dir='ltr'><strong>unctus</strong></span> <span class='ocrx_word' id='word_1_903' title='bbox 2176 5722 2292 5777; x_wconf 88' lang='lat' dir='ltr'><strong>vult</strong></span> <span class='ocrx_word' id='word_1_904' title='bbox 2323 5721 2461 5791; x_wconf 79' lang='lat' dir='ltr'><strong>ungi</strong></span> <span class='ocrx_word' id='word_1_905' title='bbox 2486 5721 2797 5789; x_wconf 83' lang='lat' dir='ltr'><strong>unguentis.</strong></span> 
     </span>
    </p>
   </div>
  </div>
