3996 6388
427 332 586 396 M79

1671 333 1738 399 S.
1785 329 2095 398 EUSEBII
2138 328 2608 397 HIEBONYMI.

3687 318 3847 403 1180

427 465 645 525 factam
672 485 948 543 sponsam
982 484 1150 526 suam
1183 485 1437 542 sponsus
1468 468 1661 526 venire
1713 468 2069 541 dignabitur,
2105 468 2158 532 Α
2189 466 2535 540 praedicatur
2566 462 3251 537 Dominus.Unguentum
3279 457 3436 518 enim
3459 457 3717 517 eﬁ‘usum
3735 474 3841 517 no-

426 572 605 629 quam
638 561 866 627 oportet
881 573 1009 613 esse
1039 557 1448 629 formosam,ut
1468 556 1633 612 illum
1659 557 1729 612 de
1757 556 1899 612 ccelo
1923 558 1991 611 ad
2020 574 2081 612 se

426 644 641 715 trahat,
677 651 740 701 ut
768 645 1120 702 descendere
1164 646 1336 702 faciat
1393 647 1464 702 ad
1516 652 1721 717 terras,
1779 652 1845 701 ut
1889 646 2081 702 veniat

427 734 500 790 ad
533 739 790 790 amatam
821 733 1035 799 PQuali
1072 734 1507 807 pulchritudine
1555 736 1885 791 decoranda
1921 738 2021 790 ‘est
2052 735 2080 789 ‘?

427 821 586 897 quali
617 823 791 877 debet
820 840 1017 878 amore
1046 824 1280 893 fervere,
1318 828 1382 879 ut
1411 842 1478 879 ea
1501 824 1781 896 loquatur
1810 825 1880 879 ad
1915 824 2075 879 illam

428 928 555 983 quae
588 911 659 965 ad
692 910 1003 982 perfectam
1038 912 1270 967 locutus
1295 918 1383 967 est
1401 930 1701 983 sponsam,
1726 913 1865 983 quia
1887 913 2079 968 cervix

427 1004 547 1065 tua,
582 999 720 1071 quia
751 1000 903 1056 oculi
939 1002 1043 1069 tui,
1070 1002 1206 1072 quia
1234 1018 1391 1071 gente
1418 1002 1699 1073 tua:,quia
1729 1019 1941 1057 manus
1963 1007 2076 1056 tua:

425 1087 565 1159 quia
594 1094 794 1143 venter
824 1090 1127 1160 tuus,quia
1144 1089 1371 1144 humeri
1407 1089 1663 1161 tui,quia
1684 1091 1861 1162 pedes
1881 1090 2077 1146 tui.De

426 1176 666 1247 quibus,
694 1177 738 1231 si
775 1178 1123 1232 concesserit
1142 1178 1442 1244 Dominus,
1472 1179 1912 1249 disputabimus
1936 1196 2077 1250 quo-

427 1266 600 1319 modo
635 1282 859 1336 sponsae
875 1266 1134 1320 membra
1156 1266 1529 1329 vurientur,et
1554 1267 1919 1339 singularum
1948 1286 2073 1339 par-

428 1353 573 1407 tium
590 1353 717 1408 laus
732 1355 958 1408 diversa
970 1353 1161 1408 dicatu
1176 1359 1290 1421 r,ut
1303 1356 2072 1426 postdisputationemetiam

424 1442 495 1495 ad
529 1447 787 1496 nostrum
821 1442 934 1496 dici
964 1444 1219 1497 animam
1266 1442 1537 1498 similiter
1567 1444 2076 1500 laboremus.Bona

424 1528 608 1601 igitur
628 1531 796 1586 ubera
815 1538 908 1586 tua
936 1548 1098 1602 super
1130 1532 1654 1599 rinum,505-8et
1681 1533 1814 1588 odor
1834 1550 2076 1604 unguen-

426 1635 553 1673 rum
571 1623 792 1674 tuorum
811 1636 976 1692 super
994 1622 1179 1675 omnia
1198 1620 1531 1676 aromata.Si
1551 1622 1766 1677 videris
1789 1639 2073 1693 sponsum

425 1712 566 1763 tunc
595 1707 891 1780 intelliges
922 1726 1120 1763 verum
1154 1726 1282 1765 esse
1313 1711 1466 1781 quod
1501 1710 1715 1765 dicitur
1747 1727 1759 1765 :
1796 1713 2075 1781 Quoniam

428 1796 565 1851 bona
597 1799 764 1852 ubera
808 1806 901 1852 tua
929 1813 1091 1867 super
1138 1800 1349 1868 vinum,
1402 1803 1453 1853 et
1492 1799 1623 1853 odor
1669 1809 2075 1869 unguentorum
2110 1831 2153 1895 Β

425 1890 649 1940 tuorum
676 1902 837 1956 super
863 1888 1051 1942 omnia
1078 1895 1346 1941 aromata.
1378 1887 1542 1942 Multi
1582 1888 1915 1943 habuerunt
1945 1906 2076 1944 aro-

426 1978 604 2030 mata.
638 1975 860 2046 Regina
889 1975 1084 2029 Austri
1118 1975 1329 2030 detulit
1373 1980 1639 2032 aromata
1680 1977 1978 2032 Salomoni
2009 1979 2072 2045 δι,

426 2067 484 2119 et
514 2062 711 2135 plures
751 2061 847 2117 alii
881 2068 1143 2119 aromata
1188 2065 1574 2135 possederunt
1608 2082 1620 2120 :
1657 2066 1755 2120 sed
1807 2066 2077 2121 habuerit

426 2151 563 2223 quis
614 2150 993 2223 quantalibet,
1046 2169 1161 2207 non
1227 2157 1474 2223 possunt
1535 2154 1748 2208 Christi
1798 2154 2075 2209 odoribus

425 2240 777 2312 comparari,
809 2242 881 2295 de
912 2241 1127 2311 quibus
1160 2259 1315 2297 nunc
1362 2259 1579 2313 sponsa
1617 2243 1698 2298 ait
1733 2261 1744 2298 :
1778 2244 1925 2301 Odor
1967 2260 2072 2298 uno

422 2333 750 2401 guentorum
779 2334 1001 2385 tuorum
1032 2347 1197 2400 super
1226 2334 1417 2386 omnia
1444 2343 1717 2388 aromata.
1773 2334 1890 2403 Ego
1921 2332 2075 2387 arbi-

424 2422 548 2473 tror
577 2420 716 2490 quia
759 2424 818 2474 et
863 2423 1050 2474 Moses
1082 2419 1288 2474 habuit
1335 2426 1619 2486 aromata,
1669 2425 1727 2476 et
1763 2423 1974 2486 Aaron,
2022 2425 2079 2476 et

426 2507 643 2580 singuli
677 2508 1095 2580 prophetarum
1126 2525 1138 2563 :
1173 2526 1375 2564 verum
1408 2510 1457 2564 si
1507 2510 1703 2565 videro
1752 2509 2075 2573 Christum,

424 2602 483 2652 et
515 2597 864 2653 suavitatem
898 2602 1332 2668 unguentorum
1365 2598 1492 2669 ejus
1514 2599 2075 2670 odoremqueperce-

426 2701 585 2756 pero,
618 2684 821 2739 statim
852 2684 1204 2740 sententiam
1240 2686 1466 2755 protero
1499 2685 1699 2739 dicens
1735 2701 1746 2738 :
1783 2686 1925 2740 Odor
1973 2702 2073 2738 un-

426 2776 754 2845 guentorum
780 2780 999 2827 tuorum
1028 2789 1194 2843 super
1222 2776 1410 2828 omnia
1439 2779 1711 2829 aromata.

474 2862 552 2916 .4.
604 2864 768 2915 Vers.
824 2864 879 2915 2.
934 2860 1125 2915 Oleum
1169 2862 1401 2933 effusum
1466 2879 1657 2917 nomen
1720 2867 1895 2917 tuum.
1938 2863 2075 2917 Pro-

426 2949 724 3022 pheticum
759 2954 1190 3006 sacramentum
1232 2956 1341 3006 est.
1377 2952 1811 3006 Tantummodo
1862 2966 2074 3005 nomen

428 3037 568 3093 Jesu
602 3037 759 3092 venit
788 3037 846 3092 in
879 3038 1189 3107 mundum,
1225 3044 1281 3093 et
1313 3042 1679 3111 unguentum
1727 3037 2079 3109 praedicatur

425 3128 700 3183 effusum.
738 3126 800 3181 In
833 3126 1141 3199 Evangelio
1173 3144 1408 3199 quoque
1450 3129 1494 3161 ⁵³
1529 3126 1738 3182 mulier
1784 3126 2075 3198 accipiens

2192 572 2324 612 men
2356 556 2509 625 ejus.
2544 555 2711 611 Nunc
2741 552 2879 609 Mosi
2922 569 3134 609 nomen
3167 550 3421 620 auditur,
3472 548 3625 621 quod
3675 548 3841 622 prius

2188 646 2401 701 Judeeaa
2430 650 2664 701 tantum
2697 643 3079 699 claudebatur
3108 640 3418 713 augustiis,
3453 655 3645 711 neque
3680 637 3840 694 enim

2190 735 2520 791 Graecorum
2553 734 2849 806 quispiam
2884 731 3156 787 meminit
3203 730 3350 801 ejus,
3394 745 3583 800 neque
3626 726 3842 783 in'ulla

2189 823 2497 895 gentilium
2533 822 2859 878 litterarum
2903 820 3149 876 historia
3193 820 3262 874 de
3309 817 3408 873 illo
3456 835 3558 874 ceu
3610 817 3840 872 ceteris

2189 913 2474 983 scriptum
2503 911 2721 983 aliquid
2757 910 3108 965 invenimus.
3142 908 3349 964 Statim
3401 912 3467 961 ut
3508 906 3686 962 Jesus
3734 922 3831 960 ra-

2188 1002 2368 1056 diavit
2400 1001 2457 1056 in
2493 1001 2735 1067 mundo,
2768 998 2970 1054 eduxit
2999 1014 3199 1053 secum
3230 997 3416 1068 legem
3440 999 3497 1050 et
3516 995 3835 1067 prophetas

2186 1097 2244 1146 et
2272 1107 2402 1146 vere
2434 1089 2789 1161 completum
2818 1093 2907 1143 est
2941 1106 2954 1143 :
2993 1089 3337 1156 Unguentum
3366 1086 3599 1157 effusum
3628 1100 3827 1139 nomen

2187 1185 2365 1234 tuum.

2254 1270 2308 1322 5.
2364 1266 2521 1321 Vers.
2579 1267 2631 1319 3.
2678 1267 2971 1336 Propterea
3012 1265 3327 1335 juvencula:
3392 1263 3710 1318 dilexerunt
3764 1270 3831 1317 te.

2184 1356 2331 1421 Quia
2356 1372 2456 1426 per
2486 1355 2757 1426 Spiritum
2795 1357 3047 1408 sanctum
3075 1354 3317 1407 charitas
3355 1352 3453 1406 Dei
3503 1351 3710 1422 diﬁusa
3755 1362 3833 1407 est

2185 1447 2246 1500 In
2274 1444 2437 1499 corda
2466 1451 2655 1513 npstra
2684 1441 2747 1511 “,
2790 1458 3043 1513 congrue
3074 1457 3285 1496 nomen
3318 1440 3623 1496 eﬂ‘usionis
3652 1440 3834 1494 infer-

2184 1537 2281 1588 tur
2315 1551 2327 1588 :
2367 1535 2713 1600 Unguentum
2744 1534 2973 1603 eﬂ‘usum
3003 1546 3199 1585 nomen
3226 1536 3401 1585 tuum.
3451 1528 3579 1584 Haec
3627 1529 3833 1584 dicens

2184 1639 2401 1692 sponsa
2432 1619 2902 1676 adolescentulus
2923 1617 3478 1690 conspicit.Quando
3500 1616 3599 1671 illa
3628 1617 3834 1689 sponsi

2185 1715 2408 1783 patrem
2444 1712 2705 1781 rogabat,
2762 1713 2819 1763 et
2867 1709 2941 1763 ad
2988 1707 3183 1779 ipsum
3230 1723 3514 1779 sponsum
3562 1707 3835 1761 cominus

2184 1799 2554 1871 loquebatur,
2625 1798 2877 1853 necdum
2925 1794 3368 1852 adolescentulaa
3423 1795 3667 1851 aderant
3726 1795 3835 1862 ;in

2187 1888 2397 1944 mediis
2454 1904 2588 1942 vero
2650 1885 2920 1958 precibus
2991 1884 3317 1958 ingreditur
3381 1882 3836 1955 juveneularum

2186 1977 2400 2032 chorus
2432 1981 2489 2030 et
2522 1992 2750 2047 sponsa:
2801 1973 3079 2029 laudatur
3126 1972 3394 2044 eloquiis.
3447 1970 3630 2043 (Vers.
3677 1971 3835 2043 3-4.)

2186 2070 2482 2138 Pr0ptcrea
2506 2064 2819 2135 juvenculze
2848 2062 3162 2118 dilexerunt
3187 2067 3256 2132 te,
3292 2070 3345 2117 et
3373 2065 3736 2117 attraxerant
3760 2067 3836 2117 te.

2186 2152 2764 2223 Adolescentulmque
2794 2152 3147 2223 respondent
3180 2167 3192 2205 :
3226 2152 3352 2206 Post
3382 2158 3431 2206 te
3462 2152 3526 2205 in
3544 2150 3711 2205 odore
3738 2165 3839 2203 un-

2184 2247 2512 2311 gucntorum
2546 2250 2765 2295 tuorum
2792 2256 3100 2295 curremus.
3121 2240 3300 2303 Quam
3334 2237 3577 2310 pulchre
3602 2254 3836 2311 sponsae

2185 2331 2549 2404 pedissequze
2583 2330 2831 2384 necdum
2868 2328 3142 2383 fiduciam
3174 2327 3391 2383 habent
3435 2343 3664 2399 sponsis
3698 2327 3835 2395 (11).

2184 2422 2413 2492 Sponsa
2443 2435 2557 2474 non
2594 2422 2725 2490 post
2753 2423 2984 2489 tergum
3018 2416 3305 2488 sequitur,
3360 2416 3461 2471 sed
3506 2415 3840 2488 ingreditur

2176 2510 2389 2580 juncta
2418 2507 2608 2577 lateri,
2642 2505 3145 2578 apprehenditque
3175 2505 3465 2560 dexteram
3509 2504 3740 2576 sponsi,
3780 2512 3840 2559 et

2186 2615 2399 2654 manus
2430 2598 2559 2667 ejus
2597 2595 2797 2667 sponsi
2850 2595 3144 2650 dexteram
3196 2593 3542 2649 continetur.
3575 2592 3841 2649 Famulae

2184 2704 2317 2743 vero
2348 2684 2764 2759 ingrediuntur
2812 2689 2943 2755 post
3000 2700 3149 2738 eam.
3204 2681 3515 2754 Sexaginta
3556 2686 3701 2737 sunt
3748 2699 3839 2737 re-

2185 2775 2331 2848 gina:
2362 2779 2419 2830 et
2447 2774 2743 2845 octoginta
2763 2771 3186 2840 concubinae,et
3200 2769 3545 2842 juvenculze,
3577 2786 3837 2841 quarum

2186 2881 2301 2919 non
2332 2866 2421 2918 est
2451 2878 2734 2917 numerus
2765 2862 2829 2916 ⁵⁵.
2866 2860 2987 2916 Una
3029 2866 3119 2916 est
3148 2860 3420 2916 columba
3464 2875 3615 2929 mea,
3649 2859 3839 2931 perfe-

2186 2957 2278 3007 cta
2308 2967 2457 3020 mea,
2491 2966 2608 3005 una
2638 2953 2726 3005 est
2757 2948 2929 3004 matri
2960 2965 3100 3018 sum,
3138 2965 3255 3004 una
3284 2951 3373 3003 est
3399 2949 3449 3003 ei
3484 2963 3616 3019 qua:
3644 2947 3839 3003 concio

2186 3042 2270 3115 pit
2302 3039 2482 3094 illam.
2517 3040 2652 3094 Post
2677 3042 2732 3094 te
2763 3054 2900 3109 ergo
2931 3037 2989 3092 in
3022 3038 3196 3093 odore
3219 3041 3649 3109 unguentorum
3701 3042 3837 3093 tuo-

2186 3145 2316 3184 rum
2348 3143 2673 3182 eurremus.
2705 3132 2845 3181 Cum
2880 3126 3039 3181 omni
3071 3125 3375 3181 honestate
3404 3124 3836 3180 deambulanti-

427 3215 790 3272 alahastrum
821 3193 1107 3287 unguenti
1139 3193 1532 3288 nardi-pistici
1584 3216 1842 3289 pretiosi,
1901 3193 2076 3286 caput
2106 3193 2148 3259 (ἶ
2188 3217 2298 3272 bus
2328 3215 2550 3269 dictum
2582 3220 2671 3269 est
2700 3233 2712 3280 ;
2746 3221 2876 3271 Post
2906 3223 2955 3269 te
2986 3216 3044 3268 in
3072 3213 3232 3269 odore
3259 3216 3664 3283 unguentorum
3708 3217 3834 3269 tuo—

424 3305 568 3361 Jesu
619 3305 911 3377 pedesque
960 3305 1234 3376 perfudit.
1286 3306 1538 3361 Observa
1593 3306 1903 3377 diligenter
1947 3321 2075 3375 qua:

430 3394 502 3449 de
543 3394 773 3448 duabus
822 3410 999 3464 super
1042 3400 1218 3465 caput
1262 3394 1529 3449 effuderit
1594 3393 1912 3450 Salvatoris
1944 3410 1957 3448 :
1993 3396 2077 3448 si-

431 3480 670 3551 quidem
703 3481 995 3551 peccatrix
1026 3499 1203 3553 super
1231 3482 1407 3553 pedes
1440 3484 1503 3552 “,
1536 3487 1674 3537 etea
1704 3500 1831 3554 qua:
1863 3481 2078 3535 dicitur

433 3585 548 3624 non
608 3568 789 3624 fuisse
846 3569 1134 3640 peccatrix
1187 3587 1363 3641 super
1419 3574 1593 3641 caput
1670 3570 1798 3640 ejus
1856 3569 2077 3625 fudisse

431 3660 795 3711 monstratur
815 3655 859 3690 ⁵³
889 3656 1002 3726 (10)
1032 3657 1282 3712 Observa
1314 3657 1578 3727 inquam,
1628 3662 1684 3711 et
1726 3657 1983 3712 invenies
2014 3657 2074 3711 in

428 3744 760 3817 evangelica
790 3744 1056 3811 lectione,
1098 3762 1211 3800 non
1247 3745 1475 3801 fabulas
1520 3750 1575 3799 et
1606 3746 1970 3800 narrationes
2002 3747 2074 3800 ab

428 3834 825 3905 evangelistis,
855 3834 956 3889 sed
992 3834 1268 3906 mysteria
1296 3852 1423 3889 esse
1454 3834 1800 3905 conscripta.
1838 3834 2077 3905 Impleta

430 3928 520 3979 est
550 3923 750 3994 utique
780 3924 954 3978 odore
988 3923 1271 3995 unguenti
1321 3924 1553 3978 domus.
1597 3924 1652 3977 Si
1705 3924 1841 3994 quid
1878 3940 2074 3994 pecca-

430 4012 543 4067 trix
567 4012 792 4079 habuit,
830 4013 900 4067 ad
936 4014 1110 4083 pedes
1147 4013 1515 4067 referendum
1565 4017 1654 4066 est
1689 4031 1701 4077 ;
1735 4019 1791 4068 et
1838 4013 1884 4066 si
1936 4012 2075 4083 quid

324 4171 332 4177 υ
433 4116 559 4171 quae
592 4117 706 4153 non
741 4101 1053 4171 peccatrix,
1083 4102 1153 4155 ad
1192 4106 1382 4173 caput.
1429 4101 1542 4156 Nec
1575 4101 1789 4155 mirum
1835 4102 2075 4156 domum

435 4186 615 4242 fuisse
648 4189 823 4243 odore
863 4189 1232 4260 completam,
1275 4208 1407 4245 eum
1440 4190 1549 4245 hoc
1587 4190 1787 4246 ordine
1821 4192 2078 4250 mundus

434 4274 762 4347 completus
792 4276 889 4332 sit.
922 4276 1213 4333 Scribitur
1243 4278 1299 4334 in
1332 4280 1532 4335 eodem
1583 4278 1707 4335 loco
1747 4281 1816 4335 de
1843 4280 2078 4335 Simone

432 4364 661 4437 leproso
693 4369 750 4420 et
780 4366 954 4421 domo
980 4366 1127 4437 ejus.
1163 4371 1277 4439 Ego
1318 4372 1458 4438 puto
1501 4367 1798 4439 leprosum
1873 4368 2075 4422 mundi

431 4453 604 4509 istius
637 4470 765 4510 esse
790 4454 1137 4527 principem,
1169 4462 1226 4511 et
1258 4455 1413 4511 hunc
1442 4455 1739 4527 leprosum
1780 4454 2075 4511 Simonem

2183 3323 2310 3362 rum
2355 3320 2639 3359 curremus
2683 3304 3010 3359 secundum
3057 3302 3222 3359 illlud
3255 3321 3274 3360 .·
3298 3306 3532 3361 Cursum
3572 3319 3833 3358 consum-

2184 3396 2331 3450 mavi
2349 3394 2415 3460 ⁸⁸,
2446 3398 2503 3448 et
2532 3392 2675 3448 illud
2711 3410 2729 3447 :
2763 3392 2868 3460 Qui
2890 3394 2951 3447 in
2996 3392 3170 3448 stadio
3198 3400 3446 3447 currunt.
3486 3407 3670 3447 omnes
3705 3395 3833 3464 qui-

2184 3484 2301 3538 dem
2328 3487 2579 3549 currunt,
2615 3498 2759 3536 unus
2807 3486 2987 3535 autem
3036 3482 3233 3551 accipit
3274 3481 3521 3537 brevium
3574 3482 3640 3551 ⁵⁷,
3690 3480 3833 3539 Bra-

2184 3571 2344 3626 vium
2376 3569 2643 3627 Christus
2669 3574 2776 3624 est.
2809 3570 2879 3624 Et
2908 3568 3029 3623 haec
3070 3570 3309 3641 quidem
3359 3568 3829 3637 adolescentulis,

2185 3677 2333 3733 quas
2371 3664 2605 3731 propter
2636 3658 2853 3714 amoris
2884 3657 3184 3713 exordium
3229 3658 3368 3713 foris
3422 3662 3577 3713 stare
3617 3674 3833 3731 cogno~

2185 3749 2428 3818 scimus,
2472 3748 2641 3817 juxta
2690 3746 2835 3801 illud
2900 3746 3229 3818 exemplum
3280 3763 3292 3801 :
3359 3749 3583 3801 Amicus
3643 3753 3833 3802 autem

2184 3838 2373 3909 sponsi
2401 3841 2557 3890 stans
2588 3840 2640 3889 et
2672 3836 2901 3890 audiens
2949 3852 3073 3889 cum
3119 3835 3316 3905 gaudio
3369 3835 3561 3906 gaudet
3612 3842 3836 3907 propter

2185 3943 2363 3981 vocem
2374 3926 2560 3995 sponsi
2588 3924 2795 3979 53.Tale
2814 3924 3093 3995 quiddam
3117 3922 3632 3979 etadoleseentulae
3653 3925 3835 3979 susti-

2188 4020 2329 4070 nent
2349 4014 2932 4083 :introeuntesponso
2958 4012 3280 4067 forinsecus
3293 4016 3837 4083 remanent,sponsa

2188 4120 2319 4159 vero
2352 4103 2597 4159 508-9
2632 4102 2916 4173 speciosa,
2950 4102 3223 4172 perfecta,
3262 4100 3387 4156 sine
3422 4100 3670 4167 macula,
3707 4103 3832 4155 sine

2188 4208 2353 4264 ruga,
2390 4191 2448 4245 in
2481 4190 2680 4262 sponsi
2714 4188 3139 4260 eubiculum,in
3172 4188 3395 4261 regium
3428 4189 3722 4261 penetrale
3746 4190 3829 4243 in-

2188 4296 2391 4353 gressa
2420 4278 2729 4333 revertitur
2760 4279 2829 4333 ad
2861 4277 3234 4344 Juvenculas,
3255 4281 3311 4332 et
3343 4277 3569 4333 nuntiat
3596 4277 3681 4332 eis
3706 4294 3829 4349 qua:

2188 4370 2315 4426 sola
2362 4367 2748 4440 conspexerit,
2807 4366 3065 4438 dicitque
3113 4367 3283 4438 (vers,
3341 4368 3395 4437 4)
3449 4385 3461 4421 :
3520 4365 3832 4423 Introduxit

2186 4474 2273 4513 me
2304 4473 2407 4512 recc
2427 4458 2486 4511 in
2516 4456 2832 4511 cubiculum
2860 4472 3040 4510 suum.
3075 4456 3199 4512 Non
3234 4456 3334 4525 ait,
3368 4455 3691 4512 introduxit
3722 4472 3828 4511 nos

432 4542 784 4614 nuncupari,
819 4545 990 4613 cujus
1020 4544 1231 4599 domus
1246 4544 1318 4599 ad
1341 4543 1653 4597 adventum
1669 4541 1882 4597 Christi
1909 4544 2072 4597 suavi
2108 4563 2153 4625 Β
2185 4546 2382 4619 plures
2412 4546 2472 4600 in
2504 4544 2846 4600 cubiculum
2879 4561 3053 4600 suum
3088 4561 3100 4599 :
3137 4544 3335 4616 plures
3356 4544 3497 4601 foris
3526 4548 3832 4600 remanent

429 4632 604 4686 odoro
633 4630 924 4703 completa
954 4631 1030 4688 sit
1059 4631 1686 4705 agentepoenitentiam
1736 4630 2073 4700 peccatrice,

430 4724 488 4774 et
516 4725 726 4775 sancta
766 4729 943 4792 caput
977 4724 1119 4776 Jesu
1171 4719 1456 4791 unguenti
1506 4717 1786 4773 odoribus
1836 4720 2077 4789 perfun-

2188 4636 2247 4689 in
2296 4632 2636 4689 cubiculum
2689 4632 2815 4689 sola
2864 4632 3190 4705 ingreditur
3238 4649 3473 4705 sponsa,
3526 4636 3589 4687 ut
3635 4633 3829 4688 videat

2186 4723 2498 4779 thesauros
2529 4722 2904 4778 absconditos
2934 4727 2993 4778 et
3021 4722 3379 4793 teuebrosos,
3426 4720 3829 4793 renuntietque

430 4808 621 4863 dente.
662 4811 1012 4880 Unguentum
1039 4809 1271 4879 effusum
1302 4823 1498 4862 nomen
1547 4815 1723 4862 tuum.
1778 4809 2077 4872 Quomodo
2177 4811 2513 4883 juvenculis
2549 4829 2561 4867 :
2596 4812 3015 4877 Introdua'itme
3043 4828 3144 4867 rea:
3184 4813 3244 4867 in
3291 4811 3601 4867 cubiculum
3645 4827 3827 4865 suum.

432 4902 811 4969 unguentum
841 4898 995 4968 quod
1031 4896 1315 4952 effusione
1342 4913 1449 4950 sua
1464 4896 1700 4950 odorem
1728 4893 1898 4969 longe
1928 4896 2074 4969 late-

432 4967 545 5057 que
576 4967 883 5059 dispergit,
919 4985 1001 5040 sic
1044 4983 1261 5039 Christi
1312 5000 1522 5039 nomen
1568 4967 2077 5041 eil'usumvest.'ln

431 5075 705 5131 universa
735 5079 891 5129 terra
919 5073 1187 5128 Christus
1216 5072 1573 5144 nominatur,
1595 5073 1652 5127 in
1676 5073 1834 5129 omni
1857 5075 2077 5131 mundo

2186 4903 2412 4955 Rursus
2442 4899 2908 4971 adolescentulis,
2944 4900 2999 4954 id
3033 4904 3121 4955 est
3149 4916 3495 4970 sponsarum
3544 4898 3828 4971 incipien-

2186 4989 2336 5043 tium
2379 4989 2553 5045 turba
2581 4988 3039 5061 quamplurima,
3091 4990 3357 5061 ingressa
3399 5005 3613 5060 sponsa
3660 4988 3830 5043 cubi-

2188 5076 2386 5133 culum
2421 5078 2708 5150 sponsi,et
2736 5078 2969 5133 vidente
2997 5077 3229 5133 divitias
3256 5077 3364 5133 viri
3396 5077 3656 5148 sui,dum
3672 5074 3831 5133 illius

506 5251 545 5326 ξί
571 5321 600 5326 ᾧ
621 5250 697 5306 IlI
723 5251 866 5326 Reg,
894 5268 946 5326 ξι.
1012 5250 1060 5326 ff
1094 5254 1226 5326 huc.
1255 5267 1355 5315 vn,
1377 5251 1465 5326 37,
1494 5250 1583 5305 38.
1644 5252 1687 5285 ⁵³
1715 5252 1919 5323 Matth,
1950 5269 2076 5311 xxv1

2187 5299 2192 5320 ,
2259 5255 2304 5289 ⁵⁸
2354 5255 2520 5312 Rom.
2554 5271 2608 5310 v.
2656 5257 2710 5311 5.
2780 5256 2823 5290 ³⁸
2853 5258 3016 5312 Cant.
3057 5272 3133 5326 v1,
3178 5257 3233 5312 7.
3302 5256 3345 5290 ⁵⁸
3391 5253 3434 5311 Il
3475 5253 3630 5310 Tim.
3661 5270 3741 5326 ιν,
3771 5256 3827 5307 7.

434 5321 477 5356 ⁵⁷
510 5321 529 5375 Ι
562 5321 693 5378 Cor.
737 5321 933 5392 1192-5.
1010 5321 1054 5355 ⁵⁸
1081 5324 1247 5377 Joan.
1280 5340 1363 5391 ιιι,
1396 5324 1489 5379 20.

507 5517 599 5587 (10
636 5516 825 5591 Codex
863 5518 1180 5591 Beccensis
1210 5536 1222 5573 :
1248 5518 1310 5575 Si
1358 5520 1637 5590 peccatrix
1677 5534 1840 5589 super
1898 5520 2077 5591 pedes,

435 5593 487 5642 et
510 5604 570 5643 ea
601 5602 729 5663 qua:
757 5588 960 5663 dicitur
986 5592 1130 5659 fusse
1152 5588 1449 5662 peccatrix,
1486 5607 1592 5647 non
1622 5588 2086 5663 peccatrixisuper

438 5663 608 5731 caput
631 5662 748 5730 ejus
752 5660 985 5788 ({udisse
1015 5660 1312 5719 invenitur.

509 5732 619 5788 (11)
673 5735 747 5788 Co
793 5748 859 5788 ex
901 5734 1257 5788 Turonensis

509 5732 619 5803 (tt)
673 5732 859 5789 Codex
901 5734 1257 5792 Turonensis

1320 5750 1335 5793 :
1386 5750 1551 5807 quam
1592 5731 1824 5806 pulchri
1870 5748 2086 5807 sponsa

2192 5522 2349 5594 pedes
2378 5540 2498 5595 qua:
2528 5521 2769 5578 nondum
2796 5522 3061 5594 ﬁduciam
3099 5490 3335 5595 :haliens,
3376 5526 3482 5579 etc.
3529 5517 3640 5595 Alii
3689 5535 3829 5595 mss,

2194 5590 2258 5648 ut
2288 5594 2345 5649 in
2370 5590 2574 5678 nostro
2606 5590 2805 5651 textu.’
2825 5595 2989 5651 Libb.
3022 5593 3158 5650 edit.
3192 5590 3328 5651 loco
3358 5606 3572 5666 sponsae
3614 5590 3833 5647 habent

2193 5682 2395 5738 sponsi.
2440 5694 2454 5703 -
