3996 6412
202 329 356 400 1181

1083 333 1586 405 TRANSLATIO
1628 332 1904 401 HOMIL.
1936 332 2255 403 ORIGEN.
2301 332 2379 405 ΙΝ
2424 329 2729 401 CANTIC.

3444 335 3479 402 ’1
3495 336 3608 400 182

201 468 621 545 ρνεεειοιειηιυι·
649 467 985 540 adventum,
1014 465 1156 525 laete
1203 469 1555 527 concinunt:
1590 470 1843 528 Exsulla-
1875 476 1929 539 Α
1959 470 2110 535 hanc
2130 474 2392 528 nostram
2413 470 2826 544 Ethiopissam
2851 466 3312 544 transmigravit.
3344 469 3607 528 Murmu-

205 558 384 616 bimus
413 563 465 616 et
495 558 771 616 lwtabitur
814 560 876 615 in
934 565 1006 615 te.
1067 563 1176 615 Pro
1226 577 1452 632 sponsae
1499 561 1850 634 perfectione

201 646 499 706 laetantur.
530 649 655 705 Non
686 653 776 704 est
795 648 1089 703 aemulatio
1113 648 1171 703 in
1190 648 1524 706 virtutibus.
1547 651 1724 706 Amor
1743 649 1852 705 iste

204 738 487 804 mundus,
523 754 686 793 amor
717 736 823 792 iste
854 737 980 792 sine
1028 736 1165 792 vitio
1214 742 1321 792 est.
1361 739 1773 795 Excsultabimus
1801 744 1853 794 et

206 826 522 907 lectabimur
577 828 639 881 in
694 830 763 882 te.
825 826 1129 894 Diligemus
1184 827 1351 882 ubera
1405 831 1521 883 tua.
1577 827 1679 884 Illa
1726 845 1854 899 quas

205 917 400 987 major
427 919 535 986 est,
561 915 687 986 jam
736 918 973 969 tuorum
1024 914 1269 970 uberum
1320 915 1468 971 lacte
1515 916 1852 988 perfruitur,

203 1008 265 1063 et
282 1004 545 1077 loquitur
564 1003 867 1060 exsultans
890 1019 903 1059 :
928 1005 1081 1059 Bona
1103 1005 1330 1059 uberum
1349 1009 1443 1060 tua
1459 1022 1622 1078 super
1640 1009 1853 1061 vinum.

204 1097 341 1150 Istas
368 1110 500 1150 vere
531 1110 660 1165 quae
694 1091 1144 1147 exsultationem
1176 1097 1233 1148 et
1273 1093 1533 1149 laetitiam
1567 1096 1854 1158 deferunt,

208 1181 660 1239 adolescentulis
703 1181 920 1253 quippe
963 1186 1121 1249 sunt,
1171 1183 1442 1238 deferunt
1488 1183 1855 1249 charitatem,

210 1274 272 1329 et
298 1271 539 1327 dicunt:
589 1270 999 1327 Exsultabimus
1045 1279 1094 1325 et
1142 1271 1451 1327 lwuibimur
1498 1274 1558 1328 in
1604 1277 1673 1329 te.
1712 1275 1856 1329 Dili-

202 1376 396 1434 gemus
426 1360 597 1415 ubera
626 1368 722 1415 tua
750 1375 915 1430 super
944 1360 1154 1414 vinum.
1189 1358 1532 1432 Diligemus,
1557 1361 1857 1434 inquiunt,

209 1466 327 1506 non
361 1448 686 1521 diligimus.
755 1447 969 1503 Deinde
1028 1447 1353 1519 loquuntur
1409 1450 1480 1504 ad
1539 1467 1855 1522 sponsam:

205 1539 459 1610 «Equites
506 1537 705 1593 dilexit
760 1539 829 1592 te.
889 1537 1113 1592 Laudat
1169 1554 1469 1609 sponsam,
1532 1556 1742 1594 nomen
1779 1538 1858 1593 illi

208 1626 503 1699 aequitatis
525 1643 559 1681 a
581 1626 833 1699 pr0priis
854 1625 1170 1682 virtutibus
1192 1627 1576 1699 imponentes.
1612 1630 1861 1699 [Equitas

206 1717 409 1775 dilexit
440 1720 510 1772 te.

286 1805 763 1905 5|06.Rursum
880 1803 1350 1862 adolescentulas
1372 1823 1595 1878 sponsa
1618 1824 1859 1879 respon-
1889 1840 1938 1905 B

210 1894 313 1950 det
340 1897 513 1964 (vers.
545 1895 603 1960 5,
641 1893 696 1965 tt)
721 1909 734 1948 :
768 1894 936 1965 Nigra
957 1910 1101 1960 sum,
1130 1903 1181 1949 et
1206 1896 1469 1966 speciosa,
1497 1895 1629 1966 ﬁliae
1658 1898 1860 1951 Hieru-

207 1983 409 2049 salem,
470 1985 530 2038 ut
586 1984 943 2037 tabernacula
1000 1980 1193 2051 Cedar,
1245 1986 1307 2037 ut
1332 1984 1499 2054 pelles
1531 1984 1859 2051 Salomonis,

208 2074 296 2129 Ne
322 2072 630 2127 intuamini
656 2086 762 2137 me,
808 2072 937 2142 quia
962 2086 1064 2144 ego
1094 2088 1217 2126 sum
1263 2072 1569 2144 denigrala,
1601 2076 1863 2144 quoniam

209 2160 459 2234 despexit
484 2176 571 2215 me
599 2160 700 2216 sol.
735 2159 1013 2232 Speciosa
1042 2160 1282 2231 quidem
1306 2165 1413 2229 est,
1433 2166 1492 2217 et
1544 2178 1861 2233 possumus

210 2248 475 2305 invenire
507 2248 802 2319 quomodo
847 2247 1113 2319 speciosa
1143 2248 1221 2302 sit
1250 2266 1502 2320 sponsa;
1545 2251 1862 2323 quaerimus

213 2340 413 2393 autem
445 2337 739 2408 quomodo
769 2336 939 2408 nigra
965 2342 1020 2392 et
1052 2336 1180 2392 sine
1208 2339 1457 2394 candore
1488 2340 1567 2393 sit
1596 2338 1859 2410 pulchra,

210 2425 622 2483 Pcsnitentiam
655 2424 773 2498 egit
800 2444 834 2480 a
864 2425 1138 2497 peccatis,
1171 2426 1424 2497 speciem
1454 2427 1501 2482 ei
1534 2426 1745 2499 largita
1775 2434 1864 2483 est

212 2514 539 2583 conversio,
571 2519 628 2570 et
659 2514 787 2569 ideo
816 2514 1074 2585 speciosa
1097 2519 1384 2570 cantatur.
1410 2518 1555 2582 Quia
1575 2534 1706 2572 vero
1738 2534 1867 2574 ncc-

214 2605 360 2661 dum
393 2603 660 2660 omnium
689 2608 1060 2675 peccatorum
1101 2604 1271 2659 sorde
1314 2610 1580 2676 purgata,
1615 2607 1864 2661 necdum

213 2693 338 2751 lota
374 2697 464 2749 est
510 2692 570 2748 in
601 2692 811 2763 salute,
836 2691 1003 2764 nigra
1048 2691 1262 2747 dicitur
1300 2694 1399 2748 sed
1432 2692 1489 2748 in
1522 2699 1647 2749 atro
1677 2695 1866 2751 colore

214 2799 336 2839 non
368 2786 689 2855 permanet.
726 2782 926 2852 Itaque
979 2781 1230 2837 candida
1271 2783 1506 2853 quando
1537 2784 1608 2839 ad
1645 2785 1866 2855 majora

221 2871 546 2944 consurgit,
580 2876 789 2926 etcum
815 2871 886 2925 ab
908 2869 1233 2925 humilibus
1256 2870 1463 2943 incipit
1488 2872 1558 2927 ad
1586 2871 1705 2929 alta
1729 2890 1864 2929 con-

217 2960 519 3026 scendere,
555 2958 884 3031 diciturque
915 2959 987 3014 de
1016 2975 1083 3014 ea
1107 2977 1120 3014 :
1155 2960 1286 3028 Quae
1314 2967 1395 3016 est
1423 2962 1655 3033 islaquaz
1679 2979 1864 3019 ascen-

218 3049 306 3105 dit
332 3048 586 3105 dealbata
612 3048 677 3101 ‘9.
711 3048 779 3102 Et
809 3065 925 3119 quo
960 3048 1332 3105 manifestius
1380 3049 1489 3105 hoc
1521 3051 1865 3123 mysterium

219 3136 611 3203 describatur,
644 3154 758 3192 non
783 3137 881 3205 ait,
910 3141 971 3191 ut
990 3136 1049 3192 in
1073 3137 1367 3209 plerisque
1386 3140 1704 3207 codicibus,
1729 3139 1866 3212 legi-

1960 564 2048 617 ret
2086 562 2275 616 Aaron
2329 560 2725 617 sacerdotium
2772 560 3133 629 Judmorum,
3185 565 3515 617 murmurat
3552 566 3611 617 et

1961 649 2144 707 Maria
2173 666 2472 722 synagoga
2498 666 2699 706 eorum
2727 666 2740 703 :
2773 651 2999 722 Moyses
3030 650 3101 705 de
3147 649 3610 707 murmuratione

1964 755 2080 796 non
2113 742 2297 805 curat,
2322 742 2482 794 amat
2500 739 2918 811 xEthiopissam
2943 755 3134 808 suam,
3158 737 3229 793 de
3252 755 3368 810 qua
3389 742 3446 793 et
3469 737 3610 796 alibi

1964 827 2179 885 dicitur
2208 844 2310 900 per
2339 827 2682 899 prophetam
2709 846 2721 884 :
2756 828 2831 883 Ab
2855 829 3116 883 extremis
3144 828 3442 897 ﬂuminum
3474 828 3612 900 affe-

1964 918 2086 973 rent
2114 916 2316 971 hostias
2344 917 2409 970 ⁶².
2454 917 2523 970 Et
2551 933 2785 972 rursum
2816 933 2828 971 :
2866 918 3139 988 (Ethiopia
3167 917 3469 987 praeveniet
3496 932 3612 971 ma-

1964 1021 2069 1060 nus
2098 1006 2215 1077 ejus
2245 1006 2349 1061 Deo
2379 1006 2442 1060 ⁸³.
2477 1005 2722 1060 Pulchre
2755 1005 3098 1077 praeveniet;
3129 1005 3422 1075 quomodo
3453 1004 3611 1060 enim

1965 1093 2025 1149 in
2056 1094 2368 1164 Evangelio
2403 1094 2615 1151 mulier
2642 1094 2744 1149 illa
2772 1111 2899 1166 quas
2933 1094 3219 1165 sanguine
3249 1094 3483 1159 fluebat,
3517 1110 3616 1149 ar--

1966 1183 2347 1255 chisynagogi
2369 1182 2548 1238 ﬁliam
2571 1183 2872 1238 curatione
2918 1183 3193 1255 praevenit
3211 1183 3276 1248 5‘,
3296 1182 3380 1238 sic
3399 1182 3616 1239 Ethio-

1967 1272 2064 1345 pia
2095 1272 2273 1328 Israel
2306 1278 2620 1345 aegrotante
2650 1276 2854 1328 sanata
2881 1276 2990 1327 est.
3042 1273 3272 1328 Illorum
3298 1271 3496 1328 delicto
3523 1261 3640 1328 sa-l

1968 1362 2055 1417 lus
2082 1363 2336 1432 gentibus
2372 1364 2522 1433 facta
2567 1370 2645 1417 est
2687 1361 2758 1416 ad
2799 1361 3175 1416 mmulandum
3216 1377 3305 1416 eos
3352 1361 3415 1414 ⁵⁵.
3449 1360 3618 1433 Nigra

1966 1466 2087 1504 sum
2119 1453 2169 1505 et
2195 1452 2451 1522 speciosa,
2485 1450 2622 1520 ﬁliae
2652 1450 3022 1506 Hierusalem.
3053 1453 3120 1504 Et
3151 1454 3233 1517 tu,
3269 1449 3619 1506 ecclesiasti-

1969 1555 2037 1595 ca
2058 1538 2275 1604 anima,
2309 1539 2379 1594 ad
2414 1538 2565 1595 ﬁlias
2592 1539 2953 1596 Hierusalem
2975 1543 3243 1595 converte
3264 1554 3618 1609 sermonem,

1968 1632 2025 1684 et
2055 1628 2186 1683 dic:
2218 1627 2308 1683 Me
2342 1627 2474 1700 plus
2521 1632 2683 1683 amat
2729 1644 3004 1700 sponsus,
3060 1644 3154 1685 me
3205 1629 3394 1699 magis
3428 1626 3622 1700 diligit

1969 1733 2148 1789 quam
2183 1733 2303 1783 vos,
2338 1734 2466 1787 quas
2501 1718 2704 1771 multis
2736 1717 2868 1771 tiliae
2900 1716 3282 1773 Hierusalem.
3334 1716 3449 1772 Vos
3481 1715 3619 1771 foris

1970 1805 2162 1871 statis,
2180 1811 2237 1861 et
2252 1823 2530 1878 sponsam
2553 1805 2892 1862 cubiculum
2915 1806 3124 1862 videtis
3143 1806 3485 1862 intrantem.
3513 1806 3621 1862 Ne-

1969 1912 2063 1951 mo
2081 1895 2311 1952 dubitet
2332 1896 2559 1968 nigram
2582 1900 2847 1951 vocatam
2870 1912 2999 1952 esse
3020 1896 3361 1952 formosam.
3386 1895 3495 1962 Qui
3513 1911 3622 1951 nos

1969 2000 2198 2049 sumus,
2233 1989 2297 2039 ut
2326 2000 2750 2057 cognoscamus
2793 1985 3000 2050 Deum,
3048 1989 3115 2040 ut
3142 1983 3381 2041 Cantica
3409 1982 3623 2040 cantici

1969 2072 2373 2146 praedicemus,
2401 2078 2463 2128 ut
2488 2073 2562 2128 ab
2582 2073 2885 2146 IEthiopiaa
2908 2072 3145 2140 ﬁnibus,
3172 2078 3239 2128 ut
3260 2074 3332 2129 ab
3365 2076 3624 2129 extremo

1968 2165 2135 2217 terras
2156 2161 2488 2217 venerimus
2509 2161 2859 2234 sapientiam
2880 2161 2998 2217 veri
3021 2162 3224 2217 audire
3245 2160 3576 2218 Salomonis
3597 2160 3627 2216 ?

1971 2249 2040 2304 Et
2066 2249 2302 2321 quando
2330 2248 2647 2306 Salvatoris
2694 2267 2803 2305 vox
2844 2249 3168 2306 intonantis
3211 2250 3488 2306 auditur:
3522 2250 3625 2305 Re-

1969 2341 2104 2410 gina
2134 2340 2319 2394 Austri
2372 2341 2545 2394 veniet
2590 2342 2650 2394 in
2685 2338 2983 2410 judicium,
3031 2342 3085 2394 et
3110 2338 3498 2395 condemnabit
3527 2338 3624 2395 ho-

1969 2430 2145 2483 mines
2176 2430 2546 2495 generationis
2578 2428 2760 2500 hujus,
2812 2429 2945 2499 quia
2991 2429 3137 2484 venit
3168 2446 3202 2483 a
3230 2428 3432 2497 ﬁnibus
3462 2435 3628 2485 terra?

1971 2518 2173 2573 audire
2202 2519 2534 2589 sapientiam
2562 2519 2890 2588 Salomonis,
2923 2521 2973 2573 et
3019 2533 3136 2573 ecce
3166 2516 3297 2588 plus
3327 2533 3493 2588 quam
3524 2516 3626 2572 Sa-

1972 2607 2153 2662 lomon
2184 2606 2272 2661 hic
2302 2609 2347 2642 ⁶⁶
2369 2626 2388 2662 .·
2419 2606 2556 2662 audi
2608 2607 2857 2680 mystica
2904 2623 3029 2678 quae
3080 2606 3371 2661 dicantur.
3406 2606 3626 2677 Regina

1973 2696 2172 2750 Austri
2205 2697 2363 2751 venit
2392 2712 2427 2750 a
2457 2694 2672 2751 ﬁnibus
2707 2701 2870 2753 terras
2903 2694 3177 2763 Ecclesia,
3201 2699 3259 2750 et
3276 2694 3630 2750 condemnat

1974 2783 2246 2841 homines
2278 2785 2671 2856 generationis
2702 2785 2902 2855 hujus.
2936 2785 2993 2840 id
3027 2784 3369 2840 estJudaeos
3391 2782 3552 2839 carni
3571 2786 3630 2839 et

1975 2873 2249 2945 sanguini
2281 2874 2526 2930 deditos.
2564 2874 2738 2930 Venit
2766 2891 2800 2929 a
2830 2874 3047 2929 ﬁnibus
3099 2877 3266 2929 terra:
3299 2872 3503 2927 audire
3529 2888 3623 2929 sa-

1975 2961 2257 3033 pientiam
2290 2961 2639 3033 Salomonis,
2674 2978 2788 3017 non
2822 2960 2982 3017 illius
3012 2961 3113 3033 qui
3165 2961 3221 3015 in
3252 2961 3625 3017 Testamento

1975 3051 2167 3106 Veteri
2198 3052 2567 3123 praedicatur,
2602 3051 2701 3107 sed
2724 3050 2904 3122 hujus
2925 3049 3022 3122 qui
3050 3050 3105 3104 in
3132 3049 3438 3120 Evangelio
3461 3049 3626 3105 Salo-

1977 3155 2150 3195 mone
2181 3143 2368 3209 major
2398 3146 2509 3196 est.
2542 3141 2714 3209 Nigra
2742 3156 2869 3194 sum
2897 3147 2948 3194 et
2973 3141 3235 3209 speciosa,
3257 3139 3400 3209 ﬁlia:
3428 3139 3623 3194 Hiera;

214 3231 354 3285 tur:
388 3228 591 3283 Innixa
622 3242 787 3298 super
812 3208 1332 3297 fratruelemsuum,
1366 3227 1422 3282 id
1456 3236 1565 3297 est,
1588 3208 1864 3304 ἑπιστηβι-
1895 3208 1938 3274 C
1975 3228 2169 3293 salem,
2218 3230 2383 3296 nigra
2438 3229 2586 3284 velut
2618 3208 3009 3283 tabernacula
3056 3226 3246 3290 Cedar,
3290 3227 3533 3298 speciosa
3561 3229 3623 3282 ut

218 3317 419 3388 ζομένη
449 3314 541 3369 ὶπὶ
570 3313 658 3368 τὸν
694 3310 1016 3391 ἀδελφιδοῦν
1047 3313 1235 3383 αὐτῆς,
1269 3316 1369 3371 sed
1402 3315 1858 3392 ἐπιστηριζομὲνη

215 3404 298 3460 ἑνὶ
326 3423 387 3457 το
418 3404 614 3471 στῆθος
643 3400 806 3456 αὐτοῦ
843 3403 901 3458 id
932 3410 1042 3469 est,
1070 3420 1236 3476 super
1286 3409 1473 3475 pectus
1509 3407 1624 3477 ejus
1653 3423 1862 3462 recum-

214 3493 366 3561 bens,
402 3491 918 3565 signiﬁcanterque
948 3492 1019 3547 de
1053 3493 1251 3548 anima
1272 3510 1500 3565 sponsa:
1522 3498 1580 3549 et
1596 3511 1865 3551 sermone

213 3582 451 3649 dicitur,
485 3598 663 3653 super
690 3585 896 3653 pectus
915 3580 1077 3637 illius
1099 3583 1465 3649 recumbens,
1489 3584 1627 3656 quia
1648 3584 1864 3657 princi-

216 3670 348 3746 pale
377 3670 458 3726 ibi
489 3669 682 3725 cordis
712 3674 802 3725 est
827 3669 1034 3726 nostri.
1068 3670 1230 3725 Unde
1262 3687 1295 3725 a
1344 3672 1678 3728 carnalibus
1710 3691 1864 3729 rcce-

215 3761 423 3817 dentes
440 3757 726 3832 spiritalia
746 3758 963 3814 sentire
981 3759 1283 3830 debemus,
1302 3764 1360 3815 et
1380 3760 1703 3833 intelligere
1721 3762 1867 3818 mul-

216 3852 278 3904 to
310 3846 523 3903 melius
551 3863 681 3902 esse
709 3847 794 3901 sic
824 3863 1042 3915 amare,
1092 3865 1270 3919 quam
1318 3865 1516 3905 amare
1563 3850 1864 3907 desistere.

215 3935 498 3993 Ascendit
520 3935 701 4007 igitur
731 3937 1077 3992 recumbens
1125 3954 1305 4009 super
1334 3945 1539 4009 pectus
1572 3941 1866 3997 fratruelis

218 4023 353 4081 sui:
388 4028 445 4079 et
473 4041 601 4096 quae
634 4040 788 4079 nunc
820 4024 879 4078 in
910 4025 1145 4081 exordio
1176 4026 1386 4081 cantici
1422 4028 1587 4097 nigra
1610 4029 1864 4100 ponitur,

214 4114 276 4170 in
310 4112 677 4185 epithalamii
706 4113 821 4168 ﬁne
852 4113 921 4168 de
942 4130 1012 4169 ea
1027 4118 1334 4170 cantatur:
1362 4117 1494 4183 Quae
1514 4125 1592 4171 est
1624 4119 1727 4173 ista
1747 4136 1867 4189 qtae

214 4202 458 4260 ascendit
484 4202 740 4259 dealbata
769 4204 814 4237 ⁶⁰
832 4201 859 4257 ?
883 4202 1280 4260 Intelleximus
1304 4206 1595 4277 quomodo
1617 4210 1673 4261 et
1700 4207 1867 4280 nigra

214 4295 274 4348 et
303 4290 560 4347 formosa
588 4291 666 4348 sit
695 4308 932 4363 sponsa.
974 4291 1033 4348 Si
1085 4298 1284 4348 autem
1334 4298 1391 4349 et
1438 4299 1497 4349 tu
1534 4311 1646 4349 non
1676 4296 1867 4368 egeris

212 4379 644 4453 pcenitentiam,
677 4397 813 4436 cave
843 4397 915 4435 ne
946 4381 1145 4436 anima
1188 4386 1290 4438 tua
1338 4383 1504 4456 nigra
1554 4384 1781 4440 dicatur
1809 4391 1864 4441 et

209 4469 426 4543 turpis,
460 4474 518 4526 et
546 4467 767 4542 duplici
801 4469 1059 4526 foeditate
1088 4472 1383 4542 turperis:
1435 4472 1601 4545 nigra
1632 4478 1866 4545 pmpter

1972 3316 2148 3387 pelles
2178 3317 2505 3372 Salomonis.
2544 3319 2673 3388 Ipsa
2701 3333 2933 3387 quaque
2964 3315 3202 3370 nomina
3235 3331 3367 3370 cum
3391 3332 3621 3387 sponsa:

1974 3404 2179 3462 decore
2202 3406 2573 3462 conveniunt.
2596 3406 2776 3461 Aiunt
2801 3405 3022 3461 Hebraei
3043 3405 3228 3460 Cedar
3248 3405 3621 3476 interpretari

1972 3495 2264 3563 tenebras,
2302 3495 2467 3567 nigra
2495 3512 2627 3551 sum
2656 3512 2793 3567 ergo
2825 3498 2890 3550 ut
2916 3493 3301 3550 tabernacula
3329 3494 3530 3565 Cedar,
3558 3496 3625 3550 ut

1976 3583 2310 3655 IEthiopes;
2362 3587 2627 3656 speciosa
2668 3588 2732 3638 ut
2780 3582 2960 3655 pelles
3007 3582 3334 3638 Salomonis
3379 3598 3527 3652 quas
3557 3598 3624 3637 eo

1972 3676 2236 3745 tempore
2254 3671 2687 3729 intabernaculi
2706 3676 3048 3727 ornamento
3068 3670 3416 3742 composuit,
3431 3687 3624 3742 quan-

1976 3760 2051 3816 do
2082 3762 2369 3833 templum
2402 3777 2634 3816 summo
2667 3760 2861 3816 studio
2882 3764 2938 3815 et
2958 3759 3154 3815 labore
3179 3758 3493 3815 fabricatus
3515 3762 3624 3814 est.

1977 3850 2148 3906 Dives
2178 3849 2394 3922 quippe
2423 3849 2718 3919 Salomon,
2752 3853 2810 3903 et
2836 3848 2894 3904 in
2942 3847 3101 3903 omni
3155 3846 3443 3918 sapientia
3467 3845 3628 3901 illius

1977 3955 2149 3994 nemo
2184 3938 2479 4010 praecessit
2509 3937 2695 3992 illum.
2728 3938 2909 4004 Nigra
2955 3952 3075 3989 sum
3104 3936 3157 3990 ei
3184 3936 3444 4006 speciosa,
3487 3935 3628 4005 ﬁliae

1983 4012 2438 4094 Hierusalem,'ut
2466 4026 2826 4081 tabernacula
2873 4023 3063 4088 Cedar,
3094 4030 3157 4078 ut
3180 4023 3349 4095 pelles
3380 4023 3625 4079 Salomo-

1976 4116 2084 4171 nis.
2116 4120 2198 4172 Ne
2228 4116 2564 4170 intueamini
2590 4131 2697 4179 me,
2729 4115 2859 4184 quia
2887 4128 2981 4183 ego
3015 4128 3136 4167 sum
3166 4112 3479 4182 denigrata.
3513 4112 3621 4168 Sa—

1976 4204 2191 4261 tisfecit
2217 4205 2288 4259 de
2318 4204 2550 4275 nigrore
2580 4219 2707 4273 suo,
2741 4208 2800 4258 et
2828 4218 2930 4274 per
2960 4201 3366 4273 paenitentiam
3399 4201 3468 4257 ad
3502 4217 3622 4256 mo-

1975 4293 2122 4349 liora
2145 4308 2422 4349 conversa
2469 4291 2783 4347 annuntiat
2828 4308 2891 4347 se
2934 4290 3165 4348 ﬁliabus
3197 4290 3372 4346 Israel
3402 4289 3626 4361 nigram

1975 4382 2212 4454 quidem
2245 4398 2393 4447 esse,
2429 4381 2524 4436 sed
2561 4379 2890 4453 pulchram,
2926 4380 3249 4436 secundum
3273 4378 3427 4450 quod
3451 4394 3624 4450 supe-

1974 4470 2100 4527 rius
2130 4469 2533 4543 exposuimus,
2566 4473 2622 4525 et
2652 4468 2829 4525 dicit:
2863 4470 2939 4524 Ne
2984 4468 3320 4523 intueamini
3356 4481 3462 4531 me,
3495 4467 3629 4537 quia

204 4563 450 4632 peccata
480 4558 792 4631 praeterita,
818 4559 1009 4629 turpis
1058 4564 1295 4631 propter
1341 4559 1450 4615 hoc
1498 4561 1638 4632 quia
1666 4561 1723 4616 in
1755 4563 1864 4617 eis-
1897 4581 1941 4644 Β
1972 4575 2069 4630 ego
2098 4575 2223 4614 sum
2257 4559 2563 4629 denigrala.
2598 4558 2700 4629 Ne,
2751 4556 2961 4629 inquit,
3012 4553 3383 4644 admiremini
3414 4552 3626 4644 coloris

207 4646 348 4703 dem
379 4646 540 4703 vitiis
571 4662 932 4719 perseveras.
965 4647 1027 4703 Si
1056 4664 1190 4703 vero
1222 4648 1624 4719 pmnitentiam
1650 4651 1858 4723 egeris,

206 4735 383 4809 nigra
411 4735 523 4791 erit
551 4736 753 4792 anima
783 4741 887 4791 tua
919 4741 1153 4809 propter
1193 4738 1437 4808 antiqua
1466 4737 1694 4809 delicta,
1730 4756 1859 4811 pro-

142 4896 145 4897 ν
200 4829 341 4898 pter
356 4824 755 4897 penitentiam
773 4841 906 4880 vero
925 4825 1164 4881 habebit
1179 4819 1426 4897 aliquid,
1460 4831 1524 4881 ut
1544 4827 1626 4883 ita
1645 4828 1857 4899 dicam,

200 4911 523 4986 Ethiopici
558 4913 804 4969 decoris.
837 4913 907 4968 Et
936 4913 1075 4985 quia
1104 4914 1284 4970 semel
1319 4916 1647 4988 zEtbiopem
1673 4916 1859 4972 nomi-

199 4999 366 5071 navi,
399 4999 526 5056 volo
558 5004 765 5056 testem
796 5000 1158 5073 Scripturam
1191 5020 1369 5075 super
1394 5003 1551 5059 hunc
1581 5004 1861 5061 advocare

196 5104 565 5147 sermonem.
590 5090 776 5146 Aaron
797 5093 854 5145 ct
876 5089 1060 5146 Maria
1081 5092 1610 5164 murmurantquia
1632 5092 1859 5165 Moyses

191 5177 627 5251 Ethiopissam
685 5178 863 5234 habet
920 5196 1158 5236 uxorem
1213 5182 1278 5236 σι.
1334 5182 1404 5236 Et
1442 5197 1597 5237 nunc
1630 5181 1859 5254 Moyses

187 5266 625 5340 Ethiopissam
657 5267 819 5323 ducit
849 5285 1087 5325 uxorem
1115 5287 1128 5325 :
1164 5270 1456 5342 siquidem
1502 5270 1592 5326 lex
1625 5271 1753 5341 ejus
1784 5273 1855 5326 ad

1971 4664 2100 4704 esse
2133 4664 2225 4702 me
2249 4648 2403 4719 tetri,
2439 4646 2524 4703 sol
2557 4646 2818 4717 despexit
2849 4661 2961 4700 me.
3004 4643 3182 4699 Pleno
3214 4642 3432 4714 quippe
3462 4641 3625 4697 radio

1971 4735 2031 4791 in
2059 4753 2150 4792 me
2180 4735 2424 4791 luminis
2453 4735 2545 4791 sui
2576 4734 2769 4806 fulgor
2794 4731 3006 4799 illuxit,
3040 4738 3106 4786 ut
3132 4733 3263 4802 ejus
3293 4730 3405 4785 sim
3432 4729 3625 4785 calore

1969 4826 2215 4881 fuscata.
2248 4824 2448 4895 Neque
2475 4823 2633 4878 enim
2664 4828 2728 4877 ut
2769 4821 3064 4886 decuerat,
3099 4825 3163 4874 ut
3193 4818 3336 4874 solis
3366 4817 3624 4889 dignitas

1968 4913 2294 4986 expetebat,
2327 4912 2488 4968 illius
2515 4912 2576 4966 in
2625 4926 2718 4965 me
2763 4909 2962 4965 lumen
2993 4907 3190 4979 excepi
3230 4907 3345 4977 (12)
3373 4922 3387 4961 :
3420 4906 3623 4962 Delicta

1966 5021 2155 5061 eorum
2182 5003 2334 5059 salus
2376 5002 2629 5073 gentibus
2675 5002 2820 5071 facta
2861 5006 2938 5054 est
2969 5000 3011 5034 ⁸⁷
3037 5015 3058 5060 ,·
3089 5001 3140 5053 et
3171 5013 3364 5051 rursus
3389 5014 3402 5051 :
3435 5000 3621 5052 Incre-

1966 5093 2198 5149 dulitate
2253 5093 2503 5161 gentium
2555 5090 2785 5144 scientia
2828 5088 3019 5143 Israel.
3066 5084 3256 5141 Habes
3300 5088 3623 5157 utrumque

1968 5182 2122 5255 apud
2153 5178 2520 5253 Apostolum.
2848 5174 2863 5185 ’

2034 5273 2091 5326 7.
2125 5270 2290 5326 Vers.
2323 5270 2382 5326 6.
2427 5268 2560 5323 Filii
2592 5269 2787 5323 matris
2837 5281 2971 5320 meas
3014 5270 3402 5336 pugnaverunt
3429 5262 3621 5318 adver-

272 5422 323 5457 ⁸⁹
345 5422 510 5478 Cant.
542 5436 665 5490 VIII,
724 5421 779 5475 5.
840 5422 885 5454 ⁶⁰
940 5421 1086 5477 Cant
1138 5438 1260 5477 νηί.
1291 5423 1350 5477 5.
1428 5424 1469 5457 ⁶¹
1502 5422 1674 5477 Num.
1709 5440 1808 5491 xu,
1842 5421 1863 5477 1

1972 5420 2092 5479 'sal.
2128 5438 2296 5487 txxu,
2358 5420 2448 5487 10,
2506 5419 2551 5453 ⁸³
2618 5418 2766 5475 Psal.
2837 5434 3034 5486 vam,
3070 5418 3159 5473 31.
3225 5417 3270 5450 ⁸⁸
3301 5414 3507 5472 Matth.
3542 5430 3619 5470 1x.

182 5496 243 5535 ⁸⁸
276 5493 449 5551 Rom.
509 5508 592 5561 χι,
648 5490 738 5547 11.
798 5492 842 5526 ⁶⁶
873 5492 1078 5548 Matth.
1111 5510 1211 5563 κη,
1247 5493 1336 5549 41.
1368 5494 1412 5528 ⁸⁷
1444 5494 1610 5550 Rom.
1643 5512 1721 5565 xl,
1758 5490 1844 5550 11.

348 5661 460 5733 (12)
492 5659 658 5729 Mss.,
692 5662 895 5733 excepi.
926 5660 1092 5717 Libb.
1134 5662 1297 5733 edit.,
1332 5663 1534 5734 accepi.
