3996 6360
419 319 575 389 U83

1650 320 1715 388 S.
1759 318 2067 390 EUSEBII
2107 319 2575 390 HIERONYMI.

3658 318 3831 387 ΗΜ

413 474 537 515 sum
568 472 672 515 me.
714 456 1216 515 Considerandum
1265 457 1557 532 quomodo
1609 475 1825 531 sponsa
1857 458 2049 515 dicat:
2084 462 2133 526 Α
2164 459 2232 514 Et
2260 459 2399 532 quia
2429 458 2677 515 aliorum
2724 458 3002 517 erubesco
3055 460 3347 535 aspectus,
3377 453 3584 518 faciem
3616 473 3823 516 meam

412 548 553 606 Filii
608 549 805 604 matris
856 562 988 602 meae
1052 552 1438 620 pugnaverunt
1495 548 1783 603 adversum
1838 562 1925 602 me
1956 572 1970 613 ς
2000 553 2059 602 et

412 638 647 709 quando
679 638 955 693 adversus
975 654 1102 692 eam
1128 638 1370 693 fratrum
1397 654 1592 710 pugna
1613 637 1886 692 surrexit.
1912 635 2056 691 Vide

412 726 654 783 Paulum
702 726 969 782 Ecclesia
1019 731 1469 799 persecutorem,
1502 732 1554 782 et
1586 725 1877 799 intelliges
1910 741 2051 796 quo-

410 816 580 871 modo
622 814 777 870 filius
808 816 1014 870 matris
1039 816 1166 885 ejus
1199 815 1539 887 pugnaverit
1569 816 1874 870 adversum
1900 830 2050 869 eam.

406 904 812 959 Persecutores
844 903 1109 959 Ecclesiae
1141 908 1385 975 egerunt
1413 904 1835 975 paenitentiam,
1870 908 1925 956 et
1956 903 2053 956 ad-

401 993 641 1047 versarii
672 993 801 1063 ejus
824 1009 1057 1047 rursum
1081 994 1150 1048 ad
1176 994 1392 1049 sororis
1427 994 1597 1064 signa
1619 993 1879 1047 conservi
1906 1009 2047 1062 prae-

400 1082 742 1137 dicaverunt
765 1083 937 1138 fidem
971 1100 1147 1154 quam
1182 1089 1313 1138 ante
1346 1084 1746 1138 destruebant.
1781 1082 1899 1138 Hoc
1921 1098 2050 1153 pro-

398 1171 629 1243 phetico
661 1171 871 1243 spiritu
904 1189 1120 1244 sponsa
1165 1188 1320 1226 nunc
1352 1178 1614 1239 cantans,
1649 1174 1763 1227 ait:
1804 1173 2050 1226 Dimica-

399 1269 592 1316 verunt
646 1263 706 1315 in
759 1278 866 1328 me,
916 1264 1216 1332 posuerunt
1269 1277 1356 1315 me
1414 1261 1685 1315 custodem
1734 1262 1793 1314 in
1853 1261 2044 1315 vineis.

400 1351 623 1405 Vineam
674 1367 857 1405 meum
912 1366 1023 1405 non
1076 1350 1365 1405 custodiri.
1430 1352 1545 1422 Ego
1607 1348 1878 1413 Ecclesia,
1939 1365 2046 1420 ego

394 1456 631 1510 sponsa,
666 1456 770 1511 ego
803 1440 929 1495 sine
965 1439 1212 1507 macula,
1246 1439 1633 1511 plurimarum
1683 1443 1879 1493 custos
1911 1454 2042 1491 sum

394 1528 585 1601 posita
609 1528 913 1585 vinearum
946 1546 979 1584 a
1012 1529 1148 1584 filiis
1179 1529 1385 1584 matris
1412 1545 1573 1594 meae,
1606 1528 1703 1599 qui
1729 1532 1930 1581 contra
1954 1542 2046 1581 me

392 1615 707 1688 aliquando
740 1622 1161 1689 pugnaverant.
1196 1619 1320 1682 Qua
1368 1616 1757 1672 sollicitudine
1788 1632 2045 1687 curaque

390 1704 680 1773 districta,
700 1706 840 1760 dum
860 1705 1332 1776 plurescustodio
1354 1706 1572 1771 vineas,
1598 1706 1825 1759 vineam
1852 1720 2041 1759 meam

392 1810 507 1848 non
539 1793 781 1850 servavi.
817 1792 1076 1865 Intellige
1110 1793 1216 1848 hoc
1245 1794 1315 1849 de
1349 1794 1544 1861 Paulo,
1569 1793 1761 1847 etalio
1786 1810 2043 1863 quocun-

391 1898 505 1953 que
526 1887 886 1950 sanctorum,
906 1883 1005 1954 qui
1029 1899 1132 1954 pro
1155 1882 1416 1937 omnium
1434 1881 1707 1937 sitsalute
1725 1882 2038 1948 sollicitus;

389 1976 448 2025 et
477 1970 700 2028 videbis
731 1972 1024 2042 quomodo
1053 1971 1279 2026 vineam
1332 1988 1498 2025 suam
1534 1988 1644 2024 non
1679 1970 2037 2036 custodiens,

390 2058 639 2115 aliorum
671 2061 865 2115 vineta
894 2059 1223 2121 custodiat;
1268 2060 1559 2131 quomodo
1591 2060 1763 2115 etiam
1802 2064 1863 2114 ut
1894 2058 2040 2114 alios

390 2146 734 2216 lucrifaciat,
786 2147 909 2219 ipse
956 2149 1015 2203 in
1062 2148 1413 2219 quibusdam
1465 2150 1680 2202 damna
1711 2148 2035 2203 sustineat:

388 2236 602 2291 etenim
634 2254 766 2291 eum
802 2237 975 2291 fuerit
1005 2236 1152 2291 liber
1194 2254 1260 2291 ex
1290 2236 1584 2303 omnibus,
1619 2237 1879 2307 seipsum
1914 2254 2037 2291 ser-

390 2343 526 2382 vum
562 2326 711 2395 fecit,
749 2332 813 2382 ut
842 2344 1048 2382 omnes
1102 2327 1506 2382 lucrifaceret:
1556 2329 1749 2382 Factus
1776 2344 1917 2391 sum,
1950 2326 2037 2380 in-

387 2414 533 2488 quit,
584 2417 839 2486 inﬁrmus
892 2418 1152 2485 infirmis,
1202 2417 1404 2471 Juda‘is
1429 2416 1667 2481 Iudaeus,
1701 2418 1791 2470 his
1817 2419 1913 2487 qui
1940 2417 2037 2469 sub

391 2506 510 2576 lege
553 2514 729 2575 erant,
792 2508 949 2577 quasi
990 2508 1091 2562 sub
1134 2508 1250 2575 lege
1272 2508 1336 2571 ⁸⁸,
1370 2511 1425 2562 et
1454 2512 1690 2571 caetera;
1724 2507 2032 2576 dicatque:

389 2596 615 2651 Vineam
642 2612 820 2651 meum
850 2611 959 2649 non
990 2595 1272 2650 custodiri.
1309 2594 1523 2649 Deinde
1553 2594 1838 2666 conspicit
1861 2610 2038 2665 spon-

388 2700 543 2752 sum,
574 2684 673 2754 qui
706 2689 1053 2755 conspectus
1084 2684 1367 2740 abscedit.
1398 2685 1467 2738 Et
1495 2685 1827 2754 frequenter
1848 2683 1952 2738 hoc
1979 2685 2035 2737 in

391 2777 512 2828 toto
543 2772 801 2827 carmine
852 2772 1008 2836 facit,
1060 2773 1212 2843 quod
1265 2771 1378 2826 nisi
1429 2772 1562 2842 quis
1607 2772 1728 2843 ipse
1762 2772 2033 2842 patiatur,

389 2876 506 2916 non
548 2864 737 2933 potest
767 2860 1109 2931 intelligere.
1144 2861 1325 2931 Smpe,
1361 2861 1514 2915 Deus
1542 2861 1707 2915 testis
1728 2866 1837 2927 est,
1862 2877 2034 2930 spon-

388 2966 520 3005 sum
541 2950 682 3004 mihi
710 2950 1017 3005 adventare
1042 2949 1335 3020 conspexi,
1360 2953 1416 3004 et
1440 2966 1665 3004 mecum
1690 2966 1817 3004 esse
1836 2966 2037 3021 quam-

387 3037 708 3110 plurimum
736 3056 749 3106 ;
783 3055 898 3110 quo
930 3038 1124 3094 subito
1156 3039 1475 3102 recedente,
1512 3039 1770 3093 invenire
1791 3056 1905 3094 non
1931 3056 2035 3110 po-

383 3128 467 3183 tui
499 3129 654 3199 quod
706 3128 1060 3200 quaerebam.
1112 3128 1335 3183 Rursus
1382 3127 1563 3197 igitur
1610 3128 1875 3183 desidero
1907 3130 2035 3198 ejus

2166 553 2340 619 atque
2406 565 2510 604 ora
2567 566 2700 605 mox
2753 555 3059 623 contegere
3118 550 3354 622 incipio.
3408 550 3549 606 Sum
3593 547 3828 621 quippe

2164 654 2384 709 sponsa
2440 637 2717 704 formosa,
2776 644 2833 693 et
2886 638 3019 693 aliis
3077 639 3295 693 nudam
3353 638 3559 694 faciem
3618 654 3822 694 meam

2167 742 2280 780 non
2306 726 2691 793 ostendo,nisi
2726 726 2827 781 tibi
2862 727 2968 783 soli
2994 744 3164 799 quem
3190 727 3547 799 jampridem
3574 728 3829 783 deoscu-

2164 813 2282 870 lata
2311 832 2463 870 sum.
2529 818 2815 871 Annuutia
2860 817 3003 871 mihi
3032 833 3191 887 quem
3220 818 3416 871 dilexit
3444 819 3635 871 anima
3662 833 3821 885 mea,

2160 904 2255 957 ubi
2280 906 2477 974 pascis,
2513 904 2607 958 ubi
2638 908 2798 959 cubas
2830 908 2887 959 in
2920 906 3167 967 meridie,
3202 906 3488 977 nequando
3510 905 3643 975 [iam
3664 908 3824 961 sicut

2159 1002 2404 1063 coeperta
2434 1010 2597 1064 super
2626 1011 2811 1064 greges
2856 996 3130 1050 sodalium
3175 1003 3412 1050 tuorum.
3448 994 3519 1050 Ut
3549 996 3659 1050 ista
3690 1012 3816 1050 non

2160 1082 2365 1153 patiar,
2404 1088 2466 1137 ut
2497 1100 2608 1137 non
2643 1084 2778 1137 tiam
2810 1089 3100 1155 cooperta,
3130 1089 3194 1138 ut
3224 1101 3324 1138 ora
3346 1101 3458 1138 non
3477 1092 3813 1155 conlegam,

2159 1176 2215 1226 et
2245 1172 2315 1225 ad
2346 1171 2492 1227 alios
2533 1189 2719 1243 usque
2751 1174 3111 1244 perveniens,
3146 1172 3420 1245 incipiam
3476 1173 3719 1228 forsitan
3753 1177 3817 1228 et

2158 1276 2256 1315 eos
2286 1276 2483 1315 amare
2512 1278 2658 1330 quos
2690 1262 2884 1316 nescio
2911 1279 2924 1327 ;
2958 1261 3171 1316 idcirco
3215 1260 3497 1316 annuntia
3528 1259 3669 1315 mihi
3703 1259 3813 1316 ubi

2156 1353 2213 1404 te
2244 1367 2497 1422 quaeram
2530 1355 2586 1405 et
2616 1350 2907 1406 inveniam
2938 1350 2997 1405 in
3048 1349 3305 1413 meridie,
3369 1367 3439 1405 ne
3488 1350 3632 1405 forte
3662 1350 3810 1405 ﬁam

2155 1438 2324 1510 quasi
2356 1443 2625 1510 cooperta
2655 1456 2832 1512 super
2861 1455 3067 1511 greges
3098 1438 3387 1495 soladium
3420 1444 3675 1494 tuorum.

2224 1529 2278 1582 9.
2348 1528 2606 1583 Posthaee
2649 1530 2824 1583 verba
2870 1544 3125 1600 sponsus
3167 1528 3217 1583 ei
3249 1529 3721 1583 communicatur
3750 1532 3811 1583 et

2154 1616 2330 1671 dicit:
2365 1623 2479 1671 Aut
2509 1634 2793 1688 cognosce
2848 1617 3217 1689 temetipsum
3252 1618 3526 1686 quoniam
3557 1616 3711 1686 regis
3742 1632 3808 1671 es

2153 1722 2389 1776 sponsa,
2424 1711 2481 1761 et
2510 1707 2783 1775 formosa,
2811 1712 2867 1760 et
2897 1723 2931 1760 a
2961 1722 3053 1760 me
3101 1707 3252 1760 facta
3292 1706 3577 1771 formosa;
3610 1704 3805 1775 siqui-

2152 1794 2284 1849 dem
2334 1811 2439 1865 ego
2488 1794 2631 1849 mihi
2676 1794 2912 1850 exhibui
2959 1793 3276 1865 gloriosam
3307 1793 3640 1863 Ecclesiam,
3678 1810 3805 1848 non

2150 1882 2462 1939 habentem
2495 1883 2809 1951 maculam,
2843 1900 3030 1954 neque
3057 1900 3262 1955 rugam
3292 1884 3354 1937 69.
3389 1883 3457 1937 Et
3477 1882 3805 1954 scito,quia

2150 1972 2196 2027 si
2230 1976 2286 2028 te
2312 1990 2426 2027 non
2448 1973 2806 2044 cognoveris,
2830 1976 2885 2027 et
2910 1976 3066 2026 tuam
3092 1971 3292 2027 scieris
3314 1970 3675 2044 dignitatem,
3699 1986 3805 2041 pa-

2150 2060 2311 2116 tieris
2379 2061 2499 2117 haec
2552 2079 2677 2133 quae
2728 2066 3080 2132 sequuntur.
3139 2062 3413 2125 Quisnam
3464 2060 3575 2115 ista
3614 2060 3805 2114 sunt?

2148 2151 2331 2223 (Vere.
2368 2151 2446 2221 8.)
2478 2151 2538 2205 Si
2565 2168 2670 2206 non
2703 2152 3013 2221 cognoveris
3046 2151 3403 2221 temetipsum,
3436 2167 3466 2205 ο
3484 2148 3723 2221 pulchra
3740 2150 3801 2202 in

2147 2242 2495 2303 mulieribus,
2526 2241 2790 2307 egredere
2818 2244 2877 2293 tu
2908 2241 2964 2293 in
3000 2241 3239 2307 vestigiis
3284 2255 3526 2309 gregum,
3555 2241 3605 2292 et
3630 2252 3807 2308 pasce

2149 2346 2265 2384 non
2295 2346 2501 2401 greges
2538 2330 2754 2395 ovium,
2808 2345 2924 2383 non
2983 2344 3290 2399 agnorum,
3341 2328 3440 2382 sed
3474 2328 3649 2381 haedos
3678 2335 3806 2381 tuos

2149 2419 2374 2473 Statuet
2400 2417 2620 2489 quippe
2651 2433 2786 2472 oves
2815 2434 2849 2472 a
2878 2417 3117 2482 dextris,
3150 2422 3207 2471 et
3236 2435 3271 2470 a
3298 2415 3552 2471 sinistris
3573 2416 3802 2472 haedos.

2146 2508 2208 2563 Si
2236 2523 2347 2563 non
2372 2508 2688 2574 cegnoveris
2717 2508 3075 2577 temetipsum,
3120 2521 3150 2560 0
3194 2506 3423 2575 pulchra
3455 2507 3511 2559 iu
3541 2505 3804 2559 mulieri-

2150 2598 2321 2662 ribus,
2353 2596 2609 2664 egredere
2639 2600 2699 2651 tu
2725 2597 2782 2649 in
2816 2597 3059 2663 vestigiis
3085 2610 3332 2665 gregum,
3364 2597 3416 2648 et
3441 2609 3598 2664 pasce
3618 2594 3807 2649 haedos

2146 2691 2268 2739 tuos
2298 2687 2357 2738 in
2388 2684 2756 2739 tabernaculis
2783 2692 3088 2754 pastorum.
3147 2683 3207 2738 lu
3262 2681 3543 2754 vestigiis,
3575 2681 3797 2753 inquit,

2149 2779 2445 2845 pastorum
2477 2772 2797 2828 novissima
2828 2774 2952 2842 lies,
2986 2789 3099 2827 non
3132 2772 3285 2827 inter
3326 2788 3480 2835 oves,
3508 2771 3607 2826 sed
3641 2771 3803 2826 inter

2146 2862 2344 2919 haedos
2372 2868 2527 2931 tuos,
2558 2879 2692 2917 cum
2724 2863 2940 2933 quibus
2988 2861 3260 2916 habitans
3281 2877 3395 2916 non
3426 2860 3640 2932 poteris
3672 2875 3798 2916 me-

2145 2969 2303 3018 cum,
2333 2952 2386 3006 id
2420 2955 2512 3007 est
2540 2968 2670 3005 cum
2697 2952 2847 3006 bono
2883 2956 3111 3021 pastore
3139 2966 3286 3006 esse.

2218 3044 2304 3097 10.
2340 3041 2504 3095 Vers.
2544 3043 2602 3096 9.
2644 3042 2924 3112 Equitatui
2959 3056 3080 3094 meo
3112 3042 3171 3094 in
3198 3040 3452 3094 curribus
3483 3038 3797 3094 Pharaonis

2142 3132 2450 3186 assimilan
2478 3137 2551 3197 te,
2583 3132 2763 3184 amica
2794 3146 2932 3183 mea.
2965 3129 3023 3184 Si
3055 3129 3143 3183 vis
3167 3127 3791 3199 intelligere,osponsa,

383 3216 722 3285 adventum,
765 3222 825 3272 et
872 3232 1292 3286 nonnunquam
1342 3215 1551 3270 iterum
1592 3216 1786 3281 venit;
1815 3221 1871 3270 et
1900 3232 2032 3271 cum
2067 3211 2108 3277 C
2147 3218 2438 3289 quomodo
2468 3217 2615 3271 scire
2647 3221 2701 3271 te
2732 3218 2965 3282 debeas,
3007 3231 3289 3287 cognosce
3331 3216 3424 3270 cui
3468 3220 3522 3270 te
3552 3233 3791 3288 compa-

381 3305 734 3377 a‘pparuerit,
768 3304 1032 3375 meisque
1063 3304 1335 3359 manibus
1360 3302 1531 3359 fuerit
1550 3305 2030 3376 comprehensus,

384 3409 621 3449 rursum
669 3393 939 3459 elabitur,
980 3398 1039 3447 et
1071 3410 1205 3448 eum
1241 3393 1411 3447 fuerit
1441 3393 1699 3464 elapsus,
1733 3411 1967 3449 rursum
1999 3410 2031 3448 a

386 3498 480 3537 me
511 3481 849 3553 inquiritur,
882 3485 938 3536 et
966 3480 1074 3536 hoc
1106 3481 1307 3535 crebro
1332 3481 1484 3546 facit,
1509 3482 1691 3537 donec
1714 3481 1880 3537 illum
1905 3497 2032 3536 vere

385 3574 636 3637 teneam,
666 3574 724 3626 et
753 3570 1061 3626 ascendam
1096 3569 1297 3625 innixa
1337 3570 1451 3641 (l3)
1485 3586 1661 3642 super
1695 3570 2029 3625 fratruelem

386 3677 610 3717 meum.

459 3749 746 3806 ill-18
776 3752 829 3804 8.
860 3749 1023 3804 Vers.
1055 3750 1111 3803 7.
1140 3749 1425 3804 Annuntia
1472 3749 1616 3803 mihi
1653 3764 1810 3819 quem
1836 3747 2033 3802 dilexit

382 3841 577 3895 anima
605 3855 746 3905 mea,
778 3839 877 3893 ubi
919 3840 1119 3910 pascis,
1166 3839 1265 3893 ubi
1308 3838 1473 3893 cubas
1522 3839 1581 3891 in
1622 3838 1874 3891 meridie.
1908 3837 2029 3892 Non

383 3944 578 4001 quaero
595 3926 707 3983 alia
724 3927 1246 3998 tempora,quando
1264 3927 1761 3997 vespere,quando
1774 3925 2033 3981 diluculo

384 4016 618 4087 quando
650 4015 708 4069 in
740 4013 881 4069 solis
911 4013 1095 4084 pascis
1126 4014 1393 4069 occubitu
1422 4031 1435 4081 ;
1490 4012 1630 4067 illud
1678 4019 1909 4085 tempus
1941 4030 2031 4067 in-

385 4106 576 4176 quire,
612 4103 846 4175 quando
879 4103 1116 4158 florente
1164 4102 1277 4168 die,
1328 4102 1560 4174 quando
1612 4101 1783 4174 plena
1813 4102 1940 4157 luce
1973 4101 2031 4156 in

388 4192 714 4262 majestatis
746 4195 856 4247 tua?
908 4190 1216 4263 splendore
1259 4191 1527 4247 versaris.
1579 4194 1863 4247 Annumia
1893 4191 2036 4246 mihi

385 4297 544 4353 quem
573 4279 773 4335 dilexit
820 4283 1006 4335 anima
1052 4296 1198 4345 mea,
1252 4280 1348 4334 ubi
1387 4282 1584 4351 pascis,
1636 4281 1732 4335 ubi
1778 4283 1943 4334 rubas
1976 4282 2031 4334 in

384 4369 638 4425 meridie.
670 4368 991 4441 Diligenter
1034 4369 1277 4425 observa
1323 4370 1423 4424 ubi
1464 4368 1768 4424 meridiem
1804 4368 2031 4435 legeris.

388 4459 558 4531 Apud
587 4458 805 4531 Joseph
841 4458 1080 4513 meridie
1114 4460 1322 4513 fratres
1372 4458 1686 4528 prandium
1719 4457 2033 4512 celebrant.

2143 3306 2411 3370 raverim,
2444 3311 2502 3360 et
2530 3309 2667 3359 tunc
2697 3304 2920 3359 videbis
2950 3303 3125 3359 talem
3156 3310 3210 3358 te
3240 3320 3369 3359 esse
3409 3321 3535 3375 quis
3564 3306 3793 3361 turbari

2142 3410 2257 3448 non
2288 3394 2522 3459 debeas,
2558 3410 2691 3448 cum
2743 3398 2905 3447 tuam
2954 3392 3207 3463 speciem
3257 3392 3608 3464 cognoveris.
3641 3393 3791 3458 Quid

2141 3486 2231 3537 est
2260 3482 2472 3552 igitur:
2508 3483 2792 3551 Equitatui
2816 3497 2933 3534 meo
2974 3483 3032 3535 in
3075 3482 3329 3536 curribus
3359 3481 3667 3537 Pharaonis
3699 3499 3794 3537 ως-

2139 3572 2387 3627 similavi
2416 3570 2514 3626 te?
2557 3570 2688 3625 Seio
2737 3569 3009 3641 equidem
3054 3585 3339 3639 sponsum
3388 3569 3667 3642 propheta
3699 3571 3790 3625 di-

2142 3664 2307 3715 cente
2331 3677 2344 3714 :
2381 3662 2441 3714 Et
2472 3660 2733 3730 equitatio
2762 3660 2877 3729 ejus
2906 3659 3056 3713 salus
3084 3660 3142 3712 7°.
3193 3658 3532 3714 Assimilata
3558 3674 3621 3714 es
3650 3675 3788 3732 ergo

2141 3749 2425 3820 equitatui
2453 3764 2581 3803 meo
2614 3749 2670 3802 in
2701 3747 2972 3802 curribus
2995 3747 3328 3803 Pharaonis.
3353 3748 3645 3812 Quantum
3674 3748 3785 3803 dit-

2142 3838 2227 3893 fer
2254 3837 2553 3909 equitatus
2585 3853 2753 3891 meus
2799 3836 2900 3906 qui
2928 3852 3061 3891 sum
3093 3835 3395 3902 Dominus,
3427 3842 3485 3891 et
3512 3837 3783 3909 demergo

2140 3926 2200 3982 in
2225 3926 2499 3981 [luctibus
2523 3924 2907 3992 Pharaonem,
2930 3929 2987 3978 et
3008 3924 3277 3979 cristatos
3299 3924 3385 3979 vel
3406 3927 3638 3997 aurigas
3668 3927 3783 3993 (lli)

2142 4017 2273 4086 ejus
2302 4020 2359 4070 et
2387 4031 2727 4069 ascensores
2791 4015 2919 4083 ejus
2982 4018 3039 4068 et
3084 4029 3268 4084 equos
3298 4018 3353 4068 et
3382 4031 3586 4069 currus
3618 4016 3787 4086 ejus:

2143 4109 2451 4175 quantum,
2488 4103 2752 4174 inquam,
2787 4102 2980 4156 differt
3009 4101 3305 4173 equitatus
3338 4118 3501 4157 meus
3532 4104 3603 4159 ab
3624 4106 3791 4175 equis

2144 4192 2487 4257 Pharaonis,
2547 4197 2707 4246 tanto
2762 4190 2974 4245 meliur
3029 4207 3091 4246 es
3141 4190 3413 4247 omnibus
3444 4190 3673 4248 filiabus
3704 4199 3791 4260 tu,

2144 4299 2379 4355 sponsa,
2414 4286 2473 4335 tu
2510 4280 2909 4336 ecclesiastica
2938 4279 3154 4343 anima,
3189 4280 3463 4337 omnibus
3485 4282 3792 4337 animabus

2144 4387 2274 4442 qua:
2318 4387 2433 4425 non
2484 4374 2624 4425 sunt
2653 4370 3078 4423 ecclesiasticae.
3111 4369 3294 4441 Igitur
3323 4368 3370 4425 si
3404 4370 3797 4427 ecclesiastica

2146 4461 2345 4515 anima
2375 4476 2459 4521 es,
2493 4459 2771 4513 omnibus
2802 4457 3116 4513 animabus
3145 4475 3208 4513 es
3244 4457 3483 4514 melior:
3517 4459 3566 4514 si
3596 4476 3710 4514 non
3734 4476 3795 4516 es

385 4547 585 4620 Angeli
636 4546 878 4603 meridie
924 4547 1165 4603 Abrahae
1214 4546 1622 4618 suscipiuntur
1674 4546 1948 4616 hospitio,
1982 4552 2039 4601 et
2071 4579 2114 4642 ι)
2153 4546 2377 4615 melior,
2410 4562 2523 4601 non
2566 4562 2628 4599 es
2658 4544 3075 4600 ecclesiastica.
3125 4547 3414 4616 Equitatui
3438 4561 3553 4601 meo
3584 4548 3644 4601 in
3665 4563 3794 4601 eur-

387 4642 596 4692 caztera
624 4636 985 4692 istiusmodi.
1031 4636 1252 4703 Quaere,
1302 4640 1359 4689 et
1388 4634 1648 4689 invenies
1677 4635 2035 4705 Scripturam

387 4726 643 4780 divinam
686 4742 800 4779 non
852 4726 1067 4779 frustra
1114 4742 1215 4779 seu
1268 4722 1510 4777 fortuita
1557 4739 2036 4795 unumquemque

388 4830 672 4886 usurpare
703 4829 1054 4869 sermonem.
1088 4814 1228 4876 Quis
1259 4815 1434 4882 putas
1462 4815 1547 4865 est
1581 4809 1794 4881 dignus
1816 4829 1845 4865 e
1869 4813 2036 4867 nobis

387 4909 455 4959 ut
480 4904 552 4959 ad
588 4902 890 4958 meridiem
926 4917 1111 4971 usque
1142 4897 1459 4971 perveniat,
1507 4904 1565 4953 et
1607 4898 1797 4955 videat
1820 4901 1917 4955 ubi
1944 4920 2036 4973 pa-

388 4998 531 5063 scat,
566 4992 696 5046 ubit
724 4990 896 5046 cubet
926 5004 1181 5061 sponsus
1200 4988 1227 5042 ‘?
1252 4987 1534 5042 Aanuntia
1553 4989 1695 5043 mihi
1713 5005 1871 5060 quem
1893 4990 2034 5046 dile-

385 5083 473 5136 xit
500 5081 692 5135 anima
746 5094 888 5144 mea,
950 5079 1045 5131 ubi
1095 5077 1292 5147 pascis,
1350 5076 1446 5130 ubi
1496 5077 1661 5132 cubas
1690 5080 1747 5133 iu
1778 5080 2032 5135 meridie.

389 5169 511 5224 Nisi
542 5169 700 5225 enim
732 5172 795 5221 tu
822 5166 962 5220 mihi
987 5165 1447 5231 annuntiaveris,
1472 5166 1684 5238 incipio
1706 5170 2037 5223 errabunda

385 5257 616 5328 jactari,
647 5260 705 5311 et
733 5256 875 5309 dum
899 5260 953 5309 te
973 5269 1189 5325 quaero,
1215 5253 1271 5308 in
1296 5254 1541 5310 aliorum
1568 5272 1773 5326 greges
1801 5257 2034 5312 incurro

2145 4635 2295 4690 ribus
2324 4636 2637 4689 Pharaonis
2668 4633 2988 4688 assimilavi
3018 4637 3093 4699 te,
3126 4635 3386 4704 proxima
3413 4650 3552 4689 mea.
3581 4634 3792 4689 Deinde

2144 4722 2643 4796 pulchritudinem
2679 4739 2909 4793 sponsae
2955 4722 3203 4793 spiritali
3255 4739 3454 4778 amore
3498 4724 3784 4778 describit.

2143 4813 2332 4881 (Vers.
2402 4811 2506 4883 l0.)
2566 4811 2730 4867 Genu)
2788 4816 2894 4865 tua!
2952 4820 3010 4865 ut
3065 4815 3323 4867 lurturis.
3386 4812 3605 4866 Faciem
3637 4812 3788 4866 illius

2144 4902 2365 4970 laudat,
2384 4907 2753 4971 etgenarum,
2772 4901 2981 4955 rubore
2996 4900 3430 4971 succenditur“
3444 4904 3516 4968 3).
3534 4900 3784 4956 Pulchri-

2144 4992 2286 5047 tudo
2317 4990 2535 5062 quippe
2567 4988 2882 5044 mulierum
2914 4989 2972 5043 in
3014 4990 3183 5060 genis
3204 4990 3418 5045 dicitur
3437 5005 3564 5045 esse
3583 5006 3785 5061 quam-

2144 5079 2418 5152 plurima.
2446 5081 2527 5134 lta
2545 5084 2601 5135 et
2626 5095 2732 5134 nos
2754 5077 3253 5149 pulchritudinem
3278 5078 3483 5133 animis
3506 5077 3783 5149 intelliga-

2146 5185 2278 5223 mus
2310 5169 2369 5223 in
2402 5167 2588 5239 genis.
2626 5167 2804 5222 Labio
2837 5182 2971 5221 vero
3023 5168 3171 5235 ejus,
3203 5171 3260 5221 et
3288 5166 3549 5238 linguam
3579 5165 3784 5221 intelli-

2145 5257 2401 5328 gentiam
2464 5256 2856 5327 prasdicimus.
2918 5255 3131 5311 Collum
3188 5260 3347 5310 tuum
3382 5258 3441 5309 ut
3467 5256 3684 5311 monile.
3723 5255 3785 5311 Ut

428 5374 503 5451 _=9
535 5372 557 5428 Ι
589 5373 717 5428 Cor.
755 5384 836 5436 Ix,
871 5372 959 5424 20.
993 5371 1084 5440 2t,
1114 5374 1202 5440 22,
1234 5372 1279 5404 ⁶⁹
1309 5370 1452 5442 Eph.
1488 5387 1541 5437 v,
1576 5374 1666 5425 27.
1715 5372 1959 5427 7oAlbae.
1985 5389 2071 5440 ιιι,
2101 5373 2156 5428 8.

488 5498 572 5568 13)
606 5495 770 5559 Mss.,
802 5496 1019 5551 innixa.
1053 5496 1216 5551 Libb.
1251 5497 1413 5561 edit.,
1459 5498 1714 5568 innixus.

493 5570 580 5636 14)
614 5568 702 5622 Vel
740 5569 983 5637 aurigas.
1018 5568 1317 5624 Omittitur
1371 5569 1431 5622 in
1463 5567 1605 5622 libb.
1640 5568 1833 5632 editis,
1866 5570 2039 5625 resti-

390 5641 579 5695 tuitur
608 5654 639 5693 e
671 5655 811 5694 mss.

2222 5499 2335 5644 (1/5)
2360 5498 2576 5624 dedex
2633 5496 2958 5565 Beceensis,
3025 5497 3395 5552 succenditur.
3460 5496 3613 5552 Libb.
3647 5497 3777 5553 edit.

2222 5587 2247 5624 ο
2283 5588 2352 5624 un
2400 5587 2415 5624 ι
2447 5587 2531 5624 ur.

2146 5586 2531 5640 pre/unauur.
