3996 6408
255 439 418 503 1185

1142 437 1634 500 TBANSLATIO
1679 433 1950 505 HOMIL.
1992 434 2308 500 ()lllGEN.
2355 437 2432 499 ΙΝ
2478 436 2784 502 CANTIC.

3510 443 3537 502 1
3554 444 3666 505 186

254 575 673 628 ornamentum
705 570 860 643 quod
894 570 1043 627 solet
1068 571 1365 643 virginum
1388 570 1536 626 collo
1558 571 1829 642 pendere,
1849 574 1908 625 et
1932 569 1988 637 Α
2016 570 2263 626 recubitu
2292 588 2389 626 suo
2418 575 2532 641 est;
2564 573 2646 627 ait
2710 573 2880 643 (vers.
2910 572 2996 645 12)
3023 591 3035 627 :
3082 572 3300 631 Nardus
3353 591 3480 630 mea
3515 575 3665 632 dedit

252 664 635 732 nuncupatur
665 659 950 734 ὁρμίσκος,
1010 659 1091 715 ita
1110 659 1237 715 sine
1262 660 1371 714 hoc
1400 660 1603 715 decore
1633 662 1690 715 et
1737 662 1905 715 tuum

255 751 455 822 ipsum
486 749 702 804 collum
727 754 815 804 est
833 752 1263 804 ornamentum.
1292 748 1546 803 Posthzec
1573 748 1633 801 lit
1654 765 1909 819 sponsus

254 841 316 894 in
350 838 636 895 recubitn.
676 837 977 909 Requievit
1006 842 1071 891 ut
1099 837 1208 905 leo,
1243 842 1308 891 ut
1336 836 1567 892 catulus
1602 837 1784 891 leonis
1801 837 1906 891 ob-

254 928 558 994 dormivit,
594 931 657 981 ut
687 927 963 997 deinceps
988 927 1176 998 possit
1197 926 1398 980 audire
1425 944 1436 981 :
1464 927 1597 994 Quis
1624 928 1907 980 suscitabit

252 1034 382 1074 eum
407 1014 498 1071 7‘?
529 1018 652 1081 Quo
679 1014 915 1069 interim
982 1014 1308 1069 dormiente
1350 1019 1634 1085 apparent
1677 1031 1905 1086 sponsa;

256 1106 460 1179 sponsi
494 1104 727 1160 solades
757 1103 970 1175 angeli,
1006 1107 1062 1157 et
1091 1103 1184 1157 his
1214 1120 1340 1157 eam
1374 1103 1746 1159 sermonibus
1777 1120 1909 1158 cou-

256 1195 546 1251 solantur.
580 1193 694 1248 Nos
726 1192 830 1246 tibi
856 1207 1032 1246 aurea
1057 1196 1404 1246 ornamenta
1436 1192 1620 1245 facere
1642 1208 1757 1246 non
1781 1209 1908 1262 pos-

256 1301 508 1340 sumus:
541 1299 654 1336 non
688 1280 842 1335 enim
872 1284 991 1334 tam
1021 1280 1235 1335 divites
1267 1297 1476 1334 sumus
1538 1284 1604 1333 ut
1653 1297 1906 1351 sponsus

263 1378 424 1441 tuus,
456 1372 554 1443 qui
589 1386 834 1425 aureum
866 1369 972 1423 tibi
1006 1368 1223 1422 monile
1248 1367 1675 1439 largiatur.Nos
1697 1367 1904 1421 simili-

255 1462 523 1517 tudinem
557 1459 685 1515 auri
717 1458 1017 1525 facie-nus,
1052 1474 1164 1512 non
1198 1457 1485 1512 habemus
1506 1457 1826 1511 aurum.Et
1848 1456 1906 1512 in

258 1551 370 1607 hoc
396 1565 627 1622 quoque
660 1547 977 1603 lzetandum
1009 1551 1118 1615 est,
1151 1546 1197 1601 si
1232 1544 1653 1601 similitudines
1685 1544 1831 1614 auri,
1856 1544 1907 1600 si

256 1641 537 1712 stigmata
564 1637 850 1692 faciamus
880 1634 1325 1706 argenti.(V'er's.
1361 1634 1472 1704 lt.)
1503 1633 1908 1688 Similitudines

255 1731 389 1786 auri
413 1729 678 1800 faciemus
707 1726 811 1779 tibi
866 1741 989 1778 cum
1018 1724 1367 1792 stigmatibus
1434 1724 1669 1793 argenti.
1707 1738 1907 1777 verum

254 1836 375 1873 non
407 1818 565 1871 omni
599 1822 875 1885 tempore,
909 1814 1006 1867 sed
1043 1813 1227 1866 donec
1257 1828 1511 1883 sponsus
1544 1816 1681 1865 tuus
1707 1815 1912 1881 surgat

253 1926 292 1962 a
321 1907 545 1962 cubitu.
579 1904 723 1958 Cum
756 1902 913 1957 enim
941 1901 1034 1955 ille
1053 1900 1387 1969 surrexerit,
1412 1900 1651 1971 ipsetibi
1671 1916 1905 1967 aurum,

253 1996 385 2067 ipse
414 1992 584 2047 faciet
611 1993 943 2062 argentum,
972 1987 1095 2059 ipse
1125 1990 1284 2041 tuam
1335 1991 1589 2041 mentem
1642 2002 1909 2040 sensum-

256 2100 374 2156 que
404 2080 721 2145 decorabit,
755 2078 957 2133 cteris
1022 2093 1152 2131 vere
1182 2076 1342 2130 dives
1409 2075 1469 2131 in
1506 2076 1704 2146 sponsi
1737 2074 1911 2129 domo

251 2188 473 2245 sponsa
505 2168 917 2240 formosa(l6),
951 2166 1042 2221 cui
1073 2170 1162 2221 est
1193 2164 1379 2237 gloria
1410 2164 1466 2220 in
1498 2165 1706 2220 saecula
1735 2181 1911 2219 saecu-

248 2263 471 2319 lorum.
510 2266 716 2314 Amen.

724 2372 1007 2429 5l4-I5
1048 2371 1346 2427 HOMILIA
1380 2372 1447 2426 ΙΙ.

252 2470 336 2526 Ab
365 2484 424 2525 eo
451 2467 567 2522 loco
595 2464 653 2520 in
687 2479 791 2534 quo
820 2464 1080 2532 scriptum
1108 2468 1221 2534 est:
1281 2461 1510 2515 Nardus
1564 2476 1693 2514 mea
1753 2460 1915 2514 dedit

331 2541 566 2595 odorem
614 2533 786 2591 suum
816 2552 829 2601 ;
890 2549 1059 2604 usque
1087 2533 1156 2587 ad
1187 2548 1313 2588 eum
1343 2533 1519 2587 locum
1552 2534 1608 2586 in
1642 2547 1745 2601 quo
1792 2534 1908 2587 ait:

333 2612 479 2675 Quia
534 2625 642 2664 vox
702 2612 803 2661 tua
843 2606 1058 2671 suavis,
1127 2609 1184 2659 et
1224 2606 1412 2660 forma
1449 2609 1551 2659 tua
1588 2604 1817 2671 decora,
1858 2611 1912 2657 et

332 2686 548 2738 caetera.

333 2803 548 2854 Omnes
589 2794 797 2849 anima:
866 2792 1150 2848 motiones
1219 2790 1616 2847 universitatis
1646 2790 1914 2845 conditor

257 2890 420 2945 Deus
450 2885 664 2942 creavit
695 2883 766 2938 ad
802 2882 1057 2937 bonum:
1093 2881 1193 2936 sed
1222 2898 1325 2952 pro
1356 2898 1467 2935 usu
1500 2885 1698 2935 nostro
1726 2880 1792 2934 fit
1812 2897 1913 2935 saa-

259 2995 336 3050 pe
363 2980 429 3031 ut
459 2993 548 3030 res
579 2990 705 3044 quae
736 2972 898 3027 bonae
930 2974 1068 3025 sunt
1098 2987 1199 3042 per
1230 2974 1525 3035 naturam,
1584 2970 1725 3023 dum
1760 2968 1912 3024 male

258 3065 359 3123 his
391 3064 710 3132 abutimur,
754 3077 861 3115 nos
901 3059 972 3114 ad
1014 3064 1249 3130 peccata
1287 3059 1599 3113 deducant.
1646 3060 1803 3115 Unus
1841 3059 1913 3114 de

263 3154 474 3210 animai
507 3151 763 3207 motibus
819 3165 983 3203 amor
1011 3152 1119 3213 est,
1187 3147 1341 3218 quod
1375 3146 1520 3202 bene
1588 3146 1809 3202 utimur
1838 3148 1909 3202 ad

261 3243 608 3307 amandum,
642 3240 693 3295 si
759 3236 1105 3310 sapientiam
1155 3252 1425 3291 amemus
1490 3240 1549 3290 et
1588 3236 1907 3291 veritatem.

2015 660 2230 715 odorem
2256 678 2437 715 suum.
2502 662 2812 718 Fasciculus
2839 664 3005 732 gutta:
3032 661 3322 732 fratruelis
3378 681 3526 720 meus
3556 667 3664 720 mi-

2016 749 2095 817 hi,
2130 751 2189 802 in
2220 750 2403 804 medio
2450 750 2678 804 uberum
2722 766 2965 805 meorum
2985 750 3372 808 demorabitur.
3407 754 3657 818 Quomo-

2016 838 2089 891 do
2121 837 2297 908 igitur
2324 838 2657 909 aptahimus
2689 840 2737 892 ei
2770 839 2825 893 id
2894 840 3047 911 quod
3120 841 3416 910 praecessit
3448 858 3463 897 :
3490 842 3665 897 Donec

2015 943 2120 981 rex:
2140 930 2199 982 in
2230 930 2471 983 recubitu
2499 945 2595 983 suo
2661 932 2759 992 est,
2810 928 2864 983 id
2897 930 3053 996 quod
3108 930 3374 1001 sequitur
3399 948 3413 992 :
3443 932 3665 987 [Varius

2014 1032 2137 1071 mea
2165 1017 2313 1071 dedit
2342 1017 2557 1072 odorem
2611 1034 2793 1073 suum.
2864 1019 3147 1090 Loquitur
3194 1020 3567 1091 Evangelium
3595 1021 3663 1088 7‘,

2017 1105 2156 1175 quia
2186 1106 2343 1160 venit
2371 1106 2581 1161 mulier
2600 1106 2824 1162 habens
2847 1107 3209 1164 alabastrum
3233 1108 3665 1181 unguentinar-

2017 1194 2074 1247 di
2119 1194 2306 1264 pistici
2343 1196 2598 1266 pretiosi,
2632 1213 2746 1250 non
2772 1195 2871 1250 illa
2893 1197 3201 1267 peccatrix,
3223 1199 3322 1251 sed
3348 1203 3569 1263 saneta,
3594 1200 3666 1255 de

2017 1299 2133 1353 qua
2157 1299 2310 1336 nunc
2350 1283 2493 1337 mihi
2526 1300 2716 1338 sermo
2746 1289 2852 1338 est.
2888 1284 3017 1339 Scio
3084 1286 3303 1357 quippe
3332 1286 3545 1341 Lucam
3594 1288 3666 1342 de

2018 1370 2353 1441 peccatrice,
2386 1371 2719 1426 Matthmum
2753 1388 2883 1427 vero
2922 1377 2979 1426 et
2999 1372 3283 1428 Joannem
3307 1380 3364 1428 et
3402 1379 3661 1431 Marcum

2019 1476 2131 1512 non
2164 1460 2234 1514 de
2275 1460 2592 1530 peccatrice
2623 1459 2725 1515 illa
2753 1460 2989 1516 dixisse.
3024 1461 3192 1516 Venit
3222 1477 3357 1534 ergo
3391 1480 3505 1518 non
3530 1481 3663 1535 pec-

2017 1547 2222 1612 catrix,
2247 1549 2344 1602 sed
2374 1556 2589 1615 sancta,
2614 1551 2785 1617 cujus
2812 1566 3023 1604 nomen
3047 1566 3281 1620 quoque
3304 1549 3559 1607 Joannes
3580 1551 3664 1606 in-

2019 1637 2220 1690 seruit.
2258 1636 2439 1690 Maria
2469 1638 2684 1707 quippe
2715 1644 2839 1693 erat
2892 1639 3112 1693 habens
3160 1638 3518 1695 alabastrum
3564 1658 3665 1695 un-

2019 1725 2217 1796 guenti
2253 1724 2415 1779 nardi
2460 1725 2649 1796 pistici
2685 1726 2940 1796 pretiosi,
2974 1731 3032 1779 et
3060 1727 3263 1781 elI'udit
3293 1745 3471 1800 super
3492 1736 3667 1800 caput

2019 1814 2179 1869 Jesu.
2215 1814 2431 1868 Deinde
2456 1832 2632 1885 super
2656 1815 2764 1869 hoc
2790 1814 3231 1886 indignantibus
3253 1832 3368 1871 non
3390 1817 3667 1879 omnibus

2022 1902 2350 1973 discipulis,
2393 1903 2492 1958 sed
2523 1904 2677 1959 Juda
2708 1903 2831 1959 solo
2862 1903 3088 1960 dicente
3113 1921 3126 1959 ε
3151 1906 3336 1961 Potuit
3359 1910 3669 1963 venundzri

2021 1993 2119 2047 hoc
2148 1993 2397 2046 trecentis
2426 1991 2671 2047 denariis
2717 1996 2767 2047 et
2795 1993 2922 2047 dari
2957 1995 3397 2065 pauperibus“;
3430 2012 3667 2069 respono

2023 2077 2110 2131 dit
2141 2078 2411 2149 Magister
2441 2084 2617 2150 atque
2646 2078 2909 2135 Salvator
2937 2097 2948 2134 :
2985 2080 3207 2152 Semper
3222 2100 3490 2155 pauperes
3509 2084 3669 2140 habe-

2024 2167 2147 2221 bzlis
2174 2168 2469 2233 vobiscum,
2500 2185 2589 2222 me
2617 2172 2803 2223 autent
2832 2185 2943 2223 non
2970 2186 3189 2240 semper
3206 2173 3270 2226 ⁷⁷.
3321 2175 3670 2229 Prcevem'eus

2021 2256 2220 2327 quippe
2244 2256 2362 2312 [uec
2391 2258 2447 2310 in
2497 2257 2645 2313 diem
2687 2258 2992 2327 sepulturae
3022 2274 3161 2316 mea:
3205 2262 3351 2330 fecit.
3400 2262 3521 2317 Ideo
3549 2264 3672 2317 ubi-

2021 2361 2232 2416 cunque
2254 2345 2615 2415 pra’dicatum
2641 2348 2811 2416 fuerit
2838 2348 3196 2417 Evangelium
3239 2350 3411 2420 istud,
3440 2350 3673 2406 dicetur

2023 2434 2233 2504 etquod
2259 2436 2388 2504 fecit
2418 2434 2534 2491 haec
2561 2436 2623 2489 in
2640 2438 2964 2491 memoriam
2992 2438 3127 2506 ejus.
3151 2438 3214 2492 ⁷⁸.
3239 2439 3299 2493 ln
3326 2439 3513 2510 figura
3532 2456 3669 2512 ergo

2022 2522 2194 2578 istius
2225 2540 2351 2594 quae
2385 2540 2537 2579 nunc
2571 2524 2864 2595 loquitur:
2897 2525 3112 2580 Nardus
3131 2543 3249 2582 mea
3278 2527 3426 2583 dedit
3447 2528 3671 2585 odorem

2021 2629 2203 2682 suum,
2273 2611 2371 2667 illa
2438 2629 2615 2684 super
2679 2620 2853 2684 caput
2892 2615 3122 2669 Domini
3188 2616 3339 2671 fudit
3401 2633 3668 2689 unguen-

2024 2705 2147 2755 tum
2175 2718 2188 2756 :
2221 2705 2278 2757 et
2305 2705 2368 2756 tu
2401 2718 2633 2773 quoque
2666 2719 2899 2758 assume
2933 2705 3201 2769 nardum,
3251 2710 3314 2761 ut
3353 2711 3665 2778 postquam

2024 2794 2198 2861 caput
2218 2790 2359 2845 Jesu
2391 2791 2555 2846 suavi
2587 2792 2763 2846 odore
2785 2792 3134 2863 perfuderis,
3169 2794 3362 2865 possis
3393 2795 3668 2852 audacter

2023 2878 2183 2933 eilari
2210 2897 2222 2936 :
2254 2880 2466 2935 Nardus
2528 2896 2648 2935 mea
2677 2880 2835 2936 dedit
2897 2882 3112 2937 odorem
3148 2899 3330 2952 suum,
3363 2890 3420 2938 et
3459 2901 3493 2939 a
3532 2888 3670 2941 Jesu

2026 2968 2383 3039 reciprocum
2415 2968 2617 3023 audire
2648 2984 3001 3036 sermonem,
3024 2971 3161 3042 quia
3191 2973 3505 3042 ubicunque
3525 2988 3671 3044 pra?-

2021 3057 2262 3112 dieatum
2287 3059 2455 3127 fuerit
2483 3058 2583 3112 hoc
2614 3058 2972 3124 Evangelium
3002 3060 3061 3112 in
3092 3067 3199 3115 toto
3264 3061 3493 3128 mundo,
3521 3060 3669 3115 dice-

2022 3150 2113 3200 tur
2140 3154 2191 3201 et
2221 3145 2361 3217 quod
2387 3146 2516 3216 fecit
2547 3146 2664 3200 haec
2693 3146 2752 3200 in
2780 3148 3105 3202 memoriam
3132 3148 3268 3218 ejus.
3304 3149 3392 3203 'l‘u
3434 3165 3670 3221 quoque

2023 3234 2215 3303 facito,
2246 3233 2306 3288 in
2358 3234 2645 3290 universis
2708 3235 2983 3305 gentibus
3052 3236 3384 3306 praedicato.
3421 3239 3665 3304 Quando

257 3332 498 3404 quando
527 3346 660 3385 vero
692 3345 857 3383 amor
876 3331 1076 3381 noster
1104 3325 1162 3380 in
1203 3326 1402 3396 pejora
1423 3325 1727 3394 corruerit,
1756 3341 1909 3380 ama-
1939 3312 1982 3378 C
2020 3328 2210 3379 autem
2244 3322 2352 3377 hoc
2392 3321 2614 3378 facies?
2643 3323 2701 3378 Si
2732 3324 2920 3379 factus
2951 3324 3130 3379 fueris
3164 3330 3226 3379 ut
3251 3325 3586 3397 Apostolus,
3610 3331 3670 3381 et

253 3438 395 3477 mus
425 3435 659 3476 carnem
692 3422 748 3473 et
776 3415 1146 3487 sanguinem.
1181 3413 1264 3468 Tu
1299 3413 1476 3484 igitur
1507 3418 1569 3468 ut
1608 3412 1909 3485 spiritalis,

254 3509 397 3568 audi
439 3506 785 3581 spiritaliter
823 3502 1109 3559 amatoria
1147 3502 1322 3557 verba
1358 3501 1602 3569 cantari,
1644 3506 1700 3557 et
1756 3501 1915 3557 disce

260 3604 495 3656 motum
527 3596 736 3652 animm
764 3600 896 3663 tuaa,
929 3598 987 3648 et
1017 3590 1302 3647 naturalis
1333 3591 1552 3647 amoris
1576 3591 1912 3646 incendium

256 3690 335 3747 ad
368 3687 611 3745 meliora
641 3684 976 3753 transferre,
1012 3682 1337 3736 secundum
1362 3679 1503 3735 illud
1533 3697 1545 3735 :
1570 3682 1704 3735 Ama
1737 3681 1913 3751 illam,

258 3788 318 3836 et
344 3776 583 3833 servabit
613 3779 682 3845 te,
753 3772 1035 3828 circumda
1066 3772 1242 3841 illam,
1295 3775 1348 3825 el
1378 3771 1647 3826 exaltabit
1714 3772 1781 3826 ⁷³.
1831 3771 1916 3825 Vi-

255 3869 333 3935 ri,
369 3866 588 3934 diligite
612 3866 818 3920 Uxores
846 3864 1072 3930 vestras,
1108 3860 1192 3914 ait
1223 3858 1622 3931 Apostolus“,
1665 3860 1767 3915 sed
1798 3876 1914 3915 non

258 3956 426 4013 stetit
454 3955 512 4009 in
544 3970 611 4009 eo
642 3952 794 4023 quod
843 3952 1101 4005 dixerat:
1153 3951 1273 4004 Viri
1317 3949 1532 4020 diligite
1583 3966 1778 4004 uxores
1826 3966 1915 4005 ve-

258 4050 443 4101 stras:
478 4059 679 4099 verum
729 4040 925 4097 sciens
947 4055 1076 4094 esse
1123 4037 1490 4093 dilectionem
1538 4038 1795 4094 virorum
1859 4037 1961 4099 in,

262 4133 522 4209 propriis
553 4145 787 4202 quoque
809 4128 1088 4183 uxoribus
1119 4125 1509 4194 inhonestam,
1566 4126 1758 4183 sciens
1788 4143 1918 4183 esse

266 4222 599 4297 placentem
628 4219 764 4286 Deo,
796 4217 993 4272 docuit
1040 4214 1333 4285 quomodo
1363 4214 1471 4269 viri
1542 4232 1748 4272 uxores
1778 4233 1918 4276 suas

264 4327 468 4369 amare
495 4309 794 4373 deberent,
825 4305 1120 4362 inferens:
1160 4304 1296 4370 Viri,
1335 4303 1551 4373 diligite
1596 4320 1792 4360 uxores
1821 4322 1917 4362 ve-

260 4404 430 4470 stras,
460 4400 601 4453 sicut
631 4400 681 4452 et
732 4397 976 4452 Christus
1024 4393 1339 4449 Ecclesium.
1392 4394 1461 4449 Et
1507 4392 1614 4448 hoc
1678 4393 1915 4466 quidem

260 4491 327 4545 in
362 4488 639 4561 prommio
669 4501 871 4541 eorum
903 4500 1030 4555 quae
1058 4487 1261 4555 postea
1285 4482 1628 4538 disserenda
1655 4487 1797 4540 sunt
1824 4484 1913 4539 di-

258 4579 479 4635 ximus.

2024 3410 2236 3467 dixeris
2265 3429 2277 3467 :
2310 3410 2514 3466 Christi
2540 3411 2708 3467 bonus
2754 3413 2885 3469 odor
2921 3430 3111 3469 sumus
3155 3416 3216 3469 in
3263 3417 3416 3471 omni
3461 3416 3580 3471 loco
3610 3418 3667 3470 in

2023 3504 2108 3557 his
2137 3504 2233 3573 qui
2258 3504 2567 3569 salvantur,
2600 3503 2729 3557 etin
2755 3505 2841 3558 his
2871 3506 2967 3575 qui
2992 3509 3222 3575 pereunt
3242 3506 3324 3566 7°;
3357 3507 3509 3562 bona
3538 3522 3672 3578 ope-

2024 3609 2089 3646 ra
2118 3595 2219 3646 tua
2247 3591 2466 3646 nardus
2499 3596 2657 3646 sunt.
2688 3592 2745 3646 Si
2779 3609 2909 3647 vero
2938 3594 3286 3665 peccaveris,
3319 3599 3554 3665 peccata
3591 3601 3669 3651 te-

2023 3684 2112 3736 tro
2142 3680 2317 3735 odore
2349 3680 2725 3763 redolebunt;
2759 3681 2898 3736 dicit
2929 3682 3144 3754 quippe
3163 3684 3482 3753 pmnitens:
3519 3685 3670 3739 Com-

2021 3772 2350 3842 putruerunt
2374 3772 2425 3824 et
2452 3774 2725 3839 corrupta:
2759 3778 2888 3825 sunt
2933 3772 3215 3825 cicatrices
3263 3786 3400 3827 mea:
3450 3788 3485 3825 a
3530 3774 3673 3843 facie

2024 3860 2366 3930 insipientia?
2394 3874 2533 3914 mea?
2587 3859 2650 3913 ⁸ο.
2680 3859 2804 3913 Νοη
2835 3860 2906 3913 de
2939 3860 3119 3913 nardo
3188 3859 3552 3930 propositum
3582 3865 3670 3918 est

2027 3964 2183 4004 nunc
2213 3946 2454 4018 Spiritui
2487 3950 2685 4002 sancto
2725 3946 2934 4010 dicere,
3004 3962 3192 4018 neque
3255 3948 3325 4003 de
3364 3947 3473 4004 hoc
3514 3950 3669 4020 quod

2025 4035 2210 4092 oculis
2249 4035 2546 4089 intuemur
2574 4033 2931 4105 evangelista
2960 4035 3162 4089 scribit
3205 4041 3524 4108 unguento,
3567 4039 3667 4094 sed

2026 4125 2097 4179 de
2138 4124 2317 4179 nardo
2347 4122 2619 4194 spiritali,
2696 4123 2766 4177 de
2808 4124 2988 4179 nardo
3061 4140 3188 4195 quae
3230 4125 3391 4182 dedit
3430 4127 3667 4183 odorem

2026 4229 2223 4269 suum.

2094 4302 2343 4372 3(Vers.
2415 4301 2524 4371 13.)
2590 4301 2905 4357 Ρασείσιιιιιε
2940 4306 3150 4367 stacles,
3218 4303 3276 4359 id
3317 4308 3407 4361 est
3470 4309 3669 4378 guttae,

2025 4392 2147 4447 sive
2176 4389 2365 4455 stillae,
2392 4391 2672 4462 fratruelis
2703 4406 2854 4446 meus
2882 4393 3041 4447 mihi.
3089 4393 3327 4449 Guttam
3363 4395 3669 4465 unguenti,

2024 4480 2269 4551 casiam,
2294 4479 2700 4551 galbanum,in
2732 4481 2927 4536 Exodo
2956 4480 3207 4553 legimus
3252 4487 3534 4554 praecepto
3563 4487 3669 4538 Do-

2026 4572 2169 4627 mini
2201 4570 2261 4625 in
2292 4570 2640 4642 thymiama,
2673 4570 2730 4624 id
2770 4574 2859 4625 est
2888 4569 2946 4624 in
3014 4570 3373 4625 sacerdotale
3410 4569 3670 4628 chrisma

334 4671 388 4722 2.
420 4666 566 4731 Quia
592 4664 763 4720 amici
813 4663 1014 4735 sponsi
1069 4662 1207 4716 dum
1263 4678 1359 4715 rex
1407 4661 1466 4716 in
1508 4661 1774 4716 recubitn
1806 4678 1915 4718 suo
1946 4681 1990 4744 ι)
2022 4662 2349 4717 confectum
2370 4661 2434 4714 ⁸⁸.
2470 4659 2529 4714 Si
2560 4676 2696 4730 ergo
2728 4657 2939 4713 videris
2967 4657 3323 4713 Salvaterem
3357 4674 3552 4713 meum
3592 4659 3667 4714 ad

255 4760 354 4811 est
382 4755 742 4825 (requiescens
771 4751 926 4806 enim
958 4750 1224 4805 dormivit
1267 4753 1326 4803 ut
1356 4751 1459 4814 leo,
1512 4754 1563 4805 et
1608 4753 1668 4805 ut
1694 4752 1912 4806 catulus

256 4845 436 4901 leonis
458 4844 547 4914 π),
575 4858 800 4914 sponsae
868 4840 1260 4911 promiserant
1288 4839 1472 4893 donec
1538 4838 1633 4895 ille
1669 4855 1911 4895 consur-

256 4937 426 5007 geret
454 4948 517 4988 se
546 4929 963 4988 similitudines
994 4928 1121 4983 auri
1152 4936 1205 4982 et
1235 4929 1460 4999 argenti
1483 4944 1610 4983 esse
1634 4928 1908 4994 facturos,

258 5038 383 5079 non
410 5021 692 5076 habentes
725 5035 933 5074 aurum
968 5021 1031 5071 ut
1060 5032 1335 5088 sponsus,
1388 5020 1445 5071 et
1477 5018 1910 5088 quodammodo

257 5111 398 5176 aliis
429 5110 619 5166 verbis
648 5109 846 5180 sponsi
886 5107 1077 5178 passio
1108 5105 1418 5177 praedicata
1446 5111 1535 5160 est
1563 5124 1575 5161 ε
1621 5123 1735 5161 non
1768 5106 1910 5163 irra-

258 5199 699 5256 tionabiliterad
717 5198 833 5252 haec
861 5212 1079 5267 sponsa
1093 5195 1636 5267 respondet,etipsa
1665 5195 1902 5267 dispen-

256 5290 552 5349 sationem
572 5287 888 5359 quamdam
915 5284 1203 5356 passionis
1228 5282 1558 5357 intelligens
1580 5285 1648 5338 ad
1676 5286 1727 5338 id
1754 5286 1909 5355 quod

261 5380 532 5449 audierat
562 5382 712 5448 (cap.
764 5393 803 5441 ι,
838 5391 983 5430 vers.
1032 5374 1279 5440 10,11):
1329 5373 1738 5428 Similitudines
1785 5376 1913 5430 auri

253 5469 529 5542 faciemus
560 5466 665 5519 tibi
694 5480 821 5518 cum
840 5462 1189 5529 stigmatibus
1230 5464 1470 5529 argenti,
1512 5461 1679 5516 donec
1724 5477 1823 5517 res:
1852 5464 1911 5517 in

2018 4755 2249 4806 terrena
2277 4752 2378 4803 aut
2407 4747 2654 4802 humilia
2681 4747 3153 4805 descendentem.
3176 4746 3400 4801 videbis
3423 4762 3667 4818 quomo-

2019 4841 2093 4895 do
2122 4839 2334 4894 virtute
2367 4852 2579 4907 magna
2604 4842 2663 4891 et
2691 4836 2995 4904 majestate
3025 4835 3220 4890 divina
3250 4836 3321 4890 ad
3355 4852 3461 4891 nos
3483 4836 3672 4891 modi-

2019 4946 2087 4985 ca
2117 4927 2379 4999 quaedam
2410 4924 2570 4980 stilla
2598 4924 2919 4979 deﬂuxerit.
2974 4928 3049 4979 De
3080 4925 3186 4979 hac
3238 4924 3395 4980 stilla
3440 4929 3497 4979 et
3535 4940 3665 4996 pro-

2020 5018 2193 5090 pheta
2221 5015 2449 5082 cecinit,
2483 5014 2721 5069 dicens:
2757 5014 2817 5067 Et
2846 5015 2951 5067 erit
3011 5013 3079 5068 de
3132 5014 3285 5068 stilla
3338 5013 3531 5085 populi
3551 5015 3669 5085 ejus

2018 5104 2429 5175 congreganda:
2471 5102 2890 5171 congregabitur
2936 5103 3096 5158 Iacob
3126 5104 3190 5155 9*.
3244 5103 3312 5156 Et
3356 5101 3527 5157 sicuti
3577 5118 3665 5157 se-

2020 5196 2275 5252 cundum
2310 5193 2490 5248 alium
2523 5209 2761 5247 sensum
2795 5191 2943 5263 lapis
2969 5198 3094 5246 erat
3118 5192 3392 5262 praecisus
3414 5208 3445 5247 e
3467 5197 3665 5247 monte

2020 5286 2147 5340 sine
2179 5282 2451 5338 manibus
2483 5281 2667 5336 nostri
2717 5281 2775 5334 in
2824 5297 2995 5335 carne
3043 5281 3354 5337 Salvatoris
3379 5282 3666 5337 adventus

2022 5389 2208 5444 neque
2234 5372 2389 5425 enim
2424 5376 2580 5425 totus
2614 5386 2781 5424 mons
2815 5370 2925 5423 fuit
2953 5370 3051 5440 qui
3095 5371 3398 5425 descendit
3447 5372 3517 5425 ad
3552 5376 3668 5427 ter-

2020 5479 2138 5526 ras,
2171 5477 2274 5515 nec
2308 5462 2532 5532 poterat
2596 5459 2853 5513 humane
2906 5459 3189 5529 fragilitas
3225 5460 3402 5515 totius
3452 5463 3669 5517 montis

335 5558 376 5591 π
412 5555 553 5610 Gen.
588 5569 736 5618 xxxx,
768 5554 821 5605 9.
883 5552 927 5585 7’
950 5550 1110 5605 Prov.
1149 5565 1223 5618 ιν,
1291 5550 1343 5603 8.
1377 5551 1420 5584 τ³
1449 5548 1666 5605 Coloss.
1727 5568 1810 5606 III.
1852 5552 1903 5605 9.
1947 5551 1991 5585 7"
2022 5552 2194 5606 Num.
2223 5566 2374 5616 xxxv,
2406 5548 2459 5604 9.
2529 5549 2572 5583 ⁷⁵
2600 5548 2768 5604 Joan.
2800 5557 2900 5614 xii,
2937 5549 3137 5606 Matth.
3176 5567 3324 5607 xxVI.
3387 5551 3429 5586 π
3457 5550 3665 5611 Matth.

258 5645 418 5692 xxvn,
475 5624 530 5682 9.
586 5625 630 5659 ⁷⁷
695 5614 837 5678 ibid.
910 5624 995 5693 12,
1054 5622 1142 5676 43.
1202 5614 1245 5654 ⁷⁸
1306 5621 1481 5677 Marc.
1553 5637 1671 5689 xxv,
1751 5622 1806 5692 8,
1855 5623 1909 5680 9.

2022 5624 2032 5660 ν
2070 5622 2118 5679 ll
2158 5626 2283 5677 Cor.
2325 5614 2388 5691 η,
2432 5621 2518 5676 15.
2594 5619 2640 5656 ⁸ο
2679 5619 2829 5678 Psal.
2870 5636 3106 5690 xxxvxn,
3145 5623 3200 5679 5.
3253 5623 3294 5658 ⁸⁸
3336 5622 3490 5680 Exod
3532 5638 3665 5683 xxv.

257 5702 311 5740 θ’
338 5696 515 5754 Mich.
549 5713 608 5763 ιι,
644 5696 702 5750 11
742 5695 829 5749 12.

337 5788 451 5879 (16)
480 5790 763 5849 Formosa.
787 5782 978 5844 Codex
1007 5782 1387 5860 Turonensis,
1424 5784 1687 5866 perfecta.
