3996 6420
384 450 539 510 “87

1619 444 1684 505 S.
1735 435 2043 503 EUSEBII
2090 432 2527 501 HIEBONYM]
2542 485 2556 499 .

3630 424 3799 495 1188

382 582 849 655 magnitudinem
882 594 1122 653 capere:
1156 577 1256 636 sed
1285 575 1437 651 lapis
1456 593 1526 633 ex
1551 580 1765 645 monte,
1789 573 1938 646 lapis
1951 572 2030 628 of-
2058 574 2111 640 Α
2142 572 2479 643 regionibus
2510 573 2713 628 botrus
2733 572 2843 629 iste
2865 570 2941 628 sit
2961 584 3206 646 sponszs.
3232 568 3293 627 In
3312 570 3487 627 vineis
3508 569 3790 641 Engaddi.

380 670 690 736 fensionis,
713 674 770 724 et
792 673 956 741 petra
979 668 1237 724 scandali
1258 666 1634 723 descenditin
1655 662 2034 723 mundum”;

379 760 463 814 sic
495 759 817 814 secundum
851 757 1031 812 alium
1064 756 1423 812 intellectum
1450 754 1607 809 stilla
1632 758 2033 825 nuncupatur.

379 848 697 919 Oportebat
726 847 943 918 quippe
979 852 1044 901 ut
1073 846 1215 918 quia
1236 862 1423 901 omnes
1441 848 1627 915 gentes
1654 845 1712 897 in
1731 843 1942 897 stillam
1965 844 2036 897 si-

376 936 517 992 tula?
546 939 810 1005 reputatae
837 936 1047 999 sunt“,
1088 935 1138 989 is
1169 934 1267 1005 qui
1303 950 1404 1005 pro
1435 933 1698 987 omnium
1730 929 1919 985 salute
1946 931 2034 985 fa-

377 1028 507 1078 ctus
536 1028 623 1078 est
654 1022 873 1089 omnia,
906 1022 1080 1078 etiam
1126 1021 1286 1077 stilla
1323 1024 1487 1077 lierct
1554 1021 1625 1074 ad
1653 1036 1749 1075 cas
1780 1019 2033 1073 liberan-

377 1112 501 1166 das.
535 1111 681 1175 Quid
710 1111 865 1166 enim
900 1127 1001 1183 pro
1036 1115 1236 1166 nostra
1285 1109 1471 1166 salute
1504 1126 1618 1164 non
1672 1108 1861 1163 factus
1900 1111 2037 1164 est?

374 1202 492 1253 Nos
524 1198 750 1267 inanes,
782 1197 1357 1253 etilleexinananivit
1375 1198 1758 1269 semetipsum
1786 1197 2031 1250 formam

376 1286 523 1341 servi
558 1287 874 1358 accipiens.
907 1287 1021 1344 Nos
1055 1286 1307 1359 populus
1339 1287 1555 1341 stultus
1576 1292 1633 1341 et
1663 1303 1774 1339 non
1800 1285 2034 1356 sapiens

373 1380 432 1429 et
463 1374 559 1430 ille
592 1376 777 1429 tactus
809 1379 898 1430 est
927 1375 1180 1430 stultitia
1216 1374 1664 1447 praedicationis,
1698 1380 1762 1429 ut
1806 1374 2030 1428 fatuum

378 1464 474 1518 Dei
506 1464 832 1535 sapientius
864 1465 1025 1519 fieret
1056 1464 1417 1519 hominibus.
1454 1465 1570 1519 Nos
1601 1463 1842 1528 infirmi,
1873 1463 2041 1518 infir-

374 1568 539 1607 mum
597 1552 697 1607 Dei
758 1553 969 1607 fortius
1032 1553 1375 1607 hominibus
1436 1554 1653 1608 factum
1717 1556 1825 1606 est.
1888 1551 2033 1619 Quia

374 1641 556 1713 igitur
571 1641 852 1697 universae
860 1650 1046 1712 gentes
1058 1647 1121 1696 ut
1132 1644 1248 1697 still
1266 1660 1289 1695 ι
1315 1641 1528 1702 situlce.
1549 1649 1600 1696 et
1622 1646 1674 1696 ul
1700 1645 2031 1695 momentum

373 1734 592 1786 staterae
619 1736 888 1801 reputatae
946 1739 1074 1784 sunt
1102 1732 1177 1794 85,-
1228 1730 1439 1785 idcirco
1478 1732 1665 1785 factus
1712 1734 1802 1783 est
1850 1727 2027 1793 stilla,

376 1824 441 1873 ut
467 1834 571 1890 per
599 1835 735 1873 eum
765 1835 800 1874 ει
828 1818 1195 1873 vestimentis
1225 1818 1444 1874 nostris
1467 1819 1610 1873 odor
1639 1817 1811 1873 stillae
1834 1834 2029 1889 proce-

374 1907 573 1961 deret:
600 1907 773 1976 juxta
798 1905 941 1961 illud
972 1924 984 1962 :
1018 1906 1275 1977 Myrrha,
1306 1913 1357 1962 et
1388 1908 1559 1975 stilla,
1595 1911 1645 1961 et
1689 1908 1835 1961 casia
1867 1923 1899 1960 α
1941 1922 2024 1961 ve-
2055 1941 2104 2006 B

373 1998 641 2050 slimentis
707 1997 835 2063 luis,
869 2012 903 2049 a
940 1995 1190 2052 domibus
1229 1996 1639 2067 clephantinis;
1688 2012 1758 2050 cx
1823 1996 2026 2067 quebus

376 2084 794 2154 laetificavcrunt
822 2094 874 2139 te
903 2085 1040 2153 ﬁlia:
1069 2102 1259 2154 regum
1306 2086 1364 2139 in
1414 2085 1614 2139 honore
1657 2086 1848 2143 tuo“;
1897 2100 2023 2155 quze

375 2174 435 2226 in
474 2190 604 2227 XLIV
644 2174 871 2244 psalmo
910 2173 1187 2233 dicuntur
1225 2174 1297 2228 ad
1366 2190 1665 2245 sponsam.
1711 2174 2026 2228 Fasciculus

372 2262 547 2317 stilla?
574 2263 860 2333 fratruelis
892 2278 1041 2317 meus
1069 2264 1230 2317 mihi.
1268 2263 1717 2318 Consideremus
1739 2262 1877 2333 quid
1913 2261 2025 2317 sibi

374 2350 669 2405 fratruelis
701 2351 936 2406 nomine
970 2350 1251 2406 51648
1301 2351 1438 2406 velit
1470 2351 1741 2417 Ecclesia,
1773 2368 1900 2423 quas
1933 2350 2026 2405 hic

372 2439 718 2511 loquiturde
733 2439 1027 2494 fratruele.
1044 2440 1161 2495 Nos
1174 2456 1385 2496 sumus
1408 2456 1475 2494 ex
1496 2442 1771 2511 gentibus
1792 2455 2027 2511 congre-

373 2526 494 2599 gati
516 2544 529 2582 :
547 2526 812 2583 Salvator
825 2533 1023 2584 noster
1036 2528 1254 2584 sororis
1266 2529 1395 2599 ejus
1407 2533 1497 2584 est
1512 2529 1686 2598 ﬁlius,
1704 2530 1757 2583 id
1774 2534 1881 2597 est,
1898 2545 2029 2600 syn-

375 2633 593 2690 agoga),
633 2616 751 2671 duo
790 2617 1010 2689 quippe
1049 2633 1281 2672 sorores
1320 2621 1480 2689 sunt,
1516 2617 1767 2674 Ecclesia
1794 2623 1852 2673 et
1887 2621 2027 2689 Syn-

376 2722 582 2778 agoga.
626 2704 891 2760 Salvator
917 2722 1077 2777 ergo,
1118 2710 1183 2760 ut
1220 2706 1497 2777 diximus,
1543 2706 1694 2762 filius
1721 2722 2027 2779 synagogas

375 2793 617 2864 sororis,
656 2792 745 2847 vir
784 2792 1071 2863 Ecclesiae,
1114 2811 1368 2865 sponsus
1405 2794 1691 2865 Ecclesiae,
1734 2794 2028 2851 fratruelis

374 2887 466 2937 est
494 2897 723 2954 sponsa:
784 2899 924 2937 suae.
976 2884 1294 2939 Fasciculus
1342 2885 1514 2940 stilla:
1559 2885 1844 2955 fratruelis
1877 2899 2030 2939 meus

373 2971 554 3026 mihi:
620 2972 679 3025 in
744 2971 920 3026 medio
984 2973 1212 3027 uberum
1280 2989 1529 3028 meorum
1582 2974 2025 3029 commorabitur.

377 3060 522 3126 Quis
549 3059 632 3115 ita
661 3060 864 3115 beatus
899 3066 963 3114 ut
1014 3060 1225 3116 habeat
1277 3061 1569 3133 hospitem
1618 3061 1675 3116 in
1722 3061 2028 3133 principali

2142 662 2297 732 quod
2359 661 2777 734 interpretatur
2806 662 3012 717 oculus
3080 661 3439 717 tentationis.
3504 660 3566 715 In
3602 658 3795 714 vincis

2143 749 2325 821 igitur
2354 749 2501 805 oculi
2535 751 2873 806 tentationis
2901 752 3104 806 botrus
3125 750 3282 823 cypri
3306 748 3597 804 fratruelis
3616 763 3793 803 meus

2143 838 2309 894 mihi.
2340 839 2703 894 Tentationis
2733 840 2936 895 oculus
2967 840 3023 894 in
3049 838 3319 911 praesenti
3349 843 3469 894 est:
3492 836 3793 910 siquidem

2142 927 2199 981 in
2234 928 2551 983 tentatione
2580 945 2880 983 moramur
2912 929 2966 982 in
2987 928 3095 983 hoc
3118 928 3358 994 mundo,
3382 932 3440 982 et
3463 926 3690 982 tentatio
3708 932 3793 980 est

2142 1020 2255 1071 vita
2285 1017 2529 1071 humana
2549 1033 2713 1088 super
2740 1026 2943 1071 terram
2966 1017 3030 1071 ⁸⁸.
3064 1017 3211 1072 Dum
3244 1017 3302 1072 in
3351 1015 3459 1071 hac
3491 1016 3617 1070 luce
3659 1030 3791 1069 ver—

2142 1122 2364 1173 samur,
2397 1105 2454 1160 iu
2486 1105 2672 1160 vineis
2704 1122 2912 1162 sumus
2942 1105 3222 1179 Engaddi.
3254 1106 3315 1160 Si
3346 1109 3541 1160 autem
3588 1120 3789 1159 meru-

2141 1194 2361 1249 erimus
2423 1200 2624 1266 postea
2682 1194 3128 1266 transpiantari,
3196 1210 3229 1248 a
3291 1197 3488 1249 nostro
3529 1192 3790 1265 agricola

2140 1285 2581 1340 transferemur.
2618 1284 2730 1337 Nec
2760 1284 2995 1338 dubites
3025 1283 3169 1356 quin
3200 1283 3391 1356 possis
3421 1283 3490 1337 de
3519 1280 3786 1353 Engaddi

2140 1372 2323 1427 vineis
2354 1374 2425 1428 ad
2459 1372 2583 1427 loca
2614 1372 2855 1428 meliora
2885 1373 3209 1427 transferri.
3282 1370 3547 1444 Agricola
3585 1374 3789 1426 noster

2141 1462 2213 1515 ad
2252 1462 2685 1516 tranferendam
2754 1462 2981 1517 vineam
3015 1462 3218 1516 crebra
3248 1459 3619 1517 meditatione
3650 1460 3783 1531 jam

2139 1549 2359 1607 calluit.
2399 1551 2617 1605 Vineam
2656 1549 2809 1605 enim
2838 1566 2908 1605 ex
2944 1552 3173 1621 zEgypto
3218 1550 3573 1617 transtulisti,
3614 1549 3787 1620 ejeci-

2137 1643 2213 1695 sti
2241 1648 2446 1707 gentes,
2493 1643 2545 1693 et
2571 1639 2843 1710 plantasti
2888 1655 3027 1694 eam.
3076 1639 3298 1710 Operuit
3342 1643 3549 1694 montes
3588 1637 3784 1693 mbra

2137 1731 2274 1801 ejus,
2308 1733 2358 1782 et
2387 1728 2617 1783 arbusta
2662 1728 2779 1793 eius
2824 1728 3011 1783 cedros
3060 1728 3265 1783 Libani
3282 1728 3347 1783 ⁸⁸.
3371 1728 3440 1783 Et
3492 1727 3613 1783 haec
3641 1727 3785 1799 qui-

2139 1818 2267 1872 dem
2304 1834 2431 1889 quae
2463 1817 2864 1889 exposuimus,
2887 1816 3079 1872 locuta
3102 1817 3181 1872 sit
3202 1834 3420 1888 sponsa
3443 1817 3512 1872 de
3541 1832 3787 1889 sponso,

2138 1906 2477 1979 significans
2508 1922 2764 1962 amorem
2793 1923 2965 1961 suum
2990 1910 3046 1961 et
3065 1905 3264 1977 sponsi
3286 1905 3567 1961 venientis
3589 1904 3789 1977 hospi-

2134 1995 2304 2065 tium,
2373 1994 2666 2066 quomodo
2708 1994 2763 2048 in
2807 1995 2997 2049 medio
3037 1994 3280 2049 uberum
3323 1999 3378 2048 et
3426 1994 3515 2047 sui
3583 1992 3783 2049 cordis

2136 2101 2347 2140 arcano
2379 2101 2637 2155 sponsus
2664 2083 2901 2138 veniens
2932 2087 3342 2139 commoretur.

2206 2176 2257 2228 4.
2293 2174 2518 2228 Rursus
2549 2173 2746 2244 sponsi
2780 2172 2847 2227 ad
2877 2188 3002 2227 eam
3047 2188 3240 2227 sermo
3278 2171 3569 2243 dirigitur,
3591 2175 3649 2226 et
3688 2172 3782 2227 di-

2134 2264 2214 2319 cit
2277 2264 2444 2332 (vers.
2516 2264 2602 2333 14)
2634 2278 2645 2316 :
2681 2263 2809 2316 Ecce
2872 2263 3113 2333 speciosa
3172 2262 3428 2333 proxima
3466 2276 3609 2329 mea,
3661 2276 3785 2317 ecce

2132 2354 2391 2424 speciosa,
2426 2352 2569 2406 oculi
2599 2352 2682 2406 tui
2710 2351 2995 2407 columbae.
3029 2349 3131 2405 [lla
3176 2351 3260 2405 sic
3290 2349 3432 2405 dicit
3495 2350 3565 2404 ad
3598 2366 3780 2422 spon-

2135 2459 2268 2497 sum
2294 2458 2307 2496 :
2341 2443 2470 2496 Ecce
2498 2441 2766 2511 speciosus
2793 2440 3078 2510 fratr-uelis
3106 2455 3295 2506 meus;
3329 2455 3443 2494 non
3484 2438 3779 2511 adjungit,

2134 2536 2192 2587 et
2216 2528 2515 2602 proximus
2549 2544 2732 2584 meus.
2767 2528 2870 2583 Hic
2901 2532 3099 2583 autem
3131 2528 3366 2599 quando
3416 2527 3675 2598 loquitur
3705 2526 3781 2583 ad

2135 2636 2303 2675 eam:
2350 2621 2488 2674 Ecce
2548 2619 2807 2689 speciosa,
2876 2617 3143 2689 adjungit
3206 2622 3283 2680 et,
3347 2617 3598 2689 proxima
3628 2632 3781 2671 mea.

2136 2711 2322 2775 Quare
2353 2712 2547 2763 autem
2582 2706 2678 2762 illa
2711 2724 2825 2762 non
2859 2706 3034 2762 dicit:
3066 2706 3206 2761 Ecce
3248 2705 3544 2777 speciosus
3576 2705 3785 2776 proxi-

2137 2813 2270 2853 mus
2302 2796 2468 2861 mihi,
2503 2796 2603 2851 sed
2636 2799 2885 2861 tantum,
2938 2811 3053 2851 ecce
3097 2794 3405 2866 speciosus!
3462 2795 3648 2860 Quare
3682 2792 3784 2849 ille

2137 2902 2251 2941 non
2285 2884 2497 2949 solum,
2533 2883 2797 2956 speciosa
2826 2900 2908 2953 es,
2933 2883 3094 2947 dicit,
3126 2884 3249 2953 sed,
3277 2884 3514 2955 speciosa
3561 2898 3619 2939 es
3640 2899 3784 2955 pro-

2134 2976 2291 3031 xima
2310 2974 2477 3030 mea?
2517 2974 2742 3044 Sponsa
2781 2972 2827 3028 si
2846 2973 3013 3043 longe
3036 2972 3258 3027 fuerita
3287 2988 3654 3043 sponso,non
3688 2976 3785 3028 est

2138 3064 2441 3136 speciosa;
2475 3066 2615 3118 tunc
2648 3061 2893 3134 pulchra
2925 3062 3006 3126 fit,
3041 3061 3274 3132 quando
3306 3061 3405 3116 Dei
3437 3060 3608 3115 verbo
3640 3077 3785 3117 con-

376 3147 588 3214 cordis,
620 3148 679 3203 in
716 3148 905 3204 medio
932 3149 1201 3215 uberum,
1222 3150 1278 3204 in
1305 3155 1533 3221 pectore
1559 3167 1665 3205 suo
1698 3166 2027 3206 sermonem
2129 3153 2423 3225 jungitur.
2454 3152 2520 3207 Et
2550 3152 2757 3206 merito
2789 3166 2944 3205 nunc
2975 3151 3105 3204 dOGt
3122 3155 3216 3204 tur
3244 3167 3278 3205 a
3308 3165 3541 3220 sponso,
3565 3152 3632 3203 ut
3651 3165 3786 3221 pro-

376 3236 524 3293 Dei?
555 3236 693 3293 Tale
725 3242 814 3293 est
844 3238 1061 3309 quippe
1091 3240 1244 3310 quod
1279 3239 1544 3295 canitur:
1579 3240 1639 3295 In
1672 3239 1846 3295 medio
1897 3242 2026 3295 ube-

2140 3242 2296 3301 xima
2327 3240 2424 3311 sit,
2460 3245 2516 3295 et
2544 3257 2575 3296 e
2605 3257 2711 3295 suo
2742 3238 2919 3295 latere
2951 3256 3065 3294 non
3098 3239 3345 3293 recedat.
3381 3242 3507 3295 Ecce
3533 3239 3782 3309 speciosa

374 3343 500 3381 rum
536 3342 781 3381 meorum
820 3327 1261 3383 commorabitur.
1314 3327 1377 3383 Si
1412 3345 1521 3383 non
1592 3330 1801 3400 fuerint
1837 3330 2028 3400 fractae
2059 3306 2101 3372 (ἶ
2138 3332 2394 3403 proxima
2438 3345 2586 3395 mea,
2651 3344 2768 3383 ecce
2793 3329 3053 3400 speciosa.
3098 3327 3310 3399 Incipis
3378 3325 3613 3399 quidem
3646 3341 3781 3382 esse

374 3428 636 3470 mammae
673 3413 877 3484 tuaa,in
919 3415 1110 3470 medio
1149 3431 1349 3471 eorum
1392 3415 1681 3472 habitabit
1711 3435 1901 3473 sermo
1940 3419 2026 3473 di-

376 3501 568 3558 vinus.
603 3502 854 3558 Docebat
876 3501 932 3557 in
956 3504 1214 3559 carmine
1240 3504 1485 3576 nuptiali
1518 3522 1806 3561 mammas
1834 3507 2028 3578 potius

381 3590 683 3663 appellari,
718 3608 893 3663 quam
928 3597 1130 3663 pectus
1182 3598 1247 3648 Et
1278 3594 1653 3666 perspicuum
1704 3601 1794 3650 est
1823 3612 1928 3649 cur
1956 3596 2028 3651 ad

382 3679 800 3752 expositionem
828 3682 958 3751 ejus
988 3683 1089 3753 qui
1130 3682 1309 3739 dicit:
1346 3684 1407 3738 In
1445 3684 1623 3739 medio
1662 3685 1890 3740 uberum
1916 3701 2028 3740 me-

378 3785 537 3824 orum
567 3770 1030 3831 commorabitur;
1062 3771 1137 3825 sit
1168 3776 1560 3844 assumptum,
1594 3775 1643 3827 si
1672 3789 1781 3828 non
1819 3774 2033 3845 fuerint

377 3859 575 3928 fractae
601 3868 1010 3929 mammaetuse,
1046 3860 1116 3915 de
1148 3860 1461 3916 Ezechiele.
1499 3866 1562 3916 In
1588 3878 1653 3916 eo
1685 3865 1902 3934 quippe
1949 3861 2029 3917 lo-

380 3963 446 4002 co
514 3947 614 4003 ubi
654 3947 1018 4005 Hierusalem
1065 3949 1289 4004 Domini
1331 3950 1646 4022 corripitur
1682 3967 1837 4017 voce,
1882 3951 2033 4007 inter

380 4039 588 4092 caetera
618 4036 833 4091 dicitur
861 4037 932 4091 ad
962 4054 1088 4093 eam
1115 4054 1128 4093 :
1159 4039 1219 4093 In
1249 4040 1478 4111 Egyplo
1497 4042 1686 4111 fracta:
1714 4045 1843 4095 sunt
1871 4057 2030 4095 man-

381 4139 491 4181 mae
530 4126 731 4181 tuae".
775 4124 1079 4181 Castarum
1110 4128 1291 4183 ubera
1330 4129 1443 4200 (17)
1485 4146 1600 4184 non
1642 4130 2029 4202 franguntur;

382 4214 485 4268 sed
519 4213 893 4268 meretricum
927 4214 1106 4270 ubera
1128 4215 1273 4272 laxis
1293 4216 1541 4289 pellibus
1567 4218 2032 4290 irrigantur.Pu-

382 4302 647 4357 dicorum
677 4307 866 4357 erecta
895 4307 1035 4359 sunt
1064 4304 1263 4372 ubera,
1313 4310 1370 4361 ct
1415 4305 1680 4380 virginali
1715 4308 1917 4363 robore
1947 4311 2033 4365 tu-

385 4390 625 4446 mentia.
659 4391 1001 4463 Suscipiunt
1040 4410 1370 4450 sermonem
1439 4396 1663 4468 sponsi,
1693 4400 1750 4450 et
1787 4395 2029 4453 dicunt:

382 4479 445 4535 In
508 4479 689 4549 medio
726 4479 956 4535 uberum
1005 4498 1251 4538 meorum
1314 4485 1761 4539 commorabitur.
1835 4488 2034 4539 Botrus

383 4570 542 4642 cypri
566 4571 852 4641 fratruelis
882 4586 1032 4626 meus
1071 4572 1240 4628 milii.
1275 4572 1509 4628 Initium
1537 4577 1626 4627 est
1655 4571 1944 4628 sermonis
1972 4572 2032 4628 in

2136 3419 2399 3491 speciosa
2436 3434 2503 3473 ex
2542 3433 2608 3473 eo
2646 3417 2801 3489 quod
2843 3416 3106 3489 proxima
3145 3415 3287 3471 mihi
3325 3432 3425 3471 es:
3465 3418 3779 3488 postquam

2138 3513 2333 3566 autem
2354 3507 2597 3579 cmperis
2617 3523 2745 3562 esse
2767 3506 3049 3578 speciosa,
3074 3504 3249 3560 etiam
3272 3504 3398 3560 sine
3418 3504 3783 3560 additamen-

2137 3604 2194 3654 to
2260 3597 2557 3669 proxima},
2624 3596 2889 3651 absolute
2955 3612 3018 3650 es
3049 3594 3332 3666 speciosa.
3373 3595 3500 3649 Ecce
3535 3596 3779 3665 speciosa

2136 3689 2392 3761 proxima
2420 3701 2561 3750 mea,
2593 3701 2714 3741 ecce
2741 3686 2997 3757 speciosa.
3030 3684 3346 3739 Videamus
3376 3688 3433 3738 et
3453 3682 3626 3739 aliam
3656 3681 3783 3738 lau-

2139 3777 2272 3831 dem
2304 3774 2600 3845 speciosae,
2636 3778 2700 3829 ut
2726 3778 2783 3828 et
2814 3789 2920 3829 nos
2950 3771 3326 3827 aemulemusr
3361 3771 3631 3843 speciosa:
3662 3771 3781 3842 (18)

2142 3864 2286 3919 fieri.
2331 3863 2486 3918 Oculi
2524 3864 2606 3917 tui
2642 3863 2920 3918 columbae.
2989 3862 3096 3930 Qui
3123 3860 3326 3916 viderit
3384 3859 3669 3915 mulierem
3706 3858 3781 3914 ad

2140 3951 2626 4024 concupiscendum
2656 3968 2796 4018 eam,
2831 3952 2943 4019 iam
2976 3950 3267 4005 mwchalus
3304 3953 3383 4005 est
3411 3964 3531 4003 eam
3565 3949 3625 4001 in
3653 3962 3783 4003 cor-

2140 4043 2204 4098 de
2230 4058 2328 4098 suo
2348 4042 2411 4095 9°.
2446 4040 2658 4096 Oculos
2692 4056 2805 4095 non
2834 4040 3007 4094 habet
3037 4038 3342 4093 columbze.
3382 4037 3437 4091 Si
3486 4036 3617 4108 quis
3649 4051 3784 4092 vero

2141 4130 2339 4187 oculos
2365 4129 2650 4185 columbae
2681 4145 2793 4183 non
2828 4128 3021 4198 habet,
3056 4128 3293 4182 domum
3329 4126 3520 4181 fratris
3565 4123 3658 4179 sui
3688 4124 3784 4179 in-

2141 4219 2406 4293 greditur
2429 4217 2650 4281 infelix,
2684 4235 2799 4273 non
2830 4233 3067 4273 servans
3096 4214 3239 4271 illud
3269 4215 3420 4288 quod
3451 4215 3508 4270 in
3548 4214 3783 4270 Prover-

2142 4309 2253 4365 biis
2283 4313 2373 4365 est
2404 4312 2792 4381 praeceptum:
2826 4308 2880 4362 In
2912 4306 3132 4362 domum
3158 4307 3354 4376 fratris
3402 4306 3488 4359 tui
3508 4319 3574 4359 ne
3610 4303 3785 4359 intres

2142 4399 2345 4467 infelix
2362 4398 2428 4450 9'.
2465 4400 2570 4452 Pro
2603 4412 2668 4451 eo
2699 4396 2853 4467 quod
2901 4392 3298 4466 Septuaginta,
3348 4394 3565 4465 infelix,
3606 4390 3784 4446 inter-

2143 4486 2350 4557 pretati
2385 4489 2544 4551 sunt,
2570 4484 2783 4557 Aquila
2804 4484 3099 4539 Hebraeam
3120 4482 3450 4555 exprimens
3475 4479 3782 4536 veritatem

2143 4573 2401 4650 ἀγροὶκός
2448 4573 2657 4646 posuit.
2694 4572 2800 4636 Qui
2836 4576 3030 4628 autem
3062 4570 3237 4626 habet
3255 4569 3453 4626 oculos
3481 4567 3784 4635 columba,

384 4657 647 4729 germine
673 4676 686 4714 :
720 4663 778 4714 et
802 4658 1037 4714 initium
1071 4661 1256 4732 cypri,
1288 4661 1344 4716 id
1368 4665 1477 4726 est,
1502 4658 1808 4715 ﬂoritionis
1830 4660 1889 4715 in
1912 4677 2033 4716 ver-
2068 4671 2113 4735 ι)
2143 4664 2299 4719 videt
2327 4667 2504 4732 recta,
2536 4666 2593 4718 et
2639 4659 3100 4718 misericordiam
3149 4663 3529 4731 promeretur.
3569 4655 3785 4712 Viden:

387 4746 482 4813 bo,
510 4747 667 4802 unde
723 4746 805 4801 ait
861 4749 1056 4803 Botrus
1110 4750 1270 4820 cypri
1324 4747 1381 4801 id
1440 4752 1529 4803 est
1580 4746 1886 4803 ﬂoritionis
1924 4752 2035 4821 fra-

388 4836 584 4891 truelis
613 4851 768 4891 meus
797 4837 956 4891 mihi.
992 4837 1114 4892 Non
1146 4835 1423 4891 omnibus
1480 4840 1571 4890 est
1616 4835 1821 4892 botrus
1850 4840 2034 4911 cypri,

390 4924 489 4979 sed
522 4924 617 4980 his
637 4924 738 4997 qui
770 4925 899 4994 ejus
932 4924 1070 4979 ﬂore
1093 4923 1252 4995 digni
1277 4927 1436 4978 sunt.
1459 4922 1604 4978 Aliis
1627 4926 2034 4985 uvavariaest:

391 5012 526 5067 huic
556 5013 664 5067 soli
698 5030 825 5084 quae
858 5012 1026 5084 nigra
1055 5016 1145 5067 est
1175 5016 1231 5066 et
1254 5013 1529 5075 formosa,
1564 5012 1620 5066 in
1655 5013 1812 5069 ﬂoris
1834 5016 2039 5072 decore

392 5117 455 5156 se
485 5102 719 5173 praebet.
762 5103 966 5155 Bolrus
1003 5101 1165 5170 cypri
1198 5100 1486 5170 fratruelis
1521 5117 1673 5156 meus
1708 5103 1869 5159 mihi.
1913 5105 2036 5161 Non

391 5190 741 5262 simpliciter
772 5191 890 5245 ait:
954 5190 1148 5243 Bolrus
1187 5191 1346 5260 cypri
1400 5192 1689 5260 fratruelis
1724 5210 1897 5261 meus,
1937 5196 2039 5250 sed

394 5295 526 5334 cum
561 5280 981 5344 additamenta,
1014 5277 1194 5344 mihi;
1230 5283 1296 5332 ut
1323 5277 1555 5334 doceret
1613 5297 1726 5336 non
1768 5283 2043 5341 omnibus

394 5384 529 5423 eum
562 5384 691 5423 esse
722 5368 954 5421 botrum
977 5365 1158 5438 cypri.
1184 5366 1500 5424 Videamus
1523 5374 1717 5425 autem
1742 5371 1799 5426 in
1824 5373 2041 5444 quibus

2145 4753 2360 4825 quippe
2390 4755 2567 4812 recta.
2599 4757 2655 4806 et
2685 4748 3144 4806 misericordiam
3168 4749 3571 4819 consequetur.
3588 4745 3785 4813 Porro,

2145 4842 2281 4915 quis
2310 4841 2468 4896 videt
2499 4844 2654 4895 recta
2685 4839 2799 4895 nisi
2850 4838 2951 4911 qui
2981 4842 3141 4894 casto
3185 4840 3492 4908 conspectu
3524 4839 3579 4891 et
3620 4831 3785 4906 puris

2146 4931 2410 4986 intuetur
2439 4928 2626 4984 oculis
2647 4929 2674 4983 ‘l
2696 4927 2821 4983 Noli
2846 4927 3024 5000 igitur
3044 4925 3186 4981 mihi
3210 4926 3280 4981 de
3300 4925 3391 4979 his
3411 4928 3637 4979 tantum
3662 4938 3787 4977 car-

2150 5020 2242 5075 nis
2274 5018 2459 5074 oculis
2488 5017 2813 5089 intelligere
2844 5033 2969 5088 qua:
3009 5015 3163 5070 dicta
3191 5019 3349 5078 sunt,
3380 5013 3513 5068 licet
3531 5016 3589 5068 et
3608 5011 3679 5066 de
3693 5011 3787 5068 his

2149 5106 2506 5163 intellexisse
2538 5123 2651 5161 non
2684 5105 2890 5160 inutile
2915 5106 3031 5160 sit:
3065 5104 3164 5159 sed
3198 5102 3526 5175 ingrediens
3558 5100 3629 5156 ad
3649 5099 3791 5156 inte-

2152 5198 2302 5251 riora
2335 5196 2531 5250 cordis
2556 5194 2665 5261 tui,
2697 5200 2749 5249 et
2783 5192 2930 5249 alios
2960 5192 3161 5248 oculos
3193 5195 3385 5247 mente
3425 5188 3788 5263 perquirens,

2151 5285 2249 5358 qui
2280 5289 2337 5340 et
2366 5301 2399 5340 a
2423 5285 2519 5339 Dei
2545 5285 2823 5339 mandato
2845 5283 3272 5347 illuminantur,
3292 5280 3607 5336 mandatum
3627 5278 3796 5352 quip-

2154 5392 2223 5448 pe
2255 5376 2351 5431 Dei
2411 5375 2743 5430 illuminans
2792 5373 2973 5429 oculos
2994 5373 3058 5441 θ’,
3094 5371 3236 5427 illud
3287 5370 3523 5437 enitere,
3572 5368 3794 5441 labora,

465 5520 609 5596 Dau_.
675 5535 734 5584 η,
770 5518 884 5596 35.ᾼ
927 5517 1294 5596 sileain“,
1360 5522 1443 5575 15.
1473 5595 1478 5596 γ
1508 5522 1557 5596 ξίδ
1583 5522 1759 5596 LIsai.
1828 5542 1919 5589 XL,
1956 5526 2030 5583 l5

2141 5528 2161 5562 ⁸
2230 5524 2383 5581 Psal.
2416 5543 2566 5596 xuv,
2594 5526 2651 5583 9.
2717 5526 2761 5560 ⁸⁷
2794 5525 2995 5581 Ezech.
3046 5540 3204 5593 XXIII,
3237 5525 3293 5593 3,
3365 5524 3408 5556 ⁸³
3437 5521 3563 5579 Job.
3604 5537 3703 5589 v11,
3738 5521 3796 5584 1.

397 5590 443 5627 ⁸⁸
472 5590 625 5646 Psal.
661 5605 829 5663 Lxxx,
854 5590 908 5657 8,
944 5592 1027 5646 10.
1061 5592 1105 5627 ⁹⁰
1136 5591 1341 5649 Matth.
1373 5609 1427 5662 v,
1462 5594 1550 5648 28.
1579 5594 1621 5629 ⁹¹
1656 5593 1819 5651 Prov.
1871 5615 2043 5672 xxvn,
2085 5614 2219 5668 xvn,
2253 5598 2341 5654 40.
2375 5598 2438 5666 θ’,
2474 5590 2625 5653 Psal.
2658 5614 2771 5663 Xix,
2801 5600 2854 5653 8.

473 5771 586 5846 (17)
620 5770 811 5832 Ubera.
845 5771 1032 5831 Codex
1060 5771 1445 5845 Turonensis,
1476 5788 1756 5835 mammae.

2224 5778 2336 5859 (18)
2367 5777 2508 5839 Mss.
2535 5779 2793 5852 speciem
2816 5784 2838 5850 ;'
2863 5776 3004 5837 libb.
3037 5774 3197 5849 editi,
3224 5789 3449 5850 sponsae.
