3996 6406
167 404 347 494 ’4489
425 489 432 496 .

1059 425 1563 493 TRANSLATIO
1609 427 1878 490 HOMlL.
1925 424 2242 490 ORIGEN.
2289 423 2368 489 IN
2413 427 2716 494 CANTIC.

3437 418 3594 498 1190

187 566 492 633 contende,
525 568 589 621 ut
617 531 816 622 sancte
871 564 1164 638 intelligas
1221 562 1492 618 universa
1521 577 1647 633 quae
1679 560 1835 616 dicta
1863 562 1913 628 Α
1946 561 2045 632 qui
2079 561 2135 616 in
2167 559 2316 616 valle
2347 577 2528 632 cram,
2553 563 2929 618 descenditin
2961 561 3255 636 vallem,et
3283 565 3343 621 in
3371 567 3582 624 vallem

187 659 344 720 sunt,
379 659 434 710 et
465 655 679 710 similis
735 654 966 727 spiritui
1008 653 1060 708 ei
1091 651 1190 724 qui
1226 651 1282 706 in
1311 650 1502 722 specie
1533 649 1833 704 descendit

185 741 487 813 eolumbze,
519 743 725 800 audias
749 743 886 815 quia
915 739 1489 799 oculituieolumbze.
1524 738 1580 793 Si
1618 737 1829 792 intelli-

181 831 272 902 gis
295 831 478 904 legem
506 832 910 904 spiritualiier,
944 830 1096 886 oculi
1151 829 1234 883 tui
1267 827 1550 882 columba:
1585 830 1740 880 sunt.
1774 826 1831 879 Si

183 919 460 993 intelligis
481 921 855 994 Evangelium
879 924 941 974 ut
958 937 1018 974 se
1040 919 1164 973 vult
1187 916 1430 988 intelligi
1459 915 1830 988 Evangelium

183 1015 240 1064 et
271 1010 587 1082 praedicari,
619 1010 780 1066 vides
806 1010 1010 1065 Jesum
1041 1023 1273 1063 omnem
1301 1005 1637 1077 languorem
1663 1008 1719 1058 et
1751 1002 1835 1058 in-

189 1095 523 1152 firmitatem
569 1113 680 1152 non
715 1096 909 1152 solum
961 1111 1026 1150 eo
1073 1099 1336 1165 tempore
1375 1109 1490 1163 quo
1521 1091 1836 1146 carnaliter

188 1185 339 1240 facta
368 1191 526 1251 sunt,
562 1185 742 1242 fuisse
775 1183 1150 1248 medicatum,
1198 1182 1297 1236 sed
1331 1181 1620 1252 hodieque
1651 1179 1836 1234 medi-

188 1279 502 1342 cantcm,et
530 1292 644 1330 non
679 1278 904 1330 tantum
939 1281 1076 1330 lunc
1105 1275 1175 1328 ad
1201 1271 1468 1327 homines
1497 1269 1835 1324 descendis-

188 1378 272 1428 se,
304 1363 403 1418 sed
453 1363 740 1436 hodieque
788 1363 1158 1426 descendere,
1213 1365 1268 1415 et
1296 1375 1424 1414 esse
1465 1361 1832 1430 praesentem.

185 1455 314 1508 Ecce
341 1451 518 1518 enim,
577 1451 789 1524 inquit.
851 1453 1126 1506 vobiscum
1174 1466 1297 1504 sum
1347 1449 1599 1504 omnibus
1645 1445 1834 1500 diebus

187 1557 356 1614 usque
378 1541 448 1596 ad
477 1542 996 1598 consummationem
1024 1539 1218 1596 saeculi
1237 1539 1300 1592 93.

262 1631 416 1698 Oculi
442 1631 525 1686 tui
566 1629 834 1685 columbae
889 1630 1037 1683 sunt.
1095 1629 1226 1682 Ecce
1279 1627 1525 1698 speciosa
1583 1624 1837 1696 proxima

186 1735 326 1781 mea.
379 1734 498 1774 ecce
552 1719 810 1790 speciosa,
851 1718 998 1772 oculi
1051 1717 1136 1770 tui
1190 1715 1476 1770 columbae.
1531 1713 1644 1768 Has
1675 1713 1745 1766 de
1776 1727 1838 1766 se

187 1824 406 1880 sponsa
435 1807 679 1862 audiens
737 1805 940 1861 laudes
991 1821 1206 1876 sponso
1252 1803 1435 1858 vicem
1469 1801 1528 1855 in
1561 1799 1838 1855 laudibus

187 1895 534 1965 tribuil,non
564 1912 678 1966 quo
737 1894 788 1949 ei
847 1894 1003 1965 quod
1042 1910 1154 1948 non
1204 1891 1380 1946 habet
1409 1907 1516 1945 suo
1549 1887 1837 1962 przeconio

187 1984 492 2058 largiatur,
523 1984 623 2039 sed
655 1981 986 2052 intelligens
1035 1982 1300 2036 decorem
1335 1980 1463 2050 ejus
1497 1982 1670 2050 atque
1701 1993 1838 2030 con-

188 2072 442 2145 spiciens
500 2073 580 2128 ait
635 2074 804 2144 (vers.
869 2071 1002 2137 l5):
1067 2075 1197 2126 Ecce
1249 2085 1486 2140 sponsus
1545 2065 1838 2122 519-20

185 2163 474 2234 fratruelis
533 2179 686 2216 meus
751 2161 1002 2232 equidem
1071 2159 1320 2231 pulcher,
1389 2159 1556 2212 lectus
1655 2158 1842 2208 noster

187 2253 700 2318 umbrosus.Quzere
733 2249 948 2305 lectum
973 2248 1031 2304 in
1050 2265 1165 2320 quo
1191 2263 1444 2318 sponsus
1466 2261 1600 2300 cum
1625 2259 1844 2316 Sponsa

190 2341 562 2412 requiescat,
623 2343 699 2404 et,
756 2339 814 2394 ni
875 2338 1062 2405 fallor,
1095 2354 1306 2408 corpus
1350 2336 1677 2390 humanum
1711 2337 1836 2386 est:

187 2429 479 2502 siquidem
509 2427 608 2484 ille
663 2429 722 2483 in
755 2427 1067 2499 Evangelio
1129 2424 1484 2498 paralyticus
1537 2421 1637 2494 qui
1682 2422 1842 2489 jace-

189 2521 290 2574 bat
317 2519 375 2574 in
401 2517 568 2586 lecto,
597 2521 655 2572 et
682 2517 842 2573 abire
873 2516 933 2571 in
967 2516 1207 2572 domum
1239 2530 1406 2569 suam
1441 2511 1670 2568 sublato
1699 2527 1838 2582 gra-

190 2609 325 2664 bato
353 2606 722 2677 vocejussus
774 2610 864 2660 est
909 2602 1244 2668 Salvatoris,
1303 2605 1617 2673 antequam
1664 2615 1841 2657 sana-

192 2700 372 2767 retur,
420 2711 597 2767 super
647 2693 838 2750 debile
888 2693 1285 2748 membrorum
1338 2705 1580 2745 suorum
1630 2705 1844 2760 corpus

187 2784 603 2858 jacebat,quod
639 2787 838 2854 postea
868 2781 966 2838 Dei
1001 2781 1212 2837 virtute
1263 2779 1578 2836 solidatam
1609 2783 1716 2833 est.
1750 2777 1844 2833 Sic

197 2882 304 2948 ego
340 2871 650 2945 intelligo:
716 2872 856 2927 Tolle
914 2871 1203 2942 grabatum
1261 2875 1436 2940 tuum,
1505 2876 1557 2923 et
1615 2867 1746 2922 uade
1785 2867 1843 2922 in

195 2964 417 3019 domum
447 2970 602 3018 tuum
622 2962 686 3016 9‘.
739 2965 936 3031 Neque
985 2959 1139 3014 enim
1185 2959 1255 3013 ad
1291 2958 1398 3012 hoc
1430 2956 1612 3012 Filius
1649 2956 1739 3011 Dei
1775 2956 1846 3010 de

201 3049 536 3108 celestibus
565 3050 636 3106 ad
666 3054 898 3104 terrena
944 3047 1342 3114 descenderat,
1397 3051 1462 3101 ut
1519 3047 1590 3100 de
1619 3043 1848 3101 lectulis

199 3141 536 3212 imperaret,
601 3142 658 3193 et
709 3139 1157 3207 consurgentem
1206 3136 1278 3191 ab
1337 3133 1711 3206 aegrotatione
1741 3149 1850 3188 sua

199 3229 329 3286 sine
393 3225 604 3283 lectulo
655 3242 771 3281 non
841 3229 1136 3297 pateretur
1180 3224 1529 3279 ascendere:
1565 3222 1725 3291 Tolle,
1757 3221 1845 3277 in-

1943 648 2178 704 veniens
2211 650 2274 704 fit
2305 649 2528 705 lilium:
2590 669 2693 722 pro
2724 650 2883 725 ligno
2921 651 3045 707 vita:
3077 655 3229 724 quod
3265 653 3592 727 plantatum

1943 741 2029 791 est
2089 737 2145 791 in
2204 739 2476 808 paradiso
2535 740 2652 807 Dei,
2711 741 2892 796 totius
2931 741 3144 814 campi,
3187 742 3245 798 id
3285 748 3374 798 est
3412 745 3593 801 totius

1945 827 2169 894 mundi,
2201 833 2257 881 et
2288 828 2568 882 universa:
2591 833 2756 883 terra:
2782 831 2888 884 ﬂos
2913 832 3097 887 factus
3121 833 3229 888 est.
3258 831 3404 898 Quid
3437 833 3589 890 enim

1945 916 2030 969 sic
2065 921 2256 987 potest
2285 933 2412 970 esse
2445 918 2550 971 fles
2604 919 2830 984 mundi,
2866 923 2929 973 ut
2958 919 3304 975 vocabulum
3337 921 3595 978 Christi?

1947 1003 2308 1074 Unguentem
2362 1006 2614 1060 effusum
2675 1023 2886 1062 nomen
2946 1009 3094 1078 ejus.
3124 1008 3304 1065 Aliter
3330 1008 3589 1082 idipsum

1943 1092 2194 1148 dicitur:
2249 1094 2364 1165 Ego
2410 1094 2509 1163 [los
2555 1097 2758 1166 campi,
2808 1104 2860 1151 et
2908 1097 3094 1152 lilium
3143 1099 3504 1170 convallium,
3537 1106 3595 1155 et

1945 1180 2064 1234 haec
2095 1180 2332 1252 quidem
2365 1182 2434 1236 de
2467 1183 3025 1254 semctipsoDeinde
3047 1187 3594 1258 sponsamlaudans

1945 1269 2062 1323 ait:
2098 1271 2265 1340 (vers.
2301 1272 2353 1340 2)
2389 1272 2451 1327 Ut
2481 1271 2666 1326 lilium
2699 1273 2754 1326 in
2799 1273 2976 1328 medio
3021 1277 3331 1346 spinarum,
3363 1278 3441 1332 sic
3465 1295 3592 1348 pro-

1942 1359 2098 1412 xima
2124 1374 2240 1412 mea
2275 1359 2334 1412 in.
2361 1360 2538 1414 medio
2571 1361 2836 1428 ﬁliarum.
2861 1362 3021 1418 Sicut
3045 1363 3230 1419 lilium
3259 1381 3372 1420 non
3407 1371 3596 1438 potest

1946 1447 2132 1518 spinis
2163 1449 2509 1519 comparari,
2541 1449 2692 1504 inter
2722 1468 2868 1522 quas
2927 1468 3160 1524 semper
3188 1454 3464 1519 exoritur,
3499 1471 3594 1510 eo-

1947 1537 2079 1589 dem
2110 1537 2283 1590 modo
2315 1537 2574 1608 proxima
2621 1555 2747 1594 mea
2780 1557 2958 1612 super
2986 1557 3192 1596 omnes
3218 1541 3370 1598 filias
3401 1543 3593 1600 lilium

1947 1629 2036 1677 est
2064 1623 2123 1678 in
2157 1624 2350 1679 medio
2376 1626 2700 1696 spinarum.
2743 1628 2858 1682 Ista
2888 1629 3134 1684 audiens
3165 1647 3383 1703 sponsa
3412 1633 3594 1690 vicem

1948 1712 2140 1766 reddit
2168 1729 2402 1784 sponso,
2437 1719 2493 1768 et
2523 1717 2779 1772 sentiens
2833 1715 2994 1772 illius
3041 1718 3215 1774 etiam
3246 1720 3594 1776 suavitatem

1949 1799 2006 1854 in
2041 1817 2235 1856 vocem
2269 1801 2566 1857 laudantis
2597 1803 2869 1876 erumpit.
2905 1805 3344 1878 Unguentorum
3379 1810 3598 1882 quippe

1949 1889 2093 1943 odor
2123 1888 2255 1946 licet
2288 1890 2544 1948 suaviter
2572 1893 2772 1964 spiret,
2813 1897 2872 1948 et
2901 1911 3139 1951 sensum
3167 1897 3340 1953 odore
3369 1898 3599 1954 demul-

1949 1980 2218 2044 ceat,non
2248 1980 2442 2032 tamen
2476 1978 2762 2048 ejusmodi
2791 1984 2899 2052 est,
2924 1985 2988 2036 ut
3014 1999 3191 2038 suave
3213 1984 3291 2040 sit
3321 1985 3392 2041 ad
3423 1987 3600 2042 eden-

1949 2064 2112 2119 dum.
2148 2063 2246 2119 Est
2277 2069 2472 2120 autem
2533 2065 2690 2120 aliud
2755 2070 2908 2140 quod
2942 2071 3148 2142 optimi
3181 2074 3408 2145 saporis
3439 2075 3516 2130 sit
3545 2081 3602 2132 et

1949 2151 2164 2217 odoris,
2197 2152 2252 2206 id
2287 2157 2397 2217 est,
2431 2159 2495 2208 ut
2525 2155 2721 2211 fauces
2767 2157 3000 2213 dulcorc
3051 2160 3316 2230 delectet,
3343 2167 3399 2219 et
3429 2165 3601 2236 spiri-

1949 2245 2074 2296 tum
2111 2241 2366 2297 muleeat
2412 2243 2655 2298 odoratu
2683 2260 2696 2298 :
2757 2245 2873 2302 tale
2919 2251 3008 2302 est
3039 2248 3281 2321 malum,
3311 2255 3366 2306 et
3399 2252 3600 2310 istius-

1953 2329 2112 2384 modi
2141 2335 2229 2385 est
2257 2335 2571 2399 naturae,ut
2601 2338 2849 2406 utraque
2880 2335 2939 2390 iu
2973 2353 3034 2390 se
3057 2337 3601 2408 possideat.ldcirco

1950 2418 2151 2474 volens
2183 2437 2297 2474 non
2331 2419 2520 2476 solum
2554 2422 3014 2480 benevolentiam
3070 2428 3378 2496 sermonis,
3415 2431 3512 2485 sed
3546 2436 3604 2486 et

1951 2506 2249 2564 dulcorem
2280 2509 2408 2578 ejus
2475 2526 2692 2582 sponsa
2756 2512 3014 2580 laudare,
3082 2514 3200 2570 ait:
3247 2516 3417 2587 (vers.
3449 2519 3504 2589 3)
3540 2521 3604 2576 Ut

1953 2597 2160 2651 malum
2191 2599 2249 2652 in
2281 2599 2448 2668 lignis
2475 2600 2652 2666 silum,
2709 2603 2785 2656 ita
2835 2604 3122 2674 fratruelis
3153 2621 3306 2662 meus
3335 2608 3395 2662 in
3425 2609 3603 2665 medio

1951 2686 2219 2758 ﬁliorum.
2255 2686 2466 2742 Omnia
2495 2686 2675 2760 ligna,
2709 2707 2913 2747 omnes
2945 2694 3184 2750 arbores
3212 2695 3325 2768 (20)
3349 2697 3420 2752 ad
3453 2715 3604 2754 com-

1954 2775 2314 2846 perationem
2337 2776 2624 2832 sermonis
2647 2778 2742 2834 Dei
2769 2779 2926 2834 silvae
2949 2781 3233 2839 inferaces
3263 2784 3606 2843 existimano

1953 2867 2068 2934 tur,
2103 2865 2172 2920 ad
2205 2864 2504 2921 Christum
2537 2867 2726 2922 saltus
2756 2875 2844 2924 est
2892 2885 3065 2925 omne
3094 2873 3248 2943 quod
3281 2873 3517 2935 dixeris.
3550 2881 3608 2932 et

1957 2953 2322 3010 infructuosa
2352 2960 2491 3010 sunt
2519 2955 2734 3011 omnia.
2777 2959 2912 3022 Quae
2943 2959 3100 3014 enim
3123 2967 3370 3032 possunt
3394 2964 3506 3020 dici
3532 2966 3603 3020 ad

1956 3059 2090 3098 eum
2123 3049 2460 3115 comparata
2492 3045 2788 3100 fructifera
2811 3045 2840 3100 ?
2870 3047 3058 3102 Etiam
3100 3047 3260 3122 ligna
3289 3067 3415 3123 quae
3444 3053 3604 3109 vide-

1955 3130 2173 3186 bantur
2196 3131 2480 3188 t‘ructihus
2507 3133 2895 3198 incurvari,ad
2923 3134 3291 3194 collationem
3319 3141 3602 3197 adventus

1955 3220 2084 3290 ejus
2143 3219 2506 3276 infructuosa
2561 3225 2884 3278 monstrata
2939 3230 3096 3280 sunt.
3147 3226 3280 3283 Ideo
3311 3237 3372 3285 ut
3394 3230 3604 3286 malum

200 3317 432 3392 quiens,
463 3317 750 3388 grabatum
779 3325 954 3381 tuum,
999 3316 1049 3370 et
1072 3313 1205 3370 uade
1235 3315 1295 3368 in
1324 3313 1543 3368 domum
1572 3319 1742 3367 tuam.
1777 3310 1848 3366 Et
1877 3304 1920 3370 C
1957 3309 2017 3361 in
2083 3307 2248 3378 lignis
2306 3309 2483 3376 silvae,
2551 3311 2632 3365 ita
2707 3312 2995 3374 fratruelis
3067 3329 3219 3370 meus
3294 3318 3355 3372 in
3430 3318 3603 3376 medio

195 3412 264 3462 tu
295 3405 472 3478 igitur
501 3423 534 3461 a
563 3403 857 3461 Salvatore
888 3407 1130 3459 sanatus
1155 3401 1290 3457 tolle
1321 3401 1630 3474 grabatum
1652 3403 1842 3470 tuum,

195 3501 256 3552 et
304 3495 446 3550 vade
475 3493 536 3549 in
567 3495 807 3549 domum
840 3497 1026 3560 tuam,
1053 3495 1116 3546 ut
1146 3507 1280 3546 cum
1312 3491 1382 3546 ad
1409 3495 1464 3546 te
1493 3487 1650 3544 velut
1679 3505 1848 3559 spon-

195 3601 326 3642 sam
355 3583 578 3640 venerit
615 3599 890 3654 sponsus,
914 3587 972 3636 et
1002 3581 1058 3635 in
1091 3595 1158 3636 eo
1187 3583 1379 3634 tecum
1404 3577 1578 3633 fuerit
1606 3577 1845 3634 reclina-

192 3678 316 3738 tus,
356 3673 516 3728 dicas
551 3689 564 3728 :
603 3672 734 3726 Ecce
769 3686 999 3742 sponsus
1061 3669 1348 3741 [ratruelis
1384 3683 1554 3736 meus,
1595 3666 1844 3738 equidem

188 3762 440 3837 pulcher,
473 3761 767 3816 acclinatio
817 3768 1001 3814 nostra
1038 3758 1310 3814 umbrosa.
1345 3761 1484 3812 Ecce
1541 3757 1844 3829 speciosus

193 3849 491 3908 fratruelis
521 3849 841 3920 meus,ipse
872 3853 929 3904 et
957 3846 1254 3919 speciosus
1279 3851 1386 3915 est,
1418 3851 1474 3900 et
1504 3845 1842 3902 umbrosus.

193 3925 310 3999 Per
335 3940 482 3996 diem
530 3939 748 4012 quippe
791 3937 871 3994 sol
913 3952 1021 3992 non
1068 3944 1190 3992 uret
1239 3941 1309 4007 te,
1358 3952 1532 4008 neque
1569 3937 1701 3990 (una
1749 3952 1848 4008 per

194 4034 413 4086 noctem
435 4029 498 4082 95.

269 4119 324 4174 5.
356 4117 520 4174 Vers.
554 4116 642 4173 46.
691 4116 880 4172 Trabes
946 4115 1229 4171 domorum
1306 4121 1619 4170 nostrarum
1675 4113 1846 4180 cedri,

195 4205 601 4276 multitudinis
629 4205 804 4262 verba
838 4209 994 4260 sunt.
1019 4204 1306 4259 Videntur
1333 4205 1529 4258 autem
1563 4201 1706 4256 mihi
1737 4201 1846 4256 viri

195 4300 324 4354 haec
351 4297 542 4352 dicere
582 4294 684 4368 qui
716 4311 850 4350 cum
885 4310 1099 4366 sponso
1129 4295 1290 4356 sunt,
1320 4291 1392 4346 de
1422 4291 1638 4363 quibus
1668 4307 1848 4364 supe-

191 4387 325 4444 rius
355 4401 546 4442 sermo
576 4385 850 4458 praefatus
901 4387 1006 4438 est.
1045 4384 1260 4438 Domus
1298 4379 1551 4456 cedrinis
1580 4379 1847 4436 trabibus

190 4477 428 4532 intextae
459 4477 680 4539 sunt,et
701 4471 988 4544 cypressis
1011 4469 1358 4542 contignata:
1379 4467 1519 4541 (19).
1545 4468 1846 4540 Siquidem

189 4581 304 4638 pro
335 4564 484 4620 stibe
515 4560 778 4620 ascendit
807 4563 1201 4632 eypressus,et
1231 4575 1333 4630 pro
1354 4558 1555 4614 coniza
1585 4557 1850 4614 ascendit

193 4657 450 4725 myrtus.
501 4649 826 4723 Requirens
871 4649 1052 4722 igitur
1095 4649 1265 4718 cujus
1314 4652 1536 4702 natura
1568 4646 1681 4702 ista
1710 4652 1848 4702 sunt

186 4742 441 4814 ligna,et
461 4740 698 4797 cedrum
732 4737 1174 4811 imputribilem,
1203 4741 1260 4790 et
1282 4752 1621 4808 cypressum
1653 4734 1848 4791 odoris

185 4829 405 4905 optimi
437 4829 902 4902 deprehendens,
935 4826 1134 4882 labora
1193 4828 1249 4880 et
1292 4829 1353 4879 tu
1395 4824 1476 4880 ita
1509 4825 1847 4897 contignare

185 4921 440 4976 domum
474 4923 656 4986 tuam,
691 4921 754 4972 ut
784 4917 854 4972 de
887 4919 939 4971 te
969 4930 1201 4987 quoque
1251 4913 1438 4986 possit
1466 4913 1619 4969 dici:
1654 4914 1848 4969 Trabes

182 5010 458 5068 domuum
488 5013 802 5063 nostrarum
843 5005 1011 5075 cedri,
1071 5007 1121 5060 et
1166 5005 1601 5072 contignationes
1646 5005 1849 5059 nostra:

181 5117 258 5173 cy
261 5102 459 5172 pressi.

265 5191 323 5242 6.
354 5191 494 5244 Post
524 5187 645 5241 haec
677 5201 932 5256 sponsus
980 5181 1242 5254 loquitur
1277 5184 1430 5252 (cap.
1466 5197 1526 5248 ιι,
1559 5196 1708 5236 vers.
1750 5182 1796 5251 ι)
1829 5199 1846 5235 :

181 5279 306 5350 Ego
335 5279 434 5348 ﬂos
461 5276 663 5347 campi,
721 5281 771 5330 et
828 5273 1012 5328 lilium
1077 5271 1430 5326 convallium.
1477 5273 1716 5342 Propter
1755 5285 1847 5324 me

1955 3396 2220 3464 ﬁliorum.
2316 3398 2377 3452 In
2467 3398 2662 3453 umbra
2749 3401 2866 3467 ejus
2952 3405 3258 3476 concupiui,
3343 3415 3395 3462 et
3465 3409 3600 3464 sedi.

1956 3485 2139 3549 Quam
2172 3482 2414 3556 pulchre
2447 3503 2560 3542 non
2593 3487 2674 3542 ait
2704 3486 2765 3542 in
2799 3489 3010 3546 umbra
3038 3491 3200 3549 illius
3230 3496 3604 3569 concupisco,

1955 3573 2080 3640 sed,
2114 3573 2173 3628 in
2205 3575 2397 3630 umbra
2426 3577 2544 3647 ejus
2607 3579 2894 3650 concupiui
2915 3597 2928 3646 ;
2998 3585 3056 3635 et
3121 3598 3236 3639 non
3277 3584 3469 3646 sedeo,
3502 3587 3604 3642 sed

1957 3662 2092 3717 sedi.
2125 3662 2422 3733 Siquidem
2455 3664 2512 3719 in
2547 3665 2834 3736 principio
2859 3684 2971 3722 non
3022 3685 3340 3740 pessumus
3369 3690 3504 3728 cum
3535 3691 3603 3730 eo

1960 3751 2261 3824 proprium
2294 3753 2555 3808 conferre
2581 3771 2932 3822 sermonem,
2963 3748 3162 3813 verum
3196 3759 3252 3814 in
3293 3761 3600 3835 principio,

1958 3845 2024 3894 ut
2052 3839 2132 3895 ita
2161 3841 2376 3908 dicam,
2408 3843 2660 3914 quadam
2690 3846 3015 3915 majestatis
3047 3846 3204 3903 illius
3235 3850 3446 3906 umbra
3477 3869 3602 3922 per-

1959 3929 2228 3997 fruimur,
2261 3930 2416 3986 unde
2444 3935 2502 3986 et
2531 3931 2588 3986 in
2620 3932 2920 4004 prephetis
2969 3934 3215 4007 legitur:
3247 3937 3488 4009 Spiritus
3516 3943 3602 4012 fa-

1955 4020 2062 4073 ciei
2088 4022 2288 4074 nostrae
2320 4019 2563 4076 Christus
2611 4021 2890 4085 Dominus,
2938 4025 3030 4078 cui
3075 4025 3319 4081 diximus
3339 4044 3358 4081 :
3388 4028 3453 4083 In
3480 4045 3602 4085 um-

1957 4107 2053 4162 bra
2081 4109 2198 4179 ejus
2229 4109 2468 4164 vivemus
2494 4109 2555 4163 in
2575 4111 2826 4178 gentibus
2847 4111 2891 4147 ⁹⁶
2915 4129 2928 4180 ;
2951 4117 3029 4180 et,
3053 4114 3124 4169 ab
3149 4115 3358 4172 umbra
3379 4119 3450 4173 ad
3474 4137 3600 4174 um-

1957 4195 2120 4251 bram
2173 4195 2348 4252 aliam
2421 4199 2936 4272 transmigramus.
2986 4202 3310 4262 Sedentibus
3355 4206 3513 4264 enim
3546 4209 3606 4264 in

1955 4287 2176 4356 regione
2205 4288 2257 4342 et
2286 4287 2480 4342 umbra
2508 4290 2827 4350 mortisJua:
2854 4293 2976 4346 orla
3005 4299 3087 4348 est
3115 4294 3192 4349 eis
3213 4294 3277 4350 9".
3310 4295 3380 4352 Et
3409 4299 3603 4352 trans-

1956 4391 2160 4431 eamus
2190 4375 2262 4430 ab
2295 4377 2504 4457 umbra
2535 4378 2740 4434 mortis
2771 4380 2841 4434 ad
2875 4382 3147 4438 umbram
3179 4383 3330 4438 vitae.
3363 4385 3608 4457 Semper

1956 4463 2286 4520 istiusmodi
2321 4455 2802 4538 sunt-profectus,
2855 4474 2921 4525 ut
2962 4471 3021 4525 in
3052 4472 3286 4528 exordio
3317 4455 3608 4530 desideret

1957 4552 2249 4626 quispiam
2282 4553 2489 4610 saltem
2513 4555 2569 4610 in
2601 4555 2880 4612 virtutum
2905 4559 3116 4614 umbra
3141 4559 3460 4616 consistere
3487 4561 3606 4634 Ego

1876 4669 1924 4734 Β
1961 4647 2097 4714 puto
2122 4641 2252 4698 ideo
2281 4647 2338 4734 et
2367 4643 2726 4734 nativitatem
2757 4645 2894 4734 Jesu
2917 4647 2990 4702 ab
3023 4647 3232 4704 umbra
3261 4647 3526 4720 coepisse,
3550 4654 3608 4706 et

1959 4747 2072 4786 non
2102 4731 2160 4786 in
2194 4731 2423 4800 umbra,
2465 4733 2564 4788 sed
2633 4736 2692 4788 in
2754 4733 2995 4790 veritate
3035 4734 3300 4792 ﬁnitam:
3343 4737 3602 4810 Spiritus,

1957 4818 2168 4890 inquit,
2236 4823 2456 4874 sanctus
2496 4823 2670 4875 ueniet
2745 4822 2802 4875 in
2871 4830 2938 4891 te,
3001 4827 3054 4877 et
3111 4825 3282 4880 uirtus
3325 4827 3609 4882 Altissimi

1955 4908 2304 4965 obumbrabit
2375 4909 2480 4964 tibi
2549 4908 2612 4962 93.
2681 4908 2964 4966 Nativitas
3031 4911 3244 4968 Christi
3283 4913 3356 4970 ab
3395 4915 3606 4971 umbra

1957 4997 2212 5068 sumpsit
2239 4996 2538 5051 exordium
2567 5014 2580 5052 :
2615 5015 2728 5053 non
2775 4997 2965 5054 solum
3000 5005 3196 5056 autem
3230 5001 3287 5056 in
3321 5002 3501 5058 Maria
3531 5005 3603 5060 ab

1958 5086 2168 5142 umbra
2197 5089 2326 5156 ejus
2358 5085 2635 5140 nativitas
2683 5088 2874 5158 coepit,
2908 5090 3010 5144 sed
3041 5095 3098 5144 et
3131 5089 3188 5144 in
3222 5093 3280 5146 te
3308 5090 3356 5146 si
3389 5092 3605 5165 dignus

1961 5176 2137 5232 fueris
2169 5175 2432 5231 nascitur
2457 5191 2650 5230 sermo
2695 5175 2809 5232 Dei.
2850 5179 2954 5232 Fac
2987 5177 3164 5248 igitur
3193 5184 3259 5233 ut
3287 5179 3480 5251 possis
3509 5197 3603 5237 ca-

1959 5284 2092 5340 pere
2145 5266 2354 5320 umbra
2410 5265 2560 5336 ejus,
2623 5271 2680 5320 et
2735 5282 2868 5320 cum
2928 5267 3137 5322 umbra
3179 5267 3360 5324 fueris
3391 5269 3606 5343 dignus

199 5475 208 5483 .
264 5425 321 5482 ”.
341 5427 551 5485 Matth.
589 5443 766 5493 xxvu,
798 5427 886 5481 20.
952 5425 997 5459 9‘
1023 5422 1230 5478 Matth.
1273 5439 1348 5489 ix,
1378 5423 1431 5476 6.
1509 5422 1552 5456 9‘
1585 5421 1738 5478 Psal.
1770 5438 1880 5477 cxx
1917 5424 1970 5476 6.
2051 5421 2092 5456 9⁸
2123 5419 2338 5476 Thren.
2391 5433 2463 5483 IV,
2512 5418 2602 5471 20.
2680 5417 2723 5452 ³⁷
2765 5416 2875 5474 Isa.
2917 5433 2995 5484 ιχ,
3036 5421 3089 5472 2.
3167 5420 3209 5454 ⁸⁸
3250 5419 3388 5477 Luc.
3430 5439 3468 5493 ι,
3509 5425 3601 5483 35.

195 5593 206 5612 ε
240 5603 379 5698 ’(49)
410 5627 571 5704 Mss.,
619 5623 806 5704 domus
853 5619 1092 5704 redimis
1138 5619 1388 5704 trabibus
1418 5620 1639 5704 intextis
1669 5623 1843 5704 ‘suut,

169 5706 238 5759 et
263 5689 537 5769 cypressis
565 5697 914 5769 contignata}.
942 5690 1142 5769 Editt.,
1173 5690 1357 5748 domos
1383 5689 1632 5749 cedrinas
1661 5690 1845 5750 trabi-

171 5765 566 5831 bus'iutextas
594 5775 646 5826 et
675 5765 940 5840 cypressis
969 5765 1334 5834 contiguatas.

2027 5617 2138 5689 (20)
2172 5615 2335 5690 Libb.
2396 5613 2582 5690 editt_.,
2617 5628 2833 5690 crimes
2895 5614 3050 5672 silvae
3115 5616 3360 5690 arbores,
3401 5618 3502 5677 sed
3542 5618 3601 5681 in

1955 5685 2099 5749 mss.
2122 5685 2408 5745 omnibus
2439 5685 2731 5744 omittitur
2757 5685 2929 5746 silva.
