3996 6384
452 381 482 440 ,1
505 378 612 441 191

1700 378 1765 439 S.
1810 368 2120 437 EUSEBII
2166 369 2632 436 HIERONYMI.

3704 364 3882 431 “92

450 512 720 576 effectus,
751 510 943 566 veniet
973 510 1044 566 ad
1077 513 1229 580 te,ut
1257 510 1335 567 ita
1365 511 1578 576 dicam,
1611 526 1824 581 corpus
1854 508 2005 579 ejus,
2039 522 2108 562 ex
2134 506 2188 572 Α
2219 522 2331 561 non
2366 506 2421 561 in
2464 522 2578 563 uno
2609 504 2838 577 spiritu.
2889 505 3034 561 Ama
3063 509 3120 560 et
3148 502 3354 572 Deum,
3389 503 3487 560 sed
3522 518 3663 559 ama
3692 498 3876 562 illum

451 618 565 674 quo
596 601 806 656 umbra
836 599 1118 654 nascitur.
1152 600 1297 655 Nam
1343 600 1404 654 in
1439 599 1666 654 modico
1695 596 1905 658 ﬁdelis,
1956 599 2013 649 et
2042 594 2099 648 in

450 690 773 759 majoribus
808 689 919 743 erit
967 687 1174 743 ﬁdelis.
1224 691 1284 743 In
1332 689 1525 742 umbra
1575 688 1692 758 ejus
1739 686 2024 753 corrcupivi
2053 688 2102 737 et

446 778 581 832 sedi.
621 778 794 832 Vides
847 778 983 848 quia
1011 794 1123 831 non
1180 794 1412 848 semper
1453 776 1511 830 in
1548 776 1754 830 umbra
1784 774 1963 839 stetit,
2000 772 2100 827 sed

446 866 581 921 inde
612 866 683 922 ad
718 866 958 920 meliora
988 865 1307 931 transierit,
1357 867 1587 920 dicens:
1640 866 1703 919 Et
1740 866 1953 934 fructus
1983 862 2102 932 ejus

443 955 620 1011 dulcis
651 956 711 1009 in
740 959 962 1024 gutture
1012 970 1147 1010 meo.
1227 955 1364 1025 Ego,
1420 954 1632 1024 inquit,
1675 950 1996 1007 desideravi
2038 948 2098 1003 in

448 1044 659 1099 umbra
686 1044 815 1114 ejus
847 1042 1231 1113 requiescere,
1256 1042 1356 1097 sed
1389 1047 1700 1112 postquam
1725 1056 1817 1095 me
1841 1056 1948 1094 sua
1967 1054 2099 1110 pro-

444 1132 588 1188 texit
618 1133 847 1198 umbra,
883 1131 1056 1186 etiam
1092 1131 1280 1186 fructu
1317 1130 1477 1185 illius
1526 1133 1823 1185 saturatos
1856 1144 2011 1195 sum,
2044 1132 2102 1183 et

446 1222 670 1276 fructus
700 1222 827 1292 ejus
858 1218 1049 1274 dulcis
1084 1220 1137 1273 in
1170 1225 1405 1291 gutture
1449 1236 1597 1273 meo.

510 1312 564 1364 7.
602 1310 760 1364 Vers.
796 1310 847 1362 4.
889 1308 1217 1364 lntrodueile
1254 1326 1340 1365 me
1379 1311 1439 1364 in
1480 1309 1700 1363 domum
1740 1308 1879 1363 vini.
1937 1304 2098 1361 Foris

440 1398 601 1455 stetit
632 1402 972 1470 sponsus,et
1002 1398 1074 1451 ab
1113 1415 1329 1469 sponsa
1361 1402 1669 1469 susceptus
1697 1396 1871 1451 est.[u
1906 1395 2099 1450 medio

442 1487 657 1559 quippe
688 1486 934 1542 uberum
994 1484 1155 1539 illius
1216 1486 1516 1557 requievit.
1553 1485 1830 1539 Proximus
1864 1485 1973 1556 (21)
1997 1485 2099 1554 ju-

439 1576 691 1633 veneulm
725 1593 838 1631 non
870 1580 1011 1631 sunt
1031 1575 1368 1631 istiusmodi
1395 1579 1459 1629 ut
1489 1592 1773 1646 sponsum
1805 1573 2097 1644 hospitem

441 1665 655 1720 habere
687 1669 1041 1719 mereantur.
1070 1662 1431 1718 Multitudini
1462 1664 1600 1717 l’oris
1623 1663 1680 1717 in
1706 1661 2001 1734 parabolis
2023 1661 2100 1717 lo-

441 1753 660 1824 quitur.
694 1761 879 1818 Quam
909 1769 1111 1807 vereor
1142 1767 1212 1806 ne
1246 1751 1441 1806 multa:
1474 1749 1919 1806 adolescentulis
1952 1751 2098 1805 forte

2212 612 2325 650 non
2361 600 2425 649 ut
2449 610 2679 649 carnem
2714 599 2769 648 et
2800 594 3169 666 sanguinem,
3200 593 3303 648 sed
3335 596 3400 649 ut
3429 590 3730 664 spiritum.
3758 591 3878 662 Qui

2211 684 2366 738 enim
2398 684 2641 739 adiceret
2681 685 2804 748 Deo,
2847 700 2989 737 unus
3044 685 3270 753 spiritus
3324 686 3400 737 est
3420 682 3461 735 ³.
3525 681 3716 753 Igitur
3776 695 3874 734 or-

2212 773 2411 826 dinata
2470 780 2558 827 est
2614 772 2868 826 charitas
2926 773 2983 826 in
3042 771 3331 844 perfectis.
3391 770 3462 826 Ut
3506 775 3706 826 autem
3736 772 3878 840 post

2213 861 2397 916 Deum
2429 863 2603 916 etiam
2636 862 2789 915 inter
2818 877 2923 915 nos
2955 861 3095 915 ordo
3124 859 3661 932 ponatur,primum
3696 874 3875 913 man-

2211 951 2410 1005 datum
2444 956 2552 1019 est,
2613 955 2676 1005 ut
2734 949 3051 1022 diligamus
3100 954 3388 1021 parentes,
3438 947 3771 1003 secundum
3806 952 3871 1001 ut

2210 1039 2381 1107 ﬁlios,
2418 1039 2651 1095 tertium
2702 1044 2765 1094 ut
2810 1038 3164 1094 domesticos
3229 1042 3479 1093 nostros.
3531 1036 3590 1092 Si
3660 1041 3865 1091 autem

2208 1128 2365 1184 ﬁlius
2395 1128 2586 1184 malus
2616 1133 2722 1195 est,
2755 1133 2812 1183 et
2840 1126 3201 1183 domesticus
3250 1127 3459 1193 bonus,
3491 1124 3860 1182 domesticus

2206 1217 2264 1272 in
2297 1217 2576 1273 charitate
2600 1216 2699 1271 filii
2728 1216 3060 1272 collocetur.
3096 1216 3163 1270 Et
3190 1215 3272 1271 ita
3292 1214 3390 1270 fiet
3419 1219 3483 1270 ut
3513 1218 3859 1271 sanctorum

2206 1307 2475 1362 ordinata
2506 1307 2580 1362 sit
2610 1305 2883 1361 charitas.
2920 1305 3189 1377 Magister
3219 1320 3448 1376 quoque
3479 1309 3537 1359 et
3568 1302 3857 1358 Dominus

2204 1400 2401 1451 noster
2437 1395 2495 1450 in
2566 1393 2869 1467 Evangelio
2938 1398 3221 1466 przecepta
3259 1394 3329 1448 de
3368 1392 3648 1449 charitate
3708 1407 3859 1447 con-

2206 1486 2457 1540 stituens
2515 1485 2584 1539 ad
2646 1483 3111 1555 uniuscujusque
3154 1482 3517 1538 dilectionem
3547 1481 3856 1553 proprium

2207 1571 2427 1644 aliquid
2462 1573 2819 1645 apposuit,et
2852 1572 3012 1627 dedit
3040 1569 3480 1643 intelligentiam
3508 1568 3731 1625 ordinis
3760 1569 3858 1625 his

2207 1661 2307 1733 qui
2341 1666 2589 1732 possunt
2617 1660 2819 1716 audire
2847 1661 3203 1732 Scripturam
3230 1661 3513 1716 dicentem
3539 1676 3553 1714 :
3586 1658 3858 1716 Ordinais

2206 1753 2266 1805 in
2296 1767 2383 1805 me
2418 1751 2759 1805 charitalem.
2797 1752 3004 1816 Diliges
3051 1750 3342 1804 Dominum
3386 1749 3551 1803 Deum
3599 1757 3755 1803 tuum
3785 1763 3858 1804 ea:

441 1858 548 1897 nos
569 1840 1117 1938 simuantroducite
1146 1857 1233 1895 me
1255 1842 1316 1896 in
1336 1840 1552 1895 domum
1580 1842 1833 1895 vini.Cur
1854 1845 1970 1893 tam
1997 1840 2095 1895 diu
2128 1872 2174 1938 Β
2208 1844 2313 1894 toto
2352 1840 2510 1895 corde
2574 1844 2685 1907 tuo,
2754 1847 2803 1895 et
2866 1856 2935 1894 ea:
2997 1842 3108 1894 tota
3174 1841 3349 1893 mente
3414 1842 3527 1903 tua,
3566 1841 3617 1892 et
3645 1853 3717 1892 ex
3738 1841 3855 1893 tota

443 1929 584 1985 foris
614 1928 873 1984 maneo?
924 1928 1062 1983 Ecce
1108 1933 1197 1983 sto
1249 1933 1382 1984 ante
1429 1928 1648 1984 ostium
1703 1934 1757 1984 et
1797 1927 1985 1999 pulso.
2034 1928 2093 1984 Si

442 2019 577 2091 quis
609 2017 750 2073 mihi
804 2018 1122 2089 aperuerit,
1158 2017 1455 2091 ingrediar
1484 2019 1551 2072 ad
1588 2035 1741 2081 cum,
1773 2022 1828 2072 et
1855 2017 2093 2074 ccenabo

440 2124 573 2162 cum
601 2123 689 2170 eo,
730 2110 787 2161 et
826 2106 950 2178 ipse
1014 2122 1264 2161 mecum.
1305 2106 1635 2161 Introducite
1666 2106 1952 2162 VII-24
1982 2123 2089 2161 me.

440 2195 509 2250 Et
539 2212 695 2251 nunc
725 2195 926 2249 eadem
962 2195 1105 2249 dicit
1151 2211 1343 2249 sermo
1375 2194 1629 2265 divinus,
1663 2211 1793 2250 ecce
1822 2194 2092 2250 Christus

438 2282 717 2356 loquitur,
744 2284 1091 2339 introducite
1115 2300 1223 2339 me.
1246 2283 1423 2338 Vobis
1456 2300 1687 2355 quoque
1713 2283 2091 2338 catechume-

439 2372 533 2427 nis
565 2373 858 2444 loquitur:
893 2373 1251 2428 lntroducite
1273 2389 1383 2427 me.
1410 2372 1781 2443 Introducite,
1810 2390 1921 2427 non
1946 2373 2089 2427 sim-

437 2460 663 2533 pliciter
694 2463 751 2517 in
801 2463 1067 2525 domum,
1112 2463 1213 2517 sed
1270 2463 1327 2516 in
1360 2462 1601 2516 domum
1632 2461 2092 2533 vini,impleatur

436 2549 571 2607 vino
604 2549 835 2621 laetitiae,
869 2550 1000 2605 vino
1030 2550 1283 2623 Spiritus
1323 2551 1511 2607 sancti
1560 2550 1756 2606 anima
1789 2555 2001 2620 vestra,
2033 2554 2090 2606 et

437 2638 888 2695 sicintroducite
902 2639 959 2693 in
977 2639 1214 2694 domum
1231 2646 1481 2694 vestram
1505 2639 2086 2711 sponsum,verbum,

439 2728 1344 2800 sapientiam,veritatem.Potest
1369 2733 1563 2784 autem
1583 2734 1639 2783 et
1653 2729 1720 2783 ad
1745 2745 1843 2784 eos
1861 2727 1970 2783 dici
1986 2728 2085 2799 qui

440 2816 699 2872 nondum
722 2816 958 2888 perfecti
982 2821 1120 2871 sunt
1141 2833 1152 2872 :
1171 2817 1502 2872 Introdueite
1524 2833 1609 2871 me
1632 2819 1691 2871 in
1709 2816 1925 2871 domum
1948 2818 2083 2870 viui.

508 2907 563 2960 8.
595 2904 758 2960 Vers.
794 2906 847 2960 4.
883 2906 1145 2961 Ordinate
1173 2907 1232 2959 in
1277 2923 1367 2960 me
1411 2907 1747 2961 charitatem.
1784 2906 2089 2976 Eleganter

439 2993 669 3049 locutus
696 2994 1081 3064 est,ordinale,
1109 2995 1494 3066 plurimorum
1514 2996 1730 3067 quippe
1756 2995 2088 3051 inordinata

438 3087 527 3139 est
554 3083 810 3139 charitas
842 3128 854 3152 ,
903 3085 1136 3155 quando
1185 3089 1341 3155 quod
1391 3084 1449 3138 in
1498 3085 1687 3155 primo
1723 3083 1844 3139 loco
1873 3085 2087 3140 debent

438 3172 698 3245 diligere,
722 3172 1053 3245 diliguntin
1086 3174 1341 3228 secundo
1368 3191 1380 3241 ;
1406 3174 1560 3246 quod
1592 3173 1648 3228 in
1682 3174 1958 3241 secundo,
1991 3174 2083 3229 di-

437 3237 630 3334 liguvnt
659 3237 716 3316 in
753 3237 979 3333 primo;
1014 3263 1245 3333 etquod
1276 3237 1500 3334 oportet
1530 3279 1726 3317 amare
1758 3262 1817 3317 in
1852 3237 2080 3334 quarto,
2113 3237 2155 3303 (ἶ

439 3354 642 3406 amant
672 3349 729 3404 in
760 3350 928 3406 tertio
960 3368 972 3405 :
1008 3355 1064 3406 et
1094 3368 1299 3405 rursus
1323 3352 1558 3407 tertium
1584 3350 1640 3407 in
1667 3356 1893 3424 quarto,
1919 3356 1976 3406 et
1997 3356 2087 3408 est

438 3438 499 3493 in
532 3437 827 3509 plerisque
856 3438 1158 3495 eharitatis
1188 3442 1329 3496 ordo
1379 3458 1701 3512 perversos.
1738 3441 2084 3497 Sanctorum

439 3543 573 3584 vero
602 3526 855 3583 charitas
885 3528 1155 3583 ordinata
1199 3534 1307 3584 est.
1361 3529 1501 3585 Volo
1535 3530 1604 3585 ad
1638 3528 2083 3601 intelligendum

438 3615 547 3672 hoc
577 3616 730 3687 quod
773 3615 995 3671 dictum
1060 3622 1185 3671 est:
1231 3618 1488 3673 Ordinate
1528 3620 1585 3673 in
1624 3633 1710 3672 me
1734 3617 2081 3688 charitatem,

438 3704 636 3777 aliqua
662 3704 926 3777 exempla
975 3704 1273 3777 replicare.
1330 3707 1408 3760 Te
1455 3706 1579 3761 vult
1627 3705 1861 3761 divinus
1892 3722 2084 3762 sermo

436 3793 677 3867 diligere
698 3798 942 3865 patrem,
969 3794 1178 3861 ﬁlium,
1206 3794 1406 3860 tiliam,
1426 3793 1550 3849 vult
1567 3800 1620 3849 te
1638 3810 1829 3850 sermo
1852 3794 2085 3852 divinus

435 3882 678 3955 diligere
698 3883 1017 3951 Christum,
1048 3900 1154 3939 nec
1184 3883 1327 3939 dicit
1353 3883 1482 3950 tibi,
1515 3900 1586 3938 ne
1617 3882 1827 3956 diligas
1848 3882 2084 3945 liberos.

437 3988 509 4027 ne
540 3972 879 4043 parentibus
910 3972 1191 4029 charitate
1241 3973 1532 4045 jungaris.
1594 3973 1703 4028 Sed
1764 3974 1903 4044 quid
1947 3972 2087 4029 dicit

437 4060 601 4115 tibi?
632 4074 705 4113 ne
736 4060 1125 4117 inordinatam
1186 4061 1401 4119 habeas
1461 4060 1823 4129 charitatem,
1864 4078 1935 4119 ne
1967 4062 2085 4134 pri-

438 4164 602 4203 mum
637 4154 860 4221 patrem
894 4154 995 4205 aut
1046 4155 1313 4221 matrem,
1366 4151 1575 4207 deinde
1628 4167 1718 4206 me
1749 4150 1979 4223 diligas,
2013 4168 2086 4208 ne

437 4235 542 4291 ﬁlii
577 4242 634 4293 et
664 4238 796 4294 ﬁlia:
850 4238 1162 4312 plusquam
1218 4239 1329 4296 mei
1363 4239 1646 4297 charitate
1675 4241 1945 4297 tenearis.
1980 4242 2088 4310 Qui

406 4330 585 4394 ,ατηαί
608 4331 826 4400 patrem
855 4337 950 4383 aut
978 4331 1203 4385 matrem
1246 4345 1410 4401 super
1438 4345 1542 4399 me,
1605 4346 1715 4385 non
1770 4334 1847 4386 est
1878 4347 1964 4385 me
2001 4330 2086 4385 di-

434 4432 596 4489 gnus.
632 4417 738 4485 Qui
768 4426 919 4473 amat
947 4418 1127 4488 ﬁlium
1165 4422 1265 4473 aut
1290 4418 1467 4489 ﬁliam
1513 4434 1677 4489 super
1704 4434 1810 4483 me,
1872 4434 1983 4473 non
2009 4426 2091 4476 est

436 4522 524 4562 me
559 4507 759 4579 dignus
787 4508 848 4561 θ’.
904 4507 1111 4562 Recole
1160 4507 1577 4562 conscientiam
1609 4511 1769 4561 tuam
1804 4506 1875 4561 de
1906 4506 2087 4577 patris

2204 1930 2393 1983 anima
2426 1936 2540 1994 tua,
2570 1936 2621 1983 et
2656 1944 2726 1983 ea:
2772 1936 2880 1984 tota
2948 1930 3151 1983 virtute
3194 1931 3289 1983 tua
3318 1927 3357 1981 ³.
3402 1927 3470 1981 Et
3498 1925 3694 1997 diliges
3719 1941 3854 1997 pro-

2202 2019 2607 2073 ximumluum
2647 2019 2791 2072 sicut
2830 2019 3060 2089 teipsum
3082 2018 3122 2071 ‘.
3193 2016 3317 2073 Non
3385 2016 3714 2088 proximum
3781 2032 3854 2075 ex

2202 2111 2323 2162 toto
2354 2106 2548 2173 corde,
2580 2123 2647 2161 ex
2677 2111 2797 2161 tota
2828 2105 3046 2174 anima,
3078 2110 3135 2160 et
3165 2122 3234 2160 ex
3281 2108 3402 2160 tota
3428 2103 3658 2168 virtute,
3690 2108 3751 2159 et
3781 2119 3854 2160 ex

2200 2199 2322 2251 tota
2352 2201 2565 2251 mente.
2622 2200 2866 2259 Rursus,
2909 2195 3137 2267 inquit:
3197 2194 3423 2263 Diligite
3471 2195 3723 2248 inimicos
3753 2208 3852 2250 vso

2198 2294 2339 2341 siros
2370 2286 2410 2353 ⁵,
2442 2290 2499 2340 et
2530 2302 2643 2340 non
2676 2284 2970 2356 apposuit,
3038 2300 3107 2339 ex
3151 2287 3270 2339 toto
3336 2282 3526 2338 corde.
3596 2282 3724 2338 Non
3755 2288 3854 2341 est

2200 2374 2567 2429 inordinatus
2599 2390 2791 2430 sermo
2840 2374 3096 2437 divinus.
3142 2389 3247 2428 nec
3279 2370 3667 2444 impossibilia
3696 2388 3849 2442 pra-

2198 2462 2358 2535 cipit,
2389 2480 2492 2518 nec
2524 2463 2684 2530 dicit,
2714 2461 2937 2533 diligite
2959 2460 3227 2517 inimicos
3256 2465 3475 2516 vestros
3497 2464 3560 2515 ut
3588 2466 3848 2517 vosmet—

2198 2553 2483 2625 ipsos,sed
2519 2556 2745 2607 tantum
2774 2569 2785 2606 :
2819 2552 3044 2623 Diligite
3073 2552 3321 2606 inimicos
3351 2554 3545 2606 vestros
3572 2567 3587 2617 ;
3618 2549 3849 2608 sufficit

2199 2642 2354 2714 quod
2386 2658 2481 2698 eos
2515 2640 2838 2713 diligimus,
2871 2646 2927 2696 ct
2983 2640 3115 2697 odio
3160 2657 3274 2695 non
3308 2640 3607 2696 habemus.
3639 2640 3847 2696 Proxi-

2199 2748 2361 2787 mum
2390 2747 2523 2786 vero
2556 2733 2620 2785 ut
2649 2729 2923 2801 teipsum.
2968 2734 3142 2785 Porro
3184 2729 3366 2784 Deum
3397 2745 3464 2784 ex
3494 2732 3610 2783 toto
3639 2729 3843 2795 corde,

2196 2825 2252 2877 et
2283 2838 2349 2875 ex
2381 2825 2503 2875 tota
2532 2819 2747 2884 anima,
2779 2824 2835 2874 et
2890 2836 2957 2874 ex
2988 2822 3111 2875 tota
3147 2823 3360 2885 mente,
3390 2821 3447 2873 et
3476 2835 3542 2872 ex
3570 2820 3696 2875 tota
3721 2818 3842 2874 vir-

2196 2909 2405 2965 tute.Si
2438 2908 2558 2963 haec
2590 2907 2961 2976 intellexeris,
3006 2911 3063 2963 et
3091 2906 3385 2963 intellecta
3435 2905 3839 2978 compleveris,

2197 2998 2378 3054 feeisti
2411 2998 2566 3069 quod
2601 2996 2801 3068 sponsi
2824 3012 3091 3053 sermone
3111 2995 3447 3068 praecipitur
3469 3011 3481 3049 :
3506 2994 3842 3053 Introdch

2194 3104 2279 3142 me
2330 3088 2390 3141 in
2420 3087 2637 3141 domum
2674 3088 2808 3153 vini,
2840 3086 3087 3141 ordinate
3116 3087 3175 3140 in
3203 3101 3289 3139 me
3317 3084 3661 3140 charitatem.
3697 3085 3840 3150 Quis

2195 3182 2367 3248 putas
2393 3192 2423 3231 e
2455 3175 2626 3230 nobis
2656 3173 2959 3230 charitatis
2998 3179 3088 3230 est
3152 3172 3475 3230 ordinatae?
3535 3171 3724 3244 (Vere.
3755 3174 3838 3245 5.)

2196 3266 2523 3336 Con/irmale
2561 3280 2647 3318 me
2678 3265 2735 3318 in
2766 3265 3080 3332 unguentis,
3131 3279 3286 3318 unus
3318 3262 3390 3318 de
3416 3262 3836 3334 interpretibus

2195 3354 2390 3427 posuit
2412 3351 2742 3407 οἰνανθίνων.
2768 3352 2896 3407 Hmc
2923 3357 3116 3408 autem
3141 3367 3356 3424 sponsa
3387 3349 3644 3424 loquitur
3669 3368 3685 3407 :
3721 3351 3836 3407 Sti-

2192 3451 2314 3513 pute
2345 3459 2429 3498 me
2458 3443 2515 3496 in
2546 3441 2728 3495 malis.
2785 3439 2847 3495 In
2896 3438 3110 3510 quibus
3159 3437 3375 3493 malis?
3424 3439 3485 3494 Ut
3532 3438 3744 3493 malum
3772 3440 3833 3493 is:

2195 3533 2361 3599 lignis
2397 3532 2567 3593 silvae,
2600 3531 2676 3584 ita
2724 3529 3009 3598 fratruelis
3058 3542 3208 3582 meus
3257 3528 3312 3581 in
3362 3526 3535 3582 medio
3564 3527 3832 3596 ﬁliorum.

2196 3621 2414 3675 Idcirco
2449 3621 2505 3674 in
2536 3619 2702 3673 malis
2766 3618 2882 3687 ejus
2947 3618 3146 3684 stipata
3192 3631 3295 3681 me,
3363 3617 3492 3687 quia
3532 3615 3838 3672 vulnerata

2193 3708 2506 3766 charitatis.
2541 3706 2846 3777 ego.0uam
2880 3703 3186 3777 pulchrum
3215 3708 3323 3771 est,
3356 3720 3529 3776 quam
3561 3704 3838 3761 decorum

2194 3816 2228 3853 a
2256 3796 2537 3852 charitate
2564 3794 2776 3850 vulnus
2808 3793 3087 3866 accipere.
3149 3791 3312 3847 Alius
3341 3790 3607 3862 jaculum
3640 3792 3836 3851 carnei

2195 3886 2412 3944 amoris
2440 3886 2683 3957 excepit,
2716 3884 2869 3939 alius
2925 3888 3154 3939 terreno
3201 3881 3470 3954 cupidine
3500 3881 3837 3940 vulneratus

2194 3981 2301 4043 est,
2336 3980 2394 4030 tu
2429 3974 2587 4029 nuda
2618 3974 2882 4029 membra
2935 3977 3055 4039 tua,
3090 3977 3143 4027 et
3194 3971 3381 4043 praebe
3413 3976 3467 4026 te
3491 3970 3691 4040 jaculo
3723 3972 3837 4029 for-

2195 4082 2358 4121 moso
2389 4063 2679 4136 siquidem
2737 4063 2891 4119 Deus
2950 4060 3286 4134 sagittarius
3342 4064 3447 4115 est.
3498 4060 3646 4115 Audi
3676 4060 3839 4116 Seri-

2196 4159 2426 4228 pturam
2460 4153 2531 4208 de
2581 4152 2690 4207 hoc
2740 4151 2942 4208 eodem
2982 4148 3183 4223 jaculo
3228 4149 3580 4221 loquentem,
3613 4149 3734 4205 imo
3772 4155 3837 4208 ut

2195 4242 2450 4315 amplius
2483 4241 2811 4308 admireris,
2862 4240 2996 4295 audi
3044 4240 3238 4311 ipsum
3280 4238 3541 4310 jaeulum
3570 4237 3715 4310 quid
3746 4238 3834 4295 lo-

2196 4336 2447 4405 quatur:
2482 4332 2673 4387 Posuit
2708 4346 2797 4385 me
2834 4330 2892 4385 in
2931 4329 3185 4398 sagittam
3243 4328 3483 4394 electam,
3523 4335 3574 4383 et
3610 4328 3670 4382 in
3692 4326 3836 4399 pha-

2195 4430 2342 4477 retra
2379 4437 2479 4477 sua
2516 4420 2751 4475 servavit
2789 4435 2875 4474 me
2936 4426 2986 4473 et
3045 4417 3193 4473 dixit
3229 4416 3371 4472 mihi
3392 4434 3410 4471 :
3461 4421 3721 4488 Magnum
3757 4421 3834 4473 est

2195 4511 2295 4567 tibi
2321 4512 2420 4566 hoc
2456 4510 2643 4566 vocari
2689 4524 2923 4580 puerum
2962 4524 3144 4562 meum
3170 4508 3210 4563 °.
3265 4504 3523 4578 Inlellige
3561 4506 3833 4579 sagittam

437 4596 711 4652 matrisve
736 4597 967 4663 affectu,
994 4602 1049 4651 et
1080 4595 1387 4651 considera
1416 4594 1649 4666 qualem
1684 4595 1836 4649 circa
1864 4611 2088 4651 sermo-
2118 4601 2164 4666 D
2195 4599 2334 4671 quid
2367 4599 2540 4664 dicat,
2572 4601 2627 4653 et
2689 4596 2981 4669 quomodo
3047 4612 3082 4651 a
3150 4597 3260 4652 Deo
3299 4595 3376 4650 sit
3410 4593 3606 4650 electa.
3647 4594 3832 4659 Quam

439 4700 572 4741 nem
605 4684 706 4741 Dei
737 4690 795 4741 et
820 4686 958 4741 Jesu
992 4685 1208 4740 habeas
1256 4683 1619 4747 charitatem,
1655 4681 1851 4738 statim
1885 4684 2085 4756 depre-

435 4773 658 4830 hendes
692 4774 878 4847 magis
920 4778 974 4828 te
1041 4772 1225 4827 filium
1267 4777 1369 4827 aut
1408 4770 1588 4827 filiam
1630 4770 1869 4843 diligere
1908 4790 2086 4845 quam

434 4863 712 4928 Verbum,
748 4863 937 4935 magis
964 4868 1016 4917 te
1043 4866 1310 4933 parentes
1332 4876 1529 4916 amare
1562 4876 1738 4931 quam
1765 4861 2083 4919 Christum.

432 4951 572 5016 Quis
604 4956 778 5023 putus
809 4952 890 5006 ita
923 4949 1145 5023 proficit
1204 4967 1271 5004 ex
1313 4949 1504 5008 nobis.
1552 4953 1612 5004 ut
1647 4951 1995 5022 praecipuam
2030 4957 2087 5008 et

433 5040 685 5111 primam
719 5040 871 5096 inter
900 5038 1099 5094 omnia
1142 5037 1431 5093 sermonis
1463 5038 1560 5093 Dei
1594 5039 1801 5094 habeat
1834 5040 2085 5097 charita-

434 5127 603 5183 tem?
648 5129 749 5199 qui
801 5129 859 5183 in
914 5128 1169 5182 secundo
1221 5125 1343 5181 loco
1400 5127 1611 5182 liberos
1657 5132 1884 5200 ponat?
1908 5130 2087 5185 Juxta

438 5217 591 5272 hunc
622 5219 863 5271 modum
931 5233 1064 5269 ama
1132 5233 1367 5270 uxorem
1438 5222 1619 5272 tuam.
1662 5219 1859 5273 Nullus
1889 5221 2085 5290 quippe

433 5303 735 5377 aliquando
772 5322 929 5360 suam
993 5321 1215 5360 carnem
1280 5305 1400 5359 odio
1442 5306 1649 5372 habuit,
1692 5309 1791 5361 sed
1823 5312 1982 5362 amat
2021 5312 2085 5362 ut

433 5407 709 5450 carnem:
745 5395 809 5449 Et
839 5396 1017 5464 erunt,
1087 5393 1297 5466 inquit,
1338 5394 1443 5450 duo
1484 5398 1539 5451 in
1603 5412 1768 5451 carne
1809 5412 1918 5451 una
1952 5396 1990 5463 ¹,
2025 5400 2083 5451 et

504 5517 548 5553 9°
578 5515 784 5574 Matth.
818 5535 876 5585 x,
902 5518 991 5575 37.

434 5590 455 5624 ⁸
490 5590 599 5645 Isa.
634 5606 781 5659 XLIX,
815 5593 866 5659 2,
900 5593 954 5650 ϐ.
1032 5592 1050 5626 ⁷
1082 5590 1215 5647 Luc.
1249 5608 1398 5659 xxxv,
1437 5592 1524 5647 32.

505 5712 617 5801 (2t)
655 5714 947 5777 Proxima.
980 5717 1170 5775 Codex
1202 5715 1451 5785 Belvac.,
1479 5708 1762 5795 plurimae.

2198 4689 2434 4743 beatum
2466 4692 2555 4743 est
2586 4686 2693 4742 hoc
2720 4685 2917 4757 jaculo
2971 4684 3279 4741 vulnerari.
3331 4684 3444 4741 llac
3474 4684 3685 4756 sagitta
3713 4683 3835 4740 vul-

2197 4776 2379 4831 nerati
2412 4776 2651 4831 fuerunt
2678 4774 2759 4830 illi
2784 4774 2882 4846 qui
2908 4775 3059 4830 inter
3080 4790 3141 4829 se
3163 4773 3407 4828 invicem
3430 4772 3830 4828 conferebant:

2195 4866 2383 4921 Nonne
2409 4871 2774 4920 eor-nostrum
2805 4863 2999 4918 ardens
3026 4870 3145 4919 erat
3194 4863 3255 4919 in
3306 4863 3395 4917 via
3453 4878 3573 4917 cum
3600 4863 3835 4932 aperiret

2193 4953 2357 5009 nobis
2387 4953 2702 5025 Scripturas
2723 4953 2743 4986 ⁷
2765 4956 2789 5005 .9
2818 4951 2874 5008 Si
2909 4952 3043 5023 quis
3086 4967 3353 5006 sermone
3376 4955 3591 5015 nostro,
3623 4949 3670 5004 si
3705 4950 3833 5023 quis

2195 5041 2505 5113 Scripturae
2538 5042 2742 5097 divinae
2776 5041 3110 5112 magisterio
3162 5040 3515 5103 vulneratur,
3558 5042 3613 5093 et
3643 5042 3830 5111 potest

2195 5131 2382 5185 dicere
2415 5131 2553 5203 quia
2582 5129 2893 5188 vulnerata:
2918 5128 3220 5185 charitatis
3251 5144 3377 5200 ego,
3417 5127 3571 5182 hunc
3599 5132 3657 5182 et
3686 5126 3823 5184 illud

2197 5219 2436 5275 forsitan
2470 5220 2761 5291 sequitur,
2794 5218 2933 5291 quid
2985 5218 3223 5273 forsitan
3255 5218 3384 5272 dico
3407 5216 3435 5270 ‘l
3466 5215 3826 5273 manifestam

2194 5325 2397 5380 promo
2429 5309 2801 5364 sententiam.

2260 5397 2313 5451 9.
2351 5396 2511 5454 Vere.
2544 5397 2840 5454 6.8inistra
2870 5398 2986 5469 ejus
3014 5399 3114 5452 sub
3162 5398 3338 5469 capite
3356 5411 3491 5461 meo,
3522 5405 3573 5453 et
3610 5395 3828 5454 dextera

1071 5520 1097 5593 ¹γ
1119 5520 1327 5592 Ephes.
1360 5536 1413 5587 v,
1445 5521 1536 5593 29,
1558 5520 1648 5575 31.
1727 5522 1747 5553 ²
1776 5520 1902 5575 Cor.
1934 5536 2009 5589 VI,
2053 5520 2089 5577 1¹

2199 5524 2203 5551 ’
2237 5525 2397 5578 Deut.
2430 5538 2507 5593 v1,
2536 5522 2591 5577 5.
2671 5522 2691 5556 ⁴
2732 5521 2935 5577 Matth.
3001 5537 3139 5588 χχιι,
3172 5521 3261 5577 39.
3338 5522 3357 5557 ⁵
3390 5520 3593 5577 Matth.
3669 5537 3721 5576 ν.
3766 5521 3831 5579 44
