3996 6390
160 388 235 457 Μ
245 390 324 461 98

1048 395 1548 460 TRANSLATIO
1598 393 1867 460 HOMIL.
1913 396 2231 461 ORIGEN.
2276 400 2353 460 IN
2400 402 2704 463 CANTIC.

3412 407 3570 471 1194

168 521 329 579 illius
357 521 770 593 amplexabitur
796 541 901 580 me.
939 526 1121 581 Habet
1177 531 1232 581 et
1265 527 1321 582 in
1374 527 1611 585 sinistra
1652 533 1709 585 et
1754 529 1811 584 in
1843 530 1896 597 Α
1926 546 2157 600 sponsae
2190 532 2448 586 animam
2480 532 2709 588 beatam
2767 539 2940 605 atque
2970 536 3285 606 perfectam
3325 554 3453 609 quas
3484 538 3565 593 οἱ-

166 611 402 665 dextera
421 627 610 667 sermo
640 612 740 666 Dei
772 613 1143 683 sapientiam,
1174 631 1301 686 qua:
1334 632 1466 671 cum
1500 634 1601 689 pro
1646 617 1809 672 intel-

165 699 351 754 lectus
380 699 657 755 varietate
674 699 750 754 sit
772 700 1163 772 multiplex,in
1196 704 1521 774 suhjacenti
1556 722 1674 762 una
1703 710 1809 760 est.

166 789 294 858 Ipse
326 786 592 842 Salomon
628 788 697 843 de
728 788 867 844 lieva
892 795 948 843 et
979 790 1213 845 dextera
1261 793 1563 863 sapientiae
1617 794 1814 849 docuit

163 877 402 933 dicens:
437 877 737 945 Longitudo
783 881 954 947 enim,
1014 888 1066 934 et
1111 883 1247 935 mmt'
1301 884 1429 937 vita:
1477 884 1533 936 in
1588 882 1811 938 dextera

163 968 301 1038 ejus,
337 967 401 1029 in,
446 968 679 1051 sinistrg
732 972 915 1022 autem
972 970 1141 1038 ipsius
1180 970 1395 1027 divitia:
1457 976 1509 1027 ct
1564 974 1739 1043 gloria
1769 972 1808 1027 ⁸.

167 1056 347 1125 Igitur
375 1054 514 1108 laeva
544 1056 672 1125 ejus
704 1057 812 1109 sub
836 1056 1020 1126 capite
1066 1074 1215 1125 meo,
1270 1063 1331 1113 ut
1364 1060 1535 1116 faciat
1582 1061 1811 1132 requie-

166 1160 351 1210 scere,
376 1150 431 1197 et
464 1144 765 1199 brachium
798 1145 999 1215 sponsi
1037 1148 1138 1201 tiat
1182 1148 1423 1202 cervical
1484 1165 1699 1214 meum,
1754 1155 1811 1205 et

161 1233 478 1289 reclinetur
508 1234 714 1287 animae
750 1233 1069 1306 principale
1101 1252 1278 1307 super
1326 1253 1651 1293 sermonem
1690 1239 1807 1294 Dei.

159 1324 322 1380 Laeva
342 1323 458 1391 ejus
487 1322 583 1377 sub
621 1327 799 1393 capite
828 1339 964 1378 meo.
999 1324 1123 1379 Non
1171 1326 1401 1396 expedit
1448 1327 1549 1381 tibi
1600 1327 1810 1383 habere

165 1411 471 1479 cervicalia
501 1428 627 1482 qua:
660 1410 1000 1467 lamentatio
1052 1418 1350 1484 sequatur.
1404 1414 1466 1469 ln
1516 1415 1809 1471 Ezechiele

162 1501 447 1571 scriptum
479 1505 567 1554 est
599 1517 611 1555 :
649 1500 729 1555 Vae
770 1502 840 1555 iis
887 1518 1006 1571 qum
1061 1507 1331 1563 mnsuunt
1382 1506 1674 1558 cervicalia
1711 1505 1809 1560 sub

161 1591 315 1647 omni
356 1589 543 1646 cubitu
590 1591 848 1644 manus”.
916 1590 1041 1645 Noli
1116 1606 1396 1648 censuere
1483 1593 1806 1661 cervicalia,

163 1679 281 1736 noli
314 1678 482 1750 capiti
514 1678 749 1734 aliunde
783 1680 1041 1750 requiem
1074 1697 1350 1750 quaerere,
1408 1682 1554 1737 habe
1607 1683 1807 1753 sponsi

166 1768 375 1823 laevam
399 1768 507 1821 sub
526 1768 714 1838 capite
746 1773 865 1833 tuo,
908 1774 963 1823 et
1019 1769 1146 1823 dic:
1182 1774 1346 1825 Laeva
1400 1772 1515 1840 ejus
1572 1772 1669 1825 sub
1717 1788 1809 1826 ca-

1922 619 2040 673 tius
2072 620 2278 685 videat,
2307 622 2479 675 citius
2520 623 2809 678 sermonis
2873 624 3296 695 contempletur
3351 627 3566 683 adven-

1923 711 2063 775 tum,
2093 725 2221 780 qua:
2245 709 2353 763 sibi
2379 709 2723 781 sapientiam
2747 713 2973 766 venisse
3008 711 3240 782 sentiat,
3290 720 3347 768 et
3376 715 3564 771 chari-

1921 799 2124 860 tatem,
2186 801 2242 852 et
2293 798 2449 853 dicat
2504 816 2619 853 non
2675 800 3211 856 videntibuszEcce
3264 803 3354 859 hic
3400 807 3563 860 venit.

1921 885 2092 940 Orate
2126 892 2188 940 ut
2225 890 2282 941 et
2319 903 2424 958 ego
2466 888 2684 959 possim
2726 889 2958 946 dicere:
3001 891 3129 945 Ecce
3176 890 3266 946 hic
3292 895 3458 947 venit.
3503 894 3565 949 Si

1920 973 2075 1028 enim
2118 978 2359 1045 potuero
2380 975 2478 1031 Dei
2502 976 2783 1033 disserere
2806 994 3105 1035 sermones
3135 980 3567 1050 quodammodo

1920 1066 1977 1117 et
2006 1078 2111 1134 ego
2150 1064 2342 1120 dicam
2368 1077 2381 1118 :
2422 1067 2552 1121 Ecce
2581 1068 2671 1121 hic
2696 1068 2858 1122 venit.
2888 1068 3010 1131 Quo
3029 1067 3056 1122 ‘2
3086 1068 3208 1123 Non
3238 1068 3436 1140 utique
3467 1070 3568 1125 ubi

1919 1150 2109 1218 vallis,
2154 1169 2267 1207 non
2312 1152 2407 1207 ubi
2453 1152 2699 1208 humilia
2751 1154 2895 1211 loca.
2941 1158 3063 1220 Quo
3102 1157 3315 1213 venit?
3356 1158 3569 1214 Salieus

1917 1255 2080 1310 super
2107 1249 2330 1306 montes,
2346 1243 2665 1297 transiliens
2691 1259 2857 1314 super
2883 1242 3068 1299 colles.
3093 1244 3150 1299 Si
3179 1244 3356 1300 fueris
3376 1262 3567 1315 mons,

1920 1327 2053 1383 salit
2083 1327 2141 1381 in
2182 1333 2236 1383 te
2275 1346 2466 1384 sermo
2508 1331 2624 1385 l)ei.
2650 1332 2706 1386 Si
2762 1349 2870 1387 non
2912 1331 3167 1388 valueris
3207 1350 3334 1389 esse
3375 1352 3567 1403 mons,

1921 1417 2019 1470 sed
2060 1416 2237 1471 fueris
2259 1417 2443 1481 collis,
2468 1421 2762 1474 secundus
2782 1438 2815 1474 a
2835 1426 3054 1490 monte,
3082 1422 3371 1478 transiliet
3391 1441 3570 1497 super

1924 1509 1996 1559 te.
2057 1506 2239 1569 Quam
2274 1523 2405 1561 vero
2437 1506 2683 1577 pulchra
2705 1513 2760 1563 et
2780 1510 3180 1565 convenientia
3203 1511 3377 1567 rebus
3398 1529 3565 1570 voca-

1923 1591 2097 1648 bula!
2159 1592 2306 1649 Salit
2363 1611 2541 1667 super
2597 1602 2843 1663 montes,
2909 1597 3045 1669 quia
3086 1601 3337 1671 majores
3386 1608 3561 1661 sunt:

1918 1680 2176 1737 transilit
2227 1699 2405 1753 super
2461 1683 2657 1751 colles,
2718 1686 2857 1757 quia
2914 1687 3171 1742 minores
3224 1693 3380 1743 sunt.
3440 1690 3565 1747 Non

1918 1770 2175 1826 transilit
2206 1787 2384 1841 super
2408 1776 2656 1842 montes,
2694 1789 2807 1829 non
2840 1774 2976 1829 salit
3006 1792 3181 1846 super
3204 1776 3402 1832 colles.
3436 1780 3567 1834 Ecce

159 1859 273 1928 pile
300 1873 456 1922 meo;
494 1873 671 1928 quam
694 1873 826 1911 cum
856 1857 1356 1924 habueris,omnia
1372 1859 1477 1914 tibi
1512 1876 1639 1930 quae
1672 1864 1811 1916 sunt
1840 1893 1887 1959 Β
1920 1860 2011 1915 hic
2054 1862 2203 1915 venit
2266 1862 2475 1915 saliens
2529 1878 2694 1932 super
2761 1867 2987 1927 montes,
3042 1866 3362 1920 transiliens
3406 1883 3569 1939 super

160 1947 218 2000 in
256 1945 397 2000 laeva
428 1945 946 2001 tribuuntur.Dicis
969 1946 1186 2018 quippe
1221 1964 1233 2002 :
1268 1949 1329 2002 In
1350 1950 1577 2004 sinistra
1606 1949 1811 2019 ejusdi-

159 2038 311 2103 vitae
338 2039 390 2090 et
418 2036 619 2104 gloria,
648 2043 699 2089 et
719 2035 940 2090 dextera
962 2038 1075 2107 ejus
1094 2037 1501 2107 amplewabitur
1522 2037 1799 2094 525-27

159 2141 262 2179 me.
300 2126 516 2180 Totum
547 2128 603 2179 te
632 2124 832 2196 sponsi
883 2124 1119 2180 dextera
1174 2125 1609 2197 complectatur.
1662 2127 1807 2181 Lon-

160 2214 362 2285 gitudo
396 2214 612 2286 quippe
642 2218 697 2267 et
728 2212 865 2268 anni
890 2212 1018 2268 vitae
1050 2213 1110 2268 in
1136 2214 1368 2270 dextera
1389 2216 1544 2285 ejus:
1572 2218 1627 2271 et
1646 2216 1718 2271 ob
1749 2216 1805 2271 id

161 2304 509 2375 longaevitati,
534 2308 591 2358 et
620 2301 941 2357 multorum
963 2302 1191 2357 dierum
1223 2303 1339 2358 eris
1369 2319 1545 2375 super
1595 2309 1807 2363 terram

158 2393 369 2447 bonam
397 2407 573 2463 quam
606 2390 889 2446 Dominus
912 2391 1065 2445 Deus
1095 2395 1232 2447 tuus
1257 2392 1356 2448 dat
1383 2392 1507 2448 tibi.
1534 2392 1812 2463 Adjuravi

160 2497 271 2543 vos.
302 2482 442 2552 ﬁliae
464 2480 818 2546 Hiemsalem,
874 2481 935 2533 in
978 2481 1286 2547 virtutibus,
1334 2484 1387 2536 et
1425 2482 1635 2537 viribus
1662 2484 1806 2553 agri.

161 2571 304 2635 Quid
340 2570 573 2639 adjurat
598 2585 816 2640 sponsa
847 2567 997 2623 filias
1028 2568 1391 2624 Hierusalem
1422 2570 1449 2623 ‘I
1488 2570 1548 2625 Si
1597 2571 1809 2626 levave-

157 2660 304 2723 ritis,
336 2660 387 2714 et
415 2659 805 2713 suseitaveritis
842 2658 1183 2713 charitatem.
1245 2658 1513 2723 Quandiu
1554 2658 1810 2715 Charitas

158 2748 375 2803 dormit
408 2747 465 2802 in
500 2745 684 2810 vobis,
717 2762 750 2800 o
782 2745 911 2799 tiliae
944 2745 1375 2815 Hierusalem,o
1406 2746 1807 2804 adolescentu-

154 2835 242 2903 lze,
276 2852 405 2907 quae
438 2834 495 2889 in
528 2851 620 2889 me
663 2850 776 2889 non
836 2833 1070 2899 dormit,
1122 2832 1259 2906 quia
1314 2835 1616 2891 vulnerata
1674 2853 1804 2892 sum

155 2924 439 2979 charitate
461 2923 488 2978 ?
524 2924 581 2979 in
608 2922 775 2978 vobis
798 2926 992 2977 autem
1024 2939 1151 2995 quae
1175 2922 1370 2996 plures
1392 2924 1556 2994 estis,
1590 2929 1647 2980 et
1675 2927 1808 2981 ado-

152 3011 511 3076 lescentulis,
563 3016 621 3066 et
659 3010 789 3064 ﬁlia:
834 3011 1219 3077 Hierusalem,
1278 3012 1496 3068 dormit
1549 3013 1807 3070 charitas

152 3104 369 3173 sponsi.
398 3100 681 3171 Adjuravi
704 3116 840 3171 ergo
861 3116 982 3167 vos,
1018 3100 1148 3154 ﬁliae
1186 3101 1566 3166 Hierusalem,
1621 3102 1671 3158 si
1720 3102 1803 3158 le-

148 3191 518 3255 vaveritis,et
535 3207 652 3245 non
684 3188 872 3244 solum
913 3188 1261 3261 lcvaveritis,
1295 3190 1393 3245 sed
1449 3196 1506 3245 et
1553 3191 1798 3246 suscita-

1915 1949 2094 2007 colles.

1990 2038 2079 2092 41.
2113 2037 2278 2093 Vers.
2323 2042 2381 2096 9.
2442 2040 2654 2095 Similis
2700 2045 2779 2096 est
2819 2043 3108 2113 fratruelis
3151 2060 3306 2100 meus
3334 2061 3565 2115 capreae,

1919 2136 2015 2181 aut
2037 2127 2271 2184 hinnulo
2299 2144 2581 2184 cervorum
2622 2132 2683 2185 in
2729 2132 3005 2186 montibus
3056 2134 3258 2188 Bethel.
3297 2135 3423 2189 Haec
3451 2136 3567 2192 duo

1919 2214 2198 2275 animalia
2225 2214 2282 2271 in
2318 2216 2635 2288 Scripturis
2675 2218 3037 2289 frequentius
3070 2221 3567 2290 nominantur;et

1920 2320 2036 2375 quo
2067 2303 2323 2375 amplius
2355 2304 2686 2373 admireris,
2721 2306 3168 2378 smpiusjuncta
3224 2314 3559 2379 ponuntur.

1919 2394 1982 2447 Et
2010 2392 2123 2446 ha'c
2150 2396 2298 2459 sunt,
2332 2393 2433 2463 ait,
2466 2409 2587 2463 qua:
2610 2394 2966 2450 mandueabis
2990 2397 3049 2463 νο,
3097 2402 3228 2467 post
3258 2397 3562 2469 paululum

1918 2480 2176 2536 inferens
2207 2496 2476 2551 capream
2510 2486 2568 2538 et
2612 2498 2867 2538 cervum.
2924 2485 2983 2538 ιιι
3038 2486 3305 2555 prwsenti
3331 2502 3564 2558 quoque

1919 2569 2069 2624 libro
2100 2568 2316 2641 pariter
2345 2570 2684 2626 nominatur
2711 2588 2913 2629 cervus
2946 2578 3000 2626 et
3022 2590 3247 2644 caprea.
3276 2575 3565 2638 Quodam-

1921 2659 2092 2713 modo
2124 2658 2281 2713 enim
2312 2664 2561 2729 cognata
2588 2659 2699 2714 sibi
2729 2664 2889 2727 sunt,
2920 2666 2977 2716 et
3002 2661 3190 2717 vicina
3213 2663 3323 2718 ista
3338 2663 3563 2721 anima-

1919 2746 2017 2802 lia.
2049 2748 2289 2819 Caprea.
2322 2747 2376 2801 id
2411 2751 2501 2802 est
2532 2748 2758 2815 dorcas,
2792 2746 3132 2805 acutissime
3154 2751 3330 2807 videt.
3352 2757 3565 2809 Cervus
3664 2814 3675 2821 ,

1917 2836 2251 2891 interfector
2281 2840 2618 2907 serpentum
2650 2841 2757 2892 est.
2790 2838 2930 2901 Quis
2961 2844 3132 2909 putas
3164 2845 3252 2895 est
3289 2840 3506 2912 dignus
3534 2858 3565 2903 e

1921 2925 2108 2993 nobis,
2151 2924 2251 2995 qui
2297 2926 2466 2995 juxta
2525 2925 2869 2998 dignitatem
2931 2927 3038 2984 loci
3080 2933 3255 2999 atque
3303 2930 3564 3001 mysterii

1918 3014 2148 3086 plenam
2184 3014 2371 3085 possit
2400 3014 2687 3086 explicare
2717 3016 3001 3072 rationem
3021 3016 3048 3071 ?
3094 3017 3341 3075 Oremus
3368 3018 3563 3074 Domi-

1917 3119 2082 3171 num,
2124 3107 2191 3156 ut
2247 3102 2415 3158 nobis
2473 3102 2758 3175 largiatur
2813 3119 3053 3160 sensum
3095 3106 3165 3160 ad
3215 3106 3562 3177 aperiendas

1917 3188 2270 3260 Scripturas,
2312 3194 2370 3243 et
2409 3189 2705 3260 possimus
2735 3191 2964 3249 dicere:
2997 3193 3297 3256 Quomodo
3328 3194 3561 3265 aperuit

149 3280 367 3346 veritis,
403 3296 528 3352 quae
557 3277 617 3333 in
647 3277 812 3333 vobis
835 3282 942 3343 est,
977 3277 1340 3334 charitatem.
1374 3281 1607 3334 Creator
1662 3278 1795 3335 uni-
1829 3260 1872 3326 Ο
1912 3277 2079 3332 nobis
2136 3277 2310 3333 Jesus
2350 3277 2681 3348 Scripturas
2729 3279 2789 3332 ³⁵.
2834 3280 2981 3344 Quid
3031 3279 3256 3351 igitur?
3294 3260 3550 3338 dicimus

146 3368 584 3424 versitatiscum
611 3384 713 3423 vos
772 3366 1065 3437 conderet,
1110 3366 1359 3422 inseruit
1416 3367 1473 3421 in
1523 3367 1795 3423 cordibus

145 3458 350 3515 vestris
384 3457 612 3512 semina
640 3456 961 3511 charitatis.
995 3455 1159 3510 Nunc
1190 3460 1406 3525 autem,
1450 3456 1601 3512 sicut
1658 3456 1794 3512 aﬂbi

147 3547 359 3602 dicitur
385 3564 399 3600 :
424 3546 667 3602 Justitia
695 3543 956 3600 dormivit
986 3546 1046 3597 in
1066 3559 1130 3598 ea
1161 3545 1222 3614 ¹⁰,
1257 3544 1340 3599 δίο
1398 3544 1628 3600 dilectio
1658 3545 1795 3599 dor-

149 3636 311 3692 mitat
343 3637 403 3691 in
427 3634 593 3690 vobis
617 3633 818 3703 ;juxta
838 3634 991 3704 quod
1038 3639 1091 3688 et
1114 3633 1247 3689 alibi
1280 3633 1529 3689 dicitur:
1560 3634 1797 3703 Sponsus

148 3727 409 3795 requievit
426 3733 487 3778 ut
533 3724 636 3789 leo,
684 3725 733 3777 et
780 3726 841 3776 ut
898 3723 1107 3777 catulus
1147 3723 1318 3777 leonis
1368 3724 1431 3777 “.
1478 3722 1683 3778 Adhuc
1742 3723 1797 3778 in

151 3813 506 3880 infidelibus,
534 3810 670 3867 etin
703 3810 794 3865 his
816 3810 914 3881 qui
943 3812 1113 3865 corde
1143 3816 1285 3866 sunt
1314 3811 1492 3867 dubio
1523 3812 1803 3868 dormitat

152 3919 345 3958 sermo
382 3901 640 3964 divinus,
671 3899 877 3971 vigilat
902 3899 960 3954 in
995 3900 1213 3955 sanctis
1246 3917 1260 3967 ;
1295 3900 1646 3957 dermitatin
1706 3901 1800 3957 his

154 3992 250 4065 qui
284 3988 738 4062 tempestatibus
761 3987 1065 4055 ﬂuctuant,
1089 3988 1407 4044 suscitatur
1434 4006 1565 4045 vero
1597 4006 1798 4045 eorum

152 4081 400 4135 vocibus
420 4078 519 4151 qui
554 4077 800 4149 cupiunt
829 4076 1105 4148 vigilante
1127 4094 1341 4148 sponso
1380 4077 1611 4134 salvari.
1671 4082 1797 4134 Sta-

154 4170 261 4225 tim
294 4170 359 4225 ιιι
402 4184 469 4223 eo
505 4166 777 4239 vigilante
808 4165 1224 4237 tranquillitas,
1256 4166 1452 4221 statim
1507 4164 1799 4222 undarum

159 4258 337 4315 moles
365 4256 814 4328 conquiescunt,
845 4254 1148 4326 spiritibus
1210 4254 1515 4310 contrariis
1567 4271 1800 4311 concre-

156 4353 346 4419 patur,
374 4347 663 4403 ﬂuctuum
695 4342 884 4399 rabies
906 4342 1073 4398 silet:
1107 4342 1207 4399 illo
1237 4344 1561 4400 dormiente
1583 4348 1801 4417 tempe-

158 4442 299 4502 stas,
331 4452 514 4501 mors,
547 4438 605 4488 et
680 4433 1006 4503 desperatio
1038 4438 1146 4487 est.
1171 4435 1233 4497 ι’,
1265 4433 1466 4503 Adjuro
1529 4449 1665 4504 ergo
1713 4450 1803 4489 vos

158 4526 283 4595 ﬁliae
306 4522 672 4592 Hierusalem,
694 4524 755 4575 in
792 4522 1087 4577 virtutibus
1133 4527 1183 4577 et
1238 4524 1299 4577 in
1372 4523 1581 4577 viribus
1653 4524 1800 4593 agri.

1906 3366 2046 3437 quia
2075 3366 2301 3430 dorcas,
2338 3365 2444 3420 hoc
2474 3372 2562 3422 est
2591 3383 2800 3439 caprea
2830 3369 3153 3423 secundum
3177 3386 3377 3425 eorum
3412 3370 3549 3443 phy-

1904 3453 2209 3527 siologiam
2232 3454 2332 3525 qui
2357 3454 2428 3510 de
2451 3456 2675 3511 naturis
2703 3457 2966 3512 omnium
2986 3458 3330 3513 animalium
3352 3458 3552 3532 dispu-

1904 3548 2051 3607 tant,
2086 3561 2153 3599 ex
2185 3541 2361 3598 insita
2408 3542 2517 3599 sibi
2551 3543 2603 3600 vi
2631 3560 2838 3601 nomen
2860 3546 3169 3618 acceperit.
3200 3548 3286 3602 Ab
3306 3564 3373 3604 eo
3394 3548 3552 3605 enim

1907 3632 2061 3705 quod
2094 3632 2325 3688 acutius
2355 3633 2566 3700 videat,
2596 3633 2652 3688 id
2684 3638 2775 3689 est
2828 3634 2973 3708 παρᾶ
2999 3634 3061 3686 τὸ
3123 3632 3288 3703 ὀξέως
3318 3631 3550 3709 δέρκειν,

1910 3722 2119 3777 dorcas
2148 3720 2441 3793 appellata
2464 3726 2573 3777 est.
2607 3726 2818 3778 Cervus
2838 3739 2972 3778 vero
2994 3729 3331 3794 serpentum
3355 3724 3554 3780 inimi-

1913 3828 2019 3867 cus
2048 3828 2115 3866 ac
2155 3810 2479 3866 debellator
2507 3816 2614 3879 est,
2642 3811 2723 3867 ita
2753 3811 3041 3883 utspiritu
3085 3812 3313 3867 narium
3336 3829 3436 3868 eos
3465 3830 3557 3868 ex-

1908 3900 2104 3955 trahat
2133 3900 2203 3955 de
2235 3900 2517 3965 cavernis,
2559 3904 2615 3954 et
2643 3904 2916 3971 superata
2946 3900 3199 3971 pernicie
3234 3901 3433 3963 veneni
3465 3917 3556 3957 co-

1912 4006 2042 4044 rum
2076 3987 2287 4061 pabulo
2354 3988 2691 4044 delectetur.
2733 3988 2995 4044 Forsitan
3063 3988 3325 4045 Salvator
3389 4007 3559 4047 meus

1911 4093 2117 4149 caprea
2150 4075 2404 4145 titjuxta
2434 4073 2683 4149 θεωρίαν,
2725 4092 2927 4132 cervus
2950 4078 3119 4147 juxta
3165 4094 3358 4150 opera.
3394 4081 3558 4145 Quaa-

1912 4183 2047 4221 nam
2085 4165 2191 4219 ista
2225 4170 2363 4219 sunt
2385 4163 2598 4236 opera?
2628 4164 2905 4220 lntcrlicit
2929 4164 3054 4238 ipse
3083 4171 3402 4240 serpentes,
3424 4184 3558 4223 con-

1914 4253 2120 4311 trarias
2152 4252 2522 4308 fortitudines
2543 4254 2800 4326 jugulat,
2833 4254 2961 4309 ideo
2992 4254 3180 4310 dicam
3214 4255 3303 4313 ei:
3336 4257 3409 4310 Tu
3430 4272 3565 4312 con~

1909 4344 2114 4398 trivisti
2141 4344 2323 4413 capita
2363 4341 2660 4398 draconum
2701 4359 2865 4415 super
2920 4361 3109 4417 aquas,
3158 4353 3213 4399 tu
3252 4346 3561 4401 contrivisti

1911 4440 2071 4504 caput
2101 4432 2354 4487 draconis
2375 4434 2435 4486 ιδ.

1989 4524 2074 4577 13.
2109 4522 2322 4576 Similis
2347 4525 2423 4575 est
2453 4522 2741 4592 fratruelis
2771 4539 2925 4579 meus
2952 4538 3181 4595 capreae,
3208 4524 3289 4577 vel
3328 4522 3559 4577 hinnulo

159 4614 335 4684 Cujus
366 4611 492 4685 agri
524 4610 552 4666 ?
582 4611 801 4683 Nempe
832 4610 992 4665 illius
1022 4611 1146 4683 agri
1164 4610 1338 4682 pleni,
1364 4628 1540 4682 quem
1573 4612 1803 4667 benedi-
1833 4626 1879 4690 Ι)
1909 4627 2193 4668 cervorum
2235 4626 2397 4681 super
2435 4619 2638 4667 montes
2682 4611 2872 4668 domus
2917 4613 3013 4667 Dei
3048 4629 3067 4665 :
3099 4610 3293 4668 Betelh
3342 4611 3560 4683 quippe

158 4702 239 4757 xit
270 4702 550 4759 Dominus
575 4702 638 4757 ¹³.

228 4793 316 4857 10,
348 4792 515 4861 Vers.
549 4792 607 4858 7,
628 4792 684 4845 8.
718 4788 777 4844 Si
808 4790 1122 4844 levaverttis
1150 4797 1201 4844 et
1254 4791 1651 4845 suscitaveritis
1676 4790 1803 4845 cha-

160 4883 401 4947 ritatem,
436 4879 613 4951 quoad
652 4894 819 4949 usque
850 4878 978 4934 velit
1015 4894 1121 4932 von:
1146 4880 1436 4947 fratruelis
1490 4881 1621 4934 mei.
1677 4880 1806 4934 Ecce

160 4970 247 5037 lgie
276 4974 425 5026 venit
451 4970 660 5025 saliens
690 4984 853 5039 super
879 4971 1107 5022 montes.
1141 4967 1271 5022 Haec
1310 4967 1501 5023 adhuc
1549 4967 1808 5039 loquitur

162 5059 438 5126 Ecclesia,
471 5057 787 5113 exhortans
818 5054 1303 5125 adolescentulus,
1360 5061 1423 5110 ut
1478 5057 1549 5111 ad
1608 5056 1809 5128 sponsi

162 5152 559 5220 prazparentur
588 5147 940 5212 adventum;
973 5144 1022 5198 si
1071 5150 1264 5199 tamen
1313 5144 1506 5200 venire
1562 5144 1811 5200 voluerit

165 5244 219 5297 et
247 5253 421 5292 suum
440 5236 558 5292 illis
590 5235 842 5305 praebere
865 5233 1243 5305 colloquium.
1277 5232 1481 5288 Adhuc
1513 5232 1690 5305 igitur
1722 5232 1808 5288 lo—

164 5331 374 5395 quente
395 5342 482 5393 ea,
516 5324 675 5380 venit
703 5339 978 5395 sponsus,
1004 5339 1175 5394 quem
1208 5321 1389 5395 digito
1422 5326 1729 5385 monstrat,
1753 5326 1811 5377 et

171 5412 338 5469 dicit:
362 5417 492 5471 Ecce
521 5416 609 5468 hic
640 5415 786 5468 venit
816 5413 1017 5467 saliens
1046 5427 1211 5482 super
1266 5419 1487 5466 montes.
1556 5411 1811 5482 lntellige

234 5646 448 5703 8Prov.
520 5664 604 5715 ιιι,
671 5646 758 5701 16.
836 5643 1086 5701 9Ezech.
1130 5661 1253 5712 xm,
1325 5643 1413 5700 48.
1493 5644 1536 5678 ¹⁰
1609 5644 1789 5714 lsa.1,
1856 5643 1949 5701 2|.

729 5718 770 5751 ³⁵
804 5718 940 5773 Luc.
971 5734 1118 5786 xxiv,
1152 5718 1242 5772 32.
1323 5717 1364 5753 ³⁸
1396 5715 1547 5774 Psal.
1584 5732 1767 5784 Lxxw,
1801 5715 1888 5785 l3,
1919 5716 1972 5773 ὦ.

174 5716 218 5755 ¹⁴
245 5716 413 5777 Deut.
447 5737 561 5789 xw,
596 5721 647 5775 4.

482 5848 746 5911 ΡΑτιιοι.
792 5844 1010 5913 XXIII.

1912 4701 2331 4771 interpretatur
2359 4700 2574 4756 domus
2605 4700 2726 4754 Dei.
2771 4701 2896 4755 Non
2945 4717 3149 4756 omnes
3198 4705 3427 4754 montes
3457 4701 3559 4755 do-

1916 4807 2049 4845 mus
2080 4788 2172 4842 Dei
2208 4792 2369 4856 sunt,
2403 4789 2501 4843 sed
2535 4788 2636 4859 qui
2669 4794 2898 4843 montes
2924 4787 3188 4843 Ecclesiae
3215 4793 3373 4843 sunt.
3399 4788 3562 4844 Inve-

1916 4879 2162 4934 niuntur
2190 4876 2408 4947 quippe
2434 4882 2492 4931 et
2522 4876 2619 4931 alii
2654 4882 2879 4932 montes
2908 4878 3103 4946 erecti,
3136 4882 3190 4931 et
3213 4892 3562 4948 consurgen-

1914 4973 2002 5023 tes
2033 4966 2310 5019 adversus
2344 4963 2649 5019 scientiam
2689 4964 2804 5033 Dei,
2832 4970 3056 5019 montes
3080 4965 3476 5037 .‘Egyptiorum
3507 4971 3565 5022 et

1919 5053 2389 5127 Allophylorum.
2424 5052 2521 5108 Vis
2553 5052 2700 5109 scire
2731 5054 2870 5125 quia
2899 5053 3111 5108 similis
3142 5061 3231 5108 est
3270 5051 3567 5108 fratruelis

1918 5160 2085 5199 meus
2115 5158 2353 5213 capreae,
2386 5146 2489 5196 aut
2527 5141 2769 5198 hinnulo
2799 5159 3097 5198 cervorum
3131 5159 3304 5213 super
3336 5146 3567 5198 montes

1922 5231 2117 5288 Bethel
2142 5232 2170 5285 ?
2201 5234 2333 5285 Esto
2367 5247 2535 5286 mons
2566 5230 3015 5300 ecclesiasticus,
3039 5248 3205 5287 mons
3231 5232 3442 5287 domus
3463 5231 3564 5287 Dei

1919 5326 1977 5377 et
2006 5320 2194 5377 veniet
2223 5319 2293 5373 ad
2329 5325 2383 5375 te
2422 5337 2677 5392 sponsus
2708 5321 2919 5376 similis
2952 5337 3191 5392 capreae,
3214 5320 3301 5375 vel
3319 5320 3565 5377 hinnulo

1924 5425 2224 5465 cervorum
2286 5425 2463 5481 super
2505 5414 2735 5465 montes
2788 5408 3005 5466 Bethel.
3054 5410 3245 5466 Cernit
3284 5425 3566 5483 sponsum

2028 5644 2070 5679 ιι
2113 5637 2285 5698 Νυιιι.
2329 5642 2557 5715 xxiv,9.
2639 5644 2681 5679 ¹²
2721 5640 2925 5701 Matth.
2969 5660 3090 5702 vui.
3172 5644 3380 5701 13Gen.
3413 5657 3567 5702 XXVI.

3171 5843 3249 5910 38
