3996 6392
448 392 608 455 1195

1690 382 1755 443 S.
1801 381 2111 443 EUSEBIl
2159 381 2626 446 HIERONY'MI.

3708 382 3881 445 “96

447 520 950 597 appropinquasse
1013 516 1283 584 vicinius,
1316 514 1417 586 qui
1439 518 1574 572 ante
1624 530 1801 586 super
1864 516 2093 570 montes
2122 516 2175 583 Α
2206 514 2349 587 pulli
2374 514 2779 573 columbarum
2798 517 2870 575 ³³.
2905 516 3049 574 Nam
3073 518 3226 575 idem
3248 521 3437 586 vaent,
3465 521 3525 574 et
3544 532 3875 590 nunquam

447 612 791 669 versabatur
819 615 875 664 et
903 606 1104 672 colles,
1143 603 1452 660 assimulet
1498 620 1633 658 eum
1663 602 2091 659 transilientem

449 706 625 772 atque
655 698 982 754 salientem.
1016 696 1083 750 Et
1114 699 1246 767 post
1274 694 1396 749 haec
1427 694 1499 749 ad
1532 708 1595 749 se
1623 696 1680 747 et
1698 692 1769 748 ad
1797 692 1943 748 alias
1963 692 2096 748 ado-

449 787 804 845 lescentulas
856 784 1161 842 advenisse
1199 798 1571 855 cognoscens,
1612 781 1791 837 dicit.
1833 783 1962 837 Ecce
2007 782 2096 836 hic

448 886 593 934 retro
622 885 739 949 post
764 877 1036 948 parietem
1072 877 1339 929 nostrum.
1390 872 1446 926 Si
1496 871 1869 927 aaditicaveris
1906 871 2094 943 parie-

448 972 588 1033 tem,
614 970 673 1021 et
702 963 910 1020 feceris
942 960 1389 1019 aedificationem
1419 958 1535 1027 Dei,
1555 959 1748 1015 veniet
1771 963 1901 1031 post
1917 960 2099 1031 parie-

446 1062 564 1112 tem
596 1061 763 1110 tuum
798 1054 1143 1125 Prospiciens
1187 1066 1285 1121 per
1325 1052 1613 1120 fenestras.
1664 1048 1791 1104 Una
1848 1048 2097 1104 fenestra

448 1161 605 1201 unus
636 1147 726 1199 est
756 1158 986 1207 sensus,
1023 1157 1123 1213 per
1155 1140 1311 1194 hunc
1342 1137 1621 1210 prospicit
1668 1154 1942 1209 sponsus,
1984 1136 2096 1192 alia

452 1234 711 1289 fenestra
740 1230 891 1289 alius
921 1234 1010 1285 est
1048 1245 1279 1295 sensus,
1312 1232 1369 1283 et
1397 1243 1501 1299 per
1529 1226 1685 1282 hunc
1715 1243 1968 1299 sponsus
1988 1225 2098 1282 sol-

450 1322 606 1377 licite
630 1323 962 1397 contuetur.
1014 1322 1122 1373 Per
1176 1333 1323 1389 quos
1380 1332 1592 1372 sensus
1650 1332 1765 1371 non
1815 1314 2100 1388 prospicit

450 1426 640 1466 sermo
663 1408 806 1465 Dei?
825 1406 971 1473 Quid
996 1405 1072 1462 sit
1093 1409 1287 1461 autem
1311 1403 1639 1477 prospicere
1658 1418 1761 1476 per
1792 1403 2095 1471 fenestras,

449 1504 507 1555 et
535 1498 829 1571 quomodo
860 1512 962 1568 per
991 1512 1090 1550 eas
1124 1510 1379 1567 sponsus
1407 1492 1673 1565 aspiciat,
1700 1509 1953 1564 sequens
1991 1493 2097 1548 do-

450 1587 604 1644 cebit
644 1584 999 1658 exemplum.
1056 1583 1161 1639 Ubi
1211 1599 1327 1639 non
1376 1581 1658 1654 prospicit
1710 1598 1984 1653 sponsus,
2018 1582 2096 1636 ibi

454 1693 615 1733 mors
653 1675 948 1730 invenitur
976 1672 1321 1737 ascendens,
1353 1674 1418 1725 ut
1447 1669 1699 1742 legimus
1737 1670 1795 1725 iu
1816 1670 2096 1728 Jeremia:

455 1767 586 1820 Ecce
612 1779 758 1820 mors
789 1762 1029 1818 ascendit
1056 1777 1156 1833 per
1182 1762 1453 1832 fenestras
1497 1764 1715 1814 nostras
1755 1760 1818 1814 ¹⁷.
1860 1761 2100 1825 Quando

2205 603 2429 658 dictum
2456 608 2545 659 est
2593 606 2909 678 separatim
2960 624 3066 679 par
3111 608 3519 664 tantummodo
3552 605 3873 663 columba-

2204 709 2356 761 rum,
2391 693 2493 748 sed
2533 709 2639 765 par
2675 698 2995 755 turturum.
3029 701 3086 752 et
3115 698 3262 753 duos
3312 696 3505 770 pullos
3550 695 3872 752 columba-

2204 798 2359 836 rum.
2393 780 2676 839 Columba
2700 784 2951 856 Spiritus
2973 789 3212 842 sanctus
3232 791 3338 842 est.
3368 784 3627 858 Spiritus
3661 788 3870 839 autem

2205 876 2443 926 sanctus
2482 872 2718 942 quando
2749 874 2820 928 de
2852 874 3083 946 magnis
3111 879 3167 930 et
3211 873 3630 931 occultioribus
3664 889 3873 929 sacra-

2205 959 2442 1027 mentis,
2475 963 2531 1015 et
2560 976 2688 1031 quas
2721 961 2892 1016 multi
2924 978 3129 1036 capere
3157 980 3272 1020 non
3295 966 3544 1036 possunt
3564 962 3866 1034 loquitur,

2205 1046 2263 1101 in
2296 1048 2544 1103 turturis
2575 1049 2960 1121 appellatione
3000 1052 3284 1124 signatur,
3317 1052 3374 1106 id
3414 1056 3502 1107 est
3548 1052 3686 1121 ejus
3716 1051 3865 1117 avis,

2206 1152 2332 1206 quis
2355 1152 2587 1208 semper
2602 1138 2659 1192 in
2687 1139 2975 1195 montium
2987 1141 3151 1214 jugis
3171 1141 3512 1197 etarborum
3535 1138 3867 1196 verticibus

2205 1226 2691 1282 commoraturln
2722 1227 2972 1285 vallibus
2995 1235 3191 1285 autem
3214 1235 3270 1286 et
3291 1230 3385 1285 his
3413 1234 3470 1285 et
3491 1246 3620 1301 quae
3647 1229 3723 1285 ad
3757 1228 3867 1283 ho-

2207 1313 2397 1369 mines
2422 1331 2607 1385 usque
2633 1315 2998 1388 perveniunt,
3022 1317 3293 1374 columba
3315 1318 3667 1373 assumitur.
3694 1317 3867 1373 Deni-

2207 1418 2320 1473 que
2351 1402 2613 1460 Salvator
2641 1404 2779 1477 quia
2800 1405 3100 1463 hominem
3122 1412 3211 1463 est
3229 1408 3503 1480 dignatus
3524 1422 3861 1473 assumere,

2208 1491 2440 1547 etvenit
2468 1493 2535 1548 ad
2568 1496 2775 1560 terras,
2827 1494 3114 1568 multique
3160 1501 3301 1551 tunc
3349 1495 3501 1551 circa
3534 1495 3863 1551 Jordanem

2207 1585 2538 1652 peccatores
2587 1588 2774 1649 erant,
2807 1583 3023 1640 idcirco
3072 1584 3326 1658 Spiritus
3379 1589 3618 1641 sanctus
3650 1601 3771 1640 non
3806 1586 3864 1639 in

2208 1672 2496 1725 turturem
2525 1672 2786 1741 vertitur,
2821 1674 2920 1729 sed
2953 1674 3225 1730 columba
3265 1675 3346 1742 fit,
3399 1675 3548 1729 inter
3582 1691 3693 1730 nos
3714 1690 3858 1746 pro-

2211 1764 2338 1830 pter
2365 1758 2671 1815 hominum
2706 1760 3141 1819 multitudinem
3173 1762 3296 1819 avis
3327 1763 3694 1819 mansuetior
3723 1779 3869 1817 con-

451 1851 1068 1911 viderismulieremad
1083 1848 1615 1920 concupiscendum
1629 1848 1919 1919 eam,jam
1944 1865 2100 1904 mors
2135 1899 2176 1963 Β
2210 1852 2494 1903 versatur.
2526 1848 2745 1905 Turtur
2773 1855 2969 1907 autem
3000 1852 3250 1918 videtur,
3271 1850 3428 1907 verbi
3460 1852 3647 1924 gratia
3678 1852 3865 1923 Moysi

460 1942 714 1963 -__-_.‘I:a
746 1942 1025 1963 l'._-_.l_-_
1074 1942 1204 1963 1.---
1292 1938 1541 1963 Emi“---
1588 1954 1685 1963 μ...
1730 1939 1866 1963 ..ι-12..
1925 1938 2063 1963 ῐ...ι-1
2208 1940 2260 1963 ιιι
2294 1937 2392 1963 ...ηζ
2430 1936 2664 1963 ,ιηῖιξι-...ι
2691 1940 3099 1963 __-_L-L__-__.
3128 1941 3517 1963 _-__.I-..n:_-__
3547 1941 3600 1963 3..
3628 1947 3864 1963 _.__a-_

455 1942 719 1999 ascendit
746 1942 1027 1995 fenestras
1074 1942 1226 1994 tuas.
1283 1938 1541 1993 Eminens
1582 1954 1685 2009 per
1730 1939 1888 1994 retia.
1922 1938 2098 1993 Intel-
2135 1936 2176 1963 υ
2207 1940 2263 1991 et
2294 1937 2393 1991 uni
2427 1936 2668 1993 cuilibet
2690 1940 3105 2011 prophetarum
3128 1941 3522 1997 recedentium
3547 1941 3606 1995 in
3628 1947 3866 1996 montes

452 2032 569 2105 lige
598 2031 739 2104 quia
766 2030 824 2085 in
857 2028 1050 2084 medio
1079 2026 1422 2099 laqueorum
1473 2026 1763 2093 ambulas,
1803 2032 1859 2082 et
1888 2028 2099 2085 subtus

455 2120 758 2177 machinas
772 2118 1063 2175 528-80
1082 2121 1347 2172 transeas
1365 2116 1759 2172 imminentes.
1784 2116 1993 2173 Omnia
2016 2134 2099 2173 re-

455 2210 612 2268 tibus
641 2208 813 2282 plena
835 2210 994 2272 sunt,
1020 2204 1291 2261 diabolus
1308 2204 1516 2277 laqueo
1537 2209 1747 2261 cuncta
1765 2206 2095 2279 complevit.

454 2300 512 2356 Si
548 2303 742 2354 autem
775 2295 994 2353 venerit
1021 2295 1127 2351 tibi
1150 2311 1342 2350 sermo
1362 2294 1479 2365 Dei,
1506 2298 1564 2350 et
1584 2294 1824 2367 coeperit
1842 2295 2100 2351 eminere

456 2390 527 2445 de
558 2386 805 2454 retibus,
839 2385 998 2442 dices
1023 2403 1036 2443 :
1064 2385 1263 2440 Anima
1290 2390 1476 2440 nostra
1504 2392 1691 2455 erepta
1718 2387 1798 2438 est
1824 2383 1888 2439 de
1909 2384 2102 2455 laqueo

455 2479 799 2535 venantium.
834 2479 1082 2546 Laqueus
1112 2475 1376 2530 contritus
1401 2481 1496 2539 est,
1528 2481 1579 2529 et
1604 2489 1703 2529 nos
1753 2473 1976 2529 liberati
2003 2490 2099 2529 su-

460 2584 604 2624 mus.
660 2566 946 2623 Benedicti
992 2579 1081 2620 vos
1130 2580 1165 2618 a
1211 2564 1442 2619 Domino
1494 2563 1592 2634 qui
1645 2565 1775 2634 fecit
1819 2563 2017 2618 cretum
2052 2567 2104 2617 et

457 2667 664 2714 terram
685 2656 748 2709 ¹⁸.
782 2655 1011 2710 Eminet
1039 2652 1221 2725 igitur
1266 2668 1519 2724 sponsus
1562 2668 1665 2723 per
1708 2652 1853 2707 retia
1882 2651 1989 2707 tibi
2017 2652 2101 2707 vi-

462 2753 587 2802 tam
620 2744 861 2800 faciens.
893 2743 1066 2799 Jesus
1099 2741 1401 2797 descendit
1424 2741 1494 2796 ad
1527 2744 1732 2812 terras,
1760 2742 2012 2813 subjecit
2041 2760 2103 2800 se

457 2834 683 2892 retibus
713 2830 953 2899 mundi;
986 2830 1188 2887 videns
1217 2845 1501 2903 magnum
1534 2830 1837 2886 hominum
1867 2846 2102 2903 gregem

460 2924 687 2981 retibus
716 2920 1086 2994 impeditum,
1116 2935 1221 2975 nec
1249 2935 1317 2975 ea
1345 2919 1417 2975 ab
1448 2918 1561 2975 alio
1607 2918 1721 2975 nisi
1761 2936 1796 2975 a
1842 2937 1904 2976 se
1934 2937 2104 2992 posse

460 3010 786 3079 conscindi,
815 3009 973 3065 venit
1002 3009 1073 3064 ad
1105 3006 1269 3079 retia,
1303 3024 1614 3064 assumens
1643 3024 1856 3081 corpus
1896 3009 2104 3066 huma-

460 3119 628 3171 num,
663 3100 818 3174 quod
850 3099 1225 3155 inimicarum
1258 3096 1670 3153 tortitudinum
1704 3097 1929 3170 laqueis
1952 3103 2106 3156 tene-

2206 2029 2263 2080 et
2292 2026 2541 2093 deserta,
2582 2031 2639 2082 et
2663 2028 2742 2083 ibi
2765 2028 3176 2102 accipientium
3199 2046 3499 2086 sermones
3518 2029 3640 2084 Dei.
3671 2030 3862 2101 (νει-ς.

2211 2115 2295 2184 12,
2329 2114 2442 2185 43.)
2479 2116 2587 2170 Vox
2614 2132 2750 2189 ergo
2783 2121 3016 2175 turturis
3044 2120 3231 2175 audita
3262 2128 3340 2176 est
3370 2121 3428 2175 in
3459 2122 3608 2174 terra
3646 2127 3864 2174 nostra.

2208 2204 2365 2259 Ficus
2387 2204 2649 2275 produxit
2687 2223 2898 2276 grossos
2943 2224 3086 2265 suos.
3120 2209 3159 2263 Α
3206 2210 3313 2280 ﬁcu
3361 2207 3662 2279 dignoscite
3691 2225 3867 2282 para-

2210 2290 2390 2347 botam
2410 2311 2430 2348 :
2460 2310 2584 2349 cum
2613 2312 2797 2352 ramus
2824 2297 2939 2368 ejus
2966 2301 3120 2353 tener
3166 2301 3341 2369 factus
3386 2299 3575 2368 fuerit,
3627 2305 3682 2352 et
3722 2298 3865 2369 folia

2208 2385 2441 2451 miserit,
2473 2387 2663 2441 scitote
2690 2389 2819 2458 quia
2865 2387 3031 2459 juxta
3069 2391 3146 2443 est
3212 2396 3365 2443 aestas
3385 2389 3449 2441 ²².
3483 2387 3622 2442 Vult
3692 2386 3867 2442 nobis

2209 2470 2309 2527 Dei
2339 2471 2638 2545 eloquium
2663 2474 2953 2545 nuntiare,
2980 2477 3396 2549 posthiemem,
3422 2480 3552 2548 post
3574 2475 3866 2548 procellas

2210 2562 2542 2617 animarum
2575 2565 3079 2637 appropinquasse
3110 2582 3378 2635 messem,
3413 2569 3471 2620 et
3535 2566 3655 2620 ait:
3693 2567 3863 2620 Ficus

2209 2650 2469 2722 produxit
2495 2669 2703 2723 grossos
2730 2670 2873 2723 suos,
2907 2656 3036 2710 vites
3074 2654 3381 2727 ﬂorescunt,
3434 2653 3703 2709 dederunt
3741 2654 3867 2709 odo-

2212 2757 2368 2802 rem;
2398 2741 2446 2796 si
2469 2743 2595 2811 jam
2642 2747 2997 2815 rumpuntur
3042 2745 3101 2799 in
3142 2744 3339 2800 florem
3384 2747 3617 2816 tempus
3682 2745 3867 2799 adve-

2214 2830 2355 2897 niet,
2390 2836 2445 2885 et
2474 2835 2649 2886 erunt
2680 2848 2818 2887 uvas.

2286 2919 2519 2976 εει-2
2570 2919 2657 2975 13.
2707 2919 2898 2992 Surge,
2949 2924 3093 2989 veni,
3141 2924 3392 2993 proxima
3440 2938 3584 2986 mea,
3616 2924 3865 2993 speciosa

2212 3025 2352 3076 mea,
2378 3010 2629 3065 columba
2659 3026 2799 3065 mea.
2829 3010 2956 3065 Haec
2987 3027 3114 3083 quae
3147 3011 3416 3083 superius
3456 3011 3864 3083 exposuimus,

2216 3114 2469 3171 sponsus
2500 3114 2616 3153 non
2648 3100 3023 3155 audientibus
3075 3098 3543 3168 adolescentulis,
3595 3101 3700 3155 sed
3744 3100 3869 3155 sola

461 3192 654 3260 batur,
685 3208 754 3246 ea
785 3189 888 3245 tibi
937 3187 1178 3259 dirupit,
1227 3191 1285 3242 et
1338 3184 1631 3259 loqueris:
1664 3188 1796 3244 Ecce
1843 3188 1932 3244 hic
1960 3193 2105 3248 retro
2214 3204 2432 3260 sponsa
2456 3187 2729 3244 audiente
2757 3188 3035 3260 loquitur.
3069 3189 3354 3245 Volumus
3377 3193 3566 3244 autem
3596 3188 3865 3261 etipsius

455 3287 579 3356 post
632 3282 902 3353 parietem
954 3280 1205 3333 nostrum
1258 3277 1598 3349 prospiciens
1664 3293 1767 3348 per
1812 3279 2100 3349 fenestras,
2136 3270 2179 3338 C
2211 3277 2335 3349 jam
2367 3276 2570 3333 audire
2608 3293 2938 3334 sermonem
2970 3277 3263 3350 loquentis
3284 3278 3353 3335 ad
3382 3294 3661 3351 sponsam
3685 3278 3866 3351 (vers.

458 3374 705 3429 eminens
732 3385 831 3441 per
856 3368 1016 3423 retia.
1049 3367 1193 3422 Cum
1223 3364 1554 3434 eminuerit,
1605 3365 1747 3422 dicit
1794 3367 1900 3422 tibi
1928 3372 2101 3438 (vers.
2212 3367 2301 3437 l3,
2336 3366 2425 3435 44)
2451 3382 2463 3420 :
2495 3366 2686 3437 Surge,
2717 3368 2862 3434 veni,
2890 3370 3148 3439 proxima
3172 3384 3316 3435 mea,
3338 3368 3581 3439 speciosa
3609 3381 3759 3437 mea,
3788 3383 3868 3423 co.

457 3461 584 3533 40):
622 3457 914 3531 Respondet
938 3455 1225 3528 fratruelis
1255 3470 1424 3523 meus,
1455 3462 1505 3510 et
1533 3454 1666 3511 dicit
1691 3473 1705 3513 :
1733 3455 1925 3528 Surge,
1956 3462 2101 3527 veni,
2213 3457 2399 3512 tumba
2436 3472 2578 3525 mea,
2611 3464 2667 3512 et
2695 3457 2840 3523 veni,
2870 3456 3121 3512 columba
3167 3474 3310 3519 mea,
3354 3456 3454 3511 sub
3495 3457 3737 3527 tegmine
3766 3472 3865 3528 pe-

452 3551 713 3624 proxima
734 3564 875 3616 mea,
908 3544 1060 3602 viam
1092 3543 1199 3600 tibi
1230 3543 1357 3610 feci,
1390 3543 1649 3600 conscidi
1682 3545 1846 3612 retia,
1870 3546 1953 3601 sic
1974 3547 2102 3603 veni
2212 3552 2331 3600 tris.
2366 3549 2434 3600 Et
2477 3550 2696 3616 Moyses
2763 3545 2872 3601 sub
2932 3544 3191 3617 tegmine
3231 3549 3404 3618 petrae
3465 3543 3725 3616 ponitur,
3796 3548 3862 3599 ut

456 3641 528 3697 ad
560 3656 672 3708 me,
723 3635 985 3711 proxima
1028 3649 1178 3690 mea.
1239 3633 1429 3705 Surge,
1479 3650 1622 3704 veni,
1673 3636 1932 3705 proxima
1959 3652 2099 3707 mea,
2210 3635 2403 3691 videat
2433 3633 2772 3705 posteriora.
2792 3634 2911 3690 Dei.
2945 3636 3006 3690 In
3036 3637 3272 3706 tegmine
3317 3632 3696 3689 antemuralis.
3734 3632 3859 3687 Pri-

455 3731 696 3803 speciosa
742 3743 884 3797 mea,
934 3722 1180 3781 columba
1228 3739 1369 3779 mea.
1429 3726 1541 3777 Cur
1600 3722 1703 3790 ait,
1746 3727 1953 3792 surge?
1999 3741 2105 3780 cur
2214 3739 2376 3780 mum
2401 3721 2533 3779 veni
2573 3723 2642 3777 ad
2678 3723 2735 3778 id
2770 3723 2923 3795 quod
2952 3727 3084 3779 ante
3128 3740 3363 3779 murum
3424 3727 3531 3791 est,
3564 3725 3622 3775 et
3655 3724 3854 3793 postea

448 3822 727 3893 propera?
754 3818 873 3889 Ego
907 3832 1011 3889 pro
1036 3822 1091 3870 te
1120 3812 1376 3869 sustinui
1408 3811 1629 3869 rabiem
1662 3817 2098 3884 tempestatum,
2210 3812 2427 3885 poteris
2458 3812 2699 3868 introire
2731 3812 2828 3867 ubi
2861 3829 3067 3868 murus
3107 3816 3196 3869 est
3243 3817 3414 3884 petra:
3460 3810 3684 3866 Ostende
3712 3810 3853 3863 mihi

458 3923 565 3983 ego
595 3909 812 3964 fluctus
843 3905 942 3979 qui
980 3902 1085 3959 tibi
1131 3903 1497 3959 debebantur
1538 3901 1756 3974 excepi.
1816 3903 1998 3958 Tristis
2024 3911 2105 3960 est
2207 3903 2408 3972 faciem
2436 3904 2609 3956 tuam.
2644 3901 2839 3972 Usque
2896 3901 2967 3956 ad
3027 3909 3365 3974 praesentem
3426 3899 3575 3953 diem
3628 3897 3847 3952 similia

454 3998 608 4054 facta
665 3999 856 4053 anima
883 4011 1004 4050 mea
1071 3995 1307 4065 propter
1370 3996 1424 4046 te
1453 4006 1623 4062 usque
1686 3989 1756 4045 ad
1784 4000 2012 4047 mortem
2034 3992 2098 4048 ¹⁹.
2209 3992 2488 4046 dicuntur
2516 3990 2588 4046 ad
2622 4007 2894 4061 sponsam
2922 4007 2934 4045 :
2972 3991 3220 4045 necdum
3251 3989 3402 4044 enim
3436 3987 3683 4042 habebat
3703 3987 3847 4041 ﬁdu-

455 4085 691 4143 Surrexi
723 4102 756 4141 a
781 4082 1028 4140 mortuis
1058 4081 1256 4138 fractis
1285 4078 1492 4136 mortis
1528 4079 1750 4151 januis,
1801 4084 1858 4136 et
1887 4080 2096 4137 inferni

454 4172 706 4233 vinculis
755 4171 1079 4229 dissolutis.
1140 4170 1273 4226 Ideo
1315 4168 1444 4224 dico
1487 4167 1592 4224 tibi
1640 4173 1827 4240 (Vere.
1868 4171 1933 4224 10
1964 4170 2096 4242 ll):

448 4265 644 4334 Surge,
691 4264 836 4330 veni,
890 4263 1145 4333 promi-ma
1190 4275 1333 4326 mea,
1380 4261 1620 4330 speciosa
1655 4276 1797 4327 mea,
1847 4260 2098 4316 columba

450 4370 599 4422 mea,
648 4353 777 4426 quia
826 4351 997 4408 hiems
1037 4351 1316 4415 transivit,
1360 4350 1556 4421 pluvia
1603 4349 1759 4416 abiit,
1807 4351 1965 4420 flores
1992 4352 2100 4405 visi

447 4446 580 4500 sunt
621 4444 681 4498 in
729 4444 896 4498 terra.
942 4442 1056 4512 Ego
1087 4456 1122 4494 a
1173 4439 1422 4494 mortuis
1465 4452 1713 4508 surgens
1754 4440 2096 4509 tempestate

450 4548 789 4605 compressa
818 4527 1305 4601 tranquillitatem
1337 4524 1586 4580 reddidi.
1620 4524 1688 4578 Et
1717 4525 1853 4596 quia
1884 4542 2095 4582 secun-

451 4622 593 4677 dum
619 4620 1119 4706 dispensationem
1145 4614 1339 4706 carnis
1359 4629 1427 4669 ex
1447 4612 1704 4684 Virgine,
1728 4618 1785 4706 et
1799 4612 2096 4706 voluntate
2126 4642 2172 4706 D

452 4709 638 4766 Patris
668 4709 839 4774 crevi,
873 4712 929 4762 et
978 4703 1283 4777 sapientia,
1333 4708 1390 4757 et
1431 4705 1596 4757 aetate
1648 4701 1883 4772 profeci,
1918 4704 2089 4775 (vers.

447 4800 541 4872 12)
572 4801 729 4869 flores
760 4799 864 4853 visi
889 4804 1015 4851 sunt
1047 4796 1107 4849 in
1152 4800 1321 4860 terra,
1372 4798 1578 4862 tempus
1630 4793 1886 4846 sectionis
1922 4792 2088 4850 adest.

446 4889 634 4944 Sectio
665 4885 933 4943 remissio
967 4886 1335 4955 peccatorum
1365 4884 1471 4934 est.
1525 4878 1770 4934 Omnem
1803 4881 1957 4936 enim
2000 4899 2090 4938 ra-

447 4993 634 5041 mum,
665 4975 766 5039 ait,
801 4974 856 5028 in
884 4989 975 5026 me
1005 4973 1360 5034 manentem,
1388 4971 1444 5021 et
1465 4968 1800 5025 efferentem
1834 4969 2089 5026 fructum

444 5070 616 5121 Pater
646 5078 813 5119 meus
844 5061 1110 5127 mundat,
1146 5062 1209 5112 ut
1242 5057 1464 5111 fructus
1504 5057 1756 5128 majores
1802 5059 2004 5115 efferat
2021 5061 2086 5114 ²⁰.

443 5154 662 5210 Habeto
712 5152 955 5215 fructus,
1004 5152 1061 5203 et
1101 5146 1295 5218 priora
1343 5162 1469 5217 qua:
1519 5146 1579 5200 in
1629 5151 1683 5201 te
1725 5146 2089 5203 infructuosa

441 5248 581 5297 sunt
645 5241 1013 5297 auferuntur.
1056 5238 1276 5307 Tempus
1341 5235 1557 5308 quippe
1619 5238 1876 5292 sectionis
1916 5237 2084 5292 adest.

440 5347 548 5386 vox
590 5330 826 5386 turturis
867 5327 1060 5382 audita
1107 5328 1184 5380 est
1231 5327 1291 5380 in
1338 5328 1484 5380 terra
1530 5329 1744 5381 nostra.
1796 5325 1921 5381 Non
1960 5325 2086 5382 sine

442 5435 621 5474 causa
652 5420 709 5474 in
735 5416 1020 5473 sacriﬁcio
1051 5416 1375 5472 assumitur
1395 5418 1950 5488 parturturum,aut
1969 5415 2084 5470 duo

2208 4081 2378 4147 ciam,
2415 4084 2479 4135 ut
2511 4080 2760 4135 revelata
2792 4079 2936 4135 facie
2967 4078 3214 4151 gloriam
3248 4076 3476 4133 Domini
3498 4075 3844 4147 contempla-

2208 4175 2384 4227 retur.
2416 4169 2562 4233 Quia
2590 4184 2723 4224 vero
2744 4168 2871 4239 jam
2904 4172 3108 4223 ornata
3155 4171 3245 4223 est
3292 4170 3465 4238 atque
3493 4165 3831 4237 composita,

2206 4258 2422 4315 dicitur
2448 4258 2538 4314 ei:
2608 4256 2834 4313 Ostende
2894 4258 3036 4312 mihi
3072 4258 3270 4328 [aciem
3335 4258 3506 4310 tuam.
3576 4253 3841 4308 Nondum

2205 4352 2330 4404 erat
2353 4347 2510 4403 enim
2541 4363 2650 4401 vox
2679 4346 2809 4417 ejus
2840 4346 2923 4401 ita
2952 4345 3171 4415 suavis,
3197 4350 3263 4401 ut
3286 4347 3601 4400 mereretur
3621 4342 3672 4397 ei
3697 4341 3842 4397 dici:

2206 4438 2417 4494 Audire
2442 4452 2529 4491 me
2578 4438 2665 4507 fac
2692 4452 2874 4491 vocem
2939 4440 3111 4492 tuam.
3181 4434 3420 4498 Quando
3477 4448 3611 4505 ergo
3642 4430 3843 4486 didicit

2205 4526 2386 4598 loqui.
2420 4526 2570 4580 Tace
2599 4524 2778 4590 enim,
2811 4524 2910 4591 ait,
2940 4528 2998 4579 et
3029 4524 3165 4579 audi
3197 4522 3396 4592 Israel,
3428 4527 3483 4577 et
3528 4521 3674 4576 scito
3702 4519 3838 4590 quid

2204 4614 2412 4685 loquar
2437 4632 2451 4670 :
2482 4617 2539 4668 et
2566 4613 2764 4669 suavis
2796 4614 2948 4668 facta
2978 4618 3067 4669 est
3095 4630 3202 4667 vox
3222 4613 3351 4683 ejus
3380 4626 3612 4683 sponso,
3645 4625 3842 4663 secun-

2201 4705 2344 4758 dum
2395 4702 2533 4757 illud
2590 4702 3031 4774 propheticum:
3090 4702 3281 4756 Suavis
3327 4700 3424 4769 fiat
3477 4700 3528 4754 ei
3553 4698 3837 4770 postulatio

2199 4808 2319 4848 mea
2340 4793 2431 4845 ‘3?
2472 4796 2610 4846 tunc
2656 4791 2727 4846 ad
2778 4807 2907 4847 eam
2958 4808 3211 4862 sponsus
3270 4790 3515 4845 effatur:
3552 4789 3613 4841 Et
3655 4786 3841 4841 audire

2198 4898 2284 4937 me
2333 4884 2423 4952 [ac
2472 4897 2652 4936 vocem
2698 4884 2870 4949 tuam,
2932 4882 3063 4951 quia
3093 4895 3199 4935 vos:
3256 4883 3351 4933 tua
3411 4878 3593 4931 suavis
3649 4879 3741 4930 est.
3781 4873 3838 4929 Si

2200 4970 2499 5043 aperueris
2530 4986 2595 5024 os
2621 4974 2788 5024 tuum
2839 4970 3012 5025 verbo
3057 4969 3179 5032 Dei,
3220 4967 3375 5023 dicet
3411 4966 3513 5021 tibi
3546 4979 3834 5038 sponsus:

2202 5059 2310 5115 νοω
2339 5067 2433 5115 tua
2462 5060 2647 5114 suavis
2674 5062 2769 5125 est,
2801 5061 2855 5113 et
2904 5062 3147 5130 aspectus
3198 5065 3323 5112 tuus
3365 5056 3650 5126 speciosus.
3691 5052 3835 5116 Qua-

2196 5152 2432 5220 propter
2478 5151 2898 5219 consurgentes
2947 5147 3327 5218 deprecemur
3373 5144 3705 5211 Dominum,
3776 5147 3835 5196 ut

2195 5237 2356 5310 digni
2389 5237 2717 5293 efficiamur
2745 5237 2946 5308 sponsi
2981 5252 3267 5304 sermone,
3301 5233 3587 5307 sapientia
3609 5230 3830 5287 Christo

2194 5325 2357 5392 Jesu,
2390 5326 2482 5381 cui
2516 5331 2602 5382 est
2625 5324 2811 5398 gloria
2843 5331 2899 5381 et
2928 5324 3240 5398 imperium
3277 5324 3332 5378 in
3362 5320 3572 5379 saecula
3603 5319 3833 5376 saeculo-

2195 5431 2348 5470 rum.
2381 5417 2586 5471 Amen.

510 5653 549 5687 ¹⁷
580 5651 793 5708 Jerem.
830 5668 904 5713 IX,
939 5650 1027 5707 2t.
1106 5651 1147 5685 ¹⁸
1183 5649 1329 5706 Psal.
1363 5665 1549 5719 cxxw,
1579 5650 1635 5716 7,
1667 5649 1718 5705 8.
1799 5649 1843 5685 ¹⁰
1873 5648 2078 5705 Matth.
2118 5664 2269 5720 xxvx,
2304 5627 2413 5704 38.,
2469 5648 2514 5685 ²⁰
2541 5648 2710 5705 Joan.
2775 5664 2867 5716 xv,
2910 5650 2963 5703 2.
3040 5648 3083 5683 ²¹
3146 5646 3319 5703 Levit.
3381 5660 3480 5701 xu.
3554 5645 3600 5679 “
3630 5642 3833 5700 Matth.

434 5739 587 5792 xxuv,
621 5725 710 5781 32.
791 5722 835 5760 ³³
866 5721 1018 5781 Psal.
1051 5737 1162 5792 ειν,
1193 5722 1281 5779 34.
