3996 6392
159 394 312 460 1197
1127 394 1610 463 FRAGMENTA
1653 401 1737 463 LII

1987 401 2184 464 )MIN.
2229 401 2594 466 HEBBAIC.
3409 405 3565 470 1198

1185 717 2529 874 APPENDIX

1540 974 1721 1032 TOMI
1753 977 1830 1032 III
1869 975 2160 1032 OPERUM

733 1141 867 1240 S.
997 1139 1738 1245 BUSEBII
1879 1144 2999 1248 EIERONYMI

883 1373 1060 1496 IN
1123 1375 1916 1502 EDITIONE
1975 1377 2836 1501 VALLARSI

1503 1712 1783 1799 PARS.
1830 1714 2211 1804 PRIMA.

363 1894 434 1950 IN
465 1893 604 1958 QUA
638 1893 827 1950 LIBRI
859 1894 1198 1953 NOMINUM
1229 1895 1742 1952 HEBRAICORUM
1773 1897 2482 1954 INTERPRETA'I‘IONES
2514 1899 2764 1956 GFUECE
2798 1898 3342 1957 RECENSENTUR.

1637 2179 2064 2238 ADMONITIO.

214 2471 490 2528 Subnexx
543 2471 858 2544 farraginis
904 2471 1226 2529 Graecarum
1274 2471 1480 2542 Λέξεων
1527 2489 1631 2528 ms.
1681 2474 1962 2546 exemplar
2004 2475 2062 2530 in
2091 2475 2398 2531 Parisiensi
2429 2474 2755 2532 bibliotheca
2810 2475 2979 2546 Regia
3007 2477 3196 2531 nactus
3223 2483 3300 2532 est
3327 2477 3561 2535 Martia-

148 2577 328 2630 πόρτις,
386 2565 438 2616 et
489 2561 702 2632 publici
745 2561 898 2632 juris
944 2563 1159 2632 primus
1201 2563 1348 2631 fecit,
1393 2567 1446 2617 et
1482 2561 1548 2617 de
1594 2563 1713 2632 ejus
1760 2565 1990 2620 raritate
2017 2581 2081 2619 ac
2107 2567 2426 2636 praestantia
2453 2566 2639 2621 multis
2668 2565 2947 2622 disseruit.
2981 2566 3044 2621 Et
3076 2581 3200 2621 vero
3227 2567 3354 2637 fecit
3383 2582 3562 2640 operae

141 2653 407 2722 pretium,
466 2649 889 2720 Hieronymiano
951 2651 1092 2706 libro
1142 2650 1208 2706 de
1265 2651 1616 2708 Hebrxorum
1684 2653 1978 2708 Nominum
2023 2655 2474 2726 interpretatione
2535 2653 2637 2710 hac
2692 2669 2902 2728 quoque
2957 2663 3203 2710 veterum
3255 2650 3563 2714 ercb'rum

147 2740 471 2809 Ivragmenta
527 2746 840 2804 annectens,
897 2742 951 2794 et
1005 2755 1132 2793 cum
1182 2740 1383 2810 primis
1427 2741 1536 2796 duo
1586 2742 1804 2812 integra
1857 2741 2108 2810 Origenis
2151 2743 2348 2798 Lexica
2373 2760 2392 2797 :
2421 2742 2691 2813 siquidem
2709 2742 2832 2814 jam
2861 2743 3020 2798 liceat
3049 2757 3119 2798 ex
3148 2743 3375 2799 illorum
3403 2760 3562 2802 sensu

143 2829 386 2882 rationes
433 2842 624 2882 vocum
667 2827 992 2898 expendere,
1043 2827 1116 2882 ad
1161 2843 1393 2899 quorum
1430 2828 1736 2900 judicium,
1792 2846 1918 2886 cum
1962 2832 2078 2902 ejus
2124 2831 2258 2886 libri
2305 2833 2606 2887 versionem
2649 2832 3012 2902 Hieronymus
3053 2831 3373 2903 adornaret,
3403 2849 3565 2890 suam

142 2931 290 2988 saepe
319 2915 483 2988 ﬁdem
511 2917 782 2972 liberavit.
824 2918 1014 2974 Verum
1043 2920 1159 2971 tam
1189 2919 1242 2972 et
1271 2919 1449 2972 multa
1477 2925 1530 2974 et
1553 2920 1748 2990 gravia
1793 2918 2104 2976 insederant
2131 2921 2194 2975 in
2230 2920 2328 2976 illo
2375 2921 2688 2992 exemplari
2735 2919 2972 2976 erculi
3017 2924 3374 2977 amanuensis
3401 2925 3564 2989 vitio,

144 3007 510 3076 traiectiones,
560 3005 790 3076 lacunae,
845 3010 908 3061 ut
947 3007 1230 3080 negotium
1282 3023 1424 3078 sepe
1465 3009 1796 3077 facesserent
1845 3008 2194 3066 Benedictino
2238 3009 2460 3073 editori,
2493 3011 2592 3082 qui
2620 3017 2807 3066 tenues
2835 3026 2906 3065 ex
2935 3010 3246 3065 litterarum
3277 3012 3566 3068 vicinitate

143 3095 481 3162 conjecturas
515 3109 819 3167 supponere
842 3111 1054 3150 necesse
1099 3095 1327 3151 habuit:
1361 3111 1532 3167 reque
1579 3097 1700 3168 ipsa
1745 3098 1858 3152 nisi
1898 3097 2127 3153 alterius
2155 3097 2355 3153 codicis
2379 3114 2482 3154 ms.
2514 3113 2612 3170 ope
2639 3097 2926 3153 emendari
2950 3099 3270 3168 potuissent,
3303 3099 3564 3155 utilitatis

145 3185 364 3254 exiguae
413 3181 485 3236 ad
530 3183 660 3238 illas
696 3184 1048 3256 etymologia:
1097 3183 1457 3256 explicandas
1517 3185 2018 3258 componendasque
2074 3202 2200 3241 cum
2248 3186 2690 3258 Hieronymiana
2756 3187 3206 3258 interpretatione
3252 3185 3558 3242 videbatur.

144 3272 359 3328 Meliori
408 3270 518 3328 hac
579 3275 666 3326 uti
717 3274 962 3344 fortuna,
1020 3271 1166 3344 quod
1227 3287 1571 3344 summopere
1619 3275 1680 3329 in
1727 3276 1864 3330 votis
1910 3281 2052 3342 erat,
2105 3274 2248 3329 mihi
2285 3273 2474 3330 datum
2501 3281 2578 3330 est
2609 3274 2892 3331 Vaticanos
2919 3274 3131 3346 pluteos
3156 3273 3342 3331 sedulo
3363 3289 3557 3346 perve-

143 3362 396 3430 stiganti,
429 3362 520 3416 cui
547 3376 656 3416 non
687 3361 970 3434 antiquius
997 3362 1198 3429 solum,
1229 3364 1324 3417 aut
1340 3362 1508 3434 paulo
1535 3363 1808 3419 duntaxat
1837 3363 2199 3432 emendatius,
2229 3361 2324 3418 sed
2352 3363 2506 3434 longe
2557 3363 3084 3435 praestantissimum
3109 3363 3394 3435 exemplar
3411 3379 3562 3432 men,

147 3452 478 3506 branaceum
506 3451 766 3520 occurrit,
798 3449 940 3520 quod
967 3459 1018 3506 et
1047 3449 1166 3507 haec
1195 3451 1315 3522 ipsa
1335 3451 1659 3521 glossemata
1718 3453 1918 3508 rectius
1967 3452 2128 3522 longa
2153 3452 2388 3520 exhibet,
2417 3460 2468 3508 et
2495 3453 2756 3524 pleraque
2783 3452 2900 3506 alia
2928 3467 3213 3508 sacrorum
3242 3452 3564 3508 Nominum-

145 3555 266 3610 quae
319 3536 569 3594 nondum
625 3539 680 3594 in
739 3538 913 3594 lucem
947 3537 1290 3612 prodierunt,
1340 3538 1584 3596 adtexit:
1637 3539 1868 3612 denique
1913 3539 2106 3594 multis
2153 3541 2492 3610 argumentis
2548 3541 2730 3612 ipsum
2773 3555 2830 3595 se
2853 3540 3036 3612 prodit
3065 3555 3178 3596 esse
3203 3539 3568 3613 archetypum

147 3644 216 3682 ex
241 3643 352 3700 quo
383 3628 582 3698 Regius
615 3627 760 3682 liber
786 3635 1045 3698 exceptus
1073 3631 1172 3694 est,
1203 3629 1424 3684 tametsi
1451 3629 1513 3682 in
1541 3628 1836 3702 plerisque,
1867 3627 2007 3699 quod
2050 3630 2342 3685 usuvenire
2385 3626 2525 3685 solet
2569 3629 2926 3700 exscriptoris
2972 3629 3212 3695 inscitia,
3265 3644 3388 3683 eum
3421 3629 3565 3684 male

145 3719 377 3788 referat.
429 3717 522 3772 Est
575 3731 737 3787 porro
793 3715 938 3772 idem
993 3718 1108 3796 ipse
1153 3717 1324 3772 codex
1368 3718 1464 3790 qui
1509 3717 1723 3774 Eusebii

2017 3717 2142 3792 περὶ
2169 3720 2276 3770 τῶν
2309 3719 2586 3782 Τοπικῶν,
2611 3715 2918 3789 ὀνομάτων,
2953 3718 3066 3772 sive
3097 3715 3166 3771 de
3197 3715 3364 3770 Locis
3393 3714 3568 3770 Palae-

146 3806 336 3871 stinae,
371 3806 632 3873 continet,
663 3803 732 3860 de
758 3806 912 3877 cujus
935 3805 1149 3862 eximia
1177 3807 1416 3862 raritate
1443 3805 1689 3861 diximus
1721 3807 1782 3862 in
1811 3807 2146 3877 Praefatione
2163 3823 2184 3867 ,°
2214 3806 2435 3880 fuitque
2474 3807 2607 3862 olim
2651 3805 2992 3861 celeberrimi
3037 3803 3344 3860 cardinalis
3373 3802 3572 3858 Sirleti

148 3895 288 3968 quod
349 3895 464 3966 ipse
514 3910 688 3948 manu
738 3895 967 3966 propria
1024 3897 1086 3950 in
1131 3897 1338 3966 prioris
1386 3897 1614 3968 paginae
1667 3895 1791 3952 albo
1839 3899 2062 3951 testatus
2100 3897 2215 3950 est:
2273 3909 2422 3948 nunc
2475 3895 2537 3948 in
2589 3893 2850 3948 Vaticuna
2881 3891 3208 3948 bibliotheca
3237 3908 3392 3948 num.
3425 3891 3566 3948 H5O

145 3984 463 4040 denotatur.
532 3984 616 4038 Ex
663 3981 762 4039 hoc
811 3985 984 4055 igitur
1029 3999 1165 4040 novo
1207 3983 1441 4056 quodam
1484 3983 1826 4056 autographo
1853 3983 2068 4039 libellos
2097 3984 2223 4038 istos
2265 3997 2335 4038 ex
2363 3983 2571 4052 integro
2596 3987 2948 4053 reprxsento,
2979 3981 3267 4052 ipsamque
3294 3979 3427 4036 adeo
3459 3981 3565 4036 La-

152 4075 332 4129 tinam
390 4073 921 4143 interpretationem,
982 4089 1149 4144 qnam
1203 4073 1561 4130 Martianaeus
1617 4072 1999 4139 adornaverat,
2045 4071 2117 4126 ad
2163 4077 2305 4126 hanc
2345 4070 2610 4125 amussim
2661 4083 2804 4140 saepe
2828 4069 3038 4138 swpius
3065 4069 3231 4136 exigo
3259 4075 3311 4124 et
3335 4073 3558 4138 castigo.

149 4161 420 4218 Continuo
449 4161 568 4232 ejus
614 4161 1004 4217 Annotationes
1049 4161 1322 4230 subnecto,
1372 4176 1504 4228 non,
1549 4160 2002 4232 quemadmodum
2044 4161 2101 4215 in
2150 4159 2360 4214 exteris
2391 4158 2548 4213 libris
2575 4159 2784 4228 factum
2811 4164 2907 4224 est,
2938 4173 3003 4212 ac
3026 4161 3287 4229 perpetuo
3313 4157 3568 4230 deinceps

149 4249 259 4320 ﬁet,
288 4265 392 4305 eas
423 4263 633 4318 quoque
661 4247 731 4303 ad
760 4249 896 4304 tomi
940 4249 1143 4304 calcem
1195 4249 1420 4319 rejicio;
1469 4263 1594 4302 cum
1639 4249 1788 4303 enim
1824 4247 2022 4319 oppido
2047 4247 2236 4302 multae
2259 4247 2392 4316 sint,
2424 4261 2488 4300 ac
2515 4243 2744 4300 subinde
2771 4244 3002 4317 reliquis
3029 4244 3426 4314 diligentiores,
3461 4247 3577 4316 ipso

148 4339 318 4393 etiam
361 4336 610 4408 periculo
656 4335 844 4405 didici,
891 4337 943 4391 si
983 4337 1198 4408 longius
1242 4335 1695 4404 amandarentur,
1745 4353 1815 4392 ex
1859 4351 2049 4392 earum
2099 4349 2346 4401 occursu,
2393 4348 2518 4405 quae
2557 4335 2616 4388 in
2662 4335 3035 4404 cognominem
3063 4333 3268 4388 librum
3302 4334 3572 4404 Hierony-

149 4427 407 4482 mianum
461 4425 682 4496 scriptae
733 4429 885 4490 sunt,
944 4425 1209 4496 confundi
1263 4425 1425 4482 bonos
1481 4426 1698 4482 lectores
1753 4441 1924 4494 posse.
1977 4424 2118 4480 Meas
2163 4424 2533 4479 Sarracenicis
2559 4424 2707 4478 notis
2749 4421 3036 4478 distinctas
3075 4421 3334 4494 adjungo,
3366 4435 3491 4492 qua:
3517 4434 3578 4490 si

147 4517 436 4586 pauciores
489 4515 724 4585 fortasse
777 4513 1068 4569 videantur
1111 4531 1277 4588 quam
1332 4517 1630 4570 Nominum
1689 4515 1918 4570 istorum
1973 4502 2119 4569 ratio'
2167 4521 2330 4584 atque
2384 4513 2682 4568 obscuritas
2710 4512 3008 4582 postulent,
3039 4512 3198 4575 scias,
3231 4513 3284 4565 et
3310 4508 3458 4564 nihil
3488 4522 3574 4563 me

144 4612 362 4674 praeter
384 4618 511 4658 mss.
543 4601 707 4672 ﬁdem
731 4606 1063 4673 pertentare,
1107 4611 1160 4657 et
1204 4601 1451 4658 eamdem
1497 4601 1800 4658 subdititiis
1847 4602 2008 4657 libris
2039 4617 2103 4656 ac
2148 4603 2405 4668 genuinis
2453 4617 2672 4673 operam
2721 4615 2828 4656 non
2859 4598 3207 4671 impendere:
3238 4596 3384 4652 nulli
3409 4594 3569 4650 deni-

150 4707 252 4764 que
275 4692 572 4749 industrix
598 4694 800 4748 nostrae
827 4699 1086 4748 tenuitate
1126 4693 1364 4764 μνωνίρί
1389 4691 1564 4748 locum
1613 4691 1954 4763 restituendi,
2007 4693 2059 4747 si
2105 4707 2214 4764 qua
2267 4689 2464 4758 desint,
2495 4694 2591 4746 aut
2645 4689 2874 4744 meliora
2901 4685 3216 4760 reponendi.
3262 4687 3312 4741 si
3339 4685 3564 4740 inventa

151 4783 384 4852 fuerint.
