3996 6410
441 438 597 511 ms
1933 432 2357 503 APPENDIX.
3695 434 3861 519 me

987 802 1213 931 DE
1342 795 2493 932 OBIGENIANO
2614 797 3353 932 LEXICO.

1332 1040 1934 1139 NOMINUM
2022 1040 2944 1138 HEBRAICORUM

1126 1261 1231 1348 D.
1293 1257 1759 1346 JOANNIS
1814 1255 2477 1348 MARTIANIEI
2534 1257 3141 1345 PRIEFATIO-

498 1621 572 1679 Ut
601 1622 964 1692 compertum
997 1618 1099 1673 flat
1128 1614 1405 1672 omnibus
1436 1613 1740 1684 studiosis,
1773 1614 2083 1686 Origenem
2114 1615 2447 1671 condidisse
2477 1613 2695 1671 librum
2726 1616 3021 1671 Nominnm
3080 1614 3486 1686 Hebraicorum,
3538 1619 3597 1670 et
3647 1615 3709 1672 in
3766 1633 3840 1675 eo

425 1710 640 1783 sepius
666 1708 951 1765 violentas
982 1723 1049 1761 ac
1079 1706 1343 1761 indoctas
1373 1704 1754 1777 etymologias
1789 1703 2183 1777 proposuisse,
2217 1708 2427 1761 testem
2454 1705 2743 1777 proferam
2774 1704 2963 1761 virum
3007 1703 3437 1772 doctissimum,
3488 1703 3559 1760 de
3587 1704 3839 1778 Origene

428 1798 667 1870 quidem
709 1794 929 1869 optime
959 1794 1256 1864 meritum,
1290 1793 1391 1850 sed
1422 1793 1689 1864 ejusdem
1720 1792 2015 1849 erroribus
2046 1810 2421 1866 nequaquam
2468 1793 2884 1865 blandientem,
2923 1793 3140 1850 Praevia
3166 1793 3347 1865 hujus
3372 1793 3640 1851 Auctoris
3667 1795 3838 1850 testi-

427 1885 697 1944 ficatione
729 1884 959 1941 facilius
989 1883 1134 1939 mihi
1155 1883 1324 1939 venia
1353 1883 1721 1952 concedetur,
1755 1882 1807 1939 si
1837 1884 2072 1955 quando
2104 1884 2459 1953 necessitate,
2482 1884 2860 1956 veritatisque
2882 1884 3108 1955 judicio
3159 1882 3521 1956 compulsus,
3564 1883 3836 1957 Origenis

425 1977 775 2049 redarguero
806 1972 1205 2046 etymologiae,
1239 1972 1487 2045 ejusque
1517 1971 1811 2027 inscitiam
1845 1971 1905 2026 in
1935 1970 2137 2044 lingua
2164 1972 2447 2028 Hebraica
2477 1972 2847 2028 manifestam
2895 1972 3079 2028 facere
3115 1970 3443 2044 legentibus
3494 1987 3607 2027 non
3659 1988 3835 2027 recu-

424 2081 570 2123 sem.
603 2064 804 2136 Itaque
834 2062 1240 2136 Origeniarum
1266 2060 1416 2117 libro
1446 2060 1638 2125 tertio,
1672 2077 1799 2133 cap.
1834 2061 1886 2132 3,
1921 2078 1978 2117 n.
2009 2064 2065 2128 7,
2099 2061 2170 2117 de
2228 2062 2500 2133 praisenti
2557 2065 2933 2134 Syntagmate
2989 2061 3071 2118 ita
3126 2060 3366 2116 disserit
3420 2058 3618 2117 Daniel
3677 2059 3834 2118 Huc-

423 2156 544 2212 tius
577 2170 590 2211 :
624 2176 654 2205 ι»
682 2152 947 2209 Aliarum
979 2157 1273 2226 praeterea,
1309 2150 1520 2223 inquit,
1554 2151 1947 2223 quarumdam
1980 2150 2369 2222 scriptionum
2403 2149 2670 2222 Origenis
2702 2150 3058 2207 mentionem
3085 2150 3241 2222 apud
3296 2153 3520 2207 veteres
3576 2148 3830 2206 invenio.

422 2242 589 2303 Philo
616 2241 854 2301 Judwus
881 2241 1143 2300 ediderat
1172 2240 1389 2297 librum
1417 2239 1806 2297 Hebraicorum
1833 2240 2134 2297 Nominum
2180 2240 2380 2295 Veteris
2438 2239 2784 2304 Testamenti,
2816 2253 3135 2310 eorumque
3190 2238 3571 2311 etymologiae
3623 2242 3682 2297 et
3736 2238 3833 2296 in-

423 2330 869 2405 terpretationes
898 2331 1192 2403 edjecerat
1222 2347 1236 2385 :
1270 2346 1446 2402 quem
1476 2328 1692 2385 librum
1747 2329 1953 2384 Latina
2005 2328 2267 2385 oratione
2320 2327 2706 2401 Hieronymus
2765 2327 3068 2401 expressit.
3128 2327 3291 2394 Quod
3347 2327 3407 2382 in
3462 2328 3832 2383 Testamento

420 2421 613 2478 Veteri
637 2421 854 2477 fecerat
882 2419 1232 2491 Philo,idem
1263 2418 1323 2474 in
1348 2418 1505 2473 Novo
1538 2417 1819 2473 factitavit
1851 2418 2150 2491 Origenes,
2176 2433 2473 2489 suumque
2502 2434 2650 2489 opus
2682 2418 2754 2473 ad
2784 2433 2935 2489 opus
2966 2416 3225 2475 Philonis
3254 2416 3538 2488 adjunxit,
3570 2416 3833 2489 incoque

422 2510 840 2585 Hieronymum
872 2508 1229 2566 imitatorem
1261 2506 1468 2564 habuit
1500 2523 1514 2563 :
1548 2508 1719 2578 cujus
1748 2508 1923 2563 verba
1952 2508 2073 2564 haec
2102 2511 2241 2564 sunt
2277 2506 2337 2563 in
2369 2506 2597 2563 Prtefat.
2658 2506 2729 2563 ad
2787 2507 3034 2563 Hebraic.
3088 2507 3307 2563 Nmnin.
3363 2504 3577 2573 librum
3611 2523 3626 2561 :
3658 2506 3731 2562 Ac
3758 2522 3832 2563 ne

415 2597 562 2675 forte
587 2605 962 2656 consummato
1001 2596 1236 2667 aediﬁcio
1263 2596 1424 2669 quasi
1451 2598 1694 2651 extrema
1741 2597 1946 2653 deesset
1996 2613 2216 2666 manus,
2272 2598 2413 2655 Novi
2460 2597 2780 2653 Testamenti
2823 2596 2990 2653 verba
3037 2600 3092 2653 et
3153 2597 3380 2652 nomina
3434 2597 3831 2667 interpretatus

412 2704 540 2744 sum
568 2688 785 2744 imitari
810 2687 993 2743 volens
1021 2689 1259 2758 exparte
1289 2686 1596 2755 Origenem,
1647 2702 1809 2757 quem
1861 2694 1982 2759 post
2034 2687 2302 2756 apostolos
2352 2686 2717 2741 Erclesiarum
2778 2689 3102 2758 magistram
3159 2701 3317 2743 uenio
3365 2686 3484 2741 nisi
3537 2686 3829 2756 imperitus

415 2783 599 2846 negat.
632 2777 781 2833 Inter
806 2782 1009 2833 caetera
1036 2778 1192 2830 enim
1219 2775 1438 2846 ingenii
1453 2778 1544 2830 sui
1565 2775 1844 2847 praeclara
1869 2784 2227 2832 monumenta
2268 2777 2434 2831 etiam
2494 2777 2554 2830 in
2602 2773 2700 2831 hoc
2759 2776 3047 2843 laboravit,
3077 2782 3139 2831 at
3191 2774 3332 2847 quod
3356 2774 3516 2831 Philo
3544 2776 3703 2847 quasi
3726 2775 3827 2831 Ju-

415 2865 863 2923 dasusomiserat
892 2863 981 2922 hic
1009 2872 1068 2920 ut
1102 2863 1444 2920 Christianus
1495 2865 1765 2937 impleret.
1802 2864 1959 2921 Libri
2017 2864 2281 2935 ejusdem
2344 2863 2615 2920 meminit
2671 2872 2871 2921 auctor
2920 2865 3290 2933 Quaestionum
3343 2863 3415 2919 ad
3465 2862 3824 2934 Orthodoxos,

416 2954 519 3027 qui
551 2953 703 3023 falsQ
737 2950 1018 3009 tribuitur
1044 2952 1299 3019 Justino,
1332 2952 1545 3019 Quaest,
1576 2954 1647 3008 82
1671 2957 1730 3009 et
1756 2954 1849 3019 86,
1880 2953 1940 3008 in
1971 2968 2155 3025 eoque
2184 2956 2393 3024 praeter
2419 2952 2701 3010 Hebraica
2747 2953 3007 3021 nomina,
3060 2969 3367 3009 mensuras
3413 2951 3589 3008 etiam
3639 2951 3825 3007 inter-

414 3047 611 3115 pretas
640 3057 768 3099 esse
799 3041 984 3097 docet.
1016 3040 1224 3099 Videat
1250 3057 1385 3115 ergo
1417 3041 1667 3099 Ruﬁnus
1698 3058 1815 3113 qua
1842 3039 1957 3098 ﬁde
2013 3040 2315 3114 scripserit
2347 3043 2557 3098 Invect.
2589 3044 2623 3096 2
2651 3042 2710 3098 in
2741 3041 3178 3116 Hieronymum,
3230 3057 3304 3098 ne
3350 3057 3533 3097 unum
3579 3039 3821 3113 quidem

412 3131 728 3205 Scriptum
758 3129 1001 3187 verbum
1031 3128 1339 3203 Origenem
1367 3128 1631 3201 vertisse,
1666 3151 1696 3180 »

483 3222 795 3277 Auctorem
822 3217 959 3274 libri
989 3220 1291 3274 Nominum
1338 3218 1730 3273 Hebraicorum
1770 3219 1829 3273 in
1860 3222 2009 3275 Novo
2068 3220 2397 3277 Testamento
2453 3221 2577 3276 viro
2633 3219 2980 3277 eruditionis
3027 3220 3182 3275 fama
3244 3217 3616 3276 celeberrimo
3672 3220 3820 3275 atte-

411 3311 627 3375 stante,
650 3308 779 3381 jam
808 3306 962 3363 nosti
990 3305 1301 3380 Origenem
1335 3323 1349 3362 :
1384 3321 1541 3361 nunc
1572 3321 1843 3378 quisnam
1884 3306 2060 3363 fuerit
2088 3307 2147 3364 in
2178 3310 2383 3365 eodem
2413 3308 2660 3383 Origene
2715 3308 2927 3382 linguae
2984 3308 3275 3365 Hebraica
3330 3305 3556 3382 peritia,
3614 3306 3820 3380 paucis

368 3428 371 3433 -
410 3401 470 3455 te
494 3399 699 3454 doceat
725 3396 879 3452 idem
914 3396 1115 3453 Petrus
1144 3395 1342 3452 Daniel
1375 3393 1619 3452 lluetius
1649 3395 2136 3468 Origenianorum
2166 3397 2315 3455 libro
2347 3399 2623 3469 secundo,
2657 3416 2784 3472 cap.
2821 3400 2869 3470 1,
2904 3417 2963 3455 n.
3015 3398 3080 3455 ii
3116 3415 3130 3454 :
3164 3421 3192 3449 «
3224 3397 3387 3465 Quod
3446 3395 3497 3453 si
3527 3395 3659 3468 plus
3686 3410 3820 3455 sese

408 3485 734 3559 [Origenes)
763 3484 823 3542 in
854 3484 1152 3542 Hebraicis
1182 3483 1555 3553 exercuisset,
1590 3485 1990 3558 majoremque
2018 3486 2233 3559 lingua)
2286 3488 2465 3559 hujus
2522 3488 2732 3546 fuisset
2759 3487 3031 3560 peritiam
3061 3489 3409 3545 consecutus
3437 3483 3584 3542 nihil
3638 3484 3689 3541 ei
3742 3484 3819 3542 ad

410 3576 727 3650 perfectam
783 3575 973 3631 Sacra)
1058 3574 1230 3647 Legis
1286 3572 1680 3645 cognitionem
1732 3574 2036 3632 defuisset.
2097 3577 2209 3631 Sed
2266 3580 2498 3633 tantum
2568 3577 2860 3651 decerpsit
2908 3593 2977 3634 ex
3031 3591 3099 3632 ea
3154 3574 3357 3649 gloria,
3414 3577 3698 3647 quantum
3747 3589 3819 3629 ex

410 3664 655 3742 loquelas
707 3664 888 3737 hujus
946 3663 1143 3721 studio
1192 3662 1462 3718 detraxit.
1543 3663 1743 3719 Dicam
1800 3664 1955 3720 enim
2035 3682 2170 3723 vere
2230 3683 2243 3721 :
2302 3667 2387 3723 vel
2476 3667 2801 3724 Hebraismi
2887 3682 3094 3740 parum
3179 3665 3428 3722 scientes
3512 3667 3669 3730 sunt,
3723 3663 3816 3718 vel

408 3756 472 3815 in
504 3754 749 3814 lectione
768 3752 1174 3827 Origeniarum
1206 3768 1448 3825 operum
1484 3752 1876 3825 perfunctorie
1918 3755 2151 3825 versati,
2183 3755 2285 3829 qui
2342 3756 2621 3813 eximium
2681 3757 2821 3831 quid
2878 3755 3015 3829 ipsi,
3057 3754 3146 3812 vel
3201 3754 3261 3811 in
3318 3756 3529 3810 sanctas
3580 3751 3816 3824 lingua,

408 3845 498 3904 vel
528 3844 589 3902 in
619 3859 843 3912 earum,
876 3859 1003 3915 qua
1032 3858 1102 3898 ex
1131 3841 1242 3898 hoc
1300 3841 1455 3898 fonte
1511 3842 1777 3914 profecta:
1834 3848 1997 3915 sunt,
2056 3844 2439 3903 dialectorum
2498 3847 2707 3919 peritia
2766 3846 3057 3903 tribuunt.
3117 3845 3231 3901 Nec
3288 3842 3544 3916 opinioni
3602 3845 3814 3901 nostra:

408 3933 757 3993 contradicit
786 3932 1172 4005 Hieronymus
1204 3931 1397 4004 (epist,
1427 3928 1517 4002 25,
1549 3930 1622 3987 ad
1650 3932 1928 4002 Paulam),
1956 3933 2064 3990 etsi
2096 3934 2333 3990 videtur
2362 3936 2777 4003 contradicere,
2828 3950 2961 3990 cum
3020 3934 3103 3990 ait
3160 3931 3514 4007 singularem
3569 3929 3813 4003 loquele

412 4024 593 4097 hujus
624 4020 894 4079 notitiam
926 4021 1276 4077 demiratam
1310 4020 1368 4075 in
1399 4036 1467 4077 eo
1500 4020 1679 4077 fuisse
1708 4024 1888 4077 totam
1923 4021 2202 4078 Grzeciam
2238 4039 2251 4077 :
2288 4024 2504 4079 mirum
2536 4024 2595 4079 id
2615 4023 2829 4097 quippe
2847 4021 3030 4080 videri
3048 4021 3236 4096 potuit
3253 4021 3466 4078 Graecis
3484 4019 3810 4077 Hebraismi

413 4112 662 4170 rudibus
695 4115 754 4169 et
782 4110 1090 4185 imperitis:
1123 4126 1230 4166 nec
1286 4113 1573 4183 quantum
1633 4110 1691 4166 in
1748 4125 1813 4167 eo
1871 4110 2217 4183 profecisset
2271 4112 2548 4186 Origenes
2602 4113 2935 4170 existimare
2992 4111 3334 4169 scientibus.
3391 4110 3625 4167 Minime
3676 4124 3812 4166 vero

410 4217 581 4258 suam
613 4200 740 4272 ipse
768 4198 984 4272 lingua:
1015 4197 1197 4269 hujus
1224 4197 1649 4271 ignorationem
1682 4198 2022 4256 dissimulat
2054 4200 2263 4257 ilomil.
2299 4202 2362 4256 M
2397 4202 2455 4259 in
2485 4203 2662 4261 Num.
2698 4221 2711 4259 :
2744 4205 2910 4259 Aiunt
2937 4218 3084 4273 ergo,
3115 4202 3323 4274 inquit,
3380 4202 3477 4273 qui
3524 4200 3815 4257 Hebraica:

409 4291 622 4348 litteras
645 4289 852 4361 legunt,
886 4290 947 4343 in
977 4289 1074 4343 hoc
1106 4288 1237 4353 loco,
1273 4288 1410 4344 Deus
1438 4303 1548 4343 non
1576 4288 1679 4343 sub
1707 4289 1863 4360 signo
1905 4292 2351 4359 tetragrammati
2403 4307 2516 4347 esse
2557 4293 2796 4363 positum
2822 4308 2844 4355 ;
2871 4291 2938 4347 de
2988 4306 3112 4363 quo,
3162 4292 3261 4363 qui
3305 4295 3512 4361 potest,
3546 4289 3813 4360 requirat.

407 4380 592 4437 Multa
619 4379 680 4434 in
710 4375 1216 4434 observationibus
1246 4376 1463 4433 nostris
1493 4375 2043 4444 animadvertimus,
2074 4395 2202 4450 quas
2234 4378 2524 4435 inscitiam
2557 4381 2683 4451 ejus
2715 4380 2773 4435 in
2806 4379 3102 4436 Hebraicis
3141 4380 3545 4435 demonstrant
3575 4395 3589 4445 ;
3620 4376 3816 4447 cujus—

408 4468 569 4525 modi
599 4471 688 4525 est
720 4464 924 4522 frivola
954 4464 1055 4520 illa
1086 4464 1406 4530 distinctio,
1439 4461 1663 4538 οὖρανὸν
1696 4465 1849 4520 inter
1875 4471 1933 4522 et
1963 4486 1986 4518 ο

2238 4484 2456 4540 ,quam
2513 4468 2984 4524 comminiscitur
3039 4468 3111 4524 ad
3168 4467 3371 4523 Matth.
3402 4483 3563 4533 xvux,
3611 4466 3699 4533 i8,
3758 4469 3816 4520 et

406 4558 479 4615 ad
509 4572 688 4631 quam
718 4554 1016 4614 Christum
1047 4553 1373 4627 respexisse
1418 4552 1617 4624 tradit,
1650 4552 1817 4626 quasi
1849 4553 1999 4610 hanc
2030 4555 2465 4612 distinctionem
2496 4557 2642 4613 ferat
2679 4557 2915 4630 Syriaca
2970 4556 3275 4626 dialectus,
3334 4572 3509 4629 quam
3554 4554 3819 4611 Christus

407 4645 731 4720 usurpabat
754 4662 776 4701 ι
800 4643 1131 4717 cujusmodi
1162 4646 1252 4699 est
1275 4639 1429 4698 falsa
1460 4638 1563 4696 illa
1593 4640 1849 4698 nominis
1880 4643 2009 4699 Aser
2036 4643 2457 4717 interpretatio,
2490 4662 2618 4718 quas
2674 4645 2923 4703 habetur
2978 4645 3036 4701 in
3094 4648 3417 4710 Comment,
3476 4643 3548 4700 ad
3599 4640 3815 4698 Marth.

405 4752 568 4803 xvm,
601 4735 690 4800 19,
721 4732 891 4805 quasi
922 4732 1214 4789 derivetur
1241 4747 1277 4785 a
1304 4739 1401 4791 Ἴον
1431 4729 1673 4785 erudivit
1701 4746 1835 4786 cum
1868 4732 1969 4787 fiat
2015 4732 2086 4789 ab
2117 4746 2235 4796 nos:
2268 4734 2483 4805 ligavit.
2517 4735 2865 4807 Quanquam
2911 4734 3256 4791 auctoritate
3310 4750 3517 4790 sonum
3572 4732 3820 4805 Septua-

408 4824 572 4899 ginta
602 4823 864 4881 excusari
899 4822 957 4877 id
990 4823 1200 4893 potest,
1234 4819 1334 4891 qui
1365 4829 1485 4878 nos:
1516 4818 1831 4899 aliquando
1878 4820 1960 4877 ita
1991 4822 2389 4892 reddiderunt,
2424 4824 2591 4896 quasi
2644 4824 2798 4880 idem
2831 4828 2985 4881 esset
3039 4841 3104 4880 ac
3159 4834 3279 4885 nov.
3334 4827 3410 4879 Ut
3463 4820 3672 4895 psalm.
3730 4836 3821 4877 CIV

406 4892 604 4988 (Hebr.
636 4913 749 4985 cx).
805 4913 897 4976 22,
927 4892 1030 4983 pro
1062 4908 1299 4965 Hebraeo
1328 4916 1466 4969 me
1505 4892 1705 4975 'HDNL),
1739 4907 1954 4965 habent
1980 4932 1984 4943 ε

2244 4915 2390 4965 εὖσαι
2419 4892 2546 4974 τοὺς
2580 4931 2849 4988 αρχοντας
2905 4910 3089 4968 αὐτοῦ.
3124 4912 3393 4986 Vulgata,
3452 4892 3514 4968 ίῖι
3578 4908 3819 4966 erudiret

400 5003 685 5077 principes
713 5003 858 5074 ejus.
894 5000 960 5054 Et
989 4998 1085 5054 Os.
1138 5014 1192 5061 κ.
1252 4997 1339 5064 iO,
1402 5007 1592 5058 cnam
1630 5016 1642 5059 :
1675 4998 1832 5067 LXX,
1890 5018 1978 5053 παι

2240 4999 2427 5063 λύτούς
2461 5020 2474 5069 ;
2505 5001 2781 5075 Vulgata,
2841 5002 3155 5075 Corripiant
3199 5018 3285 5059 eos
3341 4998 3673 5071 cujusmodi
3729 5003 3818 5055 est

408 5092 722 5163 depravata
748 5087 851 5143 illa
882 5085 1053 5142 lectio
1084 5083 1195 5140 loci
1227 5086 1612 5157 interpretum
1645 5086 1809 5164 LXX,
1836 5087 1883 5142 Il
1915 5089 1986 5144 Es

2238 5089 2272 5159 Ι,
2308 5087 2569 5164 εὐνοῦχος
2597 5093 2676 5160 τῷ
2710 5086 2945 5163 βασιλεῖ.
2977 5089 3137 5153 Quod
3191 5091 3239 5146 si
3290 5089 3349 5144 in
3391 5087 3695 5144 Hebraicis
3723 5092 3816 5143 ut-

406 5160 641 5266 cunque
683 5174 894 5266 fuisset
930 5178 1218 5241 versatus,
1266 5190 1393 5246 quas
1423 5175 1640 5232 habent
1667 5160 1984 5266 15135.1th

2242 5160 2536 5245 endasset,
2568 5160 2771 5253 utique
2816 5180 2873 5235 in
2929 5183 3047 5241 τοῖς
3078 5183 3130 5231 O'
3159 5177 3412 5254 οἰνοχόος
3464 5180 3542 5248 τῷ
3577 5173 3811 5249 βασιλει,

406 5267 457 5324 si
490 5264 663 5322 modo
693 5263 851 5319 hunc
880 5263 1007 5335 ipse
1035 5278 1286 5320 errorem
1321 5282 1435 5321 non
1468 5265 1700 5335 invexit,
1752 5265 1853 5337 qui
1910 5263 2064 5322 certe
2118 5266 2181 5323 in
2237 5269 2383 5324 LXX
2413 5269 2711 5325 seniorum
2768 5267 3198 5341 exemplaribus
3253 5266 3523 5340 nuspiam
3579 5269 3769 5320 exstat
3799 5283 3812 5320 :

406 5353 739 5427 cujusmodi
770 5358 860 5409 est
888 5354 1084 5426 inepta
1115 5353 1216 5410 illa
1246 5355 1527 5427 expositio
1559 5354 2272 5428 vocabuli,Joannes,quod
2295 5358 2533 5414 formari
2556 5357 2960 5413 existimavita
2980 5356 3215 5413 nomine
3232 5366 3365 5419 mm
3388 5354 3618 5428 praefixo
3639 5359 3698 5409 et
3716 5363 3814 5442 pr:

407 5461 541 5502 cum
560 5459 629 5499 ex
643 5442 767 5500 solo
786 5454 883 5532 ’μη
907 5444 1153 5516 przefixis
1170 5444 1480 5501 servilibus
1503 5443 1714 5499 litteris
1735 5443 2061 5499 derivatum
2084 5445 2544 5518 sit.Plerumque
2564 5446 2765 5500 itidem
2780 5445 3046 5519 peccatio
3062 5442 3813 5532 perscrutandisnominum

408 5531 827 5590 Hebraicorum
850 5532 1463 5606 originibus.Proclive
1492 5533 1548 5587 id
1581 5549 1791 5605 nempe
1822 5532 1933 5587 fuit
1960 5532 2083 5589 viro
2106 5536 2177 5590 ad
2199 5534 2595 5592 mutuatitiam
2616 5534 2806 5590 lucem
2834 5535 3079 5607 vestigia
3099 5551 3207 5590 sua
3236 5534 3294 5590 in
3327 5533 3467 5589 locis
3493 5531 3710 5604 ignotis
3728 5548 3813 5587 re-

420 5622 600 5697 genti:
636 5622 949 5695 praestabat
969 5628 1166 5679 autem
1186 5623 1376 5679 lucem
1397 5622 1639 5678 Judzeus
1664 5620 1949 5693 Philo,qui
1978 5623 2257 5681 Hebraica
2280 5624 2503 5681 Veteris
2524 5624 2882 5680 Testamenti
2905 5624 3145 5680 nomina
3166 5624 3440 5696 peculiari
3458 5622 3606 5677 libro
3630 5621 3813 5677 fuerat

412 5714 829 5785 interpretatus
863 5728 875 5768 :
910 5712 1003 5768 cui
1033 5712 1182 5768 libro
1214 5730 1412 5785 parem
1445 5710 1754 5782 subjunxit
1783 5711 2084 5784 Origenes,
2116 5713 2530 5771 Hebraicorum
2590 5714 2731 5771 Novi
2791 5714 3150 5769 Testamenti
3206 5712 3627 5786 expositionem
3657 5726 3811 5766 com-

411 5801 666 5877 plexum.
700 5801 807 5867 Qui
836 5819 970 5859 vero
1003 5820 1115 5857 non
1144 5801 1483 5859 offendisset
1509 5800 1807 5873 Origenes,
1842 5800 2142 5857 Philonem
2176 5820 2429 5877 sequens
2466 5804 2697 5868 ducem,
2755 5802 2852 5873 qui
2907 5803 3146 5858 Judseus
3202 5801 3355 5871 licet,
3410 5800 3627 5857 Judzeis
3683 5816 3810 5872 pro-

410 5888 645 5969 gnatus,
677 5907 750 5949 ne
780 5890 1058 5949 mediocri
1088 5890 1327 5963 quidem
1376 5888 1703 5947 litterarum
1755 5889 2166 5950 Hebraicarum
2213 5909 2379 5966 aura,
2432 5892 2521 5949 uti
2568 5905 2759 5966 neque
2798 5890 3125 5949 Hellenistes
3181 5890 3297 5949 fere
3353 5888 3583 5964 reliqui,
3629 5887 3811 5946 fuerat

411 5982 644 6044 afﬂatus
668 5980 698 6043 τ
725 5979 789 6043 Id
821 5981 871 6040 si
901 5980 1100 6038 minus
1129 5980 1191 6038 in
1220 5978 1562 6039 hominibus
1590 5977 1953 6039 Alexandriae
1982 5980 2135 6040 natis
2167 5985 2225 6040 et
2252 5980 2515 6040 educatis
2545 5997 2762 6041 novum
2791 5982 2899 6055 est,
2958 5996 3205 6059 quorum
3239 5982 3458 6039 natura:
3487 5992 3810 6055 repugnare
