3970 6388
478 318 483 321 -
499 284 656 365 4355

744 422 1012 501 Interpres
1060 432 1308 490 Latinus.

493 575 771 648 Zabulon,
806 584 1013 652 captus
1043 581 1295 655 pignori.

492 775 576 829 sic
606 776 993 849 Hieronymus
1068 781 1124 835 ui
1158 781 1408 838 litteram
1436 795 1473 848 ν
1494 785 1667 841 Tsade
1697 787 2025 842 numeravit
2051 788 2161 842 inn

492 851 580 901 ter
607 852 726 903 tres
756 848 982 906 litteras
1024 797 1073 907 (ἒ
1117 852 1486 907 Hebraeorum
1515 874 1527 907 :
1576 858 1794 907 auiaue
1835 860 1904 907 de
1935 860 2136 907 eodem

490 851 580 901 ter
607 852 726 903 tres
756 848 982 906 litteras

492 920 730 1001 nomine
758 922 895 976 Zoor
924 922 1011 1001 sic
1040 925 1332 981 scribebat
1361 943 1540 998 supra
1570 920 1678 983 c'ol.
1700 920 1826 984 '16:
1876 952 1903 978 ‹‹
1936 932 2137 1001 Segor,

490 993 691 1072 inquit,
726 995 1130 1072 parva:_ip_sa_
1175 1002 1265 1051 est
1316 993 1454 1072 quae
1493 1002 1550 1053 et
1602 1017 1781 1072 supra
1834 993 2135 1057 Soor."Scd

489 1064 796 1137 sciendum
830 1066 983 1137 quod
1020 1064 1066 1120 Β
1097 1064 1350 1123 litteram
1400 1069 1459 1124 in
1514 1064 1705 1126 medio
1739 1088 1852 1127 non
1887 1073 2134 1128 habeat:

490 1135 901 1218 scribaturque
929 1140 1079 1218 apud
1116 1139 1386 1218 Hebrzeos
1408 1158 1518 1218 per
1532 1142 1786 1218 vocalem
1812 1143 1939 1218 Ain.
1980 1167 2016 1218 »_
2038 1146 2138 1200 So-

488 1224 631 1261 num
664 1209 919 1280 denique
949 1208 1148 1264 litteras
1180 1208 1429 1267 Hebraea}
1484 1212 1644 1277 Sade,
1691 1232 1863 1270 aures
1896 1216 2135 1271 Latino-

487 1296 618 1333 rum
674 1281 1050 1351 reformidare
1082 1283 1248 1337 testis
1291 1288 1380 1338 est
1429 1284 1539 1339 col.
1588 1286 1673 1341 15.
1723 1291 1904 1351 Quem
1941 1286 2133 1343 locum

485 1350 717 1428 consuli
743 1351 917 1428 velim
948 1353 1019 1428 ab
1051 1356 1278 1428 erudito
1310 1356 1660 1428 curioseque
1691 1350 1922 1414 lectore.

557 1422 571 1454 ¹
607 1421 756 1478 Male
781 1439 847 1478 ac
867 1423 1150 1480 violenter
1170 1421 1586 1498 interpretatur
1604 1429 1900 1501 Josephus
1921 1447 2132 1486 nomen

481 1511 765 1578 Zabulon;
817 1513 1101 1583 quoniam
1150 1515 1451 1571 Hebraeum
1504 1502 1631 1577 513':
1679 1518 1869 1583 Zebul,
1901 1523 2002 1574 aut
2030 1504 2133 1579 ινιτ

479 1582 1015 1664 Ζαὸαζ,.ηοι)“ιιθοῐᾳ
1063 1585 1309 1642 vertitur
1345 1605 1447 1664 per
1493 1588 1756 1664 Graecum
1807 1582 2132 1664 ἐνέχυράζο-

484 1673 601 1724 μαι,
635 1654 692 1708 id
723 1659 831 1725 est,
862 1659 1227 1734 _oppigneror_,
1278 1654 1944 1734 ιιῐῖἀΘ-ᾐνεχυρασμὲνοξ,
1971 1654 2130 1732 ὀρρἱ-

479 1727 877 1804 gnerm~us,_vel
916 1727 1118 1804 captus
1154 1731 1398 1804 pignori.
1450 1727 2133 1804 Hieronymianzeig'itur

480 1798 840 1884 etymologiae
864 1798 1303 1884 adhzsrent'l'ui‘n,
1330 1819 1457 1884 quae
1482 1798 2133 1875 posita'nosciturj'uxta

480 1869 653 1923 fidem
687 1869 1111 1926 elementorum
1145 1869 1583 1929 Hebraicorum.

442 1996 447 1997 ,
479 1940 871 2017 mJosephum
905 1958 1060 1997 nunc
1090 1944 1137 1998 si
1171 1961 1303 1999 cum
1336 1945 1595 2013 Philone,
1622 1964 1687 2001 ac
1720 1964 1853 2001 cum
1882 1950 2130 2017 utroque

479 2011 899 2089 Hieronymum
918 2016 1477 2089 comparaverimus,
1500 2011 1671 2073 modo
1692 2019 1886 2089 ipsum
1913 2035 1947 2073 a
1968 2011 2130 2072 Jose-

478 2082 615 2154 pho,
651 2084 824 2138 modo
856 2101 888 2138 a
918 2082 1159 2141 Philone
1210 2082 1525 2145 dissentiro
1567 2082 1918 2156 fatebimur;
1955 2092 2128 2145 modo

1117 852 1486 929 Hebraeorum
1515 874 1527 911 :
1576 858 1794 929 quique
1835 860 1904 913 de
1935 860 2136 914 eodem

1987 314 2406 378 APPENDIX.

2054 448 2329 520 Iosephus.

1655 587 1668 620 ¹
1702 580 2013 662 Ζαϐουλὼν,
2048 591 2512 667 ἡνεχυρκσμένος,
2546 612 2602 667 p.
2633 599 2719 651 3i.

3746 327 3902 391 £356

3174 457 3558 531 Hieronymus.

2831 599 3112 664 Zabulon,
3161 600 3567 658 habitaculum
3603 603 3899 660 fortitudi-

2906 671 3017 741 nis,
3050 671 3135 726 vel
3163 673 3609 744 jusjurandum,
3641 679 3751 731 etc.

2252 791 2639 871 scriptoribus
2672 793 3165 871 __i_n__etymologia
3217 798 3473 853 nominis
3530 800 3680 864 Abel,
3742 801 3896 871 quod

2251 861 2637 944 luctumaphud
2672 861 2968 944 lfhilou'em
3003 861 3261 944 aequent
3290 861 3804 944 apungosephui'n
3828 871 3897 927 si-

2249 934 2831 1015 gniﬁcat.;Similiter
2859 943 2916 992 et
2944 938 3003 1015 in
3036 934 3272 995 nomine
3304 934 3488 1010 Babel,
3521 934 3640 998 sive
3673 943 3897 1015 Babylo-

2247 1005 2355 1085 nis,
2387 1007 2541 1076 quod
2573 1010 2949 1085 confusionem
2977 1010 3432 1085 interpretantur
3448 1005 3616 1082 juxta
3644 1005 3898 1085 proprie-

2251 1080 2429 1131 tatem
2459 1080 2747 1132 sermonis
2785 1080 3023 1134 tlebrmi.
3054 1080 3211 1137 Atin
3240 1080 3897 1141 famosissima—nomine

2251 1148 2440 1217 Israel,
2471 1150 2544 1203 ab
2597 1155 2841 1221 utroque
2891 1153 3165 1227 dissentit
3208 1154 3633 1225 Hieronymus;
3665 1157 3810 1227 quin
3841 1163 3896 1212 et

2247 1223 3015 1294 eorunrerrorescastigat
3063 1224 3210 1281 libro
3260 1223 3895 1294 Quaslionumllebrai-

2245 1291 2517 1371 curumin
2548 1292 2839 1371 Genesim.
2864 1291 3137 1371 Philonis
3168 1291 3403 1371 quidem
3439 1299 3736 1371 redarguit
3765 1305 3892 1371 ety-

2248 1361 2561 1440 mologiam
2612 1365 2999 1440 in_vocab_ulo
3051 1361 3239 1440 lsraél,
3300 1370 3453 1440 quod
3503 1361 3649 1425 illud
3708 1361 3895 1425 vide-ns

2246 1434 2416 1509 Deum
2445 1433 2850 1509 transtulerit:
2882 1438 3122 1509 Josephi
3176 1433 3371 1494 autem
3416 1441 3664 1497 dicentis
3695 1441 3754 1496 id
3787 1442 3894 1498 ha-

2246 1505 2381 1580 bere
2411 1505 2864 1580 significantium
2896 1505 3215 1566 reluctantis
3257 1513 3459 1580 angelo
3497 1514 3614 1569 Dei.
3658 1513 3784 1567 Non
3812 1514 3894 1569 sic

2246 1576 2304 1651 in
2337 1576 2657 1651 vocevaa;
2695 1579 2751 1651 in
2786 1580 2892 1634 hac
2922 1581 3078 1636 enim
3108 1576 3424 1637 concordat
3462 1601 3595 1639 cum
3630 1583 3893 1651 Philone,

2244 1648 2600 1703 dissentiens
2634 1667 2667 1704 a
2694 1650 2973 1723 Josepho,
3006 1654 3106 1723 qui
3136 1653 3318 1709 voluit
3363 1656 3527 1709 Evam
3557 1648 3893 1723 signiﬁcare

2244 1728 2474 1774 matrem
2497 1726 2819 1795 cunctorum,
2841 1725 3139 1779 viventium
3165 1742 3178 1789 ;
3212 1742 3346 1780 cum
3372 1728 3544 1795 juxta
3572 1725 3745 1782 ﬁdem
3773 1726 3891 1783 ele-

2244 1792 2728 1868 mentorumhoc
2777 1794 3068 1868 signiticet
3115 1798 3307 1868 vitam,
3344 1792 3488 1852 nihil
3527 1799 3795 1854 addendo
3825 1799 3895 1854 de

2242 1861 2375 1917 aliis
2404 1862 2643 1935 Josephi
2679 1861 2895 1921 verbis.

2313 1952 2435 2034 Sed.
2464 1969 2542 2034 ne,
2567 1954 2860 2034 superflue
2890 1955 3057 2034 dicta
3087 1956 3176 2010 vel
3227 1956 3476 2034 dicenda
3506 1956 3890 2034 inculcemus,

2241 2020 2472 2100 lectoris
2496 2020 2693 2079 studio
2718 2025 3057 2100 huiusmodi
3087 2029 3554 2100 comparationes
3574 2020 3889 2085 Auctorum

2239 2096 2558 2173 permitto;
2613 2102 2677 2173 ut
2727 2099 2929 2173 eadem
2978 2100 3158 2173 semel
3207 2096 3265 2154 et
3314 2101 3524 2173 iterum
3580 2101 3889 2173 replicasse

2240 2172 2569 2243 contentus,
2603 2169 2689 2243 de,
2704 2169 2840 2243 aliis
2874 2172 3134 2226 nondum
3161 2172 3441 2242 expositis
3471 2169 3787 2243 proclivior
3815 2173 3891 2228 sit

2238 2238 2383 2293 mihi
2416 2256 2482 2294 ac
2513 2240 2835 2313 expeditior
2864 2243 3010 2297 ratio
3041 2238 3399 2315 disputandi.

477 2170 610 2208 cum
643 2156 930 2211 ambobus
961 2159 1309 2225 consentire,
1360 2161 1461 2215 sed
1504 2161 1693 2217 rarius
1737 2161 2124 2217 inveniemus.

474 2225 777 2281 Consentit
827 2228 986 2283 verbi
1045 2230 1236 2301 gratia
1284 2231 1675 2305 Hieronymus
1728 2250 1863 2289 cum
1902 2233 2126 2289 Judaeis

1853 2446 3875 2478 Ἦ

1479 2662 2852 2831 APPENDICIS

1764 2959 2029 3047 PARS
2090 2958 2570 3048 ALTERA,

1300 3154 1862 3218 COMPLECTENS
1906 3156 2195 3219 LATINA
2240 3158 2588 3229 OU/EDAM
2634 3160 3045 3222 OPUSCULA

965 3337 1031 3398 S.
1082 3335 1463 3417 Hieronymo
1506 3335 1656 3397 olim
1701 3336 1861 3399 falso
1905 3337 2145 3399 tumin
2190 3337 2373 3399 editis
2414 3355 2557 3399 cum
2603 3356 2750 3399 mss.
2797 3337 2974 3400 libris
3016 3338 3347 3401 attributa.

1314 3667 1795 3733 ADMONITIO
1835 3668 1938 3732 ΙΝ
1976 3669 2487 3734 SUBJECTUM
2522 3670 2988 3736 LIBELLUM.

510 4067 676 4122 Hunc
703 4082 845 4123 sane
876 4065 1223 4140 diligentem
1255 4068 1432 4138 atque
1457 4065 1754 4122 eruditum
1784 4064 2049 4122 libellum
2080 4070 2300 4122 veteres
2329 4067 2582 4124 editores
2608 4068 3057 4141 Hieronymiano
3080 4067 3412 4140 cognomini
3433 4066 3582 4123 libro
3603 4067 3677 4124 de
3702 4069 3851 4125 Locis

440 4157 722 4213 continuo
752 4154 1163 4225 subdiderunt,
1196 4160 1397 4227 utpote
1426 4172 1623 4227 quem,
1654 4154 1789 4211 licet
1817 4156 1875 4211 S.
1909 4155 2170 4211 Doctoris
2202 4157 2380 4212 fetum
2433 4174 2548 4212 non
2600 4172 2729 4212 esse
2778 4155 2949 4212 bonis
2988 4157 3350 4229 argumentis
3381 4156 3742 4229 colligerent,
3776 4158 3846 4215 ad

435 4247 564 4316 ejus
594 4251 791 4301 tamen
823 4261 1067 4317 operum
1097 4243 1496 4301 collectionem
1542 4245 1831 4317 pertinere
1880 4262 1994 4300 non
2036 4245 2392 4318 ignorarent.
2446 4263 2550 4301 nec
2590 4246 2825 4319 penitus
2872 4246 3177 4318 repudiare
3226 4249 3428 4303 contra
3456 4245 3839 4302 vetustiorum

431 4334 772 4391 testimonia
801 4334 1124 4390 auderent:
1158 4334 1314 4406 quod
1344 4337 1562 4390 temere
1592 4336 1811 4390 factum
1842 4351 1873 4390 a
1905 4334 2257 4403 Martianzeo,
2307 4336 2409 4409 qui
2439 4335 2609 4391 illum
2660 4335 2796 4391 hinc
2836 4336 3022 4407 jussit
3063 4334 3344 4402 exsulare,
3380 4351 3551 4390 nemo
3583 4351 3700 4391 non
3727 4334 3839 4392 im-

432 4424 711 4497 probarit.
747 4425 813 4479 Et
841 4440 975 4479 vero
1006 4423 1274 4494 quaedam
1323 4423 1513 4496 ipsius
1559 4424 1750 4496 aperis
1800 4424 2244 4494 germanitatem
2295 4425 2606 4479 videantur
2652 4440 2934 4491 asserere,
2968 4429 3142 4496 atque
3172 4424 3292 4480 ilth
3334 4429 3474 4480 sunt
3501 4425 3559 4479 in
3596 4424 3838 4496 primis:

436 4520 746 4570 Auctorem
780 4513 959 4567 videri
995 4512 1226 4585 Syriace
1256 4512 1406 4568 scire
1434 4530 1446 4569 :
1484 4518 1607 4569 tum
1637 4530 1764 4585 quae
1788 4514 1857 4569 de
1890 4513 2135 4585 Sychem
2169 4520 2228 4569 et
2274 4515 2535 4569 Saronna
2578 4514 2779 4579 tradit,
2811 4514 3066 4569 Judaicaa
3096 4514 3260 4570 illum
3304 4513 3666 4586 geographia
3698 4514 3839 4570 satis

425 4604 684 4677 peritum
717 4603 1062 4674 designare;
1097 4617 1225 4672 quae
1257 4602 1372 4656 duo
1404 4607 1688 4673 quantum
1740 4619 1858 4673 praa
1906 4603 2129 4658 caeteris
2178 4603 2530 4675 Hieronymo
2582 4603 2950 4672 conveniant,
3002 4621 3117 4659 non
3168 4609 3257 4660 est
3287 4605 3382 4676 qui
3418 4605 3665 4676 ignoret.
3693 4604 3834 4660 Nam

428 4695 580 4766 quod
612 4695 682 4749 de
711 4697 958 4762 Smyrna
990 4690 1172 4763 Lyciae
1201 4690 1430 4746 civitate
1460 4691 1728 4763 loquens,
1755 4692 1952 4763 ipsum
1984 4692 2057 4747 de
2096 4693 2333 4746 nomine
2380 4691 2579 4747 laudet
2627 4693 3063 4764 Hieronymum,
3098 4711 3224 4765 qua).
3269 4692 3547 4766 palmaris
3578 4692 3835 4748 erudito-

426 4801 556 4839 rum
589 4788 683 4838 est
713 4783 878 4848 ratio,
914 4785 977 4835 nt
1008 4781 1162 4836 hunc
1194 4782 1264 4836 ab
1296 4781 1645 4854 Hieronymo
1676 4781 1892 4837 librum
1926 4782 2280 4851 abjudicent,
2334 4798 2447 4837 non
2504 4799 2691 4853 usque
2741 4782 2884 4837 adeo
2918 4783 3150 4837 firmum
3200 4787 3611 4853 argumentum
3642 4781 3832 4837 visum

428 4877 518 4930 est
543 4874 806 4934 Erasmo.
839 4870 1315 4942 quandoquidem
1357 4872 1543 4943 potuit
1574 4870 1675 4926 illa
1706 4871 1955 4927 studiosi
1989 4870 2240 4942 alicujus
2271 4872 2492 4927 notatio
2545 4888 2613 4927 ex
2658 4871 2921 4944 margine
2954 4871 3009 4926 in
3045 4875 3264 4927 textum
3304 4871 3627 4944 irrepsisse.
3672 4870 3828 4935 Quod

427 4963 667 5035 quidem
699 4977 765 5016 eo
797 4961 861 5014 ﬁt
890 4958 1305 5030 verosimilius,
1334 4962 1489 5031 quod
1522 4977 1636 5015 non
1670 4960 1879 5015 iisdem
1912 4965 2088 5032 atque
2118 4959 2271 5031 apud
2322 4964 2377 5015 8.
2430 4961 2734 5016 Doctorem
2779 4960 2970 5016 verbis
3002 4961 3278 5016 recitatur
3307 4960 3401 5015 hic
3434 4959 3630 5016 locus:
3664 4961 3829 5014 Porro

418 5055 785 5124 Hieronymus
815 5051 873 5105 in
907 5050 1064 5104 libris
1095 5051 1449 5107 Hebraeorum
1477 5052 1774 5107 Nominum
1796 5052 1955 5122 ponit
1985 5051 2290 5121 myrrham,
2340 5059 2391 5105 et
2436 5051 2831 5121 interpretatur
2873 5067 3143 5105 amaram.
3195 5050 3310 5105 Nec
3341 5050 3554 5106 desunt
3582 5049 3828 5120 denique

418 5144 721 5198 doctorum
755 5139 1063 5197 hominum
1096 5139 1451 5208 testimonia,
1485 5144 1661 5212 atque
1690 5156 1892 5195 eorum
1926 5154 2059 5195 cum
2094 5138 2320 5210 primis.
2363 5138 2464 5211 qui
2516 5139 2727 5195 critica:
2777 5140 2919 5195 artis
2967 5139 3213 5211 gloriam
3267 5139 3694 5206 sustinuerunt,
3726 5136 3825 5192 Ca-

417 5229 1105 5301 sauboniScaligeriquc,
1138 5245 1390 5300 quorum
1451 5229 1599 5285 alter
1657 5228 1941 5285 miraculo
2000 5227 2091 5283 hic
2151 5233 2421 5285 enarrato
2478 5228 2653 5283 fidem
2715 5231 2994 5299 tanquam
3027 5246 3093 5284 ex
3126 5228 3459 5300 Hieronymi
3491 5226 3827 5284 auctoritate

414 5319 672 5389 adhibet,
704 5318 850 5374 alter
876 5322 1174 5373 auctorem
1208 5318 1473 5389 impense
1504 5318 1724 5373 laudat.

484 5435 893 5501 Nihilosecius,
928 5451 1054 5506 quae
1087 5436 1215 5504 ejus
1265 5439 1557 5491 auctorem
1610 5452 1724 5490 non
1778 5451 1907 5490 esse
1959 5434 2376 5506 Hieronymum
2423 5434 2833 5507 persuadeant,
2885 5434 3111 5507 potiora
3141 5437 3281 5489 sunt
3310 5432 3477 5489 nobis
3508 5435 3814 5488 momenta.

412 5525 714 5582 Enimvero
748 5524 934 5592 Bedes,
969 5525 1023 5579 in
1056 5526 1225 5595 cujus
1257 5542 1489 5596 quoque
1541 5525 1816 5596 operibus
1868 5526 2199 5579 continetur
2244 5524 2639 5597 vulgatusque
2683 5532 2791 5591 est,
2827 5525 3012 5580 multo
3044 5524 3237 5580 verius
3268 5522 3565 5589 tribuitur,
3601 5537 3738 5577 nam
3767 5523 3816 5576 et

410 5632 477 5673 ea
508 5622 791 5688 tempora,
824 5618 881 5669 et
909 5615 1036 5683 ejus
1071 5614 1337 5670 Auctoris
1395 5615 1697 5686 ingenium
1752 5619 1871 5669 tota
1927 5614 2262 5684 scriptionis
2312 5615 2489 5671 series
2538 5636 2605 5674 ac
2652 5616 2838 5687 stylus
2891 5616 3082 5668 refert.
3118 5618 3157 5665 Ε
3187 5612 3476 5666 contrario
3526 5609 3660 5683 quis
3704 5609 3813 5664 haec

409 5711 573 5775 putet
604 5705 672 5758 ml
709 5702 1041 5771 Hieronymi
1072 5721 1257 5757 arvum
1291 5710 1573 5774 spectare,
1604 5704 1701 5757 ubi
1736 5704 1805 5759 de
1839 5704 2123 5758 Damasco
2155 5703 2400 5775 loquens
2434 5713 2670 5772 Auctor,
2723 5707 2898 5773 Nunc,
2945 5703 3156 5775 inquit,
3200 5702 3594 5799 Saracenorum
3616 5706 3809 5799 metro-

407 5795 549 5863 polis
583 5811 693 5847 esse
719 5791 1056 5863 perhibctm'.
1094 5794 1240 5847 Umlc
1286 5799 1335 5846 cl
1387 5811 1485 5847 rtu'
1530 5812 1714 5847 eorum
1769 5796 1996 5847 Mincius
2044 5795 2308 5861 fuumsttm
2362 5797 2417 5848 in
2463 5812 2524 5850 ea
2571 5797 2681 5851 sibi
2738 5810 2762 5847 s
2806 5809 2956 5864 θρᾳτιο
2998 5793 3157 5864 genti
3205 5791 3489 5844 basilicam
3527 5787 3803 5887 dedicavit,

406 5882 738 5941 Christianis
769 5882 829 5936 in
858 5880 1095 5934 circuitu
1137 5881 1346 5937 civibus
1400 5883 1654 5954 Baptistae
1702 5886 1940 5941 Joannis
1992 5883 2271 5940 ecclesiam
2311 5886 2825 5959 [i'equentantibuu
2883 5898 3017 5938 cum
3064 5880 3273 5951 tandiu
3313 5884 3446 5955 post
3474 5880 3528 5936 S.
3561 5878 3801 5938 Doctoris
