3970 6390
119 332 265 400 135⁸7
1228 328 1533 393 NOMINA
1575 329 1950 394 LOCORUM
1996 329 2099 391 EX
2140 328 2390 393 ACTIS.
3355 327 3513 393 1358

120 467 337 525 obitum
367 462 581 521 Baculo
609 479 686 521 vn
717 462 987 520 Saraceni
1018 463 1303 519 Damasco
1336 463 1509 536 positi
1541 463 1696 519 sint?
1721 463 1833 519 Nec
1865 463 2196 535 scripsiswt
2242 464 2651 536 Hieronymus,
2692 462 2900 520 Arabia
2941 479 3107 521 sacra
3160 466 3515 536 interpretari

117 557 317 613 dicitur
334 572 353 609 :
382 570 446 610 eo
477 553 618 625 quod
645 555 718 609 sit
745 554 894 623 regio
917 554 1191 622 thurifera
1220 552 1403 607 odores
1430 569 1641 619 creans,
1698 569 1824 623 qua
1855 552 2098 607 totidem
2129 552 2302 607 verba
2346 556 2486 607 sunt
2538 552 2743 617 Isidori
2797 552 3182 624 Hispalensis,
3224 554 3515 624 Originum

119 644 157 701 l.
189 660 302 712 xxv,
335 658 462 715 cap.
496 643 550 712 3,
584 646 650 697 ut
678 642 897 717 etjsta,
932 641 1088 696 Chios
1120 640 1330 707 insula,
1363 642 1521 712 cujus
1566 658 1765 695 nomen
1819 641 1959 712 Syra
2013 642 2203 712 lingua
2246 642 2521 697 nzasticem
2554 642 2818 712 designat,
2877 657 2939 697 eo
2996 641 3135 712 quod
3183 642 3261 696 ibi
3310 644 3516 698 maslia:

116 734 357 805 gignitur
380 749 400 785 :
452 735 511 786 et
566 729 845 803 pleraque
874 728 989 785 alia
1019 746 1087 785 ex
1116 730 1320 785 eodem
1347 727 1497 784 libro
1519 728 1693 800 paulo
1722 728 2054 783 immutatis
2086 728 2275 784 verbis
2306 729 2616 801 descripta.
2647 730 2754 785 Sed
2787 735 2844 785 et
2872 746 2939 785 ex
2970 729 3301 803 Hieronymi
3322 730 3514 801 ipsius

115 816 556 877 Commentariis
586 816 872 873 nonnulla
903 816 1258 887 delibantur,
1292 817 1447 889 quod
1480 833 1547 873 ex
1577 818 1762 890 Joppe
1792 818 1966 873 titqu
1999 822 2173 889 atque
2204 818 2337 873 aliis
2362 818 2629 888 subinde,
2690 835 2840 891 quos
2884 818 3083 875 lectori
3132 819 3515 875 conferendos

121 906 529 980 relinquimus,
562 905 734 978 plane
760 906 1073 963 constabit.
1107 905 1494 969 Quamobrem
1529 922 1644 961 non
1675 904 1962 973 videmus,
1995 905 2087 960 cui
2134 905 2329 961 verius
2386 906 2737 970 ascribatur.
2797 923 2976 979 quam
3032 907 3219 973 Beda,
3265 906 3359 963 cui
3400 906 3513 963 hoc

116 1001 235 1054 erat
262 996 442 1052 etiam
475 994 534 1049 in
568 1010 729 1049 more
760 994 1041 1067 positum,
1076 998 1141 1049 ut
1169 1012 1237 1049 ex
1268 993 1516 1050 aliorum
1550 993 1786 1065 scriptis
1818 1010 1925 1048 sua
1956 994 2175 1065 passim
2208 993 2663 1049 consarcinaret.
2699 996 2759 1049 In
2783 995 2916 1049 cod.
2948 999 3143 1049 autem
3174 999 3374 1050 nostro
3396 1010 3508 1050 ms.

116 1101 283 1159 quem
314 1082 473 1139 domi
497 1082 809 1150 habemus,
840 1088 898 1140 et
926 1084 996 1139 ad
1029 1099 1204 1155 quem
1230 1083 1531 1155 vulgatum
1562 1082 1884 1154 exegimus,
1917 1099 2172 1139 errorem
2206 1083 2337 1155 ipsa
2367 1088 2538 1139 cavet
2566 1083 2909 1156 inscriptio:
2937 1084 3169 1141 Nomina
3209 1084 3513 1155 Regionum

112 1179 271 1246 atque
296 1174 562 1241 Locorum
588 1171 653 1228 de
680 1172 903 1229 Actibus
932 1174 1319 1245 apostolorum,
1350 1188 1461 1229 non
1490 1172 1558 1228 ab
1587 1174 1938 1244 Hieronymo,
1971 1171 2063 1227 sed
2090 1173 2159 1227 ab
2191 1171 2304 1228 alio
2332 1171 2572 1243 quodam
2597 1172 2887 1244 descripta.

591 1534 970 1627 LIBER
1038 1530 1640 1628 NOMINUM
1712 1529 2354 1645 LOCOBUM,
2416 1530 2584 1623 EX
2649 1531 3033 1626 ACTIS.

907 1929 953 1982 A
1788 1925 1844 1991 Α
1945 1924 2764 1996 AntiochiaAct.x1,19;x1v,
2827 1927 2923 1993 18;
2971 1944 3064 1994 xv,
3124 1927 3235 1999 22),
3287 1925 3513 1985 civitas.

176 2016 579 2075 Acheldema1
639 2016 772 2086 (Act,
830 2033 868 2082 ι,
928 2015 1039 2086 49),
1098 2031 1237 2087 ager
1285 2013 1614 2087 sanguinis,
1662 2011 1761 2084 qui

110 2108 284 2164 hodie
313 2123 551 2179 quoque
583 2106 1022 2160 demonstratur
1052 2104 1110 2159 in
1147 2103 1291 2159 Allia
1323 2104 1393 2158 ad
1447 2101 1762 2158 australem

111 2197 346 2271 plagam
379 2194 599 2251 montis
628 2194 766 2249 Sion
794 2209 805 2247 :
840 2197 899 2249 et
928 2192 1212 2248 hactenus
1236 2193 1403 2261 juxta
1423 2192 1762 2247 Judaorum

108 2284 427 2343 consilium
483 2287 748 2339 mortuos
803 2281 1112 2354 ignobiles,
1163 2281 1312 2337 alios
1359 2285 1514 2336 terra
1562 2279 1762 2351 tegit”,

107 2374 252 2432 alios
275 2375 391 2431 sub
422 2373 557 2428 divo
588 2372 919 2445 putrefacit.

176 2463 335 2520 Asia
367 2461 524 2535 regio
552 2462 687 2534 (Act.
718 2476 832 2531 xv1,
865 2461 900 2514 6
925 2478 938 2527 ;
959 2477 1079 2528 χιχ,
1114 2460 1222 2531 10),
1246 2476 1372 2530 qua
1394 2457 1765 2531 cognomina-

105 2557 204 2609 tur
232 2552 449 2621 Minor,
483 2550 704 2622 absque
735 2547 999 2605 orientali
1025 2552 1207 2621 parte,
1243 2564 1359 2620 qua
1380 2548 1450 2603 ad
1473 2548 1767 2620 Cappado-

106 2642 259 2698 ciam
282 2639 634 2714 Syriamque
663 2638 1056 2712 progreditur,
1088 2637 1349 2710 undique
1406 2637 1767 2692 circumdata

107 2733 196 2786 est
208 2729 385 2797 mari,
409 2728 582 2800 cujus
601 2726 906 2800 provincia
921 2730 1078 2791 sunt,
1106 2726 1377 2799 Phrygia,
1403 2724 1762 2798 Pamphylia,

111 2818 335 2890 Cilicia,
372 2816 681 2890 Lycaonia,
715 2814 960 2886 Galatia,
997 2820 1055 2872 et
1083 2814 1209 2871 alia
1242 2814 1461 2881 multa,
1495 2816 1593 2871 sed
1636 2831 1765 2887 spe-

108 2906 338 2965 cialiter
369 2905 471 2962 ubi
493 2905 759 2978 Ephesus
789 2904 995 2960 civitas
1025 2908 1134 2970 est,
1157 2904 1297 2959 Asia
1325 2908 1586 2960 vocatur.

175 2995 409 3070 Egypti
446 2994 605 3067 regio
636 2994 771 3066 (Act.
802 3010 901 3061 vn,
952 2994 1028 3065 9),
1078 3011 1112 3048 a
1166 2992 1558 3064 septentrione
1606 3008 1767 3047 mare

108 3086 394 3159 Magnum
427 3083 743 3156 sinumque
772 3083 1104 3152 Arabicum,
1137 3083 1210 3137 ab
1242 3081 1461 3138 oriente
1502 3082 1764 3137 Rubrum

105 3190 291 3245 mare,
326 3192 363 3231 a
394 3172 637 3229 meridie
667 3172 985 3241 Oceanum,
1017 3172 1089 3227 ab
1123 3187 1333 3227 occasu
1364 3171 1602 3242 Libyam
1661 3170 1765 3226 ha-

103 3266 238 3322 bet:
275 3264 453 3336 cujus
482 3260 815 3317 inferiorem
847 3265 1070 3333 partem
1102 3258 1289 3329 Nilus,
1325 3260 1558 3315 dextera
1596 3259 1766 3314 lava-

103 3369 218 3426 que
277 3352 534 3419 divisus,
569 3348 838 3422 amplexu
899 3366 1005 3405 suo
1061 3348 1433 3417 determinat,
1479 3348 1766 3419 Canopico

101 3443 255 3499 ostio
288 3443 366 3499 ab
397 3440 612 3511 Africa,
645 3440 718 3494 ab
766 3438 906 3494 Asia
954 3436 1273 3506 Pelusiaco,
1325 3442 1559 3493 centum
1601 3453 1765 3492 sexa-

101 3531 273 3605 ginta
301 3546 596 3603 passuum
627 3526 970 3584 intervallo:
1006 3543 1182 3598 quam
1216 3527 1288 3581 ob
1327 3542 1564 3581 causam
1617 3526 1768 3580 inter

98 3620 337 3677 insulas
361 3618 602 3692 quidam
636 3620 947 3690 Egyptum
982 3615 1253 3684 retulere,
1289 3615 1371 3670 ita
1418 3632 1481 3670 se
1512 3614 1769 3669 ﬁndente

100 3710 233 3765 Nilo
274 3709 299 3744 ³
329 3709 653 3779 utrimque,
687 3711 751 3762 ut
781 3712 826 3759 A
860 3705 1063 3761 littera
1089 3706 1336 3778 ﬁguram
1369 3704 1601 3773 efﬁciat,
1633 3703 1769 3759 inde

101 3798 282 3855 multi
305 3797 470 3870 quod
496 3796 707 3852 Graca
753 3793 955 3850 littera
1013 3795 1260 3867 ﬁguram
1307 3792 1542 3863 efﬁciat,
1599 3808 1768 3849 voca-

98 3886 246 3943 bulo
278 3886 512 3944 Deltam
549 3884 931 3957 appellavere.
964 3883 1193 3954 ngypti
1225 3898 1358 3938 vero
1392 3898 1669 3937 mensura
1696 3882 1768 3937 ab

99 3977 336 4033 unitate
369 3973 538 4045 alvei,
572 3974 726 4029 unde
747 3990 809 4029 se
857 3972 1115 4045 primum
1169 3970 1340 4025 ﬁndit
1395 3971 1499 4040 [Αι.
1556 3970 1770 4041 fundit]

98 4065 160 4121 in
200 4065 401 4122 latera
429 4064 501 4120 ad
527 4062 878 4135 Can0picum
913 4061 1128 4117 ostium
1185 4063 1420 4114 centum
1471 4057 1772 4129 sexaginta

96 4170 205 4212 se:
231 4169 555 4228 passuum,
587 4152 656 4208 ad
682 4150 1044 4209 Pelasiacum
1066 4149 1456 4204 ducentorum
1479 4148 1768 4219 quinqua-

96 4245 268 4317 ginta
299 4261 432 4301 sex.

156 4334 410 4390 Arabia
441 4330 600 4403 regio
632 4332 770 4403 (Act.
830 4346 893 4398 ιι,
952 4330 1065 4398 11),
1122 4326 1277 4382 inter
1331 4325 1525 4382 sinum
1586 4324 1768 4380 maris

88 4420 434 4495 Rubri,qui
460 4420 752 4490 Persicus,
778 4423 836 4475 et
863 4434 999 4475 eum
1034 4418 1137 4489 qui
1193 4415 1482 4471 Arabicus
1531 4414 1767 4482 dicitur,

95 4510 284 4569 habet
314 4513 530 4585 gentes
561 4509 804 4576 multas,
833 4508 1137 4572 Moabitae,
1187 4505 1573 4571 Ammonitas,
1634 4504 1768 4560 Idu-

1872 2013 2047 2084 Syria
2079 2013 2281 2081 Cocles,
2314 2014 2372 2068 in
2407 2031 2523 2085 qua
2562 2015 2859 2070 Barnabas
2906 2020 2961 2070 et
3011 2015 3224 2071 Paulus
3272 2016 3520 2088 apostoli

1872 2106 2012 2156 sunt
2041 2103 2311 2157 ordinati.
2348 2103 2445 2157 Est
2476 2107 2667 2159 autem
2708 2109 2766 2158 et
2794 2103 2908 2159 alia
2940 2105 2996 2158 in
3025 2105 3243 2160 Pisidia
3294 2105 3523 2177 provin-

1872 2190 1981 2258 cia,
2012 2191 2070 2246 in
2105 2177 2219 2263 qua
2260 2191 2435 2247 iidem
2496 2192 2874 2263 pradicantes
2930 2193 3152 2248 Judais
3208 2182 3517 2251 dixerunt:

1880 2280 2035 2335 Vobis
2065 2281 2340 2352 oportebat
2364 2284 2607 2353 primum
2636 2282 2786 2353 loqui
2806 2282 3028 2337 verbum
3070 2283 3186 2350 Dei,
3244 2283 3337 2339 sed
3388 2298 3521 2355 quo-

1872 2370 2028 2423 niam
2048 2370 2328 2440 repulistis
2359 2369 2519 2436 illud,
2551 2374 2660 2425 etc.
2696 2370 2828 2441 (Act.
2862 2387 2985 2438 XIII,
3015 2372 3127 2441 46).

1944 2456 2293 2514 Alexandria
2336 2460 2469 2529 (Act.
2524 2476 2600 2526 v1,
2660 2459 2737 2529 9),
2798 2459 3004 2515 civitas
3059 2460 3306 2533 ZEgypti,
3390 2477 3519 2532 qua

1874 2548 2172 2618 quondam
2204 2547 2288 2603 No
2314 2547 2633 2615 dicebatur,
2653 2547 2801 2604 inter
2822 2549 3153 2621 {‘Egyptum.
3182 2548 3431 2605 Africam
3465 2554 3525 2605 et

1876 2652 2035 2691 mare
2065 2636 2228 2707 quasi
2262 2635 2587 2692 claustrum
2619 2637 2827 2709 posita,
2858 2636 2918 2692 in
2978 2655 3093 2709 quo
3134 2638 3287 2693 beati
3344 2655 3522 2694 evan-

1874 2723 2093 2796 gelista
2114 2725 2288 2781 Marci
2320 2725 2591 2781 tumulus
2620 2726 2908 2798 hodieque
2935 2733 3247 2783 veneratur
3266 2728 3307 2782 ⁴.

1945 2818 2159 2870 Azotus
2190 2815 2322 2886 (Act.
2355 2832 2481 2881 VIlI,
2514 2816 2625 2885 40),
2660 2815 2940 2887 oppidum
2972 2815 3203 2887 insigne
3264 2815 3519 2872 Palasti-

1876 2920 1982 2972 na,
2017 2904 2170 2975 quod
2207 2904 2483 2960 Hebraice
2530 2905 2749 2960 dicitur
2790 2905 3002 2971 Esdod,
3053 2909 3110 2960 et
3151 2909 3241 2961 est
3289 2923 3405 2961 una
3452 2905 3523 2961 de

1873 2993 2138 3065 quinque
2167 2992 2307 3048 olim
2340 2994 2674 3050 civitatibus
2703 2993 3163 3066 Allophylorum.

1944 3082 2157 3138 Attalis
2205 3083 2347 3153 (Act.
2376 3100 2490 3150 xxv,
2523 3084 2636 3153 24),
2696 3083 2901 3138 civitas
2941 3082 3293 3155 Pamphylia
3339 3084 3520 3139 mari-

1875 3170 2034 3226 lima.

1945 3258 2310 3331 Amphipolis
2340 3260 2478 3331 (Act.
2513 3259 2887 3331 xvn),civitas
2919 3259 3122 3332 etipsa
3143 3260 3521 3331 Macedonia;

1877 3352 1968 3404 est
1997 3347 2111 3404 alia
2138 3349 2402 3419 ejusdem
2462 3348 2718 3404 nominis
2769 3349 2827 3403 in
2877 3349 3040 3421 Syria
3087 3348 3415 3421 Apollonia,
3467 3352 3527 3405 et

1875 3437 2005 3509 ipsa
2035 3438 2238 3493 civitas
2266 3438 2610 3494 Macedonia
2636 3456 2648 3493 :
2684 3441 2741 3493 et
2770 3442 2860 3493 est
2905 3437 3089 3494 altera
3120 3439 3177 3493 in
3230 3438 3527 3510 provincia

1876 3527 2101 3593 Africa,
2135 3544 2263 3598 qua
2295 3528 2508 3582 dicitur
2529 3527 2881 3599 Pentapolis.

1946 3618 2178 3673 Athena
2202 3617 2335 3685 (Act.
2369 3633 2506 3685 xvu,
2539 3617 2609 3673 15
2633 3636 2645 3685 ;
2670 3635 2835 3687 xvm,
2876 3618 2941 3687 ι),
2965 3618 3168 3673 civitas
3195 3618 3253 3673 in
3284 3616 3525 3686 Achaia,

1877 3705 2258 3779 philosophia
2291 3706 2484 3762 dicata
2513 3706 2763 3763 studiis:
2789 3723 2915 3778 qua
2947 3723 3081 3761 cum
3116 3724 3232 3761 una
3261 3707 3360 3773 sit,
3394 3704 3526 3778 plu-

1877 3796 1984 3852 rali
2013 3811 2257 3851 numero
2287 3812 2518 3867 semper
2547 3794 2827 3868 appellari
2859 3794 3005 3850 solet
3030 3812 3041 3849 :
3084 3796 3254 3866 cujus
3311 3796 3531 3851 Piraus

1876 3885 1981 3956 (Al.
2026 3885 2295 3955 Phireus)
2348 3889 2550 3956 portus
2584 3882 2951 3956 septemplici
3012 3901 3178 3939 muro
3229 3885 3528 3957 quondam

1878 3974 2275 4031 communitus
2302 3974 2483 4029 fuisse
2512 3972 2883 4028 describitur.

1949 4072 2287 4135 Areopagus
2317 4063 2451 4134 (Act.
2484 4079 2620 4133 xvu,
2656 4062 2763 4133 19),
2790 4061 3151 4117 Athenarum
3183 4062 3367 4130 curia,
3400 4079 3529 4136 qua

1876 4151 2292 4224 interpretatur
2320 4152 2455 4206 villa
2483 4151 2689 4220 Martis,
2723 4152 2878 4223 quod
2924 4150 3048 4224 ipse
3097 4151 3179 4206 ibi
3221 4153 3525 4224 quondam

1878 4258 2011 4296 cum
2041 4241 2307 4296 ducentis
2327 4240 2635 4296 duodecim
2673 4240 2787 4296 diis
2817 4241 3046 4296 dicatus
3064 4240 3159 4297 sit.

1946 4333 2124 4387 Assso
2151 4331 2398 4401 (Act.xx,
2435 4330 2501 4384 13
2534 4346 2746 4398 ;xxvn,
2781 4330 2889 4401 13),
2933 4330 3137 4386 civitas
3198 4331 3347 4385 Asia
3408 4347 3531 4388 ma-

1877 4419 2096 4485 ritima,
2122 4421 2324 4475 eadem
2353 4418 2656 4491 Apollonia
2676 4418 2855 4475 dicta.

1948 4508 2273 4581 Antipatris
2304 4508 2435 4580 (Act.
2462 4526 2624 4578 xxm,
2657 4509 2789 4577 31.),
2813 4508 3016 4564 civitas
3038 4508 3338 4564 Palestina
3370 4525 3528 4563 nunc

95 4617 308 4671 maos,
338 4604 689 4661 Saracenos,
713 4596 978 4668 aliosque
1007 4592 1497 4667 quamplurimos.
1556 4592 1773 4648 Arabia
1824 4670 1831 4671 ί
1879 4596 2092 4667 diruta,
2126 4615 2302 4669 quam
2337 4598 2590 4654 Herodes
2621 4614 2721 4652 rex
2748 4598 2959 4653 Judaa
2998 4615 3066 4652 ex
3098 4597 3279 4670 patris
3311 4596 3402 4652 sui
3424 4614 3530 4652 no-

96 4670 306 4746 autem
340 4704 509 4746 sacra
538 4685 913 4759 interpretari
944 4684 1196 4740 dicitur:
1231 4700 1296 4739 eo
1319 4682 1472 4755 quod
1496 4682 1573 4738 sit
1619 4680 1774 4755 regio
1805 4670 1848 4738 C
1890 4687 2046 4743 mine
2074 4692 2393 4743 vocaverat.

95 4779 429 4846 thurifera,
463 4777 671 4833 odores
703 4792 929 4830 creans.
983 4773 1128 4828 Hinc
1180 4788 1307 4829 eam
1360 4773 1540 4827 Graeci
1599 4767 1774 4824 εὐδαι-

101 4887 273 4942 μονα,
311 4867 506 4925 nostri
537 4866 750 4922 beatam
784 4864 1039 4936 [felicem]
1070 4866 1436 4917 vocaverunt.

168 4958 535 5030 Ethiopum
568 4954 728 5027 regio
760 4954 895 5026 (Act.
926 4968 1050 5020 VIII,
1103 4952 1194 5024 27)
1225 4951 1296 5006 ab
1354 4951 1497 5006 Indo
1536 4950 1777 5007 ﬂumine

96 5062 510 5119 consurgens,
537 5044 708 5117 juxta
762 5044 1053 5116 Egyptum
1086 5041 1237 5096 inter
1264 5038 1460 5095 Nilum
1490 5046 1547 5095 et
1601 5045 1778 5096 Ocea-

98 5154 274 5208 num,
312 5141 378 5192 et
410 5134 470 5189 in
502 5133 765 5201 meridie,
799 5132 909 5187 sub
940 5131 1067 5203 ipsa
1097 5129 1237 5186 solis
1268 5128 1561 5184 vicinitate
1582 5131 1776 5202 jacet:

95 5240 372 5301 quorum
408 5227 532 5279 tres
563 5226 705 5280 sunt
734 5221 938 5295 populi
967 5219 1217 5293 Egypti,
1241 5219 1529 5291 Hesperia
1558 5224 1616 5275 et
1671 5219 1779 5276 Oc-

96 5314 397 5375 cidentis.

173 5479 191 5514 ³
230 5477 417 5534 Meus
450 5489 562 5529 ms.
622 5472 772 5528 liber
823 5468 1221 5527 Acheldemach
1265 5482 1515 5539 moxque
1563 5467 1779 5523 rectius

101 5550 391 5621 hodieque
422 5552 777 5601 monstratur.

170 5624 196 5663 ²
221 5615 433 5683 Antea
463 5621 586 5675 erat
607 5619 899 5689 corrupte,
928 5615 1126 5689 tetigit.

176 5682 391 5753 ’Editi
426 5693 621 5759 antea,
652 5682 911 5761 fundente
939 5682 1080 5754 Nilo,
1132 5684 1264 5745 Mox
1291 5682 1524 5744 brevius
1574 5700 1638 5739 ac
1692 5701 1780 5742 re-

1956 4776 2127 4850 Appii
2160 4776 2349 4833 forum
2396 4776 2533 4847 (Act.
2578 4792 2775 4842 xxvm,
2828 4775 2938 4846 45),
2997 4792 3209 4830 nomen
3262 4775 3368 4832 fori
3420 4778 3532 4831 Ro-

1886 4883 2014 4931 ma,
2047 4868 2118 4921 ab
2147 4864 2324 4939 Appio
2355 4865 2651 4937 quondam
2710 4864 2951 4919 consule
2998 4868 3252 4920 tractum
3281 4881 3293 4919 :
3330 4882 3363 4920 a
3415 4881 3531 4936 quo

1886 4961 1944 5013 et
1970 4956 2066 5011 via
2095 4955 2283 5028 Appia
2313 4953 2726 5027 cognominata
2757 4958 2865 5009 est.

2698 5103 2739 5152 Β

1960 5225 2235 5307 Babylon,
2269 5225 2609 5307 metropolis
2639 5224 2802 5307 regni
2835 5222 3263 5307 Qhaldaorum,
3296 5222 3396 5277 ubi
3439 5239 3536 5307 eo-

1888 5318 2040 5370 rum,
2074 5296 2173 5372 qui
2205 5296 2572 5353 aediﬁcabant
2593 5296 2823 5366 turrim,
2856 5296 3069 5368 lingua
3101 5296 3296 5351 divisa
3327 5300 3541 5362 sunt,a
3586 5324 3593 5331 ~

1887 5464 2039 5520 ctius
2070 5462 2129 5517 in
2157 5475 2286 5515 meo
2316 5476 2425 5514 ms.
2452 5475 2466 5512 :
2501 5458 2732 5528 Indeque
2760 5458 2926 5512 mulli
2955 5457 3159 5514 Gracaz
3188 5457 3391 5515 litterae
3444 5470 3541 5512 v0-

1887 5540 2025 5593 cabu
2034 5535 2086 5590 lo
2118 5534 2325 5588 Deltam
2354 5531 2574 5602 appella
2585 5545 2722 5584 vere.

1961 5609 1981 5642 ‘
2009 5606 2184 5663 Addit
2214 5620 2380 5661 meus
2408 5619 2518 5658 ms.
2554 5604 2611 5659 in
2640 5602 2886 5657 ecclesia.
