3970 6394
460 323 618 392 1359

1956 320 2380 388 APPENDIX.

3709 320 3872 385 I360

459 478 575 533 quo
607 463 715 534 (At.
748 463 885 535 qua)
904 466 961 518 et
990 460 1150 534 regio
1179 460 1596 533 circumposita
1643 458 1961 533 Babylonia
2013 475 2111 513 vo-
2139 462 2194 526 Α
2228 458 2453 526 Libani,
2488 458 2587 513 ubi
2618 457 2892 514 Jordanis
2948 458 3136 512 fontes
3191 458 3350 526 sunt,
3386 473 3420 513 a
3463 454 3737 529 Philippo
3782 459 3873 511 te-

460 552 644 603 catur.
680 548 839 604 Hanc
864 548 1048 604 fuisse
1076 549 1540 620 potentissimam
1577 550 1614 617 ¹,
1672 553 1727 602 et
1757 548 1814 602 in
1876 563 2108 617 campe-

2219 548 2453 602 trarcba
2482 548 2745 619 ejusdem
2780 547 3036 619 regionis
3073 547 3242 615 facta,
3267 552 3323 601 et
3352 546 3411 601 in
3442 545 3726 601 honorem
3769 544 3868 600 Ti-

461 637 685 691 stribus
711 653 814 707 per
842 637 1131 707 quadrum
1166 636 1359 701 sitam,
1410 638 1482 692 ab
1533 635 1744 708 angulo
1801 652 1987 707 usque
2035 635 2109 689 ad
2218 637 2359 691 berii
2395 637 2634 692 Caesaris
2693 636 3105 708 cognominata
3133 641 3240 697 est,
3271 636 3381 692 Sed
3411 635 3463 691 ei
3494 634 3666 691 tertia
3685 635 3871 689 Caesa-

462 724 745 795 angulum
777 726 952 792 muri,
986 726 1241 781 sedecim
1273 725 1436 782 milia
1488 742 1772 798 passuum
1826 724 2108 792 tenuisse,

2218 741 2314 781 rea
2367 726 2741 798 Cappadocia:
2792 725 3129 797 metropolis
3161 729 3270 791 est,
3304 725 3475 795 cujus
3534 724 3727 779 Lucas
3785 724 3871 777 ita

464 814 520 868 id
539 814 841 879 est,simul
871 832 973 886 per
992 814 1301 871 circuitum
1322 814 1621 886 sexaginta
1640 811 2108 887 quatuormillia,
2218 815 2523 869 meminit:
2560 817 2836 885 Profectus
2874 815 2942 869 ab
3000 816 3210 885 Epheso
3266 822 3317 869 et
3363 813 3700 869 descendens
3752 814 3872 869 Cae-

462 905 640 958 rel'ert
668 903 995 961 Herodotus
1024 908 1082 960 et
1112 903 1282 959 multi
1315 904 1435 971 alii,
1498 903 1598 975 qui
1645 907 1874 958 Graecas
1924 901 2110 956 histo-

460 992 579 1051 rias
608 993 1103 1065 conscripserunt.
1134 996 1250 1049 Arx
1277 998 1494 1063 autem,
1526 993 1585 1047 id
1615 995 1723 1060 est,
1757 989 2109 1062 Capitolium

460 1080 622 1136 illius
651 1082 836 1151 urbis,
869 1088 960 1138 est
992 1082 1191 1149 turris,
1225 1099 1351 1154 quae
1366 1087 1498 1154 post
1526 1079 2111 1137 diluviumaediﬁcata

460 1172 616 1242 (Gen.
648 1188 726 1239 x1,
754 1172 831 1242 5),
865 1176 1117 1243 quatuor
1154 1171 1340 1226 millia
1396 1187 1679 1243 passuum
1725 1174 1920 1225 tenere
1968 1166 2109 1223 dici-

462 1266 587 1317 tur:
623 1261 794 1332 cujus
826 1265 957 1332 post
985 1260 1240 1327 ruinam,
1275 1260 1426 1317 muri
1481 1263 1715 1316 tantum
1763 1257 1973 1313 ﬁctiles
2022 1273 2108 1311 re-

464 1350 774 1415 mansisse,
806 1354 865 1405 et
910 1350 983 1405 ob
1032 1350 1270 1415 bestias,
1324 1366 1451 1421 quas
1508 1347 1631 1403 illic
1677 1347 1981 1404 abundant
2023 1362 2113 1401 ca-

463 1439 732 1510 ptandas,
763 1439 1085 1510 recuperati
1106 1455 1233 1494 esse
1262 1440 1598 1495 traduntur.

533 1527 805 1601 Bithynia
834 1528 969 1597 (Act.
1002 1544 1115 1592 xv1,
1161 1528 1244 1599 7),
1299 1527 1596 1599 provincia
1646 1526 1792 1581 Asia)
1850 1523 2111 1592 Minoris,

462 1634 591 1688 quae
618 1623 675 1671 et
706 1618 1001 1689 quondam
1034 1616 1287 1687 Bibraja,
1311 1621 1369 1671 et
1397 1616 1607 1670 deinde
1628 1614 1941 1687 Mygdonia
1961 1613 2114 1668 dicta

461 1713 572 1765 est.
630 1708 700 1762 Et
751 1706 939 1777 major
996 1705 1265 1777 Phrygia,
1314 1708 1449 1761 Jera
1500 1704 1744 1760 ﬂumine
1800 1720 1834 1758 a
1890 1701 2116 1758 Galatia

460 1799 890 1866 disterminata,
921 1795 1097 1851 habet
1126 1794 1416 1849 civitatem
1440 1794 1702 1865 ejusdem
1730 1792 2005 1849 nominis.

533 1889 733 1944 Berma
763 1886 898 1958 (Act.
931 1901 1069 1948 xvn,
1104 1884 1211 1955 10),
1244 1882 1449 1938 civitas
1478 1883 1538 1937 in
1572 1882 1933 1952 Macedonia,
1985 1899 2111 1955 quae

458 1978 712 2036 verbum
744 1972 978 2035 Domini
1004 1972 1277 2029 nobiliter
1300 1972 1541 2045 accepit.

1268 2119 1309 2172 C

533 2242 898 2319 Cappadocia
926 2242 1061 2314 (Act.
1096 2258 1157 2312 ιι,
1190 2242 1272 2310 9),
1304 2240 1461 2313 regio
1490 2240 1551 2296 in
1581 2241 1771 2313 capite
1801 2241 1998 2314 Syrias,
2053 2241 2111 2297 id

464 2337 577 2400 est,
600 2333 671 2388 ad
705 2330 1184 2404 septentrionem.

534 2424 751 2495 Cyrene
780 2422 912 2493 (Act.
969 2436 1032 2485 ιι,
1091 2418 1203 2486 40),
1232 2417 1435 2473 civitas
1486 2418 1545 2472 in
1578 2417 1779 2490 Libya,
1816 2420 1985 2490 cujus
2022 2435 2110 2475 re-

465 2513 559 2585 gio
590 2510 765 2567 etiam
797 2506 1241 2580 Pentapolitana
1271 2511 1530 2574 vocatur,
1563 2524 1628 2562 eo
1648 2508 1801 2578 quod
1853 2507 2113 2580 quinque

465 2600 714 2657 urbibus
746 2598 998 2654 maxime
1024 2595 1263 2669 fulgeat,
1298 2594 1590 2665 Berenice,
1625 2596 1888 2666 Arsinoe,
1926 2597 2112 2652 Ptole-

466 2690 682 2756 maide,
716 2686 1035 2760 Apollonia,
1068 2684 1314 2757 ipsaque
1336 2683 1578 2756 Cyrene.

533 2782 699 2833 Creta
730 2777 867 2849 (Act.
902 2792 1079 2845 xxvn,
1110 2776 1188 2844 7),
1222 2774 1450 2829 Graeciae
1474 2774 1581 2845 [Αἰ.
1603 2774 1862 2845 Galatiae]
1895 2774 2111 2843 insula,

465 2871 701 2923 centum
734 2865 1032 2938 quondam
1062 2862 1291 2935 oppidis
1318 2862 1586 2935 insignis,
1632 2864 1971 2936 famosaque
2028 2864 2117 2919 di-

465 2956 648 3025 vitiis,
679 2954 935 3011 maxime
965 2952 1131 3009 aeris:
1167 2952 1246 3008 ibi
1278 2951 1433 3007 enim
1460 2953 1651 3024 prima
1681 2952 1862 3024 hujus
1895 2953 2116 3009 metalli

466 3045 724 3102 inventio
756 3049 812 3099 et
843 3041 1071 3099 utilitas
1088 3042 1217 3110 fuit,
1242 3042 1334 3097 cui
1362 3041 1696 3113 proximum
1715 3048 1802 3098 est
1825 3043 1882 3098 in
1900 3043 2117 3100 ﬁnibus

467 3134 670 3191 Cilicia:
700 3131 1164 3207 promontorium
1194 3135 1251 3187 et
1281 3130 1559 3203 oppidum
1591 3131 1851 3188 Veneris.

539 3198 739 3281 Cilicia
783 3224 920 3295 (Act.
961 3238 1123 3293 χχιιι,
1182 3198 1645 3292 34),”ί)ι·ονίιιοίει
1710 3222 1885 3294 Asiae,
1932 3241 2103 3296 quam

2298 3199 2555 3256 Elamita:
2589 3198 2604 3269 (

467 3315 703 3389 Cydnus
735 3312 927 3368 amnis
958 3310 1289 3380 intersecat,
1322 3313 1378 3365 et
1410 3326 1578 3365 mons
1612 3314 1896 3381 Amanus,
1946 3316 2117 3385 cujus

468 3402 740 3461 meminit
770 3400 1049 3458 Salomon
1082 3400 1270 3471 (Cant.
1333 3400 1428 3473 ιν),
1463 3416 1496 3455 a
1524 3399 1688 3472 Syria
1749 3401 1901 3457 Coele
1950 3420 2118 3477 sepa-

467 3498 578 3549 rat.

531 3582 708 3639 Carra
736 3583 875 3651 (Act.
905 3581 1029 3651 v11),
1064 3578 1267 3635 civitas
1298 3579 1748 3651 Mesopotamia,
1794 3581 1949 3653 apud
2004 3583 2117 3638 Ro-

466 3689 673 3729 manos
702 3671 892 3726 Crassi
926 3667 1109 3740 clade,
1162 3667 1317 3741 apud
1365 3685 1472 3725 nos
1517 3668 1772 3741 hospitio
1820 3670 2113 3728 Abraham

463 3760 807 3835 patriarcha:
858 3765 915 3815 et
973 3757 1229 3832 parentis
1285 3759 1413 3830 ejus
1459 3763 1645 3814 morte
1692 3759 1907 3816 nobilis
1956 3761 2112 3831 (Gen.

460 3869 563 3907 x11.
600 3851 675 3923 1).

532 3939 938 3997 Chaldaeorum
972 3937 1129 4010 regio
1190 3937 1327 4008 (Act.
1386 3955 1487 4003 vn,
1549 3938 1624 4007 4),
1675 3938 1825 3994 inter
1869 3938 2112 4012 Babylo-

458 4030 620 4086 niam
647 4033 704 4085 et
728 4028 1027 4095 Arabiam,
1054 4026 1275 4099 Tigrim
1298 4031 1355 4081 et
1383 4026 1741 4098 Euphraten.

529 4118 806 4175 Chanaan
829 4119 966 4187 (Act.
1001 4134 1077 4185 Ix,
1117 4116 1222 4188 18),
1249 4114 1408 4172 filius
1440 4115 1642 4187 Cham,
1684 4117 1942 4174 obtinuit
1999 4123 2112 4174 ter-

454 4224 585 4266 ram
618 4224 654 4262 a
681 4207 896 4262 Sidone
918 4222 1109 4278 usque
1139 4206 1209 4261 ad
1243 4206 1479 4277 Gazam,
1513 4222 1688 4277 quam
1719 4207 1890 4263 Judei
1951 4208 2113 4264 dein-

453 4315 590 4370 ceps
623 4296 1031 4368 possederunt,
1066 4294 1273 4365 ejectis
1304 4293 1671 4351 Chananazis.

530 4386 967 4457 Caesarea:(Act.
1032 4402 1158 4452 VIII,
1211 4384 1301 4454 40)
1357 4383 1624 4440 civitates
1682 4386 1809 4440 duae
1868 4390 2007 4442 sunt
2054 4386 2113 4442 in

452 4480 611 4532 terra
641 4474 1073 4548 promissionis.
1111 4473 1235 4528 Una
1265 4472 1528 4528 Caesarea
1559 4472 1877 4530 Palaestina;
1908 4474 1967 4530 in
2015 4475 2111 4531 lit-

451 4569 576 4622 tore
607 4564 803 4637 Magni
833 4563 1013 4619 maris
1043 4562 1161 4653 sita
1186 4565 1298 4653 est,
1329 4577 1459 4632 quas
1516 4564 1817 4653 quondam
1876 4568 2111 4637 Pyrgos,
2146 4590 2190 4653 D

451 4654 510 4709 id
542 4661 650 4721 est,
679 4662 850 4710 tum:
900 4652 1187 4709 Stratonis
1244 4650 1398 4705 dicta
1436 4655 1552 4706 est:
1605 4653 1705 4707 sed
1763 4652 1835 4708 ab
1886 4653 2111 4711 Herode

451 4759 586 4815 rege
612 4743 826 4799 Judaea:
860 4739 1117 4796 nobilius
1163 4742 1220 4793 et
1248 4736 1576 4810 pulchrius,
1633 4744 1691 4795 et
1748 4744 1951 4797 contra
1992 4741 2109 4798 vim

452 4832 633 4888 maris
666 4831 849 4887 multo
882 4828 1087 4885 utilius
1114 4828 1421 4896 instructa,
1456 4829 1514 4883 in
1543 4829 1823 4886 honorem
1868 4831 2110 4887 Caesaris

450 4921 702 4994 Augusti
731 4922 993 4976 Caesarea
1022 4916 1436 4990 cognominata
1466 4923 1576 4989 est,
1609 4919 1701 4975 cui
1734 4920 1909 4977 etiam
1957 4926 2109 4977 tem-

449 5010 614 5085 plum
648 5011 705 5065 in
739 5027 804 5065 ea
832 5025 1123 5064 marmore
1158 5006 1290 5062 albo
1338 5010 1696 5065 construxit:
1751 5010 1806 5065 in
1855 5027 1971 5082 qua
2018 5029 2112 5067 ne-

448 5117 558 5172 pos
580 5101 711 5171 ejus
745 5098 998 5154 llerodes
1059 5098 1130 5151 ab
1185 5096 1391 5167 angelo
1448 5114 1762 5169 percussus
1816 5099 1949 5171 (Act.
2006 5117 2107 5167 xu,

446 5192 562 5260 23),
588 5188 893 5244 Cornelius
917 5186 1183 5242 centurio
1217 5186 1571 5259 baptizatus,
1606 5196 1659 5244 et
1689 5190 1925 5261 Agabus
1979 5208 2108 5263 pro-

454 5278 629 5348 pheta
659 5296 805 5335 zona
836 5276 999 5332 Pauli
1032 5277 1246 5350 ligatus
1278 5281 1386 5332 est.
1449 5277 1642 5333 Altera
1687 5296 1821 5335 vero
1852 5279 2113 5335 Caesarea

456 5364 706 5438 Philippi
741 5368 958 5438 (Matth.
1018 5384 1133 5432 xw,
1194 5367 1295 5434 13;
1358 5372 1527 5423 Marc.
1586 5386 1707 5437 vul,
1767 5370 1890 5438 27):
1943 5372 2111 5440 cujus

457 5454 751 5527 Evangelii
799 5457 1091 5529 scriptura
1151 5457 1450 5512 meminit:
1511 5459 1582 5513 ad
1621 5460 1845 5514 radices
1896 5462 2111 5517 montis

526 5606 767 5683 {lethaeo
798 5610 869 5665 de
901 5609 1224 5683 Babyloniae
1275 5610 1419 5666 turri
1480 5612 1720 5669 totidem
1770 5616 1959 5671 verbis
2000 5617 2098 5672 de~

453 5678 795 5736 scribuntur
822 5697 891 5737 ex
920 5678 1250 5754 Hieronymi
1283 5684 1729 5741 Commentariis
1759 5686 1818 5744 in
1842 5687 2052 5746 lsaiam
2077 5711 2105 5743 »

2214 4929 2319 4984 lim
2378 4928 2558 4999 (JOsue
2612 4945 2735 4997 Xlll,
2796 4927 2872 4996 2).

2214 5618 2313 5673 lib.
2349 5635 2401 5686 v,
2437 5635 2485 5675 ο.
2522 5618 2608 5685 44,
2644 5617 2702 5672 in

2213 921 2432 959 saream
2462 905 2567 974 (At.
2602 906 2895 974 Cazsarea],
2927 903 3170 959 ascendit
3194 912 3244 959 et
3273 904 3534 959 salutavit
3571 902 3869 957 Ecclesium

2217 992 2352 1063 (Act.
2386 1010 2544 1060 xxm,
2566 996 2681 1064 22).

2291 1081 2605 1138 Corinthus
2638 1084 2775 1153 (Act.
2810 1100 2971 1147 xvm,
3000 1082 3017 1137 l
3054 1101 3066 1149 ;
3100 1100 3215 1151 xxx,
3252 1084 3323 1153 1),
3379 1080 3577 1136 civitas
3634 1080 3869 1137 Achaia

2220 1171 2534 1227 maritima.

2290 1261 2593 1316 Cenchreae
2627 1262 2763 1333 (Act.
2810 1278 2967 1330 xvm,
3032 1260 3141 1329 18),
3176 1262 3378 1332 portus
3432 1258 3871 1315 Corinthiorum

2218 1348 2487 1405 civitatis.

2289 1438 2463 1494 Chios
2494 1440 2627 1509 (Act.
2662 1457 2753 1507 xx,
2784 1441 2893 1507 15),
2928 1438 3120 1494 insula
3157 1442 3290 1493 ante
3347 1435 3706 1509 Bithyniam,
3768 1453 3874 1492 cu-

2212 1528 2314 1598 jus
2346 1544 2559 1582 nomen
2591 1529 2734 1600 Syra
2768 1528 2967 1599 lingua
2996 1529 3275 1583 masticem
3296 1527 3586 1599 designat,
3618 1542 3686 1581 eo
3711 1526 3872 1597 quod

2221 1617 2301 1672 ibi
2323 1618 2537 1673 mastix
2565 1617 2844 1689 gignitur.
2879 1618 3039 1672 Hanc
3060 1614 3240 1688 aliqui
3272 1615 3475 1671 Chiam
3507 1613 3875 1687 appellavere

2221 1725 2255 1763 a
2285 1706 2502 1763 Chione
2531 1706 2790 1777 nympha
2808 1706 3016 1761 Cboos.

2292 1796 2507 1851 Cnidus
2532 1796 2663 1867 (Act.
2695 1813 2867 1864 xxvn,
2898 1796 2977 1865 7),
3039 1793 3234 1849 insula
3284 1798 3485 1849 contra
3528 1793 3733 1849 Asiam
3772 1809 3874 1849 no-

2223 1885 2513 1941 bilissima
2542 1885 2816 1955 adjacens
2849 1883 3161 1955 provinciae
3206 1883 3406 1949 Cariae,
3464 1886 3523 1938 et
3570 1887 3660 1938 est
3708 1883 3872 1954 ejus-

2223 1977 2355 2032 dem
2389 1974 2645 2031 nominis
2676 1974 2958 2047 oppidum
2989 1972 3260 2030 ininsula
3285 1971 3582 2045 Calymna.

3025 2117 3070 2172 D

2294 2244 2615 2300 Damascus
2650 2243 2781 2314 (Act.
2818 2259 2893 2310 1x,
2942 2241 3018 2312 2),
3078 2240 3220 2296 urbs
3267 2238 3482 2296 nobilis
3532 2238 3862 2310 thnices,

2222 2349 2349 2405 qua:
2380 2337 2437 2387 et
2467 2332 2762 2404 quondam
2788 2331 2845 2385 in
2870 2330 3029 2386 omni
3049 2330 3216 2402 Syria
3240 2329 3425 2384 tenuit
3450 2328 3868 2401 principatum,

2223 2428 2280 2478 ct
2310 2438 2464 2477 nunc
2492 2426 2912 2477 Saracenorum
2940 2418 3281 2490 metropolis
3313 2417 3684 2489 perhibetur:
3720 2418 3872 2473 unde

2224 2518 2280 2567 et
2310 2528 2409 2567 rex
2435 2528 2637 2567 eorum
2670 2509 2906 2566 Nawias
2940 2509 3225 2565 famosam
3258 2508 3316 2562 in
3349 2525 3417 2563 ea
3472 2507 3585 2563 sibi
3635 2523 3872 2579 suaeque

2225 2602 2383 2673 genti
2411 2600 2715 2656 basilicam
2747 2598 3056 2665 dedicavit,
3109 2596 3456 2654 Christianis
3510 2596 3567 2651 in
3617 2596 3868 2652 circuitu

2224 2691 2447 2746 civibus
2472 2689 2743 2761 Baptistae
2796 2686 3039 2744 Joannis
3086 2685 3390 2742 ecclesiam
3441 2685 3868 2757 frequentanti-

2225 2782 2356 2836 bus.
2922 2774 2925 2779 ’

2295 2869 2541 2924 Dcrbem
2602 2869 2739 2936 (Act.
2793 2884 2905 2937 xxv,
2956 2866 3034 2937 6),
3094 2865 3296 2920 civitas
3365 2863 3653 2937 Lycaonia:
3739 2878 3865 2936 pro-

2227 2958 2446 3014 vincite.

3033 3071 3074 3125 E

2618 3204 2734 3252 .4ct.
2770 3214 2831 3264 ιι,
2873 3198 2948 3265 9),
2983 3194 3275 3268 principes
3307 3193 3578 3263 Persidis,
3604 3193 3678 3249 ab
3709 3191 3869 3248 Elam

2226 3291 2345 3346 filio
2372 3295 2500 3345 Sem
2532 3286 2826 3360 appellati.

2297 3377 2563 3450 Ephesus
2596 3376 2730 3447 (Act.
2764 3374 3043 3440 xvaQ;
3077 3374 3285 3444 xix,1).
3317 3377 3675 3429 Amazonum
3699 3388 3865 3445 opus,

2226 3467 2429 3522 civitas
2460 3467 2519 3520 in
2567 3465 2705 3520 Asia
2760 3464 2859 3519 ubi
2909 3462 3220 3535 requiescit
3268 3463 3473 3517 beatus
3520 3460 3865 3533 evangelista

2225 3556 2503 3613 Joannes.

3039 3674 3076 3723 ι,

2298 3780 2505 3853 Frygia
2535 3782 2672 3851 (Act.
2706 3796 2864 3848 xvm,
2915 3779 3029 3848 23),
3088 3777 3385 3849 provincia
3427 3775 3594 3847 Asize,
3643 3775 3869 3831 Troade

2226 3870 2555 3943 superjecta
2583 3869 2643 3924 in
2675 3866 3112 3940 septentrionali
3145 3884 3254 3923 sua
3283 3871 3445 3939 parte
3474 3864 3710 3922 Galatia
3739 3881 3865 3921 con-

2225 3960 2494 4030 termina,
2519 3958 2844 4013 meridiana
2876 3956 2981 4029 (At.
3033 3956 3391 4026 meridianae]
3453 3955 3770 4028 Lycaoniae,
3819 3957 3872 4009 et

2226 4050 2453 4106 Pisidiae
2500 4048 2983 4119 Macedoniaque,
3044 4046 3116 4102 ab
3161 4045 3382 4102 oriente
3447 4043 3869 4117 Cappadociam

2225 4140 2481 4213 attingit.
2516 4139 2652 4194 Duas
2674 4142 2869 4194 autem
2905 4140 3046 4193 sunt
3091 4136 3330 4209 Frygiae,
3385 4150 3635 4207 quarum
3685 4134 3869 4205 major

2223 4232 2533 4302 Smyrnam
2567 4226 2759 4295 habet,
2794 4226 2987 4281 minor
3007 4242 3139 4281 vero
3170 4224 3360 4279 illum.

2296 4317 2549 4375 Fcenicia
2602 4318 2735 4387 (Act.
2789 4333 2869 4381 ιιι,
2930 4315 3041 4386 19),
3092 4313 3386 4385 provincia
3443 4311 3639 4385 Syriaa,
3704 4311 3870 4383 cujus

2224 4414 2418 4482 partes
2449 4411 2590 4463 sunt
2619 4408 2883 4462 Samaria
2914 4410 2971 4461 et
3006 4403 3262 4472 Galilaea,
3317 4408 3373 4458 et
3427 4401 3551 4459 aliae
3610 4399 3870 4473 plurima

2225 4514 2511 4571 regiones.

3025 4622 3067 4676 G

2290 4747 2536 4805 Galileeaa
2569 4747 2697 4802 duae
2720 4751 2859 4803 sunt
2909 4748 3043 4818 (Act.
3106 4764 3228 4812 xm,
3290 4746 3403 4816 31).
3464 4743 3588 4799 Una
3643 4741 3869 4799 Galilara

2218 4839 2480 4911 gentium
2512 4837 2703 4893 vicina
2734 4836 2951 4891 ﬁnibus
2980 4836 3286 4907 Tyriorum
3307 4834 3365 4889 in
3397 4833 3555 4889 tribu
3586 4831 3866 4903 Nephtha-

2933 4924 3132 4980 Aitera
3190 4926 3342 4978 circa
3393 4920 3761 4977 Tiberiadem
3806 4923 3858 4974 et

2219 5025 2494 5088 stagnum
2528 5014 2880 5072 Genesareth
2914 5015 2972 5069 in
3008 5015 3158 5069 tribu
3191 5012 3468 5067 Zabulon.

2291 5106 2518 5163 Galatia
2569 5108 2708 5178 (Act.
2765 5122 2877 5171 xvr,
2935 5106 3010 5175 6),
3063 5103 3358 5173 provincia
3402 5101 3573 5170 Asiae,
3608 5117 3641 5156 a
3690 5097 3864 5157 Gallis

2220 5196 2567 5253 vocabulum
2602 5195 2861 5263 trahens,
2896 5193 2995 5265 qui
3030 5194 3085 5246 in
3119 5192 3401 5246 auxilium
3428 5208 3461 5245 a
3491 5206 3623 5262 rege
3671 5189 3861 5260 Bithy-

2221 5285 2577 5352 nizecvocati,
2613 5301 2857 5355 regnum
2891 5299 3024 5337 cum
3056 5300 3121 5336 eo
3172 5282 3322 5335 facta
3367 5278 3605 5334 victoria
3663 5278 3865 5333 divise-

2221 5381 2377 5431 runt.
2411 5376 2622 5445 Sicque
2653 5373 2862 5428 deinde
2921 5372 3134 5427 Graecis
3166 5369 3423 5435 admisti,
3457 5367 3644 5440 primo
3677 5366 3860 5423 Gallo-

2220 5466 2412 5537 graeci,
2446 5477 2646 5535 postea
2667 5462 2879 5518 Galam:
2912 5466 3051 5516 sunt
3082 5459 3377 5531 appellati.

2734 5630 2910 5687 quem
2965 5612 3160 5669 locum
3207 5611 3425 5687 videsis
3474 5625 3601 5684 qua:
3647 5625 3752 5666 nos
3790 5622 3851 5665 ex

2218 5690 2505 5748 Herodoto
2528 5685 2778 5765 aliisque
2807 5687 3149 5745 auctoribus
3179 5685 3584 5743 observamus.
