3970 6394
118 431 277 501 1361

114 677 252 733 qua
286 663 554 720 aGracis
577 665 961 738 scriptoribus
998 666 1192 722 Hellas
1223 670 1423 722 vocata
1453 666 1625 735 est,in
1651 683 1766 738 qua

110 750 359 809 Athena
381 750 557 810 civita
581 758 689 819 est,
722 757 1017 826 quondam
1043 756 1236 811 Attica
1255 756 1409 811 dicta
1440 756 1476 810 ι.

928 847 969 900 Η

189 930 587 988 Hadrumetus
615 933 750 1004 (Act.
780 951 955 1000 xxvu,
984 936 1062 1006 2),
1096 934 1300 990 civitas
1330 934 1389 990 in
1422 934 1651 990 Bazatio
1680 950 1767 990 re-

116 1018 297 1093 gione
326 1020 555 1076 Africa.

190 1108 411 1165 Hadria
456 1109 597 1181 (Act.
654 1128 825 1179 xxvn,
876 1115 986 1186 27),
1047 1129 1258 1167 nomen
1334 1115 1512 1170 maris
1571 1118 1772 1169 contra

117 1200 486 1267 Ravennam,
520 1201 675 1271 quod
733 1217 832 1272 per
883 1201 1032 1257 ostia
1086 1202 1226 1256 Padi
1290 1202 1445 1256 ﬂuvii
1498 1203 1770 1272 intratur,

114 1290 360 1360 sumpto
378 1288 660 1345 vocabulo
683 1290 754 1344 ab
788 1290 998 1346 Hadria
1049 1292 1309 1362 proxima
1353 1291 1602 1356 civitate,
1644 1310 1769 1363 quae

114 1376 278 1433 idem
312 1377 459 1432 mari
493 1394 702 1432 nomen
737 1379 1049 1434 Hadriatici
1086 1380 1267 1435 dedit.

192 1465 554 1521 Hierusalem
581 1467 802 1537 (Actu,
842 1470 921 1534 3;
970 1485 1043 1537 ιν,
1096 1470 1169 1533 5;
1230 1486 1283 1534 v,
1343 1469 1451 1537 16;
1513 1468 1771 1538 xx1,2l),

117 1554 463 1627 metropolis
495 1557 790 1627 quondam
813 1556 993 1612 totius
1024 1558 1258 1625 Judaa,
1307 1575 1437 1629 qua
1495 1574 1649 1612 nunc
1703 1558 1773 1612 ab

114 1642 265 1699 IElio
288 1644 544 1700 Adriano
594 1645 837 1715 Casare,
899 1647 1048 1717 quod
1107 1664 1233 1701 eam
1287 1664 1319 1701 a
1368 1647 1494 1702 Tito
1545 1648 1774 1702 destru-

113 1732 503 1788 ctamlatiore
533 1732 648 1787 situ
700 1734 1130 1802 instauraverit,
1165 1736 1310 1790 .Elia
1366 1737 1775 1807 cognominata

112 1824 210 1878 est
242 1837 255 1876 :
289 1822 459 1893 cujus
499 1838 671 1894 opere
705 1823 922 1878 factum
956 1829 1063 1892 est,
1125 1830 1188 1878 ut
1250 1826 1398 1880 Loca
1447 1826 1679 1889 Sancta,
1715 1825 1771 1879 id

112 1913 210 1967 est
240 1910 553 1966 Dominiea
598 1912 893 1967 Passionis
953 1918 1008 1968 et
1069 1914 1552 1981 Resurrectionis,
1587 1914 1687 1968 sed
1720 1918 1776 1969 et
1809 1944 1854 2007 Β

118 1999 482 2056 Inventionis
502 2000 765 2056 S.Crucis
783 2002 1078 2072 quondam
1096 2007 1255 2057 extra
1277 2003 1478 2057 urbem
1495 2002 1771 2074 jacentis,

117 2105 281 2145 nunc
310 2089 576 2160 ejusdem
610 2090 774 2145 urbis
806 2107 973 2146 muro
1027 2090 1466 2163 septentrionali
1520 2091 1769 2147 circum-

117 2178 364 2234 dentur.

195 2266 553 2339 Judaa(Act.
588 2284 626 2335 I,
659 2270 734 2334 8;
770 2286 833 2334 ιι,
863 2269 930 2336 9;
966 2287 1043 2340 Ix,
1074 2271 1137 2324 31
1169 2313 1181 2336 ,
1218 2286 1271 2331 x.
1304 2270 1415 2341 37).
1452 2269 1772 2341 aliquando

112 2359 246 2412 tota
273 2360 429 2412 terra
449 2356 754 2412 duodecim
790 2358 1050 2414 tribuum
1074 2359 1430 2431 appellatur;
1455 2358 1771 2430 aliquando

118 2446 260 2500 dua
281 2448 513 2501 tantum
545 2446 757 2514 tribus,
791 2465 917 2518 qua
949 2451 1245 2518 quondam
1276 2449 1431 2504 Juda
1488 2450 1770 2503 vocaban-

118 2537 242 2603 tur,
283 2535 355 2589 ad
388 2533 826 2591 distinctionem
888 2536 1132 2592 Galilaa
1186 2544 1242 2593 et
1280 2537 1572 2605 Samaria,
1627 2536 1767 2593 alia-

121 2638 377 2695 rumque
406 2622 465 2678 in
496 2626 651 2680 terra
682 2626 1152 2697 repromissionis
1185 2628 1510 2699 regionum.
1543 2628 1610 2683 Et
1666 2644 1768 2683 n0-

118 2712 369 2768 tandum
403 2714 555 2785 apud
589 2713 917 2782 historicos,
952 2718 1105 2787 quod
1151 2717 1353 2772 Judaa
1400 2718 1535 2788 (Act.
1570 2735 1647 2787 ιχ,
1677 2718 1768 2786 31)

118 2804 194 2859 ad
227 2802 619 2869 Palaestinam,
655 2803 890 2859 Galilaa
918 2822 1051 2861 vero
1082 2814 1131 2862 el
1161 2806 1426 2862 Samaria
1478 2807 1550 2861 ad
1610 2805 1770 2860 Phoc-

117 2892 312 2949 nlcem
341 2892 692 2965 pertineant.

186 2982 531 3054 J0ppe(Act.
581 3001 652 3049 Ix,
694 2984 807 3053 36),
853 2985 1133 3057 oppidum
1194 2984 1494 3040 Palestina
1545 2984 1764 3039 mariti-

122 3086 289 3127 mum
320 3071 378 3126 in
408 3071 567 3127 tribu
600 3073 757 3127 Dan:
783 3074 881 3127 ubi
906 3073 1075 3129 hodie
1095 3091 1233 3129 saxa
1282 3079 1686 3129 monstrantur
1706 3074 1765 3127 in

117 3159 403 3228 littore,in
434 3160 650 3232 quibus
678 3163 1050 3218 Andromeda.
1070 3164 1321 3235 relegata
1354 3164 1454 3229 [Αι.
1480 3163 1763 3234 religata],

1256 440 1550 506 NONINA
1596 437 1971 504 LOCOBUM
2015 436 2117 504 EX
2158 438 2404 506 ACTlS.

195 550 419 630 Gracia
447 571 583 647 (Act.
614 590 709 645 xx,
740 575 817 648 2),
852 571 1151 649 provincia
1191 577 1458 650 quadam
1515 577 1766 642 Achaia,
1800 579 1855 643 Α

3374 428 3530 505 i362

1952 670 2117 726 Mons
2147 668 2507 741 Oliveti(Aet.
2542 687 2583 733 ι,
2638 669 2752 736 12),
2796 668 2864 725 ad
2928 665 3209 726 orientem
3266 665 3532 726 Hieroso-

1881 758 2070 832 lyma,
2131 764 2386 816 torrente
2443 760 2664 817 Cedron
2710 759 3102 827 interﬂuente,
3164 758 3263 814 ubi
3325 758 3535 815 ultima

1877 849 2121 921 vestigia
2160 850 2387 905 Domini
2446 851 2627 906 humo
2683 850 2973 921 impresso
3032 848 3327 921 hodieque
3367 864 3535 903 mun-

1881 944 2145 996 strantur
2176 942 2312 1006 (.lct.
2349 941 2408 1011 ι).
2434 939 2697 1012 Cumque
2738 943 2897 994 terra
2954 938 3157 993 eadem
3217 935 3537 1009 quotidiea

1880 1029 2253 1085 credentibus
2284 1028 2609 1096 hauriatur,
2643 1026 3027 1083 nihilominus
3080 1030 3277 1081 tamen
3330 1025 3536 1082 eadem

1881 1120 2084 1174 sancta
2109 1117 2355 1189 vestigia
2406 1116 2720 1188 pristinum
2783 1119 3003 1171 statum
3061 1114 3337 1169 continuo
3388 1113 3535 1168 reei-

1883 1207 2071 1279 piunt.
2105 1206 2365 1277 Denique
2394 1222 2528 1261 cum
2560 1205 2822 1273 ecclesia;
2851 1204 2910 1259 in
2932 1204 3102 1273 cujus
3147 1202 3339 1258 medio
3398 1206 3538 1259 sunt

1882 1296 2130 1350 rotundo
2162 1295 2477 1361 schemate,
2512 1300 2568 1349 ct
2602 1293 2998 1366 pulcherrimo
3031 1308 3205 1364 opere
3255 1292 3533 1347 condere-

1884 1388 1999 1448 tur,
2033 1401 2331 1439 summum
2365 1388 2595 1439 tantum
2632 1399 2929 1447 cacumen,
2950 1385 3017 1436 ut
3051 1380 3374 1452 perhibent,
3405 1396 3537 1452 pro-

1886 1478 2013 1545 pter
2041 1472 2327 1528 Dominici
2360 1472 2616 1544 corporis
2642 1475 2894 1527 meatum
2923 1468 3082 1526 nullo
3107 1470 3278 1525 modo
3302 1469 3531 1542 contegi

1885 1566 1941 1616 et
1972 1562 2363 1617 concamerari
2398 1561 2590 1633 potuit
2623 1579 2634 1616 :
2670 1562 2770 1617 sed
2804 1559 3093 1616 transitus
3124 1558 3253 1629 ejus
3301 1575 3335 1614 a
3382 1563 3537 1614 terra

1885 1650 1952 1703 ad
1988 1648 2197 1705 coelum
2233 1666 2419 1721 usque
2450 1652 2609 1721 patet
2638 1652 2929 1720 apertum.

1959 1737 2109 1793 Medi
2141 1740 2275 1807 (Act.
2321 1754 2379 1806 η,
2418 1738 2494 1807 9),
2531 1754 2563 1791 a
2596 1736 2785 1792 Madai
2819 1736 2936 1791 filio
2966 1736 3181 1807 Japhet
3210 1733 3484 1807 appellati
3523 1752 3535 1789 :

1886 1830 2026 1882 sunt
2050 1830 2247 1882 autem
2271 1827 2421 1882 inter
2454 1827 2672 1881 ﬂumen
2708 1826 2915 1881 Indum
2947 1830 3003 1880 et
3033 1825 3251 1880 ﬂumen
3312 1822 3536 1895 Tigrim

1887 1915 2153 1987 regiones
2181 1916 2384 1981 ista,a
2435 1920 2631 1971 monte
2688 1916 2942 1970 Caucaso
2998 1929 3188 1985 usque
3247 1913 3318 1968 ad
3381 1928 3539 1967 mare

1886 2004 2150 2059 Rubrum
2184 2006 2600 2076 pertingentes;
2634 2006 2934 2072 Aracusia,
2964 2002 3222 2069 Parthia,
3273 1999 3537 2074 Assyria,

1886 2093 2075 2149 Persis
2098 2094 2139 2159 ³,
2172 2098 2230 2148 et
2260 2094 2451 2150 Media
2489 2111 2501 2149 :
2536 2110 2682 2165 quas
2712 2093 3015 2165 Scriptura
3040 2108 3208 2147 saera
3231 2091 3538 2147 universas

1884 2199 2036 2253 sape
2059 2182 2258 2238 Media
2291 2183 2526 2238 nomine
2567 2187 2753 2237 vocat.

1955 2270 2378 2343 Mesopotamia
2408 2272 2543 2342 (Act.
2577 2288 2637 2333 ιι,
2672 2270 2750 2341 2),
2786 2271 2943 2341 regio
2976 2270 3129 2324 inter
3158 2267 3407 2324 ﬂumina
3437 2268 3532 2322 Ti-

1882 2360 2031 2431 grim
2066 2365 2123 2415 et
2153 2360 2528 2432 Euphratem,
2557 2377 2683 2431 qua
2713 2365 2770 2414 et
2809 2359 2936 2429 ipso
2992 2356 3272 2413 vocabulo
3331 2356 3532 2412 Graco

1882 2449 1941 2504 in
1974 2448 2163 2505 medio
2197 2449 2507 2504 ﬂuminum
2540 2465 2668 2504 esse
2700 2448 2889 2520 posita
2936 2449 3317 2501 monstratur.
3377 2444 3535 2500 Hinc

1831 2568 1837 2575 -
1881 2539 1953 2592 ad
1987 2538 2291 2593 meriniem
2324 2536 2659 2609 Babylonia,
2705 2535 2914 2591 deinde
2972 2534 3177 2602 Cedar,
3211 2533 3531 2590 novissime

1879 2627 2088 2682 Arabia
2112 2627 2446 2683 Eudamon.

1951 2717 2185 2772 Madian
2213 2717 2350 2788 (Act.
2385 2733 2481 2782 v11,
2513 2715 2625 2786 29),
2670 2715 2874 2771 civitas
2924 2715 3095 2785 juxta
3144 2718 3421 2768 Arnone-n
3475 2714 3534 2768 et

1877 2805 2228 2877 Areopolim,
2262 2806 2430 2877 cujus
2463 2821 2618 2859 nunc
2651 2805 2832 2859 ruinae
2860 2803 3266 2859 tantummodo
3287 2802 3530 2857 demon-

1879 2898 2159 2965 strantur,
2196 2894 2295 2950 ubi
2339 2895 2564 2967 Moyses
2593 2894 2750 2966 apud
2781 2894 2983 2950 Jethro
3023 2908 3291 2949 socerum
3351 2907 3527 2946 suum

1876 2984 2182 3039 exsulabat
2213 2984 2404 3054 (Exod.
2439 3001 2506 3051 ιι,
2538 2984 2648 3053 15).

1951 3073 2153 3128 Mmsia
2186 3074 2320 3143 (Act.
2353 3073 2564 3144 xv:,7),
2600 3071 2900 3144 provincia
2928 3072 3074 3127 Asia
3106 3089 3118 3126 :
3180 3085 3336 3125 nunc
3391 3073 3522 3123 Αἰο-

1876 3162 1947 3217 lis
1980 3163 2154 3217 dicta.
2190 3163 2288 3216 Est
2345 3166 2539 3216 autem
2601 3166 2657 3216 et
2713 3160 2896 3215 altera
2947 3160 3212 3231 ejusdem
3263 3156 3521 3213 nominis

113 3248 313 3306 Persei
371 3250 669 3322 quondam
717 3250 822 3306 viri
879 3253 969 3307 sui
1034 3246 1212 3308 fertur
1258 3252 1505 3308 liberata
1584 3252 1763 3306 tuisse
1802 3312 1834 3322 Α
1867 3252 2037 3322 juxta
2068 3250 2308 3305 ﬂuvium
2357 3249 2712 3305 Danubium.
2774 3250 3039 3320 Suntque
3096 3252 3389 3316 auctores,
3419 3244 3520 3317 qui

115 3337 414 3410 praesidio.

188 3426 451 3483 Iconium
483 3427 618 3499 (Act.
651 3446 770 3495 xm,
802 3430 867 3485 51
897 3448 910 3497 ;
946 3447 1058 3496 va,
1093 3431 1204 3502 12),
1231 3430 1434 3486 civitas
1459 3428 1763 3486 celeberri-

117 3532 219 3573 ma
247 3517 601 3589 Lycaconia,
634 3524 690 3573 et
720 3524 810 3574 est
848 3519 1029 3574 altera
1059 3520 1116 3574 in
1159 3520 1380 3577 Cilicia.

190 3604 359 3661 Italia
388 3605 522 3678 (Act.
554 3624 726 3676 xxvn,
792 3608 863 3678 1),
924 3609 1079 3680 regio
1138 3614 1195 3664 et
1254 3609 1440 3670 patria
1479 3610 1766 3665 Romano-

118 3710 255 3751 rum
287 3695 360 3751 ab
391 3696 534 3753 Italo
565 3712 698 3768 rege
718 3697 1275 3767 vocabulumtraxit,
1311 3716 1437 3770 qua
1471 3699 1543 3754 ab
1576 3698 1769 3755 Africo

116 3788 177 3841 et
215 3800 251 3841 ο,
276 3785 460 3842 Borea
481 3785 631 3841 mari
662 3787 873 3858 Magno
904 3787 1350 3859 cincta,reliqua
1377 3788 1614 3860 Alpium
1667 3789 1770 3843 ob-

111 3872 341 3945 jieibus
368 3875 612 3931 obtrusa
639 3879 748 3932 est.

196 4051 381 4124 Libya
410 4052 718 4124 provincia
740 4053 866 4109 dua
899 4059 1057 4123 sunt,
1084 4072 1202 4110 una
1222 4055 1401 4127 Lybia
1424 4054 1771 4126 Cyreneaca,

121 4140 194 4197 de
223 4156 343 4213 qua
372 4141 593 4197 dictum
628 4146 716 4198 est
748 4160 761 4197 :
795 4145 862 4198 Et
883 4146 1065 4214 partes
1089 4144 1288 4214 Libya.
1335 4158 1460 4213 quae
1505 4151 1585 4198 est
1629 4145 1777 4198 circa

125 4230 395 4303 Cyrenem
427 4231 563 4302 (Act.
597 4249 661 4299 11,
696 4233 797 4302 l0).
832 4237 965 4288 Hac
1003 4236 1167 4304 porta
1216 4231 1441 4303 [Egypti
1494 4231 1551 4286 in
1615 4236 1776 4303 parte

119 4319 334 4377 Africa
365 4320 556 4392 prima
577 4326 683 4389 est,
718 4327 775 4377 et
796 4323 939 4377 mari
969 4322 1171 4394 Libyco
1202 4338 1521 4395 cognomen
1567 4322 1727 4376 dedit
1760 4339 1772 4376 :

119 4411 258 4483 post
284 4425 465 4482 quam
496 4409 675 4482 Libya
730 4412 1090 4483 Ethiopum,
1146 4428 1332 4483 usque
1388 4411 1459 4466 ad
1513 4409 1779 4465 meridia-

125 4514 272 4554 num
305 4498 646 4571 pertingens
676 4500 992 4557 Oceanum.

198 4587 398 4661 Lydda
426 4588 561 4657 (Act.
596 4606 670 4657 IX,
694 4590 808 4661 32),
841 4589 1043 4645 civitas
1094 4588 1413 4645 Palastina
1467 4589 1528 4645 in
1585 4589 1779 4645 littore

118 4675 317 4749 Magni
348 4677 529 4734 maris
568 4678 698 4743 sita,
729 4696 858 4750 qua
890 4678 1178 4752 Diospolis
1206 4680 1227 4712 ²
1256 4678 1616 4751 appellatur.

193 4766 483 4840 Lycaonia
512 4766 651 4839 (Act.
685 4785 801 4835 xw,
842 4771 919 4839 5),
982 4767 1279 4841 provincia
1334 4768 1500 4823 ZEsia
1559 4772 1648 4824 est
1680 4772 1775 4824 :et

122 4855 394 4929 ejusdem
426 4856 683 4912 nominis
713 4857 917 4912 civitas
948 4862 1038 4913 est
1067 4856 1124 4911 in
1150 4856 1401 4929 Phrygia
1431 4857 1677 4913 minore.

196 4945 403 5016 Lystra
431 4943 581 5015 (Act.
605 4962 719 5015 xw,
752 4946 828 5017 6).
861 4945 1062 5001 civitas
1094 4945 1413 5017 Lycaoniae.

194 5031 371 5106 Lycia
400 5032 541 5105 (Act.
572 5051 746 5102 xxvu,
769 5035 847 5107 5),
872 5034 1166 5107 provincia
1187 5035 1354 5089 Asia.

202 5123 425 5189 Lasaa,
458 5121 663 5179 civitas
692 5111 981 5180 littoraria
1012 5127 1187 5179 Creta
1220 5122 1424 5178 insula
1473 5124 1643 5194 juxta
1691 5123 1773 5178 lo-

127 5229 265 5269 cum
297 5210 399 5284 qui
429 5217 671 5267 vocatur
698 5213 839 5269 Boni
874 5214 1100 5279 Portus,
1137 5217 1201 5267 ut
1238 5213 1362 5283 ipse
1393 5213 1577 5268 Lucas
1610 5229 1778 5284 expo-

126 5302 215 5357 nit
270 5300 422 5372 (Ασι.
479 5318 655 5370 xxvu,
705 5303 807 5373 8):
873 5320 976 5375 pro
1036 5319 1154 5372 qua
1205 5302 1445 5373 quidam
1503 5307 1777 5374 corrupte

129 5390 391 5447 Thalassa
418 5387 624 5462 legunt
655 5392 839 5463 (Ibid).

179 5566 438 5654 .‘lldem,
498 5566 656 5622 haud
722 5573 916 5625 tamen
986 5573 1157 5637 recte,
1203 5568 1473 5641 quondam
1549 5572 1781 5643 antiqua

130 5641 486 5774 dtgti’iursus
517 5710 695 5781 idem,
721 5728 845 5784 qua
864 5728 1010 5768 nunc
1032 5712 1320 5783 Diospolis,
1353 5717 1461 5766 etc.

198 5787 220 5819 ³
254 5785 319 5849 In
351 5805 480 5847 meo
510 5799 649 5858 ms.,
679 5782 926 5848 Persida,
959 5782 1461 5857 quemadmodum
1493 5786 1550 5840 et
1573 5783 1646 5840 ab
1677 5782 1783 5841 Isi-

1810 4695 1857 4760 D

1794 3312 1837 3378 α
1867 3312 2071 3395 dicant
2099 3338 2382 3394 transisse
2406 3355 2475 3394 ex
2521 3340 2751 3411 Europa
2806 3312 3016 3406 Mesas,
3075 3341 3132 3393 et
3178 3312 3522 3408 Brypeiiet

1872 3429 2136 3491 Hunnos,
2170 3445 2203 3484 a
2234 3428 2449 3500 quibus
2490 3426 2861 3500 appellantur
2891 3428 2948 3481 in
2979 3426 3117 3483 Asia
3135 3425 3305 3499 Mysi,
3340 3423 3523 3496 Phry-

1874 3534 1975 3591 ges
2007 3523 2063 3573 et
2092 3516 2367 3590 Bithynii.

1948 3607 2285 3665 Macedonia
2342 3608 2475 3678 (Act.
2536 3625 2628 3673 xx,
2689 3608 2761 3679 1),
2821 3605 3116 3679 provincia
3192 3604 3525 3660 Gracorum

1878 3698 2268 3761 nobilissima,
2298 3701 2357 3753 et
2390 3695 2704 3754 virtutibus
2721 3694 3030 3752 Alexandri
3055 3692 3251 3768 Magni
3272 3690 3526 3749 nobilior

1881 3789 2053 3844 facta.

1953 3875 2228 3948 Mitylene
2259 3876 2393 3945 (Act.
2426 3892 2500 3930 xx
2531 3873 2641 3945 13),
2674 3873 2871 3929 insula
2900 3876 3104 3929 contra
3131 3869 3356 3939 Asiam,
3392 3885 3524 3941 qua

1881 3983 1915 4021 a
1936 3965 2200 4038 proxima
2224 3965 2560 4020 continente
2587 3962 2758 4018 abest
2787 3960 3111 4034 quingenta
3134 3964 3361 4032 septem
3395 3955 3526 4013 mil-

1881 4054 1961 4111 lia
1991 4071 2221 4126 passus.

1954 4141 2185 4198 Miletus
2218 4142 2354 4212 (.lct.
2388 4159 2478 4211 xx,
2517 4143 2625 4209 15),
2663 4139 2867 4195 civitas
2902 4142 2959 4195 in
3018 4138 3155 4194 Asia
3210 4135 3527 4205 maritima,

1883 4232 2081 4285 decem
2115 4229 2323 4285 stadiis
2356 4230 2427 4285 ab
2458 4229 2609 4285 ostio
2643 4229 2917 4285 Maandri
2942 4228 3135 4284 amnis
3164 4231 3408 4292 secreta,
3432 4226 3533 4282 ubi

1883 4318 2099 4375 Paulus
2128 4318 2514 4390 Ephesiorum
2533 4319 2787 4390 majores
2803 4316 3122 4390 alloquitur
3138 4334 3151 4373 :
3168 4320 3257 4372 est
3272 4314 3534 4373 etinsula

1885 4425 1998 4464 non
2030 4406 2350 4480 ignobilis‘
2402 4408 2658 4464 nominis
2714 4408 2979 4479 ejusdem
3025 4406 3084 4462 in
3138 4405 3287 4462 mari
3343 4406 3531 4479 2Egao

1882 4497 1976 4554 vel
2009 4497 2191 4554 Ionio.

2671 4568 2718 4623 N

1951 4765 2237 4821 Nazareth
2270 4764 2403 4835 (.lct.
2436 4782 2490 4835 x,
2540 4765 2653 4836 38),
2704 4763 2933 4819 vieulus
2992 4762 3052 4817 in
3087 4760 3324 4819 Galilaa
3363 4762 3538 4833 juxta

1882 4860 2144 4913 montem
2177 4853 2430 4919 Thabor,
2468 4855 2619 4909 unde
2649 4857 2706 4909 et
2760 4852 3047 4908 Dominus
3106 4856 3305 4907 noster
3360 4850 3537 4907 Jesus

1881 4944 2149 5002 Christus
2182 4944 2514 4999 Nazarenus
2546 4946 2788 4998 vocatus
2816 4945 2911 4997 est
2943 4957 2956 4997 :
3002 4940 3293 5012 habetque
3348 4939 3536 4996 eccle-

1885 5035 2036 5091 siam
2061 5033 2121 5089 in
2154 5032 2278 5089 loco
2310 5049 2425 5104 quo
2454 5030 2699 5105 angelus
2731 5031 2800 5086 ad
2833 5031 3062 5086 beatam
3088 5030 3333 5086 Mariam
3363 5045 3536 5085 evan-

1885 5122 2248 5195 gelizaturus
2279 5120 2557 5176 intravit:
2593 5120 2694 5176 sed
2727 5123 2785 5176 et
2845 5118 3042 5189 aliam,
3096 5117 3197 5174 ubi
3252 5115 3538 5174 Dominus

1887 5216 1978 5268 est
2010 5211 2290 5266 nutritus.

1958 5298 2230 5372 Neapolis
2263 5299 2402 5365 (Act.
2433 5298 2699 5367 xv1,11),
2728 5295 2934 5353 civitas
2989 5295 3191 5364 Caria,
3250 5312 3379 5368 qua
3448 5299 3542 5352 est

1888 5389 2188 5463 provincia
2221 5388 2325 5460 [Αι.
2359 5385 2693 5459 provincia]
2725 5385 2896 5441 Asia.

1895 5569 2036 5623 doro
2069 5566 2291 5639 Hispal,
2320 5565 2597 5639 scribitur
2620 5565 2677 5639 in
2709 5568 2886 5620 recto.

1966 5641 1987 5673 ⁴
2016 5635 2276 5710 Negandi
2307 5637 2590 5710 particula
2646 5637 2705 5691 in
2762 5653 2889 5692 meo
2925 5652 3061 5710 gms.
3103 5652 3219 5691 non
3271 5641 3379 5706 est,
3440 5635 3538 5691 sed

1896 5708 2187 5768 contrario
2219 5708 2394 5768 sensu
2425 5710 2660 5776 dicitur,
2694 5710 2881 5765 insula
2911 5708 3194 5779 ignobilis,
3226 5712 3335 5764 etc.
