3970 6380
473 407 630 475 1363

1272 552 1314 612 Ρ

547 670 745 728 Parthi
780 672 916 745 (Act.
956 688 996 727 ιι
1026 670 1102 744 9),
1123 671 1275 731 inter
1310 673 1526 730 flumen
1575 673 1800 739 Indum,
1838 672 1994 745 quod
2046 672 2118 728 ab

480 760 700 818 oriente
731 767 840 829 est,
873 768 938 820 ut
970 764 1123 819 inter
1155 764 1372 820 flumen
1403 764 1645 837 Tigrim,
1695 764 1851 835 quod
1903 767 1993 819 est
2048 763 2118 817 ab

478 866 714 919 occasu,
740 852 835 908 siti
869 856 1027 921 sunt,
1062 858 1127 909 ut
1152 870 1329 926 supra
1359 854 1582 909 dictum
1614 858 1721 910 est.

549 939 769 997 Pontus
827 942 964 1011 (Act.
1028 960 1088 1008 ιι,
1136 943 1215 1013 9),
1268 944 1424 1015 regio
1482 942 1803 999 multarum
1856 941 2120 1015 gentium

475 1029 640 1085 8uitta
675 1046 837 1087 mare
885 1031 1208 1100 Ponticum,
1255 1032 1410 1103 quod
1468 1032 1669 1089 Asiam
1715 1032 2122 1103 Europamque

474 1118 847 1175 disterminat
881 1137 893 1174 :
929 1125 985 1175 et
1014 1125 1248 1192 propter
1294 1120 1607 1192 plurimam
1665 1122 1949 1177 ostiorum
2014 1124 2121 1175 Da-

477 1207 643 1263 nubii
673 1208 1029 1265 inlusionem
1058 1208 1290 1266 dulcius
1319 1210 1541 1266 cateris
1573 1227 1701 1266 esse
1731 1209 2117 1283 dignoscitur.

545 1297 876 1370 Pamphilia
908 1299 1042 1370 (Act.
1077 1316 1139 1366 ιι,
1176 1300 1285 1370 10),
1320 1300 1617 1372 provincia
1646 1300 1816 1355 Asia.

546 1386 779 1458 Paphus
811 1388 946 1458 (Act.
978 1406 1102 1456 xm,
1131 1388 1186 1460 6)
1228 1388 1521 1445 maritima
1552 1389 1611 1444 in
1670 1389 1854 1462 Cypro
1906 1386 2121 1457 insula,

469 1474 711 1532 Veneris
742 1478 1039 1549 quondam
1072 1478 1255 1534 sacris
1285 1478 1769 1551 carminibusque
1816 1483 2122 1549 poetarum

474 1564 719 1632 famosa,
755 1582 904 1637 qua,
938 1566 1229 1638 frequenti
1262 1573 1430 1622 terra
1492 1571 1659 1622 motu
1717 1566 1904 1638 lapsa,
1968 1580 2124 1620 nunc

471 1653 775 1711 ruinarum
808 1660 1037 1711 tantum
1068 1655 1350 1729 vestigiis,
1384 1656 1527 1728 quid
1559 1656 1698 1712 olim
1722 1655 1914 1723 fuerit,
1931 1659 2124 1711 osten-

470 1742 576 1800 dit.

540 1834 720 1905 Perge
749 1834 881 1904 (Act.
908 1850 1032 1898 xm,
1074 1834 1387 1902 13),civitas
1418 1833 1770 1908 Pamphylia
1794 1832 2121 1907 provincia.

541 1921 793 1994 Philippi
826 1923 933 1995 [AL
968 1923 1277 1996 Philippis]
1311 1924 1446 1993 (Act.
1482 1941 1596 1993 XVI,
1666 1925 1735 1980 12
1763 1923 2011 1994 civitas),
2064 1921 2123 1976 in
2155 1931 2204 1997 Β

472 2010 667 2083 prima
695 2016 857 2083 parte
889 2012 1259 2068 Macedonia.

544 2098 761 2156 Pisidia
789 2102 923 2173 (Act.
973 2119 1091 2171 xxx,
1148 2102 1258 2173 14),
1318 2102 1522 2159 civitas
1567 2102 1749 2175 Lycia
1817 2100 2122 2175 provincia

475 2188 649 2245 Asia.

542 2279 747 2336 Patara
792 2280 925 2351 (Act.
975 2297 1090 2348 xxx,
1127 2280 1203 2353 1,)
1261 2280 1464 2338 civitas
1486 2281 1666 2354 Lycia
1726 2281 2033 2354 provincia
2063 2281 2121 2338 in

475 2367 634 2425 Asia.

537 2456 851 2515 Ptolemais
881 2460 1020 2527 (Act.
1052 2476 1167 2528 χιιι,
1196 2458 1277 2530 7),
1340 2459 1544 2516 civitas
1588 2460 1647 2514 in
1705 2459 1910 2516 Judaa
1940 2460 2120 2514 mari-

466 2546 613 2603 tima
642 2564 819 2620 prope
847 2552 1106 2604 montem
1138 2548 1493 2616 Carmelum,
1528 2566 1653 2618 qua
1711 2549 2009 2621 quondam
2042 2550 2055 2582 '
2089 2566 2123 2603 a

468 2636 724 2708 quodam
756 2636 1048 2692 Ptolemeo
1072 2636 1229 2691 dicta
1260 2641 1369 2692 est.
1404 2640 1504 2692 Est
1532 2642 1729 2692 autem
1764 2636 1945 2693 altera
1986 2637 2120 2693 Pto-

469 2724 675 2793 lemais
706 2724 765 2779 in
799 2724 1093 2798 Pentapoli
1129 2726 1425 2797 provincia
1481 2726 1885 2797 Africa,cujus
1944 2743 2124 2798 supra

472 2829 737 2870 memmi.

544 2901 957 2974 Putealis(Act.
998 2920 1194 2974 xxvm,
1254 2904 1365 2972 l3),
1426 2904 1629 2962 civitas
1675 2904 1904 2961 colonia
1960 2905 2124 2961 Cam-

476 2992 684 3065 pania,
717 2992 920 3048 eadem
952 2993 1166 3048 dicitur
1195 2993 1484 3050 Ceadicta.

549 3170 735 3226 Roma
764 3172 897 3242 (Act.
930 3172 1146 3243 xxvm).
1198 3172 1382 3228 totius
1436 3175 1731 3245 quondam
1791 3175 1947 3231 orbis
1969 3176 1990 3209 ³
2020 3175 2119 3230 do-

478 3259 660 3327 mina,
694 3260 1065 3316 aconditoris
1095 3261 1185 3317 sui
1219 3261 1449 3318 Romuli
1483 3264 1719 3319 nomine
1758 3264 1841 3320 sic
1872 3269 2073 3320 vocata
2107 3277 2119 3318 :

488 3363 687 3419 quam,
721 3354 955 3421 propter
983 3349 1254 3406 eximiam
1302 3352 1600 3417 virtutem,
1659 3353 1921 3426 plerique
1979 3353 2122 3408 scri-

488 3443 744 3509 ptorum,
764 3440 928 3510 quasi
951 3439 1074 3495 sola
1095 3440 1485 3504 essct.Urbem
1501 3442 1793 3514 appellare
1807 3443 2123 3499 malebant.

554 3526 795 3582 Rhodus
828 3528 962 3599 (Act.
994 3529 1130 3598 xxr),
1165 3530 1476 3600 Cycladum
1509 3531 1839 3587 insularum
1889 3533 2126 3588 nobilis-

479 3616 652 3686 sima,
684 3621 739 3672 et
768 3617 840 3672 ab
871 3616 1092 3671 oriente
1119 3618 1334 3688 prima,
1367 3608 1664 3690 quondam
1699 3621 1992 3692 Ophiussa
2023 3640 2120 3678 vo-

471 3710 620 3777 cata,
654 3706 712 3761 in
745 3722 861 3778 qua
881 3705 1145 3776 ejusdem
1179 3706 1433 3762 nominis
1466 3708 1607 3763 urbe
1638 3709 1766 3778 fuit,
1818 3727 1964 3766 areo
2023 3728 2119 3767 co-

464 3795 620 3852 losso
652 3795 897 3859 famosa,
921 3794 1295 3866 septuaginta
1350 3796 1685 3853 cubitorum
1731 3798 2066 3856 altitudinis
2099 3817 2112 3855 :

465 3884 645 3941 distat
673 3901 706 3939 a
734 3886 902 3956 portu
938 3882 1089 3939 Asia
1118 3883 1322 3955 viginti
1355 3884 1617 3942 millibus
1650 3904 1954 3959 passuum.

538 3972 986 4046 Rhegiuch-t.
1020 3990 1212 4043 xxvm,
1248 3972 1358 4044 Μ),
1405 3974 1606 4031 civitas
1664 3976 1873 4032 Sicilia
1936 3978 2111 4032 mari-

464 4061 631 4130 tima,
661 4060 867 4132 viginti
902 4060 1091 4116 millia
1119 4079 1402 4133 passuum
1430 4081 1462 4119 a
1487 4066 1889 4137 promontorio
1914 4066 2112 4123 Peloro

465 4154 686 4205 secreta
720 4151 923 4221 :cujus
952 4166 1164 4205 nomen
1187 4151 1451 4208 Gracum
1478 4154 1896 4227 interpretatur
1916 4157 2115 4212 discre~

464 4241 542 4294 tio
576 4254 661 4294 :eo
692 4237 847 4309 quod
913 4236 1035 4292 hac
1086 4238 1296 4294 Sicilia
1346 4258 1482 4313 pars
1532 4244 1829 4314 quondam
1888 4245 2110 4301 Bruttio

463 4343 603 4400 agro
636 4325 808 4382 Italia
839 4325 1139 4393 coherens,
1175 4345 1306 4384 mox
1328 4330 1610 4387 interfuso
1644 4334 1791 4389 mari
1822 4336 1898 4390 sit
1942 4334 2108 4391 avul-

461 4434 547 4488 sa,
579 4414 914 4489 quindecim
934 4431 1216 4486 passuum
1242 4417 1606 4489 longitudine
1630 4424 1792 4491 freto,
1820 4423 1877 4478 in
1911 4424 2107 4480 latitu-

460 4507 597 4562 dine
626 4511 821 4562 autem
857 4504 1214 4574 modojuxta
1263 4506 1599 4566 columnam
1650 4512 1931 4585 Rbegiam
1996 4513 2102 4587 [AL

459 4596 681 4669 Regio),
737 4594 798 4649 in
859 4610 972 4665 quo
1023 4594 1166 4649 freto
1211 4600 1300 4650 est
1358 4599 1638 4671 scopulus
1691 4601 1899 4673 Scylla,
1963 4601 2104 4659 item

456 4683 783 4759 Charybdis
805 4699 965 4738 mare
995 4684 1350 4741 verticosum
1374 4687 1415 4755 ³,
1440 4654 1613 4746 ambo
1644 4654 1802 4747 clara
1866 4654 2106 4749 savitia.
2140 4680 2187 4746 D
2220 4743 2231 4755 ,
2288 4654 2527 4759 ετξιπιοη
2558 4654 2575 4725 (

1259 4774 1296 4829 S

522 4863 788 4921 Samaria
818 4862 954 4932 (Act.
988 4878 1106 4932 vm,
1141 4862 1215 4933 1),
1269 4865 1473 4924 civitas
1528 4870 1741 4941 regalis
1798 4870 1856 4927 in
1919 4870 2096 4928 Israel

447 4957 508 5012 in
536 4954 751 5010 vertice
783 4950 998 5006 montis
1027 4954 1230 5009 Somer
1262 4956 1468 5026 posita.
1502 4959 1610 5013 Sed
1646 4964 1703 5014 et
1753 4961 1949 5016 omnis
2011 4979 2095 5018 re-

448 5046 565 5121 gio,
599 5061 725 5116 qua
757 5041 910 5097 circa
939 5057 1066 5095 eam
1095 5041 1225 5107 fuit,
1259 5062 1291 5099 a
1349 5046 1581 5104 civitate
1631 5051 1930 5121 quondam
1991 5068 2092 5107 no-

447 5153 580 5191 men
611 5133 911 5203 acceperat
945 5147 957 5185 :
995 5131 1187 5185 media
1219 5131 1370 5188 inter
1398 5135 1664 5209 deaam
1704 5143 1761 5194 et
1797 5138 2091 5195 Galilaeam

438 5226 617 5296 jacet.
660 5222 788 5277 Hac
820 5218 891 5275 ab
927 5218 1147 5274 Herode
1175 5221 1466 5294 Antipatri
1519 5225 1639 5281 filio
1695 5227 1755 5282 in
1809 5227 2092 5284 honorem

519 5333 535 5365 ι
565 5334 778 5384 vocem
810 5325 1085 5399 quondam
1115 5342 1227 5381 ms.
1258 5327 1504 5399 ignorat.
1562 5390 1566 5395 ,

515 5402 536 5436 ²
566 5402 732 5478 Meus
764 5416 872 5478 ms.
892 5398 1128 5478 _additio
1149 5398 1725 5478 vrbsnomincmaulo
1742 5405 2090 5478 elegantius,

446 5477 609 5527 Roma
643 5471 772 5525 urbs
804 5472 967 5524 totius
997 5468 1270 5539 quondam
1297 5476 1463 5537 orbis,
1497 5468 1604 5530 etc.
1639 5468 1916 5533 Notatdm
1959 5468 2089 5534 vero

445 5548 536 5621 est
564 5542 750 5621 doctis
781 5541 939 5607 viris,
978 5539 1235 5621 ipsaque
1267 5560 1375 5621 _res
1434 5546 1666 5613 clamat,
1718 5566 2088 5621 nequaquam

441 5613 545 5669 abs
578 5613 926 5693 Hieronymo
959 5609 1028 5663 de
1053 5609 1235 5667 Roma
1267 5614 1385 5671 hac
1409 5625 1463 5673 et
1485 5636 1610 5689 qua
1644 5609 2091 5692 subsequuntur

441 5684 616 5739 scribi
651 5689 935 5739 potuisse.

438 5699 616 5741 SCPIDI
651 5699 935 5741 ὩΟῑιΠΒΒΘ.

504 5756 526 5789 ⁸
557 5752 760 5812 Malim
793 5752 995 5823 utique
1026 5760 1719 5835 vorticosumrescribipro
1742 5765 2084 5822 verticosum.

1964 415 2386 483 APPENDIX.

2154 558 2212 625 Α
2237 555 2485 629 Augusti
2513 555 2757 613 Cesaris
2796 554 2995 613 Graco
3052 552 3289 612 nomine
3342 551 3604 626 Sebaste,
3669 552 3730 611 id
3767 558 3875 624 est,

3723 418 3879 485 1364

2239 629 2481 700 Augusta
2511 632 2712 685 vocata
2740 632 2848 685 est.

2300 717 2531 774 Sichem
2572 718 2706 790 (Act.
2729 736 2831 787 vn,
2859 717 2965 789 16),
3016 715 3220 772 civitas
3268 716 3469 785 Jacob,
3519 733 3676 773 nunc
3732 716 3879 774 Nea-

2230 807 2381 880 polis
2411 807 2777 878 dicta,juxta
2805 806 3144 878 sepulcrum
3183 805 3428 879 Joseph,
3485 823 3614 878 qua
3669 823 3705 861 a
3759 806 3880 864 ﬁlio

2231 897 2404 953 Emor
2424 897 2515 952 sui
2548 896 2702 969 regis
2733 895 3083 952 vocabulum
3115 895 3372 968 sumpsit
3402 913 3415 951 :
3472 896 3638 967 juxta
3693 912 3874 969 quam

2231 986 2516 1043 Dominus
2550 986 2929 1042 Samaritana
2960 983 3190 1041 mulieri
3221 984 3876 1057 loquituradputeum‘;

2231 1076 2332 1131 ubi
2362 1093 2517 1131 nunc
2540 1074 2787 1132 ecclesia
2807 1074 3092 1131 fabricata
3141 1078 3233 1130 est
3286 1090 3355 1129 ex
3406 1072 3587 1131 latere
3652 1075 3871 1131 montis

2231 1165 2505 1222 Garizim.

2300 1255 2438 1310 Sina
2469 1256 2600 1323 (Act.
2636 1272 2738 1323 vn,
2769 1254 2883 1325 30),
2919 1252 3167 1309 monsin
3193 1251 3667 1324 regioneMadian
3693 1269 3872 1325 super

2231 1344 2507 1400 Arabiam
2531 1344 2588 1399 in
2628 1341 2984 1414 deserto,qui
3018 1341 3131 1397 alio
3164 1341 3402 1397 nomine
3431 1341 3654 1397 Choreb
3677 1341 3876 1414 appel-

2234 1432 2405 1489 latur.
2430 1433 2592 1489 Unde
2614 1432 2830 1488 dicitur
2862 1448 2874 1488 :
2911 1434 2971 1487 Et
3000 1433 3249 1503 fecerunt
3278 1431 3520 1487 vitulum
3555 1433 3613 1486 in
3668 1431 3879 1488 Choreb

2232 1522 2404 1594 (Psal.
2436 1539 2528 1591 cv,
2562 1522 2670 1594 19),
2705 1538 2836 1577 cum
2897 1521 3005 1578 hoc
3064 1521 3290 1593 Moyses
3346 1520 3406 1576 in
3468 1519 3607 1576 Sina
3654 1521 3879 1578 factum

2234 1612 2555 1684 scripserit.

2305 1702 2557 1757 Saronas
2587 1702 2723 1772 (Act.
2756 1717 2834 1768 lx,
2894 1700 3007 1772 35),
3061 1700 3215 1771 quod
3268 1700 3684 1772 interpretatur
3726 1716 3875 1756 cam-

2230 1792 2452 1863 pestris,
2509 1791 2667 1863 regio
2724 1796 2814 1846 est
2858 1789 3128 1845 Caesarea
3160 1788 3500 1855 Palaestina,
3560 1805 3749 1861 usque
3805 1789 3877 1845 ad

2234 1880 2516 1952 Oppidum
2544 1881 2731 1953 Joppe
2755 1878 3117 1952 pertingens.
3150 1879 3220 1933 Et
3247 1882 3335 1933 est
3367 1877 3537 1933 hodie
3566 1876 3729 1934 locus
3781 1894 3882 1951 pa-

2234 1969 2468 2025 scendis
2489 1969 2763 2043 gregibus
2789 1974 2964 2040 aptus
3000 1985 3013 2022 :
3045 1984 3172 2039 qua
3188 1969 3359 2037 juxta
3379 1965 3487 2023 soli
3510 1966 3876 2039 qualitatem,

2235 2058 2399 2114 Petro
2434 2059 2804 2125 praedicante,
2840 2056 2972 2112 fidei
3001 2055 3278 2112 continuo
3311 2055 3535 2111 fructus
3590 2055 3877 2129 germina-

2232 2148 2333 2203 vit.
2358 2149 2546 2205 Sedet
2574 2148 2729 2203 inter
2762 2149 3020 2201 montem
3058 2144 3291 2201 Thabor
3337 2149 3395 2200 et
3445 2149 3719 2218 stagnum
3779 2145 3877 2201 Ti-

2233 2237 2485 2294 beriadis
2518 2238 2674 2310 regio
2704 2241 2955 2292 Saronas
2985 2233 3331 2308 appellatur.

2303 2327 2483 2384 Sidon
2518 2328 2653 2399 (Act.
2676 2343 2853 2389 xxvu,
2910 2324 2989 2395 3),
3053 2324 3194 2407 urbs
3254 2322 3554 2380 Phanices
3599 2322 3875 2396 insignis,

2231 2416 2369 2472 olim
2400 2416 2688 2472 terminus
2709 2416 3168 2470 Chananaorum
3201 2413 3271 2469 ad
3302 2412 3656 2485 aquilonem,
3706 2413 3878 2483 juxta

2232 2505 2433 2561 Libani
2465 2506 2680 2561 montis
2709 2508 2901 2561 ortum
2934 2502 3069 2569 sita,
3099 2508 3157 2559 et
3180 2501 3310 2573 ipsa
3339 2502 3544 2558 artifex
3571 2501 3706 2557 vitri
3735 2502 3776 2556 ⁵.

2302 2595 2721 2667 Seleucia(Act.
2754 2611 2880 2660 χιιι,
2926 2592 3002 2663 4),
3063 2589 3269 2647 civitas
3318 2590 3492 2664 Syria
3550 2590 3783 2658 nobilis,
3816 2590 3875 2646 in

2232 2684 2629 2757 promontorio
2658 2682 2833 2757 Syria
2855 2679 3177 2736 Antiochia
3208 2680 3343 2736 sita.

2302 2774 2556 2830 Salamis
2586 2775 2721 2845 (Act.
2754 2770 2985 2840 xm,5),
3051 2767 3254 2825 civitas
3314 2768 3374 2824 in
3422 2773 3604 2842 Cypro
3655 2767 3876 2840 insula,

2234 2879 2389 2918 nunc
2419 2861 2755 2919 Constantia
2784 2859 2960 2925 dicta,
2984 2874 3161 2930 quam
3182 2857 3420 2928 Trajani
3433 2856 3714 2930 principis
3734 2861 3877 2913 tem-

2234 2951 2582 3025 pore,Judai
2604 2948 2924 3007 interfectis
2971 2946 3249 3003 omnibus
3276 2946 3488 3004 accolis
3517 2946 3873 3003 deleverunt.

2304 3040 2709 3099 Samothracia
2738 3040 2875 3112 (Act.
2915 3037 3168 3105 xv:,ll),
3220 3035 3420 3093 insula
3463 3036 3522 3092 in
3570 3036 3877 3093 Pacasiaco

2233 3149 2472 3293 smSlyi-ia
2500 3221 2683 3293 (Act.x
2702 3220 2921 3291 x),qua
2946 3213 3227 3270 Hebraice
3249 3217 3415 3271 Aram
3447 3214 3683 3283 dicitur,
3718 3213 3875 3288 regio

2078 3307 2119 3379 τ’
2157 3306 2200 3372 C
2237 3311 2484 3366 estinter
2504 3311 2721 3365 flumen
2752 3307 3083 3379 Euphraten
3109 3308 3167 3359 et
3198 3321 3356 3361 mare
3387 3305 3662 3377 Magnum
3687 3320 3876 3376 usque

2235 3400 2306 3456 ad
2339 3402 2649 3473 )Egyptum
2682 3398 3041 3471 pertingens,
3086 3396 3263 3453 habet
3310 3394 3595 3451 maximas
3652 3394 3878 3466 provin-

2234 3490 2376 3556 cias,
2426 3490 2836 3561 Comagenam,
2914 3486 3295 3554 Phaniciam,
3372 3488 3430 3539 et
3504 3482 3874 3539 Palaestinam

2232 3579 2456 3651 absque
2485 3579 2789 3635 Saracenis
2841 3582 2899 3634 et
2950 3574 3305 3643 Nabathais,
3357 3589 3610 3646 quorum
3670 3577 3878 3645 gentes

2231 3675 2369 3725 sunt
2397 3669 2728 3725 duodecim.

2301 3760 2508 3815 Samos
2541 3760 2674 3831 (Act.
2699 3776 2792 3826 xx,
2821 3758 2896 3829 3),
2930 3754 3128 3812 insula
3152 3754 3211 3810 in
3244 3751 3390 3809 mari
3420 3752 3615 3825 Egeo,
3665 3750 3727 3807 in
3758 3767 3877 3824 qua

2227 3852 2454 3920 reperta
2479 3848 2642 3920 prius
2672 3847 2874 3903 ﬁctilia
2899 3863 3039 3903 vasa
3068 3844 3381 3901 traduntur
3413 3858 3427 3898 :
3452 3842 3605 3897 unde
3630 3844 3687 3898 et
3734 3857 3877 3898 vasa

2225 3937 2423 3995 Samia
2436 3938 2728 4010 appellata
2755 3940 2920 3992 sunt.

2294 4028 2564 4100 Smyrna,
2594 4027 2797 4083 civitas
2823 4025 3004 4098 Lycia
3035 4023 3340 4096 provincia
3360 4021 3420 4077 in
3467 4020 3607 4076 Asia
3639 4036 3651 4075 :
3694 4020 3869 4091 cujus

2221 4118 2403 4174 Lucas
2427 4119 2505 4173 ita
2537 4116 2805 4174 meminit
2837 4132 2849 4171 :
2883 4117 2955 4171 Et
2975 4115 3201 4187 pelagus
3229 4112 3441 4168 Cilicia:
3496 4118 3548 4166 et
3585 4109 3867 4181 Pamphy-

2220 4209 2316 4265 lia
2344 4209 2664 4276 navigantes
2684 4207 2935 4262 venimus
2974 4206 3033 4259 in
3081 4202 3377 4275 Smyrnam
3406 4201 3427 4235 ⁶
3480 4200 3666 4270 Lycia
3722 4199 3863 4269 (Act.

2216 4315 2393 4362 xxvu,
2415 4300 2490 4368 5).
2526 4296 2632 4351 Pro
2663 4312 2779 4367 quo
2801 4293 2980 4366 aliqui
3004 4292 3233 4349 codices
3280 4290 3501 4346 habent
3533 4307 3545 4344 :
3613 4289 3866 4344 Venimus

2217 4389 2277 4443 in
2309 4388 2575 4458 Lystram,
2609 4400 2734 4456 qua
2762 4388 2838 4441 est
2870 4385 2930 4439 in
2959 4382 3181 4439 Cilicia.
3238 4380 3413 4435 Porro
3471 4377 3864 4449 Hieronymus

2217 4476 2275 4531 in
2307 4475 2473 4531 libris
2496 4475 2864 4531 Hebrmorum
2891 4473 3179 4528 nominum
3235 4467 3401 4542 ponit
3450 4468 3783 4540 Smyrnam,
3806 4469 3864 4521 et

2215 4565 2652 4638 interpretatur,
2683 4580 2959 4620 amaram.

2581 4654 2693 4709 Act.
2728 4669 2905 4724 xxvn,
2948 4654 3026 4720 7),
3071 4649 3275 4706 civitas
3332 4645 3629 4703 maritima
3674 4645 3853 4702 Creta

2216 4743 2444 4800 insula.

2278 4833 2473 4906 Syrtes
2502 4833 2639 4906 (Act.
2666 4848 2843 4896 xxvu,
2877 4830 2988 4903 l7),
3020 4844 3270 4885 arenosa
3325 4825 3387 4881 in
3437 4822 3584 4880 mari
3643 4822 3853 4896 Magno

2203 4920 2331 4979 loca
2360 4922 2615 4978 multum
2644 4919 2932 4978 terribilia
2960 4923 3017 4976 et
3046 4915 3381 4982 metuenda,
3411 4930 3477 4970 eo
3509 4912 3663 4985 quod
3687 4912 3759 4968 ad
3792 4927 3853 4966 se

2203 5012 2401 5069 omnia
2436 5011 2688 5083 diripere
2743 5008 2990 5078 soleant,
3034 5011 3094 5064 et
3149 5002 3688 5079 appropinquantes
3737 5000 3845 5070 (Al.

2200 5098 2717 5174 appropinquanti)
2746 5098 2959 5155 vadoso
2981 5095 3127 5153 mari
3159 5094 3439 5150 hareant.
3498 5090 3593 5147 Ha
3650 5094 3848 5146 autem

2271 5263 2293 5296 ‘
2341 5259 2822 5343 Yulgathantea,
2976 5260 3204 5343 fontem.
3265 5252 3563 5311 Historica
3614 5249 3843 5307 veritati

2200 5331 3135 5460 Ρτὲῗὶὲἕερῳὲἒίιῗέῗέιξῗὲιξιιῗιιῗιδῂει
3215 5401 3334 5473 ipsa
3408 5396 3615 5465 artifex
3681 5395 3837 5463 vitri,

2201 5494 2367 5531 meus
2408 5492 2516 5530 ms.
2552 5492 2663 5529 non
2691 5473 2976 5545 agnoscit.

2270 5550 2290 5582 ⁶
2313 5549 2418 5603 Pro
2440 5538 2758 5617 Smyrnam”
2793 5562 2971 5618 meus
3000 5562 3125 5618 ms.
3185 5540 3357 5618 habet
3400 5538 3663 5618 Smirant,
3697 5551 3830 5609 pro-

2241 5620 2331 5674 ius
2357 5635 2446 5687 eo,
2479 5613 2637 5695 quod,
2658 5616 3039 5695 Craci__codd.
3077 5616 3150 5670 ab
3172 5615 3432 5695 Auctore
3463 5613 3641 5695 nnotati
3694 5624 3835 5695 pia-

2241 5637 2331 5674 Ius
2357 5635 2446 5687 ΘΟ,
2522 5635 2630 5673 UOG
2658 5635 2835 5672 UFEBGI
2872 5635 3039 5672 C000.
3077 5635 3150 5670 an
3183 5635 3431 5668 ﬂucwre
3463 5635 3641 5664 uumu
3694 5635 3834 5680 prm-

2199 5637 2412 5758 Ferunt,
2470 5635 2547 5749 gl:
2598 5687 2775 5761 Μύρα,
2823 5690 3056 5760 Myram,
3140 5685 3339 5756 sicque
3417 5680 3662 5737 inferius
3720 5680 3834 5752 My-

2197 5779 2319 5820 ram
2348 5761 2491 5835 legit
2519 5778 2622 5834 pro
2653 5761 2968 5833 Smyrnam.
3236 5794 3239 5799 ›
