3970 6388
147 442 295 523 «sed
1245 461 1348 525 na
1393 459 1546 525 DEO
1588 457 1690 524 E'l‘
1732 453 1921 524 EJUS
1966 458 2421 527 NOMINIBUS.
3382 453 3536 524 1366

144 595 211 652 ad
241 593 398 652 mare
426 593 757 669 Egyptium
796 593 999 651 vicinia
1029 600 1189 665 sunt,
1222 600 1278 653 et
1308 595 1525 669 pariter
1582 594 1770 652 admi-
1802 600 1854 661 Α
1884 593 2280 667 Nephthalim,
2312 593 2588 653 vicesimo
2638 611 2815 670 prope
2860 593 3131 654 milliario
3189 612 3224 654 a
3277 598 3538 654 Casarea

141 689 392 751 soentur,
1888 683 2165 758 Philippi.
2203 687 2329 741 Haec
2356 687 2653 758 quondam
2685 685 2879 743 insula
2908 687 3019 743 fuit
3068 685 3305 760 praealto
3361 685 3532 751 mari,

203 775 647 849 Syracusa(Act.
709 792 906 841 χχχιιι,
972 775 1075 842 12),
1127 774 1468 847 metrOpolis
1540 772 1770 841 Siciliae,
1884 773 2271 846 septingentis
2302 775 2576 846 passibus
2634 774 2859 832 divisa:
2923 777 3023 832 sed
3074 776 3146 832 ab
3203 775 3531 832 Alexandro

135 867 242 921 sub
272 864 667 937 promontorio
700 864 1005 936 Pachyno:
1041 863 1331 935 siquidem
1391 862 1587 919 Sicilia
1647 863 1774 934 ipsa
1882 867 2037 918 terra
2067 863 2373 918 continens
2407 864 2555 919 facta
2584 869 2691 932 est,
2726 869 2961 937 propter
3014 864 3529 937 expugnationem,

134 955 317 1012 tribus
347 953 733 1010 estdistincta
756 952 1170 1025 promontoriis
1197 969 1209 1006 :
1234 953 1387 1007 unde
1410 957 1517 1007 eta
1547 952 1769 1007 trinan-
1884 950 2086 1007 multis
2117 952 2175 1007 in
2210 952 2364 1007 brevi
2390 952 2533 1008 freto
2561 952 2875 1026 aggeribus
2907 953 3284 1026 comportatis
3311 969 3323 1007 :
3357 953 3529 1025 cujus

132 1044 249 1118 guli
281 1042 490 1115 specie,
524 1042 824 1098 Trinacria
853 1042 1149 1113 quondam
1181 1044 1399 1107 vocata,
1435 1057 1566 1096 mox
1608 1058 1641 1096 a
1683 1040 1769 1095 Si-
1882 1040 2132 1096 maxime
2165 1040 2438 1097 nobilitas
2461 1041 2764 1114 conchylio
2783 1046 2957 1114 atque
2989 1059 3248 1114 purpura
3277 1044 3527 1098 constat.

132 1132 256 1189 culo
286 1149 418 1205 rege
448 1131 647 1187 Sicilia
677 1131 830 1187 dicta
859 1136 965 1188 est.
1002 1129 1258 1185 Primum
1306 1128 1769 1201 promontorium
1950 1131 2131 1185 Troas
2162 1130 2295 1199 (Aet.
2327 1147 2459 1196 xxx,
2490 1132 2565 1202 5),
2591 1131 2794 1187 civitas
2849 1132 2998 1187 Asia:
3058 1130 3375 1199 maritima,
3437 1148 3529 1188 ea-

130 1221 341 1277 dicitur
369 1219 661 1288 Pelorum,
694 1226 753 1276 et
807 1224 1029 1292 spectat
1087 1219 1159 1273 ad
1228 1218 1609 1290 aquilonem:
1671 1217 1765 1273 cui
1877 1219 2013 1273 dem
2044 1218 2360 1291 Antigonia
2388 1219 2563 1275 dicta.

133 1311 396 1367 Messana
424 1309 627 1365 civitas
658 1310 921 1381 proxima
942 1313 1065 1364 est:
1100 1312 1156 1362 et
1187 1310 1493 1362 adversum
1526 1324 1593 1361 ex
1656 1308 1765 1361 lta-
1950 1306 2225 1379 Thyatira
2285 1308 2420 1379 (Act.
2455 1325 2570 1374 xvr,
2594 1309 2670 1379 ll),
2704 1308 2909 1365 civitas
2967 1309 3178 1382 Libyas,
3252 1325 3379 1381 quae
3438 1311 3527 1365 est

128 1398 206 1455 lia
247 1399 469 1454 dictum
530 1404 619 1455 est
674 1397 1139 1470 promontorium
1196 1397 1408 1461 Genus,
1456 1395 1763 1450 duodecim
1878 1395 2175 1467 provincia
2206 1397 2373 1468 Asiaa,
2407 1396 2625 1470 templo
2648 1399 2945 1469 quondam
2978 1398 3291 1471 /Esculapii
3337 1398 3521 1453 famo-

129 1487 450 1543 stadiorum
471 1486 1137 1543 intervallo.Secundum
1168 1484 1382 1539 dicitur
1407 1484 1766 1556 Pachynum,
1878 1501 1971 1540 sa:
2006 1486 2175 1556 cujus
2218 1485 2356 1541 civis
2400 1490 2523 1541 erat
2570 1486 2670 1542 illa
2727 1487 2906 1559 Lydia
2952 1483 3407 1564 πορφυρόπωλις,
3464 1486 3523 1542 id

129 1576 279 1649 quod
308 1577 548 1649 respicit
577 1577 647 1632 ad
689 1577 1068 1631 Euronotum.
1128 1574 1390 1628 Tertium
1440 1572 1771 1644 appellatur
1878 1578 1987 1642 est,
2036 1589 2305 1645 purpurae
2364 1575 2656 1643 venditrix,
2718 1593 2844 1647 quae
2884 1576 2942 1631 in
3006 1576 3289 1649 Philippis
3346 1576 3524 1631 ﬁdem

125 1666 459 1739 Lilybaeum,
494 1665 782 1721 civitatem
817 1665 1081 1736 ejusdem
1115 1662 1370 1719 nominis
1412 1662 1656 1731 habens,
1711 1665 1769 1717 et
1876 1661 2093 1717 Christi
2127 1663 2407 1734 suscepit.

126 1753 396 1827 dirigitur
432 1753 491 1809 in
526 1770 822 1810 occasum.
1946 1751 2360 1809 Thessalonica
2388 1752 2520 1822 (Act.
2556 1770 2695 1818 xvn,
2728 1753 2803 1822 l),
2837 1753 3041 1809 civitas
3073 1753 3446 1810 Macedoniae.

919 1842 964 1897 T
1945 1840 2267 1896 Theatrum
2317 1840 2453 1911 (Act.
2512 1859 2629 1913 xxx,
2689 1842 2801 1913 29),
2871 1841 3034 1897 locus
3090 1859 3123 1897 a
3189 1841 3521 1914 spectaculo

192 1933 410 1988 Tarsus
436 1932 572 2005 (Act.
604 1949 745 1995 XXII,
775 1933 853 1999 3),
904 1930 1104 1986 civitas
1156 1927 1494 2001 metropolis
1552 1926 1764 1985 Cilicia;
1794 1966 1841 2030 Β
1874 1927 2222 1984 vocabulum
2257 1933 2552 1996 mutuans,
2600 1931 2758 2001 quod
2813 1930 2874 1985 in
2933 1948 2998 1986 eo
3051 1930 3302 2003 populus
3357 1934 3522 1987 stans

121 2020 443 2093 provinciae,
476 2021 657 2078 Paulo
674 2020 936 2093 apostolo
968 2019 1243 2091 gloriosa.
1794 2017 1840 2030 ⁵’
1871 2017 2123 2089 desuper
2153 2022 2329 2088 atque
2361 2023 2652 2090 spectans,
2700 2019 2875 2076 ludos
2942 2019 3205 2076 scenicos
3262 2024 3521 2076 contem-

190 2110 373 2183 Tyrus
395 2111 535 2183 (Act.
570 2127 687 2176 xxx,
721 2108 1144 2181 3),metropolis
1176 2107 1475 2162 Phoenices
1510 2106 1568 2161 in
1602 2105 1758 2161 tribu
1871 2104 2151 2177 plaretur.

193 2352 545 2409 Subnectitur
566 2355 622 2408 in
653 2369 769 2407 meo
794 2368 896 2407 ms:
929 2351 1111 2407 ist/uec
1158 2352 1298 2406 lectu
1326 2366 1437 2405 non
1460 2349 1713 2421 indigna,
1741 2356 1792 2405 et
1828 2349 2133 2403 maximam
2188 2353 2401 2419 partem
2455 2365 2525 2405 ex
2568 2350 2896 2421 Hieronymo
2947 2360 3221 2420 excerpta,
3262 2351 3522 2409 Hebraici

119 2424 389 2496 alphabeti
416 2426 811 2495 interpretatio,
845 2432 961 2479 tum
991 2441 1026 2478 α
1055 2423 1284 2493 quodam
1307 2424 1569 2493 Symeone
1585 2394 2092 2496 idiuinae"seposita.
2120 2394 2301 2496 decem
2354 2423 2455 2496 Dei
2502 2422 2753 2496 nomina,
2773 2394 2943 2493 aqua?
3007 2394 3142 2496 non"
3174 2394 3268 2477 a’bs
3326 2439 3385 2496 re
3426 2440 3516 2480 me

120 2493 389 2566 facturum
408 2493 600 2568 putaui
619 2498 667 2550 si
698 2496 786 2550 hic
815 2495 1190 2566 wljungcrem,
1246 2496 1489 2568 macime
1534 2500 1733 2547 cumet
1791 2493 1910 2561 illa,
1973 2499 2038 2568 et
2082 2493 2255 2568 aliain
2299 2493 2464 2563 paulo
2514 2494 2813 2568 longiorem
2867 2493 3179 2568 earumdem
3216 2495 3516 2568 nominum

123 2562 512 2638 expositionem
543 2585 575 2622 α
603 2562 915 2622 Martianaao
937 2562 1267 2621 incuriosius
1297 2566 1662 2638 editamtomo
1696 2568 1763 2638 ξπ,
1796 2562 2038 2638 nequid
2094 2562 2512 2638 desideraretur,
2577 2563 2685 2618 huc
2737 2566 3054 2637 transferri,
3112 2574 3163 2620 et
3200 2567 3319 2638 ipsa
3372 2567 3512 2623 scri-

121 2634 316 2710 ptionis
344 2641 576 2709 indoles,
611 2644 662 2694 et
696 2639 974 2694 institutus
1004 2655 1037 2692 a
1057 2639 1213 2692 nobis
1242 2640 1302 2692 in
1330 2638 1430 2691 hac
1455 2635 1753 2704 digerenda
1780 2636 2097 2690 collectione
2124 2634 2252 2690 ordo
2276 2636 2597 2706 postularet.

1104 2761 1438 2817 llEBRAICl
1479 2759 1886 2815 ALPHABETI
1920 2757 2520 2815 INTERPRETATIO.

184 2904 224 2950 κ
245 2888 387 2958 Alef,
421 2888 605 2952 mille.
638 2887 723 2944 vel
754 2889 1000 2944 doctrina
1033 2900 1072 2941 ι.
1936 2867 1969 2943 ⁸7
1998 2883 2213 2939 Lamed
2245 2884 2287 2950 ³,
2320 2884 2606 2951 doctrina,
2638 2883 2759 2940 sive
2788 2884 3101 2957 disciplina.

185 2991 222 3040 1
251 2978 413 3046 Bsth,
435 2979 647 3035 domus.
1936 2984 1988 3032 3:
2013 2973 2187 3042 Mem,
2218 2989 2286 3027 ex
2317 2989 2454 3045 quo,
2487 2972 2577 3028 vel
2608 2989 2676 3028 ea:
2698 2975 2854 3045 ipsis,
2885 2974 3004 3030 sive
3034 2990 3207 3045 aqua.

187 3079 214 3129 λ
244 3068 431 3125 Gimel
452 3070 559 3139 [Αἱ.
593 3068 838 3139 Gemel],
871 3067 1197 3129 retributio,
1231 3064 1317 3119 vel
1348 3065 1653 3136 plenitudo.
1760 3138 1763 3139 ν
1937 3060 2126 3127 JNun,
2154 3061 2362 3133 fetus‘,
2396 3062 2483 3117 vel
2504 3061 2701 3134 piscis,
2735 3063 2854 3119 sive
2882 3064 3295 3134 sempiternum.

186 3172 219 3220 ’τ
245 3158 413 3215 Duled
448 3138 555 3231 [Αἰ.
589 3138 807 3228 Delcd],
852 3174 1091 3229 pauper,
1126 3154 1213 3210 vel
1253 3154 1474 3220 tabulae,
1500 3152 1618 3208 sive
1663 3138 1768 3222 ja-'
1935 3163 1973 3209 D
2005 3150 2268 3216 Samech,
2298 3150 2757 3219 ﬁrmamentum,
2792 3150 2927 3206 licet
2968 3150 3208 3223 quidam
3267 3152 3508 3209 erectio-

122 3264 251 3304 nua.
1866 3254 2019 3309 nem,
2056 3236 2143 3292 vel
2172 3238 2530 3309 adjutorium,
2564 3238 2684 3309 sive
2716 3239 2992 3295 fulturam
3024 3244 3250 3311 putant.

183 3348 221 3397 Π
253 3338 353 3404 He,
386 3337 537 3410 ipsa,
568 3336 656 3391 vel
688 3338 813 3401 ista,
847 3335 969 3392 sive
998 3334 1346 3406 suscipiens.
1780 3322 1823 3389 (ἶ
1932 3338 1971 3391 ν
1995 3326 2128 3395 Ain,
2161 3329 2302 3396 fons,
2336 3328 2456 3383 sive
2485 3329 2691 3384 oculus.

178 3436 200 3487 π
232 3428 374 3498 Van,
407 3432 480 3498 et,
512 3426 656 3498 ipse,
692 3425 810 3481 sive
838 3425 982 3480 haec.
1928 3425 1967 3478 ξ)
2002 3416 2095 3482 Pe,
2130 3415 2247 3471 imo
2273 3416 2364 3483 Fe,
2397 3433 2454 3472 os
2481 3417 2550 3472 ab
2603 3433 2718 3487 ore,
2778 3434 2888 3474 non
2933 3419 3003 3474 ab
3061 3435 3195 3489 osse,
3256 3419 3378 3475 sive
3428 3419 3505 3475 la-

179 3529 204 3577 τ
233 3517 367 3572 Zain
399 3518 508 3588 [ΑΙ.
542 3516 683 3586 Zai],
717 3514 886 3582 oliva,
920 3514 1005 3569 vel
1036 3512 1356 3577 fornicatio,
1388 3513 1518 3565 haec.
1861 3522 2069 3576 queus,
2104 3504 2188 3560 vel
2221 3505 2513 3578 decipula.
2608 3548 2617 3555 .

180 3618 219 3667 Π
249 3606 416 3674 Heth,
450 3607 590 3675 vita,
621 3603 710 3659 vel
740 3603 1035 3660 vivacitas.
1932 3605 1971 3655 δ’
2000 3594 2135 3648 Zadi
2171 3594 2281 3663 [Αι.
2315 3594 2504 3667 Sede],
2535 3595 2714 3668 regio,
2752 3596 2868 3652 sive
2890 3598 3130 3668 justitia.

178 3707 227 3754 is
256 3694 466 3760 Theth,
503 3695 721 3749 bonum.
1933 3695 1972 3771 Ρ
2002 3682 2121 3751 Col,
2156 3683 2380 3739 vocalia.

180 3784 331 3841 iJob
384 3785 493 3852 [ΑΙ.
550 3783 731 3855 Joth],
784 3782 1028 3838 scientia
1084 3782 1171 3837 vel
1224 3781 1583 3851 principium,
1655 3780 1756 3832 aut
1934 3784 1965 3835 Ἴ
2000 3772 2133 3840 Res,
2165 3776 2345 3842 caput.

117 3860 459 3930 dominator.
1933 3875 1988 3921 Ψ
2020 3860 2143 3931 Sin,
2176 3861 2380 3917 dentes.

185 3976 214 4024 D
244 3961 515 4037 Chal[Al.
546 3961 753 4032 Caph].
785 3977 1005 4030 manus,
1038 3958 1234 4033 palma
1261 3961 1303 4027 ³,
1345 3957 1433 4013 vel
1463 3956 1609 4012 vola.
1936 3962 1979 4010 Π
2009 3949 2178 4016 Thaf,
2199 3952 2438 4021 signum,
2470 3949 2560 4005 vel

895 4100 1251 4156 SYMEONIS
1280 4099 1500 4155 JUDzEI
1544 4095 1784 4153 DECEM
1810 4092 1930 4149 DEI
1960 4090 2297 4147 NOMINUM
2328 4090 2726 4147 EXPOSITIO.

188 4202 463 4271 Sabaoth,
488 4201 545 4256 id
569 4204 680 4268 est,
702 4200 987 4256 Dominus
1007 4198 1312 4266 virtutum,
1343 4195 1628 4253 Dominus
1660 4194 1763 4250 mi-
1941 4205 2145 4278 Elyon,
2171 4206 2460 4262 Εχοοιευε,

124 4288 400 4363 litiarum,
434 4290 719 4346 Dominus
749 4288 947 4345 omnia
974 4292 1198 4345 tenens.
1941 4295 2241 4365 Coneacol,
2273 4295 2674 4368 Omnipotens.

172 4380 332 4450 -Eloi,
368 4380 546 4439 Deus.
1942 4384 2045 4439 Ais.
2078 4386 2120 4455 ⁸,
2154 4385 2262 4449 Qui
2297 4392 2437 4457 erat,
2471 4390 2528 4441 et
2557 4386 2654 4458 qui
2682 4386 2810 4442 erit.

193 4469 483 4537 Saddeoh,
514 4470 738 4525 Justus.
1943 4472 2304 4543 Barucabba,
2330 4474 2677 4532 Benedictus
2707 4480 2888 4548 pater.

192 4558 439 4631 Adonei,
464 4556 766 4614 Dominus.
1948 4563 2151 4618 Barac.
2183 4563 2554 4621 Benedictus.

194 4645 280 4715 El,
304 4646 513 4703 Fortis.

198 4789 214 4822 ¹
246 4790 379 4855 Qua:
410 4787 826 4873 nos.vocabula
857 4787 1051 4873 italico
1082 4786 1414 4873 charactere
1455 4787 1763 4873 descripsi-
1797 4844 1840 4873 Π
1872 4864 1885 4873 ε
1944 4794 2361 4873 δβνεηρριυυῐιι
2391 4794 2449 4850 in
2482 4812 2592 4873 ms.
2628 4814 2753 4853 meo
2785 4795 2985 4852 littera;
3026 4796 3265 4855 alteram
3297 4805 3518 4873 etymo-

133 4844 284 4917 mus‘
314 4860 835 4987 cumHierorli‘ym,
864 4858 1341 4931 interpretatione
1388 4844 1765 4917 consentiunt
1797 4844 1841 4909 Ῐ)
1872 4844 2449 4937 logiam—etl‘erentes:
2942 4844 3515 4928 "bzizI"iti'&}'-tiai3;£s

200 4933 227 4975 ι
248 4907 470 4989 (Ιὶιίοεθ
502 4932 642 4989 Ιθειι
731 4938 939 4987 artlan.
968 4932 1149 4989 pallia.
1884 4935 1943 4989 in
1976 4937 2100 4989 suis
2130 4935 2346 4989 lauerat
2372 4938 2575 4989 subter.

200 4938 227 4975 ι
249 4938 470 4989 Vitiose
502 4938 642 5003 legit
670 4938 939 4987 Martian.
964 4938 1149 5002 patpn.

199 5003 937 5088 fiterumncorrupte,.Ldb,
972 5019 1073 5075 pro
1746 5079 1755 5088 .

1976 4938 2100 4991 suis
2130 4938 2346 5007 legerat
2372 4938 2575 4993 subter.
2774 4938 2796 4941 ἡ

1953 5008 2270 5088 “‘Martian.
2306 5009 2403 5064 Aio
2432 5025 2444 5062 :
2471 5013 2536 5088 et
2558 5026 2691 5088 mox
2716 5012 2962 5088 Barueae
3022 5011 3193 5088 legit,
3253 5030 3355 5086 pro
3404 5030 3518 5086 quo

174 5076 222 5127 .‘
252 5076 411 5132 Idem
441 5077 590 5146 Feta,
632 5081 689 5130 et
717 5074 927 5130 deinde
970 5074 1367 5145 Serpentinum,
1427 5091 1529 5146 pro
1580 5079 1776 5148 sempi-
1885 5078 2088 5135 mallet
2109 5080 2325 5135 Baruca
2355 5096 2423 5136 ex
2453 5081 2701 5136 Arabica
2742 5074 3191 5140 terminatione"
3227 5074 3285 5142 et
3313 5074 3527 5143 rectius

138 5150 370 5203 ternum.
624 5204 649 5211 _
1886 5167 2067 5223 supra
2096 5152 2349 5206 omnium
2375 5167 2663 5223 possessor,
2706 5169 2809 5225 pro
2840 5156 3205 5225 omnipotens.

140 5302 3535 5332 ._____________________—_____________________

898 5407 1065 5500 DE
1135 5406 1389 5502 DEO
1459 5408 1616 5502 ET
1683 5409 2384 5506 NOMINIBUS
2452 5412 2776 5508 EJUS.

210 5692 591 5750 Beatissimae
637 5693 1047 5765 Hieronymus,
1098 5692 1185 5748 vir
1225 5692 1663 5750 eruditissimus
1720 5698 1777 5750 et
1887 5712 2031 5751 num
2062 5695 2602 5769 interpretationem
2624 5696 2926 5771 primusin
2961 5697 3231 5755 Latinam
3270 5698 3537 5772 linguam

147 5780 457 5842 multarum
493 5782 830 5856 linguarum
859 5782 1105 5855 peritus,
1137 5782 1513 5841 Hebraeorum
1570 5783 1773 5842 Nomi-
1885 5784 2188 5855 convertit,
2229 5802 2298 5844 ex
2355 5784 2569 5858 quibus
2620 5803 2725 5862 pro
2777 5786 3065 5846 brevitate
3121 5786 3539 5863 pretermissis
