3970 6386
430 402 586 473 1367

1919 418 2342 487 APPENDIX.

3674 422 3832 497 iane

429 552 653 625 multis,
687 553 950 626 quaedam
983 547 1119 611 huic
1148 553 1307 627 operi
1346 555 1588 625 adiectis
1640 554 2065 630 interpretatio-
2095 558 2152 624 Α
2179 564 2447 617 sanctum
2479 563 2708 635 Moysen
2742 576 2845 634 per
2873 559 3147 636 angelum
3176 562 3267 620 est
3311 556 3601 632 delatum;
3658 577 3817 636 qua-

428 644 606 701 nibus
633 644 999 717 interponere
1025 646 1225 701 studui
1251 664 1264 715 ;
1296 647 1708 705 vocabulorum
1733 648 1889 705 enim
1912 666 2079 721 expo-

435 734 571 792 sitio
603 735 748 791 satis
779 734 1019 804 indicat,
1059 736 1202 807 quid
1235 736 1412 792 velint
1440 736 1707 811 intelligi.
1740 739 1803 793 In
1863 738 2075 811 princi-

432 823 529 896 pio
556 827 751 880 autem
782 825 983 880 decem
1035 824 1271 881 nomina
1319 826 1615 898 ponimus,
1659 828 1875 900 quibus
1923 829 2076 901 apud

439 913 715 969 Hebraeos
746 913 900 970 Deus
931 920 1188 972 vocatur.

501 1002 764 1059 Primum
808 1005 962 1076 apud
997 1005 1265 1061 Hebraeos
1299 1006 1398 1061 Dei
1423 1023 1655 1063 nomem
1711 1008 1788 1063 Ει.
1842 1007 2074 1078 dicitur,

432 1092 589 1163 quod
622 1091 717 1148 alii
751 1094 938 1159 Deum,
982 1094 1079 1149 alii
1113 1096 1520 1169 etymologiam
1545 1098 1672 1168 ejus
1687 1096 2077 1168 exprimentes

429 1180 841 1253 Schirosi'Leg.
886 1184 1168 1258 ‘lcryppbd.
1204 1186 1257 1239 id
1283 1191 1390 1249 est,
1449 1186 1652 1257 fortem
1709 1186 2074 1258 interpretati

429 1274 589 1340 sunt,
622 1286 687 1326 eo
718 1272 872 1341 quod
904 1272 1066 1327 nulla
1086 1274 1422 1329 infirmitate
1453 1275 1823 1346 opprimitur,
1848 1275 1948 1330 sed
1974 1275 2079 1330 for-

427 1359 504 1415 tis
531 1364 622 1414 est
666 1364 724 1415 et
781 1362 1081 1417 sufﬁciens
1129 1364 1199 1418 ad
1260 1363 1458 1419 omnia
1513 1364 1934 1436 perpetranda:
1971 1364 2074 1419 Se-

427 1447 688 1504 cundum
708 1466 943 1517 nomen,
968 1456 1169 1507 ELOIM.
1203 1453 1656 1519 Tertium,ELos.
1683 1454 1843 1518 Quod
1878 1458 2074 1507 utrum

425 1552 540 1608 que
570 1535 629 1591 in
654 1536 923 1594 Latinum
956 1540 1094 1595 Deus
1111 1540 1451 1597 dicitur.Est
1479 1546 1674 1597 autem
1710 1542 1765 1596 in
1802 1541 2075 1597 Latinum

425 1641 495 1682 ex
525 1625 720 1683 Graeca
741 1629 1126 1701 appellatione
1157 1631 1676 1702 translatum,nam
1712 1637 1860 1686 Deus
1884 1631 2075 1686 Graece

427 1715 640 1785 Theos,
673 1717 874 1791 febos[
909 1724 1047 1789 Lege
1067 1714 1259 1796 φόϐος]
1309 1721 1543 1793 dicitur,
1603 1720 1660 1775 id
1718 1725 1825 1788 est,
1888 1723 2069 1775 timor.

425 1802 591 1861 Unde
619 1808 872 1862 tractum
903 1813 991 1865 est
1020 1814 1187 1878 Deus,
1213 1812 1363 1881 quod
1409 1828 1544 1866 eum
1615 1810 1937 1865 colentibus
1998 1810 2075 1865 sit

426 1891 626 1948 timor.
650 1898 802 1951 Deus
832 1900 1027 1953 autem
1059 1900 1288 1971 proprie
1331 1916 1542 1955 nomen
1600 1903 1690 1955 est
1746 1898 2069 1968 Trinitatis,
2104 1931 2150 1996 Β

432 1980 731 2053 pertinens
763 1986 834 2040 ad
865 1986 1118 2053 Patrem,
1152 1993 1207 2043 et
1232 1987 1464 2053 Filium,
1498 1994 1554 2044 et
1599 1988 1880 2059 Spiritum
1934 2004 2067 2042 san-

428 2075 611 2126 ctum.
634 2072 721 2126 Ad
757 2090 934 2145 quam
969 2076 1312 2131 Trinitatem
1345 2078 1520 2133 etiam
1552 2076 1797 2147 reliqua,
1825 2093 1951 2147 quae
2010 2075 2069 2130 in

425 2159 673 2217 Domino
702 2161 857 2219 intra
885 2169 1021 2220 sunt
1052 2166 1241 2237 posita
1269 2167 1548 2222 vocabula
1578 2168 1853 2222 referunt.

497 2250 780 2315 Quartum
814 2270 1022 2309 nomen
1055 2253 1288 2324 dicitur,
1323 2256 1604 2322 Sanso'rn,
1636 2256 1789 2327 quod
1826 2254 2072 2309 vertitur

425 2339 485 2395 in
504 2340 799 2412 Latinum,
830 2345 1191 2399 exercituum.
1224 2346 1371 2400 Sunt
1412 2345 1564 2399 enim
1617 2345 1673 2399 in
1727 2342 2067 2413 hujusmodi

426 2432 793 2489 ordinatione
827 2432 1074 2490 virtutes
1106 2434 1324 2505 multis,
1360 2438 1425 2490 ut
1454 2435 1681 2507 Angoli,
1720 2431 2067 2505 Archangeli

428 2522 794 2595 Principatus
864 2527 920 2578 et
1004 2527 1344 2592 Potestatcs,
1431 2524 1739 2595 cunctique
1818 2522 2069 2578 caelestis

424 2610 645 2667 militiae
677 2612 933 2675 ordines,
967 2628 1215 2683 quorum
1252 2618 1447 2668 tamen
1474 2612 1571 2668 ille
1603 2613 1884 2669 Dominus
1930 2618 2020 2667 est
2052 2628 2064 2666 :

423 2716 628 2756 omnes
653 2700 809 2756 enim
841 2702 951 2757 sub
980 2702 1106 2773 ipso
1138 2713 1292 2769 sunt,
1326 2701 2070 2774 ejusque,dominatuisub-

454 2791 676 2861 jacent.

495 2878 799 2946 Quintum,
839 2880 1047 2949 Euros,
1101 2880 1253 2951 quod
1307 2880 1741 2951 interpretatur,
1800 2880 2066 2946 excelsus,

425 2967 565 3039 quia
593 2984 771 3040 super
817 2967 992 3023 caelos
1014 2973 1119 3035 est,
1170 2970 1322 3024 sicut
1372 2969 1654 3041 scriptum
1709 2973 1797 3023 est
1842 2968 1910 3023 de
1955 2984 2065 3022 eo:

426 3058 681 3113 Excelsus
743 3059 1020 3128 Dominus,
1068 3074 1238 3131 supra
1284 3061 1440 3115 melos
1496 3057 1675 3129 gloria
1723 3059 1837 3125 eius
1896 3058 2065 3128 (Psal.

427 3163 561 3218 cxn,
595 3146 670 3219 ll).
704 3147 977 3202 Excelsus
1010 3152 1201 3203 autem
1236 3148 1465 3213 dicitur,
1500 3164 1603 3219 pro
1636 3146 1797 3202 valde
1855 3146 2066 3211 celsus,

432 3235 585 3291 sicut
622 3236 891 3307 eximius,
925 3236 1092 3309 quasi
1122 3238 1289 3292 valde
1319 3236 1601 3294 eminens.

2189 648 2337 705 renti
2369 651 2545 722 enim,
2581 650 2736 724 quod
2762 656 2852 707 est
2901 668 3111 707 nomen
3152 652 3300 724 ejus,
3335 651 3435 725 qui
3495 668 3636 709 eum
3699 667 3826 726 per-

2187 754 2320 812 gere
2350 739 2721 812 prazcipiebat
2750 740 2821 796 ad
2866 739 3148 814 pepulum
3171 758 3237 798 ex
3279 745 3523 814 Egypto
3573 740 3828 798 liberan-

2186 829 2351 898 dum,
2385 829 2850 901 responditzEgo
2877 846 2998 885 sum
3017 832 3254 902 quisum
3302 830 3495 901 (Exod.
3543 847 3627 901 Ill,
3689 830 3777 903 14)
3805 848 3826 885 :

2186 921 2260 987 et,
2294 919 2444 974 Dices
2474 920 2609 990 ﬁliis
2652 920 2858 975 Israel:
2922 920 3027 988 Qui
3089 922 3170 974 est
3233 920 3387 974 misit
3448 935 3535 975 me
3602 918 3671 975 ad
3736 934 3830 976 vos

2185 1007 2395 1079 (Ibid.),
2435 1012 2716 1081 tanquam
2757 1009 2815 1063 in
2843 1009 2970 1079 ejus
3000 1007 3499 1079 comparationem
3534 1007 3636 1079 qui
3697 1023 3829 1063 vere

2186 1097 2957 1169 est,quiaincommutabilis
2998 1102 3107 1165 est,
3141 1113 3209 1152 ea
3237 1113 3363 1168 quae
3388 1095 3832 1153 commutabilia

2187 1187 2337 1242 facta
2357 1192 2516 1253 sunt,
2546 1187 2714 1258 quasi
2747 1204 2862 1242 non
2896 1186 3014 1242 sint
3041 1204 3054 1242 :
3089 1186 3242 1258 quod
3275 1186 3432 1241 enim
3454 1186 3689 1257 dicitur,
3717 1182 3829 1241 fuit

2186 1293 2301 1330 non
2333 1280 2423 1331 est
2456 1295 2469 1343 ;
2502 1281 2558 1331 et
2589 1276 2742 1346 quod
2776 1276 3011 1342 dicitur,
3045 1274 3174 1342 erit,
3208 1275 3469 1331 nondum
3500 1279 3609 1330 est.
3673 1273 3828 1330 Deus

2185 1369 2381 1419 autem
2413 1382 2539 1420 esse
2568 1369 2797 1421 tantum
2822 1365 3000 1430 novit,
3037 1364 3235 1434 fuisse,
3261 1364 3523 1419 futurum
3551 1380 3677 1419 esse
3707 1380 3824 1418 non

2186 1452 2542 1510 novit.Solus
2565 1459 2757 1510 autem
2783 1458 2953 1509 Pater
2972 1469 3104 1508 cum
3129 1452 3271 1508 Filio
3301 1456 3356 1508 et
3384 1452 3599 1524 Spiritu
3623 1456 3824 1508 sancto

2185 1544 2465 1599 veraciter
2514 1548 2622 1613 est,
2681 1545 2850 1615 cujus
2904 1543 3170 1598 essentia
3225 1546 3623 1614 comparatum
3697 1556 3827 1597 esse

2185 1637 2452 1688 nostrum
2486 1650 2598 1688 non
2637 1650 2762 1688 esse
2792 1637 2899 1688 est.
2935 1632 3097 1687 Unde
3145 1635 3201 1686 et
3237 1630 3297 1685 in
3353 1630 3639 1703 colloquio
3684 1628 3824 1685 dioi—

2185 1738 2337 1787 mus,
2369 1721 2524 1777 Vivit
2556 1727 2723 1789 Deus,
2754 1722 2895 1793 quia
2948 1722 3204 1777 essentia
3256 1720 3377 1776 vita
3435 1720 3598 1787 vivit,
3647 1734 3825 1791 quam

2184 1828 2342 1865 mors
2374 1828 2487 1867 non
2512 1812 2705 1866 habet.

2256 1901 2606 1971 Septimum,
2632 1903 2875 1963 Anomu,
2908 1899 3063 1972 quod
3087 1898 3434 1972 generaliter
3482 1897 3823 1969 interpreta-

2180 1991 2278 2043 tur
2304 1991 2585 2060 Dominus,
2621 1989 2775 2061 quod
2809 1988 3143 2044 dominetur
3173 1992 3448 2043 creaturae
3481 1981 3822 2055 cunctsa,vel

2180 2079 2336 2149 quod
2368 2083 2635 2134 creatura
2662 2078 2855 2135 omnis
2885 2076 3213 2133 dominatui
3246 2076 3375 2148 ejus
3401 2073 3821 2131 deserviat.Do-

2180 2167 2379 2222 minus
2404 2184 2537 2239 ergo
2569 2166 2784 2222 dicitur
2812 2170 2868 2222 ct
2917 2166 3089 2234 Deus,
3149 2165 3233 2221 vel
3285 2164 3438 2238 quod
3495 2163 3827 2219 dominetur

2180 2255 2474 2323 omnibus,
2508 2256 2595 2311 vel
2628 2257 2779 2328 quod
2817 2257 3094 2311 timeatur
3123 2273 3154 2311 a
3185 2254 3431 2310 cunctis.

2250 2345 2549 2413 Octavum,
2586 2346 2663 2409 ΙΑ,
2722 2347 2875 2417 quod
2934 2344 2993 2400 in
3052 2344 3235 2401 Deum
3293 2348 3521 2399 tantum
3560 2342 3818 2414 ponitur,

2180 2436 2334 2506 quod
2360 2435 2537 2489 etiam
2586 2436 2820 2489 alleluia
2852 2435 2912 2489 in
2945 2434 3263 2490 novissima
3301 2432 3523 2506 syllaba
3554 2435 3736 2489 sonat.

2250 2523 2502 2592 Nonum,
2535 2525 2729 2579 Taras
2760 2540 3132 2590 GRAMMATON,
3166 2522 3275 2578 hoc
3306 2526 3411 2589 est,
3464 2526 3698 2597 quatuor
3728 2520 3823 2576 lit-

2179 2620 2440 2679 terarum,
2502 2614 2658 2685 quod
2722 2614 2952 2685 proprie
3010 2613 3166 2685 apud
3226 2612 3495 2667 Hebraos
3571 2610 3631 2666 in
3711 2610 3822 2666 Deo

2179 2702 2434 2774 ponitur,
2467 2702 2523 2757 id
2552 2710 2636 2757 est
2669 2703 2898 2758 duabus
2927 2719 3002 2770 1A,
3038 2718 3164 2772 quas
3196 2700 3494 2773 duplicata
3532 2697 3821 2755 ineffabile

2178 2789 2322 2845 illud
2357 2796 2412 2845 et
2450 2789 2771 2863 gloriosum
2831 2790 2931 2846 Dei
2991 2807 3205 2845 nomen
3263 2788 3525 2845 el‘liciunt
3555 2805 3573 2841 :
3611 2785 3822 2842 dicitur

2178 2885 2372 2935 autem
2405 2879 2737 2947 ineffabilia,
2772 2896 2887 2934 non
2936 2879 3076 2951 quia
3126 2878 3240 2934 dici
3286 2895 3401 2934 non
3460 2880 3670 2950 potest,
3718 2876 3816 2932 sed

2178 2968 2318 3040 quia
2349 2968 2498 3022 ﬁniri
2532 2985 2707 3023 sensu
2742 2972 2799 3023 et
2828 2967 3122 3023 intellectu
3178 2968 3434 3022 humano
3486 2966 3820 3022 nullatenus

2178 3062 2404 3129 potest;
2438 3058 2569 3113 ideo
2602 3056 2747 3112 nihil
2805 3057 2876 3113 de
2906 3074 2973 3112 eo
3011 3056 3184 3130 digne
3243 3057 3353 3113 dici
3415 3059 3625 3129 potest,
3683 3054 3820 3127 quia

2177 3145 2491 3202 ineffabilis
2523 3150 2628 3202 est.

2252 3237 2574 3306 Decimum,
2603 3236 2837 3301 SADDAI,
2872 3235 2927 3291 id
2987 3240 3094 3306 est,
3140 3237 3486 3306 omnipotens
3531 3236 3813 3301 vocatur;

489 3332 750 3395 Sextum,
786 3306 977 3387 Ensis.
1019 3328 1076 3381 id
1108 3332 1215 3393 est,
1248 3329 1347 3398 qui
1373 3336 1451 3381 est
1484 3345 1497 3383 :
1532 3326 1685 3383 Deus
1714 3326 1870 3382 enim
1905 3324 2067 3381 solus
2099 3306 2141 3372 (ἶ
2180 3331 2422 3381 vocatur
2467 3329 2659 3381 autem
2721 3325 3112 3397 omnipotens,
3169 3324 3308 3395 quia
3356 3322 3553 3380 omnia
3608 3325 3817 3394 potest,

419 3414 559 3487 quia
582 3419 833 3471 aeternus
849 3415 1071 3478 est,boc
1090 3421 1197 3480 est,
1220 3417 1359 3486 quia
1390 3416 1691 3471 exordium
1724 3432 1837 3470 non
1864 3414 2058 3482 habet,

414 3504 741 3561 essentium
773 3521 984 3561 nomen
1015 3521 1144 3559 vere
1202 3510 1378 3561 tenet.
1415 3506 1528 3560 [loc
1559 3504 1716 3560 enim
1747 3520 1957 3559 nomen
1990 3504 2060 3558 ad

411 3687 856 3694 ————————-

2172 3414 2273 3471 sed
2305 3414 2569 3470 faciendo
2600 3414 2754 3485 quod
2789 3413 2929 3484 vult,
2973 3431 3088 3470 non
3145 3413 3418 3487 patiendo
3488 3413 3643 3485 quod
3701 3426 3818 3467 non

2171 3502 2316 3559 vult.

782 3838 1488 3932 ADMONITIO
1561 3838 1688 3933 IN
1763 3836 2577 3947 SUBSEQUENS
2650 3836 3432 3931 OPUSCULUM.

470 4198 696 4253 Nedum
730 4197 1099 4270 Hieronymo,
1138 4196 1462 4268 Augustino
1495 4195 1671 4251 etiam
1697 4194 1974 4250 tribuitur
2002 4193 2234 4249 libellus
2267 4195 2373 4249 iste
2395 4196 2470 4249 De
2488 4194 2956 4252 benedictionibus
2983 4194 3161 4261 Iacob,
3184 4210 3320 4249 cum
3352 4193 3408 4248 in
3466 4210 3633 4257 mss.,
3679 4196 3807 4247 tum

404 4288 462 4343 in
496 4285 747 4359 vulgatis
770 4304 921 4359 saepe
952 4285 1138 4342 libris.
1170 4286 1457 4340 Nimirum
1491 4301 1557 4339 cx
1590 4284 1895 4355 utriusque
1926 4282 2111 4339 Patris
2144 4285 2549 4352 Quaastionibus
2581 4302 2639 4339 ιη
2673 4284 2917 4340 Genesim
2944 4284 3274 4356 descriptus
3298 4283 3546 4338 subinde
3576 4287 3666 4338 est
3695 4298 3711 4337 :
3743 4286 3804 4338 et

404 4378 564 4451 prior
583 4376 818 4449 quidem
854 4375 1136 4447 expositio
1168 4373 1446 4429 historica
1476 4374 1716 4429 totidem
1754 4374 1868 4428 fere
1892 4372 2084 4429 verbis
2114 4389 2182 4428 ex
2218 4373 2563 4445 Hieronymo
2595 4373 2900 4445 excipitur,
2923 4374 3142 4445 quibus
3173 4371 3458 4427 nonnulla
3485 4388 3553 4428 ex
3604 4374 3804 4445 Augu-

402 4466 578 4522 sitino
611 4464 1131 4521 intermiscentur:
1168 4463 1495 4531 altera,sive
1526 4461 1858 4533 allegorica,
1891 4462 2392 4531 quemadmodum
2424 4460 2517 4516 cl].
2543 4462 2903 4516 Benedictini
2932 4460 3497 4532 Augustinianorum
3566 4472 3810 4531 operum

398 4555 649 4611 editores
682 4559 939 4615 monent,
972 4554 1125 4625 apud
1160 4552 1501 4623 Gregorium
1544 4551 1602 4606 in
1635 4551 1799 4606 libris
1830 4551 2119 4606 Moralium
2148 4553 2209 4605 in
2235 4551 2329 4606 Job
2361 4551 2674 4606 invenitur.
2709 4550 2869 4622 Opus
2901 4567 3034 4606 vero
3076 4551 3271 4623 ipsum
3298 4550 3379 4605 ita
3433 4550 3506 4605 ab
3565 4549 3809 4605 Alcuino

397 4645 872 4701 consarcinatum
907 4659 1022 4697 non
1062 4645 1149 4695 est
1180 4641 1281 4711 qui
1311 4640 1561 4706 dubitet,
1596 4640 1705 4695 sub
1727 4640 1897 4709 cujus
1928 4656 2161 4711 quoque
2190 4639 2427 4695 nomine
2457 4638 2757 4711 vulgatum
2792 4645 2881 4695 est
2905 4639 2964 4694 in
2997 4640 3126 4711 ejus
3157 4655 3399 4711 operum
3428 4637 3815 4707 collectione;

392 4733 647 4798 tametsi,
680 4732 734 4787 id
770 4731 923 4803 quod
958 4730 1179 4785 laudati
1214 4730 1569 4785 Benedictini
1604 4734 1907 4799 anuotant,
1941 4734 2190 4801 utraque
2217 4730 2523 4803 exintegro
2556 4728 2859 4801 expositio,
2892 4729 2991 4784 sed
3026 4728 3226 4785 ordine
3247 4726 3510 4785 nonnihil
3540 4726 3797 4810 diverso,

390 4827 565 4895 atque
594 4821 821 4893 aliquot
844 4819 1190 4893 permutatis
1221 4820 1461 4874 vocibus
1493 4819 1779 4874 habeatur
1808 4818 1866 4873 in
1897 4817 2065 4873 tertio
2098 4818 2244 4874 libro
2280 4818 2843 4875 Commentariorum
2894 4818 2953 4874 in
3011 4817 3303 4885 Genesim,
3356 4816 3457 4885 qui
3516 4814 3797 4873 Eucherio

385 4910 766 4985 Lugdunensi
796 4909 1000 4965 tributi
1036 4908 1174 4964 olim
1194 4908 1339 4964 falso
1374 4909 1549 4973 fuere,
1586 4908 1845 4981 editique
1875 4907 1935 4962 in
1969 4908 2303 4963 Bibliotheca
2324 4909 2572 4963 Patrum.
2604 4908 2757 4975 Quin
2787 4906 2945 4963 aliud
3004 4923 3236 4979 quoque
3294 4905 3554 4976 ejusdem
3614 4920 3796 4976 expo-

389 5000 621 5057 sitionis
652 4998 950 5072 exemplar
998 4998 1271 5069 occurrit,
1300 4997 1871 5070 quodaMirtianzeo
1920 5001 2079 5052 torno
2115 4996 2161 5050 V
2229 4996 2816 5070 llieronymianorum
2890 5013 3157 5069 operum,
3235 4994 3336 5066 qui
3410 4992 3797 5066 supposititia

386 5088 660 5159 continet,
689 5088 1015 5157 cxbibetur,
1045 5087 1390 5159 inscriptum
1424 5087 1829 5142 Benedictiones
1858 5086 1922 5141 de
1941 5086 2076 5155 ﬁliis
2102 5086 2289 5153 Iacob,
2314 5091 2371 5140 et
2403 5086 2559 5140 brevi
2593 5085 3035 5141 Praefatiuncula
3064 5082 3507 5157 praemunitum,
3554 5085 3611 5137 et
3664 5096 3801 5154 pos-

386 5181 575 5233 trema
604 5178 694 5232 sui
731 5182 888 5249 parte
914 5177 985 5231 de
1013 5177 1186 5231 verbo
1218 5177 1288 5230 ad
1320 5177 1559 5231 verbum
1588 5192 1657 5230 ex
1682 5176 1739 5231 S.
1771 5176 2007 5229 Doctore
2036 5175 2524 5245 expressum.Nos
2553 5174 2654 5245 qui
2687 5174 2849 5246 prius
2882 5174 3036 5230 istud
3060 5173 3355 5244 exemplar
3374 5188 3442 5228 ex
3479 5168 3787 5241 Augustini

387 5264 638 5322 editione
666 5282 701 5320 a
734 5264 1115 5321 Benedictinis
1152 5265 1436 5320 adornata
1462 5263 1873 5331 describimus,
1896 5269 1954 5317 et
1983 5262 2373 5334 supposititiis
2404 5262 2737 5335 Hieronymi
2792 5262 3028 5334 scriptis
3075 5261 3333 5333 primum
3384 5271 3785 5325 accensemus,

391 5351 637 5408 alterum
669 5370 900 5425 quoque
930 5354 1043 5409 huc
1072 5354 1350 5409 duximus
1382 5354 1877 5420 transferendum,
1911 5357 1976 5406 ut
2007 5368 2076 5407 ne
2106 5350 2246 5424 quid
2278 5358 2451 5420 esset,
2484 5353 2640 5424 quod
2663 5353 2797 5424 jure
2827 5369 2860 5408 a
2909 5352 3076 5408 nobis
3133 5349 3315 5407 lector
3360 5352 3463 5404 aut
3521 5346 3792 5404 eruditus

392 5443 494 5495 aut
524 5440 854 5498 ineruditus
888 5441 1267 5499 desideraret.
