3970 6382
175 450 335 521 1389

1296 452 1399 514 DE
1441 447 2147 513 BENEDICTIONIBUS
2192 446 2459 509 JACOB.

3426 444 3582 510 1310

496 744 660 854 DE
729 736 1875 836 BENEDICTIONIBUS
1946 734 2340 829 JACOB
2409 737 3269 834 PATRIARCHZE.

251 1082 398 1151 Quid
430 1082 874 1157 intelligendum
905 1083 1093 1139 estde
1141 1082 1666 1155 benedictionibus,
1692 1080 1823 1153 qui-
1855 1083 1909 1145 Α
1938 1083 2239 1139 cervicibus
2297 1084 2644 1139 inimiwrum
2703 1086 2965 1147 tuorum;
3017 1083 3321 1140 adorabunt
3377 1089 3429 1141 te
3480 1084 3590 1155 ﬁlii

176 1171 293 1230 bus
323 1173 496 1229 Jacob
531 1171 861 1245 patriarcha
910 1172 1202 1229 benedixit
1245 1172 1395 1227 ﬁlios
1423 1190 1562 1228 suos
1592 1190 1603 1227 :
1633 1190 1702 1227 an
1739 1169 1825 1225 hi-

178 1262 397 1319 storice
426 1262 511 1319 vel
544 1261 853 1332 allegorice
900 1260 1285 1334 intelligendze
1327 1264 1463 1331 sint,
1494 1262 1632 1315 dum
1670 1260 1825 1325 dicit,

181 1349 625 1422 Congregamini,
674 1352 785 1422 ﬁlii
840 1352 1021 1415 Iacob,
1084 1355 1139 1407 ut
1180 1354 1507 1406 annuntiem
1540 1352 1681 1406 vobis
1711 1367 1830 1420 quae

177 1444 415 1496 ventura
442 1444 569 1495 sunt
603 1442 663 1495 in
705 1442 1023 1495 novissimis
1051 1441 1237 1496 diebus
1287 1440 1438 1507 (Gen.
1472 1458 1621 1501 xux,
1651 1441 1742 1507 2);
1779 1444 1834 1494 et

179 1528 234 1585 si
269 1529 499 1585 videtur
526 1545 594 1585 ex
646 1528 737 1583 bis
787 1529 976 1584 verbis
1026 1531 1210 1597 magis
1258 1528 1593 1600 allegoriam
1629 1546 1836 1584 sonare

181 1610 365 1693 quam
397 1616 704 1673 historiam
730 1620 752 1672 Ρ
798 1617 1124 1689 Utrumque
1170 1636 1322 1689 vera,
1363 1624 1420 1674 et
1451 1619 1754 1674 historiam
1783 1622 1839 1673 et

180 1704 565 1779 allegoriam;
621 1704 922 1761 historiam
980 1707 1048 1762 de
1102 1706 1385 1762 divisione
1435 1712 1600 1762 terra:
1643 1724 1833 1778 repro-

179 1794 511 1865 missionis,
537 1812 663 1867 quae
687 1794 971 1851 divisione
992 1794 1316 1851 dividendee
1340 1802 1506 1852 erant
1529 1796 1838 1868 nepotibus

180 1900 427 1942 eorum:
463 1887 520 1939 et
550 1882 888 1956 allegoriam
924 1884 993 1939 de
1025 1883 1253 1939 Christo
1286 1889 1343 1940 et
1394 1886 1465 1939 de
1499 1884 1753 1939 Ecclesia
1783 1885 1838 1938 in

180 1971 526 2030 novissimis
556 1972 922 2044 temporibus
975 1974 1189 2028 futura.
1242 1974 1350 2029 Sed
1386 1973 1550 2045 prius
1582 1972 1840 2027 historice

183 2061 571 2118 fundamenta
605 2062 874 2132 ponenda
905 2067 1063 2129 sunt,
1100 2066 1163 2115 ut
1192 2062 1388 2134 aptius
1410 2061 1695 2133 allegorice
1718 2060 1840 2115 cul-

181 2167 322 2207 men
355 2150 534 2223 priori
565 2154 870 2205 structuree
902 2132 1349 2222 superponatur.
1372 2132 1389 2147 ⁵

260 2240 445 2295 Ruben
473 2240 871 2311 primogenitus
894 2256 1067 2309 meus,
1102 2242 1161 2293 tu
1206 2239 1469 2306 fortitudo
1514 2256 1658 2310 mea,
1689 2241 1843 2310 prin-

182 2329 400 2401 cipium
426 2327 629 2384 doloris
656 2329 798 2385 mei:
834 2330 989 2398 prior
1031 2330 1089 2382 in
1138 2327 1313 2396 donis,
1364 2329 1543 2399 major
1590 2329 1836 2398 imperio.

184 2418 405 2489 Effusas
434 2421 509 2471 est
539 2418 679 2471 sicut
728 2433 903 2487 aqua:
960 2432 1071 2471 non
1119 2432 1346 2481 crescas,
1398 2418 1527 2487 quia
1553 2417 1843 2471 ascendisli

184 2507 372 2563 cubile
423 2507 599 2577 patris
654 2507 757 2574 tui,
817 2514 867 2560 et
920 2506 1213 2560 macitlasti
1269 2510 1505 2560 stratum
1543 2507 1658 2577 ejus
1692 2506 1842 2572 (Gen.

180 2613 346 2665 xux,
378 2595 433 2668 3,
470 2594 542 2667 4).
581 2598 680 2649 Est
711 2598 905 2649 autem
932 2611 1144 2649 sensus
1168 2594 1260 2649 hic
1284 2594 1298 2628 ί
1323 2611 1334 2648 :
1361 2595 1448 2649 'I‘u
1474 2611 1535 2649 es
1559 2594 1845 2667 primoge-

183 2684 353 2741 nitus
388 2699 574 2747 meus,
610 2684 800 2755 major
830 2683 889 2737 in
921 2681 1144 2748 liberis,
1181 2687 1237 2737 et
1268 2683 1539 2753 debebas,
1574 2685 1744 2754 juxta
1765 2699 1848 2738 or-

186 2771 393 2831 dinem
423 2771 745 2827 nativitatis
779 2776 915 2837 tua},
947 2771 1366 2837 hmreditatem,
1401 2788 1527 2841 quae
1558 2772 1845 2844 primoge-

183 2862 334 2920 nitis
359 2863 490 2933 jure
541 2862 881 2931 debebatur,
936 2861 1332 2916 sacerdotium
1386 2862 1646 2929 accipere
1676 2867 1732 2917 et
1761 2879 1845 2916 re-

185 2968 398 3025 gnum.
429 2954 549 3005 Hoc
580 2950 795 3022 quippe
825 2950 882 3004 in
916 2950 1198 3021 portando
1242 2950 1459 3005 honore
1490 2951 1624 3020 [lege
1653 2951 1848 3020 onere]

186 3045 249 3098 et
297 3038 606 3114 praevalido
676 3039 880 3094 robore
941 3041 1398 3094 demonstratur.
1448 3039 1661 3094 Verum
1711 3040 1849 3111 quia

185 3129 469 3204 peccasti,
504 3133 561 3184 et
591 3127 757 3201 quasi
785 3144 938 3200 aqua
983 3145 1107 3200 qua)
1159 3127 1417 3200 quolibet
1467 3128 1699 3184 vasculo
1732 3146 1846 3183 non

188 3222 449 3289 tenetur,
524 3215 838 3289 voluptatis
912 3216 1135 3273 ell'usus
1208 3234 1269 3272 es
1330 3217 1571 3289 impetu,
1632 3218 1846 3272 idcirco

188 3306 469 3383 praecipio
502 3306 629 3372 tibi,
683 3309 746 3361 ut
796 3305 947 3361 ultra
999 3323 1112 3361 non
1161 3322 1382 3379 pecces,
1414 3304 1612 3378 sisque
1642 3306 1701 3362 in
1732 3307 1844 3361 tra-

185 3404 352 3456 trum
385 3413 650 3462 numero,
685 3413 883 3469 pmnas
931 3395 1149 3467 peccati
1197 3394 1389 3460 luens,
1433 3395 1593 3466 quod
1620 3395 1844 3467 primo-

185 3485 375 3563 geniti
406 3486 669 3542 ordinem
716 3484 1044 3557 perdidisti.
1100 3483 1479 3556 [Principium
1524 3489 1714 3540 autem
1743 3485 1844 3539 do-

181 3575 333 3634 loris
362 3579 452 3633 est
482 3576 674 3631 omnis
705 3573 1151 3646 primogenitus,
1185 3573 1325 3645 quia
1354 3590 1455 3645 pro
1486 3590 1552 3629 eo
1584 3590 1844 3629 commo-

182 3669 403 3724 ventur
428 3665 650 3721 viscera
678 3668 988 3736 parentum
1017 3664 1083 3734 ².]
1118 3662 1338 3717 Simeon
1378 3666 1431 3717 et
1461 3664 1588 3718 Levi
1619 3666 1843 3735 fratres,

185 3772 325 3813 vasa
361 3754 675 3826 iniquitatis
729 3753 1031 3809 bellantia:
1084 3754 1142 3807 in
1182 3752 1476 3807 concilium
1519 3769 1707 3808 eorum
1736 3770 1846 3808 non

1938 1175 2113 1247 patris
2166 1176 2266 1230 tui.
2328 1174 2551 1230 Catulus
2606 1174 2777 1231 leonis
2832 1173 2990 1245 Juda,
3059 1174 3128 1229 ad
3182 1174 3446 1247 praedam,
3505 1175 3592 1245 ﬁli

1942 1264 2041 1329 mi,
2101 1264 2412 1327 asremlisti,
2493 1265 2830 1335 requiescens
2906 1264 3215 1319 arcubuisti
3265 1272 3324 1319 ut
3381 1265 3481 1331 leo,
3539 1272 3592 1320 et

1945 1355 2103 1424 quasi
2132 1354 2377 1409 lelrnam.
2415 1356 2544 1422 Quis
2571 1356 2854 1409 suscitabit
2883 1370 3008 1408 eum
3038 1353 3054 1423 (
3062 1352 3189 1408 Gen.
3227 1371 3377 1417 xux,
3401 1353 3454 1420 8,
3488 1353 3542 1424 9)
3563 1352 3591 1408 ‘t

1947 1442 2092 1507 Quia
2119 1443 2273 1497 Juda
2318 1446 2578 1510 confessio
2631 1443 2751 1497 sive
2809 1444 2925 1497 laus
2970 1442 3407 1513 interpretatur,
3442 1445 3594 1497 recte

1947 1531 2224 1588 scribitur
2254 1533 2322 1587 dc
2354 1533 2525 1599 Juda,
2552 1533 2963 1602 Conﬁtebuntur
2983 1534 3086 1587 tibi
3103 1536 3327 1603 fratres.
3361 1531 3448 1587 vel
3478 1532 3594 1587 law

1947 1620 2251 1676 dabuntte.
2308 1622 2376 1675 Et
2431 1620 2563 1676 licet
2616 1622 2686 1676 de
2717 1622 2942 1676 Christo
3000 1621 3220 1691 grande
3251 1620 3592 1693 mysterium

1949 1709 2047 1777 sit,
2079 1714 2271 1764 tamen
2304 1711 2629 1765 secundum
2661 1709 2914 1765 litteram
2961 1709 3274 1781 signiﬁcat,
3307 1709 3462 1780 quod
3495 1724 3597 1781 per

1950 1798 2128 1854 David
2163 1800 2403 1871 stirpem
2436 1805 2855 1871 generarentur
2884 1815 3070 1871 reges,
3118 1802 3173 1854 et
3202 1798 3358 1871 quod
3389 1798 3593 1853 adora-

1949 1892 2077 1943 rent
2107 1905 2238 1943 eum
2273 1906 2476 1944 omnes
2500 1888 2709 1943 tribus.
2766 1888 2888 1943 Non
2930 1888 3087 1942 enim
3121 1887 3221 1953 ait,
3257 1886 3357 1941 ﬁlii
3393 1885 3597 1942 matris

1947 1982 2081 2038 tua}.
2143 1978 2265 2047 sed,
2323 1978 2438 2048 filii
2488 1979 2660 2050 patris
2718 1978 2822 2032 tui.
2884 1978 2951 2031 Et
3002 1976 3156 2048 quod
3200 1976 3490 2048 sequitur,
3520 1975 3603 2031 Ad

1944 2066 2216 2138 prinde-ni,
2247 2065 2341 2139 ﬁli
2368 2068 2466 2131 mi,
2519 2066 2836 2136 ascendisti,
2879 2066 3134 2122 ostendit
3173 2081 3304 2121 eum
3343 2065 3602 2136 captivos

1950 2155 2198 2227 populos
2248 2173 2376 2211 esse
2432 2156 2770 2218 ducturum,
2832 2160 2890 2210 et
2939 2156 3111 2226 juxta
3153 2153 3599 2227 intelligentiam

1951 2244 2328 2299 sacratiorem
2389 2246 2726 2300 ascendisse
2801 2243 2859 2299 in
2929 2244 3137 2308 altum,
3200 2248 3257 2297 et
3313 2243 3600 2314 captivam

1953 2332 2189 2389 duxisse
2217 2334 2611 2404 captivitatem
2647 2335 2820 2405 (Psal.
2852 2351 3021 2399 vau,
3054 2333 3159 2398 49;
3194 2332 3385 2404 Ephes.
3413 2350 3487 2388 ιν.
3520 2334 3597 2400 8).

1951 2421 2098 2489 Sive,
2160 2422 2314 2494 quod
2379 2422 2590 2479 melius
2644 2428 2803 2493 puto,
2884 2420 3191 2493 captivitas
3246 2419 3599 2491 passionem,

1957 2528 2236 2566 ascensus
2296 2512 2775 2567 resurrectionem
2851 2509 3163 2582 significat.
3230 2510 3479 2594 Alliqans
3532 2510 3603 2564 ad

1955 2601 2176 2655 vineam
2230 2600 2447 2672 pullum
2497 2618 2680 2663 suum,
2735 2608 2785 2655 et
2840 2601 2909 2654 ad
2963 2601 3128 2654 vitem
3180 2600 3395 2653 asinam
3421 2615 3601 2654 suam.

1956 2689 2117 2753 Quod
2180 2688 2443 2744 videlicet
2498 2688 2723 2761 pullum
2784 2688 2961 2743 asinae
3018 2688 3193 2752 (Joan.
3236 2705 3333 2755 xu,
3368 2686 3478 2752 l4),
3509 2686 3605 2742 cui

1958 2778 2290 2851 supersedit
2306 2778 2500 2845 Jesus,
2521 2779 2629 2834 hoc
2643 2782 2750 2847 est,
2771 2777 3076 2849 gentilium
3097 2776 3401 2849 populum,
3425 2775 3604 2831 vineae

1959 2867 2385 2940 apostolorum,
2439 2867 2536 2939 qui
2579 2885 2643 2923 ex
2684 2866 2902 2922 Judaais
2935 2871 3091 2937 sunt,
3121 2864 3517 2937 copulaverit:
3551 2868 3609 2920 et

1960 2957 2031 3012 ad
2064 2956 2261 3021 vitem,
2310 2956 2451 3015 sive,
2503 2961 2568 3011 ut
2617 2957 2673 3011 in
2715 2957 2951 3011 Hebrao
2981 2956 3250 3023 habetur,
3282 2953 3515 3021 Sorech,
3547 2953 3602 3008 id

1957 3049 2066 3113 est,
2097 3047 2323 3101 electam
2370 3048 2554 3111 vitem,
2604 3044 2924 3117 alligaverit
2970 3045 3222 3111 asinam,
3273 3042 3365 3097 cui
3396 3059 3605 3114 super-

1957 3135 2111 3190 sedit
2144 3134 2389 3189 Ecclesia
2425 3151 2493 3189 ex
2520 3134 2857 3190 nationibus
2897 3137 3267 3205 congregata.
3308 3131 3471 3195 Quod
3502 3148 3605 3187 au-

1954 3226 2073 3278 tem
2107 3223 2267 3289 dicit,
2300 3225 2411 3278 Fili
2456 3225 2553 3291 mi,
2601 3222 3041 3279 conversionem
3086 3223 3157 3277 ad
3205 3219 3504 3275 Christum
3536 3220 3607 3276 de

1956 3312 2082 3384 ipso
2135 3312 2289 3367 Juda
2346 3312 2482 3368 facit
2510 3314 2553 3380 ³,
2613 3330 2678 3369 eo
2732 3316 2883 3384 quod
2916 3310 3181 3368 Christus
3227 3310 3304 3366 sit
3334 3310 3608 3367 universa

1954 3401 2236 3456 facturus.
2304 3400 2479 3467 [Quod
2559 3405 2752 3456 autem
2828 3400 3064 3469 dicitur,
3139 3402 3255 3457 Non
3326 3401 3613 3471 auferetur

1953 3494 2222 3562 sceptrum
2252 3490 2320 3545 de
2347 3491 2515 3558 Juda,
2549 3499 2598 3545 et
2628 3490 2742 3545 dum
2798 3491 2865 3547 de
2922 3490 3218 3557 femoribus
3268 3491 3405 3561 ejus,
3446 3487 3612 3545 donec

1956 3580 2145 3633 veniat
2173 3579 2271 3634 ille
2300 3581 2396 3649 qui
2424 3580 2718 3635 mittendus
2768 3588 2885 3648 est;
2946 3590 2997 3635 et
3056 3582 3171 3651 ipse
3215 3580 3323 3634 erit
3350 3581 3607 3649 expecta-

1958 3668 2032 3723 tio
2063 3670 2309 3735 gentium
2365 3672 2522 3733 (Gen.
2572 3687 2720 3736 xux,
2782 3670 2890 3738 10),
2953 3668 3245 3741 signiﬁcat
3303 3667 3457 3738 quod
3491 3682 3609 3722 non

1955 3755 2271 3811 deﬁcerent
2292 3757 2588 3829 principes
2610 3758 2681 3813 de
2703 3757 2857 3812 tribu
2877 3757 3032 3812 Juda
3054 3772 3240 3827 usque
3257 3754 3329 3810 ad
3352 3759 3606 3826 tempus,

184 3846 377 3902 veniat
401 3844 593 3900 ani-ma
620 3858 759 3913 mea,
790 3848 843 3897 et
890 3843 951 3896 in
979 3846 1118 3896 coetu
1150 3843 1376 3897 illorum
1426 3858 1534 3897 non
1566 3844 1637 3897 sit
1664 3843 1843 3914 gloria
1872 3830 1916 3897 C
1958 3861 2075 3917 quo
2101 3849 2275 3900 natus
2297 3849 2387 3901 est
2408 3845 2693 3912 Christus,
2719 3844 2818 3916 qui
2842 3846 3062 3902 missus
3081 3861 3116 3900 a
3135 3849 3304 3899 Patre
3322 3847 3611 3912 exspecta-

185 3950 360 3991 mea:
421 3934 552 4006 quia
607 3931 667 3987 in
721 3933 908 4003 furore
959 3948 1057 3987 suo
1112 3930 1422 3987 occiderunt
1474 3934 1675 3999 virum,
1708 3936 1757 3986 et
1787 3933 1847 3987 in

190 4025 477 4082 voluntate
503 4038 606 4078 sua
660 4020 1005 4096 suffoderunt
1056 4037 1296 4075 murum.
1348 4020 1661 4075 Malediclus
1688 4024 1848 4092 furor

188 4128 408 4183 eorum,
469 4113 601 4182 quia
653 4112 951 4182 pertinax:
1008 4118 1059 4163 et
1114 4108 1423 4177 indignatio
1470 4124 1673 4175 eorum,
1716 4112 1845 4180 quia

144 4202 354 4271 ~dura,
376 4200 627 4257 Dividam
680 4216 768 4255 eos
830 4201 888 4254 in
942 4197 1123 4264 Iacob,
1172 4201 1223 4251 et
1280 4196 1591 4267 dispergam
1632 4198 1756 4252 illos
1784 4199 1841 4251 in

181 4291 360 4348 Israel
391 4290 539 4362 (Gen.
604 4306 757 4355 xux,
815 4289 891 4359 5).
959 4286 1261 4358 Signiﬁcat
1316 4292 1513 4340 autem
1577 4303 1691 4340 non
1751 4286 1841 4341 sui

179 4378 423 4439 consilii
481 4378 681 4446 fuisse,
741 4378 895 4450 quod
955 4375 1186 4430 Sicbem
1243 4380 1300 4430 et
1329 4375 1843 4430 Emort‘oederatos

178 4470 347 4527 viros
375 4468 815 4533 interfecerunt,
846 4470 903 4521 et
934 4470 1138 4520 contra
1186 4464 1273 4520 t'as
1322 4465 1380 4519 in
1423 4465 1581 4535 pacis
1607 4470 1663 4520 et
1696 4466 1840 4519 ami-

179 4559 465 4616 citiarum
492 4563 752 4630 tempore
773 4555 1122 4629 sanguinem
1146 4553 1423 4609 fuderunt
1444 4554 1834 4621 innocentem,

178 4650 244 4706 et
275 4646 448 4720 quasi
506 4646 763 4720 quodam
824 4645 1037 4712 furore,
1099 4641 1183 4697 sic
1242 4641 1583 4699 crudelitate
1606 4644 1838 4717 raptati,

179 4752 395 4794 muros
424 4734 666 4809 hospitae
730 4732 892 4788 urbis
950 4734 1285 4787 everterunt
1341 4730 1493 4802 (Gen.
1548 4749 1739 4798 xxxxv,
1770 4733 1840 4786 23

175 4824 356 4900 seqq).
393 4823 552 4880 Unde
609 4822 788 4879 dicit:
851 4821 1167 4877 Maledictus
1220 4820 1381 4890 furor
1435 4837 1645 4891 eorum,
1705 4822 1842 4893 quia

171 4915 471 4991 pertinax,
500 4919 557 4968 et
614 4910 862 4982 reliqua.
926 4914 989 4966 Et
1040 4909 1352 4979 dispergam
1410 4910 1534 4964 illos
1563 4911 1624 4964 in
1652 4912 1837 4965 Israel.

178 5001 325 5061 Levi
356 5001 510 5057 enim
545 5000 940 5057 hereditatem
975 4997 1268 5070 propriam
1315 5014 1428 5051 non
1458 4999 1702 5070 accepit,
1738 5000 1836 5054 sed

176 5093 245 5150 in
277 5091 557 5147 omnibus
586 5089 837 5161 sceptris
860 5103 1074 5159 paucas
1100 5088 1271 5142 urbes
1294 5085 1364 5140 ad
1387 5086 1838 5143 inbabitandum

1960 3933 2042 3988 tio
2072 3937 2160 3988 est
2191 3932 2454 4003 gentium
2488 3934 2552 4004 ‘.]
2575 3934 2818 3989 Zabulon
2842 3935 2901 3988 in
2927 3934 3107 3988 littore
3126 3933 3297 3988 maris
3317 3931 3607 3999 habitabit,

1957 4026 2010 4076 et
2039 4023 2096 4075 in
2129 4024 2358 4077 statione
2386 4024 2633 4088 navium,
2680 4024 2997 4093 pertingens
3036 4038 3204 4095 usque
3232 4021 3301 4076 ad
3329 4019 3610 4077 Sidonem.

1958 4108 2181 4165 Isachar
2211 4111 2399 4164 asinus
2436 4112 2614 4180 fortis,
2668 4110 2935 4165 accubans
2984 4112 3131 4165 inter
3159 4112 3438 4177 terminos,
3470 4108 3611 4165 vidit

1958 4200 2205 4270 requiem
2260 4197 2399 4269 quod
2457 4208 2589 4254 esset
2645 4201 2803 4269 bona,
2862 4207 2913 4255 et
2952 4208 3158 4255 terram
3197 4199 3336 4271 quod
3368 4200 3609 4271 optima:

1954 4290 2005 4343 et
2034 4289 2317 4359 supposuit
2347 4289 2637 4343 humerum
2684 4306 2843 4344 suum
2897 4290 2968 4343 ad
3022 4288 3369 4361 portandum,
3402 4289 3607 4357 factus-

1953 4392 2057 4447 que
2112 4379 2189 4430 est
2247 4376 2476 4431 tributis
2529 4380 2772 4435 serviens.
2823 4377 2975 4444 (Gen.
3017 4395 3168 4442 xux,
3227 4378 3431 4447 13-45).
3466 4375 3613 4441 Quia

1953 4482 2134 4536 supra
2166 4464 2421 4521 Zabulon
2466 4466 2712 4534 dixerat,
2752 4468 2907 4539 quod
2957 4467 3139 4523 maris
3189 4465 3381 4537 Magni
3412 4464 3610 4520 littora

1954 4559 2106 4609 esset
2163 4571 2567 4626 possessurus,
2625 4556 2898 4612 b‘idonem
2957 4572 3190 4628 quoque
3261 4560 3316 4609 et
3346 4553 3605 4626 reliquas

1952 4642 2257 4699 Phoenices
2288 4644 2460 4699 urbes
2493 4644 2877 4716 contingeret,
2933 4660 3088 4700 nunc
3136 4643 3207 4699 ad
3263 4641 3606 4698 mediterra-

1950 4748 2088 4787 nam
2148 4732 2506 4804 provinciam
2590 4733 2760 4798 redit,
2838 4736 2895 4787 et
2953 4731 3206 4799 Isachar,
3293 4729 3392 4803 qui
3443 4730 3614 4802 juxta

1949 4819 2322 4892 Nephthalim
2383 4819 2837 4892 pulcherrimam
2897 4820 2956 4875 in
3013 4817 3251 4876 Galilma
3311 4819 3610 4891 regionem

1951 4926 2345 4983 possessurus
2360 4915 2465 4977 est,
2482 4908 2885 4965 benedictione
2908 4926 3013 4964 sua
3034 4908 3295 4963 habitata
3308 4922 3429 4962 rem
3451 4906 3608 4962 facit.

1948 4999 2196 5055 Asinum
2231 5003 2423 5053 autem
2459 5014 2693 5053 osseum
2725 4997 2811 5052 vel
2847 5000 3051 5053 fortem
3082 5000 3267 5067 vocat,
3316 5000 3373 5052 et
3403 4996 3609 5051 hume-

1948 5104 2081 5143 rum
2117 5086 2255 5142 dicit
2286 5088 2672 5158 supposuisse
2705 5088 2775 5142 ad
2826 5086 3219 5158 portandum;
3261 5085 3401 5157 quia
3428 5083 3488 5140 in
3517 5083 3604 5140 la-

177 5178 419 5239 habuit.
449 5185 527 5235 De
557 5179 829 5235 Simeone
860 5193 990 5231 vero
1019 5174 1079 5230 in
1113 5175 1258 5229 libro
1281 5175 1420 5230 Jesu
1443 5176 1727 5248 scriptum
1751 5182 1841 5232 est
1878 5198 1921 5261 D
1951 5177 2091 5232 bore
2134 5181 2296 5231 terrm
2341 5181 2399 5231 et
2448 5175 2727 5231 vehendis
2774 5176 2846 5230 ad
2894 5192 3074 5242 mare,
3118 5191 3243 5246 quae
3295 5173 3355 5229 in
3384 5171 3608 5261 ﬁnibus

180 5271 373 5342 (Iosue
397 5286 512 5341 nx,
548 5267 602 5336 l,
630 5270 707 5339 2),
744 5267 899 5338 quod
930 5272 987 5320 et
1019 5265 1142 5336 ipse
1172 5263 1473 5335 proprium
1509 5264 1843 5321 funiculum

182 5375 306 5415 non
332 5358 641 5431 acceperit,
677 5357 777 5412 sed
810 5356 880 5411 de
912 5354 1069 5409 tribu
1097 5353 1250 5408 Juda
1290 5352 1571 5424 quiddam
1606 5371 1843 5426 accepe-

181 5445 305 5504 rit:
337 5446 497 5514 Juda,
558 5455 608 5502 te
668 5444 973 5501 laudabunt
1027 5444 1230 5513 fratres
1279 5444 1380 5511 tui,
1416 5458 1613 5497 manus
1642 5447 1754 5499 tua:
1787 5447 1845 5498 in

261 5642 282 5678 ¹
313 5640 395 5697 Ex
423 5641 796 5714 Hieronymo,
829 5639 927 5714 lib.
973 5641 1179 5708 Quaest.
1215 5639 1275 5714 in
1307 5636 1487 5714 (Ignes.

260 5714 285 5750 ²
314 5714 445 5770 Hinc
470 5710 702 5770 uncinis
735 5711 962 5769 inclusa
995 5727 1111 5766 non
1146 5713 1285 5765 sunt
1317 5710 1671 5781 Hieronymi.

258 5785 284 5822 ⁸
310 5785 546 5843 Hieron.
608 5789 665 5843 et
720 5801 832 5843 ms.
894 5782 1124 5841 Corbei.
1177 5781 1539 5855 apostrophen
1563 5782 1632 5839 ad
1660 5784 1845 5858 ipsum

1954 5265 2080 5321 suis
2137 5264 2550 5333 nascebantur,
2613 5263 2934 5336 plurimum
3003 5263 3314 5330 laboraret,
3369 5260 3607 5334 regibus

1954 5370 2190 5425 quoque
2248 5354 2468 5408 tributa
2532 5358 2926 5424 comportans.
2998 5352 3176 5407 Aiunt
3228 5350 3450 5406 Hebraei
3505 5365 3608 5422 per

1955 5442 2360 5515 metaphoram
2419 5440 2756 5515 signiﬁcari,
2808 5440 2962 5514 quod
3013 5440 3341 5514 Scripturas
3374 5444 3608 5496 sanctas

1953 5637 2148 5695 ludam
2179 5638 2331 5707 facit.

2026 5709 2047 5743 ‘
2078 5713 2200 5764 Non
2237 5711 2376 5764 sunt
2403 5707 2525 5763 haec
2552 5707 2906 5780 Hieronymi.
