3970 6440
364 512 516 580 1371

1853 507 2275 578 APPENDIX.

3615 513 3762 582 £379

361 654 434 711 de
465 653 557 711 die
589 670 655 711 ae
700 656 865 710 nocte
920 651 1211 710 meditans
1258 652 1520 710 studium
1568 668 1743 709 suum
1787 650 2010 709 dederit
2038 654 2091 721 Α
2121 652 2336 708 Verum
2379 668 2581 708 arcum
2613 655 2783 709 tuum
2814 656 2870 709 et
2901 670 3065 711 arma
3102 652 3402 728 pugnandi
3434 652 3678 727 posuisti
3706 653 3761 712 in

362 744 432 799 ad
485 744 913 800 laborandum:
970 748 1027 799 et
1081 742 1296 799 idcirco
1355 742 1404 799 ei
1464 759 1669 799 omnes
1726 741 2005 809 serviunt,

362 834 527 906 quasi
562 833 843 906 magistro
874 834 1028 889 dona
1058 838 1374 904 portantes.
1412 833 1811 904 Danjudicabit
1836 847 2007 903 popu-

2119 739 2275 797 Deo:
2335 741 2436 813 qui
2493 741 2658 798 fortis
2716 748 2805 800 est
2861 748 3187 815 pugnatur:
3248 749 3306 800 et
3360 742 3591 800 vincula
3644 749 3762 813 tua,

2120 828 2335 901 quibus
2379 836 2434 886 te
2484 832 2695 888 fratres
2738 832 3083 905 ligaverunt,
3134 834 3205 889 ab
3248 832 3375 906 ipso
3407 833 3601 889 soluta
3628 837 3762 889 sunt

361 924 472 979 lum
503 940 686 991 suum,
718 925 861 979 sicut
888 931 940 979 et
989 924 1105 978 alia
1152 923 1327 978 tribus
1378 924 1436 977 in
1484 922 1668 977 Israel.
1724 922 1844 976 Fiat
1890 922 2009 976 Dan
2118 923 2173 973 et
2205 918 2492 991 disrupta,
2530 924 2594 975 ut
2616 938 2691 993 ex
2719 924 2821 975 tuo
2854 921 3075 976 semine
3105 920 3294 977 tribus
3326 927 3600 977 nascatur
3618 922 3762 993 Eph-

356 1011 574 1066 coluber
611 1012 672 1066 in
709 1012 821 1073 via,
854 1019 1086 1066 cerastes
1132 1012 1187 1065 in
1240 1012 1456 1075 semita,
1486 1009 1739 1063 mordens
1770 1009 2006 1077 ungulas

355 1102 502 1169 equi,
532 1108 590 1155 ut
630 1100 793 1155 cadat
846 1116 1097 1155 ascensor
1152 1101 1268 1170 ejus
1332 1107 1493 1153 retro.
1557 1098 1809 1153 Salutare
1854 1105 2008 1153 tuum

353 1189 691 1261 exspectabo,
727 1190 952 1243 Domine
981 1186 1139 1259 (Ibid.
1176 1189 1385 1259 1648).
1439 1188 1685 1243 Samson
1729 1187 1914 1256 judex
1945 1186 2003 1241 in

355 1278 528 1333 Israel
563 1279 633 1333 de
655 1278 811 1333 tribu
848 1283 963 1333 Dan
1000 1278 1108 1332 fuit
1139 1277 1264 1342 (Iud
1335 1295 1457 1343 xm,
1490 1278 1565 1346 2).
1603 1281 1719 1331 Hoc
1749 1291 1884 1347 ergo
1916 1275 2000 1333 di-

350 1365 844 1423 citzNunevidens
862 1367 916 1422 in
935 1366 1141 1438 spiritu
1166 1383 1391 1422 comam
1416 1365 1635 1420 nutrire
1656 1365 1999 1420 Samsonem

350 1456 683 1510 Nazarenam
733 1461 919 1523 tuum,
981 1455 1261 1525 caesisque
1316 1454 1585 1509 hostibus
1640 1453 2004 1524 triumphare

349 1545 545 1613 (.Iudic.
606 1563 719 1615 xvr,
778 1546 889 1616 29).
953 1547 1101 1616 quod
1161 1545 1219 1599 in
1281 1544 1729 1599 similitudinem
1777 1542 1999 1597 colubri

350 1634 651 1707 regulique
682 1634 957 1690 obsidens
986 1634 1109 1689 vias
1140 1633 1370 1689 nullum
1433 1651 1534 1704 per
1574 1639 1789 1687 terram
1825 1631 1998 1686 Israel

345 1723 594 1779 transire
628 1724 964 1795 permittat:
1025 1724 1123 1779 sed
1177 1724 1350 1778 etiam
1386 1722 1434 1778 si
1463 1722 1596 1792 quis
1630 1721 1996 1788 temerarius,

343 1812 557 1869 virtute
618 1830 725 1868 sua
782 1813 948 1884 quasi
1009 1812 1312 1868 velocitate
1371 1812 1505 1884 equi
1556 1810 1832 1880 conﬁsus,
1867 1826 1993 1865 eam

343 1900 593 1958 voluerit
618 1901 907 1974 praedonis
931 1918 1091 1957 more
1109 1900 1394 1973 populari,
1424 1917 1538 1955 non
1567 1902 1821 1971 effugere
1843 1899 1993 1955 vale-

2116 1008 2263 1061 raim
2295 983 2549 1063 fortis—et
2582 983 2829 1075 stabilis,
2866 1014 2922 1063 et
2958 1010 3144 1064 instar
3167 1008 3380 1081 lapidis
3406 983 3761 1066 durioris-in-

2114 1096 2290 1163 victa,
2342 1098 2636 1170 imperans
2687 1115 2916 1171 quoque
2983 1099 3180 1154 decem
3237 1098 3507 1153 tribubus
3564 1098 3754 1155 Israel.

2117 1188 2429 1258 Benjamin,
2484 1188 2645 1259 lupus
2692 1204 2896 1259 rapax,
2948 1203 3110 1242 mane
3157 1187 3397 1242 comedet
3416 1187 3679 1259 praedam,
3710 1191 3757 1243 et

2113 1291 2328 1346 vespere
2377 1276 2578 1332 dividet
2639 1278 2824 1344 spolia
2877 1277 3035 1346 (Gen.
3094 1293 3243 1341 κως,
3304 1276 3415 1345 27).
3476 1276 3657 1339 Quam
3688 1277 3757 1332 de

2111 1364 2373 1435 apostolo
2408 1365 2585 1420 Paulo
2613 1382 2739 1436 quae
2771 1366 2926 1420 dicta
2952 1369 3093 1420 sunt
3119 1366 3255 1420 (Act.
3291 1382 3416 1431 vm,
3448 1366 3519 1433 3;
3554 1365 3677 1421 Gul.
3711 1383 3749 1434 ι,

2111 1452 2224 1523 13),
2257 1454 2742 1510 manifestissima
2790 1454 2867 1509 sit
2920 1453 3241 1525 prophetia,
3271 1454 3545 1509 omnibus
3576 1460 3752 1526 patet,

2111 1542 2266 1613 quod
2298 1543 2353 1596 in
2388 1543 2779 1599 adolescentia
2810 1546 3151 1615 persecutus
3200 1544 3280 1597 sit
3325 1542 3662 1612 Ecclesiam,
3694 1544 3755 1599 in

2110 1636 2405 1687 senectute
2437 1633 2779 1704 prazdicator
2821 1631 3113 1703 Evangelii
3164 1632 3355 1687 fuerit.
3404 1631 3621 1687 Hebraei
3653 1649 3753 1687 au-

2107 1725 2224 1774 tem
2257 1720 2337 1776 ita
2393 1722 2701 1777 dixerunt:
2765 1721 2959 1776 Altare
3013 1721 3068 1775 in
3128 1737 3244 1792 quo
3299 1720 3757 1776 immolabantur

2107 1808 2310 1865 hostiae
2366 1815 2421 1865 et
2477 1810 2844 1866 victimarum
2920 1809 3163 1881 sanguis
3219 1810 3289 1864 ad
3353 1809 3539 1865 basim
3594 1808 3754 1865 illius

2106 1897 2479 1964 fundebatur,
2539 1900 2599 1955 in
2658 1906 2819 1971 parte
2877 1899 3068 1954 tribus
3103 1899 3406 1969 Benjamin
3439 1899 3585 1967 fuit;
3620 1898 3751 1966 hoc,

344 1991 449 2046 bit.
482 1991 693 2047 Totum
743 1994 935 2046 autem
993 2006 1096 2062 per
1157 1989 1558 2062 metaphoram
1618 1988 1905 2060 serpentis
1936 1994 2069 2089 etB
2104 1987 2397 2059 inquiunt,
2456 1989 2748 2061 signiﬁcat
2805 1989 2963 2061 quod
3045 1989 3376 2043 sacerdotes
3443 1986 3753 2044 immolant

344 2079 799 2152 equitisloquitu
811 2097 854 2134 r.
877 2080 1097 2134 Videns
1113 2096 1248 2151 ergo
1266 2085 1384 2134 tam
1416 2080 1623 2134 fortem
1653 2079 1988 2133 Nazaraeum

345 2173 533 2232 tuum,
568 2170 718 2241 quod
753 2170 878 2240 ipse
910 2172 1145 2240 propter
1185 2167 1548 2223 meretricem
1583 2173 1850 2222 mortuus
1881 2172 1987 2235 est,

342 2263 400 2313 et
430 2258 683 2314 moriens
709 2263 937 2313 nostros
959 2257 1168 2313 occidit
1190 2257 1481 2325 inimicus,
1508 2257 1726 2329 putavi,
1752 2274 1785 2311 ο
1813 2256 1987 2323 Deus,

341 2347 535 2420 ipsum
594 2364 722 2404 esse
779 2348 1076 2403 Christum
1123 2346 1335 2403 Filium
1384 2352 1823 2402 tuumzverum
1853 2346 1992 2416 quia

342 2443 610 2491 mortuus
658 2439 769 2501 est,
819 2441 875 2491 et
911 2451 1025 2489 non
1060 2434 1393 2500 resurrexit,
1421 2437 1477 2489 et
1506 2450 1745 2488 rursum
1779 2432 1990 2488 ductus

341 2531 433 2580 est
453 2525 628 2581 Israel
646 2524 703 2579 in
724 2524 1141 2597 captivitatem,
1162 2522 1313 2578 alius
1335 2522 1476 2577 mihi
1502 2521 1763 2578 Salvator
1784 2522 1987 2577 mundi

339 2620 396 2669 et
429 2614 536 2669 mei
572 2614 802 2687 generis
836 2612 1261 2686 prmstolandus
1309 2617 1418 2678 est,
1469 2612 1745 2667 utveniat
1775 2611 1865 2667 cui
1899 2628 1988 2666 re-

340 2704 598 2776 positum
657 2707 764 2769 est,
826 2708 885 2757 et
940 2702 1062 2774 ipse
1119 2702 1473 2773 exspectatio
1531 2702 1815 2771 gentium.
1878 2700 1989 2755 δίιιί

337 2795 609 2848 accinctus
662 2793 1013 2863 przeliabitur
1068 2796 1195 2846 ante
1246 2808 1394 2856 eum,
1454 2800 1504 2847 et
1533 2792 1647 2862 ipse
1675 2792 1990 2861 accingetur

336 2886 640 2937 retrorsum
700 2880 854 2951 (Gen.
914 2898 1063 2944 xmx,
1119 2882 1227 2951 19).
1293 2880 1612 2951 Significat,
1657 2880 1812 2950 quod
1842 2880 1984 2947 Gad,

338 2971 540 3026 Ruben
574 2974 632 3026 et
658 2969 904 3025 dimidia
962 2970 1151 3024 tribus
1206 2975 1469 3025 Manasse
1522 2970 1591 3024 ad
1625 2968 1797 3037 filios,
1832 2969 1987 3040 quod

333 3065 499 3115 trans
529 3060 845 3115 Iordanem
898 3058 953 3113 in
998 3058 1433 3130 possessionem
1484 3057 1805 3123 dimiserat,
1856 3063 1989 3130 post

334 3148 778 3221 quatuordecim
828 3165 1012 3204 annos
1062 3152 1377 3217 revertens,
1412 3148 1675 3220 prrelium
1709 3147 1988 3202 adversus

333 3255 431 3295 eos
482 3239 744 3311 gentium
805 3238 1127 3293 vicinarum
1153 3238 1373 3309 grande
1397 3236 1690 3308 repererit,
1735 3240 1792 3291 et
1821 3236 1988 3292 vietis

332 3328 600 3384 hostibus
657 3328 885 3383 fortiter
941 3326 1324 3383 dimicaverit.
1387 3328 1535 3397 Lege
1589 3329 1791 3381 Jesum
1835 3326 1987 3381 Nave

2102 2093 2274 2132 mane
2305 2077 2545 2143 hostias,
2582 2080 2653 2133 ad
2683 2095 2984 2149 vesperam
3034 2076 3302 2131 dividunt
3347 2094 3436 2143 ea,
3488 2094 3614 2148 qua:
3639 2074 3751 2132 sibi

2101 2183 2169 2221 ex
2209 2167 2355 2238 Lege
2387 2167 2595 2224 eullata
2617 2173 2775 2233 sunt,
2808 2167 3011 2239 lupum
3047 2166 3516 2238 sanguinarium,
3543 2165 3747 2238 lupum

2098 2272 2362 2311 voracem
2396 2274 2572 2329 super
2602 2257 2803 2313 altaris
2832 2256 3311 2327 interpretatione
3358 2260 3661 2327 ponentes,
3695 2259 3753 2311 et

2100 2345 2418 2416 spoliorum
2451 2346 2761 2402 divisorem
2821 2363 2998 2417 super
3039 2344 3461 2413 sacerdotibus,
3495 2344 3594 2417 qui
3628 2361 3749 2400 ser-

2097 2433 2319 2489 vientes
2353 2434 2542 2506 altari,
2575 2435 2774 2490 vivunt
2803 2434 2874 2490 de
2914 2433 3105 2489 altari.
3157 2433 3287 2489 Hazc
3336 2438 3531 2489 autem
3562 2432 3749 2488 histo-

2100 2523 2216 2579 rice
2249 2525 2286 2579 ¹.

2169 2614 2521 2686 Spiritaliter
2540 2620 2734 2670 autem
2760 2614 2819 2669 in
2845 2613 3044 2670 Ruben
3072 2611 3280 2685 prioris
3303 2611 3499 2685 populi
3521 2612 3750 2668 Judaaov

2101 2720 2227 2758 rum
2257 2705 2513 2760 ostendit
2542 2721 2670 2760 esse
2701 2720 3035 2775 personam,
3066 2702 3161 2757 cui
3193 2720 3226 2758 a
3252 2701 3492 2756 Domino
3515 2701 3746 2766 dicitur,

2097 2793 2269 2848 Israel
2326 2795 2726 2864 primogenitus
2784 2809 2937 2847 meus
2991 2791 3183 2863 (Exod.
3235 2808 3309 2861 1v,
3340 2791 3471 2861 2‘2);
3528 2790 3747 2845 etenim

2088 2882 2259 2953 juxta
2317 2883 2473 2954 quod
2535 2881 2920 2955 primogenito
2979 2880 3319 2947 debebatur,
3380 2879 3569 2951 ipsius
3624 2881 3749 2935 erat

2097 2972 2355 3044 accipere
2388 2972 2783 3028 sacerdotium
2815 2976 2871 3027 et
2903 2986 3169 3042 regnum.
3204 2968 3469 3036 Additur,
3494 2972 3554 3023 tu
3576 2970 3748 3024 virtus

2094 3076 2216 3115 mea
2242 3061 2424 3131 (Ibid.)
2454 3060 2663 3133 Utique
2691 3060 2842 3132 quod
2876 3077 2944 3115 ex
2974 3059 3100 3131 ipso
3154 3057 3365 3130 populo
3397 3058 3743 3113 fundamen-

2096 3152 2221 3202 tum
2273 3148 2426 3217 Iidei,
2482 3166 2549 3203 ex
2608 3148 2735 3220 ipso
2788 3147 2973 3202 virtus
3028 3144 3147 3211 Dei,
3209 3145 3307 3217 qui
3357 3149 3446 3199 est
3476 3144 3742 3200 Christus

2097 3238 2140 3309 (Ι
2171 3239 2293 3295 Cor.
2330 3256 2368 3304 ι,
2425 3238 2518 3308 21)
2571 3236 2819 3292 advenit.
2884 3235 3183 3302 Quomodo
3256 3237 3448 3290 autem
3507 3233 3632 3306 ipse
3670 3233 3747 3289 sit

2097 3327 2446 3398 principium
2499 3326 2791 3393 dolorum,
2843 3326 2956 3381 nisi
2999 3326 3139 3379 dum
3187 3322 3338 3378 Patri
3368 3323 3482 3378 Deo
3514 3339 3744 3394 semper

332 3418 511 3487 (Iosue
558 3434 683 3487 XIII,
732 3416 789 3482 7)
837 3422 894 3471 et
941 3416 1425 3488 Paralipomenon
1472 3418 1517 3486 (l
1549 3416 1735 3470 Paral.
1785 3433 1840 3485 v,
1878 3415 1979 3482 l8).
2015 3401 2057 3467 C
2094 3417 2435 3489 irrogaverit
2464 3416 2778 3488 injuriam:
2813 3416 2954 3470 dum
3006 3412 3287 3469 convertit
3331 3413 3405 3468 ad
3444 3430 3577 3468 eum
3608 3413 3743 3468 dor-

327 3504 665 3575 Nepthalim,
709 3521 897 3560 cervus
940 3508 1189 3567 emissus,
1242 3505 1378 3560 dans
1425 3506 1640 3574 eloquia
1664 3505 1980 3576 pulchritu-

326 3595 475 3649 dinis
503 3612 516 3660 ;
550 3593 670 3649 sive
699 3595 1048 3666 Rephthalim
1077 3612 1209 3667 ager
1230 3596 1474 3663 irrigans
1498 3594 1651 3664 (Gen.
1683 3611 1832 3661 xux,
1865 3596 1976 3665 2t).

327 3684 655 3755 Utrumque
705 3684 1000 3755 significat
1047 3685 1351 3740 Hebraum
1394 3685 1659 3753 verbum,
1693 3700 1859 3739 MALA
1883 3700 1977 3739 sn“

327 3790 477 3829 LUHA
529 3772 575 3843 (I
628 3773 823 3828 Paral.
879 3790 933 3841 v,
992 3772 1106 3840 l8).
1188 3771 1490 3846 Signiﬁcat
1546 3776 1763 3838 autem,
1822 3773 1976 3843 quod

326 3878 490 3933 aqua:
523 3860 724 3918 calidae
756 3860 884 3933 ipsa
910 3865 1227 3917 nascantur
1258 3862 1436 3930 tribu,
1473 3860 1590 3917 sive
1615 3862 1769 3934 quod
1804 3878 1980 3933 super

327 3951 517 4006 lacum
547 3954 802 4006 Genesar
834 3950 1050 4006 ﬂuento
1097 3950 1370 4007 Iordanis
1418 3956 1573 4006 esset
1614 3950 1835 4021 irrigua
1868 3951 1974 4022 (Al.

326 4040 627 4113 irriguus).
666 4040 882 4095 Hebraei
934 4044 1129 4095 autem
1179 4039 1383 4095 volunt
1432 4044 1668 4112 propter
1716 4040 1977 4096 Tiberia-

323 4130 478 4195 dem,
513 4146 637 4199 quae
670 4128 839 4201 Legis
869 4128 1174 4185 videbatur
1203 4129 1415 4185 habere
1449 4130 1741 4194 notitiam,
1767 4145 1973 4201 agrum

322 4217 612 4289 irriguum
644 4221 703 4272 et
730 4217 963 4287 eloquia
986 4216 1441 4288 pulchritudinis
1465 4218 1813 4289 prOphetari.
1843 4219 1974 4273 Cer-

321 4322 430 4361 vus
461 4310 655 4361 autem
706 4305 962 4362 emissus
1006 4311 1413 4377 temporaneas
1464 4309 1658 4379 fruges
1688 4313 1744 4363 et
1774 4307 1977 4363 veloci-

322 4397 503 4449 tatem
537 4398 703 4450 terrae
756 4393 1042 4450 uberioris
1089 4394 1363 4451 ostendit.
1412 4397 1523 4451 Sed
1556 4396 1786 4462 melius,
1821 4398 1870 4452 si
1902 4397 1973 4452 ad

324 4484 650 4539 doctrinam
699 4483 1015 4539 Salvatoris
1065 4489 1276 4540 cuncta
1319 4485 1663 4555 referamus,
1708 4487 1858 4558 quod
1892 4485 1973 4540 ibi

321 4574 407 4628 vel
466 4572 719 4628 maxime
786 4571 1050 4627 docuerit
1104 4571 1386 4642 Salvator,
1450 4579 1513 4628 ut
1563 4575 1617 4629 in
1666 4574 1973 4647 Evangelio

322 4662 531 4731 (Matth.
566 4679 642 4732 Iv,
679 4661 766 4731 15)
828 4678 1062 4734 quoque
1122 4662 1405 4734 scriptum
1464 4668 1571 4719 est.
1623 4664 1794 4719 Filius
1824 4680 1974 4719 meus

320 4752 517 4824 Ioseph
544 4766 876 4820 accrescens,
932 4751 1082 4821 ﬁlius
1139 4768 1292 4817 meus
1340 4769 1646 4808 accrescens
1676 4762 1727 4809 et
1753 4753 1976 4809 decorus
2006 4776 2052 4841 B

322 4850 539 4912 aspectu
557 4856 578 4902 ,'
606 4840 746 4911 ﬁliae
774 4839 1132 4897 decurrerunt
1158 4858 1321 4914 super
1350 4859 1567 4898 murum
1598 4861 1609 4911 ;
1643 4843 1737 4898 sed
1755 4859 1977 4913 exaspe-

322 4931 584 4985 rtwerunt
613 4943 758 4998 eum,
789 4932 839 4983 et
861 4930 1076 5000 jurgati
1112 4939 1262 4997 sunt,
1315 4932 1735 5003 invideruntque
1760 4934 1850 4987 illi
1878 4935 1976 4987 ha-

326 5020 506 5074 bentes
526 5018 738 5088 jacula.
788 5017 939 5072 Sedit
968 5020 1027 5073 in
1071 5021 1203 5089 forti
1255 5037 1413 5075 arcus
1459 5023 1599 5093 ejus:
1629 5031 1679 5077 et
1708 5022 1979 5076 dissoluta

323 5116 451 5164 sunt
482 5105 708 5163 vincula
739 5107 1087 5164 brachiorum
1115 5118 1167 5165 et
1207 5126 1471 5165 manuum
1515 5112 1630 5180 ejus
1656 5127 1755 5182 per
1781 5127 1979 5165 manus

322 5198 564 5268 potentis
614 5198 796 5253 Iacob.
831 5196 961 5253 Inde
1005 5208 1197 5269 pastor
1225 5216 1468 5270 egressus
1496 5208 1572 5255 est
1622 5201 1763 5271 lapis
1789 5200 1975 5256 Israel.

328 5285 481 5353 (Gen.
512 5302 662 5355 XLIX,
710 5286 926 5358 22-24.)
977 5287 1020 5342 Ο
1063 5286 1142 5341 fili
1192 5288 1425 5359 Ioseph,
1463 5289 1559 5360 qui
1587 5293 1707 5345 tam
1741 5287 1982 5361 pulcher

328 5390 411 5440 es,
446 5379 512 5429 ut
543 5380 599 5429 te
653 5379 775 5430 tota
834 5376 904 5430 de
965 5376 1151 5433 muris
1210 5380 1267 5433 et
1313 5378 1579 5434 turribus
1611 5395 1677 5435 ac
1712 5378 1979 5434 fenestris

333 5461 657 5533 puellarum
717 5465 942 5535 .Egypti
1002 5466 1175 5521 turba
1232 5472 1578 5538 prospectet,
1644 5468 1983 5523 inviderunt

331 5550 459 5613 tibi,
489 5556 544 5603 et
574 5553 641 5606 ad
680 5552 1044 5608 iracundiam
1080 5559 1133 5609 te
1167 5561 1621 5627 provocaverunt
1642 5557 1848 5613 fratres
1870 5559 1979 5623 tui,

334 5638 615 5695 habentes
646 5639 846 5695 livoris
893 5643 1159 5713 sagittas,
1205 5651 1261 5699 et
1291 5644 1397 5701 zeli
1422 5647 1639 5716 jaeulis
1669 5645 1979 5702 vulnerati.

412 5854 426 5885 ι
461 5850 774 5924 Hucusque
805 5866 875 5907 ex
903 5851 1271 5929 Hieronymo.

2089 3523 2243 3573 sum,
2277 3512 2334 3561 et
2364 3524 2478 3561 non
2512 3506 2739 3561 faciem.
2774 3505 2887 3561 Iste
2920 3504 3078 3575 prior
3107 3503 3167 3558 in
3221 3503 3412 3569 donis,
3445 3501 3583 3572 quia
3625 3501 3744 3573 pri-

2092 3612 2253 3650 mum
2286 3596 2430 3667 ipsis
2483 3596 2707 3651 credita
2755 3598 2895 3649 sunt
2942 3593 3174 3665 eloquia
3210 3591 3311 3648 Dei
3342 3592 3516 3663 (Rom.
3548 3607 3630 3658 ιιι,
3661 3593 3739 3659 2),

2090 3692 2146 3740 et
2170 3684 2479 3757 legislatio,
2513 3690 2570 3740 et
2602 3685 3043 3739 Testamentum
3077 3682 3197 3739 sive
3226 3680 3538 3754 promissio
3563 3680 3736 3752 (Rom.

2089 3791 2164 3841 1x,
2198 3774 2271 3845 4),
2305 3774 2417 3829 Iste
2450 3774 2634 3843 major
2661 3772 2906 3846 imperio
2935 3791 2947 3842 ;
2983 3771 3184 3843 utique
3207 3788 3310 3843 pro
3335 3768 3736 3842 magnitudine

2086 3861 2301 3917 virium
2334 3862 2474 3933 quia
2498 3862 2793 3934 copiosius
2824 3861 3047 3917 caeteris
3079 3860 3137 3916 in
3168 3860 3277 3916 hoc
3309 3858 3520 3917 saeculo
3551 3876 3737 3931 popu-

2088 3950 2181 4007 lus
2208 3949 2363 4006 idem
2413 3952 2692 4024 regnavit.
2744 3951 2979 4007 Effusas
3026 3953 3117 4006 est
3161 3954 3354 4005 autem
3383 3947 3535 4005 sicut
3563 3964 3735 4019 aqua,

2088 4042 2380 4113 peccando
2412 4042 2469 4096 ἱιι
2502 4041 2822 4108 Christum,
2856 4058 2984 4113 quae
3031 4038 3269 4095 vasculo
3322 4055 3436 4093 non
3466 4041 3734 4093 tenetur:

2086 4129 2401 4202 voluptatis
2431 4130 2652 4186 effusus
2685 4135 2776 4185 est
2816 4130 3059 4202 impetu,
3111 4135 3167 4184 et
3222 4127 3434 4184 idcirco
3486 4127 3735 4194 addidit,

2089 4220 2244 4275 Ultra
2297 4237 2408 4274 non
2461 4225 2665 4275 crescat
2721 4219 2872 4290 (Gen.
2932 4236 3082 4285 xux,
3142 4218 3237 4289 lt):
3300 4217 3437 4290 quia
3486 4216 3735 4289 populus

2085 4308 2209 4380 ipse
2267 4313 2577 4381 postquam
2635 4308 2696 4363 in
2753 4308 3024 4364 universo
3083 4307 3221 4363 orbe
3281 4306 3581 4379 dispersus
3623 4310 3731 4373 est,

2083 4396 2249 4452 valde
2296 4397 2648 4452 imminutus
2694 4401 2803 4452 est.
2854 4397 2965 4453 Sed
3009 4413 3190 4468 quare
3220 4396 3360 4452 talia
3390 4395 3623 4463 meruit,
3655 4394 3736 4450 ita

2084 4486 2368 4557 subjecit:
2407 4487 2547 4554 Quia
2593 4486 2883 4542 ascendisti
2936 4487 3115 4541 cubile
3169 4486 3342 4558 patris
3398 4487 3482 4539 tui
3537 4484 3724 4556 (Ibid).

2085 4575 2493 4647 Primogenitm
2526 4579 2718 4631 autem
2745 4575 2932 4648 plebis
2957 4574 3263 4631 audaciam
3286 4574 3581 4647 prasdicat,
3604 4590 3735 4646 quae

2084 4664 2347 4720 ascendit
2376 4664 2566 4720 cubile
2614 4664 2795 4737 patris
2854 4665 2966 4731 sui,
3026 4669 3083 4721 et
3143 4663 3458 4720 maculavit
3486 4667 3737 4720 stratum

2082 4754 2233 4823 ejus,
2265 4753 2501 4824 quando
2533 4770 2745 4826 corpus
2780 4752 3167 4820 Dominicum,
3199 4753 3259 4808 in
3293 4769 3408 4826 quo
3431 4751 3736 4825 plenitudo

2085 4842 2411 4898 divinitatis
2457 4844 2861 4914 requiescebat
2910 4844 3139 4914 (Coloss.
3194 4860 3255 4907 11,
3303 4843 3380 4914 9),
3412 4847 3644 4913 raptum
3677 4841 3739 4897 in

2086 4948 2256 4986 cruce
2287 4932 2616 5004 suspendit,
2652 4937 2710 4987 et
2752 4934 2900 4988 ferro
2932 4931 3401 4988 commaculavit.
3435 4930 3654 4987 Simeon
3689 4938 3743 4985 et

2084 5022 2214 5076 Levi
2240 5023 2461 5090 fratres,
2494 5038 2624 5077 vasa
2656 5022 2976 5093 iniqnitatis
3008 5022 3274 5077 bellantia
3304 5021 3456 5092 (Gen.
3478 5036 3628 5085 XLIX,
3657 5019 3739 5091 5).
3845 5069 3866 5087 ,

2086 5113 2195 5165 Per
2223 5110 2452 5165 Simeon
2493 5116 2551 5166 et
2599 5112 2726 5167 Levi
2773 5111 2982 5167 Scribe:
3030 5115 3087 5166 et
3133 5110 3407 5166 Pharisazi
3461 5113 3517 5165 et
3544 5124 3739 5165 sacer-

2088 5199 2252 5256 dotes
2306 5200 2535 5256 Judaici
2594 5200 2792 5274 populi
2853 5199 3281 5273 intelliguntur.
3338 5200 3417 5255 De
3472 5197 3742 5255 Simeone

2087 5287 2243 5343 enim
2292 5289 2504 5344 Scribaa
2553 5294 2719 5345 erant
2761 5289 3121 5361 Judaaorum,
3156 5290 3227 5345 de
3258 5287 3417 5345 tribu
3446 5304 3578 5344 vero
3606 5285 3742 5343 Levi

2089 5376 2381 5449 principes
2412 5380 2802 5449 sacerdotum,
2853 5379 2953 5452 qui
3003 5378 3315 5435 consilium
3363 5378 3642 5443 fecerunt,
3674 5379 3744 5431 ut

2086 5466 2287 5522 Jesum
2348 5468 2478 5524 dolo
2536 5472 2801 5524 tenerent
2854 5473 2913 5524 et
2961 5468 3308 5525 occiderent.
3350 5472 3427 5523 De
3456 5482 3570 5539 quo
3603 5482 3744 5521 con-

2090 5553 2220 5611 silio
2276 5557 2453 5613 dicit:
2510 5558 2573 5611 In
2623 5558 2922 5614 consilium
2978 5574 3169 5614 eorum
3222 5574 3293 5613 ne
3340 5558 3522 5613 veniat
3552 5556 3746 5611 anima

2090 5661 2213 5699 mea
2241 5646 2396 5718 (Ibid.
2429 5648 2504 5717 6).
2568 5647 2851 5705 Horrebat
2906 5647 3062 5704 enim
3117 5652 3283 5702 tanta
3336 5645 3575 5710 scelera,
3607 5660 3740 5716 qua
