3970 6388
214 440 375 518 1373

1330 454 1431 517 DE
1473 444 2184 518 BENEDICTIONIBUS
2228 450 2496 515 JACOB.

3465 452 3619 515 1374

211 586 554 648 novissimis
573 587 940 663 temporibus
970 588 1175 646 facturi
1230 594 1399 646 erant
1450 589 1659 646 Judaai.
1712 589 1860 658 Quia
1888 587 1943 654 Α
1971 587 2453 647 manifestissime
2482 587 2553 645 ad
2585 586 2801 644 Iudam
2822 586 3205 645 refertur.Diu
3238 587 3391 647 enim
3426 589 3537 647 fuit
3554 605 3625 647 ex

213 678 278 735 in
311 680 501 751 furore
525 694 622 735 suo
650 678 960 735 occiderunt
988 680 1169 734 virum
1198 679 1362 751 (Ibid.
1398 681 1432 748 ),
1457 679 1513 735 id
1562 684 1650 735 est
1671 677 1866 735 Chris-

212 770 368 835 tum,
402 768 472 823 de
503 785 618 840 quo
644 767 898 824 dicitur:
936 770 1079 825 Ecce
1110 770 1215 836 vir,
1263 770 1446 824 oriens
1489 786 1689 825 nomen
1744 768 1867 840 ejus

211 857 399 929 (lacti.
431 858 640 928 v1,12).
674 858 741 912 Et
781 855 959 912 alibi:
1012 860 1240 913 Femina
1295 858 1655 914 circumdabit
1686 858 1867 913 virum

213 946 434 1019 (Ierem.
466 963 621 1002 xxxx.
654 946 764 1018 22).
801 946 1151 1018 Su/foderunt
1171 965 1393 1003 murum
1424 948 1578 1016 (Gen.
1604 966 1755 1016 xux,
1786 948 1865 1019 ϐ),

216 1041 277 1097 id
308 1046 417 1112 est,
451 1041 619 1097 illum
653 1041 974 1114 spiritalem
1016 1044 1405 1100 fortissimum
1447 1063 1707 1110 murum,
1767 1044 1865 1117 qui

221 1131 481 1187 custodit
549 1131 743 1199 Israel,
812 1130 1010 1187 lancea
1077 1135 1479 1190 confoderunt.
1557 1135 1868 1190 Maledictus

216 1221 381 1292 furor
406 1235 616 1289 eorum,
649 1221 777 1291 quia
803 1222 1080 1292 pertinax.
1102 1222 1258 1292 (Ibid.
1290 1224 1370 1293 7),
1403 1224 1606 1296 utique
1633 1223 1868 1295 quando

220 1308 420 1365 furore
448 1310 677 1365 accensi
698 1314 755 1365 et
785 1310 890 1377 ira,
924 1309 1263 1367 obtulerunt
1305 1312 1603 1367 Christum
1667 1312 1869 1367 Pontio

225 1396 411 1453 Pilato
443 1397 741 1454 dicentes:
775 1398 1082 1470 Crucifige,
1110 1400 1406 1472 crucifige,
1438 1404 1614 1469 (Joan.
1649 1420 1763 1473 xix,
1793 1402 1868 1471 ὃ).

219 1486 290 1541 Et
318 1486 637 1558 indignatio
656 1503 865 1556 eorum,
898 1490 1029 1559 quia
1059 1489 1198 1545 dura
1223 1489 1374 1561 (Gen.
1405 1509 1558 1557 xLix,
1600 1492 1653 1562 7)
1682 1508 1696 1545 :
1730 1490 1871 1545 dum

221 1574 542 1632 Barrabam
579 1575 866 1632 latronem
925 1582 1208 1649 peterent,
1265 1585 1322 1635 et
1365 1579 1687 1653 principem
1745 1580 1873 1633 vitae

219 1664 684 1737 crucifigendum
705 1664 1065 1738 postularent
1097 1666 1305 1736 (Matth.
1340 1686 1514 1734 xxvn,
1560 1670 1671 1740 21).
1725 1669 1874 1723 Divi-

218 1752 351 1810 dam
377 1770 465 1810 eos
495 1756 555 1810 in
583 1755 764 1821 Iacob,
787 1763 839 1811 et
866 1755 1185 1830 dispergam
1218 1758 1343 1814 illos
1376 1760 1431 1812 in
1491 1760 1661 1814 Israel
1719 1758 1870 1830 (Gen.

218 1859 374 1911 xux,
395 1844 452 1915 7)
472 1862 484 1899 :
501 1844 641 1916 quia
660 1844 924 1900 nonnulli
946 1862 1015 1900 ex
1045 1845 1191 1918 ipsis
1224 1848 1873 1919 crediderunt,quidam

1975 680 2199 737 semine
2220 679 2378 735 illius
2399 680 2745 735 intemerata
2767 679 2920 751 apud
2947 679 3186 736 Judreos
3216 679 3509 737 successio
3540 696 3624 737 re-

1974 771 2096 843 gni,
2130 770 2312 825 donec
2343 769 2609 825 Christus
2642 773 3000 836 nasceretur,
3035 769 3189 825 sicut
3233 786 3413 840 supra
3472 768 3625 825 dixi-

1976 877 2131 916 mus.
2169 860 2430 929 Alligans
2454 858 2525 914 ad
2556 859 2769 914 vineam
2818 858 3041 930 pullum
3093 876 3261 914 suum
3295 858 3453 930 (Ibid.
3504 858 3622 930 41).

1978 950 2180 1007 Pullus
2239 967 2383 1005 suus
2441 948 2695 1022 populus
2754 952 2841 1004 est
2903 949 3200 1022 gentibus,
3259 949 3349 1004 cui
3432 947 3626 1005 adhuc

1978 1057 2281 1113 nunquam
2316 1040 2502 1095 fuerat
2530 1038 2675 1111 legis
2693 1056 2842 1094 onus
2873 1038 3239 1111 impositum.
3272 1038 3630 1110 Hunccopu-

1976 1130 2118 1186 lavit
2154 1129 2488 1193 advineam,
2521 1128 2589 1184 ad
2625 1127 2917 1200 apostolos
2969 1127 3209 1196 scilicet,
3255 1128 3352 1199 qui
3398 1145 3466 1183 ex
3520 1127 3625 1183 Ju-

1980 1219 2119 1274 dmis
2171 1221 2329 1274 sunt.
2390 1219 2534 1275 Nam
2586 1217 2749 1273 vinea
2808 1218 3040 1273 Domini
3102 1217 3353 1273 Sabaoth
3414 1218 3628 1274 domus

1981 1308 2155 1364 Israel
2189 1313 2277 1363 est
2307 1309 2437 1379 (Isa.
2468 1326 2523 1374 v,
2555 1308 2631 1377 7).
2703 1310 2768 1363 Et
2832 1308 2903 1363 ad
2960 1310 3128 1363 vitem
3192 1310 3412 1363 asinam
3466 1322 3632 1362 suam

1981 1397 2134 1466 (Gen.
2172 1415 2321 1461 xux,
2384 1399 2491 1468 12).
2553 1397 2683 1469 Ipse
2739 1397 2901 1464 dicit,
2970 1399 3079 1467 Ego
3143 1414 3267 1452 sum
3334 1397 3463 1452 vitis
3503 1412 3631 1451 vera

1982 1488 2158 1559 (Ioan.
2188 1505 2278 1553 xv,
2311 1487 2386 1557 l).
2418 1488 2503 1542 Ad
2525 1486 2677 1542 hanc
2730 1503 2867 1559 ergo
2908 1485 3084 1541 vitem
3144 1485 3353 1557 alligat
3399 1485 3629 1541 asinam

1985 1602 2175 1655 suam,
2205 1589 2569 1657 Synagogam
2594 1584 2995 1656 tardigradam
3055 1583 3295 1653 scilicet,
3357 1587 3413 1639 et
3469 1582 3630 1656 gravi

1989 1674 2131 1747 legis
2176 1675 2429 1745 pondere
2487 1674 2845 1746 depressam.
2915 1674 3069 1728 Lavit
3127 1674 3185 1728 in
3257 1674 3379 1728 vino
3436 1672 3633 1729 stolam

1984 1781 2139 1819 suam
2163 1763 2317 1836 (Gen.
2349 1781 2501 1830 xux,
2537 1763 2645 1833 lt),
2700 1762 2816 1818 sive
2854 1770 3108 1817 ‘carnem
3155 1779 3323 1817 suam
3384 1761 3443 1817 in
3498 1779 3634 1817 san-

1987 1854 2164 1925 guine
2196 1852 2508 1926 passionis,
2533 1851 2654 1908 sive
2686 1857 2951 1907 sanctam
2982 1850 3299 1907 Ecclesium
3347 1849 3449 1905 illo
3478 1849 3632 1921 vino,

215 1931 283 2027 in
312 1931 657 1989 infidelitate
688 1940 1157 2004 permanserunt.
1188 1936 1473 1991 Dicuntur
1504 1936 1661 1991 enim
1705 1936 1877 1993 divisi
1909 1962 1957 2027 Β
1988 1942 2140 2015 quod
2174 1958 2277 2014 pro
2302 1941 2503 1997 multis
2530 1942 2863 1997 effundetur
2892 1940 2948 1995 in
2982 1940 3389 1997 remissionem
3422 1955 3631 2012 pecca-

221 2020 416 2094 ii,qui
447 2021 517 2075 ab
550 2021 635 2077 eis
667 2026 1034 2094 separantur,
1103 2029 1161 2079 et
1224 2027 1467 2080 veniunt
1517 2027 1587 2081 ad
1652 2026 1825 2081 fidem
1862 2043 1875 2083 :

224 2109 479 2182 dispersi
510 2115 727 2181 autem,
754 2128 1005 2183 quorum
1039 2114 1225 2184 patria
1248 2113 1584 2186 temploque
1602 2115 1881 2170 subverso

228 2216 335 2273 per
391 2200 592 2256 orbem
649 2205 812 2256 terra:
873 2200 1241 2258 incredulum
1304 2219 1492 2275 genus
1562 2206 1879 2277 spargitur.

225 2289 390 2356 Iuda,
422 2297 473 2345 te
498 2288 801 2345 laudabunt
847 2293 1056 2361 fratres
1102 2292 1187 2346 tui
1235 2292 1395 2363 (Ibid.
1428 2292 1505 2363 8).
1566 2293 1671 2349 Per
1729 2293 1883 2349 hunc

226 2378 442 2435 Iudam
473 2395 645 2434 verus
697 2378 995 2434 confessor
1034 2378 1383 2450 exprimitur
1437 2381 1724 2448 Christus,
1781 2382 1881 2455 qui

228 2484 300 2525 ex
320 2468 451 2540 ejus
484 2467 641 2523 tribu
666 2468 989 2523 secundum
1026 2485 1259 2525 carnem
1284 2475 1371 2525 est
1389 2471 1646 2543 genitus.
1681 2471 1879 2543 Ipsum

229 2554 563 2612 laudabunt
594 2556 799 2611 fratres
832 2555 946 2625 sui,
974 2556 1220 2628 apostoli
1275 2557 1515 2627 scilicet,
1567 2564 1622 2614 et
1678 2576 1882 2615 omnes

229 2643 561 2700 cohairedes
590 2645 739 2714 ejus,
772 2643 874 2714 qui
924 2660 1025 2716 per
1083 2646 1454 2718 adoptionem
1514 2646 1717 2715 Patris,
1778 2648 1880 2702 filii

234 2733 333 2790 Dei
367 2733 556 2789 effecti
589 2737 748 2804 sunt,
810 2739 868 2789 et
923 2733 1134 2789 Christi
1195 2735 1402 2791 fratres
1455 2752 1558 2807 per
1606 2738 1881 2808 gratiam,

229 2838 486 2895 quorum
517 2822 642 2893 ipse
677 2827 765 2877 est
790 2821 1070 2878 Dominus
1101 2839 1205 2894 per
1236 2827 1525 2879 naturam.
1550 2826 1739 2881 Manus
1778 2830 1884 2881 tua:

229 2913 294 2968 in
350 2912 647 2968 cervicibus
704 2913 1058 2968 inimicorum
1122 2922 1340 2967 tuorum
1397 2915 1583 2986 (Ibid).
1653 2915 1884 2971 Eisdem

233 3001 396 3057 enim
419 3000 696 3056 manibus
727 3004 902 3072 atque
932 3002 1135 3056 eodem
1166 3001 1359 3057 crucis
1390 3006 1603 3074 tropaeo
1635 3008 1691 3059 et
1746 3021 1886 3059 suos

232 3089 401 3159 texit,
432 3093 487 3146 et
535 3089 807 3145 inimicos
857 3094 914 3144 et
970 3091 1334 3146 adversaries
1392 3096 1710 3163 potestates
1755 3110 1885 3149 cur-

230 3179 411 3235 vavit.
441 3179 621 3234 Juxta
651 3179 805 3252 quod
855 3183 913 3234 et
965 3183 1136 3234 Pater
1192 3180 1479 3251 promittit
1535 3181 1585 3236 ei
1645 3180 1882 3237 dicens:

234 3268 373 3325 Sede
420 3268 490 3323 ad
547 3268 830 3324 dexteram
893 3284 1091 3337 meam,
1159 3268 1326 3324 donec
1379 3286 1579 3340 ponam
1634 3272 1885 3325 inimicos

237 3365 359 3413 tuos
413 3358 713 3412 scabeltum
758 3356 956 3429 pedum
1006 3366 1227 3412 tuorum
1276 3359 1447 3427 (Psal.
1500 3375 1611 3413 Cix.
1668 3360 1739 3430 l).
1778 3360 1882 3414 Ad-

232 3446 472 3503 orabunt
501 3448 691 3515 teﬁlii
732 3449 907 3518 patris
964 3448 1050 3501 tui
1092 3447 1244 3518 (Gen.
1304 3464 1455 3513 xmx,
1495 3449 1588 3518 8):
1650 3450 1884 3519 quando

232 3534 411 3592 multi
432 3552 499 3591 ex
531 3534 668 3589 filiis
685 3536 863 3591 Jacob
895 3536 1144 3591 adorant
1185 3553 1341 3605 eum,
1386 3553 1486 3608 per
1541 3537 1883 3593 electionem

230 3623 440 3698 gratias
459 3623 601 3681 salvi
627 3624 763 3679 facti
795 3626 971 3695 (Rom.
1004 3641 1082 3691 χι,
1122 3625 1199 3689 5).
1239 3626 1463 3681 Catulus
1521 3627 1699 3681 leonis
1747 3626 1886 3683 Iuda

228 3712 394 3785 (Ibid.
416 3714 494 3785 9).
546 3713 788 3778 Quando
843 3713 1138 3769 nascendo
1195 3714 1383 3770 factus
1438 3721 1527 3770 est
1582 3714 1883 3787 parvulus,

233 3810 393 3867 sicut
438 3810 723 3883 scriptum
782 3817 909 3867 est:
969 3813 1240 3867 Parvulas
1291 3822 1453 3869 natus
1540 3818 1621 3869 est
1708 3816 1883 3882 nobis,

230 3900 365 3974 (Isa.
399 3915 476 3971 Ix,
509 3900 587 3971 6).
634 3899 712 3955 Ad
738 3898 1005 3971 pra’dam,
1030 3901 1118 3971 ﬁli
1171 3902 1271 3967 mi,
1329 3901 1623 3958 ascendisti
1680 3903 1737 3957 id
1798 3906 1888 3959 est

233 3989 565 4047 ascendens
596 3988 654 4044 in
687 3989 1236 4061 crucem,!captivos
1280 3990 1529 4062 populos
1586 3992 1886 4048 redemisti

232 4082 299 4136 et
329 4094 478 4150 quos
498 4077 595 4133 ille
626 4077 956 4133 contrarius
985 4077 1294 4148 invaserat,
1346 4084 1408 4134 tu
1470 4080 1725 4136 moriens
1773 4081 1885 4136 eri-

230 4166 452 4241 puisti:
488 4166 741 4237 denique
769 4167 1002 4221 rediens
1046 4166 1118 4220 ab
1178 4166 1402 4235 inferis,
1462 4169 1779 4224 ascendisti
1823 4168 1885 4223 in

225 4256 753 4327 altum.captivam
789 4254 1005 4310 duxisti
1039 4254 1432 4327 captivitatem
1484 4257 1662 4328 (Psal,
1715 4275 1881 4325 vau,

221 4344 347 4415 49).
411 4344 766 4418 Requiescens
802 4345 1111 4400 accubuisti
1148 4353 1209 4401 ut
1254 4345 1334 4400 leo
1392 4345 1523 4416 (Gen
1579 4364 1727 4402 xux.
1803 4347 1879 4415 9).

222 4431 715 4491 Manifestissime
773 4431 1041 4490 Christus
1089 4432 1147 4488 in
1236 4434 1511 4506 passione
1587 4435 1881 4503 accubuit,

222 4522 467 4596 quando
489 4520 767 4578 inclinato
798 4521 986 4593 capite
1007 4520 1250 4577 tradidit
1265 4522 1879 4597 spiritum(Ioan.xx1x,

220 4610 344 4682 30),
376 4614 434 4667 et
461 4611 698 4682 quando
729 4610 789 4666 in
821 4609 1091 4683 sepulcro
1119 4627 1384 4683 securus,
1419 4612 1580 4668 velut
1625 4614 1881 4686 quodam

1989 2035 2182 2085 torum
2213 2031 2439 2101 (Matth.
2473 2030 2742 2100 xxv1.28).
2794 2033 2859 2086 Et
2916 2030 2977 2084 in
3026 2031 3297 2098 sanguine
3341 2044 3462 2083 uiue
3515 2028 3637 2101 pal-

1990 2120 2130 2175 lium
2157 2136 2319 2174 suum
2349 2119 2502 2190 (Gen,
2549 2135 2698 2186 xux,
2763 2118 2849 2188 1|)
2910 2116 3154 2174 Pallium
3213 2122 3417 2188 gentes
3472 2120 3637 2182 sunt,

1991 2226 2138 2281 quas
2169 2209 2393 2279 corpori
2421 2225 2526 2264 suo
2551 2206 2767 2278 junxit,
2800 2206 2952 2262 sicut
2983 2206 3299 2261 scribitur:
3339 2206 3466 2260 Vivo
3520 2221 3636 2275 ego,

1990 2296 2121 2352 dicit
2145 2298 2447 2364 Domimus,
2481 2298 2593 2352 nisi
2612 2295 2707 2351 hos
2752 2311 2937 2350 omnes
2991 2294 3222 2350 induam
3275 2296 3418 2349 sicut
3473 2294 3637 2349 vesti-

1985 2390 2232 2441 mentum
2262 2387 2389 2457 (Isa,
2421 2403 2570 2451 κως,
2607 2384 2715 2455 18),
2752 2383 3099 2440 Pulchriores
3130 2383 3276 2439 oculi
3328 2384 3446 2454 ejus
3504 2383 3637 2438 vino

1992 2474 2142 2546 (Gen.
2176 2492 2323 2540 xux,
2360 2474 2467 2545 12).
2502 2472 2663 2528 Oculi
2695 2472 2905 2529 Christi
2940 2471 3187 2544 apostoli
3220 2474 3437 2527 suntet
3467 2488 3640 2527 evan-

1992 2561 2236 2635 gelistaz,
2291 2562 2390 2635 qui
2422 2561 2620 2618 lumen
2679 2562 2933 2617 scientia:
2981 2560 3249 2616 Ecclesiae
3304 2562 3634 2632 'prazstant:

1992 2667 2243 2722 quorum
2276 2655 2563 2724 praecepta
2595 2651 2994 2707 austeritatem
3052 2650 3166 2705 vini
3228 2650 3429 2722 prisca:
3487 2648 3638 2722 legis

1993 2745 2291 2812 superant,
2325 2741 2465 2812 quia
2491 2740 2661 2812 longe
2686 2740 2903 2796 leviora
2951 2744 3107 2795 sunt.
3163 2745 3227 2796 Et
3282 2740 3469 2795 dentes
3522 2740 3642 2809 eius

1994 2830 2130 2885 lacte
2160 2830 2503 2887 candidiores
2551 2831 2731 2901 (Ibid).
2792 2830 3007 2885 Dentes
3066 2833 3447 2902 praeceptores
3503 2831 3642 2885 sunt

1994 2920 2202 2987 sancti,
2238 2919 2339 2991 qui
2366 2919 2691 2991 praecidunt
2706 2920 2777 2974 ab
2809 2919 3107 2975 erroribus
3138 2919 3426 2985 homines,
3456 2922 3514 2974 et
3541 2934 3642 2974 eos

1995 3008 2161 3081 quasi
2185 3009 2543 3065 comedenda
2574 3009 2632 3064 in
2662 3008 2878 3064 Christi
2935 3024 3148 3079 corpus
3206 3006 3639 3062 transmittunt.

1994 3097 2370 3153 Candidiores
2402 3102 2595 3153 autem
2628 3096 2814 3152 eti‘ecti
2856 3101 2996 3152 sunt
3048 3096 3313 3151 doctores
3371 3094 3640 3151 Ecclesia:

1994 3182 2143 3238 lacte
2172 3182 2380 3238 veteris
2413 3182 2578 3254 legis.
2615 3183 2857 3238 Zabulon
2885 3182 3151 3237 habitavit
3180 3184 3240 3236 in
3273 3180 3463 3238 littore
3512 3198 3638 3239 me-

1998 3274 2092 3341 ris,
2124 3280 2173 3327 et
2212 3273 2270 3326 in
2301 3273 2536 3327 statione
2566 3274 2792 3327 navium
2821 3271 2977 3342 (Gen.
3011 3288 3162 3338 xux,
3217 3271 3324 3343 13).
3382 3271 3638 3327 Zabulon

1993 3360 2406 3432 interpretatur
2435 3360 2819 3415 habitaculum
2836 3359 3200 3430 fortitudinis,
3235 3363 3291 3414 et
3321 3357 3637 3415 Ecclesium

1994 3449 2304 3522 significat.
2340 3449 2468 3504 Hzec
2498 3448 2557 3504 in
2591 3449 2783 3504 littore
2814 3447 2995 3505 maris
3025 3448 3253 3503 habitat
3294 3452 3351 3503 et
3404 3447 3465 3503 in
3519 3451 3637 3505 sta-

1993 3539 2152 3595 tione
2183 3539 2513 3605 navium,ut
2544 3540 2918 3594 credentibus
2949 3538 3026 3593 sit
3054 3538 3371 3610 refugium,
3403 3541 3460 3593 et
3482 3536 3639 3608 peri-

1994 3628 2337 3685 clitantibus
2366 3629 2729 3684 demonstret
2757 3628 2891 3684 fidei
2940 3631 3192 3699 portum.
3246 3626 3379 3681 Hice
3439 3629 3642 3681 contra

1995 3734 2199 3775 omnes
2227 3717 2494 3773 turbines
2518 3716 2713 3773 saeculi
2744 3717 3097 3772 inconcussa
3138 3714 3413 3769 firmitate
3452 3713 3640 3770 solida

1996 3809 2219 3879 spectat
2241 3805 2973 3878 naufragiumJudaeorum,
2991 3809 3049 3860 et
3078 3802 3480 3858 haereticorum
3502 3819 3635 3875 pro-

1996 3895 2192 3964 cellas,
2226 3894 2324 3967 qui
2356 3894 2867 3949 circumferuntur
2901 3892 3057 3948 omni
3114 3895 3283 3947 vento
3338 3890 3634 3961 doctrinae,

1996 4001 2243 4057 quorum
2276 3983 2382 4039 etsi
2411 3982 2678 4038 tunditur
2709 3982 3010 4051 ﬂuctibus,
3038 3998 3153 4037 non
3224 3983 3419 4035 tamen
3480 3980 3636 4035 fran-

1994 4072 2171 4144 gitur.
2222 4070 2501 4126 Pertendit
2554 4072 2737 4125 autem
2778 4086 2945 4142 usque
2987 4069 3060 4125 ad
3119 4068 3374 4125 Sidonem
3431 4068 3635 4141 (Ibid).,

1995 4170 2104 4225 hoc
2132 4176 2217 4223 est
2247 4184 2434 4239 usque
2464 4169 2534 4222 ad
2566 4172 2788 4239 gentes.
2825 4166 3061 4239 Legitur
3108 4166 3283 4224 etiam
3336 4166 3394 4221 in
3454 4168 3638 4222 Evan-

1994 4258 2145 4330 gelio
2174 4257 2309 4312 inde
2356 4262 2691 4329 assumptos
2748 4274 2878 4312 esse
2927 4255 3223 4329 apostolos
3280 4255 3532 4328 aliquos,
3581 4259 3639 4310 et

1992 4346 2139 4420 ipsis
2168 4345 2312 4402 locis
2349 4345 2655 4401 Dominum
2683 4363 2834 4417 saepe
2863 4345 3317 4409 docuisse,sicut
3349 4343 3632 4416 scriptum

1993 4440 2100 4491 est.
2139 4436 2301 4490 Terrh
2348 4435 2612 4503 Zabulon,
2671 4443 2721 4491 et
2772 4439 2920 4490 terra
2985 4435 3354 4506 Nephthalim,
3403 4432 3637 4504 populus

1989 4526 2085 4596 qui
2111 4524 2322 4580 sedebat
2352 4526 2409 4578 in
2431 4526 2684 4595 tenebris,
2720 4524 2856 4579 vidit
2890 4525 3067 4579 lucem
3096 4538 3360 4591 magnam
3422 4520 3631 4592 (Matth.

1993 4630 2069 4682 ιν,
2123 4612 2210 4683 15,
2246 4613 2333 4678 16,
2365 4628 2434 4667 ea:
2464 4614 2566 4668 Isa.
2603 4631 2678 4683 ix,
2715 4612 2788 4685 1).
2826 4613 3005 4669 Sidon
3037 4612 3452 4684 interpretatur
3478 4626 3636 4666 vena-

220 4699 491 4773 corporis
520 4716 728 4757 somno
759 4700 999 4772 quievit.
1033 4700 1142 4755 Sed
1176 4716 1355 4771 quare
1376 4705 1443 4756 ut
1471 4703 1582 4771 leo,
1612 4706 1669 4758 et
1720 4702 1879 4759 velut
1908 4695 1955 4760 D
1987 4710 2091 4767 tor,
2121 4699 2209 4756 vel
2264 4702 2541 4756 venatrix.
2574 4700 2888 4757 Venatores
2948 4700 3049 4773 qui
3110 4703 3269 4761 sunt.
3320 4697 3434 4753 nisi
3489 4715 3635 4771 apo-

218 4788 461 4847 catulus
482 4787 669 4845 leonis
694 4789 724 4845 ‘t
742 4791 804 4844 In
830 4805 1037 4845 somno
1059 4788 1214 4844 enim
1248 4806 1355 4845 suo
1385 4788 1474 4845 leo
1506 4791 1876 4863 fuit,quando

219 4894 345 4935 non
369 4878 848 4945 necessitate,sed
875 4882 1160 4951 potestate
1188 4877 1298 4933 hoc
1330 4877 1525 4951 ipsum
1543 4880 1873 4953 complevit,

217 4974 381 5033 sicut
408 4975 534 5047 ipse
564 4975 740 5032 dicit:
776 4976 940 5032 Nemo
969 4976 1112 5031 tollit
1161 4992 1196 5030 α
1232 4991 1318 5031 me
1375 4978 1623 5033 animam
1674 4994 1873 5047 meam,

210 5063 316 5122 sed
339 5081 435 5135 ego
460 5080 604 5137 pono
632 5080 756 5121 eam
776 5069 963 5138 (Ioan.
1006 5082 1060 5135 x,
1109 5064 1220 5135 l8).
1278 5066 1440 5131 Quod
1497 5082 1633 5122 vero
1689 5068 1872 5134 addit,

207 5160 271 5212 et
289 5158 353 5210 ut
379 5155 594 5211 catulus
618 5154 828 5211 leonis:
864 5154 998 5210 inde
1019 5151 1178 5209 enim
1230 5159 1500 5211 mortuus
1559 5157 1715 5212 unde
1771 5174 1874 5213 na-

210 5247 342 5301 tus.
376 5242 531 5300 Bene
560 5261 697 5317 ergo
730 5244 998 5301 Christus
1028 5247 1093 5298 ut
1122 5242 1212 5298 leo
1245 5244 1551 5315 requievit,
1604 5246 1705 5318 qui
1759 5264 1873 5303 non

209 5330 416 5390 solum
478 5333 684 5389 mortis
730 5333 1105 5390 acerbitatem
1129 5349 1245 5388 non
1313 5332 1528 5401 timuit,
1597 5336 1696 5392 sed
1728 5337 1872 5392 etin

205 5421 353 5496 ipsa
400 5422 605 5478 mortis
663 5422 976 5496 imperium
1029 5420 1184 5476 vicit.
1240 5423 1401 5488 Quod
1461 5428 1652 5478 autem
1711 5425 1870 5496 dicit,

209 5512 358 5582 Quis
384 5513 672 5568 suscitabit
702 5529 826 5568 eum
854 5513 1005 5581 (Gen.
1040 5528 1186 5575 xuv,
1218 5511 1273 5576 9)
1302 5511 1331 5566 ?
1351 5512 1496 5577 Quia
1529 5513 1728 5570 nullus
1759 5515 1871 5570 nisi

205 5602 367 5674 ipse,
392 5602 565 5672 juxta
593 5603 751 5673 quod
784 5603 909 5673 ipse
938 5602 1056 5655 ait:
1090 5601 1294 5657 Solvite
1336 5602 1599 5673 templum
1651 5602 1767 5675 hoc,
1822 5611 1876 5659 et

203 5693 279 5749 in
312 5690 496 5747 triduo
526 5692 854 5748 resuscitabo
886 5689 1026 5747 illud
1083 5691 1261 5762 (Ioan.
1327 5706 1386 5743 ιι.
1439 5691 1547 5763 19).
1607 5693 1721 5748 Νοη
1780 5692 1873 5749 de-

206 5780 367 5857 ﬁciet
393 5780 512 5839 dua:
535 5780 602 5838 de
616 5780 777 5850 Iuda,
806 5784 865 5839 et
894 5778 1119 5854 reliqua
1143 5778 1296 5854 (Gen.
1321 5795 1470 5852 χιιι,
1504 5782 1557 5850 9,
1591 5782 1701 5854 10).
1753 5782 1872 5840 Hoc

1987 4790 2116 4847 stoli
2147 4789 2175 4845 ?
2213 4788 2412 4856 Qui,ut
2434 4805 2613 4860 supra
2642 4787 2995 4859 diximus,ex
3022 4787 3139 4844 illis
3168 4786 3312 4843 locis
3342 4787 3630 4859 assumpti

1987 4882 2145 4947 sunt,
2178 4878 2248 4932 de
2279 4877 2492 4949 quibus
2522 4876 2772 4933 dicitur:
2802 4880 3025 4933 Mittam
3072 4885 3352 4933 venatores
3407 4877 3629 4947 multos,

1985 4977 2037 5024 et
2065 4968 2413 5023 venabantur
2440 4981 2529 5021 vos
2557 4967 2617 5021 in
2647 4968 2800 5022 omni
2825 4975 3004 5022 monte
3062 4968 3279 5038 (Ierem.
3338 4982 3446 5027 xvr,
3527 4965 3629 5035 l6).

1985 5065 2211 5122 Isachar
2240 5065 2427 5119 asinus
2454 5066 2618 5134 fortis
2649 5064 2802 5135 (Gen.
2853 5081 3003 5133 xux,
3063 5064 3171 5135 14).
3227 5062 3480 5129 lsachar,
3531 5062 3632 5135 qui

1985 5154 2401 5226 interpretatur
2430 5169 2652 5219 merces,
2685 5154 2930 5208 refertur
2952 5153 3023 5207 ad
3055 5150 3336 5224 populum
3367 5150 3631 5224 gentium

1984 5258 2162 5314 quem
2199 5240 2478 5297 Dominus
2510 5241 2817 5313 sanguinis
2848 5240 2940 5296 sui
2967 5240 3150 5312 pretio
3174 5244 3465 5296 mercatus
3520 5244 3630 5297 est.

1985 5332 2086 5387 Hic
2120 5329 2353 5386 Isachar
2384 5329 2588 5385 asinus
2620 5331 2784 5385 fortis
2811 5330 3106 5395 scribitur,
3139 5329 3278 5400 quia
3310 5328 3472 5401 prius
3529 5347 3630 5402 po-

1983 5420 2158 5494 pulus
2176 5418 2413 5491 gentilis
2437 5418 2605 5491 quasi
2640 5419 2876 5474 brutum
2908 5417 3355 5475 etluxuriosum
3388 5418 3629 5487 animal,

1984 5508 2263 5579 nullaque
2294 5507 2517 5563 ratione
2542 5507 2824 5573 substitit,
2854 5508 2952 5563 sed
2987 5508 3362 5579 postmodum
3411 5508 3624 5581 jugum

1982 5596 2301 5669 disciplina:
2342 5596 2687 5667 evangelica:
2720 5596 2966 5652 libenter
3003 5595 3272 5669 portavit.
3326 5597 3425 5652 IIic
3478 5613 3631 5652 accu-

1984 5690 2115 5744 bans
2136 5689 2280 5742 inter
2306 5688 2596 5757 terminos,
2630 5687 2765 5741 vidit
2798 5688 3041 5759 requiem
3090 5685 3231 5759 quod
3279 5688 3414 5742 esset
3465 5686 3626 5757 bona,

1982 5782 2033 5838 et
2088 5781 2294 5835 terram
2341 5776 2480 5850 quod
2517 5779 2723 5850 optuna
2750 5776 2929 5851 ;(Ibid.
2965 5777 3074 5852 15).
3133 5776 3290 5835 Inter
3345 5774 3627 5835 terminos
