3970 6380
181 1756 207 1780 \

337 412 496 482 1375

1824 414 2216 483 APPENDIX
2227 461 2242 479 .

3581 407 3749 486 1376

329 557 526 612 autem
555 553 768 612 cubare
798 556 836 626 ¹,
863 556 953 612 est
981 554 1310 630 praestolata
1341 554 1548 613 mundi
1579 556 1694 612 ﬁne
1734 553 1964 628 requie-
1997 558 2051 624 Α
2080 554 2356 610 cornibus
2389 552 2712 626 potestatis.
2747 553 2888 621 Quis
2918 557 3115 611 autem
3175 547 3399 611 nesciat
3451 550 3737 612 semitam

335 643 787 718 scere,nihilque
807 644 877 700 de
899 645 969 700 iis
991 662 1115 718 quae
1147 664 1302 702 nunc
1333 650 1636 702 versantur
1668 645 1724 700 in
1751 645 1964 710 medio,

333 749 610 806 quaerere,
643 735 740 790 sed
777 733 984 791 ultima
1013 735 1368 793 desiderare.
1425 737 1494 792 Et
1551 736 1716 792 fortis
1769 735 1972 790 asinus

2079 643 2477 716 angustiorem
2503 661 2630 700 esse
2652 659 2830 716 quam
2860 643 3009 700 viam
3040 643 3068 700 ?
3093 643 3179 700 Fit
3221 659 3358 717 ergo
3409 643 3532 699 Dan
3583 643 3746 700 colu-

2080 733 2182 787 ber
2211 735 2268 788 in
2293 733 2406 798 via,
2437 733 2575 805 quia
2605 733 2663 788 in
2705 734 3010 805 praesentis
3073 733 3201 788 vitae
3270 732 3589 789 latitudine
3635 748 3742 790 eos

331 825 592 896 requiem
624 830 680 880 et
709 828 922 880 terram
973 827 1256 898 optimam
1305 825 1480 893 videt,
1531 841 1667 882 cum
1723 823 1973 895 simplex
2077 821 2379 878 ambulare
2413 827 2704 894 provocat,
2736 823 2954 894 quibus
2995 822 3164 894 quasi
3224 821 3513 894 parcendo
3573 821 3749 878 blan-

331 912 868 985 gentilitasidcirco
901 931 962 971 se
992 916 1064 970 ad
1114 917 1292 970 robur
1331 914 1467 970 boni
1526 914 1718 986 operis
1779 913 1969 983 erigit.

325 1002 466 1075 quia
493 1003 566 1056 ad
588 1005 812 1058 azterno's
843 1004 971 1058 vita:
1004 1004 1253 1076 patriam
1314 1005 1520 1060 tendit.
1568 1004 1731 1058 Unde
1787 1002 1965 1057 etiam

325 1092 568 1164 apponit
593 1091 906 1148 humerum
939 1110 1113 1149 suum
1147 1095 1217 1148 ad
1251 1094 1625 1164 portandum,
1661 1092 1800 1164 quia
1829 1091 1971 1144 dum

327 1181 398 1236 ad
429 1179 781 1252 promissam
812 1183 1072 1254 requiem
1107 1182 1398 1253 pervenire
1430 1182 1741 1248 desiderat,
1767 1185 1976 1235 cuncta

324 1271 739 1326 mandatorum
762 1287 941 1326 onera
971 1270 1219 1326 libenter
1248 1276 1454 1342 portat.
1491 1271 1651 1326 Unde
1680 1274 1862 1324 iactus
1881 1274 1970 1324 est

323 1359 562 1414 tributis
584 1359 862 1425 serviens,
898 1360 1004 1414 hoc
1053 1366 1160 1428 est,
1220 1361 1447 1416 Christo
1495 1361 1612 1431 regi
1671 1377 1788 1414 suae
1863 1359 1974 1412 lidc

325 1447 478 1504 bona
509 1454 564 1502 et
601 1465 843 1520 operum
899 1449 1182 1503 bonorum
1237 1450 1484 1504 offerens
1539 1466 1803 1504 numera.
1857 1451 1971 1503 Dan

315 1535 587 1607 judicabit
611 1537 876 1608 populum
910 1553 1071 1591 suum
1100 1539 1239 1592 sicut
1269 1539 1395 1592 alite
1445 1540 1622 1592 tribus
1670 1539 1729 1591 in
1786 1536 1972 1590 Israel.

322 1627 443 1681 Fiat
472 1627 592 1680 Dan
621 1627 842 1681 coluber
897 1628 957 1681 in
1010 1629 1124 1693 uia,
1175 1633 1408 1681 cerastes
1449 1628 1508 1680 in
1563 1629 1761 1681 semita
1821 1624 1971 1695 (Gen.

321 1731 472 1787 XLIX,
507 1715 594 1784 Ἰϐ,
631 1715 740 1787 17),
773 1720 830 1770 et
860 1715 1106 1786 reliqua.
1159 1715 1372 1770 Dicunt
1402 1716 1642 1786 quidam
1683 1713 1974 1768 Antichri-

325 1809 486 1860 stum
507 1819 611 1876 per
633 1803 754 1859 haec
785 1803 960 1858 verba
978 1803 1298 1876 pradicide
1328 1804 1442 1858 ista
1475 1804 1627 1858 tribu
1663 1803 1970 1870 iuturum’,

325 1909 430 1966 pro
461 1909 528 1948 eo
561 1893 716 1964 quod
749 1892 860 1948 hoc
892 1892 1014 1948 loco
1046 1893 1169 1948 Dan
1201 1900 1258 1948 et
1315 1892 1552 1948 coluber
1581 1891 1862 1948 asseritur
1920 1895 1975 1946 et

329 1981 691 2050 mordens,et
712 1983 862 2054 quod
899 1981 1048 2036 inter
1068 1983 1256 2037 tribus
1291 1981 1464 2037 Israel
1499 1982 1726 2054 primus
1761 1986 1877 2035 Dan
1904 1981 1972 2034 ad

325 2069 664 2142 aquilonem
697 2075 1146 2126 castrametatus
1177 2075 1284 2137 est,
1307 2070 1470 2126 illum
1502 2071 1838 2142 signiﬁcans
1873 2069 1972 2141 qui

326 2177 390 2216 se
419 2161 478 2216 in
510 2159 792 2216 lateribus
820 2160 1110 2232 aquilonis
1143 2161 1342 2216 sedere
1375 2161 1515 2215 dicit
1545 2161 1727 2232 (Nam.
1764 2177 1824 2214 ιι.
1857 2161 1968 2226 25),

324 2250 478 2306 etde
508 2267 622 2322 quo
655 2250 976 2322 ﬁguraliter
1005 2250 1146 2305 dicit
1177 2251 1456 2322 propheta
1491 2265 1504 2304 :
1564 2252 1598 2306 Α
1637 2253 1756 2304 Dan
1814 2250 1972 2303 auiti-

324 2347 408 2394 tus
427 2343 508 2394 est
533 2339 794 2412 fremitus
823 2355 1091 2409 equorum
1119 2341 1234 2410 ejus
1266 2340 1491 2408 (larem.
1523 2327 1646 2409 vni,
1691 2340 1712 2394 -Ι
1725 2341 1800 2405 6).
1861 2337 1969 2402 Qui

325 2445 440 2484 non
469 2427 662 2483 solum
705 2427 962 2494 coluber,
1023 2431 1124 2482 sed
1181 2427 1358 2483 etiam
1403 2436 1654 2484 cerastes
1709 2434 1966 2482 vocatur.

322 2517 531 2592 Κέρατα
561 2516 716 2572 enim
747 2517 940 2573 Graece
969 2533 1175 2572 cornua
1199 2517 1497 2572 dicuntur.
1531 2518 1782 2590 Serpens
1832 2534 1968 2589 ergo

321 2607 419 2663 ille
447 2610 732 2663 cornutus
761 2623 890 2662 esse
919 2595 1279 2678 perhibetur,
1313 2624 1413 2678 per
1439 2624 1614 2678 quem
1646 2606 1819 2679 digne
1851 2612 1967 2660 An-

327 2696 637 2752 tichristus
655 2695 1104 2767 asseritur,quia
1124 2701 1329 2751 contra
1350 2696 1526 2750 vitam
1554 2695 1812 2751 ﬁdelium
1833 2712 1966 2750 eum

323 2802 525 2842 morsu
580 2785 864 2856 pestifera:
922 2784 1348 2856 prmdicationis
1406 2785 1734 2840 armabitur
1789 2785 1964 2841 etiam

397 2946 410 2979 ³
440 2945 522 2999 Ex
547 2945 843 3018 Gregorio,
872 2945 971 3018 lib.
1011 2947 1034 3000 1
1069 2946 1266 3000 Moral.
1301 2963 1350 3018 c.
1377 2947 1432 2999 6.

394 3019 415 3090 ’l
447 3019 525 3071 Ex
557 3016 852 3090 Gregorio,
877 3016 978 3072 lib.
1013 3035 1141 3090 xxxi
1166 3017 1366 3073 Moral.
1391 3035 1440 3072 c.
1483 3017 1562 3072 l0.

393 3089 414 3123 ³
460 3091 523 3144 In
554 3093 722 3146 Corb.
760 3107 870 3144 ms.
904 3089 989 3145 sic
1021 3089 1237 3145 desinit
1273 3105 1284 3144 :
1321 3089 1581 3145 Asccnsor
1607 3093 1704 3162 qui
1733 3094 1830 3157 est,

2080 911 2276 966 ditur:
2311 913 2413 968 sed
2465 913 2524 966 in
2555 914 2648 968 via
2679 913 2924 979 mordet,
2959 915 3098 982 quia
3125 927 3224 967 eos
3255 911 3476 982 quibus
3496 910 3736 967 liberta-

2080 1003 2199 1054 tem
2231 999 2452 1071 tribuit,
2487 1001 2700 1056 erroris
2733 1000 2824 1056 sui
2859 1017 3099 1056 venemo
3149 999 3462 1056 consumit.
3507 1000 3595 1056 Fit
3644 1017 3734 1056 ce-

2078 1093 2265 1145 rastes
2296 1089 2353 1144 in
2385 1089 2594 1144 semita
2628 1107 2640 1157 ;
2675 1091 2816 1161 quia
2846 1107 2992 1160 quos
3015 1089 3216 1145 ﬁdeles
3249 1087 3481 1160 reperit,
3515 1093 3574 1144 et
3594 1105 3724 1146 sese

2085 1179 2236 1234 inter
2263 1183 2515 1250 augusta
2562 1179 2829 1250 praecepti
2891 1177 3144 1234 scelestis
3195 1178 3406 1234 itinera
3446 1177 3738 1233 constrin-

2083 1273 2307 1339 gentes,
2347 1267 2670 1323 DOHSOl‘JlIl
2733 1267 2992 1338 nequitia
3050 1267 3276 1322 callidae
3334 1266 3730 1339 persuasionis

2083 1357 2332 1428 impetit,
2365 1357 2461 1411 sed
2497 1357 2670 1411 etiam
2701 1361 2918 1411 terrore
2953 1356 3256 1428 potestatis
3288 1355 3526 1427 premit,
3559 1359 3617 1410 et
3671 1355 3736 1410 in

2087 1446 2509 1516 persecutionis
2534 1445 2835 1517 languore,
2869 1451 2999 1518 post
3029 1445 3310 1501 beneﬁcia
3339 1445 3482 1500 ﬁctas
3531 1443 3738 1500 dulce-

2085 1535 2239 1590 dinis
2270 1541 2496 1591 exercet
2527 1551 2745 1590 cornua
2776 1535 3100 1606 potestatis.
3139 1535 3335 1606 Equus
3381 1534 3509 1603 iste,
3559 1535 3732 1604 cujus

2087 1623 2336 1694 ungulas
2359 1630 2609 1678 cerastes”
2631 1625 2894 1678 mordere
2917 1623 3317 1693 dicitur,hunc
3340 1623 3629 1678 mundum
3651 1623 3737 1678 in-

2085 1711 2302 1782 sinuat,
2333 1713 2434 1782 qui
2468 1730 2568 1784 per
2597 1711 2906 1768 elationem
2959 1730 3128 1768 suam
3195 1712 3255 1766 in
3306 1728 3480 1766 cursu
3537 1711 3738 1767 laben-

2085 1800 2234 1856 tium
2269 1807 2603 1873 temporum
2622 1808 2879 1872 spumat.
2917 1807 2984 1856 ει
3013 1801 3151 1873 quia
3177 1797 3573 1856 Antichristus
3629 1815 3733 1856 ex-

2083 1895 2271 1946 trema
2297 1891 2500 1945 mundi
2535 1890 2713 1962 hujus
2743 1889 3182 1962 apprehendere
3213 1889 3437 1960 nititur,
3483 1895 3734 1945 cerastes

2089 1979 2200 2035 iste
2237 1979 2371 2052 equi
2422 1979 2675 2051 ungulas
2734 1979 3000 2034 mordere
3039 1978 3399 2051 perhibetur.
3480 1977 3739 2050 Ungulas

2089 2070 2306 2141 quippe
2335 2069 2466 2140 equi
2503 2069 2788 2136 mordere,
2822 2073 2912 2124 est
2941 2075 3201 2124 extrema
3231 2065 3428 2124 seaculi
3481 2065 3736 2124 feriendo

2086 2159 2441 2229 contingere.
2507 2159 2568 2214 Ut
2615 2159 2776 2213 cadat
2831 2159 3134 2212 ascensor3
3189 2158 3304 2229 ejus
3352 2165 3496 2213 retro
3568 2157 3728 2228 (Ibid.

2084 2250 2193 2320 17),
2228 2247 2398 2303 Plebs
2430 2247 2930 2311 intidelisJudaea,
2958 2246 3172 2302 erroris
3203 2245 3296 2302 sui
3353 2245 3578 2317 laqueis
3629 2262 3732 2302 ca-

2083 2343 2310 2408 pta,pro
2337 2337 2564 2393 Christo
2580 2336 3005 2390 Antichristum
3030 2339 3342 2408 exspectat.
3369 2334 3520 2390 Bene
3541 2334 3720 2391 Jacob

2081 2427 2285 2482 eodem
2315 2426 2438 2482 loco
2463 2432 2696 2497 repente
2729 2426 2784 2480 in
2817 2424 3134 2480 electorum
3159 2440 3357 2480 vocem
3409 2440 3722 2480 conversus

2080 2520 2169 2571 est
2234 2515 2454 2581 dicens,
2515 2514 2769 2570 Salutare
2821 2518 2977 2568 tuum
3050 2513 3385 2586 exspectabo,
3450 2515 3722 2568 Domine:

2079 2605 2266 2675 idest,
2301 2622 2414 2660 non
2456 2603 2892 2659 sicutinﬁdeles
2936 2601 3377 2669 Antichristum,
3429 2601 3528 2657 sed
3584 2617 3718 2658 eum

2079 2694 2178 2768 qui
2211 2695 2268 2750 in
2287 2694 2747 2765 redemptionem
2771 2697 3030 2748 nostram
3065 2696 3345 2748 venturus
3375 2695 3484 2762 est,
3517 2707 3717 2746 verum

2079 2785 2250 2840 credo
2278 2783 2526 2840 ﬁdeliter
2553 2782 2873 2839 Christum.
2907 2784 3109 2838 Amen.
3195 2827 3197 2830 .

2075 2947 2320 3018 quisquis
2352 2946 2742 3016 iniquitatibus
2798 2945 2958 3015 hujus
3006 2942 3199 2998 mundi
3250 2943 3560 3011 extollitur,
3618 2940 3714 3010 qui

2077 3025 2224 3074 retro
2254 3034 2450 3073 canere
2469 3018 2692 3072 dicitur.

321 3267 3731 3293 Μ

637 3458 804 3554 DE
874 3388 2018 3579 BENEDICTIONIBUS
2083 3460 2474 3554 JACOB
2545 3455 3409 3552 PATRIARCHPE.

1644 3688 1879 3748 ALIUD
1926 3687 2349 3747 EXEMPLAR
2374 3687 2415 3744 ¹.

386 4049 770 4105 Sacrosaneta
800 4051 976 4119 atque
1009 4063 1263 4119 praesaga
1310 4049 1647 4102 sanctorum
1701 4044 1958 4100 Patriar-
1993 4045 2034 4112 ε
2073 4043 2248 4100 ﬁnem
2275 4047 2502 4098 servata
2531 4044 2688 4096 sunt.
2721 4040 2856 4104 Quae
2909 4053 3046 4110 ergo
3106 4038 3290 4109 [antea
3347 4033 3466 4107 ego]
3525 4031 3708 4090 histo-

317 4137 560 4194 charum
608 4136 954 4205 benedictio,
1017 4153 1144 4208 qua:
1199 4153 1300 4207 per
1354 4135 1634 4207 Spiritum
1694 4137 1961 4190 sanctum

316 4232 492 4298 atque
521 4242 585 4282 os
613 4225 763 4282 beati
785 4225 964 4281 Jacob
997 4223 1248 4297 singulis
1278 4229 1366 4280 est
1387 4225 1738 4296 competenti
1778 4223 1963 4296 quali-

315 4321 434 4372 tate
492 4313 827 4385 distributa,
889 4331 994 4370 nec
1047 4330 1148 4386 per
1203 4314 1401 4370 omnia
1459 4331 1632 4368 sensu
1675 4311 1960 4368 litterario

316 4403 786 4478 potestintelligi,
820 4403 1075 4459 maxime
1106 4420 1238 4459 cum
1295 4403 1449 4458 idem
1512 4403 1716 4458 beatus
1777 4401 1960 4457 Patri-

315 4495 493 4551 arcba
519 4495 696 4564 dicat,
729 4496 792 4552 Ut
817 4495 1136 4549 annuntiem
1167 4494 1314 4549 vobis
1369 4509 1488 4564 quae
1546 4497 1772 4548 uentura
1835 4499 1966 4547 sunt

316 4586 378 4641 in
405 4585 716 4640 novissimis
743 4583 932 4639 diebus
962 4586 1116 4654 (Gen.
1177 4600 1328 4644 xux,
1377 4583 1450 4652 1),
1512 4598 1616 4638 nec
1676 4582 1757 4637 ita
1810 4588 1964 4637 exte-

316 4674 554 4731 nuanda
596 4690 700 4746 per
754 4688 996 4729 sensum
1053 4671 1452 4744 allegoricum,
1505 4676 1569 4726 ut
1620 4671 1962 4726 omnimodo

314 4763 463 4837 [ϐοά.
496 4761 1042 4832 omninojevacuari
1075 4763 1282 4818 debeat
1337 4777 1548 4818 sensus
1606 4759 1960 4816 historicus:

315 4853 456 4926 quia
474 4857 532 4908 et
559 4851 853 4925 quaedam,
885 4849 969 4906 uti
1000 4855 1132 4923 post
1163 4851 1513 4920 videbimus,
1544 4849 1627 4906 sic
1669 4849 1821 4922 (Cod.
1855 4849 1956 4919 ita]

315 4942 401 4998 eis
424 4941 699 5016 praedicta
720 4945 877 5008 sunt,
913 4944 975 4994 ut
1005 4941 1065 4994 in
1089 4938 1350 5012 proximo
1399 4940 1666 5012 quaedam
1697 4940 1738 5006 ²,
1801 4955 1960 5010 quae-

313 5030 450 5088 dam
482 5031 669 5087 multo
701 5033 834 5102 post
864 5028 1162 5084 venerint:
1201 5033 1397 5085 tamen
1427 5028 1596 5101 plura
1633 5045 1700 5084 ex
1730 5027 1848 5083 illis
1905 5026 1966 5081 in

391 5216 406 5249 ¹
443 5213 530 5266 Ad
563 5227 708 5266 mss.
753 5209 878 5264 cod.
913 5208 1280 5265 Bibliotheca:
1333 5209 1391 5264 S.
1446 5207 1780 5274 Salvatoris,
1839 5222 1967 5278 quae

320 5283 594 5341 Bononia:
623 5286 730 5348 est,
761 5283 1156 5353 fragmentum
1181 5281 1288 5335 hoc
1322 5279 1744 5347 recensuimus,
1779 5295 1968 5353 neque

321 5357 477 5434 enim
512 5354 764 5434 instituti
799 5349 978 5434 nostri
1014 5357 1340 5434 est,__totum
1375 5353 1726 5434 opusculum
1757 5349 1969 5434 exseri-

2075 4132 2296 4188 rialiter
2326 4131 2384 4187 in
2414 4130 2558 4203 ipsis
2587 4130 2778 4186 verbis
2807 4126 3132 4200 intelligere
3199 4140 3539 4199 possumus,
3602 4121 3720 4196 pri-

2077 4239 2237 4278 mum
2262 4222 2431 4293 quasi
2466 4221 2848 4276 fundamenta
2871 4215 3425 4290 jaciendo,donante
3456 4212 3721 4269 Domino.

2075 4311 2327 4368 strictim
2357 4311 2684 4383 pendamus
2717 4327 2728 4363 :
2763 4323 2890 4379 quis
2917 4311 3117 4362 autem
3159 4303 3514 4360 omnimodis
3571 4300 3723 4356 litte-

2075 4418 2201 4458 ram
2230 4399 2528 4472 refugiunt
2555 4399 2596 4464 ³,
2630 4415 2717 4467 ea,
2743 4413 2846 4468 per
2877 4395 3242 4468 spiritualem
3277 4391 3724 4464 intelligentiam

2075 4491 2228 4548 sicut
2246 4495 2304 4547 et
2333 4487 2580 4561 spiritali
2620 4494 2762 4543 sunt
2824 4485 3124 4541 intellectu
3167 4481 3478 4556 carpenda,
3528 4480 3723 4537 discu-

2082 4581 2323 4636 tiamus.

2708 4665 2798 4720 DE
2832 4663 2928 4721 RU
2937 4663 3098 4720 BEN.

2151 4759 2338 4815 Ruben
2365 4758 2765 4830 primogenitus
2813 4771 2987 4823 meus,
3049 4757 3106 4808 tu
3161 4750 3426 4825 fortitudo
3481 4765 3625 4817 mea,
3679 4756 3730 4805 et

2071 4850 2422 4922 principium
2449 4847 2652 4904 doloris
2679 4847 2789 4901 mei
2819 4863 2836 4900 :
2865 4845 3023 4916 prior
3053 4845 3110 4898 in
3141 4841 3319 4912 donis,
3352 4839 3530 4911 major
3557 4839 3725 4910 impe-

2075 4939 2164 4993 rio
2193 4936 2350 5008 (Ibid.
2399 4939 2474 5004 3),
2535 4935 2737 4990 Patet‘
2786 4933 2992 4988 litterae
3039 4947 3280 4993 sensus,
3331 4927 3470 5000 quia
3527 4927 3728 4984 beatus

2075 5027 2252 5083 Jacob
2279 5025 2538 5100 primum
2561 5023 2746 5080 ﬁlium
2774 5023 2978 5079 Ruben
3001 5037 3071 5078 ex
3103 5021 3199 5076 Lia
3229 5033 3406 5075 uxore
3459 5033 3570 5074 sua
3597 5032 3726 5072 sus-

2147 5208 2169 5241 ²
2201 5205 2390 5262 Verba
2413 5207 2476 5260 in.
2494 5206 2750 5274 proximo
2781 5201 3053 5274 quadam,
3081 5217 3210 5274 quae
3240 5198 3507 5268 ejusdem
3539 5211 3731 5274 recur;

2079 5295 2150 5334 su
2171 5279 2328 5334 vocis
2354 5267 2706 5345 exciderant,
2738 5267 2922 5330 e"ms.
2975 5267 3338 5345 suﬁecimus.
3382 5273 3511 5326 Mox
3566 5267 3730 5324 addit

2080 5350 2235 5405 idem
2267 5366 2410 5405 mss.
2443 5347 2663 5423 futura,
2693 5344 2964 5401 videlicet
2985 5347 3044 5400 in
3075 5344 3244 5414 ﬁnem
3271 5346 3469 5414 futura
3514 5347 3730 5396 servata
3767 5402 3770 5406 ,

321 5431 476 5487 bere.
511 5423 668 5497 quod
699 5441 886 5495 nuper
915 5424 987 5497 cl.
1026 5427 1080 5480 P.
1115 5423 1514 5497 Mingarellius
1545 5423 1968 5482 Anecdot..tom.
2006 5434 2051 5497 ι)
2084 5425 2238 5497 sunt.

331 5518 368 5554 ιι
393 5496 652 5572 perlecit.
678 5497 835 5572 Quin
867 5496 1042 5572 etiam
1075 5495 1367 5568 quidquid
1416 5497 1523 5552 hoc
1554 5503 1642 5552 est
1663 5513 1850 5572 operae
1881 5511 1973 5572 se-

324 5565 536 5627 cu'ndis
567 5565 724 5621 curis
747 5565 1167 5624 reservavimus
1202 5565 1386 5636 {nam
1417 5585 1551 5624 cum
1582 5586 1615 5624 a
1663 5565 1736 5622 cl.
1797 5583 1846 5621 ν.
1909 5566 1971 5620 Ρ.

321 5643 426 5699 Ab.
453 5637 807 5695 Trombellio
841 5639 1091 5692 missum
1125 5641 1192 5692 ad
1230 5656 1336 5694 nos
1365 5645 1452 5695 est
1483 5641 1609 5710 ejus
1634 5657 1724 5694 ms
1775 5653 1974 5694 exem—

323 5715 469 5788 plar.
514 5713 751 5788 peracta
769 5712 898 5780 jam
927 5710 1182 5766 editione
1231 5711 1424 5782 priore
1473 5713 1574 5768 illa
1622 5719 1846 5780 nostra,
1909 5726 1974 5766 eo

323 5779 412 5844 uti
446 5779 564 5840 non
589 5779 780 5837 licuit.

2153 5495 2174 5525 ³
2207 5492 2502 5563 Legimus,
2527 5508 2651 5564 quae
2679 5499 2871 5546 autem
2892 5487 3218 5564 omnimodis
3277 5487 3522 5564 litteram
3549 5484 3729 5564 ,νεία-

2083 5565 2240 5636 giunt
2283 5558 2347 5619 Ea
2365 5582 2480 5634 per,
2525 5558 2632 5620 etc.
2667 5579 2696 5618 e
2719 5579 2832 5618 ms.
2866 5560 3020 5629 cod.,
3051 5577 3186 5615 cum
3212 5563 3384 5614 antea
3413 5558 3568 5613 esset
3612 5569 3731 5626 qua:

2085 5641 2270 5710 (tatem
2302 5637 2489 5690 littera
2519 5636 2826 5706 refugiunt.
2859 5638 2969 5687 etc-
3054 5707 3060 5710 _
3123 5703 3142 5710 ,
3202 5705 3261 5710 ν,
3345 5702 3367 5710 ,
3464 5700 3474 5710 .
3640 5697 3651 5708 .

2155 5708 2177 5742 ⁵
2206 5710 2502 5764 Contraria
2534 5702 2712 5765 sensu
2745 5710 2918 5764 antea
2948 5707 3072 5761 erat
3111 5703 3284 5761 Latet.
3345 5702 3586 5758 Leviora
3637 5702 3732 5754 in-

2085 5780 2175 5838 fra
2206 5778 2616 5838 emendamus.
