3970 6392
237 357 253 404 1
276 341 389 405 377

1357 343 1456 405 DE
1503 345 2213 406 BENEDICTIONIBUS
2258 344 2518 406 JACOB.

3487 349 3640 412 1378

231 479 472 551 ceperit,
506 479 604 551 qui
641 478 687 534 si
723 496 782 534 se
814 479 988 550 digne
1039 483 1194 534 tanto
1221 488 1380 552 patre
1441 487 1763 545 ll‘thltlrStit,
1805 481 1873 534 ad
1908 483 1960 546 Α
1993 485 2076 532 las
2110 481 2274 534 Israel
2309 482 2554 546 Domino,
2583 480 2847 549 primitiae
2875 480 3102 549 frugum
3132 483 3250 550 ejus
3273 482 3402 551 (Jer.
3433 501 3493 554 ιι,
3544 489 3638 554 3):

231 586 368 623 cum
405 569 794 640 primogenita
827 586 1188 641 regnumque
1209 570 1538 641 pertineret.
1563 570 1721 623 Unde
1746 568 1887 621 dicit

233 658 346 712 sibi
378 675 510 711 eum
545 658 1024 729 primogenitum,
1057 659 1221 728 quasi
1251 658 1339 711 cui
1366 659 1714 711 deberentur
1735 658 1885 710 dona

236 747 664 819 primogenita:
706 748 802 801 sed
839 752 894 800 et
945 747 1337 801 fortitudinem
1387 765 1551 801 suam
1612 763 1744 799 eum
1780 764 1883 798 no-

236 836 444 903 minat,
495 853 560 890 eo
610 838 763 906 quod
818 837 993 890 robur
1045 836 1272 906 imperii
1326 838 1394 889 ad
1439 852 1568 889 eum
1621 835 1888 888 debuerit.

235 925 548 980 declinare.
586 926 711 979 Hrec
743 930 936 979 autem
982 943 1091 979 non
1127 925 1252 978 ideo
1283 925 1592 977 indicative
1628 924 1884 994 protulit,

238 1016 395 1087 quod
429 1015 509 1069 ita
541 1016 736 1068 futura
765 1032 892 1069 esse
927 1018 1026 1067 aut
1059 1013 1400 1084 prteviderit,
1462 1013 1545 1066 vel
1608 1012 1884 1076 voluerit;

240 1106 342 1160 scd
379 1109 440 1159 ut
472 1122 605 1159 eum
645 1121 746 1176 per
777 1103 894 1157 haec
927 1103 1080 1157 dicta
1113 1105 1208 1171 ad,
1244 1103 1645 1173 poenitentia!”
1691 1102 1889 1155 cohor-

241 1199 486 1260 taretur,
522 1211 652 1248 cum
673 1194 967 1259 recoleret,
995 1212 1024 1246 a
1050 1197 1267 1263 quanta
1290 1192 1574 1262 dignitate
1600 1191 1887 1262 peccando

240 1283 576 1338 decidisset.
627 1282 790 1336 Unde
838 1282 995 1345 dicit,
1047 1287 1092 1335 el
1149 1283 1488 1352 principium
1539 1281 1738 1334 doloris
1784 1282 1892 1332 mei

239 1371 427 1442 (Ibid)
459 1389 470 1435 ;
509 1371 864 1442 principium
907 1387 1158 1441 namque
1192 1370 1408 1422 doloris
1433 1369 1587 1422 illius
1631 1369 1755 1433 fuit,
1792 1367 1888 1437 qui

243 1460 432 1532 ruptis
464 1459 821 1514 castimonia)
857 1458 1122 1524 habenis,
1148 1458 1390 1513 infrenis
1425 1459 1592 1512 irruit
1627 1459 1728 1512 'ad
1764 1474 1892 1510 con-

241 1551 628 1620 stuprandam
654 1549 964 1618 conjugem
996 1548 1200 1618 patris,
1221 1564 1348 1617 quae
1370 1565 1458 1601 res
1480 1564 1590 1599 non
1618 1545 1891 1600 mediocri

241 1638 442 1693 dolore
475 1655 609 1692 eum
635 1637 973 1692 stimulasse
997 1638 1288 1690 credenda
1319 1643 1424 1690 est.
1491 1637 1637 1690 liene
1699 1641 1894 1690 autem

240 1729 456 1785 dicitur
488 1726 834 1799 principium
870 1725 1086 1780 doloris
1114 1727 1238 1792 iste,
1275 1727 1412 1796 quia
1442 1731 1498 1780 et
1531 1724 1735 1795 reliqui
1782 1724 1895 1777 fra-

241 1825 361 1874 tres
392 1816 648 1873 accnsati
683 1821 820 1870 sunt
843 1832 875 1870 a
909 1816 1076 1870 beato
1109 1815 1325 1885 Josepb
1360 1815 1512 1886 apud
1542 1818 1761 1883 patrem
1786 1812 1895 1866 cri-

245 1907 402 1963 mine
427 1906 701 1978 pessimo.
727 1904 886 1967 Quod
917 1907 1108 1958 antem
1132 1903 1230 1970 ait,
1255 1906 1411 1974 prior
1429 1905 1486 1958 in
1503 1902 1887 1972 tioui.s'(lln'(l.),

244 1997 316 2051 ad
351 1992 737 2067 primogenita
769 1991 1262 2064 pertinetquteilli
1297 1996 1573 2062 tanquam
1601 1990 1889 2062 primoge-

245 2085 368 2140 nito
393 2083 792 2140 debebantur:
828 2081 984 2152 quod
1016 2097 1147 2135 vero
1188 2080 1512 2150 subjungit,
1546 2081 1720 2149 major
1789 2079 1890 2132 im-

238 2176 393 2247 perio
425 2172 633 2244 (Ibid),
666 2175 862 2243 aperte
891 2169 1222 2224 declaratur
1254 2170 1323 2224 ad
1358 2185 1490 2224 eum
1516 2167 1889 2239 pertinuisse,

245 2269 311 2320 ut
341 2264 413 2318 de
442 2263 570 2332 ejus
591 2261 814 2317 semine
847 2276 1010 2330 reges
1069 2259 1430 2329 reliquorum
1461 2260 1709 2312 fratrum
1735 2273 1893 2310 crea-

245 2356 468 2408 rentur.
503 2350 663 2415 Quod
685 2366 813 2404 vero
845 2349 945 2414 ait,
969 2349 1170 2418 e/I'usus
1201 2364 1255 2402 es
1284 2349 1426 2403 sicut
1457 2365 1598 2417 aqua
1629 2346 1786 2414 (Ibid.
1814 2346 1890 2410 lt).

246 2442 404 2497 hunc
444 2439 917 2495 habetsensum:
972 2439 1134 2492 Sicut
1191 2455 1343 2508 aqua
1405 2455 1530 2508 quin
1591 2453 1723 2490 vase
1782 2451 1894 2488 non

247 2531 575 2595 cohibetur,
627 2543 1096 2600 quaquaversum
1167 2527 1314 2593 fluit,
1373 2534 1429 2581 et
1478 2525 1575 2581 ubi
1626 2524 1898 2580 declivior

248 2619 416 2675 locus
446 2616 814 2672 humiliorem
848 2634 909 2671 se
943 2615 1269 2687 praebuerit,
1307 2619 1422 2669 toto
1465 2615 1685 2685 impetu
1744 2612 1895 2667 deci-

251 2710 374 2764 dit:
411 2709 487 2762 ita
517 2712 578 2762 tu
613 2706 774 2760 nulla
807 2723 1082 2760 mensura
1113 2704 1402 2775 coniugali
1438 2705 1738 2758 libidinem
1803 2719 1894 2756 co-

249 2797 513 2854 hibusti:
567 2797 666 2851 sed
714 2813 828 2866 quo
880 2800 931 2849 te
1013 2795 1266 2865 impetus
1314 2794 1629 2865 voluptatis
1706 2792 1898 2846 allexit

251 2889 362 2961 [Αἱ.
398 2887 763 2955 allexerunt],
798 2901 862 2938 eo
913 2884 1200 2939 sentinam
1261 2889 1374 2937 tua!
1415 2881 1898 2953 concupiscentia:

253 2976 563 3033 dilfudisti.
598 2976 742 3030 Cum
773 2991 906 3028 vero
930 2975 1256 3042 subjungit,
1301 2991 1407 3026 non
1442 2989 1647 3026 ereseas
1681 2972 1897 3042 (Ibid),

253 3066 523 3138 prohibet
553 3081 686 3119 eum
717 3062 960 3118 ulterius
993 3080 1024 3116 a
1057 3062 1156 3116 tali
1190 3067 1245 3116 et
1276 3061 1456 3117 simili
1511 3060 1895 3132 turpitudine.

259 3156 422 3211 Unde
453 3160 510 3210 et
540 3153 824 3209 Dominus
858 3152 927 3206 ad
963 3151 1098 3206 Cain
1133 3150 1279 3215 [Cod
1315 3156 1468 3216 eum]
1528 3151 1769 3204 I’eecasti
1816 3158 1894 3217 tu,

1998 569 2092 639 qui
2131 569 2407 623 fortitudo
2441 567 2598 622 illius
2633 568 2758 626 fuit.
2795 569 3026 637 quando
3086 570 3270 638 (Forte
3319 575 3642 647 quondam)

2001 659 2053 710 in
2090 657 2437 728 patriarehis
2471 664 2525 710 et.
2557 657 2856 728 prophetis
2910 662 2964 710 et
3026 658 3246 714 caneris
3305 661 3641 734 quibusque

1999 746 2330 798 fortissimis
2379 746 2518 801 viris
2550 751 2752 801 contra
2801 745 3189 800 idololatriam
3242 754 3297 803 et
3367 751 3638 807 vitiorum

1997 836 2257 889 omnium
2301 836 2591 906 impuram
2614 842 2898 888 catervam
2936 837 3156 890 fortiter
3186 838 3506 906 dimicavit,
3540 844 3638 913 qui

1999 932 2190 978 tamen
2215 926 2565 994 principium
2591 925 2806 979 doloris
2827 926 2954 993 ejus
2983 927 3294 995 przecxistit
3315 929 3356 992 3,
3406 933 3643 1000 quando

1999 1014 2338 1068 adveniente
2371 1013 2664 1068 Salvatore
2701 1015 2752 1068 in
2799 1014 3201 1070 ineretlulitate
3259 1033 3633 1088 permanens,

1999 1103 2321 1157 doctrinam
2359 1103 2512 1156 illius
2547 1103 2840 1174 sustizipcre
2866 1109 3056 1158 mente
3084 1105 3308 1160 tumida
3330 1111 3639 1165 recusavit.

2001 1192 2158 1246 Unde
2195 1193 2683 1246 [)ominusvidens
2717 1192 3002 1246 civitatem
3043 1193 3389 1262 Jerusalem,
3416 1198 3644 1254 flevisse

2002 1281 2256 1333 dicitur:
2318 1286 2371 1334 et
2431 1281 2482 1334 in
2544 1281 2740 1334 Lazari
2837 1281 3280 1338 resuscitatione
3348 1302 3448 1356 pro
3513 1289 3641 1355 ejus

2004 1370 2197 1440 populi
2224 1371 2476 1422 caecitate
2511 1369 2861 1439 laer‘vmatus
2896 1387 3021 1424 esse
3082 1372 3442 1441 perhibetur.
3494 1378 3639 1430 Cum

2005 1466 2193 1511 autem
2229 1460 2459 1523 dicitur,
2501 1462 2653 1528 prior
2687 1461 2740 1511 in
2775 1459 2968 1512 dmiis:
3016 1461 3347 1516 ostenditur
3402 1463 3641 1533 quidem

2008 1549 2369 1618 praurcssisse
2428 1549 2696 1600 euindem
2759 1548 3038 1618 populum
3091 1551 3493 1606 muneribusa
3528 1553 3643 1608 Deo

2006 1636 2256 1698 Collatis,
2319 1637 2763 1689 subsecuturam
2818 1653 2948 1690 vero
2997 1639 3259 1706 gentium
3301 1640 3642 1708 Ecclesiam,

2008 1744 2133 1795 quae
2197 1726 2416 1780 eisdem
2460 1732 2517 1777 at
2578 1724 2756 1778 multo
2806 1725 3128 1795 potioribus
3186 1732 3342 1782 esset
3370 1730 3645 1786 donanda

2008 1814 2482 1868 charismatibus.
2519 1817 2660 1866 Cum
2683 1830 2812 1866 vero
2836 1815 3160 1885 subjungit,
3194 1818 3368 1888 major
3389 1818 3645 1888 imperio,

2006 1920 2116 1956 non
2157 1903 2370 1956 mirum
2416 1903 2462 1956 si
2497 1901 2814 1956 honoretur
2845 1903 3044 1957 eadem
3079 1921 3243 1975 gens,
3289 1923 3415 1978 quae
3460 1908 3652 1979 prima

2001 1991 2252 2046 credidit
2275 1991 2771 2062 prairogativaptl.
2792 1993 3111 2063 progativo)
3132 1999 3392 2064 patrum:
3415 1998 3649 2067 quando

2006 2081 2212 2135 beatus
2227 2080 2526 2150 apostolus
2545 2079 2760 2135 Paulus
2773 2080 3025 2135 multum
3041 2099 3143 2153 per
3159 2099 3390 2140 omnem
3407 2087 3648 2142 modum

2003 2169 2259 2240 amplius
2285 2186 2414 2223 esse
2444 2169 2646 2224 Judzeo
2697 2170 2870 2223 dicat.
2927 2171 3100 2224 Addit
3149 2171 3391 2239 interea,
3437 2175 3649 2248 effusus

1999 2276 2052 2312 es
2097 2261 2236 2312 sicut
2281 2275 2442 2328 aqua,
2504 2259 2941 2312 etfrenationem
3001 2259 3158 2314 illius
3204 2261 3400 2332 populi
3457 2269 3652 2320 mente

2005 2347 2405 2410 considerans,
2440 2347 2537 2416 qui
2573 2363 2940 2416 nequaquam
2974 2365 3106 2402 vase
3137 2347 3282 2420 legis
3313 2367 3378 2404 ac
3435 2369 3649 2423 praece-

2005 2443 2238 2508 ptorum
2274 2435 2603 2490 divinorum
2667 2436 2949 2490 coercitus
3008 2442 3096 2491 est
3147 2455 3421 2494 mensura
3453 2441 3492 2506 ‘,
3545 2443 3646 2497 sed

2007 2525 2246 2594 abjectis
2302 2524 2564 2580 omnium
2626 2530 3041 2595 praeceptorum
3113 2527 3209 2581 Dei
3262 2529 3532 2594 vinculis,
3590 2532 3648 2586 in

2004 2614 2320 2669 Salvatoris
2353 2631 2550 2669 necem
2585 2619 2702 2668 toto
2737 2619 2945 2668 conatu
2978 2614 3289 2671 locutionis
3323 2635 3444 2674 suae
3494 2621 3649 2676 rivos

2006 2705 2225 2759 etl‘udit.
2292 2704 2430 2757 Nam
2469 2705 2623 2773 quod
2674 2721 2773 2774 per
2818 2721 3028 2775 aquam
3080 2705 3293 2761 locutio
3354 2709 3507 2764 bona
3560 2710 3648 2765 vel

2009 2795 2160 2848 mala
2201 2795 2583 2863 signiﬁcetur,
2617 2794 2915 2864 Scriptura
2954 2794 3119 2849 testis
3150 2800 3239 2849 est
3268 2797 3483 2865 divina,
3519 2817 3645 2870 qum

2018 2885 2072 2937 in
2115 2885 2265 2937 bono
2315 2884 2491 2937 dicit:
2557 2884 2705 2953 .llqua
2747 2884 3026 2953 profunda.
3079 2887 3235 2939 verba
3275 2902 3343 2940 ex
3388 2903 3480 2943 ore
3536 2891 3647 2943 viri

2008 2975 2184 3043 (Prov.
2251 2990 2408 3035 xviii,
2471 2973 2544 3040 4),
2604 2971 2863 3042 itemque
2921 2973 2978 3026 in
3026 2974 3200 3028 malo.
3263 2976 3369 3042 Qui
3418 2977 3650 3032 dimittit

2005 3079 2206 3131 aquam
2232 3065 2395 3132 caput
2423 3065 2500 3114 est
2521 3063 2865 3130 jurgiorum.
2917 3063 3075 3125 Quod
3132 3079 3263 3118 vero
3322 3065 3648 3137 subjungit,

2007 3155 2125 3205 Non
2153 3167 2380 3212 erescas,
2414 3151 2668 3204 ostendit
2716 3150 2985 3204 eumdem
3027 3151 3329 3221 populum,
3389 3153 3543 3208 sicut
3594 3161 3651 3211 et

251 3247 462 3318 quiesce
492 3243 644 3311 (Gen.
683 3244 834 3310 1v.7,
868 3258 972 3295 sec.
1008 3241 1169 3311 L.\'.\').
1204 3242 1325 3305 Quo
1358 3245 1549 3294 autem
1602 3239 1715 3292 ista
1774 3242 1896 3291 ten-
1930 3244 1970 3309 ρ
2011 3239 2195 3295 oculis
2227 3237 2544 3305 cernimus,
2581 3239 2728 3293 inter
2759 3243 2998 3294 cunctas
3031 3244 3231 3309 gentes
3291 3242 3649 3311 paucissimo

252 3335 416 3400 dant,
451 3333 765 3404 subjuncta
785 3331 960 3385 verba
992 3334 1312 3384 testantur:
1344 3331 1473 3400 quia
1505 3327 1900 3382 aseendistieu-

253 3425 360 3480 bile
388 3425 564 3494 patris
593 3423 696 3490 tui,
732 3429 780 3475 et
812 3420 1108 3474 niaeulasti
1135 3421 1371 3473 stratam
1398 3419 1513 3488 ejus
1545 3417 1695 3487 (Gen.
1749 3433 1898 3475 xux.

255 3516 330 3581 ὁ).
363 3511 667 3568 Manifesta
696 3510 850 3565 enim
886 3509 977 3563 his
999 3507 1189 3563 verbis
1233 3507 1438 3561 incesti
1473 3506 1712 3572 crimen,
1744 3504 1897 3576 quod

252 3602 352 3658 ille
384 3603 439 3656 in
481 3599 678 3656 Balam
711 3598 1098 3653 concubinam
1136 3597 1317 3668 patris
1362 3596 1454 3651 sui
1503 3595 1896 3657 commiserat,

251 3695 674 3763 exaggeratur:
710 3689 865 3758 quod
892 3704 960 3741 ne
985 3687 1076 3740 cui
1132 3688 1322 3740 forsan
1373 3685 1682 3739 violentem
1715 3683 1903 3738 videa-

255 3786 351 3837 tur
375 3798 440 3836 eo
459 3779 612 3851 quod
639 3778 908 3850 superius
941 3776 1310 3849 praemissum
1362 3779 1451 3830 est
1498 3775 1603 3844 [ΑΙ.
1641 3773 1900 3846 praemis-

255 3887 390 3926 sum
416 3869 531 3941 sit].

338 3958 687 4014 .-tnnunliab0
738 3959 882 4012 vobis
914 3974 1031 4027 qua).
1064 3965 1291 4010 ventura.
1322 3964 1450 4009 sunt
1505 3956 1560 4007 in.
1595 3954 1900 4007 novissimis

250 4051 481 4108 diebus:
518 4049 718 4103 audiat
747 4047 885 4118 quid
923 4047 1067 4099 liber
1100 4044 1577 4115 Paralipomenon
1614 4044 1683 4098 de
1716 4043 1822 4097 hac
1843 4059 1900 4096 re

247 4142 448 4196 dicat:
482 4139 618 4195 Filii
645 4153 856 4209 quoque
889 4135 1095 4200 Ruben,
1125 4137 1223 4186 iste
1275 4133 1674 4204 poimogenitus
1734 4131 1900 4185 Israel

243 4234 296 4304 (I
353 4230 538 4284 Paral.
595 4245 648 4296 ν,
707 4228 791 4298 3):
848 4226 969 4296 ipse.
1020 4221 1423 4294 quippe’fuit
1472 4220 1899 4292 primogenitus

246 4321 417 4389 ejus;
453 4317 550 4372 sed
586 4333 716 4370 cum
745 4314 1019 4369 violasset
1045 4319 1230 4366 torum
1258 4311 1438 4383 patris
1458 4311 1569 4374 sui,
1603 4310 1737 4362 data
1762 4313 1900 4361 sunt

240 4406 637 4482 primogenita
659 4405 786 4475 ejus
821 4403 957 4457 {iliis
986 4402 1224 4471 Joseph,
1263 4400 1394 4454 filiis
1432 4397 1624 4466 lsrael,
1658 4402 1714 4452 et
1782 4415 1896 4451 non

240 4504 335 4555 est
355 4502 659 4569 reputatus
692 4496 746 4549 in
782 4492 1234 4564 primogenitum
1264 4507 1275 4543 :
1309 4489 1499 4561 typice
1530 4493 1725 4543 autem
1782 4488 1896 4542 ltu-

239 4591 357 4645 ben
393 4588 499 4643 iste
525 4583 950 4658 primogenitus
977 4579 1255 4653 pepulum
1283 4577 1896 4649 designatludaicum,

238 4678 343 4751 qui
377 4674 806 4748 primogenitus
839 4672 950 4726 fuit
983 4670 1097 4739 Dei,
1121 4671 1292 4739 juxta
1325 4670 1476 4740 quod
1527 4669 1596 4722 de
1629 4667 1726 4721 illo
1780 4668 1895 4721 Do-

239 4766 546 4824 minusad
595 4765 827 4835 Moysen
891 4761 1002 4816 ait:
1067 4762 1239 4814 Filius
1296 4760 1690 4829 primogenilus
1752 4775 1896 4811 meus

239 4857 415 4914 Israel
445 4860 519 4912 est
552 4853 742 4927 (Exod.
781 4870 854 4919 Iv,
887 4854 920 4904 2
961 4851 997 4922 ).
1034 4850 1097 4904 Et
1141 4850 1346 4903 beatus
1375 4848 1676 4917 Jeremias,
1725 4848 1893 4901 Sanc-

321 5076 332 5107 ¹
370 5074 555 5143 Atque
599 5071 690 5125 hic
724 5072 891 5125 irruit
922 5066 1168 5139 legimus
1199 5084 1228 5120 e
1262 5083 1402 5120 mss.
1441 5081 1538 5137 pro
1573 5081 1686 5136 quo
1726 5070 1895 5120 antea

245 5147 425 5204 aruit.

317 5223 338 5252 ²
365 5219 421 5271 ln
455 5215 582 5269 cod.
620 5216 816 5266 ltuben
855 5210 1227 5284 primogeniti
1265 5209 1460 5268 Israel,
1490 5210 1609 5278 ipse,
1639 5225 1885 5279 (pioque.

315 5293 336 5324 3
369 5287 720 5344 Lacunulam
758 5284 1157 5352 supplevimus
1181 5300 1209 5335 e
1244 5299 1382 5334 mss.
1416 5284 1890 5350 \‘Ot'lmjll'.'(’('.t'sll-

240 5365 311 5418 tit
340 5363 493 5432 quod
528 5364 697 5412 antea
727 5358 964 5412 deerat:
1003 5372 1132 5408 mox
1182 5355 1352 5406 etiam
1405 5355 1643 5406 verbum
1707 5353 1894 5404 susci~

288 5451 382 5489 ΕεΓο

288 5454 382 5489 ere

243 5454 279 5507 Ρ
314 5509 333 5540 ⁴
382 5504 568 5558 Verba
619 5502 944 5555 Dirinm'um
997 5499 1256 5553 coercitus
1315 5500 1389 5549 est
1445 5513 1719 5559 mensura,
1803 5496 1891 5551 sed

236 5579 465 5650 abjectis
494 5576 740 5631 omnium
780 5580 1198 5653 puere/iterum.
1261 5586 1386 5650 qum
1441 5569 1657 5653 ultima:
1711 5567 1888 5653 liuj‘us

240 5641 400 5708 vocis
427 5663 688 5716 recursu,
724 5641 968 5716 solemni
1003 5642 1452 5698 amanuensium
1480 5641 1645 5714 lapsu
1671 5641 1892 5696 excide-

239 5727 395 5792 rant,
429 5738 461 5780 θ
492 5735 602 5777 ms.
639 5715 998 5778 suffecimus.
1390 5731 1392 5733 >

2012 3345 2254 3383 numero
2287 3327 2682 3381 diminutum:
2719 3343 2897 3398 quare
2927 3333 3118 3382 autem
3173 3328 3284 3383 ista
3336 3347 3652 3402 perpessus

2011 3419 2104 3476 sit.
2139 3418 2450 3485 subjuncta
2480 3417 2652 3471 verba
2683 3421 2992 3483 testantur,
3035 3419 3165 3486 quia
3212 3419 3506 3475 ascendisli
3560 3438 3651 3475 eu-

2012 3509 2117 3562 bile
2143 3508 2318 3577 patris
2367 3508 2468 3569 tui,
2504 3514 2553 3560 et
2583 3507 2872 3560 marulasli
2930 3515 3166 3561 stratum
3214 3510 3360 3579 ejus:
3394 3526 3497 3581 per
3553 3527 3654 3565 cu-

2011 3596 2124 3650 bile
2157 3596 2340 3667 patris
2374 3595 2456 3649 tui
2489 3596 2527 3664 5,
2564 3612 2794 3649 carnem
2822 3594 3138 3650 Salvatoris
3169 3596 3516 3654 insinuans:
3551 3616 3656 3654 nec

2011 3685 2227 3740 mirum
2252 3683 2441 3739 cubile
2472 3685 2654 3754 patris
2687 3686 2835 3753 ejus,
2867 3690 3072 3755 gentes
3101 3691 3158 3739 et
3197 3702 3406 3757 corpus
3464 3687 3657 3742 Domi-

2012 3775 2207 3829 nicum
2240 3773 2514 3844 intelligi:
2550 3772 2685 3843 quia
2717 3774 2788 3826 ab
2819 3791 2883 3827 eo
2917 3773 3069 3826 idem
3119 3773 3371 3844 populus
3423 3781 3654 3833 creatus

2013 3871 2120 3920 est.
2156 3863 2300 3918 Nam
2335 3863 2616 3933 scriptum
2667 3862 2736 3915 de
2768 3880 2852 3926 eo,
2908 3863 3107 3916 Omnia
3151 3879 3250 3933 per
3298 3866 3478 3934 ipsum
3506 3868 3653 3936 facta

2009 3961 2136 4007 sunt
2170 3954 2345 4020 (.Ioan.
2384 3969 2419 4014 ι,
2471 3951 2562 4015 3);
2617 3967 2717 4020 per
2774 3955 3017 4004 stratum
3073 3951 3401 4006 vero'idem
3442 3969 3654 4025 corpus

2012 4041 2392 4112 intelligitur:
2430 4039 2580 4109 quod
2618 4039 2780 4109 quasi
2827 4058 2857 4093 a
2889 4039 3106 4093 JlllltlBlS
3149 4041 3506 4098 maculatum
3543 4051 3652 4111 est,

2011 4130 2243 4203 quando
2295 4146 2493 4183 eorum
2542 4127 2958 4182 acclamatione
3011 4129 3292 4186 Dominus
3373 4131 3432 4185 in
3483 4149 3653 4188 cruce

2009 4236 2354 4290 suspensus,
2381 4223 2432 4272 et
2465 4217 2665 4272 lancea
2699 4220 3200 4274 transverberatus
3233 4225 3408 4292 atque
3448 4239 3653 4277 cruore

2010 4309 2243 4380 proprio
2276 4314 2362 4363 est
2397 4309 2685 4377 perfusus.

2223 4397 2585 4450 SECUNDUS
2618 4398 2880 4452 PATRIA
2897 4400 3077 4454 ltCllA
3095 4445 3106 4462 ,
3149 4400 3436 4455 SIMEON.

2079 4488 2292 4541 Simeon
2325 4492 2373 4540 at
2407 4488 2531 4542 Levi
2587 4504 2716 4541 vasa.
2775 4490 3088 4558 iniquitatis
3145 4490 3408 4544 bellantia
3435 4490 3456 4523 ⁶
3488 4489 3643 4556 (Gen.

2009 4595 2161 4641 XLIX,
2191 4579 2268 4646 5).
2305 4577 2463 4631 Patet
2488 4575 2692 4630 littera:
2716 4594 2945 4643 sensus,
2967 4578 3103 4648 quia
3133 4578 3192 4631 hi
3217 4577 3328 4632 duo
3354 4577 3560 4633 fratres
3580 4578 3654 4632 ob

2010 4666 2407 4721 ulciscendum
2446 4673 2712 4736 stuprum
2748 4668 2984 4732 sororis,
3036 4667 3354 4721 subornata
3403 4684 3544 4738 pace
3596 4672 3655 4722 et

2009 4758 2158 4810 fictis
2179 4755 2454 4809 amicitiis
2487 4755 2837 4825 decepcrunt
2867 4755 3108 4826 Syehcm
3145 4761 3200 4810 et
3231 4757 3404 4810 Emor
3420 4760 3645 4828 patrem

2008 4845 2187 4909 illius,
2222 4862 2367 4917 quos
2403 4861 2525 4898 rasa
2561 4845 2876 4914 iniquitatis
2905 4846 3166 4900 bellantia
3199 4845 3482 4914 nominat,
3517 4845 3656 4918 quia

2077 5065 2096 5097 ‘"'
2130 5065 2188 5119 ln
2234 5082 2341 5116 ms.
2387 5063 2468 5116 tui
2503 5066 2670 5115 tacet.
2705 5061 2780 5115 Ex
2816 5079 2927 5130 quo
2963 5078 3090 5115 mox
3142 5060 3313 5114 verba
3359 5063 3540 5128 gentes
3599 5069 3652 5114 et

2003 5155 2194 5205 corpus
2229 5136 2588 5192 Dnnziuirum.
2652 5137 3033 5187 emendamus
3097 5151 3198 5203 pro
3249 5133 3465 5203 quibus
3524 5138 3650 5187 erat

2005 5213 2180 5275 gentis
2210 5225 2404 5276 (Ὀνριέδ
2440 5210 2757 5260 “mni/licita

2075 5273 2539 5347 l‘t'i-usequiimir
2597 5297 2659 5331 ex
2716 5278 2913 5329 colum
2968 5294 3072 5330 ms.
3133 5275 3435 5346 pericopen
3485 5273 3636 5347 hanc

2005 5352 2176 5404 aliam
2216 5345 2534 5402 degiineon
2563 5351 2628 5402 ad
2654 5350 2824 5402 tinem
2859 5367 3062 5417 usque.
3101 5345 3202 5418 pro
3235 5365 3349 5418 qua
3382 5347 3440 5400 in
3501 5345 3649 5400 Mar-

2003 5424 2191 5477 tiaua-i
2226 5423 2476 5475 editione
2529 5422 2690 5490 pauci
2757 5438 2956 5473 versus
2998 5438 3061 5472 ex
3122 5437 3251 5474 vero
3303 5418 3650 5490 l-lieronyrmo

2001 5496 2503 5554 deserilwbantur,
2532 5489 2882 5562 monuitque.
2917 5492 3037 5561 ipse
3071 5494 3258 5547 editor
3289 5496 3496 5547 Cie-tera
3524 5489 3650 5544 ilia-

2004 5569 2117 5622 bcri
2151 5567 2388 5621 totidem
2425 5565 2690 5619 versibus
2753 5565 2806 5618 in
2858 5571 2912 5618 S.
2981 5565 3167 5619 Patris
3229 5563 3644 5633 Quaestionibus

2000 5640 2273 5696 Hebraicis
2305 5654 2483 5712 supra
2505 5637 2699 5693 editis.
