3970 6382
345 300 500 363 1379
1846 293 1972 357 AP]

2090 291 2272 359 lDlX.
3584 290 3743 361 i380

338 433 607 505 iniquum
633 430 798 486 valde
821 430 932 486 fuit
961 427 1278 485 amicitiam
1330 430 1727 503 prmlendisse,
1765 434 1821 485 et
1855 446 1981 484 eam
2018 434 2066 496 Α
2099 430 2341 485 victoria
2370 436 2426 485 et
2457 431 2650 502 potius
2672 430 2825 487 caede
2857 428 3115 504 gloriari,
3146 430 3208 488 in
3239 448 3355 505 qua
3392 449 3506 488 non
3554 431 3741 488 virtus

337 528 540 594 postea
570 520 913 592 prodidisse.
947 520 1009 574 In
1037 520 1268 575 consilio
1312 537 1505 576 eorum
1551 536 1618 575 ne
1648 521 1828 575 veniat
1858 522 1982 573 ani-
2097 518 2397 574 bellatoris
2424 524 2650 591 poterat
2694 519 2943 589 laudari,
2994 520 3095 576 sed
3134 521 3331 592 potius
3378 519 3604 577 falsitas
3645 522 3744 577 de-

334 628 427 665 ma
458 627 577 665 mea
607 608 767 680 (Ibid.
822 609 898 675 6).
953 608 1219 665 videlicet
1249 626 1558 665 exsecrans
1614 625 1847 664 omnem
1906 609 1985 663 si-
2095 608 2347 679 ceptoris
2378 608 2636 680 coargui.
2662 610 2804 677 Quia
2833 611 2889 663 in
2921 611 3112 680 furore
3164 627 3263 667 suo
3290 610 3607 666 occiderunt
3651 610 3738 665 vi-

324 700 617 774 .Inulatam
680 713 900 769 pacem.
962 696 1125 753 Unde
1183 703 1241 752 et
1289 699 1495 753 beatus
1544 698 1721 753 David
1764 696 1984 753 talibus
2094 714 2239 767 rum,
2299 706 2348 752 et
2392 698 2677 753 voluntate
2727 714 2827 752 sua
2873 699 3217 769 sit/foderunt
3260 715 3486 755 murum
3532 698 3738 771 (Ibid)

333 788 664 858 quibusque
693 786 846 840 {ictis
876 785 1253 858 imprecatur,
1306 789 1400 858 qui
1448 788 1750 858 loquuntur
1794 803 1984 857 pacem
2094 786 2201 840 Per
2231 786 2418 841 virum
2453 786 2701 858 Sychem
2734 785 2981 859 intelligi
3014 788 3205 851 debet,
3238 790 3295 843 et
3320 804 3423 860 per
3441 804 3576 843 eum
3606 803 3740 842 om-

330 892 455 929 cum
505 877 758 946 proximo
806 891 926 942 suo,
978 876 1129 929 mala
1187 885 1377 930 autem
1433 885 1562 930 sunt
1621 877 1680 929 in
1727 876 1983 930 cordibus
2094 893 2197 929 nes
2229 875 2327 946 qui
2361 876 2489 944 ejus
2520 892 2697 929 causa
2729 876 3013 947 perempti
3046 882 3189 931 sunt
3242 878 3616 948 (Gen.xn1v,
3666 876 3737 931 25

329 981 535 1019 eorum.
587 965 662 1018 De
733 964 830 1017 illo
884 964 1183 1019 secundum
1246 981 1411 1035 opera
1485 966 1728 1036 ipsorum
1807 964 1978 1034 (Psal.
2089 969 2256 1036 seqq).
2292 965 2574 1020 Suffossio
2623 969 2819 1020 autem
2853 964 3003 1019 muri
3038 982 3150 1019 non
3203 965 3439 1037 quidem
3491 965 3547 1019 in
3584 964 3737 1020 libro

328 1071 503 1119 xxvn,
525 1054 579 1119 3,
611 1052 691 1120 Α).
732 1052 895 1117 Quod
916 1069 1048 1107 vero
1080 1054 1408 1125 subjungit,
1434 1058 1490 1109 et
1510 1056 1571 1109 in
1593 1056 1733 1108 cwtu
1750 1054 1978 1109 illorum
2090 1054 2379 1109 Genescos
2407 1053 2621 1125 legitur
2652 1054 2868 1108 ibidem
2906 1053 3085 1109 fuisse
3113 1059 3360 1126 patrata.

325 1159 432 1198 non
464 1145 533 1197 sit
563 1142 743 1213 gloria
770 1157 893 1195 mea
923 1140 1076 1212 (Gen.
1104 1159 1254 1212 xux,
1287 1143 1363 1215 6),
1386 1142 1619 1198 nolebat
1642 1142 1844 1215 utique
1876 1141 1976 1197 tali

2172 1323 2352 1347 —_"s—._
2357 1323 3736 1353 ΞΣ

329 1336 827 1347 .——-_._.—.__—..._._-
834 1336 1089 1342 __._—.__
1096 1338 1105 1341 _

1146 1502 1547 1558 ADMONITIO
1606 1502 1677 1556 IN
1730 1500 1916 1557 DUOS
1971 1500 2383 1565 SEQUENTES
2419 1501 2843 1558 TRACTATUS
2876 1504 2916 1558 ¹.

396 1802 827 1870 Quaestionibus
857 1799 1152 1855 Hebraicis
1182 1799 1241 1855 in
1275 1799 1567 1867 Genesim,
1600 1798 1856 1871 genuino
1915 1798 2247 1870 Hieronymi
2279 1798 2460 1869 operi,
2495 1798 2649 1869 quod
2683 1814 2867 1871 supra
2893 1798 3329 1867 recensuimus,
3362 1798 3511 1856 duos
3556 1799 3733 1858 hosce

324 1892 685 1966 apocryphos
708 1890 1014 1945 Tractatus
1045 1888 1320 1944 continuo
1352 1888 1615 1943 subdunt
1648 1887 1913 1959 plerique
1946 1904 2089 1942 mss.
2124 1886 2281 1953 libri,
2312 1903 2460 1959 quos
2492 1887 2643 1942 inter
2671 1893 2729 1943 et
2752 1903 2940 1955 meus,
2974 1904 3088 1959 quo
3112 1888 3437 1959 saepissime
3460 1893 3593 1944 utor
3620 1890 3729 1946 hoc

324 1988 506 2038 tome.
539 1982 609 2036 Et
631 1979 789 2051 prior
819 1978 1077 2050 quidem,
1111 1977 1209 2049 qui
1234 1977 1313 2032 ibi
1344 1978 1683 2048 Explanatio
1713 1978 1895 2033 decem
1952 1978 2328 2032 Tentationum
2374 1994 2443 2032 ea:
2486 1978 2902 2031 Deuteronomio
2952 1976 3313 2042 inscribitur,
3359 1978 3583 2047 iamdiu
3627 1995 3733 2034 an-

323 2074 417 2126 tea
447 2069 640 2125 locum
676 2068 829 2123 inter
868 2066 1013 2122 falso
1045 2067 1264 2121 tributa
1284 2070 1338 2122 Β.
1368 2066 1595 2121 Doctnri
1630 2081 1805 2137 opera
1838 2066 2173 2133 obtinebat,
2208 2065 2355 2120 alter
2382 2082 2538 2130 vero,
2571 2067 2742 2136 cujus
2789 2066 2929 2121 item
2988 2065 3194 2121 titulus
3237 2066 3293 2121 in
3344 2082 3411 2121 eo
3460 2083 3573 2124 ms.
3621 2071 3731 2131 est,

324 2159 652 2231 Explanatio
674 2158 889 2212 Cantici
918 2156 1176 2212 Debborae
1195 2159 1247 2211 et
1273 2157 1482 2210 Barach
1514 2172 1582 2209 ex
1608 2156 1748 2209 libro
1776 2154 2049 2220 Judicum,
2087 2154 2341 2225 primum
2376 2154 2697 2209 subdititiis
2730 2155 2942 2209 fetibus
2973 2171 3007 2209 a
3037 2154 3370 2210 Martianan
3424 2155 3733 2225 adjunctus

324 2252 413 2303 est
440 2265 505 2303 ac
538 2246 830 2317 vulgatus.
868 2245 1178 2316 Utriusque
1207 2246 1539 2311 Auctorem,
1574 2259 1749 2316 quem
1783 2260 1968 2299 unum
1999 2242 2391 2314 eumdemque
2416 2258 2544 2297 esse
2592 2259 2660 2298 ex
2706 2242 2840 2314 styli
2885 2259 2951 2297 ac
3000 2242 3419 2299 sententiarum
3465 2243 3737 2301 similitu-

328 2337 463 2392 dine
493 2334 638 2391 nihil
669 2339 758 2390 est
788 2333 1056 2397 dubium,
1089 2333 1276 2388 editor
1306 2331 1723 2387 Benedictinus
1754 2349 1885 2387 eum
1921 2336 2085 2405 putat
2111 2348 2239 2387 esse
2274 2331 2595 2400 Hebraeum,
2632 2330 2828 2387 nescio
2859 2348 3033 2403 quem
3066 2350 3100 2387 a
3132 2332 3370 2387 Rabano
3429 2333 3731 2390 laudatum

336 2424 773 2480 Praefationibus
803 2422 1305 2478 Commentarium
1338 2422 1394 2476 in
1422 2420 1602 2477 libros
1644 2421 1867 2491 Regum
1891 2427 1947 2476 et
1977 2419 2482 2492 Paralipomenon,
2514 2436 2690 2491 quem
2724 2437 2930 2475 rursus
2958 2420 3230 2477 eumdem
3261 2437 3394 2476 cum
3453 2438 3520 2477 eo
3570 2421 3730 2492 facit,

326 2512 426 2585 qui
456 2512 517 2567 in
563 2512 721 2583 ipsos
780 2510 1001 2581 Regum
1036 2514 1092 2564 et
1118 2508 1599 2580 Paralipomenon
1630 2508 1811 2565 libros
1845 2510 2174 2578 Qumstiones
2205 2509 2515 2576 Hebraicas,
2551 2507 2694 2563 falso
2742 2508 2945 2565 itidem
2998 2509 3344 2583 Hieronymo
3395 2510 3728 2582 inscriptas,

325 2618 581 2674 moxque
612 2618 645 2655 a
675 2599 843 2655 nobis
879 2598 1375 2669 recognoscendas
1406 2598 1796 2655 concinnavit.
1831 2599 1893 2653 In
1912 2613 2087 2670 quam
2121 2613 2228 2669 ego
2269 2597 2619 2652 sententiam
2652 2614 2769 2652 non
2800 2597 3017 2653 invitus
3057 2598 3481 2654 concesserim:
3543 2598 3730 2671 siqui-

331 2691 463 2745 dem
497 2689 753 2745 maxima
781 2687 839 2742 in
874 2687 1183 2742 scribendo
1212 2688 1362 2742 inter
1391 2691 1707 2759 utrumque
1738 2687 2045 2743 intercedit
2074 2686 2292 2759 ingenii
2325 2685 2673 2741 similitudo.
2707 2686 2921 2742 Verum
2956 2703 3144 2759 neque
3173 2687 3333 2743 istud
3392 2692 3728 2760 praeteream

328 2778 811 2843 animadvertere,
845 2792 961 2831 non
992 2776 1173 2830 videri
1209 2777 1515 2831 Tractatus
1538 2777 1682 2833 istos
1711 2793 2030 2848 eorumque
2059 2778 2369 2831 Auctorem
2400 2775 2637 2830 Rabano
2668 2775 3016 2841 innotuisse,
3040 2792 3171 2830 cum
3204 2775 3633 2832 Deuteronomii
3664 2792 3731 2832 ac

328 2866 607 2922 Judicum
638 2865 819 2921 libros
849 2864 1347 2933 interpretaretur.
1381 2864 1641 2936 Denique
1672 2866 2059 2934 Erasmus,de
2090 2864 2299 2936 priore,
2335 2864 2491 2936 quod
2526 2863 2694 2937 plane
2721 2863 2881 2919 dicas
2911 2868 2965 2919 et
2998 2865 3067 2919 de
3097 2863 3297 2936 altero,
3356 2864 3440 2920 sic
3496 2864 3732 2937 judica-

325 2956 428 3011 vit.
461 2954 661 3028 Stylus
690 2958 779 3008 est
810 2970 925 3009 non
956 2952 1207 3024 alicujus
1239 2953 1579 3009 recentioris
1612 2970 1624 3008 :
1658 2962 1891 3027 apparel
1935 2954 2327 3027 lragmentum
2359 2969 2488 3009 esse
2544 2954 2882 3025 decerptum
2933 2969 3001 3008 ex
3052 2953 3496 3009 Commentariis
3544 2952 3727 3009 alicu-

320 3046 463 3117 jus:
501 3061 637 3099 nam
669 3049 727 3099 et
757 3044 1070 3114 abruptum
1104 3046 1194 3098 est
1225 3042 1460 3098 initium
1492 3047 1548 3098 et
1578 3042 1848 3098 similiter
1877 3042 2113 3113 desinit,
2141 3048 2206 3097 ut
2235 3042 2457 3114 incipit.
2492 3044 2685 3115 Neque
2717 3043 2879 3098 video
2941 3060 3047 3098 cur
3076 3042 3390 3115 quisquam
3439 3042 3546 3099 hoc
3604 3043 3726 3098 exi-

329 3133 585 3190 stimarit
614 3132 962 3205 Hieronymo
995 3130 1394 3199 tribuendum,
1429 3132 1540 3187 nisi
1576 3132 1721 3188 forte
1750 3133 2029 3205 deceptus
2058 3131 2167 3187 hac
2199 3132 2554 3203 conjectura,
2615 3131 2768 3204 quod
2828 3131 3245 3203 interpretatur
3291 3130 3514 3204 aliquot
3559 3147 3727 3187 voces

330 3222 662 3279 Hebraicas.
1344 3232 1354 3238 ί

391 3528 823 3623 DECEM
892 3530 1757 3625 TENTATIONES
1828 3530 2281 3624 POPULI
2354 3529 2806 3622 ISBAEL
2877 3529 3006 3622 IN
3060 3526 3663 3622 DESEBTO.

1815 3764 2229 3775 -——————

399 3893 525 3949 Haec
550 3894 677 3947 sunt
706 3891 895 3961 verba,
929 3907 1046 3961 qua:
1089 3889 1301 3946 locutus
1357 3898 1435 3946 est
1490 3889 1694 3961 Moyses
1739 3888 1809 3943 ad
1856 3906 1970 3946 om-

323 3998 450 4038 nem
495 3981 687 4046 Israel,
734 3982 794 4035 in
842 3983 1083 4037 transitu
1124 3980 1403 4046 Iordanis,
1448 3982 1507 4035 in.
1544 3979 1861 4050 solitudine,
1916 3981 1975 4035 in

323 4071 635 4140 campestri,
691 4073 881 4123 contra
930 4084 1079 4123 mare
1136 4068 1398 4133 Rubrum,
1450 4066 1595 4120 inter
1642 4067 1880 4121 Pharum
1927 4073 1979 4122 et

329 4158 585 4229 Thophel,
614 4161 666 4212 et
690 4158 876 4212 Laban
925 4164 975 4212 et
1022 4156 1247 4212 Aseroth
1277 4159 1329 4211 et
1375 4156 1503 4210 auri
1552 4155 1968 4212 abundantiam.

329 4245 586 4304 Undecim
614 4245 831 4301 dierum
863 4247 971 4300 iter
997 4245 1063 4301 de
1107 4245 1278 4300 lloreb
1320 4244 1390 4300 ad
1426 4253 1663 4300 montem
1702 4245 1841 4315 Seir,
1889 4262 1974 4300 us-

323 4351 426 4409 que
456 4335 838 4391 Gades-Barac
864 4335 1041 4403 (Deut.
1077 4351 1116 4399 ι,
1174 4336 1223 4401 1,
1276 4334 1349 4404 2).
1413 4333 1542 4389 Haec
1591 4339 1731 4390 sunt
1773 4335 1971 4403 verba,

325 4425 542 4496 quibus
574 4424 855 4496 corripuit
912 4427 1136 4494 Moyses
1190 4422 1341 4477 ﬁlios
1392 4422 1568 4478 Israel
1621 4440 1725 4494 pro
1775 4423 1972 4480 decem

323 4513 770 4581 tentationibus,
806 4512 1023 4583 quibus
1055 4511 1367 4566 Dominum
1397 4515 1785 4567 tentaverunt.
1813 4512 1976 4569 Unde

324 4602 608 4659 Dominus
638 4603 698 4656 in
733 4601 877 4655 libro
910 4600 1296 4656 Numerorum
1326 4599 1505 4656 dicit:
1545 4601 1607 4655 At
1636 4618 1821 4657 omnes
1878 4601 1973 4657 ho-

323 4693 500 4747 mines
530 4693 632 4763 qui
660 4690 915 4745 viderunt
944 4690 1283 4761 majestatem
1312 4707 1509 4756 meam;
1550 4699 1602 4745 et
1645 4693 1805 4761 signa
1851 4707 1977 4763 quze

322 4781 429 4852 feci
455 4782 516 4836 in
542 4781 773 4852 AEgypto
823 4783 875 4835 et
918 4781 975 4834 in
1024 4780 1342 4850 solitudine,
1393 4786 1444 4835 ct
1496 4784 1843 4835 tentaverunt
1891 4797 1978 4835 me

318 4870 437 4941 jam
461 4887 566 4942 per
591 4870 774 4924 decem
804 4870 964 4936 vices,
1021 4885 1119 4933 nec
1156 4869 1473 4926 obedierunt
1518 4872 1638 4924 voci
1664 4887 1819 4935 meae,
1864 4886 1975 4925 non

323 4959 582 5016 videbunt
635 4962 842 5014 terram
884 4975 982 5030 pro
1037 4976 1144 5030 qua
1193 4960 1388 5031 juravi
1457 4960 1709 5031 patribus
1786 4975 1977 5015 eorum

326 5049 509 5120 (Num.
541 5065 657 5116 xw,
698 5051 788 5116 22,
821 5049 932 5119 23).
968 5051 1121 5115 Quas
1181 5050 1537 5105 tentationes
1578 5048 1671 5103 hic
1726 5049 1977 5105 breviter

326 5142 383 5193 et
412 5142 661 5195 obscure
683 5138 911 5212 Moyses
941 5143 1249 5194 enumerat
1280 5138 1482 5194 dicens
1507 5156 1519 5193 :
1549 5140 1609 5193 In
1656 5138 1972 5205 solitudine,

326 5226 386 5282 in
417 5245 534 5301 qua
554 5229 929 5284 ostenditeos
964 5246 1064 5302 pro
1095 5245 1257 5301 aquae
1309 5228 1555 5300 penuria
1604 5227 1835 5283 duabus
1885 5226 1973 5282 vi—

327 5287 493 5373 cibus
524 5322 784 5373 tentasse
822 5287 1165 5374 Dominum:
1198 5319 1272 5373 De
1306 5287 1497 5390 prima
1526 5317 1843 5372 tentatione
1894 5317 1978 5371 ita
2007 5287 2050 5355 Ο

401 5496 415 5530 ¹
450 5496 598 5552 Editi
632 5495 765 5551 libri
798 5498 951 5552 hunc
982 5498 1173 5552 locum
1210 5500 1534 5566 mutarunt,
1562 5496 1976 5566 leguntenim:

331 5569 472 5638 Quia
494 5569 843 5640 perinmados
872 5572 1151 5640 [Egyptios
1206 5584 1317 5625 esse
1363 5569 1537 5640 Moysi
1590 5586 1702 5624 non
1745 5569 1979 5625 credide-

331 5627 637 5708 runtfsibi,
665 5639 753 5710 de,
781 5645 894 5698 etc.
940 5627 1081 5698 Nise.
1107 5656 1313 5698 omnes
1354 5627 1626 5708 retinent,
1678 5642 1833 5714 quod
1874 5658 1981 5700 nos

2081 3889 2138 3944 in
2174 3889 2366 3945 Exodo
2397 3888 2650 3961 legitur:
2682 3890 2944 3958 Jurgatus
2969 3888 3206 3959 populus
3252 3891 3442 3943 contra
3500 3889 3726 3959 Moysen

2085 3980 2190 4034 ait:
2226 3980 2306 4035 Da
2335 3979 2489 4033 nobis
2529 3994 2734 4051 aquam
2790 3980 2848 4032 ut
2904 3978 3155 4033 bibamus
3206 3976 3402 4048 (Exod.
3454 3992 3590 4047 xvn,
3648 3976 3726 4047 2),

2086 4068 2312 4132 Quibus
2345 4066 2648 4140 respondit
2696 4067 2958 4139 Moyses:
2997 4066 3139 4134 Quid
3185 4067 3502 4138 jurgamini
3538 4072 3727 4121 contra

2084 4175 2207 4213 me:
2263 4174 2366 4213 cur
2418 4159 2639 4214 tentatis
2696 4158 2985 4213 Dominum
3035 4156 3267 4229 (Ibid)?
3323 4160 3398 4210 De
3473 4153 3728 4211 secunda

2084 4249 2400 4303 tentatione
2430 4250 2511 4302 ita
2540 4246 2598 4301 in
2630 4246 2777 4302 libro
2808 4247 3197 4302 Numerorum
3246 4244 3498 4300 dicitur:
3562 4243 3727 4299 Cum-

2084 4353 2186 4409 que
2215 4338 2489 4407 indigeret
2519 4353 2663 4408 aqua
2697 4336 2961 4407 papulas,
3015 4339 3124 4391 etc.
3170 4336 3356 4406 (Num.
3404 4351 3494 4398 xx,
3526 4334 3602 4404 2),
3638 4349 3732 4389 us-

2086 4443 2199 4499 que
2229 4427 2300 4481 ad
2333 4442 2467 4481 eum
2500 4425 2689 4481 locum
2724 4424 2779 4479 in
2806 4441 2921 4497 quo
2952 4423 3072 4479 ait:
3136 4425 3239 4479 Hoc
3278 4426 3378 4489 est,
3427 4438 3571 4494 aqua
3598 4437 3729 4478 con-

2085 4515 2456 4581 tradictionis,
2484 4515 2581 4569 ubi
2602 4515 2818 4585 jurgati
2845 4520 2975 4570 sunt
3033 4513 3137 4583 ﬁlii
3182 4513 3349 4569 Israel
3386 4519 3576 4569 contra
3635 4511 3732 4566 Do-

2083 4606 2301 4660 minum
2330 4607 2380 4660 et
2409 4604 2778 4673 sanctiﬁcatus
2808 4610 2883 4658 est
2923 4606 2981 4658 in
3011 4605 3089 4658 eis
3146 4601 3287 4675 (Ibid
3368 4602 3479 4669 13).
3536 4598 3728 4656 Tertia

2087 4692 2333 4749 tentatio
2381 4692 2716 4747 continetur
2754 4691 2812 4746 in
2863 4708 2928 4747 eo
2973 4692 3129 4764 quod
3172 4690 3290 4747 ait:
3332 4692 3394 4746 In
3441 4691 3731 4760 campestri

2084 4790 2276 4838 contra
2306 4797 2455 4837 mare
2504 4781 2765 4837 Rubrum.
2818 4781 2879 4836 In
2913 4798 3029 4853 quo
3058 4780 3185 4836 loco
3218 4794 3620 4835 murmurasse
3648 4776 3732 4833 di-

2087 4875 2305 4927 cuntur
2333 4875 2535 4927 contra
2565 4870 2904 4939 Dominum,
2931 4869 3069 4942 quia
3082 4874 3417 4941 peremptos
3434 4866 3731 4939 Egyptios

2087 4961 2289 5031 fuisse,
2322 4961 2504 5033 Moysi
2538 4960 3054 5027 non,crediderunt
3082 4959 3095 4992 ¹
3127 4958 3235 5014 sibi
3271 4958 3341 5012 de
3395 4956 3569 5012 verbo
3631 4956 3731 5011 Do-

2088 5050 2230 5106 mini
2269 5050 2505 5119 dicenti,
2538 5050 2639 5105 sed
2681 5048 2876 5121 potius
2899 5066 2997 5104 eos
3018 5064 3079 5104 se
3106 5045 3386 5119 subsequi
3408 5045 3732 5101 timuerunt

2087 5139 2279 5210 (Exod.
2314 5156 2404 5207 xv,
2454 5140 2566 5209 22).
2628 5138 2792 5193 Unde
2838 5137 3091 5193 dicitur:
3148 5139 3336 5192 Patres
3391 5135 3569 5191 nostri
3621 5148 3731 5188 non

2087 5229 2476 5285 intellexerunt
2505 5228 2790 5283 mirabilia
2808 5229 2849 5293 ¹,
2902 5232 3013 5282 etc.
3047 5227 3217 5299 (Psal.
3270 5242 3357 5293 cv,
3389 5225 3465 5296 7).
3512 5225 3728 5289 Quarta

2087 5322 2143 5376 et
2173 5318 2379 5392 quinta
2408 5317 2649 5374 tentatio
2677 5317 3008 5372 continetur
3037 5316 3097 5373 in
3125 5333 3192 5372 eo
3231 5316 3384 5389 quod
3418 5314 3536 5370 ait:
3588 5313 3733 5369 Inter

2090 5497 2426 5623 ediikngzc')
2475 5584 2586 5622 ms.
2624 5568 2776 5625 Unde
2818 5559 3023 5623 dicitur
3044 5568 3101 5624 in
3141 5566 3373 5639 psalmo,
3407 5566 3598 5621 Patres
3633 5578 3730 5620 n0-

2087 5642 2193 5698 stri
2222 5643 2283 5698 in
2311 5640 2541 5712 Aigypto
2570 5656 2681 5696 non
2708 5640 3097 5698 intellexerunt
3122 5638 3414 5699 mirabilia
3464 5640 3578 5710 tua,
3620 5650 3730 5699 non
