3970 6394
191 310 346 374 1381

1288 311 1388 372 DE
1434 312 1479 370 Χ
1526 311 2164 374 TENTATIONIBUS
2210 311 2517 373 ISRAEL.

3447 317 3598 377 1382

187 446 424 499 Pharon
465 448 515 499 et
567 445 814 516 Thophel,
864 449 916 500 et
960 446 1162 500 Laban.
1217 446 1440 498 Pharon
1499 446 1838 516 interpreta—
1873 452 1922 514 Α
1954 449 2164 516 egressi
2192 464 2376 500 sumus
2402 464 2471 500 (nr
2519 449 2746 517 .‘qu/pto
2797 446 2958 516 (Ibid.
3022 447 3086 499 l8
3144 448 3315 519 seqq.)
3370 454 3394 501 Υ
3453 451 3592 505 ltem

185 539 289 589 tur
317 551 520 604 onager
552 553 565 597 ;
596 535 876 606 Tliophel,
909 536 1146 590 stultitia
1169 555 1187 600 ;
1212 535 1406 588 Labun
1437 536 1644 588 album.
1680 536 1840 598 Quod

189 623 273 677 ita
303 623 820 695 intelligitur,quiu
843 624 1067 680 similes
1100 640 1316 693 onagro
1344 623 1472 677 tacti
1510 623 1609 676 lilii
1648 625 1840 688 lsrael,

193 713 373 764 stulte
403 718 648 782 egerunt
679 719 970 767 tentantes
1002 712 1312 766 Dominum
1345 712 1574 765 duulius
1621 711 1844 766 vicibus

192 817 374 870 super
405 800 555 864 allio,
593 801 774 867 idest,
821 819 998 872 super
1045 817 1279 866 manna,
1334 802 1542 854 :‘i-lnunu
1593 819 1721 854 vero
1764 801 1840 853 al~

191 891 333 943 bum
369 890 603 954 dicitur,
642 897 703 944 ut
734 897 828 944 est
859 891 999 944 illud
1054 890 1220 943 Exodi
1260 909 1270 944 2
1307 892 1711 960 .alppcllazn'tque
1759 891 1847 944 do-

191 995 317 1032 mus
351 980 515 1034 Israel
542 996 737 1033 noincn
773 981 887 1050 ejus
920 984 1079 1045 Man,
1118 979 1256 1049 quod
1287 985 1413 1033 erat
1453 983 1614 1048 quasi
1662 996 1844 1034 semen

188 1067 476 1121 coriandri
505 1068 695 1121 album
729 1068 916 1138 (IL-rod.
965 1085 1077 1130 xw,
1125 1069 1237 1134 3|).
1288 1067 1410 1121 Una
1451 1067 1695 1122 tentatio
1741 1069 1851 1120 l'uit

190 1173 368 1225 super
400 1156 551 1210 idem
589 1173 825 1218 manna,
877 1157 1031 1211 sicut
1085 1156 1139 1209 in
1204 1157 1393 1208 Exodo
1450 1156 1672 1209 dicitur
1705 1173 1717 1210 :
1755 1159 1852 1210 llic

190 1248 270 1298 est
303 1261 480 1298 sermo
519 1261 679 1315 quem
729 1249 985 1316 praecepit
1033 1246 1292 1298 Dmninus
1340 1261 1358 1296 :
1403 1245 1624 1310 colligat
1674 1261 1743 1298 ex
1790 1260 1848 1298 eo

192 1336 569 1404 unusquisque
613 1336 880 1405 quantum
922 1334 1129 1402 sufﬁcit
1194 1333 1262 1387 ad
1313 1333 1626 1387 vescendum
1688 1333 1844 1402 (Ibid.

192 1424 307 1489 32).
366 1427 430 1476 Et
480 1428 610 1493 post
661 1439 845 1494 puucu
879 1439 890 1476 :
928 1424 1080 1476 Dixit
1129 1422 1197 1476 ad
1244 1439 1330 1476 eos
1375 1422 1596 1490 Μιτῃςικς,
1653 1422 1850 1476 Nullus

193 1529 266 1566 ex
317 1529 376 1566 eo
420 1515 647 1566 reservet
698 1513 755 1564 in
808 1528 970 1565 mane
1006 1514 1016 1544 ¹
1055 1513 1164 1578 Qui
1210 1527 1317 1564 non
1361 1511 1652 1563 audierunt
1701 1527 1850 1576 emn,

192 1602 292 1655 sed
320 1602 648 1656 dimiserunt
683 1617 753 1654 ea:
791 1617 849 1654 eo
881 1601 1105 1672 quidam
1133 1616 1302 1670 usque
1329 1616 1489 1652 mane
1520 1599 1682 1669 (Ibid.
1742 1600 1848 1668 16).

193 1689 391 1744 Altera
419 1689 527 1744 fuit
558 1689 821 1758 tentatio,
857 1691 926 1742 de
977 1706 1093 1756 qua
1132 1693 1263 1760 post
1307 1704 1492 1758 pauca
1541 1688 1597 1740 in
1650 1687 1850 1742 eodem

195 1779 348 1833 libro
400 1779 659 1844 dicitur;
701 1780 807 1832 Sea:
854 1779 1043 1832 dic/nis
1091 1778 1351 1844 colligite,
1410 1779 1467 1831 in.
1525 1777 1612 1830 die
1667 1786 1849 1830 autem

191 1870 434 1938 septima
464 1869 762 1922 Sabbatum
793 1877 870 1922 est
891 1868 1135 1930 Domini,
1162 1867 1366 1921 idcirco
1387 1883 1491 1919 non
1520 1867 1851 1920 inuenietur.

205 1958 358 2011 Venit
391 1967 573 2011 autem
603 1958 832 2026 septima.
855 1957 988 2010 dies.
1025 1959 1074 2010 et
1107 1957 1308 2024 egressi
1337 1956 1401 2008 de
1429 1955 1625 2026 populo
1660 1959 1718 2008 ut
1747 1955 1856 2008 col-

203 2047 460 2115 ligerent.
493 2063 601 2100 non
649 2035 997 2100 invcncrunt.
1045 2047 1196 2098 Dixit
1242 2054 1425 2098 autem
1475 2046 1736 2098 Dominus
1790 2043 1859 2097 ad

209 2135 428 2205 Moysen.
459 2151 478 2195 ;
515 2135 791 2206 USqttt'qttO
822 2153 926 2189 non
964 2136 1131 2188 cultis
1162 2150 1380 2187 scrvare
1415 2134 1672 2187 mandata
1716 2150 1856 2199 mea,

207 2229 259 2278 et
294 2225 463 2294 legem
495 2241 671 2279 meum
703 2225 729 2278 ?
761 2230 869 2279 etc.
906 2224 1064 2294 (Ibid.
1098 2224 1168 2277 26
1199 2224 1390 2294 seqq).
1449 2223 1617 2275 Sexta
1665 2227 1859 2276 tenta-

203 2314 286 2368 tio
323 2313 660 2368 continetur
689 2312 745 2367 in
780 2331 844 2368 eo
877 2314 1033 2384 quod
1066 2313 1146 2366 ait
1176 2329 1186 2367 :
1225 2317 1284 2367 Et
1317 2313 1559 2366 .elscrolh.
1614 2311 1856 2365 Aseroth

215 2419 354 2458 vero
381 2402 582 2457 civitas
611 2407 699 2458 est
726 2402 914 2458 vicina
971 2400 1292 2471 solitudini,
1352 2405 1407 2455 et
1452 2401 1862 2472 interpretatur

223 2493 368 2548 Villa
404 2490 460 2546 in
495 2493 666 2562 cujus
698 2491 1009 2560 territorio,
1043 2491 1100 2545 id
1137 2495 1243 2560 est,
1287 2490 1343 2544 in
1395 2489 1676 2561 sepulcris
1724 2505 1859 2543 con-

216 2581 591 2653 cupiscentiae
625 2582 776 2636 facta
816 2580 996 2635 fuisse
1045 2579 1260 2651 legitur
1317 2578 1572 2633 secunda
1622 2577 1861 2632 tentutio

217 2669 505 2738 carnium,
537 2668 592 2723 in
622 2686 738 2739 qua
764 2673 819 2723 et
851 2669 1040 2739 prima
1062 2667 1301 2722 tentatio
1324 2666 1587 2721 carnium
1618 2666 1864 2737 comple-

217 2758 414 2813 ctitur.
451 2759 528 2812 De
561 2758 750 2829 prima
780 2758 859 2812 ita
891 2757 941 2812 ic
993 2757 1139 2811 libro
1178 2757 1353 2810 Exodi
1405 2755 1616 2827 legitur
1650 2773 1661 2810 :
1695 2758 1860 2811 Dixe-

215 2856 347 2903 runt
377 2848 579 2918 Moyses
609 2855 657 2902 et
687 2853 869 2903 Aaron
899 2846 968 2901 ad
996 2862 1180 2901 omnes
1211 2848 1352 2916 ﬁlios
1381 2847 1548 2900 Israel
1583 2862 1594 2899 :
1644 2847 1864 2916 Vespere

214 2938 421 3002 scietis,
455 2939 584 3008 quia
612 2937 880 2992 Dominus
918 2936 1169 2990 eduxerit
1209 2953 1293 2990 vos
1325 2935 1390 2990 de
1433 2938 1580 2989 terra
1619 2937 1860 3006 ttigypti,

215 3030 268 3082 et
329 3043 486 3080 mane
544 3025 795 3080 videbitis
851 3027 1086 3094 gloriam
1137 3026 1357 3080 Domini
1401 3041 1419 3084 ,·
1450 3023 1660 3078 audivit
1715 3027 1862 3079 enim

214 3133 475 3170 murmur
509 3123 744 3170 vestrum
779 3133 791 3180 ;
826 3131 922 3169 nec
973 3122 1158 3169 contra
1207 3129 1303 3170 nos
1351 3118 1425 3168 est
1475 3130 1727 3168 murmur
1774 3130 1860 3168 ve-

1957 535 2127 605 paulo
2164 542 2288 606 post
2325 553 2336 589 :
2371 537 2558 591 Adhuc
2586 553 2782 591 carnes
2809 541 2969 590 erant
3001 538 3148 591 inter
3175 538 3362 593 dentes
3391 555 3596 609 eorum,

1955 642 2050 678 nec
2077 625 2342 693 tle/cccrut
2375 626 2754 695 tmjuscemodi
2781 627 2954 695 cilms,
3004 636 3056 680 et
3121 642 3244 680 ecce
3289 633 3453 696 /uror
3496 631 3600 684 Do-

1954 715 2094 766 mini
2124 717 2423 768 concitalus
2474 717 2531 767 in
2585 717 2870 784 populum,
2920 718 3187 786 percussit
3248 733 3369 770 eum
3427 725 3600 788 plaga

1957 821 2151 867 magna
2184 805 2350 856 nimis
2383 804 2540 870 (Ibid.
2573 805 2641 855 33
2671 805 2862 873 scqq.).
2892 804 3149 873 Septima
3188 806 3429 859 lentatio
3461 824 3596 861 cou—

1957 892 2172 945 tinetur
2205 892 2255 944 in
2292 909 2357 944 eo
2390 894 2540 961 quod
2576 893 2658 945 uit
2691 909 2701 947 :
2733 895 2831 947 Ubi
2861 895 2986 946 auri
3017 901 3092 946 est
3116 893 3452 962 plurimum.
3488 897 3596 949 No-

1958 981 2198 1032 tandum
2248 997 2502 1051 numque
2565 983 2716 1051 quod
2773 982 2828 1034 in
2878 983 3113 1034 tlelirtco
3159 987 3216 1035 et
3260 985 3600 1040 abundantia

1957 1070 2082 1122 auri
2115 1069 2417 1122 habentur.
2452 1071 2827 1124 Aliundnntia
2869 1071 3024 1124 enim
3078 1072 3200 1125 auri
3253 1071 3602 1146 intelligitur

1959 1157 2174 1210 vitulus
2208 1175 2438 1222 aureus,
2473 1176 2645 1228 quem
2684 1159 2947 1213 fabricati
2977 1166 3118 1213 sunt
3149 1160 3258 1214 sibi
3292 1161 3392 1215 lilii
3430 1164 3600 1218 Israel

1961 1247 2016 1300 in
2071 1247 2231 1312 deos,
2281 1252 2542 1300 morante
2581 1247 2776 1317 Moyse
2809 1265 2941 1302 cum
2991 1248 3234 1302 Domino
3292 1249 3349 1304 in
3407 1259 3602 1307 monte

1959 1328 2338 1403 SinuiUl'a'od.
2383 1352 2556 1402 xxxn,
2619 1337 2642 1388 1
2706 1338 2900 1406 scqq.).
2957 1337 3172 1391 Idcirco
3230 1337 3605 1395 nbundandia

1961 1424 2084 1478 auri
2118 1423 2348 1490 dicitur,
2385 1424 2520 1495 quia
2549 1424 2605 1478 in
2643 1425 2795 1480 idolo
2830 1425 3010 1480 moles
3043 1425 3306 1482 omnium
3336 1436 3604 1500 peccato-

1960 1529 2091 1565 rum
2123 1514 2409 1574 consistnt.
2462 1519 2517 1567 et
2573 1514 2794 1568 idolum
2858 1532 2958 1585 pro
3021 1514 3297 1570 omnibus
3347 1520 3604 1587 peccatis

1962 1601 2241 1655 abundat.
2276 1605 2490 1655 Octava
2531 1602 2772 1656 tentutio
2807 1605 2825 1636 ‘
2858 1604 3186 1657 continetur
3235 1604 3292 1658 in
3343 1622 3408 1660 eo
3449 1608 3604 1678 quod

1964 1691 2045 1743 ait
2077 1708 2089 1744 :
2128 1690 2384 1744 (indecim
2413 1691 2604 1744 diebus
2635 1691 2698 1744 de
2731 1693 2900 1745 IIorcb
2930 1708 3030 1759 per
3061 1695 3208 1746 viam
3228 1697 3429 1748 montis
3461 1695 3602 1750 Seir.

1965 1779 2126 1842 Quod
2163 1778 2218 1832 in
2255 1779 2488 1832 llebm'o
2524 1781 2603 1834 ita
2636 1779 2884 1834 habetur
2919 1798 2929 1834 :
2969 1782 3224 1836 Undecim
3254 1782 3471 1838 dierum
3504 1787 3610 1839 iter

1968 1869 2036 1921 de
2067 1868 2246 1922 IIoreb
2277 1869 2345 1922 ad
2375 1879 2614 1922 montem
2641 1872 2780 1924 Seir.
2819 1870 3114 1924 li‘uliricato
3168 1872 3364 1942 itaque
3403 1873 3460 1927 in
3497 1874 3607 1928 Ilo-

1970 1958 2070 2009 rcb
2094 1957 2266 2024 idolo,
2313 1958 2620 2011 undecimo
2652 1959 2743 2012 die
2776 1964 3056 2012 venerunt
3081 1959 3150 2013 ad
3188 1966 3443 2016 montem
3467 1964 3608 2019 Scir.

1969 2045 2066 2113 qui
2102 2049 2190 2099 est
2240 2045 2294 2098 in
2348 2047 2686 2100 suburbano
2735 2047 2984 2101 civitatis
3035 2049 3458 2115 Gades-Barine,
3513 2052 3608 2105 ubi

1973 2132 2075 2185 lilii
2131 2132 2300 2186 Israel
2357 2139 2724 2188 tcntoverunt
2773 2135 3104 2205 Dominum,
3156 2137 3308 2192 sicut
3356 2139 3412 2192 in
3464 2140 3611 2196 libro

1970 2221 2354 2274 Numerorum
2390 2221 2666 2276 scribitur
2698 2239 2708 2276 :
2740 2225 3328 2293 Usqucquomultitudo
3350 2227 3468 2283 lucc
3495 2247 3613 2299 pes-

1968 2313 2110 2364 sima
2141 2315 2654 2365 nmrmuratcontra
2678 2329 2759 2366 me
2797 2315 2821 2363 .‘7
2851 2313 3099 2381 querelas
3143 2315 3388 2382 ﬁliorum
3436 2321 3612 2373 Isracl

1969 2399 2157 2453 audiui
2189 2419 2205 2464 ;
2235 2400 2322 2454 dic
2349 2415 2472 2469 ergo
2511 2402 2614 2466 eis,
2670 2401 2790 2455 Vivo
2841 2417 2952 2470 ego,
3004 2405 3082 2456 ait
3139 2404 3422 2476 Dominus,
3472 2411 3610 2463 sicut

1973 2489 2139 2543 locuti
2165 2489 2574 2552 estis,tmdiente
2595 2492 2785 2553 me,sic
2804 2493 3008 2560 faciam
3037 2492 3276 2559 robian
3306 2494 3614 2552 solitudine

1973 2577 2077 2632 hac
2097 2578 2354 2648 jacebunt
2381 2577 2650 2633 cadauera
2700 2588 2872 2633 uestra
2924 2581 3104 2648 (Man.
3156 2599 3250 2636 x1v
3293 2586 3360 2636 27
3402 2587 3609 2656 seqq.).

1973 2667 2040 2721 Et
2099 2673 2230 2738 post
2296 2665 2601 2738 paululum
2631 2684 2650 2728 ,·
2674 2669 2839 2722 Iit-cla
2899 2685 3191 2724 numerum
3246 2673 3614 2742 quadraginta

1971 2756 2184 2810 dierum
2223 2757 2418 2826 quibus
2447 2757 2829 2812 considerastis
2861 2767 3082 2824 terram,
3135 2777 3313 2815 annus
3368 2779 3470 2834 pro
3528 2766 3619 2819 die

1969 2847 2782 2918 computabitur.Quadraginta
2811 2849 2971 2901 annis
2997 2850 3272 2920 recipietis
3303 2853 3616 2922 iniquitates

1974 2946 2197 3003 vestras,
2256 2944 2308 2990 ct
2356 2937 2539 2990 scietis
2597 2936 2862 2990 ultionem
2915 2954 3137 2997 meum;
3167 2943 3428 3008 quoniam
3473 2944 3611 2997 sicut

1971 3025 2180 3079 locutus
2211 3041 2351 3089 sum,
2388 3028 2464 3080 ita
2496 3027 2699 3095 [nciam
2722 3026 2850 3080 huic
2885 3027 3234 3082 multitudini
3288 3031 3308 3060 ⁵
3333 3033 3609 3100 pessimae,

1971 3130 2088 3185 (μαι)
2138 3115 2488 3168 consurrexit
2545 3113 2830 3168 adversum
2888 3131 2999 3170 me.
3067 3117 3127 3170 In
3191 3118 3491 3176 solitudine
3511 3123 3614 3174 huc

211 3211 413 3268 stram,
443 3202 534 3257 sed
563 3212 750 3258 contra
780 3204 1071 3258 Dominum
1102 3202 1239 3270 (Ibid
1268 3204 1302 3255 6
1348 3218 1492 3272 seqq.
1548 3203 1563 3271 )
1595 3222 1613 3266 ;
1646 3205 1701 3256 ct
1733 3206 1861 3272 post
1893 3191 1933 3255 C
1972 3202 2180 3271 deﬁciet
2208 3211 2258 3258 et
2288 3205 2553 3257 morietur
2583 3201 2739 3268 (Ibid.
2792 3204 2858 3257 3’:
2909 3205 3105 3274 seqq.).
3164 3206 3425 3278 Itemque
3459 3228 3472 3265 :
3509 3211 3609 3265 Lo-

213 3309 448 3365 pauca:
496 3293 726 3348 Locutus
777 3298 854 3347 est
925 3293 1182 3347 Dominus
1225 3292 1300 3345 ad
1347 3293 1584 3362 Moysen,
1634 3291 1859 3345 dicens:

212 3380 414 3437 Audivi
437 3384 899 3437 murmurationes
929 3383 1172 3452 ﬁliorum
1222 3381 1392 3436 Israel
1449 3397 1468 3440 ;
1528 3381 1747 3450 loquere
1794 3381 1862 3434 ad

213 3487 304 3526 eos
350 3487 370 3532 ;
419 3471 638 3542 Vespere
678 3471 966 3526 comedetis
1023 3486 1234 3536 carnes,
1287 3479 1337 3524 et
1384 3486 1544 3524 mane
1587 3469 1860 3524 saturabi-

209 3561 361 3615 mini
384 3560 643 3631 panibus,
667 3561 951 3630 scietisque
981 3558 1119 3630 quod
1149 3575 1244 3626 ego
1275 3575 1394 3612 sum
1424 3559 1684 3612 Dominus
1724 3559 1862 3613 Deus

213 3657 406 3714 vester,
437 3654 662 3706 Factum
692 3653 772 3704 est
823 3665 947 3719 ergo
1000 3664 1229 3720 vespere,
1276 3651 1328 3702 et
1376 3646 1733 3703 conscemlens
1773 3663 1859 3701 co-

212 3741 412 3793 turnix
439 3741 650 3809 operuit
680 3741 858 3792 castra
891 3737 1045 3808 (Ibid.
1087 3736 1138 3791 ll
1177 3737 1366 3808 seqq.).
1428 3737 1507 3790 De
1557 3736 1813 3790 secundo.
1843 3736 1864 3768 ⁹

211 3831 412 3884 autem
445 3827 502 3882 in
535 3826 808 3882 Numeris
839 3827 1055 3881 dicitur
1083 3845 1094 3882 :
1121 3828 1332 3881 Interea
1362 3830 1542 3881 ortum
1583 3833 1658 3880 est
1708 3843 1860 3880 mur-

211 3932 344 3971 mur
369 3917 558 3986 populi
603 3916 762 3987 quasi
804 3915 1113 3970 dolentium
1160 3931 1260 3984 pro
1311 3916 1492 3970 labore
1541 3923 1726 3971 contra
1761 3917 1861 3969 Do-

211 4007 450 4060 minum.
485 4005 635 4073 Quod
665 4022 786 4059 cum
815 4005 1082 4070 audisset,
1146 4007 1206 4058 ir.
1233 4009 1320 4058 tus
1350 4013 1447 4073 est,
1507 4013 1556 4058 et
1607 4021 1862 4060 accensus

213 4097 361 4166 ignis
391 4096 608 4149 Domini
639 4097 658 4128 ²
686 4095 959 4149 devoravit
989 4103 1292 4148 extremam
1315 4104 1534 4166 partem
1558 4097 1861 4147 castrorum

215 4185 402 4258 (Num.
437 4201 512 4238 χι.
547 4185 599 4252 l)
635 4202 646 4251 ;
681 4190 736 4238 et
786 4189 915 4254 post
966 4200 1147 4254 pauca
1194 4199 1206 4236 :
1239 4181 1697 4249 Sanctiﬁcamini,
1741 4200 1861 4237 cras

213 4275 419 4330 etenim
480 4272 763 4328 comedetis
793 4288 1000 4326 carncx.
1026 4272 1130 4340 Iz‘qo
1156 4273 1304 4324 enim
1335 4271 1526 4325 audivi
1557 4287 1643 4325 ros
1662 4269 1860 4337 dicere,

214 4363 348 4434 Quis
378 4363 525 4417 dabit
557 4363 708 4417 nobis
738 4377 915 4415 escam
943 4361 1195 4415 carnium
1220 4364 1244 4411 γ
1277 4361 1417 4414 Bene
1447 4359 1598 4414 nobis
1629 4368 1748 4414 erat
1801 4362 1857 4414 in

212 4455 464 4522 ngypto.
499 4450 658 4504 Dabit
706 4450 978 4504 Dominus
1029 4448 1176 4502 vobis
1222 4463 1436 4516 carnes,
1486 4456 1534 4503 et
1577 4449 1860 4502 comedetis

211 4558 327 4597 non
361 4556 468 4594 uno
499 4539 605 4604 die,
659 4555 758 4593 nec
797 4537 1025 4604 duobus,
1079 4539 1162 4591 rel
1205 4539 1464 4609 quinque,
1516 4542 1610 4592 aut
1654 4539 1855 4605 decem,
1893 4564 1934 4627 Ο

212 4647 316 4686 nec
356 4630 554 4700 viginti
600 4628 834 4698 quidem,
875 4626 964 4681 sed
1012 4643 1177 4696 usque
1220 4627 1292 4680 ad
1341 4643 1579 4681 mensem
1624 4627 1856 4694 dierum,

209 4723 379 4775 donec
410 4725 563 4772 ereat
585 4733 681 4788 per
724 4733 885 4770 nares
929 4723 1152 4782 vestras,
1211 4720 1259 4768 et
1302 4720 1547 4769 uertatur
1602 4719 1658 4771 in
1719 4735 1856 4771 nau-

207 4828 362 4865 seam
397 4827 408 4874 ;
441 4824 500 4862 eo
547 4805 685 4877 quod
735 4807 1048 4873 reputcritis
1095 4806 1384 4858 Dmninum
1431 4807 1528 4875 qui
1575 4807 1635 4859 in
1685 4807 1858 4860 medio

210 4900 382 4956 vestri
426 4907 524 4963 est,
580 4899 631 4950 et
678 4897 942 4965 [Iererilis
999 4912 1180 4950 ctn'am
1249 4911 1308 4948 eo
1365 4893 1620 4961 dicentes,
1683 4897 1860 4964 Quare

205 5080 335 5133 sunt
368 5077 641 5133 recordati
669 5076 1111 5132 multi!udidinis
1136 5074 1528 5134 miscrictn'dit'e
1556 5079 1686 5146 ture,
1721 5080 1862 5135 clad

209 5150 560 5206 iracundiam
612 5154 1042 5220 prouocauerunt
1102 5155 1153 5204 te
1208 5165 1372 5220 super
1419 5167 1573 5204 mare
1628 5154 1684 5204 in
1717 5156 1860 5208 mari

211 5223 412 5278 Rubro.

287 5296 299 5327 ¹
338 5294 493 5348 Idem
527 5309 638 5360 ms,
676 5294 913 5356 ;tVullus
956 5293 1305 5362 relinquatur
1351 5308 1418 5345 e.r
1465 5309 1522 5346 eo
1572 5296 1628 5347 in
1675 5312 1854 5350 mane.

280 5368 302 5399 ²
333 5365 657 5420 Emondant
687 5365 836 5420 hanc
867 5365 1172 5418 lectionem
1205 5363 1343 5438 editi
1379 5364 1535 5429 libri,
1571 5371 1624 5420 ct
1653 5385 1754 5438 pro
1780 5385 1857 5422 sc-

207 5438 391 5494 cunda
425 5442 653 5508 ponunt
699 5441 927 5507 septima
964 5461 976 5498 ;
1011 5453 1106 5506 pro
1152 5437 1377 5508 septima
1411 5437 1858 5508 consequenter

207 5520 398 5567 octara
428 5506 456 5574 V;
489 5512 545 5562 et
577 5526 676 5579 pro
708 5506 893 5563 octaua
925 5526 1066 5562 nona
1106 5508 1158 5560 in
1193 5508 1276 5560 cis
1310 5506 1540 5577 legitur.
1597 5506 1706 5563 Hoc
1754 5529 1851 5566 au—

205 5591 327 5638 tem
353 5582 434 5635 ita
453 5581 856 5652 castigandum
885 5583 1323 5653 putuverunt,ut
1354 5595 1632 5653 numerus
1655 5582 1852 5638 decem

205 5651 624 5714 'l‘entationum
656 5651 1024 5709 manifeétius
1055 5656 1357 5723 appareret
1400 5651 1455 5706 in
1497 5653 1854 5724 expositione

1970 3296 2128 3346 cutus
2167 3296 2245 3346 est
2273 3291 2474 3360 Moyses
2502 3293 2760 3345 universa
2791 3293 2955 3346 verba
2985 3292 3101 3348 hiet)
3128 3294 3197 3348 ad
3214 3296 3358 3364 ﬁlios
3414 3299 3612 3364 Israel,

1972 3390 2025 3435 et
2056 3381 2200 3435 luxit
2229 3381 2460 3451 populus
2491 3382 2674 3434 nimis.
2709 3382 2770 3434 Et
2800 3397 2918 3435 ecce
2957 3399 3118 3438 mane
3158 3386 3338 3454 primo
3386 3403 3615 3456 surgen-

1969 3476 2069 3535 tes,
2103 3469 2466 3524 ascenderant
2500 3471 2748 3524 verticem
2786 3472 3006 3538 montis,
3059 3481 3108 3526 et
3155 3473 3420 3530 dixerunt
3450 3494 3468 3529 :
3501 3481 3616 3532 Pa-

1972 3560 2082 3613 rati
2108 3575 2294 3612 sumus
2325 3559 2615 3613 ascendere
2644 3559 2715 3613 ad
2746 3560 2941 3625 locum,
2992 3561 3057 3615 de
3113 3579 3216 3636 quo
3275 3565 3490 3620 locutus
3541 3576 3618 3623 est

1973 3650 2248 3712 Dominus,
2309 3650 2439 3719 quia
2496 3650 2856 3718 peccavimus.
2934 3651 3138 3718 Quibus
3196 3651 3418 3722 Moyses,
3486 3654 3615 3723 Cur,

1972 3739 2171 3810 inquit,
2221 3737 2688 3807 transgredimlni
2730 3737 2953 3793 verbum
3001 3739 3238 3806 Domini,
3289 3740 3428 3811 quod
3470 3743 3618 3798 vobis

1972 3843 2078 3882 non
2111 3827 2258 3882 cedet
2287 3829 2343 3881 in
2370 3830 2738 3898 prosperum?
2768 3827 2946 3882 Nolite
2973 3828 3279 3893 ascendere,
3311 3847 3424 3884 non
3467 3834 3616 3886 enim

1972 3921 2046 3971 est
2071 3918 2328 3972 Dominus
2355 3918 2412 3970 in
2442 3916 2616 3970 medio
2669 3923 2924 3980 vestrum,
2987 3931 3053 3969 ne
3098 3920 3376 3973 corruatis
3434 3937 3614 3975 coram

1973 4007 2217 4060 inimicis
2249 4007 2436 4059 nostris
2487 4004 2646 4072 (Ibid.
2697 4005 2766 4056 39
2821 4004 3012 4074 seqq.).
3078 4005 3333 4077 Itemque
3363 4013 3471 4068 :At
3522 4008 3616 4064 illi

1969 4096 2339 4150 contenebrati
2374 4093 2727 4148 ascenderunt
2758 4095 3005 4147 uerticem
3039 4097 3239 4149 montis
3272 4115 3294 4161 ,ο
3323 4100 3462 4154 Area
3511 4116 3614 4153 au-

1969 4192 2076 4238 tem
2109 4183 2417 4237 testamenti
2449 4182 2690 4248 Domini,
2751 4187 2801 4236 ct
2861 4182 3059 4253 Moyses
3117 4202 3225 4238 non
3286 4193 3614 4244 recesserunt

1969 4271 2032 4325 de
2060 4271 2274 4326 castris.
2310 4270 2587 4325 Descendit
2619 4272 2938 4325 Amuleciles
2983 4282 3032 4326 et
3093 4273 3459 4344 Chanana’us,
3521 4281 3617 4349 qui

1969 4361 2283 4415 baln'tabanl
2317 4362 2374 4414 in.
2406 4364 2604 4431 monte,
2651 4369 2700 4414 et
2749 4363 3061 4431 percutiens
3117 4380 3202 4418 eos
3248 4369 3408 4435 atque
3435 4369 3616 4421 conci-

1967 4450 2116 4516 dens,
2149 4453 2454 4521 persecutus
2485 4459 2561 4504 est
2593 4467 2682 4505 eos
2712 4467 2878 4521 usque
2910 4453 3110 4505 Ilorma
3140 4453 3306 4521 (Ibid.
3341 4455 3611 4526 Mseqq.).

1969 4539 2134 4593 Mons
2168 4539 2374 4604 iste,in
2413 4556 2558 4610 quos
2593 4538 2905 4594 Amalecite
2936 4545 2992 4594 ct
3035 4539 3396 4597 Chananaeus
3443 4542 3613 4598 habi-

1970 4635 2090 4683 tare
2148 4627 2442 4692 dicuntur,
2499 4645 2668 4682 mons
2723 4627 2847 4681 Seir
2910 4628 3282 4698 intelligitur,
3342 4631 3494 4686 sicut
3552 4631 3608 4686 in

1970 4717 2414 4772 Deuteronomio
2475 4717 2750 4770 scribitur
2811 4733 2822 4769 :
2882 4721 3074 4786 Itaque
3125 4734 3365 4784 egressus
3423 4721 3610 4776 Amor-

1969 4807 2173 4873 rlueus,
2207 4808 2302 4876 qui
2331 4805 2611 4859 batn'taba/
2649 4808 2701 4858 in
2736 4805 3031 4870 montibus,
3062 4811 3109 4858 ct
3132 4808 3213 4860 ubi
3235 4809 3344 4860 iam
3372 4811 3609 4874 ueniens,

1965 4901 2279 4968 persecutus
2329 4905 2404 4950 est
2464 4911 2568 4962 vos,
2628 4896 2767 4948 sicut
2822 4894 2999 4950 solent
3056 4912 3181 4967 apes
3233 4899 3527 4970 persequi:
3561 4908 3612 4955 et

1967 5095 2164 5134 eorum
2199 5096 2211 5145 ;
2247 5076 2341 5131 sed
2381 5073 2604 5130 monuit
2638 5093 2742 5130 nos
2777 5080 2990 5130 Auctor
3039 5073 3282 5144 hujusce
3329 5073 3609 5146 Opusculi

1966 5154 2114 5204 duas
2145 5167 2271 5204 esse
2331 5152 2654 5202 tcntationcs
2711 5151 2965 5202 carnium
3023 5155 3073 5201 et
3128 5148 3422 5204 secundum.
3478 5163 3605 5203 esse

1967 5229 2292 5277 contentum
2331 5223 2382 5275 in
2415 5224 2615 5290 prima.
2655 5219 2810 5274 Unde
2843 5237 3123 5275 numerus
3156 5220 3444 5291 septimus
3505 5238 3605 5292 po-

1970 5301 2078 5349 test
2102 5294 2280 5364 accipi
2312 5293 2415 5346 hoc
2448 5292 2569 5345 loco
2595 5309 2694 5362 pro
2727 5298 2923 5346 octavo
2956 5293 3131 5346 etiam
3169 5308 3432 5347 numero.

2035 5368 2056 5399 ³
2091 5367 2339 5419 ltursum
2377 5365 2430 5416 in
2465 5365 2665 5417 eodem
2727 5380 2862 5429 ms,
2922 5364 2979 5416 Et
3010 5381 3263 5420 arcerisus
3320 5369 3397 5419 est
3430 5366 3486 5418 in
3527 5365 3606 5420 eis

1967 5439 2054 5507 ign
2064 5441 2108 5492 is
2139 5438 2371 5490 Domini.
3071 5489 3074 5493 λ

2036 5512 2055 5543 ⁴
2087 5509 2262 5562 Addit
2296 5524 2460 5562 mons
2494 5524 2625 5577 1ης,ν
2657 5511 2706 5561 el
2741 5524 2880 5561 nona
2907 5510 3156 5572 lcntutio,
3193 5515 3300 5566 etc.

2035 5583 2054 5615 ⁵
2087 5582 2290 5646 ldem.,
2322 5580 2473 5634 omni
2498 5578 2850 5634 multitudini
2881 5578 3029 5653 huic,
3064 5588 3172 5636 ctc.
