3970 6376
397 287 552 392 t383

1890 283 2306 351 APPENDIX.

391 407 584 481 cecidit
611 424 676 478 de
705 423 827 479 Seir
869 437 1039 493 usque
1084 419 1287 478 Hormo
1333 423 1505 494 (Deut.
1555 439 1606 489 1,,
1645 423 1752 493 44).
1807 423 2043 477 Decima
2076 426 2124 489 Α
2155 421 2408 476 viderunt
2441 421 2777 492 majestatem
2807 433 3007 487 meam,
3037 435 3165 492 quae
3186 420 3296 492 feci
3349 421 3411 476 in
3439 421 3689 493 /Egypto,
3741 429 3790 478 et

393 513 637 571 tentatio
697 511 1029 568 continetur
1109 510 1168 566 in
1257 527 1324 567 eo
1399 512 1552 583 quod
1615 510 1694 566 ait
1773 528 1787 567 :
1872 511 2044 581 Usque

390 603 797 668 Gades-Barac;
817 601 972 654 unde
995 599 1223 671 Moyses
1250 600 1410 656 misit
1428 599 1822 671 exploratores
1843 600 1909 654 ad
1935 606 2046 654 ter-

391 709 515 747 ram
549 689 1032 746 considerandam
1057 689 1515 755 Chanaan,sicut
1536 689 1598 744 in
1622 689 1770 744 libro
1791 690 2044 744 Numero

390 796 524 835 rum
575 779 834 834 dicitur:
871 779 932 834 Et
981 778 1189 833 locutus
1233 781 1308 833 est
1358 779 1618 832 Dominus
1664 777 1735 832 ad
1780 779 1995 850 Moysen
2025 795 2044 830 :

386 867 534 924 Mitte
567 869 714 924 viros
745 869 842 940 qui
886 867 1230 923 considerent
1276 870 1484 922 terram
1536 868 1821 935 Chanaan,
1881 883 2046 938 quam

385 956 614 1014 daturus
670 973 794 1012 sum
847 956 985 1026 filiis
1043 957 1214 1012 Israel
1247 959 1260 991 ¹
1297 957 1481 1026 (Num.
1539 973 1663 1022 xm,
1727 959 1783 1024 2,
1841 956 1917 1026 3).
1977 959 2046 1010 Et

387 1045 564 1118 paulo
597 1051 769 1118 post:
802 1047 868 1101 Et
909 1045 1054 1100 dixit
1113 1046 1376 1100 Dominus
1436 1045 1506 1100 ad
1548 1047 1761 1116 Moysen
1795 1062 1806 1101 :
1845 1047 2043 1117 Usque-

385 1151 490 1207 quo
542 1135 787 1190 detrahet
840 1134 984 1190 mihi
1009 1135 1243 1206 papulas
1273 1137 1375 1189 iste
1403 1138 1428 1188 .9
1459 1135 1742 1208 Quousque
1787 1151 1895 1190 non
1926 1151 2043 1190 cre-

386 1223 516 1280 dent
541 1225 684 1280 mihi
714 1225 772 1280 in
801 1224 1053 1279 omnibus
1108 1225 1308 1294 signis,
1360 1238 1485 1294 quae
1529 1225 1638 1293 [cci
1675 1239 1860 1279 coram
1907 1225 1986 1288 eis
2015 1223 2044 1278 ?

385 1315 605 1369 Feriam
635 1315 808 1385 igitur
835 1328 922 1368 eos
971 1313 1308 1384 pestilentia,
1367 1319 1531 1384 atque
1583 1329 1917 1368 consumam.
1979 1313 2046 1368 Te

394 1411 580 1459 autem
607 1405 813 1473 faciam
842 1404 902 1458 in
931 1405 1146 1470 gentem
1178 1419 1440 1470 magnam
1468 1403 1654 1468 (Num.
1688 1419 1803 1466 xw,
1831 1402 1920 1466 lt,
1953 1401 2042 1468 42)

393 1493 537 1547 Item
579 1497 708 1563 post
756 1491 996 1562 paulum
1051 1492 1348 1546 :Attamen
1395 1507 1580 1546 omnes
1630 1491 1876 1547 homines
1925 1492 2041 1561 qui,

2156 513 2216 565 in
2241 511 2558 578 solitudine,
2591 513 2643 566 et
2671 512 3015 566 tentaverunt
3057 526 3148 565 me
3179 511 3300 581 jam
3347 524 3448 582 per
3490 509 3672 566 decem
3713 512 3794 566 vi-

2155 615 2238 654 ces
2267 615 2366 654 nec
2389 599 2708 654 obedierunt
2734 601 2853 654 voci
2868 615 3023 666 mese,
3054 615 3168 655 non
3194 599 3456 655 videbunt
3476 603 3796 672 terram,pro

2154 705 2261 758 qua
2282 690 2477 758 juravi
2500 689 2750 760 patribus
2779 705 2966 744 eorum
2993 705 3094 744 nec
3123 689 3414 760 quisquam
3443 704 3514 744 ea:
3540 689 3682 761 illis,
3705 690 3796 762 qui

2153 777 2454 832 detraxerit
2483 777 2648 841 mihi,
2683 778 2992 832 intuebitur
3017 795 3140 832 eam
3171 779 3354 848 (Num,
3390 794 3506 846 xxv,
3545 779 3636 849 22,
3682 778 3790 849 23).

2154 865 2269 920 Nec
2296 871 2597 922 moveatur
2628 867 2786 938 quis,
2816 866 2969 937 quod
3027 883 3062 921 a
3107 865 3336 923 deserto
3381 865 3631 933 Pharan,
3680 881 3792 922 non

2155 955 2227 1010 de
2257 956 2660 1011 Cades-Barne
2692 955 2918 1028 Moyses
2948 954 3344 1028 exploratores
3383 955 3564 1014 misit.
3613 954 3792 1012 Gades

2155 1043 2310 1100 enim
2344 1045 2532 1100 Barne
2561 1045 2692 1117 ipsa
2719 1048 2808 1100 est
2837 1044 3086 1113 Pharan,
3121 1045 3274 1116 quod
3315 1044 3375 1099 in
3426 1043 3574 1100 libro
3622 1043 3795 1100 Iosue

2156 1135 2237 1189 ita
2267 1133 2484 1189 dicitur
2516 1151 2529 1199 ;
2561 1139 2790 1190 Locutus
2819 1136 2894 1188 est
2925 1132 3092 1189 Caleb
3119 1133 3190 1188 ad
3231 1134 3388 1190 Iosue
3415 1151 3437 1188 :
3464 1135 3618 1191 Nosti
3664 1131 3792 1206 quid

2155 1225 2364 1280 locutus
2387 1225 2458 1278 sit
2495 1223 2754 1278 Dominus
2781 1221 2852 1278 ad
2881 1223 3091 1294 Moysen
3121 1221 3187 1278 de
3214 1239 3300 1278 me
3329 1224 3382 1278 et
3428 1226 3482 1278 te
3507 1223 3569 1277 in
3599 1221 3788 1278 Gades-

2153 1315 2354 1368 Barne.
2414 1311 2790 1381 Quadraginta
2846 1327 3119 1366 annorum
3187 1327 3362 1378 eram,
3447 1309 3664 1383 quando
3705 1325 3791 1366 me

2152 1403 2304 1457 misit
2360 1402 2558 1472 Moyses
2621 1401 2690 1454 ad
2769 1399 3224 1455 considerandam
3305 1404 3512 1456 terram
3595 1399 3788 1471 (Iosue.

2155 1507 2266 1550 xxv.
2297 1492 2352 1556 6,
2383 1491 2462 1560 7).

461 1663 478 1696 ¹
510 1662 715 1716 Totam
749 1660 899 1716 hanc
947 1659 1253 1732 pericopen
1315 1659 1620 1716 duodecim
1679 1661 1794 1716 fere
1844 1676 2120 1716 versuum
2178 1659 2384 1714 exinde
2440 1674 2626 1730 usque
2691 1659 2762 1712 ad
2815 1658 3007 1724 verba,
3040 1659 3344 1714 intuebitur
3369 1673 3516 1726 eum,
3546 1673 3617 1714 ex
3660 1671 3788 1715 meo

387 1748 501 1788 ms.
535 1732 762 1788 suifeci.

1910 2071 2212 2166 ITEM
2247 2076 2268 2122 ¹

1025 2280 1456 2342 SUCCINCTA
1503 2281 2142 2341 COMMEMUHATIO
2190 2277 2457 2340 DECEM
2499 2279 3074 2342 'I‘ENTATIONUM
3105 2279 3152 2338 ³.

455 2600 646 2657 Prima
693 2601 934 2656 tcntatio
982 2600 1042 2656 in
1091 2600 1238 2656 mari
1288 2601 1484 2656 Rubro
1520 2618 1532 2656 :
1583 2601 1736 2656 unde
1757 2599 2044 2673 scriptum
2075 2603 2121 2668 Β
2154 2599 2380 2672 quinta,
2415 2599 2485 2656 ad
2519 2616 2703 2672 aquas
2734 2599 3211 2656 contradictionis
3243 2616 3256 2654 :
3292 2617 3408 2656 una
3458 2602 3590 2656 ante
3637 2615 3792 2657 mor-

386 2695 476 2746 est
506 2690 562 2745 in
609 2689 856 2756 Pssimo,
894 2694 957 2747 Et
987 2691 1346 2746 irritaverant
1375 2689 1724 2745 ascendentes
1758 2691 1817 2744 in
1865 2689 2034 2756 mari,

384 2781 536 2834 mari
566 2779 742 2834 Rubro
788 2779 1074 2847 Secunda,
1127 2779 1198 2833 de
1245 2778 1538 2834 creatione
1582 2777 1768 2833 vituli.
1819 2777 2034 2847 Tertia,

390 2867 543 2940 quod
580 2867 1073 2923 murmuravcrint
1103 2867 1356 2922 dicentes
1391 2883 1403 2922 :
1441 2867 1618 2936 Quare
1664 2883 1762 2922 nos
1837 2867 2032 2922 eduxi-

379 2957 454 3013 sti
481 2956 546 3012 de
573 2959 808 3028 iEgypto
832 2957 860 3012 ?
891 2958 1105 3014 Anima:
1134 2961 1338 3014 nostra?
1375 2961 1644 3012 nauseant
1699 2973 1864 3027 super
1919 2956 2038 3011 cibo

383 3047 672 3102 levissimo.
723 3047 788 3104 Et
818 3049 967 3102 misit
1015 3048 1092 3101 eis
1138 3056 1410 3118 serpentes
1462 3047 1684 3116 ignitos.
1727 3047 1945 3110 Quarta
1984 3050 2042 3101 et

457 3190 472 3224 ¹
507 3189 664 3244 Idem
699 3205 808 3244 ms.
841 3190 992 3257 Quod
1021 3205 1092 3244 erc
1119 3189 1256 3244 libro
1285 3191 1409 3245 Jesu
1447 3188 1814 3244 animadverti
1868 3189 2041 3258 facile

381 3269 582 3388 potestt
622 3261 701 3317 Ita
745 3263 947 3317 etenim
993 3264 1051 3316 in
1097 3261 1282 3317 eodem
1325 3261 1463 3316 libro
1517 3261 1776 3316 scribitur
1819 3277 1831 3314 :
1869 3261 2039 3316 Locu-

406 3349 492 3389 us.
525 3349 556 3388 e
584 3349 634 3388 c.

479 3375 492 3402 ’
525 3373 634 3388 νυνί

2150 2694 2267 2744 tem
2298 2689 2508 2758 Mariis,
2543 2687 2656 2744 alia
2689 2693 2817 2761 post
2847 2692 3092 2744 mortem
3128 2688 3337 2744 Marini.
3361 2688 3792 2762 Sexta,quando

2152 2794 2368 2833 manna
2398 2777 2758 2850 computruit
2787 2778 2958 2845 eis,et
2986 2777 3282 2834 vermibus
3309 2776 3794 2851 ebullivit.Septi-

2153 2884 2248 2922 ma
2273 2871 2328 2922 et
2376 2871 2598 2932 octava,
2645 2867 2716 2922 de
2763 2866 3183 2922 coturnicibus.
3234 2867 3416 2935 Noua;
3468 2867 3538 2924 de
3585 2866 3790 2924 Chore.

2149 2957 2404 3018 Decima.
2439 2957 2510 3011 de
2539 2954 3026 3028 cXploratoribus.

2218 3191 2240 3224 ²
2288 3194 2446 3267 Hauc
2501 3189 2818 3260 superioris
2863 3188 3057 3267 libelli
3112 3188 3268 3246 velut
3325 3185 3793 3267 ἀνακεφαλαίωσιν

2147 3277 2214 3316 ex
2245 3263 2446 3317 eodem
2479 3278 2606 3317 meo
2643 3278 2752 3318 ms.
2786 3262 3088 3318 subnecto.

785 3647 1775 3744 COMMENTARIUS
1837 3649 1965 3744 ΙΝ
2038 3648 2676 3744 CANTICUM
2747 3648 3393 3744 DEBBOR/E.

456 4023 635 4095 (Judzc
665 4040 718 4079 ν.
753 4056 820 4063 -
851 4023 1013 4080 Vera.
1075 4025 1151 4096 l'.)

385 4115 442 4168 et
471 4111 652 4167 Barac
685 4112 840 4167 illius
871 4113 1175 4170 Abinoem.
1209 4137 1236 4162 .ι>
1271 4113 1447 4168 Barac
1478 4113 1564 4168 vir
1595 4113 1870 4168 Debborae
1905 4131 2036 4186 pro-

390 4200 648 4273 phetidis
680 4201 858 4258 fuisse
890 4203 1160 4257 traditur.
1196 4203 1321 4274 Ipse
1351 4201 1525 4258 etiam
1555 4203 1796 4258 Baracin
1830 4219 2037 4275 praece-

387 4289 664 4345 dentibus
697 4290 974 4362 Lapidoth
1009 4291 1557 4363 vocatur,‘Lapidoth
1584 4293 1737 4348 enim
1761 4293 2036 4364 interpre-

390 4381 564 4444 tatur,
589 4380 786 4449 fulgur
817 4396 829 4433 :
865 4379 1045 4434 Barac
1068 4379 1792 4453 quoqueJulmenIulgur
1821 4381 2035 4437 idcirco

389 4467 530 4540 quia
558 4474 874 4540 antequam
909 4467 1289 4525 ulcisceretur
1323 4469 1497 4524 Israel
1547 4471 1618 4524 de
1665 4470 2038 4542 Chananazis,

385 4555 559 4627 quasi
592 4556 789 4628 fulgur
819 4555 1244 4630 splendebatin
1276 4557 1490 4630 populo
1544 4561 1766 4615 meritis
1815 4559 2040 4616 scilicet

385 4648 444 4700 et
472 4645 874 4718 praerogativis
904 4662 1146 4718 operum
1174 4665 1186 4702 :
1223 4654 1531 4721 postquam
1575 4666 1708 4705 vero
1761 4651 1918 4704 ultus
1951 4653 2039 4705 est

387 4732 568 4790 Israel
602 4734 672 4790 de
700 4733 1070 4802 Cbananceis,
1124 4735 1366 4806 fulmen,
1426 4737 1482 4792 id
1541 4743 1646 4805 est,
1707 4737 2038 4810 percutiens

382 4827 630 4879 vocatus
663 4827 770 4879 est.

458 4912 646 4985 (Vers.
683 4912 735 4983 4,
768 4912 848 4985 5.)
885 4912 1178 4983 «Domine,
1241 4931 1374 4970 cum
1429 4914 1615 4971 exires
1675 4916 1746 4970 de
1805 4915 1953 4981 Seir,
1985 4918 2042 4970 et

390 5002 672 5057 transires
733 5020 836 5075 per
897 5002 1163 5075 regiones
1223 5005 1428 5069 Edam,
1503 5010 1657 5059 terra
1713 5010 1873 5058 motu
1931 5007 2040 5071 est,

389 5089 516 5145 σαιιί
549 5106 615 5145 ac
645 5091 832 5147 nubes
864 5091 1233 5148 stillaverunt
1254 5093 1446 5164 aquis.
1477 5116 1496 5140 ιι
1535 5092 1735 5148 Exisse
1762 5093 2041 5148 Dominus

390 5179 605 5234 dicitur
636 5181 704 5236 de
734 5181 880 5248 Srir,
911 5187 967 5237 et
999 5183 1281 5237 transisse
1311 5199 1410 5252 per
1440 5183 1712 5249 Edom,eo
1736 5183 1888 5254 quod
1917 5183 2042 5237 ldu-

389 5268 551 5322 maeis
575 5268 758 5341 legem
788 5288 956 5326 suam
1007 5272 1262 5343 recipere
1318 5271 1674 5336 nolentibus,
1729 5276 1782 5327 in
1847 5276 2044 5328 monte

389 5355 549 5412 Sinai
582 5357 766 5431 legem
801 5360 977 5416 Israel
1013 5361 1257 5426 dederit,
1289 5385 1313 5410 α
1351 5362 1530 5417 Terra
1573 5368 1730 5416 mota
1777 5368 1884 5426 est,
1917 5361 2044 5417 cceli

1194 4047 1220 4072 ››
1270 4024 1728 4098 Cecincruntque
1773 4024 2033 4080 Debbora
2062 4029 2104 4096 ί]
2145 4042 2210 4080 ac
2240 4026 2424 4081 nubes
2454 4024 2822 4080 stillavcrunt
2852 4025 3040 4098 aquis.
3081 4051 3100 4074 ι
3138 4026 3328 4082 Terrae
3354 4029 3550 4082 motus
3577 4025 3798 4084 montis

2147 4115 2286 4171 Sina
2321 4115 2688 4170 describitur.
2727 4119 2789 4170 ιιι
2819 4115 2970 4188 quod
3019 4115 3206 4170 dicit:
3251 4142 3270 4165 ο
3307 4115 3442 4170 ϐωὶί
3499 4133 3565 4172 ac
3611 4116 3796 4173 nubes

2147 4204 2516 4260 stillaverunt
2543 4205 2736 4277 aquis,
2775 4228 2800 4252 υ
2833 4205 2904 4259 ad
2939 4204 3306 4276 praesentiam
3360 4203 3610 4276 Domini,
3666 4203 3795 4260 coeli

2146 4294 2314 4366 quasi
2349 4293 2603 4366 quodam
2638 4310 2846 4366 pavore
2877 4294 3120 4348 sudores
3147 4293 3478 4349 amittentes
3534 4306 3559 4337 ο
3619 4292 3792 4365 aquis

2145 4383 2464 4438 stillavisse
2496 4383 2793 4438 dicuntur.
2830 4381 3113 4438 Similiter
3153 4387 3210 4438 et
3258 4405 3286 4431 «
3340 4386 3570 4440 montes
3615 4381 3797 4438 ﬂuxe-

2147 4477 2287 4528 runt
2319 4490 2352 4527 a
2384 4472 2530 4526 facie
2561 4472 2812 4527 Domini.
2851 4493 2877 4520 »
2910 4472 3069 4537 Quod
3105 4489 3236 4526 vero
3269 4471 3558 4544 sequitur,
3580 4489 3607 4524 ι
3642 4469 3806 4528 Sinni

2147 4579 2180 4616 a
2237 4561 2382 4616 facie
2429 4559 2662 4616 Domini
2714 4561 2813 4617 Dei
2871 4560 3066 4628 lsracl,
3126 4583 3144 4608 ι
3200 4560 3672 4617 subaudiendum
3693 4562 3804 4631 est,

2147 4650 2508 4708 contremuit
2535 4655 2594 4705 et
2625 4650 2886 4704 fumavit.

2219 4739 2409 4808 (Vers.
2447 4737 2527 4808 6.)
2559 4760 2586 4787 ‹‹
2623 4737 2682 4790 In
2742 4737 2950 4793 diebus
3018 4736 3242 4810 Sangar
3309 4737 3414 4792 filii
3471 4735 3684 4806 Anath,
3742 4735 3802 4793 in

2149 4826 2361 4881 diebus
2390 4825 2556 4881 Jath
2591 4827 2939 4898 quieverunt
2969 4827 3210 4893 semitae,
3272 4832 3326 4882 et
3365 4827 3466 4900 qui
3516 4824 3804 4898 ingredie-

2151 4916 2366 4970 bantur
2391 4932 2494 4988 per
2514 4932 2640 4987 eas,
2673 4915 3126 4972 ambulaverunt
3157 4933 3258 4988 per
3289 4916 3464 4972 calles
3513 4915 3729 4972 devios.
3766 4935 3796 4964 υ

2155 5005 2455 5071 Quievisse
2481 5005 2760 5060 dicuntur
2789 5005 3031 5068 semitae,
3094 5005 3231 5078 quia
3273 5011 3531 5078 tempore
3574 5008 3800 5076 Sangar

2153 5094 2322 5148 ducis
2357 5093 2555 5162 Israel,
2591 5099 2998 5166 praeoccupatae
3031 5099 3196 5148 erant
3226 5093 3446 5150 semitae
3483 5093 3555 5148 ab
3594 5090 3799 5148 inimi-

2152 5186 2236 5238 cis
2269 5183 2466 5252 Israel,
2511 5189 2568 5238 et
2625 5200 2738 5238 non
2800 5184 3094 5238 audebant
3152 5183 3205 5238 in
3262 5185 3502 5237 domum
3565 5180 3797 5237 Domini

2155 5272 2333 5328 libere
2368 5273 2571 5327 orandi
2606 5272 2795 5342 gratia
2827 5273 3141 5327 ascendere
3173 5290 3186 5340 ;
3219 5273 3321 5328 sed
3371 5271 3470 5344 qui
3517 5269 3804 5344 ingredie-

2153 5362 2369 5417 bantur
2400 5379 2502 5434 per
2556 5378 2677 5426 eas,
2743 5361 2950 5416 timore
3008 5360 3384 5416 inimicorum
3445 5359 3688 5416 latenter
3745 5361 3804 5415 et

456 5536 982 5615 (a)Perperani,_ct
1039 5540 1198 5598 nullo
1265 5557 1443 5599 sensu
1477 5542 1812 5599 excuderet
1865 5542 2245 5600 Martianwus
2303 5544 2620 5615 miscentur,
2656 5557 2760 5614 pro
2815 5543 3142 5609 amittentes,
3175 5539 3678 5615 quemadmodum
3733 5551 3803 5598 es

389 5621 518 5664 meo
549 5624 661 5667 ms.
679 5610 941 5671 restitui.
