3970 6392
181 361 334 427 1385

1160 359 1568 425 COMMENT.
1616 361 1697 467 Il"!
1741 358 2141 424 CANTICUM
2185 361 2597 426 DEBBORE.

3418 365 3577 443 ιθθφ

179 511 277 567 per
304 492 482 557 calles
512 494 709 557 devios
756 495 1166 557 ascendebant.
1205 496 1282 550 De
1323 473 1536 567 quibus
1568 494 1820 549 inimicis
1851 495 1904 561 Α
1934 494 2070 549 ditis
2094 512 2269 566 super
2294 495 2545 553 nitentes
2566 496 2764 553 asinos
2784 496 2880 569 (ὁ).
2906 518 2935 547 ››
2967 497 3033 555 In
3064 496 3324 566 Hebraeo,
3355 502 3576 557 asinas.

178 600 287 638 non
326 583 492 655 plene
523 601 622 639 eos
677 584 956 639 liberasse
1013 588 1235 655 Sangar
1294 584 1566 637 scribitur
1623 583 1817 654 (lu/lic.

176 690 254 741 III,
287 674 566 742 31).Quod
601 691 732 729 vero
786 673 1172 746 interponitur
1227 672 1398 744 paulo
1438 672 1729 744 superius,
1763 674 1819 727 in

172 761 355 817 diebus
400 762 575 831 Jahel,
619 762 1064 833 intelligendum
1122 768 1229 831 est,
1291 762 1427 833 quia
1473 762 1820 833 interempto

172 849 367 906 Sisara
397 868 431 906 a
459 850 649 910 Jabel.
685 857 897 923 apertae
947 855 1085 905 sunt
1117 851 1217 905 viae
1267 856 1322 905 et
1352 852 1570 923 absque
1605 850 1719 905 ullo
1749 850 1820 906 ti-

172 956 329 995 more
355 940 512 995 ibanl.
546 942 604 995 in
630 941 869 1001 domum
904 940 1156 1004 Domini,
1185 941 1281 1012 qui
1309 944 1479 994 antea
1512 957 1612 1011 per
1642 938 1820 995 calles

169 1028 361 1085 devios
383 1027 522 1085 illuc
554 1030 1007 1101 gradiebantur,
1044 1034 1103 1083 lit
1134 1031 1286 1102 quod
1313 1028 1477 1083 Jabel
1514 1033 1648 1083 ante
1677 1030 1819 1084 Deb-

169 1118 369 1172 boram
402 1117 494 1173 hic
531 1118 789 1190 ponitur,
822 1117 1177 1172 humilitatis
1210 1135 1387 1173 causa
1417 1117 1525 1171 hoc
1558 1117 1823 1172 Debbora

169 1206 373 1261 fecisse
413 1207 648 1274 dicitur,
701 1223 766 1261 eo
806 1208 959 1279 quod
1015 1207 1176 1260 Jabel
1241 1223 1385 1260 uxor
1454 1207 1598 1260 Aber
1645 1204 1819 1260 Cinaei

168 1293 429 1351 Sisaram
463 1294 837 1352 interfecerit.

237 1385 423 1455 (Vere.
489 1385 570 1452 7.)
626 1408 652 1432 ο‹
722 1386 1108 1440 Cessaverunt
1173 1384 1437 1455 (autem),

170 1473 344 1529 Israel
375 1473 741 1545 quieverunt,
790 1474 971 1528 donec
1005 1476 1269 1545 surgeret
1323 1472 1603 1541 Debbora,
1637 1475 1822 1526 mater

167 1563 225 1617 in
270 1561 460 1618 Israel.
502 1584 527 1605 η
562 1562 759 1617 Fortes
815 1562 909 1616 hic
967 1562 1234 1617 doctores
1295 1565 1353 1616 et
1413 1560 1820 1632 praedicatores

165 1651 311 1724 legis
340 1650 501 1721 dicit,
537 1650 634 1722 qui
671 1650 980 1723 quievisse,
1016 1650 1067 1703 id
1103 1654 1210 1713 est,
1248 1666 1363 1704 non
1406 1649 1585 1703 fuisse
1618 1648 1817 1703 dicun-

165 1746 279 1810 tur,
315 1740 497 1795 donec
530 1743 793 1811 surgeret
842 1756 967 1810 quae
1020 1737 1195 1793 Israel
1239 1744 1293 1793 et
1326 1737 1734 1810 przedicatione
1764 1742 1821 1793 et

161 1828 561 1883 exhortatione
588 1828 841 1892 doceret,
873 1833 929 1882 et
976 1826 1222 1882 consilio
1270 1828 1340 1881 ab
1373 1826 1643 1881 hostibus
1674 1826 1818 1882 libe-

160 1920 337 1973 raret.
370 1916 487 1972 Hos
535 1915 710 1973 etiam
744 1916 921 1972 fortes
972 1916 1030 1971 in
1082 1915 1484 1987 superioribus
1518 1915 1587 1969 ad
1621 1914 1817 1970 Domi-

162 2023 306 2061 num
341 2022 537 2060 secum
573 2005 1031 2059 benedicendum
1083 2007 1284 2059 eadem
1335 2004 1597 2057 Debbora
1628 2003 1820 2058 verbis

164 2095 259 2151 his
292 2099 588 2167 provocat,
646 2095 844 2149 dicens
873 2111 885 2147 :
921 2117 949 2144 «
983 2093 1090 2156 Qui
1151 2097 1362 2165 sponte
1419 2092 1720 2147 obtulistis
1753 2092 1823 2148 de

163 2184 343 2239 Israel
400 2184 629 2239 animas
667 2189 893 2238 vestras
951 2183 1020 2238 ad
1086 2180 1434 2254 periculum,
1499 2179 1825 2237 benedicite

162 2274 411 2329 Domino
478 2276 638 2341 (vers.
707 2274 781 2344 2).
822 2295 847 2320 »
881 2272 946 2327 Hi
1019 2272 1218 2336 fortes,
1280 2271 1335 2325 id
1401 2276 1508 2337 est,
1551 2271 1827 2326 doctores

160 2362 448 2418 obtulisse
470 2362 747 2418 dicuntur
767 2361 996 2417 animas
1021 2378 1159 2417 suas
1182 2362 1253 2416 ad
1278 2359 1691 2432 periculum,id
1714 2363 1822 2430 est,

173 2452 288 2526 legi
319 2452 421 2508 Dei
454 2456 510 2507 et
557 2451 818 2507 servituti
862 2452 988 2522 ejus
1040 2467 1099 2506 se
1130 2450 1482 2517 subdidisse,
1516 2452 1567 2505 et
1601 2448 1692 2504 die
1723 2466 1825 2504 no-

175 2546 397 2614 ctuque
425 2540 486 2597 in
519 2539 995 2596 meditationibus
1035 2539 1179 2613 legis
1212 2556 1421 2612 corpus
1453 2538 1828 2611 animamque

176 2638 473 2686 mactasse
499 2631 538 2684 ¹.
1098 2637 1106 2645 ’

248 2719 439 2791 (Vers.
473 2720 551 2788 8.)
582 2742 609 2768 ‹‹
642 2718 797 2774 Nova
822 2717 975 2774 bella
1022 2717 1194 2791 elegit
1217 2719 1521 2791 Dominus,
1556 2726 1612 2777 et
1633 2728 1831 2795 portas

172 2808 441 2865 hostium
470 2808 596 2881 ipse
645 2808 947 2863 subvertit.
989 2807 1239 2880 Clypeus
1288 2814 1343 2864 et
1370 2809 1538 2865 hasta
1570 2811 1618 2867 si
1651 2829 1829 2886 appa-

172 2903 427 2954 ruerunt
476 2897 536 2952 in
584 2897 974 2970 quadraginta
1032 2897 1294 2953 millibus
1345 2900 1538 2955 Israel.
1597 2923 1624 2950 ››
1669 2903 1829 2968 Quod

171 2987 321 3043 dicit
355 2987 593 3059 clypeus
624 2992 680 3041 et
708 2986 893 3053 hasta,
929 2985 1372 3058 intelligendum
1406 2993 1496 3043 est
1526 2989 1632 3045 hoc
1664 2990 1831 3062 quasi

168 3077 567 3148 jurejurando
602 3076 839 3146 dixisse,
873 3076 1025 3148 quod
1062 3075 1119 3129 in
1154 3076 1539 3148 quadraginta
1570 3079 1834 3134 millibus

170 3164 361 3222 Israel
394 3181 499 3221 nec
550 3163 808 3237 clypeus,
862 3180 964 3219 nec
1017 3163 1186 3219 basta
1214 3165 1457 3220 inveniri
1491 3172 1704 3238 posset.
1740 3168 1829 3222 Id-

1510 1385 1688 1438 fortes
1758 1382 1816 1437 in
1847 1446 1858 1459 ρ

1934 607 1961 631 ‹‹
1998 586 2061 637 lit
2106 585 2319 638 sedetis
2380 585 2435 639 in
2460 585 2705 656 judicio.
2742 609 2769 634 ››
2832 591 2896 642 In
2944 587 3201 657 Hebraeo,
3237 610 3263 639 ‹‹
3296 589 3577 647 Sedentes

1932 690 2110 745 super
2151 674 2465 745 judicium.
2522 676 2592 731 Et
2638 675 2953 731 ambulatis
3000 675 3061 731 in
3118 676 3229 745 via,
3262 676 3578 750 loquimini

1932 759 2027 813 ubi
2065 760 2250 815 collisi
2280 766 2419 815 sunt
2458 778 2685 829 currus,
2748 768 2803 818 et
2841 762 3097 818 hostium
3139 765 3458 822 suffocatus
3487 770 3581 823 est

1930 849 2234 913 exercitus,
2267 848 2345 903 ibi
2372 852 2939 922 narrenturjustitiaa
2972 852 3223 923 Domini,
3256 853 3578 912 clementia

1931 935 2094 992 fortis
2127 937 2324 993 Israel.
2352 961 2379 988 »
2409 942 2762 996 Ascensores
2792 940 3092 996 asinarum
3126 941 3377 1014 populus
3398 943 3578 1003 Israel

1929 1025 2174 1094 dicitur;
2201 1028 2376 1082 asinae
2404 1046 2536 1084 vero
2574 1028 2635 1084 in
2664 1029 2880 1100 quibus
2929 1031 3273 1099 ascendunt,
3308 1032 3577 1090 doctores

1930 1115 2119 1170 tribus
2147 1114 2319 1172 Israel
2342 1116 2638 1185 dicuntur,
2680 1134 2857 1189 super
2883 1134 3131 1190 quorum
3153 1120 3418 1177 doctrina
3438 1121 3575 1178 reli-

1928 1220 2082 1274 quus
2113 1204 2362 1277 populus
2395 1206 2561 1278 quasi
2608 1223 2784 1278 super
2827 1208 3024 1263 asinas
3072 1210 3384 1265 ascendere
3422 1210 3577 1266 dici-

1928 1296 2043 1361 tur,
2078 1294 2131 1348 id
2157 1298 2263 1356 est,
2295 1295 2677 1367 requiescere.
2710 1296 2776 1351 Et
2798 1295 2911 1368 ipsi
2940 1296 3117 1353 asinae
3133 1297 3430 1371 dicuntur,
3462 1299 3575 1356 hoc

1927 1386 2035 1447 est,
2068 1384 2397 1454 gradientes
2421 1385 2606 1440 instar
2627 1385 2800 1441 asinae
2824 1385 2882 1441 in
2914 1385 3059 1458 lege,
3094 1387 3365 1445 sedentes
3396 1405 3576 1461 super

1921 1471 2235 1542 judicium,
2270 1472 2327 1527 id
2360 1478 2448 1528 est
2486 1491 2662 1546 super
2717 1472 2926 1546 legem.
2994 1475 3128 1540 Quae
3181 1477 3356 1533 etiam
3396 1492 3579 1551 super

1922 1559 2215 1629 judicium
2247 1562 2445 1617 sedere
2475 1562 2770 1628 dicuntur,
2830 1563 2887 1618 id
2917 1568 3007 1619 est
3063 1581 3239 1637 super
3276 1564 3486 1638 legem,
3520 1569 3582 1623 et

1929 1648 2230 1703 ambulare
2260 1649 2317 1703 in
2352 1650 2441 1705 via
2472 1651 2583 1705 sub
2638 1651 2782 1723 lege,
2824 1668 2891 1707 eo
2921 1652 3076 1723 quod
3116 1653 3270 1709 viam
3303 1653 3449 1725 legis
3482 1671 3581 1729 ne-

1929 1754 2225 1809 quaquam
2282 1740 2642 1796 excederent.
2703 1740 2991 1812 Populum
3038 1742 3233 1813 itaque
3264 1742 3366 1814 qui
3397 1759 3580 1817 super

1930 1826 2035 1881 bas
2075 1826 2291 1896 asinae,
2343 1827 2401 1882 id
2450 1834 2540 1884 est
2590 1847 2765 1901 super
2814 1830 2920 1885 hos
2951 1830 3216 1887 doctores
3247 1833 3584 1904 requiesce-

1930 1915 2046 1982 bat,
2118 1920 2386 1987 provocat
2453 1916 2719 1973 Debbora
2757 1919 2828 1974 ad
2872 1908 3334 1976 benedicendum
3375 1920 3580 1977 Domi-

1931 2010 2160 2069 num,et
2183 2005 2303 2060 ait:
2354 2007 2692 2077 Loquimini,
2752 2008 2808 2063 id
2870 2013 2977 2075 est,
3039 2009 3279 2066 laudate.
3312 2010 3381 2065 Et
3411 2008 3585 2082 quasi

1931 2091 2425 2165 interrogassent:
2461 2094 2563 2150 Ubi
2597 2101 2653 2151 et
2683 2097 2918 2168 quando
2970 2088 3343 2155 laudabimus
3374 2098 3575 2155 Domi-

1934 2199 2073 2237 num
2096 2183 2123 2236 ?
2155 2181 2253 2237 illa
2286 2183 2620 2254 respondit:
2657 2206 2685 2234 «
2717 2183 2822 2240 Ubi
2856 2183 3045 2241 collisi
3086 2191 3226 2243 sunt
3254 2203 3484 2255 currus,
3519 2189 3580 2244 et

1934 2272 2191 2326 hostium
2258 2272 2578 2330 suffocatus
2642 2278 2732 2329 est
2799 2274 3104 2344 exercitus,
3149 2275 3231 2331 ibi
3271 2280 3583 2332 narrentur

1927 2361 2173 2432 justitize
2224 2360 2477 2430 Domini,
2527 2362 2837 2418 clementia
2884 2362 3049 2419 fortis
3105 2364 3318 2432 Israel;
3352 2386 3380 2416 »
3432 2380 3499 2421 ac
3530 2363 3586 2422 si

1936 2449 2151 2505 diceret
2174 2468 2186 2506 :
2212 2450 2486 2514 Quamvis
2510 2467 2740 2523 semper
2763 2460 2814 2507 et
2840 2452 3055 2525 ubique
3079 2457 3230 2510 Deus
3251 2452 3586 2509 laudandus

1939 2540 2050 2606 sit,
2088 2544 2281 2595 tamen
2315 2540 2486 2595 modo
2536 2539 2865 2597 laudandus
2896 2558 2931 2596 a
2968 2541 3134 2597 nobis
3168 2541 3363 2613 potius
3395 2544 3454 2605 et
3485 2542 3585 2598 be-

1941 2629 2294 2686 nedicendus
2360 2635 2467 2698 est,
2539 2629 2638 2702 qui
2670 2629 2941 2691 inimicos
3009 2636 3240 2689 nostros
3279 2629 3587 2702 subvertit,

1941 2717 2093 2773 sicut
2123 2718 2414 2791 Egyptios
2448 2719 2506 2775 in
2538 2717 2686 2775 mari
2718 2718 2933 2775 Rubro.

2013 2897 2196 2968 (Vers.
2232 2898 2324 2965 ll)
2354 2921 2381 2947 «
2415 2898 2578 2953 Tunc
2637 2898 2938 2954 descendit
2967 2898 3219 2972 populus
3251 2898 3483 2956 Domini
3515 2899 3590 2957 ad

1946 2992 2225 3060 portas,et
2253 2986 2507 3043 obtinuit
2538 2985 2950 3058 principatum.
2984 3007 3010 3039 ι
3051 2988 3132 3043 Ad
3175 2992 3375 3062 portas
3406 3005 3593 3062 popu-

1947 3078 2036 3132 lus
2073 3076 2297 3133 Domini
2330 3074 2649 3141 descendit,
2686 3075 2741 3129 id
2773 3082 2881 3141 est,
2914 3076 2986 3131 ad
3020 3082 3214 3148 portas
3235 3077 3445 3132 domus
3474 3077 3588 3134 Do-

1946 3167 2110 3236 mini,
2145 3164 2282 3237 quia
2311 3164 2613 3219 benedicto
2644 3163 2889 3219 Domino
2915 3168 2971 3219 et
2992 3164 3321 3221 collaudato
3376 3164 3589 3224 inloco

170 3257 333 3310 circo
359 3254 636 3309 Dominus
669 3270 815 3307 nova
846 3252 995 3308 bella
1042 3253 1287 3323 elegisse
1334 3254 1567 3325 dicitur,
1610 3261 1665 3311 et
1697 3274 1825 3327 por-
1856 3232 1898 3300 C
1939 3254 2208 3319 victoriis,
2248 3252 2678 3307 descenderunt
2742 3252 2800 3306 in
2841 3253 3082 3309 domum
3126 3253 3376 3325 Domini,
3410 3257 3475 3309 ut
3501 3253 3587 3311 ibi

170 3349 267 3401 tas
323 3343 586 3400 hostium
635 3342 1007 3410 subvertisse,
1057 3359 1121 3397 eo
1189 3343 1340 3414 quod
1390 3344 1461 3398 de
1502 3344 1830 3402 inermibus

170 3437 361 3491 tortes
394 3438 450 3488 et
504 3431 842 3487 victoriosos
902 3431 1115 3487 fecerit.
1176 3432 1338 3496 Quod
1396 3450 1527 3489 vero
1559 3434 1830 3490 lsraelitae

170 3522 366 3580 armis
397 3520 699 3593 exspoliati
759 3520 1007 3576 fuissent
1064 3521 1299 3576 aJabin
1358 3539 1490 3594 rege
1532 3523 1829 3593 Chanaan,

166 3612 231 3668 in
268 3610 682 3683 superioribus
722 3609 1067 3679 declaratur,
1101 3610 1198 3665 ubi
1254 3611 1502 3667 dicitur:
1552 3611 1831 3669 Clamave-

168 3705 425 3772 runtque
454 3699 563 3768 ﬁlii
603 3699 771 3754 Israel
817 3700 887 3753 ad
916 3700 1227 3754 Dominum.
1272 3700 1572 3771 Nongentos
1601 3703 1835 3758 habebat

166 3792 418 3862 falcatos
473 3804 685 3857 currus,
743 3796 794 3844 et
840 3805 936 3859 per
1004 3790 1208 3858 viginti
1260 3807 1438 3847 annos
1494 3792 1839 3848 vehementer

167 3880 459 3952 Oppressit
488 3893 576 3933 eos
604 3876 800 3946 (Judic.
836 3894 911 3947 1v,
952 3877 1028 3948 3).
1092 3877 1477 3935 Vehementer
1528 3885 1585 3935 et
1616 3881 1839 3937 fortiter

167 3967 484 4042 oppressit
514 3983 631 4027 eos.
667 3965 807 4038 quia
836 3966 1016 4021 armis
1042 3967 1396 4039 exspoliasse
1444 3970 1693 4025 dicitur:
1725 3970 1836 4027 sic-

168 4063 241 4114 ut
291 4044 362 4112 in
412 4055 559 4111 libro
609 4055 898 4111 Samuelis
948 4056 1260 4111 scribitur:
1323 4058 1560 4128 Cumque
1606 4055 1841 4114 uenisset

166 4149 297 4204 dies
330 4144 549 4219 praelii,
589 4161 701 4200 non
726 4146 975 4200 inventus
999 4152 1077 4199 est
1104 4146 1247 4199 ensis
1277 4153 1328 4201 et
1358 4146 1545 4201 lancea
1576 4149 1637 4201 in
1668 4164 1839 4202 manu

166 4238 350 4295 lolius
397 4234 589 4307 populi
633 4236 730 4306 qui
773 4241 1083 4291 erantcum
1108 4234 1246 4290 Saul
1277 4237 1325 4289 et
1350 4235 1640 4306 Jonathan,
1675 4252 1837 4292 exce-

159 4332 264 4401 pto
300 4325 446 4381 Saul
474 4326 527 4379 et
554 4324 827 4380 Jonalban
855 4325 977 4395 ﬁlio
1007 4324 1125 4392 eius
1153 4324 1200 4390 (I
1233 4324 1358 4392 Reg.
1391 4342 1513 4394 XIII,
1544 4325 1657 4397 22).

248 4414 452 4490 (Vers.
494 4413 549 4479 9,
583 4413 670 4478 10,
705 4413 813 4484 11.)
846 4435 874 4464 ‹‹
934 4418 1041 4467 Cor
1099 4429 1292 4469 meum
1326 4413 1519 4487 diligit
1548 4413 1840 4487 principes

165 4503 425 4562 Israel’.
451 4525 479 4553 »
502 4502 834 4559 Notandum
868 4502 1021 4573 quod
1072 4502 1130 4557 in
1161 4502 1418 4571 Hebraeo,
1473 4520 1587 4560 non
1620 4504 1836 4577 princi-

1939 3344 2113 3400 etiam
2171 3341 2485 3398 Dominum
2543 3340 2961 3413 collaudarent,
3012 3342 3305 3399 orationes
3335 3348 3392 3400 et
3420 3343 3585 3399 victi-

1942 3451 2070 3489 mas
2118 3434 2168 3488 ci
2214 3432 2542 3487 offerentes.
2605 3431 2768 3495 Quod
2840 3449 2974 3488 vero
3031 3432 3101 3488 de
3130 3432 3287 3488 tribu
3320 3433 3590 3492 Issachar

1942 3526 2204 3580 doctores
2228 3527 2553 3576 exterarum
2589 3521 2845 3577 tribuum
2878 3526 3093 3592 essent,
3136 3527 3499 3579 monstratur
3525 3539 3595 3583 ex

1944 3613 2092 3669 libro
2122 3610 2626 3683 Paralipomenon,
2685 3610 2784 3667 ubi
2831 3610 2948 3667 ait:
2980 3611 3054 3666 De
3080 3611 3222 3681 ﬁliis
3261 3627 3470 3684 quoque
3503 3611 3589 3669 Is-

1942 3703 2139 3759 sochar
2164 3702 2274 3757 viri
2301 3699 2525 3771 eruditi,
2567 3700 2664 3770 qui
2726 3702 2926 3755 norant
2975 3701 3190 3770 singula
3247 3708 3489 3772 tempora
3519 3699 3592 3761 ad

1942 3789 2371 3865 przrcipiendum
2400 3788 2533 3862 quid
2587 3791 2767 3859 facere
2819 3787 3032 3844 deberet
3082 3788 3271 3858 Israel,
3308 3789 3591 3861 principes

1944 3882 2198 3937 ducenti:
2231 3894 2412 3934 omnes
2458 3885 2638 3932 autem
2711 3877 2936 3947 reliqum
2984 3876 3159 3933 tribus
3187 3893 3375 3934 eorum
3405 3879 3592 3935 consi-

1947 3972 2088 4026 lium
2140 3968 2508 4042 sequebantur
2552 3968 2600 4037 (I
2626 3965 2814 4020 Paral.
2873 3982 2975 4035 xu,
3006 3965 3196 4037 32).Et
3225 3966 3380 4038 quod
3409 3966 3591 4027 iidem

1946 4061 2212 4115 doctores
2242 4057 2391 4113 asini
2452 4061 2883 4126 nuncupentur,
2942 4058 3306 4110 monstratur
3344 4071 3413 4111 ex
3441 4053 3592 4112 libro

1948 4149 2207 4217 Genesis,
2242 4148 2339 4200 ubi
2377 4144 2676 4216 sequitur:
2710 4143 2960 4199 Issachar
3000 4145 3190 4199 asinus
3218 4145 3400 4216 fortis,
3433 4161 3595 4201 aecu-

1949 4238 2080 4291 bans
2110 4236 2258 4289 inter
2283 4235 2565 4302 terminos,
2596 4232 2736 4287 vidit
2792 4233 3038 4305 requiem
3093 4233 3232 4307 quod
3261 4236 3396 4290 esset
3427 4232 3607 4316 bona,

1947 4336 1997 4382 et
2025 4330 2235 4381 terram
2267 4323 2405 4396 quod
2428 4325 2561 4379 esset
2590 4324 2817 4395 Optima,
2877 4327 2931 4378 et
2959 4327 3241 4396 supposuit
3300 4324 3596 4381 humerum

1948 4431 2109 4470 suum
2156 4413 2223 4469 ad
2267 4412 2621 4485 portandum,
2667 4414 2950 4484 factusque
2992 4416 3070 4468 est
3118 4414 3320 4469 tributo
3355 4415 3597 4470 serviens

1952 4504 2100 4577 (Gen.
2167 4520 2316 4571 xux,
2386 4503 2473 4570 44,
2553 4503 2660 4575 15).
2727 4502 2945 4557 Asinus
3002 4501 3061 4557 in
3118 4500 3266 4558 libro
3306 4501 3598 4561 Geneseos

169 4610 309 4670 pes,
347 4592 453 4648 sed
489 4592 754 4647 doctores
784 4591 860 4663 (τι)
891 4590 1120 4664 legitur.
1182 4591 1299 4648 Hoc
1330 4592 1593 4649 Debbora
1620 4594 1678 4649 in
1709 4611 1843 4667 per-
1876 4607 1920 4672 D
1954 4592 2118 4649 fortis
2149 4591 2381 4657 dicitur,
2417 4596 2652 4664 propter
2716 4590 3110 4646 fortitudinem
3145 4589 3312 4663 legis,
3342 4605 3408 4647 eo
3439 4588 3596 4663 quod

163 4702 332 4743 sona
367 4683 468 4739 Dei
503 4680 782 4755 loquitur,
817 4681 971 4754 quod
1005 4681 1157 4737 Deus
1199 4681 1403 4755 diligat
1433 4683 1699 4740 doctores
1730 4682 1842 4758 legi

1951 4685 2010 4743 in
2044 4682 2287 4738 humero
2312 4680 2500 4753 legem
2533 4683 2806 4753 portaret,
2840 4684 2896 4735 et
2941 4680 3162 4735 caeteris
3184 4678 3455 4736 tribubus
3486 4679 3597 4735 tri-

167 4775 275 4831 Dei
313 4773 645 4829 studentes.
680 4772 759 4827 De
809 4771 1023 4843 quibus
1073 4771 1374 4843 sequitur:
1408 4794 1436 4820 «
1470 4772 1575 4835 Qui
1611 4774 1845 4847 propria
1954 4773 2179 4840 butum,
2238 4770 2296 4826 id
2355 4774 2461 4839 est,
2523 4769 2847 4824 doctrinam
2904 4767 3048 4840 legis
3102 4768 3484 4841 impenderet.
3530 4773 3596 4830 In

164 4864 490 4922 voluntate
539 4859 835 4917 obtulistis
883 4876 983 4916 vos
1032 4859 1355 4915 discrimini
1380 4861 1437 4915 in
1472 4863 1709 4936 pepulo,
1742 4864 1842 4920 be-

1950 4861 2099 4917 libro
2129 4877 2260 4916 vero
2288 4858 2566 4914 Judicum
2623 4857 2804 4913 asinae
2852 4858 3148 4926 dicuntur,
3181 4873 3247 4913 eo
3278 4857 3433 4929 quod
3465 4857 3600 4913 viri-

163 4950 446 5011 nedicite
479 4949 742 5005 Domino.
778 4971 805 4999 η
842 4949 919 5004 De
951 4949 1168 5021 quibus
1210 4948 1384 5004 etiam
1419 4952 1542 5021 jam
1573 4952 1844 5023 superius
1954 4953 2063 5006 bus
2118 4949 2279 5005 fracti
2332 4953 2387 5004 et
2435 4946 2749 5014 humiliati,
2808 4952 2981 5018 atque
3021 4945 3237 5002 inﬁrmi
3273 4950 3598 5018 manerent,

163 5044 416 5101 dictum
452 5044 542 5095 est
566 5039 622 5094 in
658 5056 723 5095 eo
751 5038 900 5106 loco,
942 5039 1038 5093 ubi
1076 5039 1192 5094 ait:
1238 5062 1265 5087 ‹‹
1300 5039 1405 5105 Qui
1438 5044 1644 5112 sponte
1674 5041 1843 5097 obtu-

163 5134 341 5190 listis
378 5130 453 5185 de
478 5129 653 5185 Israel
686 5130 913 5185 animas
945 5133 1189 5198 vestras,
1222 5151 1250 5177 »
1302 5132 1408 5185 etc.
1445 5153 1472 5180 «
1505 5132 1612 5195 Qui
1643 5148 1845 5188 ascen-

244 5386 263 5420 ³
306 5385 380 5440 In
417 5380 548 5437 aliis
579 5379 1010 5453 exemplaribus
1037 5397 1353 5437 macerasse.

1945 5042 2090 5113 jugo
2122 5039 2342 5095 scilicet
2370 5036 2631 5111 gentium
2665 5036 2851 5109 pressi
2873 5040 3047 5107 atque
3067 5034 3447 5103 humiliati,et
3471 5034 3597 5096 sola

1954 5136 2182 5185 tantum
2217 5130 2340 5201 lege
2372 5127 2469 5183 Dei
2503 5128 2781 5182 contenti.

238 5476 265 5510 ³
301 5471 593 5529 Hebraeus
622 5455 818 5531 5N1L‘7:
875 5455 1086 5558 ‘PP‘IHS
1119 5470 1393 5526 lehhocece
1443 5473 1632 5534 Israel,
1674 5472 1743 5528 ad
1780 5474 2002 5529 Scribas
2034 5467 2220 5528 Israel.

238 5563 334 5637 (a)
375 5560 676 5637 Rabanus,
718 5561 1004 5631 Principes
1042 5561 1234 5625 Israel,
1268 5560 1479 5633 inquit,
1518 5571 1647 5619 sunt
1675 5564 1849 5620 docto-

164 5634 260 5695 res
294 5634 511 5706 sancti,
538 5649 692 5706 quos,
725 5638 835 5687 etc.

243 5710 332 5790 (ὑ)
370 5703 557 5774 Idem,
586 5705 714 5762 Alia
740 5707 943 5775 autem,
979 5703 1078 5772 ait,
1109 5704 1273 5763 editio
1300 5707 1381 5763 sic
1405 5705 1581 5773 habet,
1612 5706 1848 5766 Benedi-

527 5834 790 5902 Pnaoa.
864 5832 1081 5901 XXIII.

1957 5566 2061 5618 cile
2090 5561 2399 5629 Dominum,
2450 5560 2547 5630 qui
2592 5558 2889 5614 ascenditis
2924 5571 3091 5629 super
3123 5556 3393 5628 jumenla,
3426 5567 3603 5626 supra

1960 5634 2207 5691 vehicula
2233 5631 2492 5700 sedentes,
2526 5635 2582 5687 et
2613 5647 2774 5703 super
2800 5631 2987 5687 asinos
3019 5630 3362 5702 re/ulgenles.

3206 5827 3287 5896 44
