3970 6392
358 402 514 472 1387

1842 404 1885 464 Α
1898 400 2238 464 PPENDIX
2251 446 2266 464 .

3597 383 3756 452 i388

424 545 615 614 (Vers.
659 542 770 615 12.)
799 564 826 591 ››
857 541 1063 614 Surge,
1088 539 1303 613 surge‘,
1336 539 1628 609 Debbora;
1662 553 1856 610 surge,
1915 535 1997 591 lo-
2028 537 2084 604 Α
2115 540 2183 592 ad
2218 535 2580 606 bellandum,
2616 533 2674 589 id
2704 535 2812 605 est,
2845 532 2917 589 ad
2948 529 3266 587 Dominum
3300 522 3751 582 collaudandum

356 650 533 707 quere
565 632 935 688 Canticum.»
971 630 1304 688 Notandum
1358 629 1514 701 quod
1545 628 1604 683 in
1635 628 1875 682 Hebraeo
1904 642 2000 681 ex-

356 724 625 795 Spargisce
657 720 903 792 legatur,
936 719 992 774 id
1024 723 1133 786 est,
1163 717 1498 791 expergisce
1530 717 1591 772 in
1622 715 1833 789 spiritu
1871 729 2004 786 pro-

357 813 585 882 phetiae.
621 810 1000 864 Przel'atorum
1028 808 1225 879 itaque
1255 808 1557 862 doctorum
1585 805 1827 861 vocibus
1857 803 2005 859 Deb-

357 900 501 955 bora
557 901 919 970 provocatur,
981 901 1045 951 ut
1130 895 1569 968 expergiscatur
1655 894 1713 948 in
1796 892 2005 965 spiritu

359 987 675 1061 prophetiae
706 993 763 1041 et
792 986 1007 1052 laudis,
1038 991 1094 1041 et
1122 1002 1238 1040 non
1268 991 1457 1041 cesset
1486 1001 1520 1039 a
1550 982 1823 1039 laudibus
1883 981 2007 1037 Dei.

360 1077 523 1132 Unde
551 1083 610 1133 et
640 1076 942 1147 sequitur:
978 1096 1003 1123 «
1030 1075 1290 1145 Loquere
1319 1073 1646 1128 Canticum.
1677 1075 1859 1143 Surge
1900 1071 2005 1125 Ba-

361 1183 482 1234 rac,
509 1170 568 1222 et
598 1165 969 1239 apprehende
999 1164 1255 1236 captivos
1304 1167 1453 1230 tuos,
1512 1162 1593 1217 fili
1649 1161 1952 1216 Abinoem.
1979 1181 2007 1209 ››

363 1256 423 1310 In
474 1255 714 1311 Hebraeo
771 1253 1065 1308 diciturz'
1098 1273 1126 1302 ‹‹
1172 1251 1436 1307 Przedare
1497 1252 1751 1323 praedam
1819 1253 2010 1319 tuam,

362 1343 774 1400 ﬁliAbiuoem.
802 1364 829 1391 ››
864 1343 989 1397 Ι]ωο
1036 1340 1325 1398 sententia
1373 1340 1615 1396 vocibus
1670 1337 2009 1394 eorumdem

362 1433 538 1490 etiam
591 1433 895 1487 doctorum
942 1432 1119 1485 Barac
1168 1430 1463 1497 admonet,
1525 1432 1591 1483 ut
1646 1427 2014 1498 depraedetur

362 1522 641 1595 reliquias
670 1520 1043 1576 inimicorum
1078 1535 1344 1585 suorum,
1376 1523 1433 1575 et
1460 1518 1529 1573 ad
1556 1516 2012 1573 internecionem

361 1628 460 1670 eos
492 1628 680 1683 usque
710 1611 1011 1683 perducat,
1044 1615 1101 1664 et
1122 1625 1335 1665 nomen
1368 1608 1479 1663 sibi
1511 1605 1763 1662 victorize
1804 1604 2013 1661 lauda-

360 1702 559 1758 biliter
590 1700 873 1772 acquirat.

433 1790 621 1862 (Vere.
677 1789 786 1860 13.)
847 1789 1074 1843 «Tunc
1123 1786 1358 1846 salvatae
1402 1790 1543 1842 sunt
1593 1784 1851 1857 reliquis:
1918 1800 2013 1854 po-

366 1880 565 1953 puli.»
600 1879 727 1934 Haac
758 1876 1048 1933 sententia
1098 1876 1171 1931 ad
1230 1875 1672 1947 intelligendum
1708 1873 2014 1945 jungenda

368 1975 459 2026 est
488 1968 791 2025 sententia:
823 1965 1134 2039 superiori,
1168 1981 1284 2037 qua
1314 1964 1531 2020 dicitur
1553 1981 1566 2018 :
1592 1988 1617 2012 ‹‹
1653 1962 1759 2017 Ubi
1783 1978 2017 2017 narran-

369 2065 467 2116 tur
488 2055 739 2130 justitiae
767 2056 1020 2125 Domini,
1063 2054 1381 2110 clementiae
1429 2053 1595 2108 fortis
1644 2051 1857 2119 Israel;
1892 2073 1920 2101 »
1952 2066 2018 2106 eo

371 2148 527 2221 quod
559 2150 700 2202 tunc
729 2144 962 2201 salvataa
985 2148 1123 2221 sunt
1146 2143 1404 2214 reliquiae
1426 2141 1623 2215 populi
1651 2158 1710 2197 :«
1735 2138 2019 2196 Dominus

370 2238 431 2293 in
463 2236 713 2292 fortibus
742 2233 1059 2289 dimicavit.
1090 2254 1116 2283 »
1152 2234 1213 2287 In
1229 2232 1465 2287 Hebraeo
1488 2231 1701 2303 legitur
1725 2248 1737 2286 :
1762 2229 2021 2285 Dominus

365 2336 595 2399 propter
619 2340 706 2380 me
734 2325 795 2378 in
822 2324 1059 2395 fortibus
1088 2321 1394 2377 dimicavit.
1426 2321 1494 2376 Et
1551 2324 1641 2375 est
1694 2336 1802 2375 vox
1840 2318 2023 2374 totius

370 2415 567 2489 pepuli
598 2413 816 2482 Israel;
848 2411 1148 2468 dimicavit
1176 2410 1334 2467 enim
1366 2414 1606 2483 propter
1641 2427 1740 2466 eos
1772 2410 1830 2464 in
1863 2413 2026 2481 Egy-

373 2505 532 2579 ptiis,
566 2508 626 2560 et
652 2503 712 2559 in
745 2500 1235 2558 ceterisinimicis
1258 2500 1637 2556 Israel.Unde
1657 2499 2021 2571 etsequitur:

440 2596 629 2667 (Vers.
667 2592 778 2661 14.)
809 2615 835 2641 ‹‹
871 2591 952 2645 Ex
984 2589 1258 2662 Ephraim
1285 2588 1497 2645 delevit
1520 2588 1694 2645 eosin
1717 2586 1971 2654 Amalec,
1998 2610 2027 2637 »

372 2684 430 2740 id
463 2689 574 2752 est,
605 2682 784 2738 Josue
820 2679 1107 2736 exsistens
1165 2695 1235 2735 ex
1282 2678 1440 2734 tribu
1500 2678 1776 2751 Ephraim
1819 2676 2031 2732 delevit

374 2774 574 2843 fortes,
608 2772 665 2827 id
698 2775 787 2826 est
816 2769 1089 2825 inimicos
1120 2767 1297 2824 Israel
1330 2768 1388 2822 in
1408 2766 1664 2836 Amalec,
1697 2768 1849 2823 sicut
1888 2766 2030 2839 legi-

378 2868 478 2918 tur
520 2863 581 2917 in
632 2861 781 2916 libro
831 2859 1046 2914 Exodi:
1098 2859 1431 2930 Fugavitque
1485 2859 1644 2913 Josue
1700 2857 1935 2922 Amalec,
1980 2860 2034 2912 et

379 2952 650 3025 populum
676 2951 792 3022 ejus
817 2952 877 3005 in
924 2964 1017 3004 ore
1066 2947 1260 3019 gladii,
1321 2952 1428 3002 etc.
1488 2946 1677 3017 (Exod.
1730 2963 1867 3016 xvu,
1925 2946 2030 3018 13).

387 3042 458 3098 Et
487 3041 641 3113 quod
674 3040 830 3095 idem
858 3038 1037 3095 Josue
1065 3053 1134 3093 ex
1162 3037 1317 3092 tribu
1350 3036 1626 3109 Ephraim
1651 3036 1843 3104 fuerit,
1871 3028 2035 3090 mon-

399 3137 621 3188 stratur
650 3148 718 3186 ex
747 3129 895 3185 libro
922 3129 1333 3192 Numerorum,
1368 3126 1467 3181 ubi
1500 3126 1719 3181 dicitur
1746 3143 1758 3180 :
1793 3127 1866 3181 De
1888 3126 2039 3180 tribu

2114 630 2171 681 et
2201 625 2579 680 exorandum.
2615 623 2694 678 De
2726 623 2940 694 quibus
2972 626 3028 676 et
3058 619 3365 692 sequitur:

2185 715 2372 785 (Vers.
2436 713 2548 783 15.)
2616 712 2858 767 «Duces
2908 708 3177 765 Issacbar
3231 706 3390 760 fuere
3430 720 3565 760 cum
3612 701 3756 756 Deb-

2115 804 2413 860 bora.»ln
2448 802 2712 857 Hebraeo:
2748 800 3044 869 Principes,
3096 797 3151 850 id
3210 800 3300 849 est
3358 794 3620 848 doctores
3677 789 3759 843 le-

2115 893 2225 967 gis,
2257 893 2491 947 fuerunt
2520 906 2653 945 cum
2685 888 2951 943 Debbora
2973 888 3043 941 ad
3077 882 3526 939 collaudandum
3560 878 3761 934 Domi-

2117 998 2283 1043 num,
2314 985 2363 1036 et
2390 983 2568 1035 Barac
2616 980 2838 1047 veslz'gia
2893 980 3022 1030 sunt
3072 974 3265 1027 secuti.
3319 969 3760 1040 Intelligendum

2117 1076 2223 1133 est,
2257 1071 2394 1143 quia
2424 1086 2558 1141 pars
2589 1068 2855 1140 quaedam
2891 1065 3127 1119 illorum
3187 1078 3318 1116 cum
3379 1058 3643 1113 Debbora
3690 1055 3763 1109 ad

2116 1160 2479 1215 laudandum
2531 1158 2843 1212 Dominum
2906 1152 3206 1216 remansit,
3265 1155 3320 1202 et
3377 1164 3512 1220 pars
3585 1145 3764 1200 Barac

2116 1249 2359 1321 vestigia
2390 1252 2528 1303 sunt
2557 1246 2739 1301 secuti
2772 1245 2843 1300 ad
2903 1242 3183 1314 populum
3244 1235 3669 1295 exhortandum
3707 1237 3765 1287 et

2119 1320 2533 1394 debellandum
2562 1336 2838 1390 Sisaram.
2879 1352 2901 1380 α
2937 1330 3043 1397 Qui
3075 1328 3240 1401 quasi
3277 1327 3332 1381 in
3392 1339 3643 1397 praeceps
3691 1320 3765 1375 ad

2119 1427 2460 1483 barathrum
2493 1441 2555 1481 se
2585 1420 2913 1480 discrimini
2936 1420 3114 1475 dedit.
3144 1441 3170 1467 ››
3204 1419 3380 1472 Barac
3399 1412 3621 1470 scilicet
3650 1425 3770 1466 cre-

2121 1518 2267 1573 dens
2296 1516 2470 1572 verba
2503 1512 2750 1583 Domini,
2783 1528 2845 1568 se
2902 1508 3063 1566 dedit
3108 1502 3454 1571 discrimini,
3507 1498 3770 1574 praecipi-

2120 1611 2251 1661 tans
2284 1622 2344 1661 se
2376 1605 2432 1659 in
2466 1608 2780 1659 torrentem
2814 1600 2987 1655 Cison
3013 1610 3367 1669 persequens
3383 1597 3439 1647 et
3466 1588 3766 1646 debellans

2121 1696 2439 1751 exercitum
2474 1693 2703 1749 Sisarre.
2754 1689 3099 1745 Baratbrum
3160 1685 3314 1741 enim
3380 1683 3437 1736 in
3489 1681 3599 1735 hoc
3643 1679 3772 1733 loco

2121 1790 2348 1840 torrens
2378 1783 2549 1837 Cison
2583 1779 2949 1851 intelligitur.
2992 1798 3013 1824 α
3044 1775 3237 1831 Diviso
3286 1778 3486 1827 contra
3544 1786 3604 1824 se
3654 1768 3771 1822 Ru-

2120 1874 2255 1937 ben,
2312 1870 2822 1943 magnanimorum
2883 1872 3111 1938 reperta
3170 1860 3459 1917 contentio
3510 1863 3670 1913 est.»
3706 1862 3767 1909 In

2127 1962 2363 2017 Hebraeo
2396 1977 2511 2015 non
2541 1958 2753 2030 legitur
2781 1960 2969 2011 contra
2996 1972 3074 2010 se.
3121 1954 3239 2008 Vox
3288 1949 3441 2005 enim
3502 1947 3778 2003 Debborae

2127 2057 2235 2117 est,
2264 2051 2573 2121 increpans
2623 2047 2841 2102 tribum
2874 2044 3172 2116 prraim,
3205 2058 3270 2096 eo
3330 2038 3480 2110 quod
3535 2034 3778 2107 imperio

2128 2138 2359 2196 Domini
2388 2155 2502 2194 non
2524 2137 2959 2207 obtemperans,
2978 2149 3111 2188 cum
3130 2129 3406 2185 fratribus
3430 2125 3554 2182 suis
3576 2130 3781 2179 contra

2129 2230 2401 2285 inimicos
2436 2224 2658 2282 Domini
2690 2222 3072 2279 debellandos
3116 2237 3231 2275 nou
3291 2216 3493 2272 iverit:
3542 2214 3642 2270 sed
3700 2212 3775 2266 ti-

2132 2335 2291 2374 more
2326 2314 2768 2389 pertorritus,ot
2794 2311 2987 2366 verbis
3047 2307 3273 2363 Domini
3321 2301 3653 2359 incredulus
3701 2299 3774 2354 ab

2132 2407 2216 2464 eis
2243 2423 2305 2463 se
2335 2404 2615 2470 diviserit,
2648 2405 2704 2457 et
2728 2419 2830 2473 pro
2862 2417 2927 2455 eo
2961 2396 3397 2470 magnanimus,
3432 2393 3488 2447 id
3545 2395 3635 2446 est
3677 2406 3780 2444 su-

2135 2498 2372 2571 perbus,
2393 2499 2655 2567 repertus
2680 2488 2983 2546 exstiterit.
3019 2488 3179 2543 Unde
3207 2491 3264 2540 et
3295 2484 3559 2554 sequitur
3577 2496 3777 2537 eorum

2145 2585 2464 2658 increpatio
2496 2583 2552 2638 in
2578 2581 2786 2655 spiritu
2818 2578 3130 2651 prophetire
3158 2575 3356 2631 dicens
3391 2591 3403 2627 :

2210 2676 2395 2749 (Vers.
2463 2672 2575 2743 16.)
2609 2694 2637 2721 ‹‹
2670 2672 2858 2736 Quare
2913 2666 3146 2722 habitas
3191 2664 3342 2718 inter
3391 2663 3543 2715 duos
3590 2659 3784 2714 termi-

2139 2783 2268 2833 nos,
2303 2769 2368 2819 ut
2396 2762 2603 2818 audias
2632 2758 2836 2816 sibilos
2866 2772 3106 2830 gregum
3131 2754 3158 2808 ?
3192 2777 3211 2804 ι
3254 2753 3311 2807 In
3368 2750 3603 2805 Hebraeo
3666 2765 3782 2803 non

2140 2855 2374 2928 legitur,
2424 2852 2575 2919 duos,
2603 2848 2702 2904 sed
2753 2848 2898 2902 inter
2928 2844 3185 2900 terminos
3216 2842 3235 2874 ι
3257 2841 3331 2911 (1))
3364 2848 3503 2904 tuos,
3565 2835 3788 2891 scilicet

2140 2927 2461 2999 vicinarum
2477 2940 2737 2995 tribuum
2750 2938 3074 3003 tuarum,ut
3090 2927 3511 2997 audiaslsibilos
3521 2941 3783 2998 gregum;

2147 3050 2213 3090 ac
2270 3033 2318 3089 si
2388 3031 2631 3086 diceret:
2686 3026 2901 3098 Greges
2959 3021 3174 3093 quibus
3231 3017 3498 3073 abundas
3554 3028 3787 3069 servare

2147 3124 2336 3196 cupis,
2371 3126 2428 3176 et
2456 3136 2555 3175 eos
2611 3116 2878 3173 amittere
2924 3110 3159 3178 vereris,
3218 3121 3535 3177 eorumque
3585 3102 3787 3158 sibilos

394 3221 661 3294 Ephraim
686 3222 824 3276 Osee
851 3219 1033 3290 ﬁlium
1060 3218 1187 3273 Nun
1237 3190 1426 3285 (ltum.
1484 3232 1609 3282 xm,
1640 3215 1719 3287 9),
1769 3231 1943 3287 quem
1982 3217 2042 3271 et
2077 3289 2108 3294 _
2150 3190 2559 3284 audirepotius
2591 3204 2916 3271 delectaris,
2950 3216 3125 3273 quam
3157 3215 3289 3252 cum
3337 3194 3612 3251 fratribus
3670 3190 3786 3247 tuis

387 3312 451 3369 in
481 3309 972 3382 consequentibus
1000 3306 1179 3363 Josue
1206 3309 1370 3361 vocat
1422 3304 1659 3361 dicens:
1723 3306 2038 3375 Vocavitque

384 3403 589 3474 Moyses
620 3399 746 3456 Osee
782 3399 961 3469 filium
988 3398 1131 3463 Nun,
1172 3396 1330 3452 Josue
1375 3394 1533 3467 (Ibid.
1593 3394 1709 3466 i7).
1741 3416 1769 3445 «
1802 3395 1869 3449 Et
1906 3398 2038 3468 post

390 3508 523 3548 eum
548 3490 605 3545 in
640 3487 886 3562 populos
917 3491 1050 3541 tuos
1080 3484 1333 3541 Amalec.
1372 3484 1386 3517 ¹
1422 3484 1555 3540 Post
1584 3483 1816 3551 eum,id
1841 3483 2039 3539 estJo—

390 3598 516 3638 sue.
544 3581 623 3635 Ex
652 3578 809 3633 tribu
860 3574 1164 3646 Benjamin
1222 3574 1510 3629 exsistens
1543 3573 1702 3641 Saul,
1752 3572 2035 3645 populum

386 3670 644 3735 Amalec,
700 3665 1067 3740 praecipiente
1132 3663 1399 3731 Domino,
1459 3660 1687 3731 delevit,
1773 3662 1927 3733 quod
1974 3661 2035 3717 in

383 3759 602 3835 Spiritu
634 3756 983 3831 prophetica:
1015 3753 1273 3809 Debbora
1305 3752 1376 3807 de
1402 3750 1575 3809 Saule
1607 3750 1869 3806 futurum
1904 3766 2035 3823 pro-

385 3848 663 3925 phetavit.
696 3848 775 3903 Ex
805 3845 915 3901 hoc
947 3842 1271 3900 secundum
1301 3840 1541 3898 schema
1585 3839 1742 3912 quod
1797 3845 2038 3896 vocatur

384 3939 674 4015 prolepsis
700 3937 921 3992 dictum
973 3938 1081 4001 est,
1141 3932 1297 4004 quod
1354 3932 1480 4002 ipse
1536 3934 1690 3986 esset
1734 3929 2036 3985 deleturus

383 4029 639 4096 Amalec,
665 4026 818 4083 sicut
846 4025 906 4081 in
927 4022 1077 4079 libro
1115 4021 1405 4078 Samuelis
1469 4020 1648 4076 babes
1681 4020 1727 4091 (I
1762 4024 1868 4090 Reg
1915 4036 2031 4075 xw.

384 4120 498 4191 38).
530 4117 641 4174 Sed
673 4121 731 4173 et
759 4115 913 4188 quod
944 4114 1046 4179 ait,
1077 4128 1107 4168 ο
1127 4112 1364 4179 Amalec,
1395 4108 1457 4164 in
1512 4108 1749 4165 Hebraeo
1797 4125 1914 4165 non
1954 4108 2035 4164 le-

386 4209 566 4282 gitur,
627 4206 728 4262 sed
778 4205 1017 4261 Latinus
1071 4202 1358 4273 interpres
1409 4215 1620 4255 sensus
1675 4197 1864 4271 gratia
1924 4197 2035 4255 hoc

388 4296 634 4355 addidit.

458 4385 647 4459 (Vers.
682 4384 818 4456 Μ)‹‹
850 4383 930 4439 De
974 4379 1198 4437 Machir
1244 4378 1539 4452 principes
1586 4378 2033 4446 descenderunt,

388 4480 446 4535 et
473 4477 544 4532 de
572 4473 848 4541 Zabulon,
882 4471 981 4544 qui
1014 4468 1334 4526 exercitum
1365 4469 1645 4524 ducerent
1690 4468 1760 4524 ad
1810 4466 2033 4523 bellan-

391 4568 556 4625 dum.
588 4588 615 4614 ι)
648 4564 710 4620 In
743 4563 982 4618 Hebraeo
1013 4559 1228 4631 legitur
1259 4575 1272 4614 :
1307 4559 1382 4614 De
1409 4559 1624 4616 Machir
1646 4557 2035 4629 (a),prineipe.s

386 4655 799 4721 descenderunt,
830 4655 887 4707 et
915 4649 1288 4715 subauditur,
1337 4648 1406 4702 ab
1453 4646 1791 4715 bellandum,
1840 4645 1900 4700 id
1947 4650 2037 4701 est
2066 4670 2112 4735 D

385 4743 878 4823 prosternendum
901 4742 1159 4795 Sisaram
1192 4737 1537 4811 principem.
1570 4738 1647 4792 Et
1674 4735 1738 4792 de
1766 4735 2033 4803 Zabulon,

384 4834 754 4897 subauditur,
787 4830 1231 4898 descenderunt,
1264 4827 1363 4900 qui
1395 4826 1713 4882 exercitum
1736 4827 2034 4881 ducerent.

386 4927 455 4984 Et
483 4927 555 4983 de
586 4924 737 4979 tribu
771 4920 924 4988 Levi,
958 4926 1016 4975 et
1042 4919 1112 4975 de
1143 4918 1299 4974 tribu
1342 4916 1625 4985 Issachar,
1686 4914 2039 4971 subauditur

460 5057 475 5089 ι
502 5052 564 5107 In
597 5050 832 5106 Hebraeo
863 5051 951 5101 est
970 5055 1092 5110 my
1128 5046 1241 5111 uri,
1273 5043 1331 5098 id
1363 5046 1452 5098 est
1473 5056 1721 5112 exsurge,
1753 5044 1863 5096 etc.

458 5125 482 5159 ²
508 5134 672 5208 Τιτῖθ
711 5130 873 5181 naui
904 5117 1066 5174 usabe
1091 5115 1360 5184 sebiecha,
1386 5115 1451 5170 Et
1475 5115 1693 5186 captiva
1744 5112 2035 5184 captivita-

387 5221 492 5270 tem
515 5216 683 5267 luam.

457 5285 478 5318 ³
536 5284 685 5355 Lege
729 5282 965 5355 doctores
1012 5279 1184 5349 juxta
1230 5274 1591 5355 superiorem
1640 5272 2033 5355 observatio:

388 5343 722 5411 mmmam
750 5354 808 5408 in
844 5343 1079 5407 Hebraeo
1137 5343 1386 5448 D’Ppﬁn
1435 5345 1827 5412 mehhokekim,
1878 5343 2032 5416 quod

390 5444 664 5499 Hebraeus
693 5446 891 5497 noster
926 5440 1177 5512 scriptor
1204 5434 1620 5508 interpretatur
1641 5434 1898 5490 doctores.

460 5571 538 5639 (a)
573 5570 985 5638 Interpretatur
1004 5565 1145 5620 adeo
1179 5565 1473 5639 Rabanus,
1501 5561 1800 5639 principes,
1833 5561 1930 5615 hoc
1957 5563 2037 5614 est

390 5636 627 5713 Apos'toli
646 5647 705 5713 et
725 5636 958 5713 duriores
987 5639 1287 5713 primitiae:
1302 5636 1583 5713 Ecclesia

458 5713 534 5787 (b)
565 5710 768 5782 Colligi
792 5708 926 5787 hinc
946 5705 1172 5787 opinior
1191 5724 1222 5787 e
1243 5706 1554 5787 contrario,
1574 5720 1708 5787 cum
1726 5705 2035 5759 Hebraeum

388 5778 607 5856 laudat,
642 5778 758 5839 non
791 5779 864 5835 ad
894 5778 1090 5852 ipsum
1121 5778 1467 5835 Hebraicum
1511 5782 1731 5835 textum
1761 5791 2035 5855 provoca-

2066 3289 2110 3356 C
2148 3303 2221 3359 ad
2251 3281 2625 3358 debellandos
2660 3295 2857 3349 hostes
2890 3288 3064 3347 Israel
3117 3285 3383 3360 progredi
3440 3282 3659 3339 niteris.
3720 3281 3790 3336 Et

2145 3391 2283 3465 quia
2312 3390 2419 3446 hoc
2450 3386 2613 3455 facis,
2642 3382 2889 3455 imperio
2920 3377 3151 3435 Domini
3196 3374 3481 3448 superbus
3539 3370 3785 3427 resistis.

2145 3458 2307 3537 Unde
2337 3484 2393 3535 et
2414 3478 2679 3549 sequitur
2707 3471 2962 3543 idipsum
2986 3467 3140 3539 quod
3172 3470 3230 3520 et
3278 3479 3493 3535 supra:
3527 3482 3554 3510 «
3591 3458 3787 3515 Diviso

2144 3571 2372 3636 Ruben,
2418 3562 2928 3638 magnanimorum
2988 3560 3213 3628 reperta
3265 3550 3557 3607 contentio
3607 3552 3785 3603 estw:

2143 3678 2209 3716 co
2239 3658 2394 3733 quod
2426 3637 2578 3712 male
2608 3651 2824 3719 fecerit,
2853 3645 3165 3719 imperium
3197 3640 3425 3699 Domini
3480 3637 3786 3712 parvipen-

2143 3751 2290 3805 deus
2328 3752 2384 3803 et
2415 3743 2705 3817 superbus
2728 3738 3035 3796 exsistens.

2216 3838 2396 3911 (Vers.
2437 3816 2542 3906 177.)
2578 3855 2605 3884 ‹‹
2637 3831 2758 3888 Gad
2785 3834 2948 3885 trans
3002 3824 3321 3882 Jordanem
3378 3816 3784 3891 quiescebat.»

2143 3910 2350 3985 Ethoc
2401 3922 2756 3994 increpando
2811 3917 3072 3990 ponitur,
3130 3929 3197 3968 eo
3254 3910 3407 3983 quod
3450 3910 3785 3964 remanente

2145 4018 2371 4083 Ruben,
2403 4031 2537 4071 cum
2568 4028 2634 4069 eo
2666 4009 2787 4066 Gad
2848 4006 2970 4080 pari
3029 4001 3272 4061 consilio
3332 3996 3626 4055 remansit.
3653 4014 3692 4049 ι
3726 3994 3791 4049 Et

2146 4110 2266 4166 Dan
2297 4108 2537 4162 vacabat
2564 4100 2833 4157 navibus.
2862 4120 2888 4146 υ
2921 4093 3068 4161 Quia
3120 4091 3323 4147 videns
3389 4086 3542 4160 quod
3600 4085 3786 4141 tribus

2144 4199 2346 4254 Ruben
2378 4200 2434 4251 et
2464 4191 2652 4249 tribus
2682 4189 2802 4246 Gad
2837 4203 2953 4243 non
2986 4184 3136 4239 irent
3166 4196 3299 4236 cum
3337 4176 3613 4233 fratribus
3666 4172 3788 4229 suis

2143 4288 2215 4345 ab
2248 4279 2617 4348 bellandum:
2632 4280 2843 4336 timore
2864 4271 3227 4349 perterritus,
3252 4267 3494 4325 navibus
3510 4262 3790 4330 vacando,

2145 4378 2342 4450 fugam
2374 4371 2658 4444 arripuit:
2694 4391 2720 4418 ‹‹
2754 4368 2896 4422 Aser
2924 4361 3230 4420 habitabat
3260 4359 3320 4413 in
3351 4356 3545 4412 littore
3584 4351 3787 4419 maris,

2142 4441 2290 4524 etin
2344 4441 2607 4536 portibus
2665 4455 3072 4513 morabatur.»
3108 4447 3390 4506 Similiter
3438 4444 3546 4500 hoc
3607 4441 3792 4498 incre-

2143 4528 2360 4629 pando-
2392 4549 2650 4624 ponitur,
2683 4564 2748 4602 eo
2798 4544 2953 4617 quod
2985 4546 3042 4598 et
3096 4546 3244 4595 Aser
3290 4538 3348 4593 in
3391 4535 3581 4591 littore
3611 4528 3790 4586 maris

2145 4618 2437 4712 habitans,
2473 4640 2530 4695 in
2565 4636 2833 4710 portibus
2865 4634 3128 4688 moratus
3185 4627 3281 4697 sit,
3342 4626 3540 4697 fugam
3599 4618 3790 4692 potius

2146 4736 2508 4804 arrepturos,
2542 4742 2721 4799 quam
2754 4721 3031 4779 fratribus
3064 4714 3540 4773 combellaturus.

2218 4798 2404 4895 (Vers.
2440 4798 2614 4889 i8.)-
2644 4812 2900 4871 Zabulon
2932 4815 2989 4866 et
3026 4803 3397 4880 Nephtlialim
3458 4798 3793 4857 obtulerunt

2145 4913 2373 4969 animas
2404 4887 2543 4966 suas
2574 4904 2770 4971 morti,
2803 4902 2863 4957 in
2929 4899 3163 4971 regione
3209 4896 3481 4951 Morome.
3510 4912 3537 4940 »
3571 4891 3633 4944 ln
3684 4887 3793 4942 He-

2215 5056 2238 5089 δ
2261 5052 2466 5109 Falsus
2485 5055 2573 5106 est
2602 5048 2712 5103 hoc
2743 5045 2868 5101 loco
2900 5042 3160 5113 Scriptor
3189 5037 3480 5113 Hebraeus,
3543 5030 3680 5113 quia
3702 5029 3788 5113 _in

2144 5102 2724 5183 contextiiiiebraico
2756 5116 3009 5183 legimus
3031 5102 3377 5183 bmmmd
3399 5102 3788 5183 hammiseplte-

2144 5134 2412 5183 contextu
2445 5134 2724 5178 Hebraico
2756 5134 2809 5172 Ie
2853 5134 3009 5170 imus
3043 5134 3350 5174 omnium”
3399 5134 3788 5173 ΙιιιΠιΠιωιιμιισ-

2144 5200 2317 5256 thaim
2346 5194 2505 5251 duali
2554 5194 2761 5258 forma,
2795 5134 2851 5243 ἰῇ
2883 5193 2974 5242 est
3029 5186 3161 5239 duos
3220 5180 3518 5258 terminals”;
3550 5174 3649 5229 sed
3697 5172 3789 5226 ille

2143 5249 2539 5344 i‘orte
2569 5264 2627 5319 in
2661 5249 2766 5318 suo
2798 5258 3125 5330 Exemplari
3148 5249 3668 5338 jChaIJiaftixum,
3688 5260 3789 5344 pro

2145 5332 2405 5488 gvﬁnali,
2424 5350 2968 5422 hammisephelheca,
3003 5364 3105 5419 pro
3128 5332 3671 5410 lidmlnisephethaim
3690 5332 3788 5388 ho-

2188 5448 2369 5488 terno.

2188 5448 2369 5488 terno.

2144 5574 2206 5613 re
2234 5548 2701 5611 Commentarioli
2744 5547 3023 5617 hujusce“
3050 5547 3370 5603 auctorem,
3422 5534 3528 5617 sed
3576 5526 3788 5617 Heb'rzei

2146 5628 2381 5684 nomine
2414 5628 2581 5680 notas
2614 5600 2849 5677 Latinas
2884 5615 3202 5672 Bibliorum
3253 5600 3502 5684 margini
3559 5620 3627 5660 ex
3659 5600 3787 5684 Ile-

2146 5673 3039 5770 breeomappos—i—tas"appellare;
3101 5701 3228 5760 quae
3314 5673 3415 5738 et“
3455 5673 3785 5735 Con'ectoria

2146 5772 2511 5840 dicebantur,
