3970 6406
178 428 336 499 I389

1650 430 2117 495 ADMONITIO.

3424 390 3580 501 ego

175 571 352 637 braeo,
394 592 422 619 ‹‹
455 570 643 643 Super
672 569 967 642 regionem
998 569 1272 626 Morome.
1311 592 1336 617 n
1371 566 1436 624 Et
1465 572 1552 624 est
1582 584 1819 635 sensus;
1852 566 1907 632 Α
1935 583 2070 622 vera
2097 566 2557 622 Chananazorum
2590 562 2779 639 ipsius
2845 567 3027 624 maris
3092 568 3271 626 Rubri
3304 570 3493 643 pisces
3523 574 3580 626 et

171 660 321 724 Quia
346 659 570 715 caeteris
595 659 866 715 tribubus
888 660 970 714 ire
1001 658 1356 723 nolentibus,
1383 658 1467 712 hae
1490 659 1615 712 dum
1639 657 1824 711 tribus
1934 655 2131 709 bestia;
2163 655 2538 711 comederint.
2584 656 2849 712 Conculca
2877 660 3067 713 anima
3128 664 3250 714 mea
3316 660 3573 716 robustos.

170 748 403 803 animas
434 765 574 804 suas
642 749 813 804 morti
878 749 1201 804 dederunt:
1273 748 1460 818 Super
1526 746 1819 817 regionem

167 837 445 892 Morome.
484 858 510 885 ››
543 838 800 893 Morome
864 838 1019 892 enim
1085 837 1498 908 interpretatur
1536 836 1816 890 excelsus:

164 943 270 998 pro
307 926 539 998 regione
568 926 726 981 enim
757 926 988 995 excelsi,
1022 926 1079 981 id
1113 930 1200 981 est
1241 924 1363 991 Dei,
1419 923 1703 980 obtulisse
1732 922 1818 978 di-

162 1019 382 1070 cuntur
410 1014 644 1070 animas
698 1031 858 1082 suas,
890 1018 948 1069 et
976 1014 1104 1068 ideo
1166 1013 1441 1069 laudibus
1471 1013 1814 1079 efferuntur,

163 1118 300 1158 cum
334 1108 547 1159 caetera:
581 1102 769 1158 tribus
799 1102 1322 1174 reprehendantur.

237 1192 422 1262 (Vers.
454 1191 567 1261 49.)
600 1214 627 1239 ‹‹
659 1192 960 1246 Venerunt
1008 1208 1194 1262 reges,
1226 1194 1282 1246 et
1328 1192 1754 1263 pugnaverunt.
1785 1208 1813 1237 »

165 1281 351 1352 Reges
382 1285 549 1335 terra:
579 1280 856 1335 Chanaan
887 1280 1048 1346 dicit,
1084 1280 1181 1351 qui
1218 1280 1334 1352 regi
1368 1279 1540 1335 Jabin
1590 1277 1815 1333 subditi

161 1374 349 1424 erant.
380 1369 830 1441 «Pugnaverunt
861 1386 1025 1440 reges
1056 1369 1352 1424 Chanaan.
1382 1390 1408 1417 »
1438 1368 1701 1439 Idipsum
1724 1384 1812 1422 re-

160 1457 327 1529 petit,
361 1460 422 1513 In
490 1458 722 1513 Tanach.
764 1457 1001 1513 Tanach
1044 1458 1201 1513 enim
1269 1455 1566 1528 provincia
1597 1461 1685 1512 est
1715 1456 1814 1510 ubi

156 1552 251 1603 est
281 1552 509 1602 torrens
539 1547 732 1603 Cison.
769 1569 795 1596 ‹‹
846 1547 1022 1602 Juxta
1064 1563 1246 1618 aquas
1298 1546 1599 1618 Mageddo.
1636 1567 1664 1594 »
1694 1545 1812 1599 Ma-

154 1637 350 1709 geddo
382 1636 536 1690 enim
570 1636 772 1691 civitas
801 1641 893 1690 est
922 1636 1112 1707 posita
1145 1653 1320 1707 super
1365 1638 1683 1690 torrentem
1724 1633 1812 1688 Ci-

153 1742 287 1781 son.
324 1726 393 1781 Et
423 1725 581 1797 quod
615 1724 851 1780 dicitur.
890 1748 915 1775 ‹‹
945 1728 1120 1779 Juxta
1141 1742 1325 1797 aquas
1343 1724 1644 1795 Mageddo,
1680 1746 1706 1772 »
1730 1722 1814 1777 in-

152 1813 443 1885 telligitur
468 1814 635 1884 juxta
662 1816 978 1869 torrentem
1029 1814 1220 1879 Cison,
1267 1813 1469 1868 civitas
1506 1811 1807 1883 Mageddo.

1931 744 2060 799 Ilzcc
2095 744 2354 799 Debbora
2420 743 2477 799 in
2520 737 2771 817 persona
2834 748 3015 803 totius
3088 747 3260 804 Israel
3292 748 3451 813 dicit,
3513 753 3577 803 ut

1931 849 2135 887 omnes
2172 849 2284 888 uno
2321 831 2516 889 animo
2565 836 2964 900 robustorum,
2997 836 3054 890 id
3108 843 3195 892 est
3224 836 3575 893 fortissimo-

1928 939 2058 977 rum
2092 923 2465 981 inimicorum
2495 940 2739 981 suorum
2772 922 2920 981 colla
2950 924 3357 981 coneulcarent
3384 941 3397 980 :
3422 925 3577 981 sicut

1928 1017 2016 1068 est
2044 1021 2101 1071 et
2131 1014 2277 1071 illud
2312 1017 2371 1074 in
2401 1016 2549 1072 libro
2580 1015 2759 1071 Josue
2789 1015 2859 1070 de
2881 1013 3141 1086 quinque
3162 1015 3398 1087 regibus
3427 1014 3573 1070 Cha-

1927 1119 2264 1160 nanworum
2300 1107 2429 1177 (Jos.
2460 1125 2513 1173 Χ,
2535 1104 2649 1162 24).

1996 1193 2177 1263 (Vers.
2208 1196 2324 1267 22.)
2356 1220 2383 1246 «
2419 1198 2581 1252 Tunc
2614 1192 2846 1265 ungulae
2913 1209 3197 1264 equorum
3239 1193 3575 1249 ceciderunt

1923 1281 2284 1354 fugientibus
2316 1285 2562 1356 impetu,
2597 1288 2650 1339 et
2682 1299 2937 1355 princeps
2978 1282 3287 1338 ruentibus
3321 1282 3571 1339 fortissi-

1924 1370 2037 1426 mis
2065 1372 2342 1429 hostium.
2377 1373 2621 1446 Ungulze
2655 1376 2669 1409 ¹
2700 1372 2729 1427 b
2761 1388 2983 1439 eorum,
3014 1394 3041 1421 »
3074 1372 3131 1426 in
3161 1371 3398 1427 Hebraeo
3428 1372 3571 1445 legi-

1923 1464 2055 1527 tur;
2089 1460 2387 1532 lapidibus
2424 1462 2581 1517 enim
2646 1459 2948 1533 grandinis
2979 1460 3052 1514 de
3118 1458 3298 1528 omlis,
3334 1460 3389 1515 id
3457 1466 3567 1531 est,

1924 1547 1994 1602 ab
2065 1548 2287 1620 angelis
2352 1567 2554 1606 eorum
2622 1565 2903 1621 equorum
2968 1547 3220 1620 ungulae,
3289 1548 3571 1607 cecidisse

1924 1637 2270 1693 traduntur:
2333 1644 2397 1694 ut
2452 1639 2529 1696 sit
2584 1654 2836 1694 sensus:
2879 1638 2933 1691 Si
2994 1636 3225 1708 ungulae
3280 1654 3567 1709 equorum

1920 1728 2079 1780 tactu
2146 1726 2405 1799 lapidum
2471 1728 2822 1797 ceciderunt,
2874 1725 3014 1797 quid
3059 1729 3230 1798 putas
3267 1726 3566 1798 equitibus

1922 1813 2208 1871 accidisse
2231 1816 2259 1869 ‘?

153 1925 183 1952 ‹‹
223 1903 445 1957 Tamen
479 1901 555 1956 nil
586 1901 770 1958 tulere
797 1902 1144 1974 praedantes.
1179 1924 1207 1951 ι)
1244 1903 1357 1957 Iloc
1388 1901 1809 1957 subsannando
1840 1931 1887 1994 B
1993 1903 2178 1974 (Vers.
2211 1905 2327 1977 23.)
2359 1928 2387 1955 «
2458 1903 2766 1961 Maledicta
2803 1909 2957 1960 terra
3020 1906 3225 1972 Meroz,
3258 1903 3403 1959 dixit
3461 1921 3573 1960 an-

153 1991 394 2056 dicitur,
429 2007 563 2045 cum
596 2008 710 2046 non
744 1990 934 2047 solum
967 1990 1048 2046 nil
1100 1991 1302 2062 praedae
1368 1989 1631 2058 tulerint,
1667 1988 1809 2061 quin

154 2081 358 2154 potius
391 2079 618 2135 animas
647 2096 851 2135 eruere
882 2080 1273 2151 nequiverint.

232 2172 247 2241 (
282 2169 444 2225 Vers.
477 2169 591 2239 20.)
626 2191 654 2219 ‹‹
688 2169 768 2225 De
787 2168 1282 2225 coelodimicatum
1314 2172 1403 2223 est
1422 2172 1759 2223 contraeos.
1781 2190 1802 2219 »

158 2258 311 2325 Quia
340 2258 396 2312 in
421 2258 811 2330 quadraginta
832 2258 1093 2313 millibus
1117 2256 1293 2313 Israel
1317 2256 1811 2329 clypeusethasta

147 2347 405 2403 inveniri
440 2363 553 2402 non
586 2350 829 2418 poterat,
872 2346 1087 2402 idcirco
1120 2345 1403 2401 Dominus
1435 2347 1504 2400 de
1536 2345 1678 2401 caelo
1730 2344 1809 2400 la-

149 2437 395 2509 pidibus
424 2436 749 2510 grandinis,
784 2441 841 2492 et
868 2436 997 2507 igne
1024 2436 1323 2491 dimicavit
1352 2452 1455 2506 pro
1487 2435 1571 2490 eis
1604 2439 1806 2490 contra

146 2527 352 2581 hostes
386 2526 555 2595 duos,
579 2526 731 2581 sicut
758 2529 845 2581 est
874 2531 930 2581 et
959 2525 1102 2581 illud
1137 2525 1197 2581 in
1228 2525 1377 2580 libro
1398 2526 1577 2581 Josue
1606 2525 1806 2595 (Josue,

142 2633 204 2679 x,
243 2616 370 2685 tt):
407 2639 433 2665 ‹‹
464 2613 654 2671 Stellae
688 2617 991 2670 manentes
1022 2614 1080 2669 in
1116 2614 1319 2669 ordine
1367 2630 1494 2682 suo,
1524 2617 1579 2668 et
1626 2630 1801 2669 cursu

142 2705 433 2760 adversus
462 2703 719 2759 Sisaram
750 2707 1176 2776 pugnaverunt.
1215 2725 1241 2750 ι)
1272 2702 1461 2758 Stellae
1489 2702 1680 2775 angeli
1710 2702 1800 2757 in-

136 2793 517 2865 telliguntur,
552 2792 653 2864 qui
686 2793 757 2848 de
812 2792 953 2848 coelo
983 2796 1185 2848 contra
1238 2792 1519 2863 Sisaram,
1567 2808 1802 2864 pugna-

140 2886 382 2937 verunt.

218 2969 408 3038 (Vers.
473 2969 590 3038 21.)
656 2992 684 3018 ‹‹
744 2969 995 3026 Torrens
1052 2970 1225 3026 Cison
1278 2970 1455 3025 traxit
1521 2970 1802 3026 cadavera

139 3075 377 3115 eorum.
413 3080 441 3107 »
475 3062 572 3113 Est
600 3058 756 3113 enim
806 3057 900 3113 hic
953 3059 1248 3123 defectus;
1304 3062 1360 3113 et
1406 3059 1577 3131 quasi
1617 3059 1802 3113 inter-

137 3147 430 3219 rogando,
464 3146 614 3202 ubi?
644 3150 701 3202 et
729 3147 1170 3218 respondeatur,
1232 3148 1292 3202 In
1342 3152 1656 3202 torrentem
1698 3151 1799 3202 Ca-

136 3235 381 3301 dumin,
423 3234 482 3289 id
548 3238 658 3303 est,
691 3234 750 3289 in
817 3235 964 3291 mari
998 3235 1233 3290 Rubro:
1295 3236 1450 3290 unde
1488 3234 1790 3307 sequitur:

1921 1991 2088 2063 gelus
2119 1993 2371 2050 Domini.
2397 2016 2424 2044 n
2450 1997 2513 2049 In
2549 1995 2782 2049 Hebraeo
2813 1992 3028 2065 legitur
3049 2016 3075 2042 ‹‹
3102 1991 3427 2048 Maledicite
3458 1992 3571 2049 Me-

1921 2097 2038 2147 roz,
2071 2082 2215 2136 dixit
2281 2082 2523 2154 angelus
2554 2081 2806 2137 Domini.
2843 2103 2870 2129 ››
2937 2080 3192 2152 Angelus
3226 2081 3455 2137 Domini
3495 2082 3569 2137 ab

1918 2168 2172 2224 Hebraeis
2199 2169 2441 2224 Michael
2474 2168 2844 2242 intelligitur,
2878 2168 2977 2241 qui
3002 2170 3173 2240 jubet
3210 2186 3313 2241 per
3342 2170 3570 2225 Debbo-
3662 2175 3671 2185 '

1919 2275 2042 2313 ram
2113 2258 2326 2330 populo
2359 2257 2555 2325 Israel,
2626 2262 2692 2314 ut
2723 2257 3077 2313 maledicant
3141 2259 3349 2326 Meroz,
3382 2258 3439 2313 id
3479 2262 3571 2314 est

1919 2346 2189 2419 potestati
2231 2346 2527 2419 angelicae,
2559 2364 2686 2419 qua:
2741 2351 2982 2419 prmerat
3024 2346 3404 2402 Chananaais:
3447 2347 3565 2402 Me-

1918 2452 2013 2491 roz
2039 2436 2196 2491 enim
2238 2436 2655 2507 interpretatur
2683 2452 2971 2491 arcanum.
3044 2435 3261 2490 Idcirco
3295 2434 3565 2491 maledici

1908 2525 2171 2595 jubetur,
2203 2524 2261 2579 id
2303 2530 2391 2580 est
2458 2523 2960 2588 anathematizari,
3031 2541 3096 2579 eo
3132 2524 3284 2597 quod
3337 2523 3564 2596 angelis

1915 2614 2135 2670 caeteris
2205 2613 2623 2670 dimicantibus
2667 2630 2770 2685 pro
2838 2612 3036 2680 Israel,
3072 2613 3197 2684 ipse
3226 2630 3342 2669 non
3370 2612 3562 2669 solum

1917 2719 2029 2757 non
2062 2703 2425 2774 pugnaverit,
2457 2719 2659 2758 verum
2692 2701 2864 2758 etiam
2898 2701 2956 2756 in
2990 2702 3340 2757 adversitate
3360 2718 3561 2757 eorum

1915 2791 2254 2863 perstiterit.
2292 2812 2319 2841 «
2345 2790 2664 2847 Maledicite
2694 2790 3124 2847 habitatoribus
3154 2792 3304 2862 ejus,
3332 2814 3353 2840 π
3388 2791 3445 2846 id
3477 2796 3566 2847 est

1914 2882 2103 2937 Meroz
2131 2886 2188 2937 et
2218 2881 2431 2953 populo
2461 2882 2607 2952 ejus.
2644 2881 2710 2936 Et
2741 2881 3005 2937 redditur
3031 2897 3210 2936 causa
3246 2897 3350 2936 cur
3382 2881 3563 2936 male-

1913 2970 2205 3038 dicantur,
2240 2993 2267 3020 ‹‹
2301 2970 2440 3042 quia
2469 2970 2693 3025 scilicet
2723 2987 2838 3025 non
2869 2973 3154 3026 venerunt
3185 2970 3240 3024 in
3274 2969 3562 3025 auxilium

1914 3059 2166 3130 Domini,
2199 3062 2257 3115 et
2286 3060 2343 3113 in
2378 3059 2738 3128 adjutorium
2768 3058 3225 3114 fortissimorum
3260 3059 3407 3128 eius.
3447 3082 3467 3108 ι

1983 3149 2165 3218 (Vers.
2234 3149 2411 3218 24.)«
2482 3147 2793 3202 Benedicta
2820 3146 2971 3201 inter
3039 3145 3336 3211 mulieres,
3366 3145 3559 3217 Jahel,

1911 3253 2055 3291 uxor
2088 3236 2274 3291 Ilaber
2303 3235 2495 3291 Cinaei.
2526 3257 2554 3284 »
2587 3236 2740 3290 Inter
2769 3231 3067 3302 mulieres,
3086 3233 3307 3290 scilicet
3332 3238 3558 3302 Saram,

137 3347 168 3375 ‹‹
204 3325 465 3379 Torrens
513 3324 819 3390 Cadumin,
870 3329 1097 3379 torrens
1146 3324 1339 3379 Cison.
1375 3345 1402 3373 »
1453 3325 1791 3379 Torrentem
1825 3299 1867 3366 (ἶ
1908 3325 2249 3393 Rebeccam,
2284 3323 2520 3393 Rachel,
2551 3323 2737 3389 Liam,
2768 3326 2825 3379 et
2854 3327 3091 3379 caateras
3121 3324 3301 3379 ferme
3340 3323 3551 3379 mulie-

127 3412 454 3480 Cadumin,
524 3429 682 3468 mare
751 3413 1016 3468 Rubrum
1047 3417 1235 3481 vocat.
1306 3412 1591 3469 Cadumin
1636 3411 1793 3467 enim

126 3504 566 3574 interpretatur
584 3504 937 3573 antiquorum
968 3505 1009 3571 ³,
1042 3519 1107 3558 eo
1159 3503 1314 3574 quod
1349 3502 1590 3573 antiqua
1622 3501 1797 3556 mira-

133 3594 282 3648 cula
312 3590 370 3645 in
405 3607 470 3646 eo
494 3591 644 3646 facta
676 3591 932 3661 fuerunt,
967 3591 1410 3647 transeuntibus
1434 3591 1568 3646 filiis
1600 3590 1796 3657 Israel,

126 3686 195 3736 et
227 3678 515 3752 [Egyptiis
572 3680 971 3752 pereuntibus.
1031 3681 1099 3735 Et
1128 3681 1267 3752 quia
1323 3697 1482 3736 mare
1536 3680 1800 3736 Rubrum

130 3769 449 3841 {Egyptios
515 3773 813 3824 emortuos
881 3770 1113 3835 emovit,
1149 3770 1231 3825 ita
1296 3775 1360 3825 ut
1390 3786 1487 3825 eos
1537 3774 1802 3825 mortuos

132 3856 428 3914 Israelita
493 3873 671 3929 super
700 3857 867 3913 littus
935 3857 1113 3914 maris
1146 3859 1427 3927 viderent,
1496 3864 1552 3915 et
1599 3859 1802 3915 eadem

131 3947 433 4003 cadavera
463 3945 721 4018 piscibus
786 3950 843 4002 et
870 3947 1074 4003 bestiis
1106 3948 1288 4004 maris
1356 3949 1648 4004 abstracta
1679 3951 1801 4004 tue-

134 4037 271 4090 rint
296 4051 310 4088 :
346 4035 563 4090 idcirco
589 4034 764 4090 traxit
792 4039 1020 4092 torrens
1052 4037 1223 4092 Cison
1264 4037 1546 4093 cadavera
1575 4053 1803 4103 eorum,

137 4130 218 4180 ut
248 4140 356 4197 pro
387 4123 768 4181 cadaveribus
798 4125 1198 4197 zEgyptiorum
1226 4125 1339 4181 sibi
1369 4124 1602 4194 ablatis,
1634 4126 1804 4181 cada-

224 4303 268 4359 αῖ
294 4284 399 4340 Hic
429 4300 663 4359 quoque
692 4284 969 4341 Hebrazus
1000 4284 1241 4359 fallitur,
1276 4287 1413 4359 quia
1442 4286 1500 4341 in
1529 4286 1807 4343 Hebraico

137 4356 463 4430 scriptum
483 4356 697 4429 legitur
728 4366 839 4417 ειῚο
896 4367 1038 4445 inp}?
1066 4358 1183 4413 icbe
1210 4356 1322 4430 Sus,
1389 4359 1636 4415 calcanei
1657 4361 1805 4431 equi,

229 4503 244 4536 ί
282 4500 453 4573 Apud
483 4498 702 4569 Raban,
736 4499 1152 4573 interpretatur
1181 4504 1542 4558 ressurrectiu
1573 4505 1809 4560 inutilis.

230 4573 255 4606 ²
284 4571 352 4648 In
386 4588 516 4648 meo
547 4576 743 4648 autem
770 4571 908 4641 ms.,
931 4573 1084 4648 quod
1106 4574 1410 4648 verissime
1432 4575 1717 4648 scriptum
1741 4576 1811 4632 ab

142 4647 402 4700 auctore
436 4643 561 4714 ipso
590 4642 858 4710 arbitror,
891 4642 1181 4699 contrario
1211 4662 1387 4701 sensu
1421 4647 1491 4702 ad
1511 4642 1668 4703 hunc
1690 4665 1811 4705 mo-

136 4716 305 4771 dum
340 4719 497 4769 totus
527 4714 689 4770 locus
721 4715 831 4771 iste
880 4714 1190 4773 recitatur:
1250 4718 1474 4788 Ungula:
1511 4736 1718 4776 eorum.
1753 4723 1815 4777 In

1908 3430 2019 3471 res.
2057 3435 2085 3463 «
2118 3412 2498 3469 Benedicatur
2522 3413 2581 3469 in
2608 3410 2847 3486 templo,
2884 3434 2910 3461 ››
2939 3409 3292 3468 subauditur
3317 3412 3550 3469 Domini

1908 3508 1973 3559 ut
2003 3503 2083 3558 ibi
2113 3503 2189 3558 sit
2219 3502 2559 3558 memoriale
2579 3503 2727 3573 ejus,
2761 3500 2914 3557 sicut
2943 3506 2999 3556 et
3024 3500 3247 3557 Juditb.
3278 3503 3346 3557 Et
3364 3502 3555 3558 reddi-

1908 3597 2005 3647 tur
2034 3609 2210 3648 causa
2235 3608 2340 3647 cur
2370 3591 2768 3658 benedicatur,
2830 3590 2970 3662 quia
3008 3590 3230 3646 scilicet
3267 3591 3559 3663 sapienter

1909 3687 1966 3739 et
1990 3682 2309 3755 prudenter
2337 3680 2560 3748 fecerit,
2609 3697 2676 3736 eo
2726 3679 2881 3752 quod
2934 3679 3148 3751 petenti
3200 3696 3435 3751 aquam,
3466 3678 3558 3735 lac

1912 3772 2138 3827 dederit
2168 3770 2352 3840 (Vers.
2383 3771 2495 3841 25).
2532 3769 2750 3825 Idcirco
2781 3767 2870 3823 lac
2922 3768 3104 3836 dedit,
3159 3772 3223 3822 ut
3252 3767 3439 3823 hostis
3468 3768 3557 3822 fu-

1911 3861 2078 3932 giens
2109 3859 2221 3916 sibi
2256 3860 2426 3914 fidem
2447 3858 2729 3930 potiorem
2753 3858 3316 3914 accommodaret.Et
3338 3856 3386 3912 si
3412 3873 3560 3929 quae-

1914 3950 2062 4004 ritur
2107 3966 2212 4004 cur
2243 3965 2356 4003 non
2422 3947 2623 4002 vinum
2650 3945 2895 4014 dederit,
2968 3945 3440 4015 respondendum
3472 3949 3562 4001 est.

1916 4038 2056 4111 quia
2083 4038 2295 4094 domus
2321 4035 2551 4092 Rechab
2583 4035 2786 4090 vinum
2819 4050 2935 4090 non
2963 4033 3193 4103 bibunt,
3218 4034 3564 4092 sicuthabes

1916 4127 1973 4181 in
2002 4126 2253 4182 Jeremia
2280 4124 2563 4198 propheta
2591 4124 2811 4197 (Jerem.
2846 4140 3017 4190 xxxv,
3050 4123 3165 4196 44.)

1920 4286 2039 4343 sive
2103 4285 2313 4411 ulngula
2342 4300 2643 4357 equorum:
2713 4282 2828 4340 nisi
2855 4281 2982 4356 ipse
3022 4282 3135 4370 alio
3202 4283 3378 4340 fuerit
3424 4299 3569 4341 usus

1920 4374 2121 4411 exemn
2148 4375 2251 4411 ari.

1918 4374 2251 4430 exemplari.

1922 4502 2160 4558 Hebraeo
2223 4500 2442 4569 legitur,
2514 4500 2659 4554 Tum:
2686 4498 2915 4570 ungulae
2968 4514 3229 4570 equorum
3265 4495 3575 4570 ceciderunt

1922 4572 2259 4646 fugientibus
2290 4574 2516 4646 impetu,
2556 4569 3225 4646 et‘prwc'epsuraentibus
3256 4569 3575 4640 fortissimis

1925 4640 2199 4708 hostium;
2234 4640 2512 4714 lapidibus
2540 4640 2689 4698 enim
2725 4640 3034 4711 grandinis,
3069 4646 3177 4696 etc.

545 5029 1254 5124 ADMONITIO
1316 5033 1446 5127 IN
1520 5035 2180 5131 OPUSCULA
2253 5026 3227 5137 SUBSEQUENTIA.

249 5332 474 5389 Damus
498 5332 653 5411 hanc
686 5332 917 5389 laudem
951 5334 1307 5403 Martianreo,
1339 5337 1439 5409 qui
1472 5339 1959 5412 subsequentium
1991 5337 2405 5395 Hebraicarum
2439 5332 2841 5399 Quaestionum
2874 5331 2932 5386 in
2966 5330 3187 5403 Regum
3220 5335 3277 5386 et
3295 5328 3592 5405 Paralipo-

154 5439 398 5494 ,menon
428 5421 611 5478 libros
642 5439 987 5495 germanum
1024 5429 1341 5493 auctorem,
1374 5428 1444 5483 de
1475 5445 1589 5501 quo
1622 5434 1924 5502 tantopere
1957 5433 2126 5485 antea
2156 5428 2228 5483 ab
2251 5425 2498 5482 eruditis
2524 5424 2584 5479 in
2618 5426 2927 5494 utramque
2958 5425 3183 5493 partem
3229 5419 3594 5493 disputatum

161 5518 296 5578 est,
352 5529 421 5567 ex
455 5512 671 5567 Rabani
706 5513 888 5568 Mauri
956 5515 1288 5569 testimonio
1323 5517 1618 5574 indicavit.
1653 5519 1847 5591 Usque
1872 5519 1930 5574 in
1969 5533 2220 5591 praesens
2286 5521 2541 5586 tempus,
2574 5512 2766 5584 inquit
2796 5511 2892 5565 ille
2922 5512 2979 5565 in
3048 5512 3281 5582 praeﬁxa
3308 5509 3398 5565 his
3430 5508 3602 5565 libris

161 5601 603 5661 Admonitione
633 5619 808 5673 quam
878 5604 1288 5668 describimus,
1323 5623 1525 5677 parum
1563 5608 1824 5680 liquebat
1854 5625 1969 5679 quo
2035 5609 2268 5662 auctore
2299 5605 2463 5660 editae
2497 5602 2743 5657 fuissent
2809 5600 3151 5672 bujusmodi
3183 5600 3542 5667 Quaestiones
3583 5615 3596 5655 :

160 5696 249 5753 {et
279 5689 427 5746 falso
460 5688 761 5762 probabile
791 5691 1107 5763 putabatur
1136 5693 1405 5764 quaedam
1437 5694 1495 5749 in
1530 5694 1645 5752 illis
1675 5698 1943 5769 decerpta
1975 5696 2154 5755 fuisse
2183 5712 2250 5748 ex
2273 5691 2603 5764 Hieronymi
2629 5688 3095 5747 Commentariis.
3129 5689 3295 5744 Nunc
3318 5703 3450 5743 vero
3481 5703 3600 5742 ma-

165 5777 576 5841 nifestissime
606 5786 845 5854 apparet
874 5785 1243 5855 syntagmata
1271 5782 1471 5842 isthaec
1502 5789 1798 5845 auctorem
1828 5784 2106 5846 habuisse
2130 5782 2425 5862 quemdam
2462 5780 2746 5845 Hebreum
2775 5779 3085 5841 inscientia
3132 5779 3267 5856 tegis
3293 5779 3601 5861 ﬂorentem,
