  <div class='ocr_page' id='page_1' title='image "/cluster/home/n/w/nwhite01/storage/ocr_20150623/23/umn.31951d034773078/705.png"; bbox 0 0 3970 6412; ppageno 0'>
   <div class='ocr_carea' id='block_1_1' title="bbox 406 396 3791 486">
    <p class='ocr_par' dir='ltr' id='par_1_1' title="bbox 406 396 3791 486">
     <span class='ocr_line' id='line_1_1' title="bbox 406 396 3791 486; baseline 0.002 -9"><span class='ocrx_word' id='word_1_1' title='bbox 406 396 561 477; x_wconf 59' lang='lat' dir='ltr'>issi</span> <span class='ocrx_word' id='word_1_2' title='bbox 1893 416 2320 481; x_wconf 75' lang='lat' dir='ltr'>APPENDIX&#39;.</span> <span class='ocrx_word' id='word_1_3' title='bbox 3650 396 3791 486; x_wconf 59' lang='grc' dir='ltr'>ηοξ</span> 
     </span>
    </p>
   </div>
   <div class='ocr_carea' id='block_1_2' title="bbox 410 549 3791 629">
    <p class='ocr_par' dir='ltr' id='par_1_2' title="bbox 410 549 3791 629">
     <span class='ocr_line' id='line_1_2' title="bbox 410 549 3791 629; baseline 0.001 -21"><span class='ocrx_word' id='word_1_4' title='bbox 410 551 511 625; x_wconf 85' lang='lat' dir='ltr'>qui</span> <span class='ocrx_word' id='word_1_5' title='bbox 541 551 836 623; x_wconf 88' lang='lat' dir='ltr'>aliquanto</span> <span class='ocrx_word' id='word_1_6' title='bbox 865 553 1000 608; x_wconf 90' lang='lat' dir='ltr'>ante</span> <span class='ocrx_word' id='word_1_7' title='bbox 1030 549 1334 606; x_wconf 89' lang='lat' dir='ltr'>Rabanum</span> <span class='ocrx_word' id='word_1_8' title='bbox 1368 551 1637 607; x_wconf 88' lang='lat' dir='ltr'>Maurum</span> <span class='ocrx_word' id='word_1_9' title='bbox 1666 551 1843 606; x_wconf 86' lang='lat' dir='ltr'>vitam</span> <span class='ocrx_word' id='word_1_10' title='bbox 1876 551 2113 607; x_wconf 78' lang='lat' dir='ltr'>duxisse</span> <span class='ocrx_word' id='word_1_11' title='bbox 2144 552 2501 624; x_wconf 81' lang='lat' dir='ltr'>perhibetur.</span> <span class='ocrx_word' id='word_1_12' title='bbox 2530 553 2675 610; x_wconf 84' lang='lat' dir='ltr'>Nam</span> <span class='ocrx_word' id='word_1_13' title='bbox 2723 552 2879 609; x_wconf 87' lang='lat' dir='ltr'>idem</span> <span class='ocrx_word' id='word_1_14' title='bbox 2907 557 3145 611; x_wconf 75' lang='lat' dir='ltr'>Maurus</span> <span class='ocrx_word' id='word_1_15' title='bbox 3193 554 3706 629; x_wconf 74' lang='lat' dir='ltr'>“conceptisverbis</span> <span class='ocrx_word' id='word_1_16' title='bbox 3730 556 3791 611; x_wconf 81' lang='lat' dir='ltr'>ﬁ-</span> 
     </span>
    </p>
   </div>
   <div class='ocr_carea' id='block_1_3' title="bbox 411 637 3791 717">
    <p class='ocr_par' dir='ltr' id='par_1_3' title="bbox 411 637 3791 717">
     <span class='ocr_line' id='line_1_3' title="bbox 411 637 3791 717; baseline 0.001 -21"><span class='ocrx_word' id='word_1_17' title='bbox 411 643 545 696; x_wconf 88' lang='lat' dir='ltr'>dem</span> <span class='ocrx_word' id='word_1_18' title='bbox 580 641 734 707; x_wconf 80' lang='lat' dir='ltr'>facit,</span> <span class='ocrx_word' id='word_1_19' title='bbox 766 640 1075 696; x_wconf 73' lang='lat' dir='ltr'>Hebrzsum</span> <span class='ocrx_word' id='word_1_20' title='bbox 1142 637 1310 695; x_wconf 91' lang='lat' dir='ltr'>illum</span> <span class='ocrx_word' id='word_1_21' title='bbox 1341 656 1699 712; x_wconf 81' lang='lat' dir='ltr'>anonymum</span> <span class='ocrx_word' id='word_1_22' title='bbox 1730 639 1986 696; x_wconf 81' lang='lat' dir='ltr'>edidisse</span> <span class='ocrx_word' id='word_1_23' title='bbox 2050 641 2515 698; x_wconf 76' lang='lat' dir='ltr'>Commentarios</span> <span class='ocrx_word' id='word_1_24' title='bbox 2545 642 2603 697; x_wconf 88' lang='lat' dir='ltr'>in</span> <span class='ocrx_word' id='word_1_25' title='bbox 2637 642 2859 715; x_wconf 83' lang='lat' dir='ltr'>Regum</span> <span class='ocrx_word' id='word_1_26' title='bbox 2891 647 2949 699; x_wconf 88' lang='lat' dir='ltr'>et</span> <span class='ocrx_word' id='word_1_27' title='bbox 2977 643 3458 717; x_wconf 88' lang='lat' dir='ltr'>Paralipomenon</span> <span class='ocrx_word' id='word_1_28' title='bbox 3488 644 3791 716; x_wconf 78' lang='lat' dir='ltr'>volumina,</span> 
     </span>
    </p>
   </div>
   <div class='ocr_carea' id='block_1_4' title="bbox 410 727 3793 805">
    <p class='ocr_par' dir='ltr' id='par_1_4' title="bbox 410 727 3793 805">
     <span class='ocr_line' id='line_1_4' title="bbox 410 727 3793 805; baseline 0.001 -22"><span class='ocrx_word' id='word_1_29' title='bbox 410 746 660 802; x_wconf 86' lang='lat' dir='ltr'>quorum</span> <span class='ocrx_word' id='word_1_30' title='bbox 692 729 817 801; x_wconf 89' lang='lat' dir='ltr'>ipse</span> <span class='ocrx_word' id='word_1_31' title='bbox 848 729 1411 785; x_wconf 80' lang='lat' dir='ltr'>Commentariorum</span> <span class='ocrx_word' id='word_1_32' title='bbox 1440 728 1696 800; x_wconf 90' lang='lat' dir='ltr'>capitula</span> <span class='ocrx_word' id='word_1_33' title='bbox 1727 727 2012 785; x_wconf 88' lang='lat' dir='ltr'>nonnulla</span> <span class='ocrx_word' id='word_1_34' title='bbox 2076 733 2133 785; x_wconf 90' lang='lat' dir='ltr'>et</span> <span class='ocrx_word' id='word_1_35' title='bbox 2161 730 2591 787; x_wconf 78' lang='lat' dir='ltr'>observationes</span> <span class='ocrx_word' id='word_1_36' title='bbox 2656 746 2906 787; x_wconf 80' lang='lat' dir='ltr'>inserere</span> <span class='ocrx_word' id='word_1_37' title='bbox 2930 731 3115 786; x_wconf 88' lang='lat' dir='ltr'>voluit</span> <span class='ocrx_word' id='word_1_38' title='bbox 3177 749 3310 787; x_wconf 91' lang='lat' dir='ltr'>cum</span> <span class='ocrx_word' id='word_1_39' title='bbox 3343 733 3793 805; x_wconf 80' lang='lat' dir='ltr'>expositionibus</span> 
     </span>
    </p>
   </div>
   <div class='ocr_carea' id='block_1_5' title="bbox 407 816 3793 893">
    <p class='ocr_par' dir='ltr' id='par_1_5' title="bbox 407 816 3793 893">
     <span class='ocr_line' id='line_1_5' title="bbox 407 816 3793 893; baseline 0.001 -20"><span class='ocrx_word' id='word_1_40' title='bbox 407 817 792 873; x_wconf 89' lang='lat' dir='ltr'>celebriorum</span> <span class='ocrx_word' id='word_1_41' title='bbox 814 816 1080 873; x_wconf 66' lang='lat' dir='ltr'>Ecclesia;</span> <span class='ocrx_word' id='word_1_42' title='bbox 1118 817 1330 874; x_wconf 80' lang='lat' dir='ltr'>Christi</span> <span class='ocrx_word' id='word_1_43' title='bbox 1361 817 1738 890; x_wconf 87' lang='lat' dir='ltr'>scriptorum,</span> <span class='ocrx_word' id='word_1_44' title='bbox 1771 822 1837 873; x_wconf 89' lang='lat' dir='ltr'>ut</span> <span class='ocrx_word' id='word_1_45' title='bbox 1862 818 2009 874; x_wconf 90' lang='lat' dir='ltr'>nihil</span> <span class='ocrx_word' id='word_1_46' title='bbox 2041 824 2373 890; x_wconf 87' lang='lat' dir='ltr'>superesset</span> <span class='ocrx_word' id='word_1_47' title='bbox 2403 820 2475 873; x_wconf 91' lang='lat' dir='ltr'>ad</span> <span class='ocrx_word' id='word_1_48' title='bbox 2507 819 2771 874; x_wconf 90' lang='lat' dir='ltr'>studium</span> <span class='ocrx_word' id='word_1_49' title='bbox 2804 836 2869 874; x_wconf 89' lang='lat' dir='ltr'>ac</span> <span class='ocrx_word' id='word_1_50' title='bbox 2901 820 3285 892; x_wconf 78' lang='lat' dir='ltr'>diligentiam,</span> <span class='ocrx_word' id='word_1_51' title='bbox 3330 835 3446 893; x_wconf 87' lang='lat' dir='ltr'>qua</span> <span class='ocrx_word' id='word_1_52' title='bbox 3478 820 3658 876; x_wconf 88' lang='lat' dir='ltr'>libros</span> <span class='ocrx_word' id='word_1_53' title='bbox 3679 823 3793 892; x_wconf 84' lang='lat' dir='ltr'>jam</span> 
     </span>
    </p>
   </div>
   <div class='ocr_carea' id='block_1_6' title="bbox 403 899 3793 981">
    <p class='ocr_par' dir='ltr' id='par_1_6' title="bbox 403 899 3793 981">
     <span class='ocr_line' id='line_1_6' title="bbox 403 899 3793 981; baseline 0.001 -18"><span class='ocrx_word' id='word_1_54' title='bbox 403 908 592 963; x_wconf 88' lang='lat' dir='ltr'>dictos</span> <span class='ocrx_word' id='word_1_55' title='bbox 621 905 1005 963; x_wconf 88' lang='lat' dir='ltr'>illustrandos</span> <span class='ocrx_word' id='word_1_56' title='bbox 1033 911 1389 979; x_wconf 82' lang='lat' dir='ltr'>susceperat.</span> <span class='ocrx_word' id='word_1_57' title='bbox 1430 909 1721 975; x_wconf 65' lang='lat' dir='ltr'>Prwterea,</span> <span class='ocrx_word' id='word_1_58' title='bbox 1756 908 1949 979; x_wconf 88' lang='lat' dir='ltr'>inquit</span> <span class='ocrx_word' id='word_1_59' title='bbox 1992 907 2327 979; x_wconf 65' lang='lat' dir='ltr'>praefatione</span> <span class='ocrx_word' id='word_1_60' title='bbox 2357 899 2918 964; x_wconf 78' lang='lat' dir='ltr'>Commentariorum</span> <span class='ocrx_word' id='word_1_61' title='bbox 2949 909 3007 963; x_wconf 90' lang='lat' dir='ltr'>in</span> <span class='ocrx_word' id='word_1_62' title='bbox 3041 909 3223 965; x_wconf 88' lang='lat' dir='ltr'>libros</span> <span class='ocrx_word' id='word_1_63' title='bbox 3256 909 3541 981; x_wconf 85' lang='lat' dir='ltr'>Regnum,</span> <span class='ocrx_word' id='word_1_64' title='bbox 3576 909 3793 965; x_wconf 66' lang='lat' dir='ltr'>lissam</span> 
     </span>
    </p>
   </div>
   <div class='ocr_carea' id='block_1_7' title="bbox 402 996 3796 1070">
    <p class='ocr_par' dir='ltr' id='par_1_7' title="bbox 402 996 3796 1070">
     <span class='ocr_line' id='line_1_7' title="bbox 402 996 3796 1070; baseline 0 -17"><span class='ocrx_word' id='word_1_65' title='bbox 402 996 691 1069; x_wconf 73' lang='lat' dir='ltr'>cujusdam</span> <span class='ocrx_word' id='word_1_66' title='bbox 752 996 1030 1052; x_wconf 78' lang='lat' dir='ltr'>modernis</span> <span class='ocrx_word' id='word_1_67' title='bbox 1093 997 1427 1070; x_wconf 80' lang='lat' dir='ltr'>temporibus</span> <span class='ocrx_word' id='word_1_68' title='bbox 1493 999 1555 1052; x_wconf 89' lang='lat' dir='ltr'>in</span> <span class='ocrx_word' id='word_1_69' title='bbox 1619 998 1755 1070; x_wconf 87' lang='lat' dir='ltr'>legis</span> <span class='ocrx_word' id='word_1_70' title='bbox 1781 998 2019 1053; x_wconf 87' lang='lat' dir='ltr'>scientia</span> <span class='ocrx_word' id='word_1_71' title='bbox 2080 998 2325 1068; x_wconf 80' lang='lat' dir='ltr'>ﬂorentis</span> <span class='ocrx_word' id='word_1_72' title='bbox 2344 998 2588 1069; x_wconf 87' lang='lat' dir='ltr'>capitula</span> <span class='ocrx_word' id='word_1_73' title='bbox 2616 998 2964 1054; x_wconf 77' lang='lat' dir='ltr'>traditionem</span> <span class='ocrx_word' id='word_1_74' title='bbox 3030 998 3382 1054; x_wconf 69' lang='lat' dir='ltr'>Hebraeorum</span> <span class='ocrx_word' id='word_1_75' title='bbox 3410 1000 3664 1055; x_wconf 78' lang='lat' dir='ltr'>habentia</span> <span class='ocrx_word' id='word_1_76' title='bbox 3687 1015 3796 1053; x_wconf 86' lang='lat' dir='ltr'>non</span> 
     </span>
    </p>
   </div>
   <div class='ocr_carea' id='block_1_8' title="bbox 403 1085 3795 1158">
    <p class='ocr_par' dir='ltr' id='par_1_8' title="bbox 403 1085 3795 1158">
     <span class='ocr_line' id='line_1_8' title="bbox 403 1085 3795 1158; baseline 0.001 -19"><span class='ocrx_word' id='word_1_77' title='bbox 403 1086 593 1156; x_wconf 89' lang='lat' dir='ltr'>paucis</span> <span class='ocrx_word' id='word_1_78' title='bbox 621 1085 752 1139; x_wconf 87' lang='lat' dir='ltr'>locis</span> <span class='ocrx_word' id='word_1_79' title='bbox 813 1085 982 1140; x_wconf 88' lang='lat' dir='ltr'>simul</span> <span class='ocrx_word' id='word_1_80' title='bbox 1010 1101 1135 1139; x_wconf 87' lang='lat' dir='ltr'>cum</span> <span class='ocrx_word' id='word_1_81' title='bbox 1197 1086 1332 1141; x_wconf 85' lang='lat' dir='ltr'>Nota</span> <span class='ocrx_word' id='word_1_82' title='bbox 1358 1086 1603 1141; x_wconf 78' lang='lat' dir='ltr'>nominis</span> <span class='ocrx_word' id='word_1_83' title='bbox 1665 1085 1783 1157; x_wconf 86' lang='lat' dir='ltr'>ejus</span> <span class='ocrx_word' id='word_1_84' title='bbox 1812 1086 2059 1142; x_wconf 79' lang='lat' dir='ltr'>inserui:</span> <span class='ocrx_word' id='word_1_85' title='bbox 2128 1101 2236 1140; x_wconf 84' lang='lat' dir='ltr'>non</span> <span class='ocrx_word' id='word_1_86' title='bbox 2268 1087 2426 1157; x_wconf 87' lang='lat' dir='ltr'>quasi</span> <span class='ocrx_word' id='word_1_87' title='bbox 2493 1086 2746 1155; x_wconf 82' lang='lat' dir='ltr'>ingerens</span> <span class='ocrx_word' id='word_1_88' title='bbox 2775 1086 2952 1141; x_wconf 90' lang='lat' dir='ltr'>alicui</span> <span class='ocrx_word' id='word_1_89' title='bbox 3010 1088 3397 1142; x_wconf 77' lang='lat' dir='ltr'>auctoritatem</span> <span class='ocrx_word' id='word_1_90' title='bbox 3451 1086 3647 1158; x_wconf 82' lang='lat' dir='ltr'>ipsius,</span> <span class='ocrx_word' id='word_1_91' title='bbox 3709 1085 3795 1141; x_wconf 80' lang='lat' dir='ltr'>sed</span> 
     </span>
    </p>
   </div>
   <div class='ocr_carea' id='block_1_9' title="bbox 403 1173 3794 1248">
    <p class='ocr_par' dir='ltr' id='par_1_9' title="bbox 403 1173 3794 1248">
     <span class='ocr_line' id='line_1_9' title="bbox 403 1173 3794 1248; baseline 0 -19"><span class='ocrx_word' id='word_1_92' title='bbox 403 1173 733 1246; x_wconf 78' lang='lat' dir='ltr'>simpliciter</span> <span class='ocrx_word' id='word_1_93' title='bbox 757 1175 968 1246; x_wconf 80' lang='lat' dir='ltr'>potius,</span> <span class='ocrx_word' id='word_1_94' title='bbox 1000 1174 1153 1245; x_wconf 76' lang='lat' dir='ltr'>quod</span> <span class='ocrx_word' id='word_1_95' title='bbox 1168 1176 1434 1246; x_wconf 87' lang='lat' dir='ltr'>scriptum</span> <span class='ocrx_word' id='word_1_96' title='bbox 1463 1178 1668 1248; x_wconf 83' lang='lat' dir='ltr'>reperi,</span> <span class='ocrx_word' id='word_1_97' title='bbox 1698 1177 1816 1247; x_wconf 85' lang='lat' dir='ltr'>ejus</span> <span class='ocrx_word' id='word_1_98' title='bbox 1839 1176 2217 1247; x_wconf 83' lang='lat' dir='ltr'>probationem</span> <span class='ocrx_word' id='word_1_99' title='bbox 2248 1176 2462 1229; x_wconf 80' lang='lat' dir='ltr'>lectoris</span> <span class='ocrx_word' id='word_1_100' title='bbox 2491 1175 2703 1245; x_wconf 74' lang='lat' dir='ltr'>jiulicio</span> <span class='ocrx_word' id='word_1_101' title='bbox 2731 1173 3070 1246; x_wconf 82' lang='lat' dir='ltr'>derelinquo.</span> <span class='ocrx_word' id='word_1_102' title='bbox 3106 1174 3317 1229; x_wconf 82' lang='lat' dir='ltr'>Eadem</span> <span class='ocrx_word' id='word_1_103' title='bbox 3376 1173 3628 1229; x_wconf 87' lang='lat' dir='ltr'>inculcat</span> <span class='ocrx_word' id='word_1_104' title='bbox 3663 1189 3794 1246; x_wconf 65' lang='lat' dir='ltr'>prae-</span> 
     </span>
    </p>
   </div>
   <div class='ocr_carea' id='block_1_10' title="bbox 404 1262 3792 1336">
    <p class='ocr_par' dir='ltr' id='par_1_10' title="bbox 404 1262 3792 1336">
     <span class='ocr_line' id='line_1_10' title="bbox 404 1262 3792 1336; baseline 0 -18"><span class='ocrx_word' id='word_1_105' title='bbox 404 1262 620 1319; x_wconf 83' lang='lat' dir='ltr'>fatione</span> <span class='ocrx_word' id='word_1_106' title='bbox 648 1262 1022 1318; x_wconf 89' lang='lat' dir='ltr'>Commentar</span> <span class='ocrx_word' id='word_1_107' title='bbox 1070 1262 1130 1318; x_wconf 90' lang='lat' dir='ltr'>in</span> <span class='ocrx_word' id='word_1_108' title='bbox 1162 1262 1640 1336; x_wconf 88' lang='lat' dir='ltr'>Paralipomena:</span> <span class='ocrx_word' id='word_1_109' title='bbox 1676 1264 1939 1334; x_wconf 84' lang='lat' dir='ltr'>Quatuor,</span> <span class='ocrx_word' id='word_1_110' title='bbox 1970 1262 2183 1335; x_wconf 90' lang='lat' dir='ltr'>inquit,</span> <span class='ocrx_word' id='word_1_111' title='bbox 2218 1263 2745 1319; x_wconf 76' lang='lat' dir='ltr'>Commentariorum</span> <span class='ocrx_word' id='word_1_112' title='bbox 2793 1263 2957 1318; x_wconf 85' lang='lat' dir='ltr'>libros</span> <span class='ocrx_word' id='word_1_113' title='bbox 3020 1264 3189 1332; x_wconf 81' lang='lat' dir='ltr'>edidi,</span> <span class='ocrx_word' id='word_1_114' title='bbox 3222 1279 3353 1335; x_wconf 84' lang='lat' dir='ltr'>quos</span> <span class='ocrx_word' id='word_1_115' title='bbox 3418 1271 3467 1318; x_wconf 89' lang='lat' dir='ltr'>et</span> <span class='ocrx_word' id='word_1_116' title='bbox 3495 1264 3792 1319; x_wconf 80' lang='lat' dir='ltr'>sacratissi-</span> 
     </span>
    </p>
   </div>
   <div class='ocr_carea' id='block_1_11' title="bbox 401 1350 3794 1425">
    <p class='ocr_par' dir='ltr' id='par_1_11' title="bbox 401 1350 3794 1425">
     <span class='ocr_line' id='line_1_11' title="bbox 401 1350 3794 1425; baseline 0 -17"><span class='ocrx_word' id='word_1_117' title='bbox 401 1368 489 1408; x_wconf 91' lang='lat' dir='ltr'>mo</span> <span class='ocrx_word' id='word_1_118' title='bbox 518 1353 758 1421; x_wconf 79' lang='lat' dir='ltr'>genitori</span> <span class='ocrx_word' id='word_1_119' title='bbox 782 1355 956 1407; x_wconf 85' lang='lat' dir='ltr'>vestro</span> <span class='ocrx_word' id='word_1_120' title='bbox 980 1350 1250 1407; x_wconf 85' lang='lat' dir='ltr'>Ludovico</span> <span class='ocrx_word' id='word_1_121' title='bbox 1281 1354 1601 1425; x_wconf 86' lang='lat' dir='ltr'>imperatori</span> <span class='ocrx_word' id='word_1_122' title='bbox 1620 1353 2054 1425; x_wconf 71' lang='lat' dir='ltr'>praesentialiter</span> <span class='ocrx_word' id='word_1_123' title='bbox 2082 1354 2141 1406; x_wconf 90' lang='lat' dir='ltr'>in</span> <span class='ocrx_word' id='word_1_124' title='bbox 2171 1357 2360 1409; x_wconf 87' lang='lat' dir='ltr'>nostro</span> <span class='ocrx_word' id='word_1_125' title='bbox 2405 1354 2734 1408; x_wconf 78' lang='lat' dir='ltr'>monasterio</span> <span class='ocrx_word' id='word_1_126' title='bbox 2782 1353 3026 1413; x_wconf 82' lang='lat' dir='ltr'>tradidi;</span> <span class='ocrx_word' id='word_1_127' title='bbox 3048 1354 3107 1407; x_wconf 90' lang='lat' dir='ltr'>in</span> <span class='ocrx_word' id='word_1_128' title='bbox 3150 1353 3365 1424; x_wconf 85' lang='lat' dir='ltr'>quibus,</span> <span class='ocrx_word' id='word_1_129' title='bbox 3411 1354 3553 1407; x_wconf 85' lang='lat' dir='ltr'>sicut</span> <span class='ocrx_word' id='word_1_130' title='bbox 3576 1356 3627 1408; x_wconf 87' lang='lat' dir='ltr'>et</span> <span class='ocrx_word' id='word_1_131' title='bbox 3652 1367 3794 1424; x_wconf 73' lang='lat' dir='ltr'>prae-</span> 
     </span>
    </p>
   </div>
   <div class='ocr_carea' id='block_1_12' title="bbox 399 1441 3794 1514">
    <p class='ocr_par' dir='ltr' id='par_1_12' title="bbox 399 1441 3794 1514">
     <span class='ocr_line' id='line_1_12' title="bbox 399 1441 3794 1514; baseline 0 -18"><span class='ocrx_word' id='word_1_132' title='bbox 399 1442 547 1497; x_wconf 87' lang='lat' dir='ltr'>senti</span> <span class='ocrx_word' id='word_1_133' title='bbox 576 1456 735 1513; x_wconf 89' lang='lat' dir='ltr'>opere</span> <span class='ocrx_word' id='word_1_134' title='bbox 760 1442 886 1512; x_wconf 79' lang='lat' dir='ltr'>feci,</span> <span class='ocrx_word' id='word_1_135' title='bbox 916 1442 1134 1514; x_wconf 79' lang='lat' dir='ltr'>Iosephi</span> <span class='ocrx_word' id='word_1_136' title='bbox 1153 1441 1465 1498; x_wconf 62' lang='lat' dir='ltr'>Judmorum</span> <span class='ocrx_word' id='word_1_137' title='bbox 1492 1442 1744 1498; x_wconf 84' lang='lat' dir='ltr'>historici</span> <span class='ocrx_word' id='word_1_138' title='bbox 1770 1443 2182 1510; x_wconf 70' lang='lat' dir='ltr'>narrationem;</span> <span class='ocrx_word' id='word_1_139' title='bbox 2238 1457 2447 1496; x_wconf 84' lang='lat' dir='ltr'>necnon</span> <span class='ocrx_word' id='word_1_140' title='bbox 2473 1449 2528 1497; x_wconf 87' lang='lat' dir='ltr'>et</span> <span class='ocrx_word' id='word_1_141' title='bbox 2558 1442 2789 1496; x_wconf 66' lang='lat' dir='ltr'>tinam:</span> <span class='ocrx_word' id='word_1_142' title='bbox 2819 1441 3106 1513; x_wconf 85' lang='lat' dir='ltr'>cujusdam</span> <span class='ocrx_word' id='word_1_143' title='bbox 3168 1441 3442 1496; x_wconf 86' lang='lat' dir='ltr'>modernis</span> <span class='ocrx_word' id='word_1_144' title='bbox 3470 1442 3794 1513; x_wconf 85' lang='lat' dir='ltr'>temporibus</span> 
     </span>
    </p>
   </div>
   <div class='ocr_carea' id='block_1_13' title="bbox 399 1528 3795 1603">
    <p class='ocr_par' dir='ltr' id='par_1_13' title="bbox 399 1528 3795 1603">
     <span class='ocr_line' id='line_1_13' title="bbox 399 1528 3795 1603; baseline 0 -18"><span class='ocrx_word' id='word_1_145' title='bbox 399 1532 461 1585; x_wconf 88' lang='lat' dir='ltr'>in</span> <span class='ocrx_word' id='word_1_146' title='bbox 484 1531 716 1586; x_wconf 85' lang='lat' dir='ltr'>scientia</span> <span class='ocrx_word' id='word_1_147' title='bbox 747 1530 883 1600; x_wconf 82' lang='lat' dir='ltr'>legis</span> <span class='ocrx_word' id='word_1_148' title='bbox 912 1531 1158 1600; x_wconf 82' lang='lat' dir='ltr'>ﬂorentis</span> <span class='ocrx_word' id='word_1_149' title='bbox 1185 1533 1475 1603; x_wconf 82' lang='lat' dir='ltr'>opiniones</span> <span class='ocrx_word' id='word_1_150' title='bbox 1499 1532 1779 1603; x_wconf 84' lang='lat' dir='ltr'>plerisque</span> <span class='ocrx_word' id='word_1_151' title='bbox 1802 1533 1862 1587; x_wconf 90' lang='lat' dir='ltr'>in</span> <span class='ocrx_word' id='word_1_152' title='bbox 1889 1531 2021 1587; x_wconf 85' lang='lat' dir='ltr'>locis</span> <span class='ocrx_word' id='word_1_153' title='bbox 2058 1532 2399 1602; x_wconf 86' lang='lat' dir='ltr'>interposui;</span> <span class='ocrx_word' id='word_1_154' title='bbox 2429 1530 2520 1586; x_wconf 86' lang='lat' dir='ltr'>sed</span> <span class='ocrx_word' id='word_1_155' title='bbox 2550 1546 2658 1586; x_wconf 86' lang='lat' dir='ltr'>non</span> <span class='ocrx_word' id='word_1_156' title='bbox 2709 1533 2808 1600; x_wconf 89' lang='lat' dir='ltr'>ita,</span> <span class='ocrx_word' id='word_1_157' title='bbox 2841 1535 2903 1586; x_wconf 86' lang='lat' dir='ltr'>ut</span> <span class='ocrx_word' id='word_1_158' title='bbox 2969 1532 3126 1602; x_wconf 89' lang='lat' dir='ltr'>quasi</span> <span class='ocrx_word' id='word_1_159' title='bbox 3154 1530 3408 1586; x_wconf 85' lang='lat' dir='ltr'>lectorem</span> <span class='ocrx_word' id='word_1_160' title='bbox 3472 1530 3703 1585; x_wconf 86' lang='lat' dir='ltr'>invitum</span> <span class='ocrx_word' id='word_1_161' title='bbox 3729 1528 3795 1585; x_wconf 84' lang='lat' dir='ltr'>ad</span> 
     </span>
    </p>
   </div>
   <div class='ocr_carea' id='block_1_14' title="bbox 399 1618 3790 1692">
    <p class='ocr_par' dir='ltr' id='par_1_14' title="bbox 399 1618 3790 1692">
     <span class='ocr_line' id='line_1_14' title="bbox 399 1618 3790 1692; baseline 0 -18"><span class='ocrx_word' id='word_1_162' title='bbox 399 1620 645 1691; x_wconf 86' lang='lat' dir='ltr'>ipsorum</span> <span class='ocrx_word' id='word_1_163' title='bbox 674 1618 990 1675; x_wconf 86' lang='lat' dir='ltr'>traditionis</span> <span class='ocrx_word' id='word_1_164' title='bbox 1013 1634 1295 1676; x_wconf 82' lang='lat' dir='ltr'>assensum</span> <span class='ocrx_word' id='word_1_165' title='bbox 1343 1620 1745 1692; x_wconf 85' lang='lat' dir='ltr'>pertraherem,</span> <span class='ocrx_word' id='word_1_166' title='bbox 1771 1620 1863 1676; x_wconf 86' lang='lat' dir='ltr'>sed</span> <span class='ocrx_word' id='word_1_167' title='bbox 1927 1622 2107 1689; x_wconf 82' lang='lat' dir='ltr'>magis</span> <span class='ocrx_word' id='word_1_168' title='bbox 2138 1619 2343 1686; x_wconf 80' lang='lat' dir='ltr'>iudicio</span> <span class='ocrx_word' id='word_1_169' title='bbox 2401 1635 2465 1674; x_wconf 85' lang='lat' dir='ltr'>ac</span> <span class='ocrx_word' id='word_1_170' title='bbox 2489 1620 2806 1691; x_wconf 88' lang='lat' dir='ltr'>probationi</span> <span class='ocrx_word' id='word_1_171' title='bbox 2873 1621 3047 1690; x_wconf 87' lang='lat' dir='ltr'>ipsius</span> <span class='ocrx_word' id='word_1_172' title='bbox 3077 1619 3182 1674; x_wconf 86' lang='lat' dir='ltr'>illa</span> <span class='ocrx_word' id='word_1_173' title='bbox 3245 1618 3647 1689; x_wconf 87' lang='lat' dir='ltr'>derelinquens.</span> <span class='ocrx_word' id='word_1_174' title='bbox 3667 1618 3790 1674; x_wconf 84' lang='lat' dir='ltr'>Jam</span> 
     </span>
    </p>
   </div>
   <div class='ocr_carea' id='block_1_15' title="bbox 396 1706 3796 1782">
    <p class='ocr_par' dir='ltr' id='par_1_15' title="bbox 396 1706 3796 1782">
     <span class='ocr_line' id='line_1_15' title="bbox 396 1706 3796 1782; baseline -0.001 -19"><span class='ocrx_word' id='word_1_175' title='bbox 396 1710 446 1763; x_wconf 89' lang='lat' dir='ltr'>si</span> <span class='ocrx_word' id='word_1_176' title='bbox 477 1708 736 1781; x_wconf 86' lang='lat' dir='ltr'>capitula</span> <span class='ocrx_word' id='word_1_177' title='bbox 771 1706 876 1764; x_wconf 88' lang='lat' dir='ltr'>illa</span> <span class='ocrx_word' id='word_1_178' title='bbox 904 1708 1128 1764; x_wconf 67' lang='lat' dir='ltr'>Hebraei</span> <span class='ocrx_word' id='word_1_179' title='bbox 1160 1709 1485 1782; x_wconf 86' lang='lat' dir='ltr'>scriptoris,</span> <span class='ocrx_word' id='word_1_180' title='bbox 1517 1709 2199 1767; x_wconf 85' lang='lat' dir='ltr'>insertaCommentariis</span> <span class='ocrx_word' id='word_1_181' title='bbox 2233 1708 2454 1765; x_wconf 88' lang='lat' dir='ltr'>Rabani</span> <span class='ocrx_word' id='word_1_182' title='bbox 2486 1708 2690 1776; x_wconf 88' lang='lat' dir='ltr'>Mauri,</span> <span class='ocrx_word' id='word_1_183' title='bbox 2724 1708 3044 1765; x_wconf 88' lang='lat' dir='ltr'>contendas</span> <span class='ocrx_word' id='word_1_184' title='bbox 3074 1724 3209 1764; x_wconf 90' lang='lat' dir='ltr'>cum</span> <span class='ocrx_word' id='word_1_185' title='bbox 3242 1707 3496 1763; x_wconf 73' lang='lat' dir='ltr'>Hebraeis</span> <span class='ocrx_word' id='word_1_186' title='bbox 3519 1707 3796 1772; x_wconf 73' lang='lat' dir='ltr'>Quaestio-</span> 
     </span>
    </p>
   </div>
   <div class='ocr_carea' id='block_1_16' title="bbox 398 1795 3790 1871">
    <p class='ocr_par' dir='ltr' id='par_1_16' title="bbox 398 1795 3790 1871">
     <span class='ocr_line' id='line_1_16' title="bbox 398 1795 3790 1871; baseline 0 -21"><span class='ocrx_word' id='word_1_187' title='bbox 398 1795 575 1852; x_wconf 90' lang='lat' dir='ltr'>nibus</span> <span class='ocrx_word' id='word_1_188' title='bbox 605 1797 665 1852; x_wconf 90' lang='lat' dir='ltr'>in</span> <span class='ocrx_word' id='word_1_189' title='bbox 696 1796 879 1854; x_wconf 88' lang='lat' dir='ltr'>libros</span> <span class='ocrx_word' id='word_1_190' title='bbox 920 1797 1143 1871; x_wconf 81' lang='lat' dir='ltr'>Regum</span> <span class='ocrx_word' id='word_1_191' title='bbox 1210 1800 1267 1853; x_wconf 89' lang='lat' dir='ltr'>et</span> <span class='ocrx_word' id='word_1_192' title='bbox 1295 1798 1805 1871; x_wconf 85' lang='lat' dir='ltr'>Paralipomenon,</span> <span class='ocrx_word' id='word_1_193' title='bbox 1837 1800 2056 1870; x_wconf 88' lang='lat' dir='ltr'>ubique</span> <span class='ocrx_word' id='word_1_194' title='bbox 2083 1798 2286 1854; x_wconf 91' lang='lat' dir='ltr'>eadem</span> <span class='ocrx_word' id='word_1_195' title='bbox 2351 1798 2530 1853; x_wconf 90' lang='lat' dir='ltr'>verba</span> <span class='ocrx_word' id='word_1_196' title='bbox 2559 1814 2663 1853; x_wconf 90' lang='lat' dir='ltr'>nec</span> <span class='ocrx_word' id='word_1_197' title='bbox 2696 1797 2868 1869; x_wconf 89' lang='lat' dir='ltr'>plura</span> <span class='ocrx_word' id='word_1_198' title='bbox 2896 1814 2999 1852; x_wconf 91' lang='lat' dir='ltr'>nec</span> <span class='ocrx_word' id='word_1_199' title='bbox 3034 1796 3327 1869; x_wconf 84' lang='lat' dir='ltr'>pauciora,</span> <span class='ocrx_word' id='word_1_200' title='bbox 3369 1795 3790 1869; x_wconf 67' lang='lat' dir='ltr'>deprehendes:</span> 
     </span>
    </p>
   </div>
   <div class='ocr_carea' id='block_1_17' title="bbox 401 1883 3797 1961">
    <p class='ocr_par' dir='ltr' id='par_1_17' title="bbox 401 1883 3797 1961">
     <span class='ocr_line' id='line_1_17' title="bbox 401 1883 3797 1961; baseline -0.001 -20"><span class='ocrx_word' id='word_1_201' title='bbox 401 1886 558 1942; x_wconf 89' lang='lat' dir='ltr'>unde</span> <span class='ocrx_word' id='word_1_202' title='bbox 588 1886 1096 1943; x_wconf 87' lang='lat' dir='ltr'>evidentissimum</span> <span class='ocrx_word' id='word_1_203' title='bbox 1126 1887 1387 1960; x_wconf 87' lang='lat' dir='ltr'>exsurgit</span> <span class='ocrx_word' id='word_1_204' title='bbox 1414 1892 1852 1961; x_wconf 82' lang='lat' dir='ltr'>argumentum,</span> <span class='ocrx_word' id='word_1_205' title='bbox 1883 1888 2191 1944; x_wconf 72' lang='lat' dir='ltr'>Hebraeum</span> <span class='ocrx_word' id='word_1_206' title='bbox 2224 1886 2391 1944; x_wconf 90' lang='lat' dir='ltr'>illum</span> <span class='ocrx_word' id='word_1_207' title='bbox 2415 1887 2599 1945; x_wconf 89' lang='lat' dir='ltr'>Mauri</span> <span class='ocrx_word' id='word_1_208' title='bbox 2635 1888 2691 1942; x_wconf 89' lang='lat' dir='ltr'>in</span> <span class='ocrx_word' id='word_1_209' title='bbox 2726 1887 2973 1943; x_wconf 89' lang='lat' dir='ltr'>scientia</span> <span class='ocrx_word' id='word_1_210' title='bbox 3029 1886 3174 1959; x_wconf 88' lang='lat' dir='ltr'>legis</span> <span class='ocrx_word' id='word_1_211' title='bbox 3222 1886 3550 1951; x_wconf 85' lang='lat' dir='ltr'>ﬂorentem,</span> <span class='ocrx_word' id='word_1_212' title='bbox 3580 1883 3797 1957; x_wconf 87' lang='lat' dir='ltr'>ipsissi-</span> 
     </span>
    </p>
   </div>
   <div class='ocr_carea' id='block_1_18' title="bbox 406 1975 3795 2048">
    <p class='ocr_par' dir='ltr' id='par_1_18' title="bbox 406 1975 3795 2048">
     <span class='ocr_line' id='line_1_18' title="bbox 406 1975 3795 2048; baseline -0 -18"><span class='ocrx_word' id='word_1_213' title='bbox 406 1991 572 2031; x_wconf 89' lang='lat' dir='ltr'>mum</span> <span class='ocrx_word' id='word_1_214' title='bbox 613 1991 743 2031; x_wconf 90' lang='lat' dir='ltr'>esse</span> <span class='ocrx_word' id='word_1_215' title='bbox 781 1981 1082 2048; x_wconf 90' lang='lat' dir='ltr'>parentem</span> <span class='ocrx_word' id='word_1_216' title='bbox 1112 1976 1510 2040; x_wconf 86' lang='lat' dir='ltr'>Quaestionum</span> <span class='ocrx_word' id='word_1_217' title='bbox 1543 1978 1794 2033; x_wconf 90' lang='lat' dir='ltr'>istarum</span> <span class='ocrx_word' id='word_1_218' title='bbox 1826 1976 2243 2033; x_wconf 87' lang='lat' dir='ltr'>Hebraicarum</span> <span class='ocrx_word' id='word_1_219' title='bbox 2283 1976 2791 2048; x_wconf 87' lang='lat' dir='ltr'>consequentium.</span> <span class='ocrx_word' id='word_1_220' title='bbox 2851 1976 3018 2031; x_wconf 86' lang='lat' dir='ltr'>Certe</span> <span class='ocrx_word' id='word_1_221' title='bbox 3058 1976 3164 2031; x_wconf 91' lang='lat' dir='ltr'>abs</span> <span class='ocrx_word' id='word_1_222' title='bbox 3201 1975 3548 2046; x_wconf 77' lang='lat' dir='ltr'>Hieronymo</span> <span class='ocrx_word' id='word_1_223' title='bbox 3575 1977 3795 2029; x_wconf 89' lang='lat' dir='ltr'>tantum</span> 
     </span>
    </p>
   </div>
   <div class='ocr_carea' id='block_1_19' title="bbox 400 2060 3797 2139">
    <p class='ocr_par' dir='ltr' id='par_1_19' title="bbox 400 2060 3797 2139">
     <span class='ocr_line' id='line_1_19' title="bbox 400 2060 3797 2139; baseline -0 -21"><span class='ocrx_word' id='word_1_224' title='bbox 400 2061 496 2118; x_wconf 88' lang='lat' dir='ltr'>hic</span> <span class='ocrx_word' id='word_1_225' title='bbox 528 2062 722 2119; x_wconf 74' lang='lat' dir='ltr'>diifert</span> <span class='ocrx_word' id='word_1_226' title='bbox 753 2065 1046 2132; x_wconf 65' lang='lat' dir='ltr'>Hebraeus,</span> <span class='ocrx_word' id='word_1_227' title='bbox 1088 2069 1375 2136; x_wconf 89' lang='lat' dir='ltr'>quantum</span> <span class='ocrx_word' id='word_1_228' title='bbox 1407 2065 1602 2120; x_wconf 78' lang='lat' dir='ltr'>differt</span> <span class='ocrx_word' id='word_1_229' title='bbox 1629 2082 1663 2121; x_wconf 89' lang='lat' dir='ltr'>a</span> <span class='ocrx_word' id='word_1_230' title='bbox 1693 2065 2013 2139; x_wconf 83' lang='lat' dir='ltr'>margarita</span> <span class='ocrx_word' id='word_1_231' title='bbox 2040 2064 2465 2137; x_wconf 88' lang='lat' dir='ltr'>pretiosissima</span> <span class='ocrx_word' id='word_1_232' title='bbox 2485 2064 2701 2119; x_wconf 90' lang='lat' dir='ltr'>vitrum</span> <span class='ocrx_word' id='word_1_233' title='bbox 2726 2067 2824 2119; x_wconf 87' lang='lat' dir='ltr'>aut</span> <span class='ocrx_word' id='word_1_234' title='bbox 2848 2061 3228 2119; x_wconf 86' lang='lat' dir='ltr'>orichalcum.</span> <span class='ocrx_word' id='word_1_235' title='bbox 3254 2066 3319 2116; x_wconf 86' lang='lat' dir='ltr'>Et</span> <span class='ocrx_word' id='word_1_236' title='bbox 3337 2062 3515 2116; x_wconf 91' lang='lat' dir='ltr'>miror</span> <span class='ocrx_word' id='word_1_237' title='bbox 3535 2060 3797 2117; x_wconf 81' lang='lat' dir='ltr'>homines</span> 
     </span>
    </p>
   </div>
   <div class='ocr_carea' id='block_1_20' title="bbox 402 2151 3799 2230">
    <p class='ocr_par' dir='ltr' id='par_1_20' title="bbox 402 2151 3799 2230">
     <span class='ocr_line' id='line_1_20' title="bbox 402 2151 3799 2230; baseline -0.001 -22"><span class='ocrx_word' id='word_1_238' title='bbox 402 2152 664 2209; x_wconf 88' lang='lat' dir='ltr'>eruditos</span> <span class='ocrx_word' id='word_1_239' title='bbox 689 2152 986 2225; x_wconf 89' lang='lat' dir='ltr'>probabile</span> <span class='ocrx_word' id='word_1_240' title='bbox 1017 2154 1385 2230; x_wconf 86' lang='lat' dir='ltr'>existimasse</span> <span class='ocrx_word' id='word_1_241' title='bbox 1414 2154 1701 2210; x_wconf 70' lang='lat' dir='ltr'>multa&#39;ex</span> <span class='ocrx_word' id='word_1_242' title='bbox 1728 2153 2063 2226; x_wconf 80' lang='lat' dir='ltr'>Hieronymi</span> <span class='ocrx_word' id='word_1_243' title='bbox 2110 2154 2559 2210; x_wconf 86' lang='lat' dir='ltr'>Commentariis</span> <span class='ocrx_word' id='word_1_244' title='bbox 2587 2153 2844 2209; x_wconf 88' lang='lat' dir='ltr'>derivata</span> <span class='ocrx_word' id='word_1_245' title='bbox 2886 2153 3067 2209; x_wconf 86' lang='lat' dir='ltr'>fuisse</span> <span class='ocrx_word' id='word_1_246' title='bbox 3103 2151 3164 2207; x_wconf 87' lang='lat' dir='ltr'>in</span> <span class='ocrx_word' id='word_1_247' title='bbox 3214 2151 3572 2216; x_wconf 79' lang='lat' dir='ltr'>Quaestiones</span> <span class='ocrx_word' id='word_1_248' title='bbox 3601 2166 3799 2223; x_wconf 85' lang='lat' dir='ltr'>snpra-</span> 
     </span>
    </p>
   </div>
   <div class='ocr_carea' id='block_1_21' title="bbox 396 2238 3796 2316">
    <p class='ocr_par' dir='ltr' id='par_1_21' title="bbox 396 2238 3796 2316">
     <span class='ocr_line' id='line_1_21' title="bbox 396 2238 3796 2316; baseline -0 -21"><span class='ocrx_word' id='word_1_249' title='bbox 396 2239 536 2296; x_wconf 89' lang='lat' dir='ltr'>dicti</span> <span class='ocrx_word' id='word_1_250' title='bbox 584 2241 845 2298; x_wconf 69' lang='lat' dir='ltr'>Hebraei:</span> <span class='ocrx_word' id='word_1_251' title='bbox 893 2257 1026 2297; x_wconf 91' lang='lat' dir='ltr'>cum</span> <span class='ocrx_word' id='word_1_252' title='bbox 1056 2242 1116 2297; x_wconf 90' lang='lat' dir='ltr'>in</span> <span class='ocrx_word' id='word_1_253' title='bbox 1156 2241 1273 2298; x_wconf 87' lang='lat' dir='ltr'>illis</span> <span class='ocrx_word' id='word_1_254' title='bbox 1313 2242 1514 2299; x_wconf 67' lang='lat' dir='ltr'>multis</span> <span class='ocrx_word' id='word_1_255' title='bbox 1536 2245 1833 2299; x_wconf 82' lang='lat' dir='ltr'>sententiae</span> <span class='ocrx_word' id='word_1_256' title='bbox 1866 2243 2138 2316; x_wconf 88' lang='lat' dir='ltr'>legantur</span> <span class='ocrx_word' id='word_1_257' title='bbox 2160 2242 2627 2316; x_wconf 83' lang='lat' dir='ltr'>Hieronymianis</span> <span class='ocrx_word' id='word_1_258' title='bbox 2674 2242 2993 2298; x_wconf 89' lang='lat' dir='ltr'>dissimiles</span> <span class='ocrx_word' id='word_1_259' title='bbox 3048 2259 3114 2297; x_wconf 91' lang='lat' dir='ltr'>ac</span> <span class='ocrx_word' id='word_1_260' title='bbox 3160 2240 3499 2308; x_wconf 67' lang='lat' dir='ltr'>contrariae;</span> <span class='ocrx_word' id='word_1_261' title='bbox 3532 2246 3590 2295; x_wconf 86' lang='lat' dir='ltr'>et</span> <span class='ocrx_word' id='word_1_262' title='bbox 3626 2238 3796 2295; x_wconf 68' lang='lat' dir='ltr'>nulla</span> 
     </span>
    </p>
   </div>
   <div class='ocr_carea' id='block_1_22' title="bbox 397 2326 3797 2404">
    <p class='ocr_par' dir='ltr' id='par_1_22' title="bbox 397 2326 3797 2404">
     <span class='ocr_line' id='line_1_22' title="bbox 397 2326 3797 2404; baseline 0 -20"><span class='ocrx_word' id='word_1_263' title='bbox 397 2345 661 2401; x_wconf 86' lang='lat' dir='ltr'>prorsus,</span> <span class='ocrx_word' id='word_1_264' title='bbox 690 2329 777 2387; x_wconf 90' lang='lat' dir='ltr'>vel</span> <span class='ocrx_word' id='word_1_265' title='bbox 806 2344 1108 2404; x_wconf 58' lang='lat' dir='ltr'>perpauca)</span> <span class='ocrx_word' id='word_1_266' title='bbox 1139 2330 1514 2388; x_wconf 85' lang='lat' dir='ltr'>inveniantur</span> <span class='ocrx_word' id='word_1_267' title='bbox 1550 2332 1915 2389; x_wconf 87' lang='lat' dir='ltr'>Traditiones</span> <span class='ocrx_word' id='word_1_268' title='bbox 1956 2331 2246 2388; x_wconf 65' lang='lat' dir='ltr'>Hebraicis</span> <span class='ocrx_word' id='word_1_269' title='bbox 2278 2331 2588 2403; x_wconf 87' lang='lat' dir='ltr'>latinitate,</span> <span class='ocrx_word' id='word_1_270' title='bbox 2621 2331 2949 2398; x_wconf 82' lang='lat' dir='ltr'>eruditione</span> <span class='ocrx_word' id='word_1_271' title='bbox 2972 2330 3283 2401; x_wconf 90' lang='lat' dir='ltr'>studioque</span> <span class='ocrx_word' id='word_1_272' title='bbox 3305 2328 3635 2398; x_wconf 85' lang='lat' dir='ltr'>Hieronymi</span> <span class='ocrx_word' id='word_1_273' title='bbox 3658 2326 3797 2385; x_wconf 82' lang='lat' dir='ltr'>satis</span> 
     </span>
    </p>
   </div>
   <div class='ocr_carea' id='block_1_23' title="bbox 401 2418 611 2491">
    <p class='ocr_par' dir='ltr' id='par_1_23' title="bbox 401 2418 611 2491">
     <span class='ocr_line' id='line_1_23' title="bbox 401 2418 611 2491; baseline 0.014 -19"><span class='ocrx_word' id='word_1_274' title='bbox 401 2418 611 2491; x_wconf 65' lang='lat' dir='ltr'>digna.</span> 
     </span>
    </p>
   </div>
   <div class='ocr_carea' id='block_1_24' title="bbox 467 2506 3793 2583">
    <p class='ocr_par' dir='ltr' id='par_1_24' title="bbox 467 2506 3793 2583">
     <span class='ocr_line' id='line_1_24' title="bbox 467 2506 3793 2583; baseline -0 -20"><span class='ocrx_word' id='word_1_275' title='bbox 467 2507 569 2564; x_wconf 83' lang='lat' dir='ltr'>His</span> <span class='ocrx_word' id='word_1_276' title='bbox 596 2512 827 2565; x_wconf 89' lang='lat' dir='ltr'>tantum</span> <span class='ocrx_word' id='word_1_277' title='bbox 860 2508 1219 2578; x_wconf 90' lang='lat' dir='ltr'>addidimus,</span> <span class='ocrx_word' id='word_1_278' title='bbox 1246 2509 1428 2566; x_wconf 88' lang='lat' dir='ltr'>videri</span> <span class='ocrx_word' id='word_1_279' title='bbox 1459 2510 1757 2567; x_wconf 89' lang='lat' dir='ltr'>interdum</span> <span class='ocrx_word' id='word_1_280' title='bbox 1790 2511 1961 2583; x_wconf 87' lang='lat' dir='ltr'>plura</span> <span class='ocrx_word' id='word_1_281' title='bbox 1990 2528 2169 2583; x_wconf 90' lang='lat' dir='ltr'>quam</span> <span class='ocrx_word' id='word_1_282' title='bbox 2201 2510 2297 2567; x_wconf 92' lang='lat' dir='ltr'>hic</span> <span class='ocrx_word' id='word_1_283' title='bbox 2327 2515 2488 2577; x_wconf 89' lang='lat' dir='ltr'>sunt,</span> <span class='ocrx_word' id='word_1_284' title='bbox 2519 2510 2629 2566; x_wconf 89' lang='lat' dir='ltr'>sub</span> <span class='ocrx_word' id='word_1_285' title='bbox 2697 2509 2943 2581; x_wconf 86' lang='lat' dir='ltr'>hujusce</span> <span class='ocrx_word' id='word_1_286' title='bbox 2998 2508 3215 2565; x_wconf 59' lang='grc' dir='ltr'>Πρωτιεὶ</span> <span class='ocrx_word' id='word_1_287' title='bbox 3259 2508 3492 2565; x_wconf 88' lang='lat' dir='ltr'>nomine</span> <span class='ocrx_word' id='word_1_288' title='bbox 3556 2507 3628 2563; x_wconf 92' lang='lat' dir='ltr'>ad</span> <span class='ocrx_word' id='word_1_289' title='bbox 3658 2506 3793 2564; x_wconf 87' lang='lat' dir='ltr'>libri</span> 
     </span>
    </p>
   </div>
   <div class='ocr_carea' id='block_1_25' title="bbox 402 2596 3801 2674">
    <p class='ocr_par' dir='ltr' id='par_1_25' title="bbox 402 2596 3801 2674">
     <span class='ocr_line' id='line_1_25' title="bbox 402 2596 3801 2674; baseline -0 -23"><span class='ocrx_word' id='word_1_290' title='bbox 402 2612 564 2652; x_wconf 90' lang='lat' dir='ltr'>oram</span> <span class='ocrx_word' id='word_1_291' title='bbox 597 2603 936 2670; x_wconf 60' lang='lat' dir='ltr'>praenotato,</span> <span class='ocrx_word' id='word_1_292' title='bbox 967 2605 1171 2655; x_wconf 90' lang='lat' dir='ltr'>contra</span> <span class='ocrx_word' id='word_1_293' title='bbox 1198 2616 1377 2671; x_wconf 90' lang='lat' dir='ltr'>quam</span> <span class='ocrx_word' id='word_1_294' title='bbox 1410 2601 1775 2657; x_wconf 72' lang='lat' dir='ltr'>Martianeeus</span> <span class='ocrx_word' id='word_1_295' title='bbox 1807 2601 2008 2668; x_wconf 90' lang='lat' dir='ltr'>sentit,</span> <span class='ocrx_word' id='word_1_296' title='bbox 2039 2616 2217 2674; x_wconf 90' lang='lat' dir='ltr'>penes</span> <span class='ocrx_word' id='word_1_297' title='bbox 2247 2601 2556 2656; x_wconf 88' lang='lat' dir='ltr'>Rabanum</span> <span class='ocrx_word' id='word_1_298' title='bbox 2595 2598 2851 2656; x_wconf 82' lang='lat' dir='ltr'>exhiberi</span> <span class='ocrx_word' id='word_1_299' title='bbox 2878 2616 2891 2655; x_wconf 92' lang='lat'>:</span> <span class='ocrx_word' id='word_1_300' title='bbox 2926 2616 3053 2671; x_wconf 78' lang='lat' dir='ltr'>quae</span> <span class='ocrx_word' id='word_1_301' title='bbox 3092 2616 3224 2655; x_wconf 88' lang='lat' dir='ltr'>vero</span> <span class='ocrx_word' id='word_1_302' title='bbox 3244 2616 3313 2653; x_wconf 84' lang='lat' dir='ltr'>ex</span> <span class='ocrx_word' id='word_1_303' title='bbox 3342 2597 3688 2670; x_wconf 83' lang='lat' dir='ltr'>Hieronymo</span> <span class='ocrx_word' id='word_1_304' title='bbox 3717 2596 3801 2651; x_wconf 89' lang='lat' dir='ltr'>ibi</span> 
     </span>
    </p>
   </div>
   <div class='ocr_carea' id='block_1_26' title="bbox 406 2686 3803 2762">
    <p class='ocr_par' dir='ltr' id='par_1_26' title="bbox 406 2686 3803 2762">
     <span class='ocr_line' id='line_1_26' title="bbox 406 2686 3803 2762; baseline 0 -20"><span class='ocrx_word' id='word_1_305' title='bbox 406 2686 749 2757; x_wconf 73' lang='lat' dir='ltr'>afferuntur,</span> <span class='ocrx_word' id='word_1_306' title='bbox 777 2705 893 2744; x_wconf 91' lang='lat' dir='ltr'>non</span> <span class='ocrx_word' id='word_1_307' title='bbox 924 2705 994 2744; x_wconf 87' lang='lat' dir='ltr'>ex</span> <span class='ocrx_word' id='word_1_308' title='bbox 1022 2688 1216 2762; x_wconf 88' lang='lat' dir='ltr'>aliquo</span> <span class='ocrx_word' id='word_1_309' title='bbox 1246 2690 1621 2758; x_wconf 66' lang='lat' dir='ltr'>Quaestionum</span> <span class='ocrx_word' id='word_1_310' title='bbox 1651 2690 2047 2746; x_wconf 81' lang='lat' dir='ltr'>Hebraicarum</span> <span class='ocrx_word' id='word_1_311' title='bbox 2077 2690 2246 2758; x_wconf 86' lang='lat' dir='ltr'>libro,</span> <span class='ocrx_word' id='word_1_312' title='bbox 2285 2690 2383 2762; x_wconf 90' lang='lat' dir='ltr'>qui</span> <span class='ocrx_word' id='word_1_313' title='bbox 2426 2689 2803 2750; x_wconf 86' lang='lat' dir='ltr'>interciderit.</span> <span class='ocrx_word' id='word_1_314' title='bbox 2836 2690 2936 2744; x_wconf 89' lang='lat' dir='ltr'>sed</span> <span class='ocrx_word' id='word_1_315' title='bbox 2975 2706 3045 2745; x_wconf 84' lang='lat' dir='ltr'>ex</span> <span class='ocrx_word' id='word_1_316' title='bbox 3097 2688 3544 2744; x_wconf 89' lang='lat' dir='ltr'>Commentariis</span> <span class='ocrx_word' id='word_1_317' title='bbox 3572 2687 3632 2741; x_wconf 89' lang='lat' dir='ltr'>in</span> <span class='ocrx_word' id='word_1_318' title='bbox 3662 2690 3803 2742; x_wconf 87' lang='lat' dir='ltr'>Pro-</span> 
     </span>
    </p>
   </div>
   <div class='ocr_carea' id='block_1_27' title="bbox 400 2774 3803 2852">
    <p class='ocr_par' dir='ltr' id='par_1_27' title="bbox 400 2774 3803 2852">
     <span class='ocr_line' id='line_1_27' title="bbox 400 2774 3803 2852; baseline -0 -22"><span class='ocrx_word' id='word_1_319' title='bbox 400 2774 633 2848; x_wconf 83' lang='lat' dir='ltr'>phetas,</span> <span class='ocrx_word' id='word_1_320' title='bbox 665 2776 916 2848; x_wconf 89' lang='lat' dir='ltr'>aliisque</span> <span class='ocrx_word' id='word_1_321' title='bbox 948 2777 1004 2832; x_wconf 92' lang='lat' dir='ltr'>S.</span> <span class='ocrx_word' id='word_1_322' title='bbox 1037 2777 1291 2834; x_wconf 87' lang='lat' dir='ltr'>doctoris</span> <span class='ocrx_word' id='word_1_323' title='bbox 1321 2780 1617 2851; x_wconf 87' lang='lat' dir='ltr'>operibus,</span> <span class='ocrx_word' id='word_1_324' title='bbox 1649 2784 1706 2835; x_wconf 91' lang='lat' dir='ltr'>et</span> <span class='ocrx_word' id='word_1_325' title='bbox 1734 2796 1866 2835; x_wconf 90' lang='lat' dir='ltr'>cum</span> <span class='ocrx_word' id='word_1_326' title='bbox 1900 2779 2108 2852; x_wconf 90' lang='lat' dir='ltr'>primis</span> <span class='ocrx_word' id='word_1_327' title='bbox 2139 2795 2208 2835; x_wconf 84' lang='lat' dir='ltr'>ex</span> <span class='ocrx_word' id='word_1_328' title='bbox 2238 2778 2337 2834; x_wconf 90' lang='lat' dir='ltr'>illo</span> <span class='ocrx_word' id='word_1_329' title='bbox 2366 2780 2437 2834; x_wconf 86' lang='lat' dir='ltr'>de</span> <span class='ocrx_word' id='word_1_330' title='bbox 2467 2778 2816 2835; x_wconf 89' lang='lat' dir='ltr'>Nominibus</span> <span class='ocrx_word' id='word_1_331' title='bbox 2865 2778 3172 2845; x_wconf 89' lang='lat' dir='ltr'>Locorum,</span> <span class='ocrx_word' id='word_1_332' title='bbox 3220 2777 3490 2833; x_wconf 87' lang='lat' dir='ltr'>describi.</span> <span class='ocrx_word' id='word_1_333' title='bbox 3522 2776 3803 2832; x_wconf 77' lang='lat' dir='ltr'>Caeterum</span> 
     </span>
    </p>
   </div>
   <div class='ocr_carea' id='block_1_28' title="bbox 395 2864 3802 2940">
    <p class='ocr_par' dir='ltr' id='par_1_28' title="bbox 395 2864 3802 2940">
     <span class='ocr_line' id='line_1_28' title="bbox 395 2864 3802 2940; baseline -0.001 -21"><span class='ocrx_word' id='word_1_334' title='bbox 395 2864 527 2920; x_wconf 90' lang='lat' dir='ltr'>vide</span> <span class='ocrx_word' id='word_1_335' title='bbox 555 2880 683 2937; x_wconf 67' lang='lat' dir='ltr'>quae</span> <span class='ocrx_word' id='word_1_336' title='bbox 714 2866 785 2920; x_wconf 89' lang='lat' dir='ltr'>de</span> <span class='ocrx_word' id='word_1_337' title='bbox 816 2865 1157 2937; x_wconf 89' lang='lat' dir='ltr'>hujusmodi</span> <span class='ocrx_word' id='word_1_338' title='bbox 1186 2866 1653 2940; x_wconf 86' lang='lat' dir='ltr'>Hieronymianis</span> <span class='ocrx_word' id='word_1_339' title='bbox 1681 2868 2113 2933; x_wconf 69' lang='lat' dir='ltr'>Quaestionibus</span> <span class='ocrx_word' id='word_1_340' title='bbox 2163 2868 2221 2922; x_wconf 91' lang='lat' dir='ltr'>in</span> <span class='ocrx_word' id='word_1_341' title='bbox 2263 2867 2522 2939; x_wconf 88' lang='lat' dir='ltr'>reliquos</span> <span class='ocrx_word' id='word_1_342' title='bbox 2563 2868 2875 2939; x_wconf 63' lang='lat' dir='ltr'>Scriptura;</span> <span class='ocrx_word' id='word_1_343' title='bbox 2928 2866 3108 2922; x_wconf 89' lang='lat' dir='ltr'>libros</span> <span class='ocrx_word' id='word_1_344' title='bbox 3159 2865 3277 2921; x_wconf 89' lang='lat' dir='ltr'>sive</span> <span class='ocrx_word' id='word_1_345' title='bbox 3317 2864 3657 2936; x_wconf 90' lang='lat' dir='ltr'>deperditis,</span> <span class='ocrx_word' id='word_1_346' title='bbox 3698 2879 3802 2918; x_wconf 87' lang='lat' dir='ltr'>seu</span> 
     </span>
    </p>
   </div>
   <div class='ocr_carea' id='block_1_29' title="bbox 398 2953 3800 3031">
    <p class='ocr_par' dir='ltr' id='par_1_29' title="bbox 398 2953 3800 3031">
     <span class='ocr_line' id='line_1_29' title="bbox 398 2953 3800 3031; baseline -0.001 -22"><span class='ocrx_word' id='word_1_347' title='bbox 398 2953 595 3010; x_wconf 92' lang='lat' dir='ltr'>verius</span> <span class='ocrx_word' id='word_1_348' title='bbox 626 2954 872 3011; x_wconf 89' lang='lat' dir='ltr'>minime</span> <span class='ocrx_word' id='word_1_349' title='bbox 902 2954 1281 3023; x_wconf 90' lang='lat' dir='ltr'>elucubratis,</span> <span class='ocrx_word' id='word_1_350' title='bbox 1312 2957 1371 3012; x_wconf 89' lang='lat' dir='ltr'>in</span> <span class='ocrx_word' id='word_1_351' title='bbox 1413 2957 1669 3029; x_wconf 81' lang='lat' dir='ltr'>generali</span> <span class='ocrx_word' id='word_1_352' title='bbox 1702 2958 2035 3031; x_wconf 75' lang='lat' dir='ltr'>praefatione</span> <span class='ocrx_word' id='word_1_353' title='bbox 2062 2958 2464 3015; x_wconf 88' lang='lat' dir='ltr'>observamus.</span> <span class='ocrx_word' id='word_1_354' title='bbox 2501 2959 2648 3013; x_wconf 89' lang='lat' dir='ltr'>Istos</span> <span class='ocrx_word' id='word_1_355' title='bbox 2678 2957 2977 3029; x_wconf 82' lang='lat' dir='ltr'>exegimus</span> <span class='ocrx_word' id='word_1_356' title='bbox 3006 2957 3077 3012; x_wconf 92' lang='lat' dir='ltr'>ad</span> <span class='ocrx_word' id='word_1_357' title='bbox 3122 2956 3292 3011; x_wconf 83' lang='lat' dir='ltr'>ﬁdem</span> <span class='ocrx_word' id='word_1_358' title='bbox 3341 2953 3645 3010; x_wconf 87' lang='lat' dir='ltr'>domestici</span> <span class='ocrx_word' id='word_1_359' title='bbox 3691 2967 3800 3007; x_wconf 85' lang='lat' dir='ltr'>ms.</span> 
     </span>
    </p>
   </div>
   <div class='ocr_carea' id='block_1_30' title="bbox 403 3041 3803 3119">
    <p class='ocr_par' dir='ltr' id='par_1_30' title="bbox 403 3041 3803 3119">
     <span class='ocr_line' id='line_1_30' title="bbox 403 3041 3803 3119; baseline -0 -22"><span class='ocrx_word' id='word_1_360' title='bbox 403 3042 642 3111; x_wconf 89' lang='lat' dir='ltr'>codicis,</span> <span class='ocrx_word' id='word_1_361' title='bbox 675 3059 792 3115; x_wconf 93' lang='lat' dir='ltr'>quo</span> <span class='ocrx_word' id='word_1_362' title='bbox 823 3044 1038 3117; x_wconf 68' lang='lat' dir='ltr'>saepius</span> <span class='ocrx_word' id='word_1_363' title='bbox 1070 3045 1158 3101; x_wconf 91' lang='lat' dir='ltr'>usi</span> <span class='ocrx_word' id='word_1_364' title='bbox 1190 3061 1422 3115; x_wconf 84' lang='lat' dir='ltr'>sumus,</span> <span class='ocrx_word' id='word_1_365' title='bbox 1453 3050 1579 3102; x_wconf 91' lang='lat' dir='ltr'>tum</span> <span class='ocrx_word' id='word_1_366' title='bbox 1613 3047 1683 3103; x_wconf 91' lang='lat' dir='ltr'>ad</span> <span class='ocrx_word' id='word_1_367' title='bbox 1725 3046 1913 3119; x_wconf 82' lang='lat' dir='ltr'>ipsius</span> <span class='ocrx_word' id='word_1_368' title='bbox 1944 3046 2164 3103; x_wconf 89' lang='lat' dir='ltr'>Rabani</span> <span class='ocrx_word' id='word_1_369' title='bbox 2195 3046 2525 3112; x_wconf 86' lang='lat' dir='ltr'>lectionem,</span> <span class='ocrx_word' id='word_1_370' title='bbox 2566 3063 2693 3118; x_wconf 73' lang='lat' dir='ltr'>quae</span> <span class='ocrx_word' id='word_1_371' title='bbox 2737 3046 2987 3102; x_wconf 90' lang='lat' dir='ltr'>subindo</span> <span class='ocrx_word' id='word_1_372' title='bbox 3026 3044 3282 3100; x_wconf 89' lang='lat' dir='ltr'>melioris</span> <span class='ocrx_word' id='word_1_373' title='bbox 3332 3049 3421 3100; x_wconf 88' lang='lat' dir='ltr'>est</span> <span class='ocrx_word' id='word_1_374' title='bbox 3449 3042 3658 3113; x_wconf 82' lang='lat' dir='ltr'>frugis.</span> <span class='ocrx_word' id='word_1_375' title='bbox 3691 3041 3803 3098; x_wconf 82' lang='lat' dir='ltr'>Sed</span> 
     </span>
    </p>
   </div>
   <div class='ocr_carea' id='block_1_31' title="bbox 403 3130 3807 3204">
    <p class='ocr_par' dir='ltr' id='par_1_31' title="bbox 403 3130 3807 3204">
     <span class='ocr_line' id='line_1_31' title="bbox 403 3130 3807 3204; baseline -0.001 -16"><span class='ocrx_word' id='word_1_376' title='bbox 403 3130 598 3199; x_wconf 84' lang='lat' dir='ltr'>etalio</span> <span class='ocrx_word' id='word_1_377' title='bbox 631 3133 723 3189; x_wconf 89' lang='lat' dir='ltr'>usi</span> <span class='ocrx_word' id='word_1_378' title='bbox 753 3150 961 3189; x_wconf 87' lang='lat' dir='ltr'>sumus</span> <span class='ocrx_word' id='word_1_379' title='bbox 994 3151 1104 3192; x_wconf 88' lang='lat' dir='ltr'>ms.</span> <span class='ocrx_word' id='word_1_380' title='bbox 1134 3135 1329 3191; x_wconf 90' lang='lat' dir='ltr'>codice</span> <span class='ocrx_word' id='word_1_381' title='bbox 1360 3135 1798 3204; x_wconf 84' lang='lat' dir='ltr'>Mediolanensi,</span> <span class='ocrx_word' id='word_1_382' title='bbox 1847 3135 2210 3192; x_wconf 76' lang='lat' dir='ltr'>bibliothecae</span> <span class='ocrx_word' id='word_1_383' title='bbox 2254 3135 2644 3192; x_wconf 61' lang='lat' dir='ltr'>Ambrosianus</span> <span class='ocrx_word' id='word_1_384' title='bbox 2690 3135 2800 3191; x_wconf 91' lang='lat' dir='ltr'>sub</span> <span class='ocrx_word' id='word_1_385' title='bbox 2832 3134 2876 3190; x_wconf 94' lang='lat' dir='ltr'>D</span> <span class='ocrx_word' id='word_1_386' title='bbox 2926 3133 3118 3189; x_wconf 89' lang='lat' dir='ltr'>littera</span> <span class='ocrx_word' id='word_1_387' title='bbox 3156 3138 3214 3188; x_wconf 88' lang='lat' dir='ltr'>et</span> <span class='ocrx_word' id='word_1_388' title='bbox 3242 3146 3482 3188; x_wconf 87' lang='lat' dir='ltr'>numero</span> <span class='ocrx_word' id='word_1_389' title='bbox 3512 3133 3602 3200; x_wconf 89' lang='lat'>88,</span> <span class='ocrx_word' id='word_1_390' title='bbox 3634 3131 3807 3201; x_wconf 89' lang='lat' dir='ltr'>cujus</span> 
     </span>
    </p>
   </div>
   <div class='ocr_carea' id='block_1_32' title="bbox 392 3220 3807 3297">
    <p class='ocr_par' dir='ltr' id='par_1_32' title="bbox 392 3220 3807 3297">
     <span class='ocr_line' id='line_1_32' title="bbox 392 3220 3807 3297; baseline 0 -23"><span class='ocrx_word' id='word_1_391' title='bbox 392 3220 686 3277; x_wconf 87' lang='lat' dir='ltr'>variantes</span> <span class='ocrx_word' id='word_1_392' title='bbox 740 3220 1018 3278; x_wconf 89' lang='lat' dir='ltr'>lectiones</span> <span class='ocrx_word' id='word_1_393' title='bbox 1065 3223 1123 3278; x_wconf 91' lang='lat' dir='ltr'>in</span> <span class='ocrx_word' id='word_1_394' title='bbox 1173 3222 1283 3279; x_wconf 88' lang='lat' dir='ltr'>hac</span> <span class='ocrx_word' id='word_1_395' title='bbox 1329 3223 1581 3281; x_wconf 89' lang='lat' dir='ltr'>editione</span> <span class='ocrx_word' id='word_1_396' title='bbox 1627 3224 1807 3297; x_wconf 90' lang='lat' dir='ltr'>(quod</span> <span class='ocrx_word' id='word_1_397' title='bbox 1847 3224 2192 3296; x_wconf 64' lang='lat' dir='ltr'>praecedenti</span> <span class='ocrx_word' id='word_1_398' title='bbox 2241 3241 2344 3297; x_wconf 87' lang='lat' dir='ltr'>per</span> <span class='ocrx_word' id='word_1_399' title='bbox 2400 3222 2735 3297; x_wconf 85' lang='lat' dir='ltr'>typothetas</span> <span class='ocrx_word' id='word_1_400' title='bbox 2785 3239 2899 3278; x_wconf 91' lang='lat' dir='ltr'>non</span> <span class='ocrx_word' id='word_1_401' title='bbox 2942 3222 3085 3277; x_wconf 80' lang='lat' dir='ltr'>satis</span> <span class='ocrx_word' id='word_1_402' title='bbox 3150 3220 3337 3289; x_wconf 87' lang='lat' dir='ltr'>licuit)</span> <span class='ocrx_word' id='word_1_403' title='bbox 3366 3221 3493 3276; x_wconf 90' lang='lat' dir='ltr'>suis</span> <span class='ocrx_word' id='word_1_404' title='bbox 3535 3234 3807 3291; x_wconf 81' lang='lat' dir='ltr'>quasque</span> 
     </span>
    </p>
   </div>
   <div class='ocr_carea' id='block_1_33' title="bbox 400 3309 986 3382">
    <p class='ocr_par' dir='ltr' id='par_1_33' title="bbox 400 3309 986 3382">
     <span class='ocr_line' id='line_1_33' title="bbox 400 3309 986 3382; baseline 0.003 -17"><span class='ocrx_word' id='word_1_405' title='bbox 400 3309 546 3367; x_wconf 89' lang='lat' dir='ltr'>locis</span> <span class='ocrx_word' id='word_1_406' title='bbox 576 3311 986 3382; x_wconf 87' lang='lat' dir='ltr'>expendimus.</span> 
     </span>
    </p>
   </div>
   <div class='ocr_carea' id='block_1_34' title="bbox 1150 3638 3071 3770">
    <p class='ocr_par' dir='ltr' id='par_1_34' title="bbox 1150 3638 3071 3770">
     <span class='ocr_line' id='line_1_34' title="bbox 1150 3638 3071 3770; baseline -0.002 -22"><span class='ocrx_word' id='word_1_407' title='bbox 1150 3638 3071 3770; x_wconf 64' lang='lat' dir='ltr'>QUIESTIONES~HEBRAIC11E</span> 
     </span>
    </p>
   </div>
   <div class='ocr_carea' id='block_1_35' title="bbox 1908 3838 2308 3901">
    <p class='ocr_par' dir='ltr' id='par_1_35' title="bbox 1908 3838 2308 3901">
     <span class='ocr_line' id='line_1_35' title="bbox 1908 3838 2308 3901; baseline 0 -2"><span class='ocrx_word' id='word_1_408' title='bbox 1908 3838 1987 3900; x_wconf 90' lang='grc' dir='ltr'><strong>ΙΝ</strong></span> <span class='ocrx_word' id='word_1_409' title='bbox 2031 3838 2308 3901; x_wconf 83' lang='lat' dir='ltr'>LIBROS</span> 
     </span>
    </p>
   </div>
   <div class='ocr_carea' id='block_1_36' title="bbox 663 4016 3542 4179">
    <p class='ocr_par' dir='ltr' id='par_1_36' title="bbox 663 4016 3542 4179">
     <span class='ocr_line' id='line_1_36' title="bbox 663 4016 3542 4179; baseline -0.002 -4"><span class='ocrx_word' id='word_1_410' title='bbox 663 4017 1319 4179; x_wconf 78' lang='lat' dir='ltr'>REGUM</span> <span class='ocrx_word' id='word_1_411' title='bbox 1468 4019 1715 4173; x_wconf 87' lang='lat' dir='ltr'>ET</span> <span class='ocrx_word' id='word_1_412' title='bbox 1851 4016 3542 4177; x_wconf 66' lang='lat' dir='ltr'>PARALIPOMENON.</span> 
     </span>
    </p>
   </div>
   <div class='ocr_carea' id='block_1_37' title="bbox 1490 4382 2703 4483">
    <p class='ocr_par' dir='ltr' id='par_1_37' title="bbox 1490 4382 2703 4483">
     <span class='ocr_line' id='line_1_37' title="bbox 1490 4382 2703 4483; baseline 0.002 -3"><span class='ocrx_word' id='word_1_413' title='bbox 1490 4391 1606 4483; x_wconf 87' lang='lat' dir='ltr'><strong>IN</strong></span> <span class='ocrx_word' id='word_1_414' title='bbox 1666 4382 2117 4483; x_wconf 82' lang='lat' dir='ltr'>LIBRUM</span> <span class='ocrx_word' id='word_1_415' title='bbox 2171 4393 2211 4479; x_wconf 97' lang='grc' dir='ltr'><strong>Ι</strong></span> <span class='ocrx_word' id='word_1_416' title='bbox 2268 4391 2703 4483; x_wconf 82' lang='lat' dir='ltr'>REGUM-</span> 
     </span>
    </p>
   </div>
   <div class='ocr_carea' id='block_1_38' title="bbox 466 4662 3811 4746">
    <p class='ocr_par' dir='ltr' id='par_1_38' title="bbox 466 4662 3811 4746">
     <span class='ocr_line' id='line_1_38' title="bbox 466 4662 3811 4746; baseline -0.003 -17"><span class='ocrx_word' id='word_1_417' title='bbox 466 4673 628 4746; x_wconf 89' lang='lat' dir='ltr'>(Cap.</span> <span class='ocrx_word' id='word_1_418' title='bbox 663 4690 701 4728; x_wconf 84' lang='grc' dir='ltr'>ι.</span> <span class='ocrx_word' id='word_1_419' title='bbox 734 4671 986 4743; x_wconf 48' lang='grc' dir='ltr'>ένρῐιε.</span> <span class='ocrx_word' id='word_1_420' title='bbox 1053 4671 1130 4744; x_wconf 91' lang='grc'>1.)</span> <span class='ocrx_word' id='word_1_421' title='bbox 1163 4693 1192 4723; x_wconf 91' lang='grc'>‹‹</span> <span class='ocrx_word' id='word_1_422' title='bbox 1225 4670 1358 4728; x_wconf 88' lang='lat' dir='ltr'>Fuit</span> <span class='ocrx_word' id='word_1_423' title='bbox 1420 4670 1509 4727; x_wconf 86' lang='lat' dir='ltr'>vir</span> <span class='ocrx_word' id='word_1_424' title='bbox 1537 4686 1694 4727; x_wconf 88' lang='lat' dir='ltr'>unus</span> <span class='ocrx_word' id='word_1_425' title='bbox 1734 4670 1807 4727; x_wconf 89' lang='lat' dir='ltr'>de</span> <span class='ocrx_word' id='word_1_426' title='bbox 1833 4673 2043 4727; x_wconf 84' lang='lat' dir='ltr'>Bama-</span> <span class='ocrx_word' id='word_1_427' title='bbox 2072 4671 2129 4738; x_wconf 77' lang='grc' dir='ltr'><strong>Α</strong></span> <span class='ocrx_word' id='word_1_428' title='bbox 2158 4668 2319 4725; x_wconf 90' lang='lat' dir='ltr'>illius</span> <span class='ocrx_word' id='word_1_429' title='bbox 2352 4685 2538 4741; x_wconf 89' lang='lat' dir='ltr'>usque</span> <span class='ocrx_word' id='word_1_430' title='bbox 2568 4669 2639 4725; x_wconf 91' lang='lat' dir='ltr'>ad</span> <span class='ocrx_word' id='word_1_431' title='bbox 2675 4667 2808 4724; x_wconf 88' lang='lat' dir='ltr'>Levi</span> <span class='ocrx_word' id='word_1_432' title='bbox 2840 4666 3243 4742; x_wconf 76' lang='lat' dir='ltr'>perduciturU</span> <span class='ocrx_word' id='word_1_433' title='bbox 3262 4665 3444 4721; x_wconf 85' lang='lat' dir='ltr'>Paral.</span> <span class='ocrx_word' id='word_1_434' title='bbox 3468 4662 3569 4733; x_wconf 74' lang='lat' dir='ltr'>v,i</span> <span class='ocrx_word' id='word_1_435' title='bbox 3607 4662 3811 4736; x_wconf 88' lang='lat' dir='ltr'>seqq.).</span> 
     </span>
    </p>
   </div>
   <div class='ocr_carea' id='block_1_39' title="bbox 396 4752 3811 4835">
    <p class='ocr_par' dir='ltr' id='par_1_39' title="bbox 396 4752 3811 4835">
     <span class='ocr_line' id='line_1_39' title="bbox 396 4752 3811 4835; baseline -0.004 -17"><span class='ocrx_word' id='word_1_436' title='bbox 396 4761 582 4818; x_wconf 90' lang='lat' dir='ltr'>thaim</span> <span class='ocrx_word' id='word_1_437' title='bbox 616 4762 883 4835; x_wconf 88' lang='lat' dir='ltr'>Sephim,</span> <span class='ocrx_word' id='word_1_438' title='bbox 918 4763 989 4818; x_wconf 88' lang='lat' dir='ltr'>de</span> <span class='ocrx_word' id='word_1_439' title='bbox 1014 4765 1213 4818; x_wconf 91' lang='lat' dir='ltr'>monte</span> <span class='ocrx_word' id='word_1_440' title='bbox 1241 4761 1539 4833; x_wconf 89' lang='lat' dir='ltr'>Ephraim,</span> <span class='ocrx_word' id='word_1_441' title='bbox 1573 4764 1630 4816; x_wconf 91' lang='lat' dir='ltr'>et</span> <span class='ocrx_word' id='word_1_442' title='bbox 1670 4776 1882 4816; x_wconf 90' lang='lat' dir='ltr'>nomen</span> <span class='ocrx_word' id='word_1_443' title='bbox 1913 4760 2043 4831; x_wconf 88' lang='lat' dir='ltr'>ejus</span> <span class='ocrx_word' id='word_1_444' title='bbox 2153 4763 2394 4815; x_wconf 89' lang='lat' dir='ltr'>Matrem</span> <span class='ocrx_word' id='word_1_445' title='bbox 2427 4775 2661 4832; x_wconf 92' lang='lat' dir='ltr'>quoque</span> <span class='ocrx_word' id='word_1_446' title='bbox 2690 4759 2818 4829; x_wconf 82' lang='lat' dir='ltr'>eius</span> <span class='ocrx_word' id='word_1_447' title='bbox 2858 4757 2929 4812; x_wconf 92' lang='lat' dir='ltr'>de</span> <span class='ocrx_word' id='word_1_448' title='bbox 2957 4756 3112 4811; x_wconf 86' lang='lat' dir='ltr'>tribu</span> <span class='ocrx_word' id='word_1_449' title='bbox 3143 4755 3299 4811; x_wconf 85' lang='lat' dir='ltr'>Juda</span> <span class='ocrx_word' id='word_1_450' title='bbox 3326 4752 3618 4809; x_wconf 86' lang='lat' dir='ltr'>exstitisse</span> <span class='ocrx_word' id='word_1_451' title='bbox 3640 4769 3811 4808; x_wconf 83' lang='lat' dir='ltr'>mon-</span> 
     </span>
    </p>
   </div>
   <div class='ocr_carea' id='block_1_40' title="bbox 394 4837 3812 4922">
    <p class='ocr_par' dir='ltr' id='par_1_40' title="bbox 394 4837 3812 4922">
     <span class='ocr_line' id='line_1_40' title="bbox 394 4837 3812 4922; baseline -0.004 -15"><span class='ocrx_word' id='word_1_452' title='bbox 394 4851 630 4913; x_wconf 81' lang='lat' dir='ltr'>Eicaua,</span> <span class='ocrx_word' id='word_1_453' title='bbox 664 4851 822 4907; x_wconf 84' lang='lat' dir='ltr'>ﬁlius</span> <span class='ocrx_word' id='word_1_454' title='bbox 851 4852 930 4922; x_wconf 91' lang='lat' dir='ltr'>(a)</span> <span class='ocrx_word' id='word_1_455' title='bbox 968 4851 1224 4918; x_wconf 87' lang='lat' dir='ltr'>Jeroam,</span> <span class='ocrx_word' id='word_1_456' title='bbox 1256 4850 1360 4905; x_wconf 85' lang='lat' dir='ltr'>filii</span> <span class='ocrx_word' id='word_1_457' title='bbox 1396 4849 1547 4917; x_wconf 84' lang='lat' dir='ltr'>Elin,</span> <span class='ocrx_word' id='word_1_458' title='bbox 1588 4848 1691 4904; x_wconf 83' lang='lat' dir='ltr'>ﬁlii</span> <span class='ocrx_word' id='word_1_459' title='bbox 1719 4847 1905 4920; x_wconf 91' lang='lat' dir='ltr'>Thon,</span> <span class='ocrx_word' id='word_1_460' title='bbox 1938 4848 2043 4903; x_wconf 84' lang='lat' dir='ltr'>ﬁlii</span> <span class='ocrx_word' id='word_1_461' title='bbox 2156 4837 2398 4916; x_wconf 83' lang='lat' dir='ltr'>stratur,</span> <span class='ocrx_word' id='word_1_462' title='bbox 2453 4848 2513 4903; x_wconf 90' lang='lat' dir='ltr'>in</span> <span class='ocrx_word' id='word_1_463' title='bbox 2582 4865 2648 4904; x_wconf 93' lang='lat' dir='ltr'>eo</span> <span class='ocrx_word' id='word_1_464' title='bbox 2679 4847 2834 4920; x_wconf 86' lang='lat' dir='ltr'>quod</span> <span class='ocrx_word' id='word_1_465' title='bbox 2902 4845 3246 4918; x_wconf 72' lang='lat' dir='ltr'>Ephrataeus</span> <span class='ocrx_word' id='word_1_466' title='bbox 3276 4847 3529 4899; x_wconf 87' lang='lat' dir='ltr'>vocatur.</span> <span class='ocrx_word' id='word_1_467' title='bbox 3572 4841 3812 4914; x_wconf 84' lang='lat' dir='ltr'>Ephra-</span> 
     </span>
    </p>
   </div>
   <div class='ocr_carea' id='block_1_41' title="bbox 392 4929 3809 5013">
    <p class='ocr_par' dir='ltr' id='par_1_41' title="bbox 392 4929 3809 5013">
     <span class='ocr_line' id='line_1_41' title="bbox 392 4929 3809 5013; baseline -0.004 -17"><span class='ocrx_word' id='word_1_468' title='bbox 392 4940 555 5013; x_wconf 91' lang='lat' dir='ltr'>Suph</span> <span class='ocrx_word' id='word_1_469' title='bbox 588 4939 957 5013; x_wconf 72' lang='lat' dir='ltr'>Ephrataeus.</span> <span class='ocrx_word' id='word_1_470' title='bbox 994 4964 1022 4991; x_wconf 86' lang='grc'>››</span> <span class='ocrx_word' id='word_1_471' title='bbox 1054 4938 1424 4997; x_wconf 89' lang='lat' dir='ltr'>Ramathaim</span> <span class='ocrx_word' id='word_1_472' title='bbox 1463 4938 1902 5011; x_wconf 88' lang='lat' dir='ltr'>interpretatur,</span> <span class='ocrx_word' id='word_1_473' title='bbox 1933 4936 2044 4993; x_wconf 89' lang='lat' dir='ltr'>duo</span> <span class='ocrx_word' id='word_1_474' title='bbox 2154 4943 2299 4994; x_wconf 73' lang='lat' dir='ltr'>taeus</span> <span class='ocrx_word' id='word_1_475' title='bbox 2330 4938 2402 4994; x_wconf 89' lang='lat' dir='ltr'>ab</span> <span class='ocrx_word' id='word_1_476' title='bbox 2470 4936 2723 5009; x_wconf 87' lang='lat' dir='ltr'>Ephrata</span> <span class='ocrx_word' id='word_1_477' title='bbox 2768 4951 2945 4991; x_wconf 84' lang='lat' dir='ltr'>uxore</span> <span class='ocrx_word' id='word_1_478' title='bbox 2973 4933 3167 5003; x_wconf 89' lang='lat' dir='ltr'>Caleb,</span> <span class='ocrx_word' id='word_1_479' title='bbox 3230 4949 3407 5005; x_wconf 88' lang='lat' dir='ltr'>quam</span> <span class='ocrx_word' id='word_1_480' title='bbox 3437 4934 3666 4988; x_wconf 78' lang='lat' dir='ltr'>constat</span> <span class='ocrx_word' id='word_1_481' title='bbox 3733 4929 3809 4985; x_wconf 89' lang='lat' dir='ltr'>de</span> 
     </span>
    </p>
   </div>
   <div class='ocr_carea' id='block_1_42' title="bbox 392 5022 3806 5098">
    <p class='ocr_par' dir='ltr' id='par_1_42' title="bbox 392 5022 3806 5098">
     <span class='ocr_line' id='line_1_42' title="bbox 392 5022 3806 5098; baseline -0.004 -13"><span class='ocrx_word' id='word_1_482' title='bbox 392 5032 650 5086; x_wconf 75' lang='lat' dir='ltr'>excelsa:</span> <span class='ocrx_word' id='word_1_483' title='bbox 684 5032 750 5086; x_wconf 86' lang='lat' dir='ltr'>Et</span> <span class='ocrx_word' id='word_1_484' title='bbox 815 5030 935 5085; x_wconf 76' lang='lat' dir='ltr'>hzec</span> <span class='ocrx_word' id='word_1_485' title='bbox 966 5031 1082 5086; x_wconf 90' lang='lat' dir='ltr'>duo</span> <span class='ocrx_word' id='word_1_486' title='bbox 1146 5029 1396 5095; x_wconf 83' lang='lat' dir='ltr'>excelsa,</span> <span class='ocrx_word' id='word_1_487' title='bbox 1462 5029 1589 5083; x_wconf 68' lang='lat' dir='ltr'>duae</span> <span class='ocrx_word' id='word_1_488' title='bbox 1633 5026 2047 5098; x_wconf 86' lang='lat' dir='ltr'>intelliguntur</span> <span class='ocrx_word' id='word_1_489' title='bbox 2153 5027 2312 5082; x_wconf 87' lang='lat' dir='ltr'>tribu</span> <span class='ocrx_word' id='word_1_490' title='bbox 2338 5027 2491 5083; x_wconf 85' lang='lat' dir='ltr'>Juda</span> <span class='ocrx_word' id='word_1_491' title='bbox 2522 5027 2728 5094; x_wconf 82' lang='lat' dir='ltr'>fuisse,</span> <span class='ocrx_word' id='word_1_492' title='bbox 2791 5024 2980 5081; x_wconf 86' lang='lat' dir='ltr'>dictus</span> <span class='ocrx_word' id='word_1_493' title='bbox 3011 5028 3121 5080; x_wconf 90' lang='lat' dir='ltr'>est.</span> <span class='ocrx_word' id='word_1_494' title='bbox 3154 5024 3223 5078; x_wconf 89' lang='lat' dir='ltr'>Et</span> <span class='ocrx_word' id='word_1_495' title='bbox 3288 5022 3337 5076; x_wconf 87' lang='lat' dir='ltr'>si</span> <span class='ocrx_word' id='word_1_496' title='bbox 3371 5036 3543 5093; x_wconf 90' lang='lat' dir='ltr'>quem</span> <span class='ocrx_word' id='word_1_497' title='bbox 3585 5022 3806 5087; x_wconf 82' lang='lat' dir='ltr'>movet,</span> 
     </span>
    </p>
   </div>
   <div class='ocr_carea' id='block_1_43' title="bbox 390 5106 3813 5193">
    <p class='ocr_par' dir='ltr' id='par_1_43' title="bbox 390 5106 3813 5193">
     <span class='ocr_line' id='line_1_43' title="bbox 390 5106 3813 5193; baseline -0.004 -20"><span class='ocrx_word' id='word_1_498' title='bbox 390 5120 619 5175; x_wconf 87' lang='lat' dir='ltr'>tribus:</span> <span class='ocrx_word' id='word_1_499' title='bbox 646 5119 861 5193; x_wconf 85' lang='lat' dir='ltr'>regalis</span> <span class='ocrx_word' id='word_1_500' title='bbox 891 5119 1182 5186; x_wconf 88' lang='lat' dir='ltr'>videlicet,</span> <span class='ocrx_word' id='word_1_501' title='bbox 1215 5123 1273 5173; x_wconf 91' lang='lat' dir='ltr'>et</span> <span class='ocrx_word' id='word_1_502' title='bbox 1319 5115 1713 5174; x_wconf 82' lang='lat' dir='ltr'>sacerdotalis.</span> <span class='ocrx_word' id='word_1_503' title='bbox 1747 5114 1909 5182; x_wconf 88' lang='lat' dir='ltr'>Quod</span> <span class='ocrx_word' id='word_1_504' title='bbox 1940 5132 2045 5188; x_wconf 87' lang='lat' dir='ltr'>pa-</span> <span class='ocrx_word' id='word_1_505' title='bbox 2155 5118 2308 5189; x_wconf 91' lang='lat' dir='ltr'>quod</span> <span class='ocrx_word' id='word_1_506' title='bbox 2345 5133 2459 5171; x_wconf 92' lang='lat' dir='ltr'>non</span> <span class='ocrx_word' id='word_1_507' title='bbox 2491 5116 2562 5170; x_wconf 92' lang='lat' dir='ltr'>ab</span> <span class='ocrx_word' id='word_1_508' title='bbox 2595 5114 2868 5187; x_wconf 85' lang='lat' dir='ltr'>Ephraim</span> <span class='ocrx_word' id='word_1_509' title='bbox 2904 5117 2917 5149; x_wconf 75' lang='grc'><strong><em>³</em></strong></span> <span class='ocrx_word' id='word_1_510' title='bbox 2955 5114 3005 5181; x_wconf 92' lang='lat' dir='ltr'>b,</span> <span class='ocrx_word' id='word_1_511' title='bbox 3034 5112 3134 5167; x_wconf 89' lang='lat' dir='ltr'>sed</span> <span class='ocrx_word' id='word_1_512' title='bbox 3157 5111 3231 5167; x_wconf 88' lang='lat' dir='ltr'>ab</span> <span class='ocrx_word' id='word_1_513' title='bbox 3253 5106 3813 5183; x_wconf 84' lang='lat' dir='ltr'>Ephratha,Ephra-</span> 
     </span>
    </p>
   </div>
   <div class='ocr_carea' id='block_1_44' title="bbox 391 5196 3812 5278">
    <p class='ocr_par' dir='ltr' id='par_1_44' title="bbox 391 5196 3812 5278">
     <span class='ocr_line' id='line_1_44' title="bbox 391 5196 3812 5278; baseline -0.004 -14"><span class='ocrx_word' id='word_1_514' title='bbox 391 5213 481 5264; x_wconf 90' lang='lat' dir='ltr'>ter</span> <span class='ocrx_word' id='word_1_515' title='bbox 509 5208 732 5265; x_wconf 83' lang='lat' dir='ltr'>Elcanae</span> <span class='ocrx_word' id='word_1_516' title='bbox 763 5210 835 5264; x_wconf 92' lang='lat' dir='ltr'>de</span> <span class='ocrx_word' id='word_1_517' title='bbox 866 5208 1021 5264; x_wconf 88' lang='lat' dir='ltr'>tribu</span> <span class='ocrx_word' id='word_1_518' title='bbox 1050 5206 1225 5264; x_wconf 86' lang='lat' dir='ltr'>fuerit</span> <span class='ocrx_word' id='word_1_519' title='bbox 1252 5207 1405 5273; x_wconf 87' lang='lat' dir='ltr'>Levi,</span> <span class='ocrx_word' id='word_1_520' title='bbox 1472 5205 1620 5263; x_wconf 86' lang='lat' dir='ltr'>liber</span> <span class='ocrx_word' id='word_1_521' title='bbox 1658 5204 2045 5278; x_wconf 80' lang='lat' dir='ltr'>Paralipome~</span> <span class='ocrx_word' id='word_1_522' title='bbox 2154 5211 2300 5263; x_wconf 59' lang='lat' dir='ltr'>treus</span> <span class='ocrx_word' id='word_1_523' title='bbox 2333 5210 2601 5261; x_wconf 88' lang='lat' dir='ltr'>vocetur:</span> <span class='ocrx_word' id='word_1_524' title='bbox 2651 5205 2843 5260; x_wconf 89' lang='lat' dir='ltr'>videat</span> <span class='ocrx_word' id='word_1_525' title='bbox 2889 5204 2947 5258; x_wconf 89' lang='lat' dir='ltr'>in</span> <span class='ocrx_word' id='word_1_526' title='bbox 2999 5199 3515 5272; x_wconf 86' lang='lat' dir='ltr'>subsequentibus,</span> <span class='ocrx_word' id='word_1_527' title='bbox 3544 5196 3812 5270; x_wconf 88' lang='lat' dir='ltr'>qualiter</span> 
     </span>
    </p>
   </div>
   <div class='ocr_carea' id='block_1_45' title="bbox 394 5285 3810 5371">
    <p class='ocr_par' dir='ltr' id='par_1_45' title="bbox 394 5285 3810 5371">
     <span class='ocr_line' id='line_1_45' title="bbox 394 5285 3810 5371; baseline -0.003 -21"><span class='ocrx_word' id='word_1_528' title='bbox 394 5313 507 5354; x_wconf 91' lang='lat' dir='ltr'>non</span> <span class='ocrx_word' id='word_1_529' title='bbox 576 5297 919 5371; x_wconf 88' lang='lat' dir='ltr'>plenissime</span> <span class='ocrx_word' id='word_1_530' title='bbox 948 5298 1137 5367; x_wconf 90' lang='lat' dir='ltr'>docet,</span> <span class='ocrx_word' id='word_1_531' title='bbox 1207 5297 1263 5352; x_wconf 89' lang='lat' dir='ltr'>in</span> <span class='ocrx_word' id='word_1_532' title='bbox 1293 5313 1407 5370; x_wconf 92' lang='lat' dir='ltr'>quo</span> <span class='ocrx_word' id='word_1_533' title='bbox 1474 5296 1654 5352; x_wconf 88' lang='lat' dir='ltr'>series</span> <span class='ocrx_word' id='word_1_534' title='bbox 1693 5293 2044 5369; x_wconf 76' lang='lat' dir='ltr'>genealogiae</span> <span class='ocrx_word' id='word_1_535' title='bbox 2156 5296 2331 5351; x_wconf 90' lang='lat' dir='ltr'>David</span> <span class='ocrx_word' id='word_1_536' title='bbox 2383 5294 2542 5350; x_wconf 77' lang='lat' dir='ltr'>filius</span> <span class='ocrx_word' id='word_1_537' title='bbox 2606 5293 2712 5349; x_wconf 90' lang='lat' dir='ltr'>viri</span> <span class='ocrx_word' id='word_1_538' title='bbox 2747 5291 3033 5364; x_wconf 72' lang='lat' dir='ltr'>Ephratzei</span> <span class='ocrx_word' id='word_1_539' title='bbox 3098 5295 3368 5346; x_wconf 88' lang='lat' dir='ltr'>vocetur:</span> <span class='ocrx_word' id='word_1_540' title='bbox 3405 5304 3537 5344; x_wconf 90' lang='lat' dir='ltr'>cum</span> <span class='ocrx_word' id='word_1_541' title='bbox 3570 5285 3810 5358; x_wconf 82' lang='lat' dir='ltr'>liquido</span> 
     </span>
    </p>
   </div>
   <div class='ocr_carea' id='block_1_46' title="bbox 464 5429 3810 5503">
    <p class='ocr_par' dir='ltr' id='par_1_46' title="bbox 464 5429 3810 5503">
     <span class='ocr_line' id='line_1_46' title="bbox 464 5429 3810 5503; baseline -0.004 -8"><span class='ocrx_word' id='word_1_542' title='bbox 464 5442 480 5475; x_wconf 89' lang='grc'>¹</span> <span class='ocrx_word' id='word_1_543' title='bbox 512 5443 596 5496; x_wconf 92' lang='lat' dir='ltr'>lta</span> <span class='ocrx_word' id='word_1_544' title='bbox 641 5441 820 5495; x_wconf 87' lang='lat' dir='ltr'>codex</span> <span class='ocrx_word' id='word_1_545' title='bbox 872 5457 983 5495; x_wconf 86' lang='lat' dir='ltr'>ms.</span> <span class='ocrx_word' id='word_1_546' title='bbox 1035 5440 1373 5495; x_wconf 82' lang='lat' dir='ltr'>monasterii</span> <span class='ocrx_word' id='word_1_547' title='bbox 1424 5438 1909 5495; x_wconf 88' lang='lat' dir='ltr'>Gemmeticensis</span> <span class='ocrx_word' id='word_1_548' title='bbox 1940 5455 2042 5493; x_wconf 91' lang='lat' dir='ltr'>no-</span> <span class='ocrx_word' id='word_1_549' title='bbox 2153 5444 2322 5495; x_wconf 84' lang='lat' dir='ltr'>cetur.</span> <span class='ocrx_word' id='word_1_550' title='bbox 2361 5440 2515 5494; x_wconf 85' lang='lat' dir='ltr'>Idem</span> <span class='ocrx_word' id='word_1_551' title='bbox 2576 5438 2752 5494; x_wconf 87' lang='lat' dir='ltr'>habet</span> <span class='ocrx_word' id='word_1_552' title='bbox 2782 5440 2839 5492; x_wconf 90' lang='lat' dir='ltr'>et</span> <span class='ocrx_word' id='word_1_553' title='bbox 2905 5434 3177 5491; x_wconf 85' lang='lat' dir='ltr'>Rabanus</span> <span class='ocrx_word' id='word_1_554' title='bbox 3210 5431 3447 5489; x_wconf 83' lang='lat' dir='ltr'>Maurus</span> <span class='ocrx_word' id='word_1_555' title='bbox 3511 5429 3570 5485; x_wconf 90' lang='lat' dir='ltr'>in</span> <span class='ocrx_word' id='word_1_556' title='bbox 3609 5446 3745 5503; x_wconf 88' lang='lat' dir='ltr'>cap.</span> <span class='ocrx_word' id='word_1_557' title='bbox 3790 5442 3810 5482; x_wconf 82' lang='grc' dir='ltr'><strong><em>ι</em></strong></span> 
     </span>
    </p>
   </div>
   <div class='ocr_carea' id='block_1_47' title="bbox 386 5509 2587 5585">
    <p class='ocr_par' dir='ltr' id='par_1_47' title="bbox 386 5509 2587 5585">
     <span class='ocr_line' id='line_1_47' title="bbox 386 5509 2587 5585; baseline 0 -20"><span class='ocrx_word' id='word_1_558' title='bbox 386 5510 663 5585; x_wconf 34' lang='lat' dir='ltr'>strisAlii</span> <span class='ocrx_word' id='word_1_559' title='bbox 697 5512 987 5585; x_wconf 71' lang='lat' dir='ltr'>contrario</span> <span class='ocrx_word' id='word_1_560' title='bbox 1012 5528 1192 5568; x_wconf 89' lang='lat' dir='ltr'>sensu</span> <span class='ocrx_word' id='word_1_561' title='bbox 1224 5512 1426 5585; x_wconf 83' lang='lat' dir='ltr'>legunt</span> <span class='ocrx_word' id='word_1_562' title='bbox 1464 5528 1596 5567; x_wconf 89' lang='lat' dir='ltr'>cum</span> <span class='ocrx_word' id='word_1_563' title='bbox 1624 5511 1816 5585; x_wconf 84' lang='lat' dir='ltr'>editis</span> <span class='ocrx_word' id='word_1_564' title='bbox 1856 5509 2042 5577; x_wconf 90' lang='lat' dir='ltr'>libris,</span> <span class='ocrx_word' id='word_1_565' title='bbox 2155 5512 2255 5567; x_wconf 85' lang='lat' dir='ltr'>lib.</span> <span class='ocrx_word' id='word_1_566' title='bbox 2291 5512 2309 5567; x_wconf 92' lang='grc' dir='ltr'>Ι</span> <span class='ocrx_word' id='word_1_567' title='bbox 2343 5512 2587 5583; x_wconf 86' lang='lat' dir='ltr'>Regum.</span> 
     </span>
    </p>
   </div>
   <div class='ocr_carea' id='block_1_48' title="bbox 394 5583 2045 5655">
    <p class='ocr_par' dir='ltr' id='par_1_48' title="bbox 394 5583 2045 5655">
     <span class='ocr_line' id='line_1_48' title="bbox 394 5583 2045 5655; baseline -0.001 -17"><span class='ocrx_word' id='word_1_568' title='bbox 394 5583 547 5650; x_wconf 84' lang='lat' dir='ltr'>Quod</span> <span class='ocrx_word' id='word_1_569' title='bbox 570 5583 638 5637; x_wconf 88' lang='lat' dir='ltr'>ab</span> <span class='ocrx_word' id='word_1_570' title='bbox 703 5584 985 5654; x_wconf 86' lang='lat' dir='ltr'>Ephraim,</span> <span class='ocrx_word' id='word_1_571' title='bbox 1018 5600 1126 5640; x_wconf 89' lang='lat' dir='ltr'>non</span> <span class='ocrx_word' id='word_1_572' title='bbox 1192 5584 1260 5639; x_wconf 91' lang='lat' dir='ltr'>ab</span> <span class='ocrx_word' id='word_1_573' title='bbox 1289 5583 1556 5655; x_wconf 83' lang='lat' dir='ltr'>Ephrata,</span> <span class='ocrx_word' id='word_1_574' title='bbox 1588 5583 1911 5655; x_wconf 75' lang='lat' dir='ltr'>Ephratazus</span> <span class='ocrx_word' id='word_1_575' title='bbox 1950 5599 2045 5637; x_wconf 82' lang='lat' dir='ltr'>vo-</span> 
     </span>
    </p>
   </div>
   <div class='ocr_carea' id='block_1_49' title="bbox 462 5700 3811 5783">
    <p class='ocr_par' dir='ltr' id='par_1_49' title="bbox 462 5700 3811 5783">
     <span class='ocr_line' id='line_1_49' title="bbox 462 5700 3811 5783; baseline -0.001 -19"><span class='ocrx_word' id='word_1_576' title='bbox 462 5708 540 5783; x_wconf 72' lang='grc' dir='ltr'>(ᾳ)</span> <span class='ocrx_word' id='word_1_577' title='bbox 564 5707 682 5783; x_wconf 67' lang='lat' dir='ltr'>Ms.</span> <span class='ocrx_word' id='word_1_578' title='bbox 713 5707 985 5783; x_wconf 83' lang='lat' dir='ltr'>Ambros.</span> <span class='ocrx_word' id='word_1_579' title='bbox 1017 5709 1614 5783; x_wconf 76' lang='lat' dir='ltr'>ﬁliusejusleroboam.</span> <span class='ocrx_word' id='word_1_580' title='bbox 1635 5781 1650 5783; x_wconf 89' lang='lat'>_</span> <span class='ocrx_word' id='word_1_581' title='bbox 1718 5780 1729 5783; x_wconf 97' lang='lat'>_</span> <span class='ocrx_word' id='word_1_582' title='bbox 1843 5779 1860 5783; x_wconf 82' lang='lat'><strong><em>_</em></strong></span> <span class='ocrx_word' id='word_1_583' title='bbox 1960 5782 1965 5783; x_wconf 14' lang='grc' dir='ltr'>ί</span> <span class='ocrx_word' id='word_1_584' title='bbox 2154 5724 2265 5765; x_wconf 81' lang='lat' dir='ltr'>non</span> <span class='ocrx_word' id='word_1_585' title='bbox 2293 5709 2361 5766; x_wconf 87' lang='lat' dir='ltr'>ab</span> <span class='ocrx_word' id='word_1_586' title='bbox 2393 5707 2635 5783; x_wconf 86' lang='lat' dir='ltr'>Ephrata</span> <span class='ocrx_word' id='word_1_587' title='bbox 2664 5705 3021 5780; x_wconf 68' lang='lat' dir='ltr'>Ephratsrus,</span> <span class='ocrx_word' id='word_1_588' title='bbox 3053 5709 3161 5763; x_wconf 87' lang='lat' dir='ltr'>etc.</span> <span class='ocrx_word' id='word_1_589' title='bbox 3186 5705 3274 5761; x_wconf 89' lang='lat' dir='ltr'>Ita</span> <span class='ocrx_word' id='word_1_590' title='bbox 3297 5707 3354 5759; x_wconf 91' lang='lat' dir='ltr'>et</span> <span class='ocrx_word' id='word_1_591' title='bbox 3376 5700 3811 5760; x_wconf 72' lang='lat' dir='ltr'>Ambrosianus</span> 
     </span>
    </p>
   </div>
   <div class='ocr_carea' id='block_1_50' title="bbox 464 5779 2997 5861">
    <p class='ocr_par' dir='ltr' id='par_1_50' title="bbox 464 5779 2997 5861">
     <span class='ocr_line' id='line_1_50' title="bbox 464 5779 2997 5861; baseline -0.015 -19"><span class='ocrx_word' id='word_1_592' title='bbox 464 5779 540 5858; x_wconf 77' lang='grc' dir='ltr'>(ὁ)</span> <span class='ocrx_word' id='word_1_593' title='bbox 562 5779 671 5839; x_wconf 84' lang='lat' dir='ltr'>Ms.</span> <span class='ocrx_word' id='word_1_594' title='bbox 696 5796 830 5841; x_wconf 85' lang='lat' dir='ltr'>cum</span> <span class='ocrx_word' id='word_1_595' title='bbox 851 5781 1079 5855; x_wconf 84' lang='lat' dir='ltr'>pridem</span> <span class='ocrx_word' id='word_1_596' title='bbox 1097 5779 1273 5844; x_wconf 80' lang='lat' dir='ltr'>editis</span> <span class='ocrx_word' id='word_1_597' title='bbox 1297 5781 1652 5860; x_wconf 81' lang='lat' dir='ltr'>libris,quod</span> <span class='ocrx_word' id='word_1_598' title='bbox 1661 5780 1729 5841; x_wconf 84' lang='lat' dir='ltr'>ad</span> <span class='ocrx_word' id='word_1_599' title='bbox 1743 5779 2043 5861; x_wconf 80' lang='lat' dir='ltr'>Ephraim,</span> <span class='ocrx_word' id='word_1_600' title='bbox 2156 5796 2267 5843; x_wconf 69' lang='lat' dir='ltr'>ms,</span> <span class='ocrx_word' id='word_1_601' title='bbox 2436 5779 2448 5783; x_wconf 76' lang='lat'><strong><em>&#39;</em></strong></span> <span class='ocrx_word' id='word_1_602' title='bbox 2720 5779 2726 5780; x_wconf 51' lang='grc' dir='ltr'>ί</span> <span class='ocrx_word' id='word_1_603' title='bbox 2990 5800 2997 5805; x_wconf 79' lang='lat'>.</span> 
     </span>
    </p>
   </div>
  </div>
