3970 6388
185 367 342 442 1393

1160 380 1461 456 ΟΙΜΞΒΤ.
1510 379 1878 446 HEBBAIC.
1922 379 2000 444 IN
2052 380 2198 448 LIB.
2245 382 2269 447 Ι
2315 381 2615 450 REGUM.

3435 381 3593 452 {894

179 511 380 586 pateat
407 511 681 570 eumdem
707 512 842 582 Isai,
875 530 989 572 non
1021 514 1090 572 de
1120 515 1420 588 Ephraim,
1447 517 1547 572 sed
1580 517 1650 572 de
1669 515 1826 572 tribu
1858 516 1913 583 Α
1947 516 2159 588 Cornu,
2184 516 2371 574 filium
2401 523 2600 575 vocat:
2633 515 2772 592 quia
2795 516 3029 592 quando
3088 514 3217 575 sine
3273 514 3396 576 fllio
3441 522 3591 590 erat,

177 598 211 655 J
223 599 337 655 uda
356 602 666 671 exstitisse,
703 609 760 658 et
790 605 994 676 probet
1017 605 1289 660 eumdem
1343 604 1553 660 Eloana
1601 605 1826 677 Ephra-

176 689 356 745 tarum
379 691 450 746 ab
484 691 756 764 prrata,
791 708 906 748 non
939 695 1010 750 ab
1043 694 1318 766 Ephraim
1373 695 1508 750 dici.
1563 694 1826 766 SOphim,

178 780 543 850 speculatores
576 780 1051 852 interpretantur.
1098 783 1500 854 Speculatores
1555 783 1647 838 hic
1691 785 1824 838 Pro-

179 865 366 938 phetas
396 867 829 940 intelliguntur,
883 888 1130 942 quorum
1193 871 1349 927 filius
1404 872 1613 928 Elcana
1663 871 1825 928 fuit:

183 957 314 1011 «De
346 961 540 1012 monte
588 959 882 1030 Ephraim.
922 983 948 1009 »
1007 961 1085 1015 De
1145 966 1341 1017 monte
1389 979 1520 1017 vero
1554 961 1826 1034 Ephraim

182 1044 615 1110 fuissedicitur,
657 1047 894 1119 quiaibi
955 1054 1079 1104 erat
1135 1051 1262 1120 ejus
1320 1050 1622 1106 habitatio.
1675 1052 1832 1106 Intra

179 1138 423 1190 cunctas
453 1152 707 1207 namque
754 1136 964 1202 tribus,
1027 1137 1447 1194 habitationem
1499 1140 1827 1196 Levitarum

180 1223 367 1279 fuisse
388 1241 502 1280 non
519 1225 764 1280 dubium
797 1233 904 1281 est.

254 1311 442 1382 (Vers.
475 1313 528 1382 3,
564 1315 685 1382 4.)‹‹
719 1315 788 1369 Et
810 1315 1158 1371 ascendebat
1184 1316 1268 1371 vir
1318 1316 1414 1372 ille
1476 1318 1545 1371 de
1594 1319 1828 1374 civitate

180 1418 293 1458 sua
341 1401 577 1458 statutis
626 1403 853 1457 diebus.
910 1427 935 1451 n
978 1405 1190 1460 Tribus
1243 1406 1674 1473 festivitatibus,
1727 1408 1830 1464 Pa-

179 1489 334 1546 schae
354 1489 638 1559 videlicet,
671 1506 726 1547 et
759 1492 1145 1559 Pentecostes,
1193 1499 1251 1549 et
1289 1494 1657 1550 solemnitate
1713 1497 1823 1551 Ta-

177 1577 1011 1644 bernaculorum,ascendebat
1030 1581 1090 1636 in
1113 1582 1353 1637 domum
1381 1584 1610 1639 Domini
1641 1601 1654 1638 :
1681 1608 1708 1633 ‹‹
1727 1589 1830 1640 De-

179 1667 384 1739 ditque
413 1667 736 1724 Phenennac
759 1670 919 1724 uxori
954 1687 1070 1725 suae
1101 1674 1156 1726 et
1186 1671 1414 1728 cunctis
1463 1672 1598 1729 filiis
1618 1673 1745 1744 ejus
1775 1677 1834 1730 et

179 1755 419 1812 filiabus
450 1761 664 1829 partes.
700 1763 840 1813 »HtB
889 1764 1104 1830 partes,
1166 1766 1354 1816 vestes
1401 1762 1830 1834 intelliguntur,

182 1862 313 1918 quae
343 1845 635 1902 iniisdem
672 1848 860 1903 tribus
915 1849 1326 1905 festivitatibus
1376 1851 1550 1920 juxta
1606 1868 1827 1907 morem

178 1933 342 1989 illius
365 1934 945 2006 gentis,uxoribus,et
976 1936 1272 2008 liberis,ac
1313 1939 1548 1995 famulis
1605 1940 1828 1995 tribue-

179 2023 421 2080 bantur.

205 2161 208 2164 .
251 2112 442 2184 (Vers.
471 2115 551 2184 5.)
611 2135 638 2163 ‹‹
687 2121 867 2169 Annae
914 2120 1104 2170 autem
1162 2115 1322 2172 dedit
1370 2121 1592 2188 partem
1652 2134 1829 2173 unam

178 2202 388 2259 tristis.
425 2225 452 2252 »
484 2203 547 2258 In
612 2203 849 2259 Hebraeo
909 2205 989 2259 ita
1036 2205 1338 2276 legiturzu
1401 2212 1577 2261 Anna:
1635 2212 1830 2262 autem

179 2291 343 2348 dedit
375 2296 603 2364 partem
637 2310 813 2348 unam
845 2293 1158 2366 duplicem,
1191 2293 1328 2365 quia
1359 2295 1585 2350 Annam
1625 2295 1830 2367 dilige-

179 2380 300 2437 bat.

247 2471 437 2539 (Vers.
473 2471 585 2542 16.)
622 2495 642 2520 «
689 2471 770 2527 Ne
803 2476 1036 2543 reputes
1093 2471 1369 2527 ancillam
1432 2476 1604 2528 tuam
1657 2475 1828 2545 quasi

179 2576 362 2616 unam
393 2577 465 2616 ex
494 2559 728 2615 filiabus
763 2559 940 2616 Belial
975 2577 986 2615 :
1023 2562 1162 2632 quia
1192 2577 1260 2616 ex
1293 2561 1666 2618 multitudine
1697 2581 1834 2619 moe-

181 2649 333 2705 roris
357 2654 415 2704 et
443 2649 660 2704 doloris
692 2649 804 2704 mei
832 2649 1026 2705 locuta
1055 2667 1186 2705 sum
1214 2667 1399 2721 usque
1422 2651 1492 2705 ad
1517 2669 1830 2722 praasens.»

180 2737 359 2794 Belial
392 2738 548 2794 enim
589 2738 1028 2810 interpretatur,
1060 2740 1262 2810 absque
1281 2742 1435 2811 jugo.
1498 2741 1568 2796 Et
1622 2746 1830 2797 notan-

180 2825 322 2882 dum
355 2828 510 2897 quod
543 2844 748 2883 omnes
797 2827 898 2899 qui
948 2827 1289 2884 ebrietatem
1347 2833 1668 2897 sectantur,
1729 2831 1831 2887 filii

189 2913 370 2972 Belial
399 2921 640 2970 voccntu
651 2933 698 2970 r.

254 3005 442 3076 (Vers.
475 3005 590 3073 24.)
626 3029 652 3053 ‹‹
689 3006 755 3059 Et
784 3005 1027 3060 adduxit
1055 3022 1189 3062 eum
1233 3024 1454 3079 secum,
1516 3014 1830 3081 postquam

179 3091 572 3149 ablactaverat
629 3094 685 3147 in
747 3093 945 3149 vntulis
993 3095 1202 3164 tribus,
1275 3101 1329 3150 et
1376 3097 1567 3152 tribus
1618 3097 1830 3153 modiis

182 3182 470 3251 farinae,et
491 3183 776 3254 amphora
795 3183 912 3237 vini
944 3200 958 3238 :
997 3189 1053 3238 et
1076 3185 1314 3240 adduxit
1341 3203 1473 3240 cum
1498 3186 1555 3240 in
1585 3188 1824 3243 domum

1939 621 2121 677 asque
2144 623 2323 661 cornu
2355 607 2662 664 videbatur
2692 608 2802 664 sibi
2835 623 2983 664 esse.

2013 712 2198 782 (Vers.
2231 715 2312 782 5.)
2338 736 2366 763 ‹‹
2396 715 2689 771 Recedant
2706 719 2900 771 vetera
2955 715 3026 770 de
3060 731 3158 771 ore
3195 720 3407 774 vestro.
3460 739 3489 768 »
3522 718 3586 775 In

1943 801 2187 856 Hebraeo
2216 802 2296 857 ita
2313 803 2564 858 habetur
2595 822 2608 860 :
2641 806 2851 861 Exeant
2892 813 3088 874 vetera,
3120 808 3228 861 etc.
3260 805 3330 861 Et
3348 809 3437 863 est
3457 824 3588 864 sen-

1942 907 2045 946 sus
2080 892 2334 947 :Exeant
2364 892 2615 948 humilia
2644 893 2715 948 de
2746 909 2845 949 ore
2872 897 3086 964 vestro,
3133 893 3203 949 de
3249 911 3364 967 quo
3416 899 3588 954 antea

1941 980 2186 1050 grandia
2214 984 2271 1036 et
2303 983 2557 1053 superba
2579 982 2836 1038 exibant.
2869 983 3092 1049 Quibus
3111 983 3302 1039 verbis
3323 983 3586 1041 Pheneu-

1941 1085 2076 1123 nam
2109 1073 2165 1124 et
2199 1069 2349 1126 filios
2377 1070 2506 1141 ejus
2537 1071 2819 1144 increpat,
2845 1089 2973 1144 quae
3040 1072 3112 1127 ob
3170 1072 3586 1130 fecunditatem

1940 1157 2051 1213 sibi
2084 1174 2445 1230 concessam,
2473 1164 2677 1216 contra
2704 1161 2933 1216 Annam
2965 1159 3321 1218 elevabatur.

1989 1264 2175 1334 .(Vers
2207 1267 2283 1337 4.)
2317 1290 2343 1316 ‹‹
2377 1268 2560 1322 Arcus
2597 1267 2837 1324 fortium
2877 1271 3191 1340 superatus
3221 1271 3330 1338 est,
3388 1272 3446 1324 et
3498 1267 3586 1324 in-

1940 1353 2093 1408 firmi
2126 1355 2368 1410 accincti
2401 1360 2540 1412 sunt
2570 1357 2796 1412 robore.
2855 1381 2881 1406 »
2939 1359 3123 1412 Arcus
3159 1357 3584 1430 Egyptiorum,

1939 1442 1996 1497 id
2031 1448 2120 1498 est
2151 1444 2428 1500 fortitudo
2458 1450 2515 1500 et
2536 1445 2814 1518 potentia,
2844 1449 3119 1518 superata
3143 1449 3232 1501 est
3265 1465 3283 1501 :
3333 1450 3390 1502 et
3432 1446 3590 1502 infir-

1942 1531 2043 1600 mi,
2077 1532 2297 1588 scilicet
2336 1533 2627 1601 Israelitaa,
2686 1534 2994 1590 confortati
3041 1537 3198 1590 sunt.
3221 1533 3403 1591 Aliter
3434 1551 3450 1592 :
3480 1537 3588 1592 Ar-

1942 1638 2067 1686 cus,
2101 1621 2155 1676 id
2197 1627 2287 1676 est
2319 1623 2590 1694 superbia
2620 1628 2677 1679 et
2736 1623 3010 1679 fortitudo
3066 1623 3416 1695 Phenennw,
3468 1641 3587 1697 qua

1942 1710 2000 1764 in
2034 1710 2172 1765 filiis
2202 1711 2580 1783 gloriabatur,
2613 1717 2886 1784 superata
2914 1717 3004 1768 est
3031 1729 3042 1768 :
3071 1715 3127 1767 et
3147 1718 3336 1780 Anna,
3359 1729 3488 1784 quae
3511 1713 3586 1769 ob

1941 1798 2306 1854 sterilitatem
2341 1800 2576 1855 infirma
2603 1805 2745 1867 erat,
2770 1801 3029 1856 accincta
3053 1803 3141 1856 est
3170 1801 3375 1857 robore
3433 1800 3585 1856 filio-

1859 1889 1904 1953 B
1937 1904 2089 1943 rum.

2010 1984 2194 2056 (Vers.
2217 1987 2298 2054 5.)
2331 2009 2357 2036 ‹‹
2391 1986 2581 2042 Donec
2630 1985 2845 2042 sterilis
2893 1986 3115 2059 peperit
3166 1985 3453 2058 plurimos
3486 2001 3500 2042 :
3533 1994 3591 2044 et

1940 2090 2066 2145 quae
2099 2075 2314 2131 multos
2346 2076 2598 2131 habebat
2628 2074 2798 2142 filios,
2833 2075 3130 2131 infirmata
3169 2079 3283 2130 est.
3322 2097 3350 2124 »
3382 2074 3445 2130 In
3478 2075 3590 2130 He-

1940 2163 2092 2217 brzeo
2123 2167 2179 2219 et
2209 2163 2266 2218 in
2298 2164 2682 2235 Septuaginta
2712 2163 3114 2235 translatione,
3158 2181 3272 2219 non
3325 2165 3586 2236 plurimi,

1941 2252 2039 2306 sed
2065 2260 2269 2324 septem
2299 2251 2597 2324 leguntur.
2629 2251 2817 2308 Judaei
2849 2251 3005 2307 hunc
3036 2251 3230 2307 locum
3261 2251 3344 2308 ita
3372 2252 3587 2309 intelli-

1941 2345 2106 2413 gunt,
2131 2341 2307 2412 quod,
2338 2345 2472 2395 nato
2493 2339 2779 2404 Samuele,
2803 2345 3071 2397 mortuus
3089 2339 3165 2396 sit
3181 2339 3336 2396 filius
3365 2341 3586 2413 primo-

1939 2431 2174 2502 genitus
2205 2430 2554 2496 Phenennze,
2588 2434 2644 2485 et
2698 2429 2780 2485 ita
2839 2429 2983 2484 ortis
3040 2429 3177 2485 filiis
3222 2431 3400 2485 Anna;
3441 2429 3584 2502 (a)'.

1939 2520 2265 2575 Phenennze
2293 2517 2396 2574 filii
2432 2519 2647 2574 mortui
2708 2522 2866 2574 sunt.
2926 2519 3034 2574 Sed
3079 2519 3457 2591 quaerendum
3496 2521 3589 2576 est

1942 2610 2234 2680 quomodo
2265 2609 2373 2664 hoc
2405 2612 2558 2664 stare
2589 2609 2795 2681 possit.
2821 2624 2954 2663 cum
2989 2608 3305 2664 Phenenna
3335 2611 3584 2680 septem,

1939 2701 2105 2754 Anna
2136 2703 2328 2754 autem
2365 2715 2479 2753 non
2514 2698 2646 2770 plus
2677 2714 2854 2769 quam
2889 2697 3151 2769 quinque
3181 2695 3333 2753 filios
3365 2696 3589 2753 habue-

1941 2787 2034 2842 rit.
2069 2789 2250 2850 Quam
2277 2787 2660 2860 quaestionem
2687 2787 2908 2842 Hebraei
2959 2785 3272 2854 solventes,
3327 2785 3476 2842 duos
3509 2785 3584 2841 ﬁ-

1940 2876 2052 2932 lios
2090 2876 2380 2932 Samuelis
2405 2893 2540 2932 cum
2575 2876 2710 2932 ﬁliis
2741 2881 2919 2930 Annae
2949 2875 3360 2932 adnumerant.

2010 2984 2197 3052 (Vers.
2232 2985 2311 3055 8.)
2344 3007 2369 3032 «
2405 2983 2635 3038 Domini
2661 2983 2814 3038 enim
2847 2986 2988 3038 sunt
3017 2982 3284 3037 cardines
3309 2985 3497 3051 terra),
3530 2985 3588 3038 et

1936 3073 2134 3144 posuit
2163 3090 2339 3145 super
2379 3090 2478 3130 eos
2531 3073 2755 3128 orbem.
2826 3073 2888 3127 In
2919 3072 3123 3127 Htebro
3165 3069 3248 3124 ita
3296 3069 3579 3125 habetur:

1937 3185 1964 3211 «
2001 3162 2229 3216 Domini
2263 3163 2417 3217 enim
2442 3167 2580 3217 sunt
2600 3160 2799 3217 afflicti
2828 3164 3021 3218 terras.
3050 3180 3078 3210 »
3099 3158 3360 3215 Afﬂictos
3390 3162 3578 3230 terra,

178 3247 414 3326 Domini
446 3270 504 3325 in
539 3247 680 3326 δίίο,
719 3294 745 3319 ,,
777 3276 838 3325 ιη
874 3271 1109 3328 Hehmo
1141 3290 1257 3328 non
1323 3275 1512 3330 tribus
1563 3277 1774 3331 modiis
1809 3277 1820 3308 ι
1857 3257 1900 3324 C
1938 3249 2156 3306 Hebraei
2192 3268 2476 3322 pauperes
2505 3249 2717 3323 spiritu
2745 3254 2802 3304 et
2832 3248 3084 3304 humiles
3147 3248 3322 3303 corde
3363 3247 3580 3304 intelli-

182 3359 383 3415 farinaa
417 3361 518 3416 sed
553 3360 744 3415 modio
769 3360 963 3415 farina:
985 3362 1196 3433 legitur
1223 3381 1234 3418 :
1257 3380 1427 3434 quem
1447 3364 1637 3420 locum
1669 3367 1822 3437 apud

186 3448 424 3504 Latinos
444 3449 799 3520 scriptorum
829 3449 966 3504 vitio
1000 3455 1227 3506 constat
1255 3468 1382 3506 esse
1423 3453 1823 3524 depravatum.

178 3538 237 3592 Si
268 3537 428 3594 enim
453 3555 587 3593 cum
615 3537 811 3592 vitulis
842 3539 1052 3604 tribus,
1082 3544 1200 3594 tres
1233 3540 1459 3596 modios
1490 3541 1687 3596 farina:
1719 3543 1827 3598 ob-

176 3626 336 3696 tulit,
361 3631 563 3682 contra
594 3633 943 3698 praeceptum
977 3627 1122 3699 legis
1153 3629 1305 3684 fecit.
1377 3630 1434 3685 In
1498 3630 1622 3703 lege
1670 3633 1826 3688 enim

175 3715 256 3772 ita
287 3715 624 3789 praecipitur
656 3733 668 3770 :
705 3717 900 3771 Mensis
927 3719 1152 3787 septimi
1205 3721 1394 3789 prima
1451 3719 1565 3774 dies
1599 3736 1828 3776 venem-

178 3805 306 3861 bilis
327 3809 379 3860 et
407 3808 596 3860 sancta
625 3807 730 3860 erit
753 3805 918 3860 vobis.
956 3806 1124 3860 Omne
1172 3822 1305 3877 opus
1346 3809 1540 3864 servile
1586 3825 1696 3866 non
1748 3814 1832 3881 fa-

177 3897 329 3950 cietis
362 3913 384 3958 ;
411 3893 526 3950 dies
583 3895 858 3964 clangoris
906 3899 994 3949 est
1041 3903 1090 3950 et
1143 3897 1402 3951 tubarum
1431 3939 1444 3958 .
1493 3898 1834 3971 offeretisque

178 3984 560 4040 holocaustum
635 3986 691 4038 in
769 3983 992 4039 odorem
1070 3987 1463 4041 suavissimum
1537 3991 1829 4057 Domino;

174 4075 415 4128 vitulum
443 4073 508 4129 de
535 4077 784 4128 armento
808 4089 1000 4134 unum.
1036 4074 1262 4128 arietem
1284 4091 1478 4145 unum,
1538 4094 1705 4144 agnos
1729 4096 1830 4133 an-

171 4163 386 4217 niculos
417 4163 798 4216 immaculatos
819 4170 1046 4232 septem,
1077 4163 1132 4216 ei
1181 4163 1242 4216 in
1298 4163 1586 4232 sacriﬁciis
1643 4182 1832 4221 eorum

167 4253 373 4307 similao
399 4252 514 4306 oleo
576 4267 900 4322 conspersae.
967 4251 1091 4304 Tres
1141 4250 1378 4305 decimas
1429 4269 1529 4324 per
1582 4255 1831 4325 singulos

171 4339 396 4407 vitulos,
427 4340 563 4396 duas
619 4340 857 4394 decimas
894 4356 996 4410 per
1044 4341 1293 4406 arietem,
1337 4358 1511 4396 unam
1566 4343 1830 4400 decimam

162 4446 259 4500 per
315 4447 528 4498 agnum
579 4429 770 4500 (Leuit.
833 4445 992 4498 xxm,
1049 4429 1142 4495 34,
1197 4433 1247 4484 et
1295 4431 1459 4485 Num.
1509 4448 1660 4503 xx1x,
1722 4433 1830 4488 let

163 4519 332 4589 seqq).
370 4519 497 4574 Haec
529 4536 661 4574 vero
714 4518 960 4585 decima,
1018 4517 1248 4573 decima
1286 4536 1423 4590 pars
1475 4527 1598 4576 erat
1657 4522 1824 4592 Ephi.

1937 3344 2084 3410 gunt
2118 3355 2130 3392 :
2165 3356 2341 3410 super
2370 3355 2518 3409 quos
2549 3337 2862 3392 Dominum
2905 3336 3105 3392 orbem
3163 3333 3432 3406 posuisse
3488 3332 3577 3388 di-

1936 3435 2073 3482 cunt
2105 3429 2242 3500 quia
2285 3445 2485 3483 eorum
2523 3425 2746 3483 meritis
2766 3429 2983 3482 terram
3029 3429 3185 3480 stare
3245 3427 3582 3480 autumant.

2009 3535 2195 3605 (Vers.
2239 3536 2342 3606 IO.)
2380 3556 2400 3585 α
2455 3534 2766 3590 Dominum
2816 3531 3217 3587 formidabunt
3263 3528 3582 3585 adversarii

1939 3625 2066 3695 ejus
2101 3628 2194 3692 ;et
2216 3641 2392 3696 super
2424 3625 2582 3697 ipsos
2606 3623 2662 3678 in
2687 3622 2849 3678 ccelis
2898 3619 3190 3676 tonabit.»
3239 3623 3425 3691 Super
3480 3618 3584 3673 ad-

1938 3716 2226 3769 versarios
2275 3731 2413 3769 suos
2475 3712 2756 3769 Dominus
2805 3707 2864 3765 in
2922 3709 3082 3765 cmlis
3121 3707 3387 3773 tonabit;
3429 3706 3585 3762 sicut

1941 3808 2029 3858 est
2059 3802 2204 3858 illud
2238 3801 2295 3857 in
2328 3802 2475 3858 libro
2496 3802 2711 3857 Josue:
2757 3799 2997 3869 Cumque
3049 3800 3305 3869 fugerent
3351 3811 3385 3850 a
3437 3796 3585 3866 facie

1941 3893 2130 3961 Israel,
2163 3896 2215 3947 et
2243 3893 2492 3947 essentia
2519 3889 2776 3945 descensu
2836 3886 3125 3953 Bethoron,
3181 3885 3444 3940 Dominus
3474 3885 3582 3938 mi-

1939 3983 2009 4037 sit
2047 3997 2211 4052 super
2229 3997 2315 4036 eos
2337 3979 2544 4050 lapides
2586 3992 2812 4047 magnos
2875 3975 2941 4030 de
2976 3975 3110 4030 corio
3139 3990 3311 4045 usque
3329 3974 3537 4028 Azecha
3571 3989 3586 4040 ;

1939 4075 1991 4126 et
2036 4071 2242 4125 mortui
2295 4077 2423 4123 sunt
2476 4068 2646 4122 multo
2690 4065 2875 4136 plures
2931 4063 3206 4135 lapidibus
3269 4060 3586 4131 grandinis,

1944 4176 2109 4230 quam
2172 4174 2303 4231 quos
2352 4156 2534 4227 gladio
2568 4161 2959 4228 percusserant
3012 4154 3120 4224 ﬁlii
3174 4152 3347 4209 Israel
3403 4152 3588 4223 (Josue

1939 4265 1994 4316 x,
2031 4248 2135 4315 ll).

2011 4345 2174 4416 (Vors
2201 4344 2318 4414 22.)
2358 4343 2484 4398 «Eli
2506 4346 2702 4398 autem
2756 4357 2930 4397 senex
2981 4344 3104 4396 erat
3151 4337 3341 4409 valde,
3398 4340 3456 4393 et
3480 4354 3584 4394 au-

1939 4433 2082 4488 divit
2106 4433 2304 4488 omnia
2333 4451 2457 4504 quze
2492 4432 2780 4488 faciebant
2801 4431 2903 4486 ﬁlii
2935 4428 3314 4486 suiuniverso
3349 4425 3581 4483 Israeli:

1938 4529 1996 4578 et
2035 4523 2327 4594 quomodo
2354 4522 2724 4577 dormiebant
2754 4537 2886 4574 cum
2933 4515 3300 4593 mulieribus,
3341 4531 3471 4587 qua:
3491 4515 3590 4571 ob-

165 4605 326 4663 Unde
359 4607 534 4662 datur
562 4606 810 4678 intelligi
847 4606 1001 4677 quod
1028 4605 1245 4661 Eleana
1280 4624 1393 4663 non
1419 4609 1830 4668 obtulerittres
1861 4629 1904 4694 D
1938 4613 2246 4667 servabant
2275 4613 2344 4667 ad
2377 4615 2596 4666 ostium
2628 4607 3011 4665 tabernaculi.
3047 4629 3077 4656 ››
3133 4604 3434 4694 Dormisse
3479 4620 3582 4660 eos

166 4697 395 4751 modios
430 4697 630 4752 farina:
663 4713 796 4752 cum
821 4695 1010 4751 tribus
1041 4695 1264 4763 vitulis,
1301 4698 1402 4752 sed
1436 4715 1642 4754 novem
1679 4701 1827 4755 deci-

165 4800 330 4842 mas:
381 4785 600 4858 quibus
668 4785 992 4841 secundum
1045 4783 1393 4841 Hebraicam
1455 4803 1822 4858 mensuram,

167 4889 317 4930 unus
349 4873 600 4930 efficitur
630 4873 795 4946 pri.

235 4963 397 5036 (Cap.
433 4963 503 5018 II.
535 4995 604 5004 -ο
627 4963 795 5018 Vers.
831 4965 907 5038 1.)
941 4987 967 5013 ‹‹
1000 4963 1329 5020 Exsultavit
1368 4981 1467 5020 cor
1508 4982 1703 5021 meum
1765 4966 1824 5022 in

165 5053 496 5121 Domino,et
525 5051 850 5108 exaltatum
876 5057 966 5110 est
996 5070 1181 5110 cornu
1214 5069 1412 5108 meum
1430 5054 1487 5109 in
1503 5054 1768 5112 Domino.
1797 5079 1825 5105 ››

240 5213 255 5246 ¹
293 5211 536 5268 Nullum
564 5219 652 5269 est
682 5213 889 5269 vitium
923 5214 982 5269 in
1011 5213 1349 5270 Latinorum
1404 5216 1669 5272 versione
1724 5217 1826 5272 ubi

167 5279 421 5358 legimus
453 5285 628 5340 tribus
659 5287 856 5340 modiis
897 5288 1107 5354 farinae
1140 5303 1152 5341 :
1187 5285 1436 5358 quia,ut
1467 5286 1606 5342 alibi
1637 5288 1823 5343 abun-

167 5353 247 5409 de
277 5355 589 5426 probatum
615 5361 710 5412 est
738 5374 805 5412 ex
841 5353 1220 5430 Hieronymo:
1263 5357 1405 5430 Ephi
1454 5360 1821 5430 Hebraeorum

167 5439 447 5482 mensura
468 5433 560 5482 est
589 5431 760 5483 trium
791 5429 1119 5484 modiorum.
1144 5429 1425 5485 Consulat
1454 5429 1632 5486 lector
1663 5431 1826 5486 scho-

165 5492 240 5552 lia
269 5502 470 5554 nostra
504 5499 562 5554 in
595 5500 854 5572 primum
887 5505 1063 5572 caput
1092 5500 1266 5573 primi
1321 5500 1452 5556 libri
1504 5502 1821 5558 Samuelis.

172 5638 311 5782 micet)
342 5640 491 5700 Cum
520 5642 971 5700 Gemmeticensi
1024 5660 1134 5700 ms.
1172 5642 1315 5716 legit
1367 5643 1642 5703 Rabanus
1676 5638 1824 5718 quo-

1935 4701 2140 4756 dicunt
2199 4700 2429 4756 Hebraei
2477 4716 2611 4755 cum
2662 4696 3031 4762 mulieribus,
3092 4710 3157 4750 eo
3226 4693 3384 4764 quod
3455 4695 3590 4764 post

1935 4789 2222 4845 menstrui
2247 4794 2480 4860 tempus
2513 4791 2614 4843 aut
2643 4791 2865 4858 partus,
2914 4800 3030 4840 non
3082 4781 3322 4854 impleto
3356 4781 3586 4853 (secun-

1935 4879 2074 4934 dum
2106 4878 2250 4949 legis
2284 4876 2682 4950 praeceptum),
2706 4873 3014 4939 sacrificio,
3050 4871 3380 4928 suadebant
3397 4886 3496 4927 eas
3513 4871 3584 4926 ad

1935 4967 2090 5023 viros
2121 4985 2261 5022 suos
2293 4965 2503 5032 redire,
2524 4965 2726 5036 eisque
2746 4961 3117 5020 commisceri
3148 4961 3248 5032 (b).
3282 4960 3353 5015 Et
3371 4959 3590 5016 dormi-

1935 5073 1996 5112 re
2053 5057 2180 5112 ideo
2230 5054 2528 5121 dicuntur,
2582 5053 2723 5124 quia
2780 5068 2881 5107 eas
2928 5049 3187 5106 dormire
3249 5064 3382 5104 cum
3448 5045 3590 5103 viris

2006 5217 2026 5249 ²
2050 5216 2208 5272 Idem
2240 5215 2421 5271 codex
2448 5211 2935 5270 Gemmeticensis
2985 5207 3127 5283 legit
3179 5208 3323 5283 hoc__
3347 5206 3491 5283 loco,
3522 5207 3588 5283 Et

1945 5289 2179 5363 singulis
2209 5289 2384 5363 Ληνῃέ
2407 5285 2775 5363 ηᾳδςεηιξὺαδ,
2799 5280 3158 5363 mortuis'unt
3214 5280 3325 5363 ﬁlii
3377 5280 3590 5363 singuli

1933 5357 2268 5415 Phenennae.
2301 5359 2469 5430 Apud
2503 5358 2846 5430 Erasmum,
2882 5357 3132 5430 Mortuus
3183 5357 3584 5425 primogenita:

1935 5431 2266 5498 Phencnme,
2290 5426 2495 5487 mortui
2521 5432 2714 5484 suntet
2742 5427 2848 5482 alii
2874 5426 3001 5496 ﬁlii.

2000 5646 2081 5717 ib)
2114 5645 2178 5700 In
2203 5659 2332 5700 meo
2352 5659 2464 5701 ms.
2489 5641 2684 5712 verba,
2701 5642 2885 5713 eisque
2903 5639 3263 5713 commisceri,
3285 5654 3401 5695 non
3421 5638 3584 5694 sunt.
