  <div class='ocr_page' id='page_1' title='image "/cluster/home/n/w/nwhite01/storage/ocr_20150623/23/umn.31951d034773078/707.png"; bbox 0 0 3970 6390; ppageno 0'>
   <div class='ocr_carea' id='block_1_1' title="bbox 382 349 540 423">
    <p class='ocr_par' dir='ltr' id='par_1_1' title="bbox 382 349 540 423">
     <span class='ocr_line' id='line_1_1' title="bbox 382 349 540 423; baseline 0.025 -4"><span class='ocrx_word' id='word_1_1' title='bbox 382 349 540 423; x_wconf 69' lang='lat'><strong>{395</strong></span> 
     </span>
    </p>
   </div>
   <div class='ocr_carea' id='block_1_2' title="bbox 373 492 1394 571">
    <p class='ocr_par' dir='ltr' id='par_1_2' title="bbox 373 492 1394 571">
     <span class='ocr_line' id='line_1_2' title="bbox 373 492 1394 571; baseline 0.002 -19"><span class='ocrx_word' id='word_1_2' title='bbox 373 492 503 552; x_wconf 79' lang='lat' dir='ltr'>suis</span> <span class='ocrx_word' id='word_1_3' title='bbox 556 495 759 550; x_wconf 88' lang='lat' dir='ltr'>contra</span> <span class='ocrx_word' id='word_1_4' title='bbox 802 499 1157 568; x_wconf 69' lang='lat' dir='ltr'>praeceptum</span> <span class='ocrx_word' id='word_1_5' title='bbox 1225 494 1394 571; x_wconf 82' lang='lat' dir='ltr'>legis,</span> 
     </span>
    </p>
   </div>
   <div class='ocr_carea' id='block_1_3' title="bbox 374 583 1236 657">
    <p class='ocr_par' dir='ltr' id='par_1_3' title="bbox 374 583 1236 657">
     <span class='ocr_line' id='line_1_3' title="bbox 374 583 1236 657; baseline 0 -16"><span class='ocrx_word' id='word_1_6' title='bbox 374 585 531 641; x_wconf 91' lang='lat' dir='ltr'>idem</span> <span class='ocrx_word' id='word_1_7' title='bbox 565 583 651 640; x_wconf 88' lang='lat' dir='ltr'>Eli</span> <span class='ocrx_word' id='word_1_8' title='bbox 673 589 806 657; x_wconf 92' lang='lat' dir='ltr'>post</span> <span class='ocrx_word' id='word_1_9' title='bbox 834 583 1075 657; x_wconf 89' lang='lat' dir='ltr'>paulum</span> <span class='ocrx_word' id='word_1_10' title='bbox 1108 585 1189 641; x_wconf 97' lang='lat' dir='ltr'>ait</span> <span class='ocrx_word' id='word_1_11' title='bbox 1223 602 1236 641; x_wconf 91' lang='lat'><strong>:</strong></span> 
     </span>
    </p>
   </div>
   <div class='ocr_carea' id='block_1_4' title="bbox 444 673 2021 748">
    <p class='ocr_par' dir='ltr' id='par_1_4' title="bbox 444 673 2021 748">
     <span class='ocr_line' id='line_1_4' title="bbox 444 673 2021 748; baseline 0.003 -21"><span class='ocrx_word' id='word_1_12' title='bbox 444 673 633 743; x_wconf 90' lang='lat' dir='ltr'>(Vers.</span> <span class='ocrx_word' id='word_1_13' title='bbox 663 674 780 743; x_wconf 85' lang='lat'>25.)</span> <span class='ocrx_word' id='word_1_14' title='bbox 810 697 837 723; x_wconf 80' lang='grc' dir='ltr'>α</span> <span class='ocrx_word' id='word_1_15' title='bbox 871 674 995 729; x_wconf 83' lang='grc' dir='ltr'><strong>Νοιι</strong></span> <span class='ocrx_word' id='word_1_16' title='bbox 1013 680 1103 730; x_wconf 91' lang='lat' dir='ltr'>est</span> <span class='ocrx_word' id='word_1_17' title='bbox 1132 676 1289 731; x_wconf 91' lang='lat' dir='ltr'>enim</span> <span class='ocrx_word' id='word_1_18' title='bbox 1324 676 1474 731; x_wconf 88' lang='lat' dir='ltr'>bona</span> <span class='ocrx_word' id='word_1_19' title='bbox 1500 677 1655 731; x_wconf 87' lang='lat' dir='ltr'>fama</span> <span class='ocrx_word' id='word_1_20' title='bbox 1712 692 1888 748; x_wconf 90' lang='lat' dir='ltr'>quam</span> <span class='ocrx_word' id='word_1_21' title='bbox 1916 691 2021 742; x_wconf 83' lang='lat' dir='ltr'>ego</span> 
     </span>
    </p>
   </div>
   <div class='ocr_carea' id='block_1_5' title="bbox 376 763 2019 837">
    <p class='ocr_par' dir='ltr' id='par_1_5' title="bbox 376 763 2019 837">
     <span class='ocr_line' id='line_1_5' title="bbox 376 763 2019 837; baseline -0.002 -15"><span class='ocrx_word' id='word_1_22' title='bbox 376 763 572 832; x_wconf 84' lang='lat' dir='ltr'>audio,</span> <span class='ocrx_word' id='word_1_23' title='bbox 607 765 1017 835; x_wconf 83' lang='lat' dir='ltr'>uttransgredi</span> <span class='ocrx_word' id='word_1_24' title='bbox 1078 764 1303 820; x_wconf 82' lang='lat' dir='ltr'>faciatis</span> <span class='ocrx_word' id='word_1_25' title='bbox 1369 764 1651 837; x_wconf 89' lang='lat' dir='ltr'>populum</span> <span class='ocrx_word' id='word_1_26' title='bbox 1701 764 2019 820; x_wconf 86' lang='lat' dir='ltr'>Domini.»</span> 
     </span>
    </p>
   </div>
   <div class='ocr_carea' id='block_1_6' title="bbox 374 852 2019 926">
    <p class='ocr_par' dir='ltr' id='par_1_6' title="bbox 374 852 2019 926">
     <span class='ocr_line' id='line_1_6' title="bbox 374 852 2019 926; baseline 0.001 -17"><span class='ocrx_word' id='word_1_27' title='bbox 374 852 922 923; x_wconf 83' lang='lat' dir='ltr'>Transgressionem</span> <span class='ocrx_word' id='word_1_28' title='bbox 954 870 1088 925; x_wconf 87' lang='lat' dir='ltr'>ergo</span> <span class='ocrx_word' id='word_1_29' title='bbox 1122 854 1376 926; x_wconf 91' lang='lat' dir='ltr'>populus</span> <span class='ocrx_word' id='word_1_30' title='bbox 1417 854 1665 909; x_wconf 80' lang='lat' dir='ltr'>faciebat</span> <span class='ocrx_word' id='word_1_31' title='bbox 1694 871 1706 909; x_wconf 89' lang='lat'>:</span> <span class='ocrx_word' id='word_1_32' title='bbox 1747 855 1902 926; x_wconf 88' lang='lat' dir='ltr'>quia,</span> <span class='ocrx_word' id='word_1_33' title='bbox 1927 872 2019 910; x_wconf 88' lang='lat' dir='ltr'>sa-</span> 
     </span>
    </p>
   </div>
   <div class='ocr_carea' id='block_1_7' title="bbox 372 941 2019 1014">
    <p class='ocr_par' dir='ltr' id='par_1_7' title="bbox 372 941 2019 1014">
     <span class='ocr_line' id='line_1_7' title="bbox 372 941 2019 1014; baseline -0.001 -14"><span class='ocrx_word' id='word_1_34' title='bbox 372 942 590 1000; x_wconf 82' lang='lat' dir='ltr'>criﬁcio</span> <span class='ocrx_word' id='word_1_35' title='bbox 612 958 725 996; x_wconf 93' lang='lat' dir='ltr'>non</span> <span class='ocrx_word' id='word_1_36' title='bbox 755 941 862 998; x_wconf 90' lang='lat' dir='ltr'>rite</span> <span class='ocrx_word' id='word_1_37' title='bbox 884 947 1136 1014; x_wconf 89' lang='lat' dir='ltr'>peracto,</span> <span class='ocrx_word' id='word_1_38' title='bbox 1172 943 1450 998; x_wconf 80' lang='lat' dir='ltr'>uxoribus</span> <span class='ocrx_word' id='word_1_39' title='bbox 1483 943 1607 998; x_wconf 84' lang='lat' dir='ltr'>suis</span> <span class='ocrx_word' id='word_1_40' title='bbox 1637 945 2019 1014; x_wconf 88' lang='lat' dir='ltr'>jungebatur.</span> 
     </span>
    </p>
   </div>
   <div class='ocr_carea' id='block_1_8' title="bbox 354 1038 2020 1113">
    <p class='ocr_par' dir='ltr' id='par_1_8' title="bbox 354 1038 2020 1113">
     <span class='ocr_line' id='line_1_8' title="bbox 354 1038 2020 1113; baseline 0.001 -17"><span class='ocrx_word' id='word_1_41' title='bbox 354 1038 539 1096; x_wconf 82' lang='lat' dir='ltr'>Sicut</span> <span class='ocrx_word' id='word_1_42' title='bbox 567 1040 722 1094; x_wconf 91' lang='lat' dir='ltr'>enim</span> <span class='ocrx_word' id='word_1_43' title='bbox 747 1039 798 1093; x_wconf 88' lang='lat' dir='ltr'>vi</span> <span class='ocrx_word' id='word_1_44' title='bbox 839 1041 1265 1113; x_wconf 80' lang='lat' dir='ltr'>extorquebant</span> <span class='ocrx_word' id='word_1_45' title='bbox 1295 1058 1500 1097; x_wconf 89' lang='lat' dir='ltr'>carnes</span> <span class='ocrx_word' id='word_1_46' title='bbox 1527 1042 1598 1096; x_wconf 90' lang='lat' dir='ltr'>ab</span> <span class='ocrx_word' id='word_1_47' title='bbox 1653 1041 2020 1109; x_wconf 82' lang='lat' dir='ltr'>immolante,</span> 
     </span>
    </p>
   </div>
   <div class='ocr_carea' id='block_1_9' title="bbox 372 1127 2019 1201">
    <p class='ocr_par' dir='ltr' id='par_1_9' title="bbox 372 1127 2019 1201">
     <span class='ocr_line' id='line_1_9' title="bbox 372 1127 2019 1201; baseline 0.001 -18"><span class='ocrx_word' id='word_1_48' title='bbox 372 1128 456 1184; x_wconf 89' lang='lat' dir='ltr'>ita</span> <span class='ocrx_word' id='word_1_49' title='bbox 484 1127 659 1184; x_wconf 90' lang='lat' dir='ltr'>etiam</span> <span class='ocrx_word' id='word_1_50' title='bbox 705 1130 1129 1201; x_wconf 81' lang='lat' dir='ltr'>extorquebant</span> <span class='ocrx_word' id='word_1_51' title='bbox 1195 1130 1550 1185; x_wconf 83' lang='lat' dir='ltr'>sacrificium</span> <span class='ocrx_word' id='word_1_52' title='bbox 1601 1131 1674 1184; x_wconf 91' lang='lat' dir='ltr'>ab</span> <span class='ocrx_word' id='word_1_53' title='bbox 1723 1130 2019 1185; x_wconf 75' lang='lat' dir='ltr'>offerente.</span> 
     </span>
    </p>
   </div>
   <div class='ocr_carea' id='block_1_10' title="bbox 370 1213 2020 1286">
    <p class='ocr_par' dir='ltr' id='par_1_10' title="bbox 370 1213 2020 1286">
     <span class='ocr_line' id='line_1_10' title="bbox 370 1213 2020 1286; baseline 0 -12"><span class='ocrx_word' id='word_1_54' title='bbox 370 1217 443 1274; x_wconf 87' lang='lat' dir='ltr'>Et</span> <span class='ocrx_word' id='word_1_55' title='bbox 471 1217 688 1273; x_wconf 89' lang='lat' dir='ltr'>idcirco</span> <span class='ocrx_word' id='word_1_56' title='bbox 720 1217 872 1273; x_wconf 86' lang='lat' dir='ltr'>sicut</span> <span class='ocrx_word' id='word_1_57' title='bbox 901 1219 959 1273; x_wconf 92' lang='lat' dir='ltr'>in</span> <span class='ocrx_word' id='word_1_58' title='bbox 990 1219 1324 1274; x_wconf 90' lang='lat' dir='ltr'>auferendis</span> <span class='ocrx_word' id='word_1_59' title='bbox 1370 1213 1669 1286; x_wconf 88' lang='lat' dir='ltr'>carnibus,</span> <span class='ocrx_word' id='word_1_60' title='bbox 1731 1220 2020 1274; x_wconf 89' lang='lat' dir='ltr'>faciebant</span> 
     </span>
    </p>
   </div>
   <div class='ocr_carea' id='block_1_11' title="bbox 378 1303 2022 1379">
    <p class='ocr_par' dir='ltr' id='par_1_11' title="bbox 378 1303 2022 1379">
     <span class='ocr_line' id='line_1_11' title="bbox 378 1303 2022 1379; baseline 0.001 -19"><span class='ocrx_word' id='word_1_61' title='bbox 378 1303 650 1362; x_wconf 87' lang='lat' dir='ltr'>homines</span> <span class='ocrx_word' id='word_1_62' title='bbox 671 1305 975 1362; x_wconf 79' lang='lat' dir='ltr'>detrahere</span> <span class='ocrx_word' id='word_1_63' title='bbox 1019 1307 1307 1362; x_wconf 77' lang='lat' dir='ltr'>sacrificio</span> <span class='ocrx_word' id='word_1_64' title='bbox 1368 1307 1616 1374; x_wconf 82' lang='lat' dir='ltr'>Domini,</span> <span class='ocrx_word' id='word_1_65' title='bbox 1665 1307 1749 1362; x_wconf 89' lang='lat' dir='ltr'>ita</span> <span class='ocrx_word' id='word_1_66' title='bbox 1789 1322 2022 1379; x_wconf 89' lang='lat' dir='ltr'>quoque</span> 
     </span>
    </p>
   </div>
   <div class='ocr_carea' id='block_1_12' title="bbox 372 1392 2019 1468">
    <p class='ocr_par' dir='ltr' id='par_1_12' title="bbox 372 1392 2019 1468">
     <span class='ocr_line' id='line_1_12' title="bbox 372 1392 2019 1468; baseline 0.001 -19"><span class='ocrx_word' id='word_1_67' title='bbox 372 1392 759 1450; x_wconf 88' lang='lat' dir='ltr'>nihilominus</span> <span class='ocrx_word' id='word_1_68' title='bbox 790 1394 849 1449; x_wconf 92' lang='lat' dir='ltr'>in</span> <span class='ocrx_word' id='word_1_69' title='bbox 881 1395 1310 1468; x_wconf 89' lang='lat' dir='ltr'>conjungendis</span> <span class='ocrx_word' id='word_1_70' title='bbox 1360 1396 1661 1464; x_wconf 84' lang='lat' dir='ltr'>uxoribus,</span> <span class='ocrx_word' id='word_1_71' title='bbox 1694 1396 2019 1468; x_wconf 85' lang='lat' dir='ltr'>transgredi</span> 
     </span>
    </p>
   </div>
   <div class='ocr_carea' id='block_1_13' title="bbox 374 1482 1255 1555">
    <p class='ocr_par' dir='ltr' id='par_1_13' title="bbox 374 1482 1255 1555">
     <span class='ocr_line' id='line_1_13' title="bbox 374 1482 1255 1555; baseline 0.002 -18"><span class='ocrx_word' id='word_1_72' title='bbox 374 1482 668 1543; x_wconf 86' lang='lat' dir='ltr'>faciebant</span> <span class='ocrx_word' id='word_1_73' title='bbox 700 1482 980 1555; x_wconf 88' lang='lat' dir='ltr'>populum</span> <span class='ocrx_word' id='word_1_74' title='bbox 1005 1482 1255 1540; x_wconf 91' lang='lat' dir='ltr'>Domini.</span> 
     </span>
    </p>
   </div>
   <div class='ocr_carea' id='block_1_14' title="bbox 448 1562 2018 1646">
    <p class='ocr_par' dir='ltr' id='par_1_14' title="bbox 448 1562 2018 1646">
     <span class='ocr_line' id='line_1_14' title="bbox 448 1562 2018 1646; baseline 0.003 -22"><span class='ocrx_word' id='word_1_75' title='bbox 448 1562 778 1644; x_wconf 76' lang='lat' dir='ltr'>(vers..25).</span> <span class='ocrx_word' id='word_1_76' title='bbox 813 1596 838 1622; x_wconf 85' lang='lat'><strong><em>«</em></strong></span> <span class='ocrx_word' id='word_1_77' title='bbox 876 1573 933 1629; x_wconf 91' lang='lat' dir='ltr'>Si</span> <span class='ocrx_word' id='word_1_78' title='bbox 968 1573 1294 1645; x_wconf 79' lang='lat' dir='ltr'>peccaverit</span> <span class='ocrx_word' id='word_1_79' title='bbox 1316 1573 1480 1628; x_wconf 91' lang='lat' dir='ltr'>virin</span> <span class='ocrx_word' id='word_1_80' title='bbox 1514 1574 1728 1643; x_wconf 89' lang='lat' dir='ltr'>virum,</span> <span class='ocrx_word' id='word_1_81' title='bbox 1797 1573 2018 1646; x_wconf 83' lang='lat' dir='ltr'>placari</span> 
     </span>
    </p>
   </div>
   <div class='ocr_carea' id='block_1_15' title="bbox 373 1661 2021 1736">
    <p class='ocr_par' dir='ltr' id='par_1_15' title="bbox 373 1661 2021 1736">
     <span class='ocr_line' id='line_1_15' title="bbox 373 1661 2021 1736; baseline 0 -18"><span class='ocrx_word' id='word_1_82' title='bbox 373 1665 565 1736; x_wconf 88' lang='lat' dir='ltr'>potest</span> <span class='ocrx_word' id='word_1_83' title='bbox 593 1661 643 1718; x_wconf 89' lang='lat' dir='ltr'>ei</span> <span class='ocrx_word' id='word_1_84' title='bbox 678 1667 847 1718; x_wconf 82' lang='lat' dir='ltr'>Deus.</span> <span class='ocrx_word' id='word_1_85' title='bbox 885 1684 912 1710; x_wconf 84' lang='lat'>»</span> <span class='ocrx_word' id='word_1_86' title='bbox 944 1662 1110 1728; x_wconf 88' lang='lat' dir='ltr'>Quia,</span> <span class='ocrx_word' id='word_1_87' title='bbox 1132 1662 1358 1734; x_wconf 87' lang='lat' dir='ltr'>placato</span> <span class='ocrx_word' id='word_1_88' title='bbox 1389 1662 1504 1718; x_wconf 90' lang='lat' dir='ltr'>sibi</span> <span class='ocrx_word' id='word_1_89' title='bbox 1559 1662 1679 1717; x_wconf 95' lang='lat' dir='ltr'>viro</span> <span class='ocrx_word' id='word_1_90' title='bbox 1728 1663 1787 1718; x_wconf 93' lang='lat' dir='ltr'>in</span> <span class='ocrx_word' id='word_1_91' title='bbox 1846 1681 2021 1735; x_wconf 84' lang='lat' dir='ltr'>quem</span> 
     </span>
    </p>
   </div>
   <div class='ocr_carea' id='block_1_16' title="bbox 378 1749 2020 1823">
    <p class='ocr_par' dir='ltr' id='par_1_16' title="bbox 378 1749 2020 1823">
     <span class='ocr_line' id='line_1_16' title="bbox 378 1749 2020 1823; baseline 0.001 -16"><span class='ocrx_word' id='word_1_92' title='bbox 378 1750 659 1823; x_wconf 88' lang='lat' dir='ltr'>peccavit,</span> <span class='ocrx_word' id='word_1_93' title='bbox 680 1749 1025 1823; x_wconf 89' lang='lat' dir='ltr'>placabilem</span> <span class='ocrx_word' id='word_1_94' title='bbox 1090 1751 1199 1806; x_wconf 90' lang='lat' dir='ltr'>sibi</span> <span class='ocrx_word' id='word_1_95' title='bbox 1243 1751 1378 1806; x_wconf 86' lang='lat' dir='ltr'>facit</span> <span class='ocrx_word' id='word_1_96' title='bbox 1442 1753 1644 1817; x_wconf 92' lang='lat' dir='ltr'>Deum,</span> <span class='ocrx_word' id='word_1_97' title='bbox 1697 1753 1786 1808; x_wconf 90' lang='lat' dir='ltr'>cui</span> <span class='ocrx_word' id='word_1_98' title='bbox 1813 1752 1871 1807; x_wconf 92' lang='lat' dir='ltr'>in</span> <span class='ocrx_word' id='word_1_99' title='bbox 1899 1752 2020 1808; x_wconf 90' lang='lat' dir='ltr'>viro</span> 
     </span>
    </p>
   </div>
   <div class='ocr_carea' id='block_1_17' title="bbox 373 1839 2020 1912">
    <p class='ocr_par' dir='ltr' id='par_1_17' title="bbox 373 1839 2020 1912">
     <span class='ocr_line' id='line_1_17' title="bbox 373 1839 2020 1912; baseline 0.001 -17"><span class='ocrx_word' id='word_1_100' title='bbox 373 1839 652 1912; x_wconf 85' lang='lat' dir='ltr'>peccavit.</span> <span class='ocrx_word' id='word_1_101' title='bbox 694 1864 713 1889; x_wconf 75' lang='grc' dir='ltr'>α</span> <span class='ocrx_word' id='word_1_102' title='bbox 751 1840 810 1895; x_wconf 93' lang='lat' dir='ltr'>Si</span> <span class='ocrx_word' id='word_1_103' title='bbox 845 1843 1041 1895; x_wconf 90' lang='lat' dir='ltr'>autem</span> <span class='ocrx_word' id='word_1_104' title='bbox 1072 1839 1129 1894; x_wconf 92' lang='lat' dir='ltr'>in</span> <span class='ocrx_word' id='word_1_105' title='bbox 1164 1840 1347 1894; x_wconf 93' lang='lat' dir='ltr'>Deum</span> <span class='ocrx_word' id='word_1_106' title='bbox 1381 1840 1700 1912; x_wconf 83' lang='lat' dir='ltr'>peccaverit</span> <span class='ocrx_word' id='word_1_107' title='bbox 1747 1840 1853 1910; x_wconf 90' lang='lat' dir='ltr'>vir,</span> <span class='ocrx_word' id='word_1_108' title='bbox 1887 1841 2020 1912; x_wconf 85' lang='lat' dir='ltr'>quis</span> 
     </span>
    </p>
   </div>
   <div class='ocr_carea' id='block_1_18' title="bbox 376 1928 2018 2000">
    <p class='ocr_par' dir='ltr' id='par_1_18' title="bbox 376 1928 2018 2000">
     <span class='ocr_line' id='line_1_18' title="bbox 376 1928 2018 2000; baseline 0.001 -16"><span class='ocrx_word' id='word_1_109' title='bbox 376 1928 571 1995; x_wconf 79' lang='lat' dir='ltr'>orabit</span> <span class='ocrx_word' id='word_1_110' title='bbox 600 1944 703 1999; x_wconf 89' lang='lat' dir='ltr'>pro</span> <span class='ocrx_word' id='word_1_111' title='bbox 736 1944 802 1983; x_wconf 92' lang='lat' dir='ltr'>eo</span> <span class='ocrx_word' id='word_1_112' title='bbox 824 1930 851 1982; x_wconf 86' lang='lat'><strong><em>?</em></strong></span> <span class='ocrx_word' id='word_1_113' title='bbox 880 1947 905 1979; x_wconf 79' lang='grc' dir='ltr'><strong>ι»</strong></span> <span class='ocrx_word' id='word_1_114' title='bbox 948 1928 1073 1983; x_wconf 83' lang='grc' dir='ltr'>Νοη</span> <span class='ocrx_word' id='word_1_115' title='bbox 1106 1945 1244 2000; x_wconf 85' lang='lat' dir='ltr'>ergo</span> <span class='ocrx_word' id='word_1_116' title='bbox 1266 1945 1331 1983; x_wconf 91' lang='lat' dir='ltr'>eo</span> <span class='ocrx_word' id='word_1_117' title='bbox 1366 1929 1535 1983; x_wconf 89' lang='lat' dir='ltr'>modo</span> <span class='ocrx_word' id='word_1_118' title='bbox 1570 1929 1626 1983; x_wconf 92' lang='lat' dir='ltr'>in</span> <span class='ocrx_word' id='word_1_119' title='bbox 1651 1928 1862 1999; x_wconf 91' lang='lat' dir='ltr'>virum,</span> <span class='ocrx_word' id='word_1_120' title='bbox 1903 1946 2018 2000; x_wconf 92' lang='lat' dir='ltr'>quo</span> 
     </span>
    </p>
   </div>
   <div class='ocr_carea' id='block_1_19' title="bbox 371 2006 2021 2090">
    <p class='ocr_par' dir='ltr' id='par_1_19' title="bbox 371 2006 2021 2090">
     <span class='ocr_line' id='line_1_19' title="bbox 371 2006 2021 2090; baseline 0.001 -18"><span class='ocrx_word' id='word_1_121' title='bbox 371 2013 433 2072; x_wconf 88' lang='lat' dir='ltr'>in</span> <span class='ocrx_word' id='word_1_122' title='bbox 464 2006 648 2072; x_wconf 87' lang='lat' dir='ltr'>Deum</span> <span class='ocrx_word' id='word_1_123' title='bbox 677 2021 969 2089; x_wconf 86' lang='lat' dir='ltr'>peccatur.</span> <span class='ocrx_word' id='word_1_124' title='bbox 1002 2017 1220 2082; x_wconf 87' lang='lat' dir='ltr'>Quiain</span> <span class='ocrx_word' id='word_1_125' title='bbox 1270 2017 1464 2072; x_wconf 91' lang='lat' dir='ltr'>virum</span> <span class='ocrx_word' id='word_1_126' title='bbox 1522 2034 1781 2090; x_wconf 87' lang='lat' dir='ltr'>peccare,</span> <span class='ocrx_word' id='word_1_127' title='bbox 1817 2035 2021 2090; x_wconf 90' lang='lat' dir='ltr'>pecca-</span> 
     </span>
    </p>
   </div>
   <div class='ocr_carea' id='block_1_20' title="bbox 372 2105 2019 2177">
    <p class='ocr_par' dir='ltr' id='par_1_20' title="bbox 372 2105 2019 2177">
     <span class='ocr_line' id='line_1_20' title="bbox 372 2105 2019 2177; baseline 0 -16"><span class='ocrx_word' id='word_1_128' title='bbox 372 2109 501 2161; x_wconf 85' lang='lat' dir='ltr'>tum</span> <span class='ocrx_word' id='word_1_129' title='bbox 525 2105 930 2177; x_wconf 90' lang='lat' dir='ltr'>qualecunqne</span> <span class='ocrx_word' id='word_1_130' title='bbox 952 2110 1061 2172; x_wconf 88' lang='lat' dir='ltr'>est,</span> <span class='ocrx_word' id='word_1_131' title='bbox 1095 2105 1389 2177; x_wconf 86' lang='lat' dir='ltr'>leviorque</span> <span class='ocrx_word' id='word_1_132' title='bbox 1414 2105 1701 2161; x_wconf 87' lang='lat' dir='ltr'>remissio.</span> <span class='ocrx_word' id='word_1_133' title='bbox 1741 2108 1802 2161; x_wconf 93' lang='lat' dir='ltr'>In</span> <span class='ocrx_word' id='word_1_134' title='bbox 1836 2107 2019 2162; x_wconf 90' lang='lat' dir='ltr'>Deum</span> 
     </span>
    </p>
   </div>
   <div class='ocr_carea' id='block_1_21' title="bbox 372 2194 2023 2267">
    <p class='ocr_par' dir='ltr' id='par_1_21' title="bbox 372 2194 2023 2267">
     <span class='ocr_line' id='line_1_21' title="bbox 372 2194 2023 2267; baseline 0 -16"><span class='ocrx_word' id='word_1_135' title='bbox 372 2211 507 2251; x_wconf 87' lang='lat' dir='ltr'>vero</span> <span class='ocrx_word' id='word_1_136' title='bbox 537 2211 795 2267; x_wconf 89' lang='lat' dir='ltr'>peccare,</span> <span class='ocrx_word' id='word_1_137' title='bbox 829 2195 887 2250; x_wconf 89' lang='lat' dir='ltr'>id</span> <span class='ocrx_word' id='word_1_138' title='bbox 928 2198 1036 2262; x_wconf 88' lang='lat' dir='ltr'>est,</span> <span class='ocrx_word' id='word_1_139' title='bbox 1097 2195 1169 2250; x_wconf 90' lang='lat' dir='ltr'>ab</span> <span class='ocrx_word' id='word_1_140' title='bbox 1226 2196 1355 2266; x_wconf 85' lang='lat' dir='ltr'>ejus</span> <span class='ocrx_word' id='word_1_141' title='bbox 1405 2194 1565 2249; x_wconf 91' lang='lat' dir='ltr'>cultu</span> <span class='ocrx_word' id='word_1_142' title='bbox 1608 2196 1892 2262; x_wconf 89' lang='lat' dir='ltr'>recedere,</span> <span class='ocrx_word' id='word_1_143' title='bbox 1918 2196 2023 2251; x_wconf 91' lang='lat' dir='ltr'>im-</span> 
     </span>
    </p>
   </div>
   <div class='ocr_carea' id='block_1_22' title="bbox 372 2283 2022 2360">
    <p class='ocr_par' dir='ltr' id='par_1_22' title="bbox 372 2283 2022 2360">
     <span class='ocr_line' id='line_1_22' title="bbox 372 2283 2022 2360; baseline 0.001 -22"><span class='ocrx_word' id='word_1_144' title='bbox 372 2283 609 2360; x_wconf 88' lang='lat' dir='ltr'>pietatis</span> <span class='ocrx_word' id='word_1_145' title='bbox 640 2288 943 2355; x_wconf 89' lang='lat' dir='ltr'>peccatum</span> <span class='ocrx_word' id='word_1_146' title='bbox 993 2288 1103 2351; x_wconf 89' lang='lat' dir='ltr'>est,</span> <span class='ocrx_word' id='word_1_147' title='bbox 1153 2283 1562 2355; x_wconf 83' lang='lat' dir='ltr'>difﬁciliorque</span> <span class='ocrx_word' id='word_1_148' title='bbox 1612 2285 1901 2339; x_wconf 88' lang='lat' dir='ltr'>remissio.</span> <span class='ocrx_word' id='word_1_149' title='bbox 1953 2285 2022 2340; x_wconf 86' lang='lat' dir='ltr'>Et</span> 
     </span>
    </p>
   </div>
   <div class='ocr_carea' id='block_1_23' title="bbox 372 2371 2021 2446">
    <p class='ocr_par' dir='ltr' id='par_1_23' title="bbox 372 2371 2021 2446">
     <span class='ocr_line' id='line_1_23' title="bbox 372 2371 2021 2446; baseline -0.001 -17"><span class='ocrx_word' id='word_1_150' title='bbox 372 2372 647 2446; x_wconf 85' lang='lat' dir='ltr'>quoniam</span> <span class='ocrx_word' id='word_1_151' title='bbox 672 2390 806 2428; x_wconf 93' lang='lat' dir='ltr'>cum</span> <span class='ocrx_word' id='word_1_152' title='bbox 847 2372 903 2428; x_wconf 92' lang='lat' dir='ltr'>in</span> <span class='ocrx_word' id='word_1_153' title='bbox 935 2371 1121 2427; x_wconf 91' lang='lat' dir='ltr'>virum</span> <span class='ocrx_word' id='word_1_154' title='bbox 1159 2372 1293 2444; x_wconf 92' lang='lat' dir='ltr'>quis</span> <span class='ocrx_word' id='word_1_155' title='bbox 1350 2378 1572 2445; x_wconf 87' lang='lat' dir='ltr'>peccat,</span> <span class='ocrx_word' id='word_1_156' title='bbox 1635 2373 1857 2445; x_wconf 87' lang='lat' dir='ltr'>placato</span> <span class='ocrx_word' id='word_1_157' title='bbox 1910 2373 2021 2429; x_wconf 91' lang='lat' dir='ltr'>sibi</span> 
     </span>
    </p>
   </div>
   <div class='ocr_carea' id='block_1_24' title="bbox 372 2460 2019 2533">
    <p class='ocr_par' dir='ltr' id='par_1_24' title="bbox 372 2460 2019 2533">
     <span class='ocr_line' id='line_1_24' title="bbox 372 2460 2019 2533; baseline -0.001 -15"><span class='ocrx_word' id='word_1_158' title='bbox 372 2461 514 2533; x_wconf 88' lang='lat' dir='ltr'>viro,</span> <span class='ocrx_word' id='word_1_159' title='bbox 549 2462 688 2517; x_wconf 87' lang='lat' dir='ltr'>facit</span> <span class='ocrx_word' id='word_1_160' title='bbox 714 2461 825 2518; x_wconf 91' lang='lat' dir='ltr'>sibi</span> <span class='ocrx_word' id='word_1_161' title='bbox 847 2462 1030 2518; x_wconf 85' lang='lat' dir='ltr'>Deum</span> <span class='ocrx_word' id='word_1_162' title='bbox 1056 2460 1397 2533; x_wconf 83' lang='lat' dir='ltr'>placabilem</span> <span class='ocrx_word' id='word_1_163' title='bbox 1436 2463 1530 2530; x_wconf 92' lang='lat' dir='ltr'>;in</span> <span class='ocrx_word' id='word_1_164' title='bbox 1583 2463 1763 2518; x_wconf 92' lang='lat' dir='ltr'>Deum</span> <span class='ocrx_word' id='word_1_165' title='bbox 1825 2467 2019 2518; x_wconf 89' lang='lat' dir='ltr'>autem</span> 
     </span>
    </p>
   </div>
   <div class='ocr_carea' id='block_1_25' title="bbox 372 2550 2017 2624">
    <p class='ocr_par' dir='ltr' id='par_1_25' title="bbox 372 2550 2017 2624">
     <span class='ocr_line' id='line_1_25' title="bbox 372 2550 2017 2624; baseline 0 -17"><span class='ocrx_word' id='word_1_166' title='bbox 372 2568 507 2607; x_wconf 91' lang='lat' dir='ltr'>cum</span> <span class='ocrx_word' id='word_1_167' title='bbox 535 2550 670 2623; x_wconf 90' lang='lat' dir='ltr'>quis</span> <span class='ocrx_word' id='word_1_168' title='bbox 704 2557 924 2624; x_wconf 86' lang='lat' dir='ltr'>peccat,</span> <span class='ocrx_word' id='word_1_169' title='bbox 956 2551 1091 2624; x_wconf 88' lang='lat' dir='ltr'>quis</span> <span class='ocrx_word' id='word_1_170' title='bbox 1120 2550 1311 2606; x_wconf 88' lang='lat' dir='ltr'>orabit</span> <span class='ocrx_word' id='word_1_171' title='bbox 1332 2568 1432 2623; x_wconf 82' lang='lat' dir='ltr'>pro</span> <span class='ocrx_word' id='word_1_172' title='bbox 1456 2552 1660 2606; x_wconf 89' lang='lat' dir='ltr'>eo?Ac</span> <span class='ocrx_word' id='word_1_173' title='bbox 1682 2552 1730 2606; x_wconf 89' lang='lat' dir='ltr'>si</span> <span class='ocrx_word' id='word_1_174' title='bbox 1754 2551 2017 2607; x_wconf 86' lang='lat' dir='ltr'>dicatur:</span> 
     </span>
    </p>
   </div>
   <div class='ocr_carea' id='block_1_26' title="bbox 373 2638 2023 2713">
    <p class='ocr_par' dir='ltr' id='par_1_26' title="bbox 373 2638 2023 2713">
     <span class='ocr_line' id='line_1_26' title="bbox 373 2638 2023 2713; baseline 0.001 -19"><span class='ocrx_word' id='word_1_175' title='bbox 373 2638 481 2695; x_wconf 91' lang='lat' dir='ltr'>Per</span> <span class='ocrx_word' id='word_1_176' title='bbox 517 2656 715 2712; x_wconf 88' lang='lat' dir='ltr'>quem,</span> <span class='ocrx_word' id='word_1_177' title='bbox 738 2641 945 2708; x_wconf 85' lang='lat' dir='ltr'>Deum,</span> <span class='ocrx_word' id='word_1_178' title='bbox 1001 2639 1112 2695; x_wconf 91' lang='lat' dir='ltr'>sibi</span> <span class='ocrx_word' id='word_1_179' title='bbox 1159 2639 1213 2694; x_wconf 94' lang='lat' dir='ltr'>in</span> <span class='ocrx_word' id='word_1_180' title='bbox 1257 2657 1429 2712; x_wconf 76' lang='lat' dir='ltr'>quem</span> <span class='ocrx_word' id='word_1_181' title='bbox 1491 2641 1770 2711; x_wconf 85' lang='lat' dir='ltr'>peccavit,</span> <span class='ocrx_word' id='word_1_182' title='bbox 1830 2640 2023 2713; x_wconf 93' lang='lat' dir='ltr'>propi-</span> 
     </span>
    </p>
   </div>
   <div class='ocr_carea' id='block_1_27' title="bbox 374 2729 1033 2801">
    <p class='ocr_par' dir='ltr' id='par_1_27' title="bbox 374 2729 1033 2801">
     <span class='ocr_line' id='line_1_27' title="bbox 374 2729 1033 2801; baseline -0.002 -17"><span class='ocrx_word' id='word_1_183' title='bbox 374 2729 521 2785; x_wconf 85' lang='lat' dir='ltr'>tium</span> <span class='ocrx_word' id='word_1_184' title='bbox 550 2729 740 2784; x_wconf 84' lang='lat' dir='ltr'>facere</span> <span class='ocrx_word' id='word_1_185' title='bbox 772 2729 1033 2801; x_wconf 87' lang='lat' dir='ltr'>poterit?</span> 
     </span>
    </p>
   </div>
   <div class='ocr_carea' id='block_1_28' title="bbox 447 2817 2025 2889">
    <p class='ocr_par' dir='ltr' id='par_1_28' title="bbox 447 2817 2025 2889">
     <span class='ocr_line' id='line_1_28' title="bbox 447 2817 2025 2889; baseline 0.001 -18"><span class='ocrx_word' id='word_1_186' title='bbox 447 2817 633 2889; x_wconf 93' lang='lat' dir='ltr'>(Vers.</span> <span class='ocrx_word' id='word_1_187' title='bbox 661 2820 752 2882; x_wconf 83' lang='lat'>27,</span> <span class='ocrx_word' id='word_1_188' title='bbox 787 2819 897 2888; x_wconf 77' lang='lat'>‘28).</span> <span class='ocrx_word' id='word_1_189' title='bbox 934 2840 960 2868; x_wconf 79' lang='grc' dir='ltr'><em>α</em></span> <span class='ocrx_word' id='word_1_190' title='bbox 1003 2817 1177 2871; x_wconf 88' lang='lat' dir='ltr'>Venit</span> <span class='ocrx_word' id='word_1_191' title='bbox 1216 2821 1413 2873; x_wconf 90' lang='lat' dir='ltr'>autem</span> <span class='ocrx_word' id='word_1_192' title='bbox 1455 2818 1541 2872; x_wconf 90' lang='lat' dir='ltr'>vir</span> <span class='ocrx_word' id='word_1_193' title='bbox 1593 2819 1687 2874; x_wconf 90' lang='lat' dir='ltr'>Dei</span> <span class='ocrx_word' id='word_1_194' title='bbox 1717 2820 1785 2873; x_wconf 90' lang='lat' dir='ltr'>ad</span> <span class='ocrx_word' id='word_1_195' title='bbox 1828 2820 1935 2885; x_wconf 80' lang='lat' dir='ltr'>Eli,</span> <span class='ocrx_word' id='word_1_196' title='bbox 1969 2824 2025 2875; x_wconf 90' lang='lat' dir='ltr'>et</span> 
     </span>
    </p>
   </div>
   <div class='ocr_carea' id='block_1_29' title="bbox 375 2906 2019 2979">
    <p class='ocr_par' dir='ltr' id='par_1_29' title="bbox 375 2906 2019 2979">
     <span class='ocr_line' id='line_1_29' title="bbox 375 2906 2019 2979; baseline 0.001 -17"><span class='ocrx_word' id='word_1_197' title='bbox 375 2906 523 2962; x_wconf 81' lang='lat' dir='ltr'>dixit</span> <span class='ocrx_word' id='word_1_198' title='bbox 551 2906 622 2961; x_wconf 87' lang='lat' dir='ltr'>ad</span> <span class='ocrx_word' id='word_1_199' title='bbox 650 2923 783 2962; x_wconf 92' lang='lat' dir='ltr'>eum</span> <span class='ocrx_word' id='word_1_200' title='bbox 823 2925 835 2962; x_wconf 95' lang='lat'>:</span> <span class='ocrx_word' id='word_1_201' title='bbox 865 2907 995 2961; x_wconf 59' lang='lat' dir='ltr'>Haec</span> <span class='ocrx_word' id='word_1_202' title='bbox 1026 2906 1166 2961; x_wconf 92' lang='lat' dir='ltr'>dicit</span> <span class='ocrx_word' id='word_1_203' title='bbox 1191 2906 1470 2961; x_wconf 90' lang='lat' dir='ltr'>Dominus</span> <span class='ocrx_word' id='word_1_204' title='bbox 1503 2923 1515 2962; x_wconf 90' lang='lat'><strong>:</strong></span> <span class='ocrx_word' id='word_1_205' title='bbox 1568 2908 1845 2979; x_wconf 90' lang='lat' dir='ltr'>Nunquid</span> <span class='ocrx_word' id='word_1_206' title='bbox 1907 2926 2019 2964; x_wconf 91' lang='lat' dir='ltr'>non</span> 
     </span>
    </p>
   </div>
   <div class='ocr_carea' id='block_1_30' title="bbox 375 2995 2025 3067">
    <p class='ocr_par' dir='ltr' id='par_1_30' title="bbox 375 2995 2025 3067">
     <span class='ocr_line' id='line_1_30' title="bbox 375 2995 2025 3067; baseline -0.001 -14"><span class='ocrx_word' id='word_1_207' title='bbox 375 3000 571 3067; x_wconf 84' lang='lat' dir='ltr'>aperte</span> <span class='ocrx_word' id='word_1_208' title='bbox 603 2995 893 3052; x_wconf 90' lang='lat' dir='ltr'>revelatus</span> <span class='ocrx_word' id='word_1_209' title='bbox 919 3012 1050 3050; x_wconf 92' lang='lat' dir='ltr'>sum</span> <span class='ocrx_word' id='word_1_210' title='bbox 1087 2995 1283 3050; x_wconf 89' lang='lat' dir='ltr'>domui</span> <span class='ocrx_word' id='word_1_211' title='bbox 1320 2995 1502 3067; x_wconf 89' lang='lat' dir='ltr'>patris</span> <span class='ocrx_word' id='word_1_212' title='bbox 1534 2996 1642 3061; x_wconf 90' lang='lat' dir='ltr'>tui,</span> <span class='ocrx_word' id='word_1_213' title='bbox 1678 3013 1809 3051; x_wconf 91' lang='lat' dir='ltr'>eum</span> <span class='ocrx_word' id='word_1_214' title='bbox 1871 3002 2025 3053; x_wconf 81' lang='lat' dir='ltr'>esset</span> 
     </span>
    </p>
   </div>
   <div class='ocr_carea' id='block_1_31' title="bbox 373 3083 2025 3157">
    <p class='ocr_par' dir='ltr' id='par_1_31' title="bbox 373 3083 2025 3157">
     <span class='ocr_line' id='line_1_31' title="bbox 373 3083 2025 3157; baseline 0.002 -19"><span class='ocrx_word' id='word_1_215' title='bbox 373 3083 432 3139; x_wconf 88' lang='lat' dir='ltr'>in</span> <span class='ocrx_word' id='word_1_216' title='bbox 468 3089 704 3156; x_wconf 64' lang='lat' dir='ltr'>[Egypto</span> <span class='ocrx_word' id='word_1_217' title='bbox 739 3084 795 3139; x_wconf 93' lang='lat' dir='ltr'>in</span> <span class='ocrx_word' id='word_1_218' title='bbox 838 3085 1012 3139; x_wconf 87' lang='lat' dir='ltr'>domo</span> <span class='ocrx_word' id='word_1_219' title='bbox 1074 3084 1441 3139; x_wconf 84' lang='lat' dir='ltr'>Pharaonis?</span> <span class='ocrx_word' id='word_1_220' title='bbox 1498 3088 1556 3139; x_wconf 91' lang='lat' dir='ltr'>et</span> <span class='ocrx_word' id='word_1_221' title='bbox 1599 3084 1742 3157; x_wconf 82' lang='lat' dir='ltr'>elegi</span> <span class='ocrx_word' id='word_1_222' title='bbox 1791 3102 1924 3141; x_wconf 90' lang='lat' dir='ltr'>eum</span> <span class='ocrx_word' id='word_1_223' title='bbox 1957 3104 2025 3141; x_wconf 83' lang='lat' dir='ltr'>ex</span> 
     </span>
    </p>
   </div>
   <div class='ocr_carea' id='block_1_32' title="bbox 374 3172 2026 3246">
    <p class='ocr_par' dir='ltr' id='par_1_32' title="bbox 374 3172 2026 3246">
     <span class='ocr_line' id='line_1_32' title="bbox 374 3172 2026 3246; baseline 0.002 -17"><span class='ocrx_word' id='word_1_224' title='bbox 374 3174 649 3229; x_wconf 82' lang='lat' dir='ltr'>omnibus</span> <span class='ocrx_word' id='word_1_225' title='bbox 684 3174 958 3229; x_wconf 86' lang='lat' dir='ltr'>tribubus</span> <span class='ocrx_word' id='word_1_226' title='bbox 987 3173 1161 3229; x_wconf 88' lang='lat' dir='ltr'>Israel</span> <span class='ocrx_word' id='word_1_227' title='bbox 1196 3172 1334 3228; x_wconf 88' lang='lat' dir='ltr'>mihi</span> <span class='ocrx_word' id='word_1_228' title='bbox 1370 3175 1429 3228; x_wconf 92' lang='lat' dir='ltr'>in</span> <span class='ocrx_word' id='word_1_229' title='bbox 1490 3176 1869 3246; x_wconf 82' lang='lat' dir='ltr'>sacerdotem,</span> <span class='ocrx_word' id='word_1_230' title='bbox 1910 3198 1935 3224; x_wconf 88' lang='grc'><strong>››</strong></span> <span class='ocrx_word' id='word_1_231' title='bbox 1968 3181 2026 3232; x_wconf 88' lang='lat' dir='ltr'>et</span> 
     </span>
    </p>
   </div>
   <div class='ocr_carea' id='block_1_33' title="bbox 1872 360 2297 429">
    <p class='ocr_par' dir='ltr' id='par_1_33' title="bbox 1872 360 2297 429">
     <span class='ocr_line' id='line_1_33' title="bbox 1872 360 2297 429; baseline 0.002 -4"><span class='ocrx_word' id='word_1_232' title='bbox 1872 360 2297 429; x_wconf 82' lang='lat' dir='ltr'>APPENDIX.</span> 
     </span>
    </p>
   </div>
   <div class='ocr_carea' id='block_1_34' title="bbox 1482 496 3779 573">
    <p class='ocr_par' dir='ltr' id='par_1_34' title="bbox 1482 496 3779 573">
     <span class='ocr_line' id='line_1_34' title="bbox 1482 496 3779 573; baseline -0.001 -20"><span class='ocrx_word' id='word_1_233' title='bbox 1482 496 1773 553; x_wconf 85' lang='lat' dir='ltr'>faciebant</span> <span class='ocrx_word' id='word_1_234' title='bbox 1864 497 2019 555; x_wconf 91' lang='lat' dir='ltr'>unde</span> <span class='ocrx_word' id='word_1_235' title='bbox 2047 500 2099 566; x_wconf 82' lang='grc' dir='ltr'><strong>Α</strong></span> <span class='ocrx_word' id='word_1_236' title='bbox 2131 498 2431 556; x_wconf 85' lang='lat' dir='ltr'>brachium</span> <span class='ocrx_word' id='word_1_237' title='bbox 2457 504 2644 572; x_wconf 85' lang='lat' dir='ltr'>tuum,</span> <span class='ocrx_word' id='word_1_238' title='bbox 2667 506 2725 557; x_wconf 91' lang='lat' dir='ltr'>et</span> <span class='ocrx_word' id='word_1_239' title='bbox 2753 498 3061 559; x_wconf 86' lang='lat' dir='ltr'>brachium</span> <span class='ocrx_word' id='word_1_240' title='bbox 3111 501 3323 559; x_wconf 90' lang='lat' dir='ltr'>domus</span> <span class='ocrx_word' id='word_1_241' title='bbox 3370 498 3550 573; x_wconf 83' lang='lat' dir='ltr'>patris</span> <span class='ocrx_word' id='word_1_242' title='bbox 3606 496 3713 555; x_wconf 88' lang='lat' dir='ltr'>tui.</span> <span class='ocrx_word' id='word_1_243' title='bbox 3744 518 3779 549; x_wconf 75' lang='grc'>»-</span> 
     </span>
    </p>
   </div>
   <div class='ocr_carea' id='block_1_35' title="bbox 3629 356 3774 429">
    <p class='ocr_par' dir='ltr' id='par_1_35' title="bbox 3629 356 3774 429">
     <span class='ocr_line' id='line_1_35' title="bbox 3629 356 3774 429; baseline 0.007 -1"><span class='ocrx_word' id='word_1_244' title='bbox 3629 356 3774 429; x_wconf 75' lang='grc'><strong>1396</strong></span> 
     </span>
    </p>
   </div>
   <div class='ocr_carea' id='block_1_36' title="bbox 2133 587 3771 665">
    <p class='ocr_par' dir='ltr' id='par_1_36' title="bbox 2133 587 3771 665">
     <span class='ocr_line' id='line_1_36' title="bbox 2133 587 3771 665; baseline -0.002 -20"><span class='ocrx_word' id='word_1_245' title='bbox 2133 590 2463 657; x_wconf 88' lang='lat' dir='ltr'>Brachium,</span> <span class='ocrx_word' id='word_1_246' title='bbox 2499 608 2691 647; x_wconf 84' lang='lat' dir='ltr'>arcam</span> <span class='ocrx_word' id='word_1_247' title='bbox 2724 592 3327 665; x_wconf 83' lang='lat' dir='ltr'>vocat.etd1gnitatem</span> <span class='ocrx_word' id='word_1_248' title='bbox 3349 587 3659 646; x_wconf 89' lang='lat' dir='ltr'>sacerdotii</span> <span class='ocrx_word' id='word_1_249' title='bbox 3679 587 3771 660; x_wconf 85' lang='lat' dir='ltr'>(b).</span> 
     </span>
    </p>
   </div>
   <div class='ocr_carea' id='block_1_37' title="bbox 2136 680 3775 747">
    <p class='ocr_par' dir='ltr' id='par_1_37' title="bbox 2136 680 3775 747">
     <span class='ocr_line' id='line_1_37' title="bbox 2136 680 3775 747; baseline -0.002 -12"><span class='ocrx_word' id='word_1_250' title='bbox 2136 701 2163 728; x_wconf 87' lang='grc'>‹‹</span> <span class='ocrx_word' id='word_1_251' title='bbox 2194 680 2267 735; x_wconf 87' lang='lat' dir='ltr'>Ut</span> <span class='ocrx_word' id='word_1_252' title='bbox 2309 698 2419 735; x_wconf 90' lang='lat' dir='ltr'>non</span> <span class='ocrx_word' id='word_1_253' title='bbox 2448 681 2525 736; x_wconf 90' lang='lat' dir='ltr'>sit</span> <span class='ocrx_word' id='word_1_254' title='bbox 2556 698 2729 736; x_wconf 85' lang='lat' dir='ltr'>senex</span> <span class='ocrx_word' id='word_1_255' title='bbox 2771 681 2830 735; x_wconf 89' lang='lat' dir='ltr'>in</span> <span class='ocrx_word' id='word_1_256' title='bbox 2861 682 3033 737; x_wconf 91' lang='lat' dir='ltr'>domo</span> <span class='ocrx_word' id='word_1_257' title='bbox 3066 686 3188 736; x_wconf 89' lang='lat' dir='ltr'>tua.</span> <span class='ocrx_word' id='word_1_258' title='bbox 3223 703 3250 730; x_wconf 90' lang='grc'><strong>››</strong></span> <span class='ocrx_word' id='word_1_259' title='bbox 3310 681 3538 747; x_wconf 88' lang='lat' dir='ltr'>Senem,</span> <span class='ocrx_word' id='word_1_260' title='bbox 3596 694 3775 733; x_wconf 85' lang='lat' dir='ltr'>sacer-</span> 
     </span>
    </p>
   </div>
   <div class='ocr_carea' id='block_1_38' title="bbox 2131 767 3767 842">
    <p class='ocr_par' dir='ltr' id='par_1_38' title="bbox 2131 767 3767 842">
     <span class='ocr_line' id='line_1_38' title="bbox 2131 767 3767 842; baseline -0.002 -17"><span class='ocrx_word' id='word_1_261' title='bbox 2131 770 2321 826; x_wconf 82' lang='lat' dir='ltr'>dotem</span> <span class='ocrx_word' id='word_1_262' title='bbox 2360 787 2638 842; x_wconf 89' lang='lat' dir='ltr'>magnum</span> <span class='ocrx_word' id='word_1_263' title='bbox 2661 771 2803 826; x_wconf 89' lang='lat' dir='ltr'>dicit</span> <span class='ocrx_word' id='word_1_264' title='bbox 2837 788 2849 826; x_wconf 90' lang='lat'><strong>:</strong></span> <span class='ocrx_word' id='word_1_265' title='bbox 2884 795 2909 820; x_wconf 76' lang='grc' dir='ltr'>α</span> <span class='ocrx_word' id='word_1_266' title='bbox 2945 772 3013 825; x_wconf 89' lang='lat' dir='ltr'>Et</span> <span class='ocrx_word' id='word_1_267' title='bbox 3042 770 3265 826; x_wconf 88' lang='lat' dir='ltr'>videbis</span> <span class='ocrx_word' id='word_1_268' title='bbox 3296 767 3573 823; x_wconf 73' lang='lat' dir='ltr'>aemulum</span> <span class='ocrx_word' id='word_1_269' title='bbox 3604 771 3767 822; x_wconf 88' lang='lat' dir='ltr'>tuum</span> 
     </span>
    </p>
   </div>
   <div class='ocr_carea' id='block_1_39' title="bbox 2134 855 3769 931">
    <p class='ocr_par' dir='ltr' id='par_1_39' title="bbox 2134 855 3769 931">
     <span class='ocr_line' id='line_1_39' title="bbox 2134 855 3769 931; baseline -0.003 -17"><span class='ocrx_word' id='word_1_270' title='bbox 2134 860 2191 914; x_wconf 92' lang='lat' dir='ltr'>in</span> <span class='ocrx_word' id='word_1_271' title='bbox 2225 863 2462 931; x_wconf 84' lang='lat' dir='ltr'>templo,</span> <span class='ocrx_word' id='word_1_272' title='bbox 2496 860 2555 914; x_wconf 92' lang='lat' dir='ltr'>in</span> <span class='ocrx_word' id='word_1_273' title='bbox 2576 860 2862 915; x_wconf 85' lang='lat' dir='ltr'>universis</span> <span class='ocrx_word' id='word_1_274' title='bbox 2894 860 3187 931; x_wconf 86' lang='lat' dir='ltr'>prosperis</span> <span class='ocrx_word' id='word_1_275' title='bbox 3213 857 3407 913; x_wconf 85' lang='lat' dir='ltr'>Israel.</span> <span class='ocrx_word' id='word_1_276' title='bbox 3438 880 3464 905; x_wconf 78' lang='grc' dir='ltr'><strong>»ι</strong></span> <span class='ocrx_word' id='word_1_277' title='bbox 3511 855 3769 911; x_wconf 73' lang='grc' dir='ltr'><strong>ιΕαιιιΙιιε</strong></span> 
     </span>
    </p>
   </div>
   <div class='ocr_carea' id='block_1_40' title="bbox 2134 945 3771 1017">
    <p class='ocr_par' dir='ltr' id='par_1_40' title="bbox 2134 945 3771 1017">
     <span class='ocr_line' id='line_1_40' title="bbox 2134 945 3771 1017; baseline -0.004 -13"><span class='ocrx_word' id='word_1_278' title='bbox 2134 949 2345 1004; x_wconf 88' lang='lat' dir='ltr'>domus</span> <span class='ocrx_word' id='word_1_279' title='bbox 2402 948 2510 1014; x_wconf 89' lang='lat' dir='ltr'>Eli,</span> <span class='ocrx_word' id='word_1_280' title='bbox 2567 950 2751 1004; x_wconf 88' lang='lat' dir='ltr'>Sadoc</span> <span class='ocrx_word' id='word_1_281' title='bbox 2800 949 3071 1004; x_wconf 88' lang='lat' dir='ltr'>sacerdos</span> <span class='ocrx_word' id='word_1_282' title='bbox 3127 946 3366 1003; x_wconf 84' lang='lat' dir='ltr'>exstiti:</span> <span class='ocrx_word' id='word_1_283' title='bbox 3430 945 3551 1017; x_wconf 87' lang='lat' dir='ltr'>qui,</span> <span class='ocrx_word' id='word_1_284' title='bbox 3594 945 3771 1015; x_wconf 86' lang='lat' dir='ltr'>ejecto</span> 
     </span>
    </p>
   </div>
   <div class='ocr_carea' id='block_1_41' title="bbox 2132 1035 3773 1107">
    <p class='ocr_par' dir='ltr' id='par_1_41' title="bbox 2132 1035 3773 1107">
     <span class='ocr_line' id='line_1_41' title="bbox 2132 1035 3773 1107; baseline -0.002 -14"><span class='ocrx_word' id='word_1_285' title='bbox 2132 1038 2457 1094; x_wconf 89' lang='lat' dir='ltr'>Abiathara</span> <span class='ocrx_word' id='word_1_286' title='bbox 2479 1039 2807 1103; x_wconf 91' lang='lat' dir='ltr'>Salomone,</span> <span class='ocrx_word' id='word_1_287' title='bbox 2837 1038 3227 1094; x_wconf 89' lang='lat' dir='ltr'>sacerdotium</span> <span class='ocrx_word' id='word_1_288' title='bbox 3288 1035 3564 1107; x_wconf 85' lang='lat' dir='ltr'>suscepit,</span> <span class='ocrx_word' id='word_1_289' title='bbox 3624 1035 3773 1090; x_wconf 89' lang='lat' dir='ltr'>sicut</span> 
     </span>
    </p>
   </div>
   <div class='ocr_carea' id='block_1_42' title="bbox 2133 1123 3761 1199">
    <p class='ocr_par' dir='ltr' id='par_1_42' title="bbox 2133 1123 3761 1199">
     <span class='ocr_line' id='line_1_42' title="bbox 2133 1123 3761 1199; baseline -0.004 -16"><span class='ocrx_word' id='word_1_290' title='bbox 2133 1129 2192 1183; x_wconf 91' lang='lat' dir='ltr'>in</span> <span class='ocrx_word' id='word_1_291' title='bbox 2220 1128 2528 1184; x_wconf 90' lang='lat' dir='ltr'>Malachim</span> <span class='ocrx_word' id='word_1_292' title='bbox 2577 1128 2830 1199; x_wconf 81' lang='lat' dir='ltr'>legitur:</span> <span class='ocrx_word' id='word_1_293' title='bbox 2892 1127 3232 1197; x_wconf 82' lang='lat' dir='ltr'>Projecitque</span> <span class='ocrx_word' id='word_1_294' title='bbox 3288 1125 3546 1180; x_wconf 78' lang='lat' dir='ltr'>Salomon</span> <span class='ocrx_word' id='word_1_295' title='bbox 3602 1123 3761 1177; x_wconf 81' lang='lat' dir='ltr'>Abiu-</span> 
     </span>
    </p>
   </div>
   <div class='ocr_carea' id='block_1_43' title="bbox 2133 1214 3773 1285">
    <p class='ocr_par' dir='ltr' id='par_1_43' title="bbox 2133 1214 3773 1285">
     <span class='ocr_line' id='line_1_43' title="bbox 2133 1214 3773 1285; baseline -0.004 -12"><span class='ocrx_word' id='word_1_296' title='bbox 2133 1218 2277 1283; x_wconf 76' lang='lat' dir='ltr'>thar,</span> <span class='ocrx_word' id='word_1_297' title='bbox 2309 1235 2377 1273; x_wconf 77' lang='lat' dir='ltr'>ne</span> <span class='ocrx_word' id='word_1_298' title='bbox 2409 1226 2545 1273; x_wconf 79' lang='lat' dir='ltr'>esset</span> <span class='ocrx_word' id='word_1_299' title='bbox 2594 1217 2842 1272; x_wconf 78' lang='lat' dir='ltr'>sacerdos</span> <span class='ocrx_word' id='word_1_300' title='bbox 2905 1218 3140 1283; x_wconf 83' lang='lat' dir='ltr'>Domini,</span> <span class='ocrx_word' id='word_1_301' title='bbox 3187 1219 3246 1270; x_wconf 81' lang='lat' dir='ltr'>ut</span> <span class='ocrx_word' id='word_1_302' title='bbox 3288 1214 3607 1285; x_wconf 80' lang='lat' dir='ltr'>impleretur</span> <span class='ocrx_word' id='word_1_303' title='bbox 3652 1228 3773 1267; x_wconf 85' lang='lat' dir='ltr'>ver-</span> 
     </span>
    </p>
   </div>
   <div class='ocr_carea' id='block_1_44' title="bbox 2135 1301 3772 1377">
    <p class='ocr_par' dir='ltr' id='par_1_44' title="bbox 2135 1301 3772 1377">
     <span class='ocr_line' id='line_1_44' title="bbox 2135 1301 3772 1377; baseline -0.004 -16"><span class='ocrx_word' id='word_1_304' title='bbox 2135 1306 2262 1361; x_wconf 86' lang='lat' dir='ltr'>bum</span> <span class='ocrx_word' id='word_1_305' title='bbox 2310 1308 2544 1373; x_wconf 78' lang='lat' dir='ltr'>Domini,</span> <span class='ocrx_word' id='word_1_306' title='bbox 2605 1306 2743 1377; x_wconf 84' lang='lat' dir='ltr'>quod</span> <span class='ocrx_word' id='word_1_307' title='bbox 2783 1306 2990 1361; x_wconf 74' lang='lat' dir='ltr'>locutus</span> <span class='ocrx_word' id='word_1_308' title='bbox 3045 1308 3123 1359; x_wconf 80' lang='lat' dir='ltr'>est</span> <span class='ocrx_word' id='word_1_309' title='bbox 3176 1320 3340 1375; x_wconf 76' lang='lat' dir='ltr'>super</span> <span class='ocrx_word' id='word_1_310' title='bbox 3391 1303 3612 1356; x_wconf 87' lang='lat' dir='ltr'>domum</span> <span class='ocrx_word' id='word_1_311' title='bbox 3689 1301 3772 1356; x_wconf 80' lang='lat' dir='ltr'>Eli</span> 
     </span>
    </p>
   </div>
   <div class='ocr_carea' id='block_1_45' title="bbox 2135 1394 2625 1465">
    <p class='ocr_par' dir='ltr' id='par_1_45' title="bbox 2135 1394 2625 1465">
     <span class='ocr_line' id='line_1_45' title="bbox 2135 1394 2625 1465; baseline -0.002 -17"><span class='ocrx_word' id='word_1_312' title='bbox 2135 1394 2229 1465; x_wconf 91' lang='lat' dir='ltr'><strong><em>(III</em></strong></span> <span class='ocrx_word' id='word_1_313' title='bbox 2258 1396 2382 1465; x_wconf 82' lang='lat' dir='ltr'>Reg.</span> <span class='ocrx_word' id='word_1_314' title='bbox 2417 1412 2478 1461; x_wconf 93' lang='grc' dir='ltr'><strong>ιι,</strong></span> <span class='ocrx_word' id='word_1_315' title='bbox 2511 1395 2625 1465; x_wconf 83' lang='lat'>27).</span> 
     </span>
    </p>
   </div>
   <div class='ocr_carea' id='block_1_46' title="bbox 2205 1473 3770 1554">
    <p class='ocr_par' dir='ltr' id='par_1_46' title="bbox 2205 1473 3770 1554">
     <span class='ocr_line' id='line_1_46' title="bbox 2205 1473 3770 1554; baseline -0.002 -18"><span class='ocrx_word' id='word_1_316' title='bbox 2205 1473 2616 1554; x_wconf 65' lang='lat' dir='ltr'>(Vers.33-3t‘i).</span> <span class='ocrx_word' id='word_1_317' title='bbox 2652 1487 3122 1539; x_wconf 83' lang='lat' dir='ltr'>«Verumtamen</span> <span class='ocrx_word' id='word_1_318' title='bbox 3183 1497 3298 1536; x_wconf 90' lang='lat' dir='ltr'>non</span> <span class='ocrx_word' id='word_1_319' title='bbox 3356 1480 3613 1535; x_wconf 86' lang='lat' dir='ltr'>auferam</span> <span class='ocrx_word' id='word_1_320' title='bbox 3673 1494 3770 1550; x_wconf 76' lang='lat' dir='ltr'>pe-</span> 
     </span>
    </p>
   </div>
   <div class='ocr_carea' id='block_1_47' title="bbox 2137 1567 3768 1637">
    <p class='ocr_par' dir='ltr' id='par_1_47' title="bbox 2137 1567 3768 1637">
     <span class='ocr_line' id='line_1_47' title="bbox 2137 1567 3768 1637; baseline -0.004 -10"><span class='ocrx_word' id='word_1_321' title='bbox 2137 1573 2295 1628; x_wconf 91' lang='lat' dir='ltr'>nitus</span> <span class='ocrx_word' id='word_1_322' title='bbox 2324 1574 2515 1629; x_wconf 91' lang='lat' dir='ltr'>virum</span> <span class='ocrx_word' id='word_1_323' title='bbox 2545 1590 2613 1629; x_wconf 84' lang='lat' dir='ltr'>ex</span> <span class='ocrx_word' id='word_1_324' title='bbox 2643 1578 2699 1628; x_wconf 91' lang='lat' dir='ltr'>te</span> <span class='ocrx_word' id='word_1_325' title='bbox 2729 1573 2801 1628; x_wconf 91' lang='lat' dir='ltr'>ab</span> <span class='ocrx_word' id='word_1_326' title='bbox 2834 1572 3003 1628; x_wconf 89' lang='lat' dir='ltr'>altari</span> <span class='ocrx_word' id='word_1_327' title='bbox 3026 1588 3176 1637; x_wconf 90' lang='lat' dir='ltr'>meo,</span> <span class='ocrx_word' id='word_1_328' title='bbox 3211 1575 3276 1625; x_wconf 93' lang='lat' dir='ltr'>ut</span> <span class='ocrx_word' id='word_1_329' title='bbox 3306 1569 3582 1624; x_wconf 86' lang='lat' dir='ltr'>deﬁciant</span> <span class='ocrx_word' id='word_1_330' title='bbox 3621 1567 3768 1623; x_wconf 91' lang='lat' dir='ltr'>oculi</span> 
     </span>
    </p>
   </div>
   <div class='ocr_carea' id='block_1_48' title="bbox 2134 1658 3769 1728">
    <p class='ocr_par' dir='ltr' id='par_1_48' title="bbox 2134 1658 3769 1728">
     <span class='ocr_line' id='line_1_48' title="bbox 2134 1658 3769 1728; baseline -0.002 -12"><span class='ocrx_word' id='word_1_331' title='bbox 2134 1662 2240 1728; x_wconf 91' lang='lat' dir='ltr'>tui,</span> <span class='ocrx_word' id='word_1_332' title='bbox 2275 1668 2331 1718; x_wconf 91' lang='lat' dir='ltr'>et</span> <span class='ocrx_word' id='word_1_333' title='bbox 2361 1664 2620 1718; x_wconf 88' lang='lat' dir='ltr'>tabescat</span> <span class='ocrx_word' id='word_1_334' title='bbox 2653 1661 2852 1717; x_wconf 89' lang='lat' dir='ltr'>anima</span> <span class='ocrx_word' id='word_1_335' title='bbox 2880 1666 3001 1716; x_wconf 88' lang='lat' dir='ltr'>tua.</span> <span class='ocrx_word' id='word_1_336' title='bbox 3038 1683 3064 1711; x_wconf 86' lang='lat'>»</span> <span class='ocrx_word' id='word_1_337' title='bbox 3102 1660 3232 1715; x_wconf 92' lang='lat' dir='ltr'>Ideo</span> <span class='ocrx_word' id='word_1_338' title='bbox 3256 1658 3542 1715; x_wconf 89' lang='lat' dir='ltr'>Dominus</span> <span class='ocrx_word' id='word_1_339' title='bbox 3574 1674 3635 1713; x_wconf 90' lang='lat' dir='ltr'>se</span> <span class='ocrx_word' id='word_1_340' title='bbox 3658 1673 3769 1712; x_wconf 92' lang='lat' dir='ltr'>non</span> 
     </span>
    </p>
   </div>
   <div class='ocr_carea' id='block_1_49' title="bbox 2133 1746 3769 1824">
    <p class='ocr_par' dir='ltr' id='par_1_49' title="bbox 2133 1746 3769 1824">
     <span class='ocr_line' id='line_1_49' title="bbox 2133 1746 3769 1824; baseline -0.004 -17"><span class='ocrx_word' id='word_1_341' title='bbox 2133 1752 2367 1824; x_wconf 85' lang='lat' dir='ltr'>penitus</span> <span class='ocrx_word' id='word_1_342' title='bbox 2392 1752 2727 1807; x_wconf 88' lang='lat' dir='ltr'>ablaturum</span> <span class='ocrx_word' id='word_1_343' title='bbox 2763 1768 2830 1806; x_wconf 86' lang='lat' dir='ltr'>ex</span> <span class='ocrx_word' id='word_1_344' title='bbox 2861 1751 3036 1805; x_wconf 91' lang='lat' dir='ltr'>domo</span> <span class='ocrx_word' id='word_1_345' title='bbox 3084 1749 3166 1804; x_wconf 86' lang='lat' dir='ltr'>Eli</span> <span class='ocrx_word' id='word_1_346' title='bbox 3222 1749 3412 1804; x_wconf 90' lang='lat' dir='ltr'>virum</span> <span class='ocrx_word' id='word_1_347' title='bbox 3471 1748 3542 1803; x_wconf 89' lang='lat' dir='ltr'>ab</span> <span class='ocrx_word' id='word_1_348' title='bbox 3599 1746 3769 1802; x_wconf 86' lang='lat' dir='ltr'>altari</span> 
     </span>
    </p>
   </div>
   <div class='ocr_carea' id='block_1_50' title="bbox 2056 1835 3767 1935">
    <p class='ocr_par' dir='ltr' id='par_1_50' title="bbox 2056 1835 3767 1935">
     <span class='ocr_line' id='line_1_50' title="bbox 2056 1835 3767 1935; baseline -0.002 -39"><span class='ocrx_word' id='word_1_349' title='bbox 2056 1871 2100 1935; x_wconf 81' lang='grc' dir='ltr'><strong>Β</strong></span> <span class='ocrx_word' id='word_1_350' title='bbox 2133 1858 2238 1896; x_wconf 92' lang='lat' dir='ltr'>suo</span> <span class='ocrx_word' id='word_1_351' title='bbox 2269 1841 2428 1906; x_wconf 91' lang='lat' dir='ltr'>dicit,</span> <span class='ocrx_word' id='word_1_352' title='bbox 2464 1846 2528 1897; x_wconf 92' lang='lat' dir='ltr'>ut</span> <span class='ocrx_word' id='word_1_353' title='bbox 2559 1856 2792 1913; x_wconf 87' lang='lat' dir='ltr'>semper</span> <span class='ocrx_word' id='word_1_354' title='bbox 2818 1840 2889 1895; x_wconf 92' lang='lat' dir='ltr'>de</span> <span class='ocrx_word' id='word_1_355' title='bbox 2912 1841 3085 1895; x_wconf 92' lang='lat' dir='ltr'>domo</span> <span class='ocrx_word' id='word_1_356' title='bbox 3144 1837 3226 1893; x_wconf 89' lang='lat' dir='ltr'>Eli</span> <span class='ocrx_word' id='word_1_357' title='bbox 3273 1835 3544 1935; x_wconf 52' lang='lat' dir='ltr'>essetnin</span> <span class='ocrx_word' id='word_1_358' title='bbox 3598 1837 3767 1935; x_wconf 81' lang='lat' dir='ltr'>domo</span> 
     </span>
    </p>
   </div>
   <div class='ocr_carea' id='block_1_51' title="bbox 2128 1925 3777 2002">
    <p class='ocr_par' dir='ltr' id='par_1_51' title="bbox 2128 1925 3777 2002">
     <span class='ocr_line' id='line_1_51' title="bbox 2128 1925 3777 2002; baseline -0.004 -16"><span class='ocrx_word' id='word_1_359' title='bbox 2128 1930 2361 1986; x_wconf 91' lang='lat' dir='ltr'>Domini</span> <span class='ocrx_word' id='word_1_360' title='bbox 2386 1931 2471 1985; x_wconf 92' lang='lat' dir='ltr'>vir</span> <span class='ocrx_word' id='word_1_361' title='bbox 2501 1931 2598 2002; x_wconf 91' lang='lat' dir='ltr'>qui</span> <span class='ocrx_word' id='word_1_362' title='bbox 2642 1930 2700 1985; x_wconf 93' lang='lat' dir='ltr'>in</span> <span class='ocrx_word' id='word_1_363' title='bbox 2734 1929 3018 2000; x_wconf 82' lang='lat' dir='ltr'>dignitate</span> <span class='ocrx_word' id='word_1_364' title='bbox 3047 1926 3358 1984; x_wconf 88' lang='lat' dir='ltr'>sacerdotii</span> <span class='ocrx_word' id='word_1_365' title='bbox 3392 1925 3571 1981; x_wconf 89' lang='lat' dir='ltr'>alium</span> <span class='ocrx_word' id='word_1_366' title='bbox 3633 1925 3777 1980; x_wconf 71' lang='lat' dir='ltr'>sub-&#39;</span> 
     </span>
    </p>
   </div>
   <div class='ocr_carea' id='block_1_52' title="bbox 2130 2014 3769 2088">
    <p class='ocr_par' dir='ltr' id='par_1_52' title="bbox 2130 2014 3769 2088">
     <span class='ocr_line' id='line_1_52' title="bbox 2130 2014 3769 2088; baseline -0.003 -13"><span class='ocrx_word' id='word_1_367' title='bbox 2130 2020 2403 2075; x_wconf 87' lang='lat' dir='ltr'>stitutum</span> <span class='ocrx_word' id='word_1_368' title='bbox 2428 2019 2682 2075; x_wconf 90' lang='lat' dir='ltr'>videret:</span> <span class='ocrx_word' id='word_1_369' title='bbox 2708 2023 2764 2074; x_wconf 90' lang='lat' dir='ltr'>et</span> <span class='ocrx_word' id='word_1_370' title='bbox 2795 2036 2855 2074; x_wconf 88' lang='lat' dir='ltr'>se</span> <span class='ocrx_word' id='word_1_371' title='bbox 2887 2019 3089 2073; x_wconf 87' lang='lat' dir='ltr'>eadem</span> <span class='ocrx_word' id='word_1_372' title='bbox 3150 2016 3429 2088; x_wconf 79' lang='lat' dir='ltr'>dignitate</span> <span class='ocrx_word' id='word_1_373' title='bbox 3487 2014 3769 2087; x_wconf 88' lang='lat' dir='ltr'>privatum</span> 
     </span>
    </p>
   </div>
   <div class='ocr_carea' id='block_1_53' title="bbox 2132 2105 3759 2179">
    <p class='ocr_par' dir='ltr' id='par_1_53' title="bbox 2132 2105 3759 2179">
     <span class='ocr_line' id='line_1_53' title="bbox 2132 2105 3759 2179; baseline -0.004 -15"><span class='ocrx_word' id='word_1_374' title='bbox 2132 2110 2352 2177; x_wconf 90' lang='lat' dir='ltr'>videns,</span> <span class='ocrx_word' id='word_1_375' title='bbox 2385 2109 2536 2165; x_wconf 92' lang='lat' dir='ltr'>oculi</span> <span class='ocrx_word' id='word_1_376' title='bbox 2571 2109 2698 2179; x_wconf 87' lang='lat' dir='ltr'>ejus</span> <span class='ocrx_word' id='word_1_377' title='bbox 2728 2109 3060 2174; x_wconf 77' lang='lat' dir='ltr'>deficerent,</span> <span class='ocrx_word' id='word_1_378' title='bbox 3093 2111 3151 2162; x_wconf 89' lang='lat' dir='ltr'>et</span> <span class='ocrx_word' id='word_1_379' title='bbox 3181 2105 3379 2161; x_wconf 86' lang='lat' dir='ltr'>anima</span> <span class='ocrx_word' id='word_1_380' title='bbox 3424 2105 3759 2161; x_wconf 86' lang='lat' dir='ltr'>tabesceret.</span> 
     </span>
    </p>
   </div>
   <div class='ocr_carea' id='block_1_54' title="bbox 2132 2194 3771 2268">
    <p class='ocr_par' dir='ltr' id='par_1_54' title="bbox 2132 2194 3771 2268">
     <span class='ocr_line' id='line_1_54' title="bbox 2132 2194 3771 2268; baseline -0.004 -14"><span class='ocrx_word' id='word_1_381' title='bbox 2132 2199 2293 2254; x_wconf 87' lang='lat' dir='ltr'>Unde</span> <span class='ocrx_word' id='word_1_382' title='bbox 2315 2202 2371 2254; x_wconf 91' lang='lat' dir='ltr'>et</span> <span class='ocrx_word' id='word_1_383' title='bbox 2400 2200 2459 2254; x_wconf 90' lang='lat' dir='ltr'>in</span> <span class='ocrx_word' id='word_1_384' title='bbox 2494 2198 2993 2268; x_wconf 85' lang='lat' dir='ltr'>subsequentibus</span> <span class='ocrx_word' id='word_1_385' title='bbox 3037 2195 3296 2251; x_wconf 88' lang='lat' dir='ltr'>dicitur:</span> <span class='ocrx_word' id='word_1_386' title='bbox 3357 2217 3384 2243; x_wconf 83' lang='lat'><strong><em>«</em></strong></span> <span class='ocrx_word' id='word_1_387' title='bbox 3445 2194 3652 2250; x_wconf 89' lang='lat' dir='ltr'>Veniat</span> <span class='ocrx_word' id='word_1_388' title='bbox 3708 2198 3771 2249; x_wconf 91' lang='lat' dir='ltr'>ut</span> 
     </span>
    </p>
   </div>
   <div class='ocr_carea' id='block_1_55' title="bbox 2131 2284 3771 2357">
    <p class='ocr_par' dir='ltr' id='par_1_55' title="bbox 2131 2284 3771 2357">
     <span class='ocr_line' id='line_1_55' title="bbox 2131 2284 3771 2357; baseline -0.004 -14"><span class='ocrx_word' id='word_1_389' title='bbox 2131 2290 2330 2345; x_wconf 82' lang='lat' dir='ltr'>adoret</span> <span class='ocrx_word' id='word_1_390' title='bbox 2351 2306 2508 2355; x_wconf 91' lang='lat' dir='ltr'>eum,</span> <span class='ocrx_word' id='word_1_391' title='bbox 2546 2313 2572 2335; x_wconf 78' lang='grc' dir='ltr'><strong>υ</strong></span> <span class='ocrx_word' id='word_1_392' title='bbox 2626 2289 2682 2343; x_wconf 92' lang='lat' dir='ltr'>id</span> <span class='ocrx_word' id='word_1_393' title='bbox 2737 2293 2845 2355; x_wconf 85' lang='lat' dir='ltr'>est,</span> <span class='ocrx_word' id='word_1_394' title='bbox 2889 2287 3249 2342; x_wconf 89' lang='lat' dir='ltr'>sacerdotem</span> <span class='ocrx_word' id='word_1_395' title='bbox 3308 2286 3628 2357; x_wconf 72' lang='lat' dir='ltr'>magnumt</span> <span class='ocrx_word' id='word_1_396' title='bbox 3669 2284 3771 2338; x_wconf 68' lang='lat' dir='ltr'>«et</span> 
     </span>
    </p>
   </div>
   <div class='ocr_carea' id='block_1_56' title="bbox 2131 2364 3767 2449">
    <p class='ocr_par' dir='ltr' id='par_1_56' title="bbox 2131 2364 3767 2449">
     <span class='ocr_line' id='line_1_56' title="bbox 2131 2364 3767 2449; baseline -0.004 -15"><span class='ocrx_word' id='word_1_397' title='bbox 2131 2378 2376 2449; x_wconf 86' lang='lat' dir='ltr'>accipiat</span> <span class='ocrx_word' id='word_1_398' title='bbox 2407 2378 2479 2432; x_wconf 86' lang='lat' dir='ltr'>ab</span> <span class='ocrx_word' id='word_1_399' title='bbox 2522 2394 2587 2431; x_wconf 89' lang='lat' dir='ltr'>eo</span> <span class='ocrx_word' id='word_1_400' title='bbox 2647 2364 2961 2433; x_wconf 53' lang='lat' dir='ltr'>nu’mmum</span> <span class='ocrx_word' id='word_1_401' title='bbox 2992 2378 3013 2410; x_wconf 86' lang='grc'>²</span> <span class='ocrx_word' id='word_1_402' title='bbox 3060 2378 3402 2447; x_wconf 85' lang='lat' dir='ltr'>argenteum</span> <span class='ocrx_word' id='word_1_403' title='bbox 3453 2376 3509 2430; x_wconf 93' lang='lat' dir='ltr'>et</span> <span class='ocrx_word' id='word_1_404' title='bbox 3556 2376 3767 2428; x_wconf 85' lang='lat' dir='ltr'>tortam</span> 
     </span>
    </p>
   </div>
   <div class='ocr_carea' id='block_1_57' title="bbox 2132 2461 3843 2539">
    <p class='ocr_par' dir='ltr' id='par_1_57' title="bbox 2132 2461 3843 2539">
     <span class='ocr_line' id='line_1_57' title="bbox 2132 2461 3843 2539; baseline -0.004 -18"><span class='ocrx_word' id='word_1_405' title='bbox 2132 2467 2319 2539; x_wconf 88' lang='lat' dir='ltr'>panis,</span> <span class='ocrx_word' id='word_1_406' title='bbox 2352 2467 2625 2537; x_wconf 84' lang='lat' dir='ltr'>dicatque</span> <span class='ocrx_word' id='word_1_407' title='bbox 2658 2484 2669 2520; x_wconf 93' lang='lat'><strong>:</strong></span> <span class='ocrx_word' id='word_1_408' title='bbox 2707 2465 2945 2519; x_wconf 83' lang='lat' dir='ltr'>Dimitte</span> <span class='ocrx_word' id='word_1_409' title='bbox 2978 2480 3091 2531; x_wconf 86' lang='lat' dir='ltr'>me,</span> <span class='ocrx_word' id='word_1_410' title='bbox 3142 2465 3401 2531; x_wconf 88' lang='lat' dir='ltr'>obsecro,</span> <span class='ocrx_word' id='word_1_411' title='bbox 3458 2461 3528 2517; x_wconf 88' lang='lat' dir='ltr'>ad</span> <span class='ocrx_word' id='word_1_412' title='bbox 3587 2477 3763 2515; x_wconf 89' lang='lat' dir='ltr'>unam</span> <span class='ocrx_word' id='word_1_413' title='bbox 3836 2524 3843 2529; x_wconf 33' lang='grc' dir='ltr'><strong>ε</strong></span> 
     </span>
    </p>
   </div>
   <div class='ocr_carea' id='block_1_58' title="bbox 2131 2549 3779 2628">
    <p class='ocr_par' dir='ltr' id='par_1_58' title="bbox 2131 2549 3779 2628">
     <span class='ocr_line' id='line_1_58' title="bbox 2131 2549 3779 2628; baseline -0.004 -17"><span class='ocrx_word' id='word_1_414' title='bbox 2131 2560 2358 2628; x_wconf 88' lang='lat' dir='ltr'>partem</span> <span class='ocrx_word' id='word_1_415' title='bbox 2378 2553 2816 2620; x_wconf 87' lang='lat' dir='ltr'>sacerdotalem,</span> <span class='ocrx_word' id='word_1_416' title='bbox 2837 2559 2899 2609; x_wconf 91' lang='lat' dir='ltr'>ut</span> <span class='ocrx_word' id='word_1_417' title='bbox 2910 2554 3209 2609; x_wconf 89' lang='lat' dir='ltr'>comedam</span> <span class='ocrx_word' id='word_1_418' title='bbox 3231 2550 3515 2607; x_wconf 88' lang='lat' dir='ltr'>bucellam</span> <span class='ocrx_word' id='word_1_419' title='bbox 3547 2549 3779 2623; x_wconf 73' lang='lat' dir='ltr'>panier</span> 
     </span>
    </p>
   </div>
   <div class='ocr_carea' id='block_1_59' title="bbox 2203 2639 3772 2717">
    <p class='ocr_par' dir='ltr' id='par_1_59' title="bbox 2203 2639 3772 2717">
     <span class='ocr_line' id='line_1_59' title="bbox 2203 2639 3772 2717; baseline -0.004 -18"><span class='ocrx_word' id='word_1_420' title='bbox 2203 2647 2363 2717; x_wconf 86' lang='lat' dir='ltr'>(Cap.</span> <span class='ocrx_word' id='word_1_421' title='bbox 2400 2644 2586 2699; x_wconf 89' lang='lat' dir='ltr'>Ill.—</span> <span class='ocrx_word' id='word_1_422' title='bbox 2615 2644 2782 2699; x_wconf 82' lang='lat' dir='ltr'>Vers.</span> <span class='ocrx_word' id='word_1_423' title='bbox 2825 2645 2892 2713; x_wconf 88' lang='grc' dir='ltr'>ι).</span> <span class='ocrx_word' id='word_1_424' title='bbox 2930 2666 2957 2692; x_wconf 83' lang='grc'><em>‹‹</em></span> <span class='ocrx_word' id='word_1_425' title='bbox 3006 2642 3071 2696; x_wconf 88' lang='lat' dir='ltr'>Et</span> <span class='ocrx_word' id='word_1_426' title='bbox 3128 2657 3319 2697; x_wconf 88' lang='lat' dir='ltr'>sermo</span> <span class='ocrx_word' id='word_1_427' title='bbox 3368 2639 3598 2695; x_wconf 92' lang='lat' dir='ltr'>Domini</span> <span class='ocrx_word' id='word_1_428' title='bbox 3648 2641 3772 2694; x_wconf 89' lang='lat' dir='ltr'>erat</span> 
     </span>
    </p>
   </div>
   <div class='ocr_carea' id='block_1_60' title="bbox 2133 2727 3771 2806">
    <p class='ocr_par' dir='ltr' id='par_1_60' title="bbox 2133 2727 3771 2806">
     <span class='ocr_line' id='line_1_60' title="bbox 2133 2727 3771 2806; baseline -0.005 -17"><span class='ocrx_word' id='word_1_429' title='bbox 2133 2735 2425 2806; x_wconf 89' lang='lat' dir='ltr'>pretiosus</span> <span class='ocrx_word' id='word_1_430' title='bbox 2455 2733 2510 2788; x_wconf 92' lang='lat' dir='ltr'>in</span> <span class='ocrx_word' id='word_1_431' title='bbox 2546 2733 2752 2788; x_wconf 80' lang='lat' dir='ltr'>diebus</span> <span class='ocrx_word' id='word_1_432' title='bbox 2784 2733 2925 2788; x_wconf 82' lang='lat' dir='ltr'>illis.</span> <span class='ocrx_word' id='word_1_433' title='bbox 2963 2732 3307 2787; x_wconf 79' lang='lat' dir='ltr'>nPretiosus</span> <span class='ocrx_word' id='word_1_434' title='bbox 3345 2729 3577 2794; x_wconf 88' lang='lat' dir='ltr'>dicitur,</span> <span class='ocrx_word' id='word_1_435' title='bbox 3633 2727 3771 2799; x_wconf 91' lang='lat' dir='ltr'>quia</span> 
     </span>
    </p>
   </div>
   <div class='ocr_carea' id='block_1_61' title="bbox 2133 2819 3769 2895">
    <p class='ocr_par' dir='ltr' id='par_1_61' title="bbox 2133 2819 3769 2895">
     <span class='ocr_line' id='line_1_61' title="bbox 2133 2819 3769 2895; baseline -0.006 -17"><span class='ocrx_word' id='word_1_436' title='bbox 2133 2839 2407 2895; x_wconf 90' lang='lat' dir='ltr'>perrarus</span> <span class='ocrx_word' id='word_1_437' title='bbox 2436 2823 2610 2877; x_wconf 50' lang='lat' dir='ltr'>erat“.</span> <span class='ocrx_word' id='word_1_438' title='bbox 2639 2821 2822 2876; x_wconf 89' lang='lat' dir='ltr'>Omne</span> <span class='ocrx_word' id='word_1_439' title='bbox 2849 2819 3005 2875; x_wconf 92' lang='lat' dir='ltr'>enim</span> <span class='ocrx_word' id='word_1_440' title='bbox 3039 2819 3193 2891; x_wconf 92' lang='lat' dir='ltr'>quod</span> <span class='ocrx_word' id='word_1_441' title='bbox 3227 2834 3421 2872; x_wconf 89' lang='lat' dir='ltr'>rarum</span> <span class='ocrx_word' id='word_1_442' title='bbox 3472 2820 3579 2882; x_wconf 89' lang='lat' dir='ltr'>est,</span> <span class='ocrx_word' id='word_1_443' title='bbox 3638 2831 3769 2887; x_wconf 87' lang='lat' dir='ltr'>pre-</span> 
     </span>
    </p>
   </div>
   <div class='ocr_carea' id='block_1_62' title="bbox 2133 2904 3769 2976">
    <p class='ocr_par' dir='ltr' id='par_1_62' title="bbox 2133 2904 3769 2976">
     <span class='ocr_line' id='line_1_62' title="bbox 2133 2904 3769 2976; baseline -0.006 -10"><span class='ocrx_word' id='word_1_444' title='bbox 2133 2911 2348 2966; x_wconf 89' lang='lat' dir='ltr'>tiosum</span> <span class='ocrx_word' id='word_1_445' title='bbox 2384 2915 2490 2965; x_wconf 89' lang='lat' dir='ltr'>est.</span> <span class='ocrx_word' id='word_1_446' title='bbox 2533 2936 2552 2959; x_wconf 79' lang='grc' dir='ltr'><strong><em>α</em></strong></span> <span class='ocrx_word' id='word_1_447' title='bbox 2590 2911 2712 2966; x_wconf 84' lang='grc' dir='ltr'><strong>Νοιι</strong></span> <span class='ocrx_word' id='word_1_448' title='bbox 2746 2916 2869 2965; x_wconf 91' lang='lat' dir='ltr'>erat</span> <span class='ocrx_word' id='word_1_449' title='bbox 2889 2908 3032 2964; x_wconf 90' lang='lat' dir='ltr'>visio</span> <span class='ocrx_word' id='word_1_450' title='bbox 3089 2907 3437 2974; x_wconf 84' lang='lat' dir='ltr'>manifesta;</span> <span class='ocrx_word' id='word_1_451' title='bbox 3477 2904 3615 2976; x_wconf 89' lang='lat' dir='ltr'>quia</span> <span class='ocrx_word' id='word_1_452' title='bbox 3644 2920 3769 2975; x_wconf 86' lang='lat' dir='ltr'>pro-</span> 
     </span>
    </p>
   </div>
   <div class='ocr_carea' id='block_1_63' title="bbox 2135 2996 3205 3071">
    <p class='ocr_par' dir='ltr' id='par_1_63' title="bbox 2135 2996 3205 3071">
     <span class='ocr_line' id='line_1_63' title="bbox 2135 2996 3205 3071; baseline -0.006 -17"><span class='ocrx_word' id='word_1_453' title='bbox 2135 2998 2331 3071; x_wconf 89' lang='lat' dir='ltr'>phetia</span> <span class='ocrx_word' id='word_1_454' title='bbox 2357 3016 2471 3053; x_wconf 89' lang='lat' dir='ltr'>non</span> <span class='ocrx_word' id='word_1_455' title='bbox 2504 2998 2670 3070; x_wconf 88' lang='lat' dir='ltr'>plene</span> <span class='ocrx_word' id='word_1_456' title='bbox 2703 2996 3205 3052; x_wconf 86' lang='lat' dir='ltr'>manifestabatur.</span> 
     </span>
    </p>
   </div>
   <div class='ocr_carea' id='block_1_64' title="bbox 2204 3080 3766 3155">
    <p class='ocr_par' dir='ltr' id='par_1_64' title="bbox 2204 3080 3766 3155">
     <span class='ocr_line' id='line_1_64' title="bbox 2204 3080 3766 3155; baseline -0.003 -17"><span class='ocrx_word' id='word_1_457' title='bbox 2204 3088 2389 3155; x_wconf 84' lang='lat' dir='ltr'>(Vers.</span> <span class='ocrx_word' id='word_1_458' title='bbox 2415 3088 2466 3153; x_wconf 82' lang='lat'>2,</span> <span class='ocrx_word' id='word_1_459' title='bbox 2500 3088 2575 3153; x_wconf 81' lang='lat'>3).</span> <span class='ocrx_word' id='word_1_460' title='bbox 2611 3111 2635 3135; x_wconf 86' lang='grc'>‹‹</span> <span class='ocrx_word' id='word_1_461' title='bbox 2674 3087 2913 3141; x_wconf 85' lang='lat' dir='ltr'>Factum</span> <span class='ocrx_word' id='word_1_462' title='bbox 2947 3090 3035 3140; x_wconf 85' lang='lat' dir='ltr'>est</span> <span class='ocrx_word' id='word_1_463' title='bbox 3064 3101 3196 3139; x_wconf 83' lang='lat' dir='ltr'>vero</span> <span class='ocrx_word' id='word_1_464' title='bbox 3227 3084 3286 3137; x_wconf 91' lang='lat' dir='ltr'>in</span> <span class='ocrx_word' id='word_1_465' title='bbox 3344 3082 3438 3137; x_wconf 90' lang='lat' dir='ltr'>die</span> <span class='ocrx_word' id='word_1_466' title='bbox 3492 3080 3766 3152; x_wconf 88' lang='lat' dir='ltr'>quadam,</span> 
     </span>
    </p>
   </div>
   <div class='ocr_carea' id='block_1_65' title="bbox 2136 3170 3772 3248">
    <p class='ocr_par' dir='ltr' id='par_1_65' title="bbox 2136 3170 3772 3248">
     <span class='ocr_line' id='line_1_65' title="bbox 2136 3170 3772 3248; baseline -0.007 -15"><span class='ocrx_word' id='word_1_467' title='bbox 2136 3177 2216 3233; x_wconf 90' lang='lat' dir='ltr'>Eli</span> <span class='ocrx_word' id='word_1_468' title='bbox 2244 3178 2478 3248; x_wconf 90' lang='lat' dir='ltr'>jacebat</span> <span class='ocrx_word' id='word_1_469' title='bbox 2510 3177 2567 3231; x_wconf 92' lang='lat' dir='ltr'>in</span> <span class='ocrx_word' id='word_1_470' title='bbox 2598 3175 2722 3231; x_wconf 91' lang='lat' dir='ltr'>loco</span> <span class='ocrx_word' id='word_1_471' title='bbox 2756 3192 2862 3231; x_wconf 91' lang='lat' dir='ltr'>suo</span> <span class='ocrx_word' id='word_1_472' title='bbox 2892 3192 2904 3229; x_wconf 90' lang='lat'><strong>:</strong></span> <span class='ocrx_word' id='word_1_473' title='bbox 2930 3180 2985 3230; x_wconf 89' lang='lat' dir='ltr'>et</span> <span class='ocrx_word' id='word_1_474' title='bbox 3014 3172 3164 3230; x_wconf 89' lang='lat' dir='ltr'>oculi</span> <span class='ocrx_word' id='word_1_475' title='bbox 3199 3174 3327 3242; x_wconf 84' lang='lat' dir='ltr'>ejus</span> <span class='ocrx_word' id='word_1_476' title='bbox 3386 3170 3772 3241; x_wconf 86' lang='lat' dir='ltr'>caligaverant</span> 
     </span>
    </p>
   </div>
   <div class='ocr_carea' id='block_1_66' title="bbox 373 3239 3767 3338">
    <p class='ocr_par' dir='ltr' id='par_1_66' title="bbox 373 3239 3767 3338">
     <span class='ocr_line' id='line_1_66' title="bbox 373 3239 3767 3338; baseline -0.002 -20"><span class='ocrx_word' id='word_1_477' title='bbox 373 3267 598 3318; x_wconf 71' lang='lat' dir='ltr'>caetera.</span> <span class='ocrx_word' id='word_1_478' title='bbox 633 3263 797 3318; x_wconf 88' lang='lat' dir='ltr'>Hunc</span> <span class='ocrx_word' id='word_1_479' title='bbox 828 3262 1016 3317; x_wconf 90' lang='lat' dir='ltr'>virum</span> <span class='ocrx_word' id='word_1_480' title='bbox 1049 3262 1170 3331; x_wconf 88' lang='lat' dir='ltr'>Dei,</span> <span class='ocrx_word' id='word_1_481' title='bbox 1200 3263 1385 3317; x_wconf 78' lang='lat' dir='ltr'>Judaei</span> <span class='ocrx_word' id='word_1_482' title='bbox 1418 3261 1665 3318; x_wconf 89' lang='lat' dir='ltr'>Phinees</span> <span class='ocrx_word' id='word_1_483' title='bbox 1695 3239 1901 3319; x_wconf 84' lang='lat' dir='ltr'>dicunt</span> <span class='ocrx_word' id='word_1_484' title='bbox 1923 3266 2018 3336; x_wconf 81' lang='grc' dir='ltr'>((ι);</span> <span class='ocrx_word' id='word_1_485' title='bbox 2055 3239 2096 3305; x_wconf 81' lang='lat' dir='ltr'>C</span> <span class='ocrx_word' id='word_1_486' title='bbox 2136 3239 2525 3338; x_wconf 44' lang='lat' dir='ltr'>necvpoterant</span> <span class='ocrx_word' id='word_1_487' title='bbox 2553 3266 2768 3320; x_wconf 88' lang='lat' dir='ltr'>videre.</span> <span class='ocrx_word' id='word_1_488' title='bbox 2794 3286 2819 3314; x_wconf 87' lang='grc'>›)</span> <span class='ocrx_word' id='word_1_489' title='bbox 2855 3264 2959 3318; x_wconf 86' lang='lat' dir='ltr'>Hic</span> <span class='ocrx_word' id='word_1_490' title='bbox 2988 3262 3142 3318; x_wconf 91' lang='lat' dir='ltr'>enim</span> <span class='ocrx_word' id='word_1_491' title='bbox 3157 3239 3635 3332; x_wconf 80' lang='lat' dir='ltr'>distinguendum</span> <span class='ocrx_word' id='word_1_492' title='bbox 3657 3262 3767 3323; x_wconf 85' lang='lat' dir='ltr'>est,</span> 
     </span>
    </p>
   </div>
   <div class='ocr_carea' id='block_1_67' title="bbox 369 3351 2020 3424">
    <p class='ocr_par' dir='ltr' id='par_1_67' title="bbox 369 3351 2020 3424">
     <span class='ocr_line' id='line_1_67' title="bbox 369 3351 2020 3424; baseline 0.002 -18"><span class='ocrx_word' id='word_1_493' title='bbox 369 3367 546 3424; x_wconf 90' lang='lat' dir='ltr'>quem</span> <span class='ocrx_word' id='word_1_494' title='bbox 580 3356 636 3406; x_wconf 90' lang='lat' dir='ltr'>et</span> <span class='ocrx_word' id='word_1_495' title='bbox 668 3351 848 3406; x_wconf 81' lang='lat' dir='ltr'>Eliam</span> <span class='ocrx_word' id='word_1_496' title='bbox 875 3354 1202 3406; x_wconf 86' lang='lat' dir='ltr'>autumant.</span> <span class='ocrx_word' id='word_1_497' title='bbox 1227 3352 1529 3407; x_wconf 78' lang='lat' dir='ltr'>Revelatus</span> <span class='ocrx_word' id='word_1_498' title='bbox 1565 3369 1696 3408; x_wconf 91' lang='lat' dir='ltr'>vero</span> <span class='ocrx_word' id='word_1_499' title='bbox 1737 3353 2020 3409; x_wconf 89' lang='lat' dir='ltr'>Dominus</span> 
     </span>
    </p>
   </div>
   <div class='ocr_carea' id='block_1_68' title="bbox 372 3440 2017 3512">
    <p class='ocr_par' dir='ltr' id='par_1_68' title="bbox 372 3440 2017 3512">
     <span class='ocr_line' id='line_1_68' title="bbox 372 3440 2017 3512; baseline 0.003 -18"><span class='ocrx_word' id='word_1_500' title='bbox 372 3440 557 3496; x_wconf 87' lang='lat' dir='ltr'>fuisse</span> <span class='ocrx_word' id='word_1_501' title='bbox 579 3440 794 3495; x_wconf 89' lang='lat' dir='ltr'>dicitur</span> <span class='ocrx_word' id='word_1_502' title='bbox 823 3440 1020 3495; x_wconf 91' lang='lat' dir='ltr'>domui</span> <span class='ocrx_word' id='word_1_503' title='bbox 1056 3441 1240 3512; x_wconf 89' lang='lat' dir='ltr'>patris</span> <span class='ocrx_word' id='word_1_504' title='bbox 1270 3443 1419 3511; x_wconf 85' lang='lat' dir='ltr'>ejus,</span> <span class='ocrx_word' id='word_1_505' title='bbox 1472 3441 1527 3495; x_wconf 93' lang='lat' dir='ltr'>id</span> <span class='ocrx_word' id='word_1_506' title='bbox 1588 3448 1679 3497; x_wconf 89' lang='lat' dir='ltr'>est</span> <span class='ocrx_word' id='word_1_507' title='bbox 1711 3444 1921 3511; x_wconf 86' lang='lat' dir='ltr'>Aaron,</span> <span class='ocrx_word' id='word_1_508' title='bbox 1960 3444 2017 3500; x_wconf 92' lang='lat' dir='ltr'>in</span> 
     </span>
    </p>
   </div>
   <div class='ocr_carea' id='block_1_69' title="bbox 368 3530 2018 3588">
    <p class='ocr_par' dir='ltr' id='par_1_69' title="bbox 368 3530 2018 3588">
     <span class='ocr_line' id='line_1_69' title="bbox 368 3530 2018 3588; baseline 0.002 -3"><span class='ocrx_word' id='word_1_509' title='bbox 368 3546 436 3585; x_wconf 91' lang='lat' dir='ltr'>eo</span> <span class='ocrx_word' id='word_1_510' title='bbox 468 3530 592 3586; x_wconf 92' lang='lat' dir='ltr'>loco</span> <span class='ocrx_word' id='word_1_511' title='bbox 625 3531 721 3585; x_wconf 89' lang='lat' dir='ltr'>ubi</span> <span class='ocrx_word' id='word_1_512' title='bbox 755 3531 885 3585; x_wconf 89' lang='lat' dir='ltr'>ait:</span> <span class='ocrx_word' id='word_1_513' title='bbox 939 3531 1087 3585; x_wconf 69' lang='lat' dir='ltr'>Dixit</span> <span class='ocrx_word' id='word_1_514' title='bbox 1138 3532 1289 3585; x_wconf 84' lang='lat' dir='ltr'>enim</span> <span class='ocrx_word' id='word_1_515' title='bbox 1338 3531 1599 3585; x_wconf 77' lang='lat' dir='ltr'>Dominus</span> <span class='ocrx_word' id='word_1_516' title='bbox 1658 3532 1727 3586; x_wconf 79' lang='lat' dir='ltr'>ad</span> <span class='ocrx_word' id='word_1_517' title='bbox 1786 3533 1966 3588; x_wconf 80' lang='lat' dir='ltr'>AarOn</span> <span class='ocrx_word' id='word_1_518' title='bbox 1999 3552 2018 3588; x_wconf 83' lang='grc'>.-</span> 
     </span>
    </p>
   </div>
   <div class='ocr_carea' id='block_1_70' title="bbox 374 3619 2013 3690">
    <p class='ocr_par' dir='ltr' id='par_1_70' title="bbox 374 3619 2013 3690">
     <span class='ocr_line' id='line_1_70' title="bbox 374 3619 2013 3690; baseline 0 -16"><span class='ocrx_word' id='word_1_519' title='bbox 374 3619 513 3675; x_wconf 80' lang='lat' dir='ltr'>Vade</span> <span class='ocrx_word' id='word_1_520' title='bbox 539 3621 594 3675; x_wconf 83' lang='lat' dir='ltr'>in</span> <span class='ocrx_word' id='word_1_521' title='bbox 621 3635 907 3675; x_wconf 82' lang='lat' dir='ltr'>occursum</span> <span class='ocrx_word' id='word_1_522' title='bbox 955 3620 1125 3689; x_wconf 81' lang='lat' dir='ltr'>Moysi</span> <span class='ocrx_word' id='word_1_523' title='bbox 1168 3621 1229 3674; x_wconf 87' lang='lat' dir='ltr'>in</span> <span class='ocrx_word' id='word_1_524' title='bbox 1275 3619 1483 3674; x_wconf 79' lang='lat' dir='ltr'>deserto</span> <span class='ocrx_word' id='word_1_525' title='bbox 1540 3619 1734 3690; x_wconf 71' lang='lat' dir='ltr'>(Exod.</span> <span class='ocrx_word' id='word_1_526' title='bbox 1796 3638 1869 3689; x_wconf 81' lang='lat' dir='ltr'>iv,</span> <span class='ocrx_word' id='word_1_527' title='bbox 1901 3624 2013 3689; x_wconf 86' lang='lat'>27),</span> 
     </span>
    </p>
   </div>
   <div class='ocr_carea' id='block_1_71' title="bbox 366 3707 2015 3779">
    <p class='ocr_par' dir='ltr' id='par_1_71' title="bbox 366 3707 2015 3779">
     <span class='ocr_line' id='line_1_71' title="bbox 366 3707 2015 3779; baseline 0.001 -15"><span class='ocrx_word' id='word_1_528' title='bbox 366 3714 425 3764; x_wconf 91' lang='lat' dir='ltr'>et</span> <span class='ocrx_word' id='word_1_529' title='bbox 454 3715 678 3764; x_wconf 68' lang='lat' dir='ltr'>caetera.</span> <span class='ocrx_word' id='word_1_530' title='bbox 716 3710 774 3763; x_wconf 79' lang='grc' dir='ltr'><strong>Ε.</strong></span> <span class='ocrx_word' id='word_1_531' title='bbox 811 3709 866 3763; x_wconf 93' lang='lat' dir='ltr'>in</span> <span class='ocrx_word' id='word_1_532' title='bbox 903 3708 1007 3763; x_wconf 90' lang='lat' dir='ltr'>hoc</span> <span class='ocrx_word' id='word_1_533' title='bbox 1045 3708 1170 3763; x_wconf 93' lang='lat' dir='ltr'>loco</span> <span class='ocrx_word' id='word_1_534' title='bbox 1218 3707 1474 3779; x_wconf 93' lang='lat' dir='ltr'>primum</span> <span class='ocrx_word' id='word_1_535' title='bbox 1527 3708 1809 3765; x_wconf 88' lang='lat' dir='ltr'>Dominus</span> <span class='ocrx_word' id='word_1_536' title='bbox 1840 3709 1888 3764; x_wconf 92' lang='lat' dir='ltr'>ei</span> <span class='ocrx_word' id='word_1_537' title='bbox 1922 3728 2015 3765; x_wconf 88' lang='lat' dir='ltr'>re-</span> 
     </span>
    </p>
   </div>
   <div class='ocr_carea' id='block_1_72' title="bbox 363 3795 2014 3854">
    <p class='ocr_par' dir='ltr' id='par_1_72' title="bbox 363 3795 2014 3854">
     <span class='ocr_line' id='line_1_72' title="bbox 363 3795 2014 3854; baseline 0.001 -1"><span class='ocrx_word' id='word_1_538' title='bbox 363 3797 592 3853; x_wconf 91' lang='lat' dir='ltr'>velatus</span> <span class='ocrx_word' id='word_1_539' title='bbox 650 3797 881 3852; x_wconf 90' lang='lat' dir='ltr'>dicitur.</span> <span class='ocrx_word' id='word_1_540' title='bbox 935 3796 996 3851; x_wconf 91' lang='lat' dir='ltr'>ln</span> <span class='ocrx_word' id='word_1_541' title='bbox 1038 3795 1399 3852; x_wconf 88' lang='lat' dir='ltr'>sacerdotem</span> <span class='ocrx_word' id='word_1_542' title='bbox 1465 3812 1598 3852; x_wconf 90' lang='lat' dir='ltr'>vero</span> <span class='ocrx_word' id='word_1_543' title='bbox 1681 3796 1897 3852; x_wconf 88' lang='lat' dir='ltr'>electus</span> <span class='ocrx_word' id='word_1_544' title='bbox 1946 3816 2014 3854; x_wconf 87' lang='lat' dir='ltr'>ex</span> 
     </span>
    </p>
   </div>
   <div class='ocr_carea' id='block_1_73' title="bbox 366 3884 2011 3943">
    <p class='ocr_par' dir='ltr' id='par_1_73' title="bbox 366 3884 2011 3943">
     <span class='ocr_line' id='line_1_73' title="bbox 366 3884 2011 3943; baseline -0.001 0"><span class='ocrx_word' id='word_1_545' title='bbox 366 3887 643 3943; x_wconf 91' lang='lat' dir='ltr'>omnibus</span> <span class='ocrx_word' id='word_1_546' title='bbox 675 3886 950 3942; x_wconf 91' lang='lat' dir='ltr'>tribubus</span> <span class='ocrx_word' id='word_1_547' title='bbox 978 3884 1347 3941; x_wconf 81' lang='lat' dir='ltr'>lsraelzsicut</span> <span class='ocrx_word' id='word_1_548' title='bbox 1372 3884 1551 3940; x_wconf 89' lang='lat' dir='ltr'>habes</span> <span class='ocrx_word' id='word_1_549' title='bbox 1574 3886 1627 3939; x_wconf 90' lang='lat' dir='ltr'>in</span> <span class='ocrx_word' id='word_1_550' title='bbox 1656 3886 2011 3942; x_wconf 72' lang='lat' dir='ltr'>ElleSmoth1</span> 
     </span>
    </p>
   </div>
   <div class='ocr_carea' id='block_1_74' title="bbox 361 3974 2009 4048">
    <p class='ocr_par' dir='ltr' id='par_1_74' title="bbox 361 3974 2009 4048">
     <span class='ocr_line' id='line_1_74' title="bbox 361 3974 2009 4048; baseline 0 -15"><span class='ocrx_word' id='word_1_551' title='bbox 361 3980 419 4033; x_wconf 88' lang='lat' dir='ltr'>et</span> <span class='ocrx_word' id='word_1_552' title='bbox 447 3976 506 4031; x_wconf 91' lang='lat' dir='ltr'>in</span> <span class='ocrx_word' id='word_1_553' title='bbox 539 3975 793 4031; x_wconf 78' lang='lat' dir='ltr'>Vaiecra.</span> <span class='ocrx_word' id='word_1_554' title='bbox 827 3976 988 4039; x_wconf 89' lang='lat' dir='ltr'>Quod</span> <span class='ocrx_word' id='word_1_555' title='bbox 1021 3991 1153 4030; x_wconf 91' lang='lat' dir='ltr'>vero</span> <span class='ocrx_word' id='word_1_556' title='bbox 1186 3974 1268 4029; x_wconf 86' lang='lat' dir='ltr'>ait</span> <span class='ocrx_word' id='word_1_557' title='bbox 1299 3990 1313 4029; x_wconf 89' lang='lat'><strong>:</strong></span> <span class='ocrx_word' id='word_1_558' title='bbox 1346 3975 1494 4029; x_wconf 82' lang='lat' dir='ltr'>Venit</span> <span class='ocrx_word' id='word_1_559' title='bbox 1523 3975 1610 4030; x_wconf 82' lang='lat' dir='ltr'>vir</span> <span class='ocrx_word' id='word_1_560' title='bbox 1642 3977 1736 4031; x_wconf 83' lang='lat' dir='ltr'>Dei</span> <span class='ocrx_word' id='word_1_561' title='bbox 1790 3977 1860 4031; x_wconf 83' lang='lat' dir='ltr'>ad</span> <span class='ocrx_word' id='word_1_562' title='bbox 1892 3977 2009 4048; x_wconf 83' lang='lat' dir='ltr'>Eli,</span> 
     </span>
    </p>
   </div>
   <div class='ocr_carea' id='block_1_75' title="bbox 363 4065 2008 4137">
    <p class='ocr_par' dir='ltr' id='par_1_75' title="bbox 363 4065 2008 4137">
     <span class='ocr_line' id='line_1_75' title="bbox 363 4065 2008 4137; baseline 0 -16"><span class='ocrx_word' id='word_1_563' title='bbox 363 4069 421 4121; x_wconf 89' lang='lat' dir='ltr'>et</span> <span class='ocrx_word' id='word_1_564' title='bbox 450 4069 657 4121; x_wconf 66' lang='lat' dir='ltr'>caetera</span> <span class='ocrx_word' id='word_1_565' title='bbox 690 4082 816 4137; x_wconf 67' lang='lat' dir='ltr'>quae</span> <span class='ocrx_word' id='word_1_566' title='bbox 847 4068 1191 4136; x_wconf 85' lang='lat' dir='ltr'>sequantur,</span> <span class='ocrx_word' id='word_1_567' title='bbox 1227 4068 1360 4119; x_wconf 87' lang='lat' dir='ltr'>ante</span> <span class='ocrx_word' id='word_1_568' title='bbox 1392 4066 1623 4135; x_wconf 87' lang='lat' dir='ltr'>tempus</span> <span class='ocrx_word' id='word_1_569' title='bbox 1665 4065 1890 4120; x_wconf 72' lang='lat' dir='ltr'>Eleana:</span> <span class='ocrx_word' id='word_1_570' title='bbox 1921 4067 2008 4121; x_wconf 92' lang='lat' dir='ltr'>di-</span> 
     </span>
    </p>
   </div>
   <div class='ocr_carea' id='block_1_76' title="bbox 357 4151 2006 4223">
    <p class='ocr_par' dir='ltr' id='par_1_76' title="bbox 357 4151 2006 4223">
     <span class='ocr_line' id='line_1_76' title="bbox 357 4151 2006 4223; baseline 0.002 -15"><span class='ocrx_word' id='word_1_571' title='bbox 357 4159 452 4209; x_wconf 90' lang='lat' dir='ltr'>cta</span> <span class='ocrx_word' id='word_1_572' title='bbox 481 4153 665 4208; x_wconf 88' lang='lat' dir='ltr'>fuisse</span> <span class='ocrx_word' id='word_1_573' title='bbox 688 4153 1081 4219; x_wconf 87' lang='lat' dir='ltr'>arbitrantur;</span> <span class='ocrx_word' id='word_1_574' title='bbox 1112 4152 1213 4207; x_wconf 88' lang='lat' dir='ltr'>sed</span> <span class='ocrx_word' id='word_1_575' title='bbox 1244 4152 1339 4207; x_wconf 90' lang='lat' dir='ltr'>hic</span> <span class='ocrx_word' id='word_1_576' title='bbox 1370 4152 1442 4206; x_wconf 90' lang='lat' dir='ltr'>ob</span> <span class='ocrx_word' id='word_1_577' title='bbox 1482 4151 1727 4223; x_wconf 85' lang='lat' dir='ltr'>gloriam</span> <span class='ocrx_word' id='word_1_578' title='bbox 1762 4160 2006 4212; x_wconf 87' lang='lat' dir='ltr'>Samue-</span> 
     </span>
    </p>
   </div>
   <div class='ocr_carea' id='block_1_77' title="bbox 355 4241 1128 4314">
    <p class='ocr_par' dir='ltr' id='par_1_77' title="bbox 355 4241 1128 4314">
     <span class='ocr_line' id='line_1_77' title="bbox 355 4241 1128 4314; baseline -0.004 -16"><span class='ocrx_word' id='word_1_579' title='bbox 355 4242 429 4299; x_wconf 89' lang='lat' dir='ltr'>lis</span> <span class='ocrx_word' id='word_1_580' title='bbox 454 4242 801 4314; x_wconf 84' lang='lat' dir='ltr'>interposita</span> <span class='ocrx_word' id='word_1_581' title='bbox 831 4241 1128 4297; x_wconf 89' lang='lat' dir='ltr'>dicuntur.</span> 
     </span>
    </p>
   </div>
   <div class='ocr_carea' id='block_1_78' title="bbox 426 4328 2004 4405">
    <p class='ocr_par' dir='ltr' id='par_1_78' title="bbox 426 4328 2004 4405">
     <span class='ocr_line' id='line_1_78' title="bbox 426 4328 2004 4405; baseline 0.001 -19"><span class='ocrx_word' id='word_1_582' title='bbox 426 4332 720 4405; x_wconf 82' lang='lat' dir='ltr'>(Vers.31,</span> <span class='ocrx_word' id='word_1_583' title='bbox 753 4332 866 4403; x_wconf 79' lang='lat'>3&#39;2).</span> <span class='ocrx_word' id='word_1_584' title='bbox 895 4352 923 4379; x_wconf 88' lang='lat'><strong>«</strong></span> <span class='ocrx_word' id='word_1_585' title='bbox 956 4330 1096 4385; x_wconf 90' lang='lat' dir='ltr'>Ecce</span> <span class='ocrx_word' id='word_1_586' title='bbox 1118 4328 1242 4385; x_wconf 90' lang='lat' dir='ltr'>dies</span> <span class='ocrx_word' id='word_1_587' title='bbox 1288 4330 1540 4399; x_wconf 89' lang='lat' dir='ltr'>venient,</span> <span class='ocrx_word' id='word_1_588' title='bbox 1598 4332 2004 4404; x_wconf 42' lang='lat' dir='ltr'>et&#39;praacidam</span> 
     </span>
    </p>
   </div>
   <div class='ocr_carea' id='block_1_79' title="bbox 424 4453 2001 4525">
    <p class='ocr_par' dir='ltr' id='par_1_79' title="bbox 424 4453 2001 4525">
     <span class='ocr_line' id='line_1_79' title="bbox 424 4453 2001 4525; baseline 0 -13"><span class='ocrx_word' id='word_1_589' title='bbox 424 4458 439 4491; x_wconf 87' lang='grc'>¹</span> <span class='ocrx_word' id='word_1_590' title='bbox 469 4456 589 4512; x_wconf 86' lang='lat' dir='ltr'>Elle</span> <span class='ocrx_word' id='word_1_591' title='bbox 617 4456 824 4525; x_wconf 85' lang='lat' dir='ltr'>Smoth,</span> <span class='ocrx_word' id='word_1_592' title='bbox 854 4454 1008 4525; x_wconf 83' lang='lat' dir='ltr'>apud</span> <span class='ocrx_word' id='word_1_593' title='bbox 1042 4453 1313 4507; x_wconf 73' lang='lat' dir='ltr'>IIebrreos</span> <span class='ocrx_word' id='word_1_594' title='bbox 1337 4461 1575 4509; x_wconf 86' lang='lat' dir='ltr'>vocatur</span> <span class='ocrx_word' id='word_1_595' title='bbox 1606 4454 1751 4510; x_wconf 88' lang='lat' dir='ltr'>liber</span> <span class='ocrx_word' id='word_1_596' title='bbox 1800 4457 2001 4525; x_wconf 78' lang='lat' dir='ltr'>Exodi,</span> 
     </span>
    </p>
   </div>
   <div class='ocr_carea' id='block_1_80' title="bbox 355 4525 1999 4599">
    <p class='ocr_par' dir='ltr' id='par_1_80' title="bbox 355 4525 1999 4599">
     <span class='ocr_line' id='line_1_80' title="bbox 355 4525 1999 4599; baseline 0.001 -16"><span class='ocrx_word' id='word_1_597' title='bbox 355 4528 497 4599; x_wconf 91' lang='lat' dir='ltr'>quia</span> <span class='ocrx_word' id='word_1_598' title='bbox 529 4527 738 4598; x_wconf 88' lang='lat' dir='ltr'>incipit</span> <span class='ocrx_word' id='word_1_599' title='bbox 767 4529 841 4581; x_wconf 89' lang='lat' dir='ltr'>ab</span> <span class='ocrx_word' id='word_1_600' title='bbox 873 4525 990 4580; x_wconf 91' lang='lat' dir='ltr'>illis</span> <span class='ocrx_word' id='word_1_601' title='bbox 1020 4525 1231 4590; x_wconf 86' lang='lat' dir='ltr'>verbis,</span> <span class='ocrx_word' id='word_1_602' title='bbox 1279 4527 1397 4579; x_wconf 70' lang='lat' dir='ltr'>Haec</span> <span class='ocrx_word' id='word_1_603' title='bbox 1425 4532 1552 4581; x_wconf 75' lang='lat' dir='ltr'>sunt</span> <span class='ocrx_word' id='word_1_604' title='bbox 1590 4529 1835 4597; x_wconf 69' lang='lat' dir='ltr'>nomine,</span> <span class='ocrx_word' id='word_1_605' title='bbox 1891 4536 1999 4584; x_wconf 86' lang='lat' dir='ltr'>etc.</span> 
     </span>
    </p>
   </div>
   <div class='ocr_carea' id='block_1_81' title="bbox 2131 3344 3771 3426">
    <p class='ocr_par' dir='ltr' id='par_1_81' title="bbox 2131 3344 3771 3426">
     <span class='ocr_line' id='line_1_81' title="bbox 2131 3344 3771 3426; baseline -0.005 -16"><span class='ocrx_word' id='word_1_606' title='bbox 2131 3360 2187 3410; x_wconf 91' lang='lat' dir='ltr'>et</span> <span class='ocrx_word' id='word_1_607' title='bbox 2218 3360 2418 3426; x_wconf 86' lang='lat' dir='ltr'>postea</span> <span class='ocrx_word' id='word_1_608' title='bbox 2449 3355 2820 3409; x_wconf 79' lang='lat' dir='ltr'>inferendum</span> <span class='ocrx_word' id='word_1_609' title='bbox 2857 3370 2868 3408; x_wconf 96' lang='lat'>:</span> <span class='ocrx_word' id='word_1_610' title='bbox 2906 3377 2932 3403; x_wconf 84' lang='lat'><strong>«</strong></span> <span class='ocrx_word' id='word_1_611' title='bbox 2959 3354 3025 3407; x_wconf 90' lang='lat' dir='ltr'>Et</span> <span class='ocrx_word' id='word_1_612' title='bbox 3050 3357 3363 3423; x_wconf 88' lang='lat' dir='ltr'>antequam</span> <span class='ocrx_word' id='word_1_613' title='bbox 3393 3349 3630 3404; x_wconf 89' lang='lat' dir='ltr'>lucerna</span> <span class='ocrx_word' id='word_1_614' title='bbox 3669 3344 3771 3402; x_wconf 87' lang='lat' dir='ltr'>Dei</span> 
     </span>
    </p>
   </div>
   <div class='ocr_carea' id='block_1_82' title="bbox 2129 3434 3767 3516">
    <p class='ocr_par' dir='ltr' id='par_1_82' title="bbox 2129 3434 3767 3516">
     <span class='ocr_line' id='line_1_82' title="bbox 2129 3434 3767 3516; baseline -0.006 -17"><span class='ocrx_word' id='word_1_615' title='bbox 2129 3440 2853 3516; x_wconf 85' lang='lat' dir='ltr'>exstingueretur,Samuel</span> <span class='ocrx_word' id='word_1_616' title='bbox 2879 3446 3072 3496; x_wconf 87' lang='lat' dir='ltr'>autem</span> <span class='ocrx_word' id='word_1_617' title='bbox 3105 3439 3431 3495; x_wconf 89' lang='lat' dir='ltr'>dormiebat</span> <span class='ocrx_word' id='word_1_618' title='bbox 3464 3437 3523 3492; x_wconf 93' lang='lat' dir='ltr'>in</span> <span class='ocrx_word' id='word_1_619' title='bbox 3553 3434 3767 3507; x_wconf 92' lang='lat' dir='ltr'>templo</span> 
     </span>
    </p>
   </div>
   <div class='ocr_carea' id='block_1_83' title="bbox 2130 3524 3769 3599">
    <p class='ocr_par' dir='ltr' id='par_1_83' title="bbox 2130 3524 3769 3599">
     <span class='ocr_line' id='line_1_83' title="bbox 2130 3524 3769 3599; baseline -0.006 -11"><span class='ocrx_word' id='word_1_620' title='bbox 2130 3534 2379 3597; x_wconf 85' lang='lat' dir='ltr'>Domini,</span> <span class='ocrx_word' id='word_1_621' title='bbox 2414 3532 2511 3587; x_wconf 92' lang='lat' dir='ltr'>ubi</span> <span class='ocrx_word' id='word_1_622' title='bbox 2538 3537 2660 3587; x_wconf 90' lang='lat' dir='ltr'>erat</span> <span class='ocrx_word' id='word_1_623' title='bbox 2691 3548 2823 3586; x_wconf 87' lang='lat' dir='ltr'>arca</span> <span class='ocrx_word' id='word_1_624' title='bbox 2854 3531 2979 3585; x_wconf 92' lang='lat' dir='ltr'>Dei.</span> <span class='ocrx_word' id='word_1_625' title='bbox 3024 3553 3050 3577; x_wconf 91' lang='grc'><strong>››</strong></span> <span class='ocrx_word' id='word_1_626' title='bbox 3104 3527 3351 3599; x_wconf 83' lang='lat' dir='ltr'>lntelligi</span> <span class='ocrx_word' id='word_1_627' title='bbox 3408 3531 3602 3581; x_wconf 88' lang='lat' dir='ltr'>autem</span> <span class='ocrx_word' id='word_1_628' title='bbox 3659 3524 3769 3579; x_wconf 93' lang='lat' dir='ltr'>hoc</span> 
     </span>
    </p>
   </div>
   <div class='ocr_carea' id='block_1_84' title="bbox 2127 3614 3767 3691">
    <p class='ocr_par' dir='ltr' id='par_1_84' title="bbox 2127 3614 3767 3691">
     <span class='ocr_line' id='line_1_84' title="bbox 2127 3614 3767 3691; baseline -0.006 -15"><span class='ocrx_word' id='word_1_629' title='bbox 2127 3623 2300 3676; x_wconf 90' lang='lat' dir='ltr'>modo</span> <span class='ocrx_word' id='word_1_630' title='bbox 2333 3621 2522 3676; x_wconf 86' lang='lat' dir='ltr'>debet.</span> <span class='ocrx_word' id='word_1_631' title='bbox 2559 3621 2627 3675; x_wconf 89' lang='lat' dir='ltr'>Et</span> <span class='ocrx_word' id='word_1_632' title='bbox 2647 3625 2960 3691; x_wconf 86' lang='lat' dir='ltr'>antequam</span> <span class='ocrx_word' id='word_1_633' title='bbox 2996 3618 3231 3674; x_wconf 90' lang='lat' dir='ltr'>lucerna</span> <span class='ocrx_word' id='word_1_634' title='bbox 3283 3616 3381 3672; x_wconf 93' lang='lat' dir='ltr'>Dei</span> <span class='ocrx_word' id='word_1_635' title='bbox 3440 3614 3767 3685; x_wconf 82' lang='lat' dir='ltr'>exstingue-</span> 
     </span>
    </p>
   </div>
   <div class='ocr_carea' id='block_1_85' title="bbox 2126 3703 3765 3780">
    <p class='ocr_par' dir='ltr' id='par_1_85' title="bbox 2126 3703 3765 3780">
     <span class='ocr_line' id='line_1_85' title="bbox 2126 3703 3765 3780; baseline -0.005 -15"><span class='ocrx_word' id='word_1_636' title='bbox 2126 3716 2304 3777; x_wconf 77' lang='lat' dir='ltr'>retur,</span> <span class='ocrx_word' id='word_1_637' title='bbox 2332 3708 2633 3780; x_wconf 86' lang='lat' dir='ltr'>intemplo</span> <span class='ocrx_word' id='word_1_638' title='bbox 2665 3708 2919 3777; x_wconf 85' lang='lat' dir='ltr'>Domini,</span> <span class='ocrx_word' id='word_1_639' title='bbox 2981 3706 3077 3761; x_wconf 93' lang='lat' dir='ltr'>ubi</span> <span class='ocrx_word' id='word_1_640' title='bbox 3134 3710 3257 3761; x_wconf 88' lang='lat' dir='ltr'>erat</span> <span class='ocrx_word' id='word_1_641' title='bbox 3312 3722 3447 3760; x_wconf 87' lang='lat' dir='ltr'>arca</span> <span class='ocrx_word' id='word_1_642' title='bbox 3496 3703 3614 3769; x_wconf 91' lang='lat' dir='ltr'>Dei,</span> <span class='ocrx_word' id='word_1_643' title='bbox 3671 3706 3765 3757; x_wconf 77' lang='lat' dir='ltr'>Sa~</span> 
     </span>
    </p>
   </div>
   <div class='ocr_carea' id='block_1_86' title="bbox 2126 3793 3769 3866">
    <p class='ocr_par' dir='ltr' id='par_1_86' title="bbox 2126 3793 3769 3866">
     <span class='ocr_line' id='line_1_86' title="bbox 2126 3793 3769 3866; baseline -0.006 -12"><span class='ocrx_word' id='word_1_644' title='bbox 2126 3798 2279 3854; x_wconf 90' lang='lat' dir='ltr'>muel</span> <span class='ocrx_word' id='word_1_645' title='bbox 2312 3798 2656 3853; x_wconf 87' lang='lat' dir='ltr'>dormiebat.</span> <span class='ocrx_word' id='word_1_646' title='bbox 2692 3798 2851 3863; x_wconf 88' lang='lat' dir='ltr'>Quod</span> <span class='ocrx_word' id='word_1_647' title='bbox 2884 3812 3016 3851; x_wconf 91' lang='lat' dir='ltr'>vero</span> <span class='ocrx_word' id='word_1_648' title='bbox 3048 3796 3129 3851; x_wconf 90' lang='lat' dir='ltr'>ait</span> <span class='ocrx_word' id='word_1_649' title='bbox 3161 3812 3174 3851; x_wconf 87' lang='lat'>:</span> <span class='ocrx_word' id='word_1_650' title='bbox 3209 3796 3506 3866; x_wconf 76' lang='lat' dir='ltr'>Antequam</span> <span class='ocrx_word' id='word_1_651' title='bbox 3544 3793 3769 3847; x_wconf 81' lang='lat' dir='ltr'>lucerna</span> 
     </span>
    </p>
   </div>
   <div class='ocr_carea' id='block_1_87' title="bbox 2125 3880 3767 3957">
    <p class='ocr_par' dir='ltr' id='par_1_87' title="bbox 2125 3880 3767 3957">
     <span class='ocr_line' id='line_1_87' title="bbox 2125 3880 3767 3957; baseline -0.005 -14"><span class='ocrx_word' id='word_1_652' title='bbox 2125 3890 2219 3944; x_wconf 85' lang='lat' dir='ltr'>Dei</span> <span class='ocrx_word' id='word_1_653' title='bbox 2245 3891 2716 3957; x_wconf 64' lang='lat' dir='ltr'>exstingueret-ur,</span> <span class='ocrx_word' id='word_1_654' title='bbox 2750 3886 2996 3957; x_wconf 80' lang='lat' dir='ltr'>intelligi</span> <span class='ocrx_word' id='word_1_655' title='bbox 3027 3889 3270 3957; x_wconf 76' lang='lat' dir='ltr'>oportet,</span> <span class='ocrx_word' id='word_1_656' title='bbox 3321 3887 3632 3953; x_wconf 89' lang='lat' dir='ltr'>antequam</span> <span class='ocrx_word' id='word_1_657' title='bbox 3667 3880 3767 3936; x_wconf 86' lang='lat' dir='ltr'>lux</span> 
     </span>
    </p>
   </div>
   <div class='ocr_carea' id='block_1_88' title="bbox 2121 3969 3765 4048">
    <p class='ocr_par' dir='ltr' id='par_1_88' title="bbox 2121 3969 3765 4048">
     <span class='ocr_line' id='line_1_88' title="bbox 2121 3969 3765 4048; baseline -0.005 -16"><span class='ocrx_word' id='word_1_658' title='bbox 2121 3977 2332 4032; x_wconf 88' lang='lat' dir='ltr'>diurna</span> <span class='ocrx_word' id='word_1_659' title='bbox 2364 3979 2557 4032; x_wconf 85' lang='lat' dir='ltr'>ﬁeret:</span> <span class='ocrx_word' id='word_1_660' title='bbox 2590 3977 2825 4048; x_wconf 90' lang='lat' dir='ltr'>quando</span> <span class='ocrx_word' id='word_1_661' title='bbox 2858 3975 3062 4030; x_wconf 87' lang='lat' dir='ltr'>eadem</span> <span class='ocrx_word' id='word_1_662' title='bbox 3078 3972 3502 4045; x_wconf 83' lang='lat' dir='ltr'>exstinguenda</span> <span class='ocrx_word' id='word_1_663' title='bbox 3521 3974 3645 4026; x_wconf 89' lang='lat' dir='ltr'>erat</span> <span class='ocrx_word' id='word_1_664' title='bbox 3672 3969 3765 4025; x_wconf 88' lang='lat' dir='ltr'>lu-</span> 
     </span>
    </p>
   </div>
   <div class='ocr_carea' id='block_1_89' title="bbox 2120 4062 3759 4134">
    <p class='ocr_par' dir='ltr' id='par_1_89' title="bbox 2120 4062 3759 4134">
     <span class='ocr_line' id='line_1_89' title="bbox 2120 4062 3759 4134; baseline -0.006 -12"><span class='ocrx_word' id='word_1_665' title='bbox 2120 4084 2310 4123; x_wconf 89' lang='lat' dir='ltr'>cerna.</span> <span class='ocrx_word' id='word_1_666' title='bbox 2344 4067 2437 4122; x_wconf 87' lang='lat' dir='ltr'>Sic</span> <span class='ocrx_word' id='word_1_667' title='bbox 2463 4066 2618 4121; x_wconf 90' lang='lat' dir='ltr'>enim</span> <span class='ocrx_word' id='word_1_668' title='bbox 2651 4084 2684 4121; x_wconf 90' lang='lat' dir='ltr'>a</span> <span class='ocrx_word' id='word_1_669' title='bbox 2716 4065 2961 4119; x_wconf 92' lang='lat' dir='ltr'>Domino</span> <span class='ocrx_word' id='word_1_670' title='bbox 2995 4080 3095 4134; x_wconf 92' lang='lat' dir='ltr'>per</span> <span class='ocrx_word' id='word_1_671' title='bbox 3112 4062 3595 4134; x_wconf 81' lang='lat' dir='ltr'>Moysenjussum</span> <span class='ocrx_word' id='word_1_672' title='bbox 3613 4063 3759 4124; x_wconf 89' lang='lat' dir='ltr'>erat,</span> 
     </span>
    </p>
   </div>
   <div class='ocr_carea' id='block_1_90' title="bbox 2120 4147 3763 4224">
    <p class='ocr_par' dir='ltr' id='par_1_90' title="bbox 2120 4147 3763 4224">
     <span class='ocr_line' id='line_1_90' title="bbox 2120 4147 3763 4224; baseline -0.007 -13"><span class='ocrx_word' id='word_1_673' title='bbox 2120 4161 2183 4211; x_wconf 93' lang='lat' dir='ltr'>ut</span> <span class='ocrx_word' id='word_1_674' title='bbox 2213 4157 2415 4211; x_wconf 89' lang='lat' dir='ltr'>eadem</span> <span class='ocrx_word' id='word_1_675' title='bbox 2447 4154 2667 4210; x_wconf 88' lang='lat' dir='ltr'>luceret</span> <span class='ocrx_word' id='word_1_676' title='bbox 2699 4170 2886 4224; x_wconf 89' lang='lat' dir='ltr'>usque</span> <span class='ocrx_word' id='word_1_677' title='bbox 2918 4169 3088 4207; x_wconf 88' lang='lat' dir='ltr'>mane</span> <span class='ocrx_word' id='word_1_678' title='bbox 3123 4168 3135 4206; x_wconf 93' lang='lat'>:</span> <span class='ocrx_word' id='word_1_679' title='bbox 3164 4150 3422 4206; x_wconf 89' lang='lat' dir='ltr'>sicutest</span> <span class='ocrx_word' id='word_1_680' title='bbox 3442 4147 3585 4203; x_wconf 89' lang='lat' dir='ltr'>illud</span> <span class='ocrx_word' id='word_1_681' title='bbox 3622 4147 3763 4202; x_wconf 83' lang='lat' dir='ltr'>Exo-</span> 
     </span>
    </p>
   </div>
   <div class='ocr_carea' id='block_1_91' title="bbox 2116 4236 3763 4316">
    <p class='ocr_par' dir='ltr' id='par_1_91' title="bbox 2116 4236 3763 4316">
     <span class='ocr_line' id='line_1_91' title="bbox 2116 4236 3763 4316; baseline -0.006 -16"><span class='ocrx_word' id='word_1_682' title='bbox 2116 4246 2171 4300; x_wconf 93' lang='lat' dir='ltr'>di</span> <span class='ocrx_word' id='word_1_683' title='bbox 2207 4246 2314 4316; x_wconf 84' lang='lat' dir='ltr'>(c):</span> <span class='ocrx_word' id='word_1_684' title='bbox 2353 4245 2617 4315; x_wconf 65' lang='lat' dir='ltr'>Przecipe,</span> <span class='ocrx_word' id='word_1_685' title='bbox 2650 4243 2731 4298; x_wconf 87' lang='lat' dir='ltr'>ait</span> <span class='ocrx_word' id='word_1_686' title='bbox 2766 4242 3065 4310; x_wconf 88' lang='lat' dir='ltr'>Dominus,</span> <span class='ocrx_word' id='word_1_687' title='bbox 3121 4240 3254 4310; x_wconf 79' lang='lat' dir='ltr'>ﬁliis</span> <span class='ocrx_word' id='word_1_688' title='bbox 3301 4238 3479 4294; x_wconf 74' lang='lat' dir='ltr'>Israel</span> <span class='ocrx_word' id='word_1_689' title='bbox 3516 4245 3577 4293; x_wconf 87' lang='lat' dir='ltr'>ut</span> <span class='ocrx_word' id='word_1_690' title='bbox 3621 4236 3763 4307; x_wconf 64' lang='grc' dir='ltr'>απε-</span> 
     </span>
    </p>
   </div>
   <div class='ocr_carea' id='block_1_92' title="bbox 2114 4327 3785 4399">
    <p class='ocr_par' dir='ltr' id='par_1_92' title="bbox 2114 4327 3785 4399">
     <span class='ocr_line' id='line_1_92' title="bbox 2114 4327 3785 4399; baseline -0.007 -10"><span class='ocrx_word' id='word_1_691' title='bbox 2114 4338 2245 4389; x_wconf 87' lang='lat' dir='ltr'>rant</span> <span class='ocrx_word' id='word_1_692' title='bbox 2271 4335 2378 4389; x_wconf 81' lang='lat' dir='ltr'>tibi</span> <span class='ocrx_word' id='word_1_693' title='bbox 2404 4334 2584 4388; x_wconf 84' lang='lat' dir='ltr'>oleum</span> <span class='ocrx_word' id='word_1_694' title='bbox 2625 4332 2690 4387; x_wconf 85' lang='lat' dir='ltr'>de</span> <span class='ocrx_word' id='word_1_695' title='bbox 2736 4330 3024 4387; x_wconf 73' lang='lat' dir='ltr'>arboribus</span> <span class='ocrx_word' id='word_1_696' title='bbox 3080 4330 3351 4385; x_wconf 79' lang='lat' dir='ltr'>olivarum</span> <span class='ocrx_word' id='word_1_697' title='bbox 3404 4327 3785 4399; x_wconf 74' lang='lat' dir='ltr'>purissimum-</span> 
     </span>
    </p>
   </div>
   <div class='ocr_carea' id='block_1_93' title="bbox 2118 4449 3765 4530">
    <p class='ocr_par' dir='ltr' id='par_1_93' title="bbox 2118 4449 3765 4530">
     <span class='ocr_line' id='line_1_93' title="bbox 2118 4449 3765 4530; baseline -0.005 -18"><span class='ocrx_word' id='word_1_698' title='bbox 2118 4463 2279 4530; x_wconf 88' lang='lat' dir='ltr'>ptum</span> <span class='ocrx_word' id='word_1_699' title='bbox 2309 4474 2437 4511; x_wconf 80' lang='lat' dir='ltr'>esse</span> <span class='ocrx_word' id='word_1_700' title='bbox 2470 4457 2652 4511; x_wconf 83' lang='lat' dir='ltr'>veniat</span> <span class='ocrx_word' id='word_1_701' title='bbox 2684 4464 2742 4510; x_wconf 87' lang='lat' dir='ltr'>ut</span> <span class='ocrx_word' id='word_1_702' title='bbox 2772 4454 2959 4510; x_wconf 76' lang='lat' dir='ltr'>adoret</span> <span class='ocrx_word' id='word_1_703' title='bbox 3007 4470 3152 4522; x_wconf 85' lang='lat' dir='ltr'>eum,</span> <span class='ocrx_word' id='word_1_704' title='bbox 3221 4460 3273 4530; x_wconf 74' lang='lat' dir='ltr'>et</span> <span class='ocrx_word' id='word_1_705' title='bbox 3291 4452 3559 4530; x_wconf 60' lang='grc' dir='ltr'>⁸αιςςὶρξιιι</span> <span class='ocrx_word' id='word_1_706' title='bbox 3610 4449 3677 4504; x_wconf 76' lang='lat' dir='ltr'>at:</span> <span class='ocrx_word' id='word_1_707' title='bbox 3702 4464 3765 4503; x_wconf 82' lang='lat' dir='ltr'>eo</span> 
     </span>
    </p>
   </div>
   <div class='ocr_carea' id='block_1_94' title="bbox 2117 4522 3766 4596">
    <p class='ocr_par' dir='ltr' id='par_1_94' title="bbox 2117 4522 3766 4596">
     <span class='ocr_line' id='line_1_94' title="bbox 2117 4522 3766 4596; baseline -0.005 -13"><span class='ocrx_word' id='word_1_708' title='bbox 2117 4522 2425 4594; x_wconf 66' lang='lat' dir='ltr'>nummum,</span> <span class='ocrx_word' id='word_1_709' title='bbox 2458 4533 2564 4581; x_wconf 91' lang='lat' dir='ltr'>etc.</span> <span class='ocrx_word' id='word_1_710' title='bbox 2598 4530 2721 4592; x_wconf 85' lang='lat' dir='ltr'>Quo</span> <span class='ocrx_word' id='word_1_711' title='bbox 2752 4530 3097 4596; x_wconf 84' lang='lat' dir='ltr'>argumento</span> <span class='ocrx_word' id='word_1_712' title='bbox 3122 4522 3766 4596; x_wconf 65' lang='lat' dir='ltr'>trianifestiSsimecom-</span> 
     </span>
    </p>
   </div>
   <div class='ocr_carea' id='block_1_95' title="bbox 349 4591 3762 4676">
    <p class='ocr_par' dir='ltr' id='par_1_95' title="bbox 349 4591 3762 4676">
     <span class='ocr_line' id='line_1_95' title="bbox 349 4591 3762 4676; baseline -0.003 -22"><span class='ocrx_word' id='word_1_713' title='bbox 349 4591 633 4676; x_wconf 65' lang='lat' dir='ltr'>Similiter</span> <span class='ocrx_word' id='word_1_714' title='bbox 653 4591 893 4676; x_wconf 60' lang='lat' dir='ltr'>Exodus</span> <span class='ocrx_word' id='word_1_715' title='bbox 915 4601 1154 4676; x_wconf 78' lang='lat' dir='ltr'>vocatur</span> <span class='ocrx_word' id='word_1_716' title='bbox 1188 4598 1444 4676; x_wconf 60' lang='lat' dir='ltr'>Vincere,</span> <span class='ocrx_word' id='word_1_717' title='bbox 1474 4598 1526 4652; x_wconf 92' lang='lat' dir='ltr'>id</span> <span class='ocrx_word' id='word_1_718' title='bbox 1561 4604 1650 4652; x_wconf 88' lang='lat' dir='ltr'>est</span> <span class='ocrx_word' id='word_1_719' title='bbox 1676 4601 1740 4653; x_wconf 84' lang='lat' dir='ltr'>Et</span> <span class='ocrx_word' id='word_1_720' title='bbox 1760 4591 2000 4676; x_wconf 70' lang='lat' dir='ltr'>uocauit;</span> <span class='ocrx_word' id='word_1_721' title='bbox 2040 4614 2082 4676; x_wconf 75' lang='grc' dir='ltr'>υ</span> <span class='ocrx_word' id='word_1_722' title='bbox 2118 4591 2639 4676; x_wconf 45' lang='lat' dir='ltr'>probatur,nun_um</span> <span class='ocrx_word' id='word_1_723' title='bbox 2673 4615 2800 4676; x_wconf 64' lang='lat' dir='ltr'>esse</span> <span class='ocrx_word' id='word_1_724' title='bbox 2821 4591 3500 4676; x_wconf 51' lang='lat' dir='ltr'>auctorenrscboliorum</span> <span class='ocrx_word' id='word_1_725' title='bbox 3520 4591 3762 4676; x_wconf 71' lang='lat' dir='ltr'>canonis</span> 
     </span>
    </p>
   </div>
   <div class='ocr_carea' id='block_1_96' title="bbox 351 4669 2002 4727">
    <p class='ocr_par' dir='ltr' id='par_1_96' title="bbox 351 4669 2002 4727">
     <span class='ocr_line' id='line_1_96' title="bbox 351 4669 2002 4727; baseline -0.001 0"><span class='ocrx_word' id='word_1_726' title='bbox 351 4671 504 4727; x_wconf 88' lang='lat' dir='ltr'>hanc</span> <span class='ocrx_word' id='word_1_727' title='bbox 535 4670 819 4725; x_wconf 89' lang='lat' dir='ltr'>habentes</span> <span class='ocrx_word' id='word_1_728' title='bbox 850 4669 1067 4723; x_wconf 66' lang='lat' dir='ltr'>Hebrazi</span> <span class='ocrx_word' id='word_1_729' title='bbox 1102 4669 1609 4724; x_wconf 85' lang='lat' dir='ltr'>consuetudinem:</span> <span class='ocrx_word' id='word_1_730' title='bbox 1643 4676 1705 4725; x_wconf 92' lang='lat' dir='ltr'>ut</span> <span class='ocrx_word' id='word_1_731' title='bbox 1734 4672 1805 4725; x_wconf 90' lang='lat' dir='ltr'>ab</span> <span class='ocrx_word' id='word_1_732' title='bbox 1835 4688 2002 4727; x_wconf 83' lang='lat' dir='ltr'>exor-</span> 
     </span>
    </p>
   </div>
   <div class='ocr_carea' id='block_1_97' title="bbox 350 4740 1499 4810">
    <p class='ocr_par' dir='ltr' id='par_1_97' title="bbox 350 4740 1499 4810">
     <span class='ocr_line' id='line_1_97' title="bbox 350 4740 1499 4810; baseline -0.003 -12"><span class='ocrx_word' id='word_1_733' title='bbox 350 4744 464 4799; x_wconf 89' lang='lat' dir='ltr'>diis</span> <span class='ocrx_word' id='word_1_734' title='bbox 488 4741 728 4797; x_wconf 88' lang='lat' dir='ltr'>nomina</span> <span class='ocrx_word' id='word_1_735' title='bbox 754 4740 1155 4796; x_wconf 83' lang='lat' dir='ltr'>voluminibus</span> <span class='ocrx_word' id='word_1_736' title='bbox 1180 4740 1499 4810; x_wconf 88' lang='lat' dir='ltr'>imponant.</span> 
     </span>
    </p>
   </div>
   <div class='ocr_carea' id='block_1_98' title="bbox 424 4812 1998 4884">
    <p class='ocr_par' dir='ltr' id='par_1_98' title="bbox 424 4812 1998 4884">
     <span class='ocr_line' id='line_1_98' title="bbox 424 4812 1998 4884; baseline 0 -16"><span class='ocrx_word' id='word_1_737' title='bbox 424 4817 445 4848; x_wconf 82' lang='grc'>²</span> <span class='ocrx_word' id='word_1_738' title='bbox 478 4816 540 4869; x_wconf 86' lang='lat' dir='ltr'>In</span> <span class='ocrx_word' id='word_1_739' title='bbox 564 4813 827 4868; x_wconf 88' lang='lat' dir='ltr'>versione</span> <span class='ocrx_word' id='word_1_740' title='bbox 849 4812 1318 4884; x_wconf 81' lang='lat' dir='ltr'>Hieronymiana,</span> <span class='ocrx_word' id='word_1_741' title='bbox 1343 4812 1473 4884; x_wconf 24' lang='lat' dir='ltr'>Asive</span> <span class='ocrx_word' id='word_1_742' title='bbox 1504 4812 1564 4867; x_wconf 92' lang='lat' dir='ltr'>in</span> <span class='ocrx_word' id='word_1_743' title='bbox 1608 4829 1830 4868; x_wconf 90' lang='lat' dir='ltr'>canone</span> <span class='ocrx_word' id='word_1_744' title='bbox 1890 4815 1998 4869; x_wconf 85' lang='lat' dir='ltr'>Hc-</span> 
     </span>
    </p>
   </div>
   <div class='ocr_carea' id='block_1_99' title="bbox 346 4882 1998 4955">
    <p class='ocr_par' dir='ltr' id='par_1_99' title="bbox 346 4882 1998 4955">
     <span class='ocr_line' id='line_1_99' title="bbox 346 4882 1998 4955; baseline -0.001 -14"><span class='ocrx_word' id='word_1_745' title='bbox 346 4886 556 4941; x_wconf 79' lang='lat' dir='ltr'>braicae</span> <span class='ocrx_word' id='word_1_746' title='bbox 577 4884 837 4940; x_wconf 90' lang='lat' dir='ltr'>veritatis</span> <span class='ocrx_word' id='word_1_747' title='bbox 868 4902 902 4939; x_wconf 90' lang='lat' dir='ltr'>a</span> <span class='ocrx_word' id='word_1_748' title='bbox 932 4882 1099 4939; x_wconf 83' lang='lat' dir='ltr'>nobis</span> <span class='ocrx_word' id='word_1_749' title='bbox 1131 4883 1305 4949; x_wconf 91' lang='lat' dir='ltr'>edito,</span> <span class='ocrx_word' id='word_1_750' title='bbox 1342 4882 1594 4955; x_wconf 89' lang='lat' dir='ltr'>legimus</span> <span class='ocrx_word' id='word_1_751' title='bbox 1628 4901 1639 4937; x_wconf 88' lang='lat'><strong>:</strong></span> <span class='ocrx_word' id='word_1_752' title='bbox 1707 4887 1909 4940; x_wconf 76' lang='lat' dir='ltr'>Veniat</span> <span class='ocrx_word' id='word_1_753' title='bbox 1940 4890 1998 4940; x_wconf 80' lang='lat' dir='ltr'>ut</span> 
     </span>
    </p>
   </div>
   <div class='ocr_carea' id='block_1_100' title="bbox 341 4956 1996 5029">
    <p class='ocr_par' dir='ltr' id='par_1_100' title="bbox 341 4956 1996 5029">
     <span class='ocr_line' id='line_1_100' title="bbox 341 4956 1996 5029; baseline -0.001 -16"><span class='ocrx_word' id='word_1_754' title='bbox 341 4963 532 5014; x_wconf 83' lang='lat' dir='ltr'>oretur</span> <span class='ocrx_word' id='word_1_755' title='bbox 554 4974 656 5029; x_wconf 85' lang='lat' dir='ltr'>pro</span> <span class='ocrx_word' id='word_1_756' title='bbox 685 4972 768 5022; x_wconf 87' lang='lat' dir='ltr'>eo,</span> <span class='ocrx_word' id='word_1_757' title='bbox 798 4958 848 5011; x_wconf 81' lang='lat' dir='ltr'>et</span> <span class='ocrx_word' id='word_1_758' title='bbox 877 4956 1071 5025; x_wconf 80' lang='lat' dir='ltr'>o/femt</span> <span class='ocrx_word' id='word_1_759' title='bbox 1097 4972 1404 5029; x_wconf 84' lang='lat' dir='ltr'>nummum,</span> <span class='ocrx_word' id='word_1_760' title='bbox 1435 4961 1542 5029; x_wconf 85' lang='lat' dir='ltr'>etc.</span> <span class='ocrx_word' id='word_1_761' title='bbox 1571 4957 1683 5029; x_wconf 88' lang='lat' dir='ltr'>Sed</span> <span class='ocrx_word' id='word_1_762' title='bbox 1733 4957 1803 5011; x_wconf 87' lang='lat' dir='ltr'>ad</span> <span class='ocrx_word' id='word_1_763' title='bbox 1837 4974 1996 5011; x_wconf 89' lang='lat' dir='ltr'>mar-</span> 
     </span>
    </p>
   </div>
   <div class='ocr_carea' id='block_1_101' title="bbox 341 5026 1993 5100">
    <p class='ocr_par' dir='ltr' id='par_1_101' title="bbox 341 5026 1993 5100">
     <span class='ocr_line' id='line_1_101' title="bbox 341 5026 1993 5100; baseline -0.002 -15"><span class='ocrx_word' id='word_1_764' title='bbox 341 5026 604 5100; x_wconf 52' lang='lat' dir='ltr'>ginem&#39;e</span> <span class='ocrx_word' id='word_1_765' title='bbox 636 5029 868 5100; x_wconf 88' lang='lat' dir='ltr'>regione</span> <span class='ocrx_word' id='word_1_766' title='bbox 890 5029 1144 5098; x_wconf 88' lang='lat' dir='ltr'>positum</span> <span class='ocrx_word' id='word_1_767' title='bbox 1163 5032 1276 5100; x_wconf 81' lang='lat' dir='ltr'>est</span> <span class='ocrx_word' id='word_1_768' title='bbox 1294 5026 1811 5100; x_wconf 67' lang='lat' dir='ltr'>scholion_llebreei</span> <span class='ocrx_word' id='word_1_769' title='bbox 1851 5029 1993 5084; x_wconf 90' lang='lat' dir='ltr'>scri-</span> 
     </span>
    </p>
   </div>
   <div class='ocr_carea' id='block_1_102' title="bbox 336 5098 1994 5173">
    <p class='ocr_par' dir='ltr' id='par_1_102' title="bbox 336 5098 1994 5173">
     <span class='ocr_line' id='line_1_102' title="bbox 336 5098 1994 5173; baseline -0.002 -17"><span class='ocrx_word' id='word_1_770' title='bbox 336 5098 525 5173; x_wconf 78' lang='lat' dir='ltr'>ptoris</span> <span class='ocrx_word' id='word_1_771' title='bbox 558 5098 807 5172; x_wconf 78' lang='lat' dir='ltr'>hujusce</span> <span class='ocrx_word' id='word_1_772' title='bbox 834 5100 1125 5172; x_wconf 86' lang='lat' dir='ltr'>opusculi,</span> <span class='ocrx_word' id='word_1_773' title='bbox 1159 5098 1426 5153; x_wconf 87' lang='lat' dir='ltr'>indicans</span> <span class='ocrx_word' id='word_1_774' title='bbox 1449 5100 1507 5153; x_wconf 92' lang='lat' dir='ltr'>in</span> <span class='ocrx_word' id='word_1_775' title='bbox 1544 5098 1824 5155; x_wconf 86' lang='lat' dir='ltr'>Hebraico</span> <span class='ocrx_word' id='word_1_776' title='bbox 1852 5102 1994 5155; x_wconf 90' lang='lat' dir='ltr'>scri-</span> 
     </span>
    </p>
   </div>
   <div class='ocr_carea' id='block_1_103' title="bbox 408 5224 1995 5297">
    <p class='ocr_par' dir='ltr' id='par_1_103' title="bbox 408 5224 1995 5297">
     <span class='ocr_line' id='line_1_103' title="bbox 408 5224 1995 5297; baseline -0.001 -16"><span class='ocrx_word' id='word_1_777' title='bbox 408 5228 485 5297; x_wconf 85' lang='lat' dir='ltr'>(a)</span> <span class='ocrx_word' id='word_1_778' title='bbox 506 5226 599 5281; x_wconf 88' lang='lat' dir='ltr'>Sic</span> <span class='ocrx_word' id='word_1_779' title='bbox 630 5228 784 5282; x_wconf 89' lang='lat' dir='ltr'>enim</span> <span class='ocrx_word' id='word_1_780' title='bbox 807 5227 1089 5294; x_wconf 86' lang='lat' dir='ltr'>sentiunt,</span> <span class='ocrx_word' id='word_1_781' title='bbox 1108 5224 1262 5279; x_wconf 87' lang='lat' dir='ltr'>inter</span> <span class='ocrx_word' id='word_1_782' title='bbox 1284 5224 1596 5297; x_wconf 80' lang='lat' dir='ltr'>Pontifices</span> <span class='ocrx_word' id='word_1_783' title='bbox 1617 5226 1904 5280; x_wconf 86' lang='lat' dir='ltr'>Aaronem</span> <span class='ocrx_word' id='word_1_784' title='bbox 1938 5231 1995 5280; x_wconf 83' lang='lat' dir='ltr'>et</span> 
     </span>
    </p>
   </div>
   <div class='ocr_carea' id='block_1_104' title="bbox 338 5295 1989 5367">
    <p class='ocr_par' dir='ltr' id='par_1_104' title="bbox 338 5295 1989 5367">
     <span class='ocr_line' id='line_1_104' title="bbox 338 5295 1989 5367; baseline 0 -16"><span class='ocrx_word' id='word_1_785' title='bbox 338 5295 488 5367; x_wconf 84' lang='lat' dir='ltr'>Heli,</span> <span class='ocrx_word' id='word_1_786' title='bbox 512 5300 742 5354; x_wconf 88' lang='lat' dir='ltr'>nonnisi</span> <span class='ocrx_word' id='word_1_787' title='bbox 772 5301 939 5355; x_wconf 89' lang='lat' dir='ltr'>duos.</span> <span class='ocrx_word' id='word_1_788' title='bbox 976 5297 1305 5353; x_wconf 81' lang='lat' dir='ltr'>Eleazarum</span> <span class='ocrx_word' id='word_1_789' title='bbox 1336 5295 1565 5367; x_wconf 85' lang='lat' dir='ltr'>scilicet</span> <span class='ocrx_word' id='word_1_790' title='bbox 1587 5301 1643 5350; x_wconf 86' lang='lat' dir='ltr'>et</span> <span class='ocrx_word' id='word_1_791' title='bbox 1687 5297 1989 5359; x_wconf 70' lang='lat' dir='ltr'>Phineum,</span> 
     </span>
    </p>
   </div>
   <div class='ocr_carea' id='block_1_105' title="bbox 339 5366 1991 5444">
    <p class='ocr_par' dir='ltr' id='par_1_105' title="bbox 339 5366 1991 5444">
     <span class='ocr_line' id='line_1_105' title="bbox 339 5366 1991 5444; baseline 0 -20"><span class='ocrx_word' id='word_1_792' title='bbox 339 5368 766 5444; x_wconf 78' lang='lat' dir='ltr'>intercessisse,</span> <span class='ocrx_word' id='word_1_793' title='bbox 791 5377 967 5444; x_wconf 88' lang='lat' dir='ltr'>atque</span> <span class='ocrx_word' id='word_1_794' title='bbox 1026 5371 1187 5444; x_wconf 70' lang='lat' dir='ltr'>adeo</span> <span class='ocrx_word' id='word_1_795' title='bbox 1230 5366 1516 5436; x_wconf 70' lang='lat' dir='ltr'>replendre</span> <span class='ocrx_word' id='word_1_796' title='bbox 1570 5367 1991 5444; x_wconf 76' lang='lat' dir='ltr'>intercapedini</span> 
     </span>
    </p>
   </div>
   <div class='ocr_carea' id='block_1_106' title="bbox 340 5439 1991 5511">
    <p class='ocr_par' dir='ltr' id='par_1_106' title="bbox 340 5439 1991 5511">
     <span class='ocr_line' id='line_1_106' title="bbox 340 5439 1991 5511; baseline -0.001 -16"><span class='ocrx_word' id='word_1_797' title='bbox 340 5440 513 5511; x_wconf 87' lang='lat' dir='ltr'>plura</span> <span class='ocrx_word' id='word_1_798' title='bbox 546 5440 672 5495; x_wconf 65' lang='lat' dir='ltr'>vitae</span> <span class='ocrx_word' id='word_1_799' title='bbox 706 5439 957 5497; x_wconf 59' lang='lat' dir='ltr'>Phinzeis</span> <span class='ocrx_word' id='word_1_800' title='bbox 1016 5439 1228 5495; x_wconf 71' lang='lat' dir='ltr'>smcula</span> <span class='ocrx_word' id='word_1_801' title='bbox 1277 5440 1596 5493; x_wconf 83' lang='lat' dir='ltr'>commenti</span> <span class='ocrx_word' id='word_1_802' title='bbox 1645 5439 1807 5494; x_wconf 81' lang='lat' dir='ltr'>sunt.</span> <span class='ocrx_word' id='word_1_803' title='bbox 1872 5443 1991 5496; x_wconf 83' lang='lat' dir='ltr'>lino</span> 
     </span>
    </p>
   </div>
   <div class='ocr_carea' id='block_1_107' title="bbox 339 5511 1989 5583">
    <p class='ocr_par' dir='ltr' id='par_1_107' title="bbox 339 5511 1989 5583">
     <span class='ocr_line' id='line_1_107' title="bbox 339 5511 1989 5583; baseline -0.001 -16"><span class='ocrx_word' id='word_1_804' title='bbox 339 5520 395 5567; x_wconf 87' lang='lat' dir='ltr'>et</span> <span class='ocrx_word' id='word_1_805' title='bbox 416 5511 666 5567; x_wconf 84' lang='lat' dir='ltr'>Rabbiui</span> <span class='ocrx_word' id='word_1_806' title='bbox 702 5514 940 5583; x_wconf 85' lang='lat' dir='ltr'>quidam</span> <span class='ocrx_word' id='word_1_807' title='bbox 974 5531 1106 5567; x_wconf 88' lang='lat' dir='ltr'>eum</span> <span class='ocrx_word' id='word_1_808' title='bbox 1146 5530 1255 5567; x_wconf 84' lang='lat' dir='ltr'>non</span> <span class='ocrx_word' id='word_1_809' title='bbox 1293 5511 1588 5565; x_wconf 87' lang='lat' dir='ltr'>hominem</span> <span class='ocrx_word' id='word_1_810' title='bbox 1652 5513 1851 5576; x_wconf 83' lang='lat' dir='ltr'>fuisse,</span> <span class='ocrx_word' id='word_1_811' title='bbox 1890 5514 1989 5566; x_wconf 83' lang='lat' dir='ltr'>sed</span> 
     </span>
    </p>
   </div>
   <div class='ocr_carea' id='block_1_108' title="bbox 340 5582 1987 5656">
    <p class='ocr_par' dir='ltr' id='par_1_108' title="bbox 340 5582 1987 5656">
     <span class='ocr_line' id='line_1_108' title="bbox 340 5582 1987 5656; baseline -0.001 -19"><span class='ocrx_word' id='word_1_812' title='bbox 340 5582 619 5656; x_wconf 80' lang='lat' dir='ltr'>angelum</span> <span class='ocrx_word' id='word_1_813' title='bbox 654 5582 878 5639; x_wconf 82' lang='lat' dir='ltr'>mertali</span> <span class='ocrx_word' id='word_1_814' title='bbox 926 5602 1165 5656; x_wconf 89' lang='lat' dir='ltr'>corpore</span> <span class='ocrx_word' id='word_1_815' title='bbox 1217 5583 1508 5656; x_wconf 68' lang='lat' dir='ltr'>indutuur</span> <span class='ocrx_word' id='word_1_816' title='bbox 1537 5583 1825 5656; x_wconf 80' lang='lat' dir='ltr'>dixerunt,</span> <span class='ocrx_word' id='word_1_817' title='bbox 1890 5585 1987 5654; x_wconf 90' lang='lat' dir='ltr'>qui</span> 
     </span>
    </p>
   </div>
   <div class='ocr_carea' id='block_1_109' title="bbox 338 5652 1987 5726">
    <p class='ocr_par' dir='ltr' id='par_1_109' title="bbox 338 5652 1987 5726">
     <span class='ocr_line' id='line_1_109' title="bbox 338 5652 1987 5726; baseline 0 -17"><span class='ocrx_word' id='word_1_818' title='bbox 338 5652 556 5726; x_wconf 63' lang='lat' dir='ltr'>saepius</span> <span class='ocrx_word' id='word_1_819' title='bbox 585 5652 740 5726; x_wconf 89' lang='lat' dir='ltr'>hunc</span> <span class='ocrx_word' id='word_1_820' title='bbox 770 5655 827 5709; x_wconf 89' lang='lat' dir='ltr'>in</span> <span class='ocrx_word' id='word_1_821' title='bbox 862 5652 1149 5711; x_wconf 82' lang='lat' dir='ltr'>mundum</span> <span class='ocrx_word' id='word_1_822' title='bbox 1184 5654 1428 5717; x_wconf 76' lang='lat' dir='ltr'>venerit,</span> <span class='ocrx_word' id='word_1_823' title='bbox 1461 5654 1814 5726; x_wconf 86' lang='lat' dir='ltr'>abieritque;</span> <span class='ocrx_word' id='word_1_824' title='bbox 1838 5652 1987 5711; x_wconf 51' lang='lat' dir='ltr'>et&#39;ad</span> 
     </span>
    </p>
   </div>
   <div class='ocr_carea' id='block_1_110' title="bbox 337 5725 1984 5798">
    <p class='ocr_par' dir='ltr' id='par_1_110' title="bbox 337 5725 1984 5798">
     <span class='ocr_line' id='line_1_110' title="bbox 337 5725 1984 5798; baseline -0.001 -16"><span class='ocrx_word' id='word_1_825' title='bbox 337 5725 463 5798; x_wconf 74' lang='lat' dir='ltr'>Heli</span> <span class='ocrx_word' id='word_1_826' title='bbox 495 5725 731 5798; x_wconf 88' lang='lat' dir='ltr'>quidem</span> <span class='ocrx_word' id='word_1_827' title='bbox 760 5727 988 5781; x_wconf 84' lang='lat' dir='ltr'>venisse</span> <span class='ocrx_word' id='word_1_828' title='bbox 1017 5745 1148 5781; x_wconf 88' lang='lat' dir='ltr'>eum</span> <span class='ocrx_word' id='word_1_829' title='bbox 1188 5726 1423 5780; x_wconf 83' lang='lat' dir='ltr'>ultionis</span> <span class='ocrx_word' id='word_1_830' title='bbox 1457 5742 1487 5778; x_wconf 89' lang='lat' dir='ltr'>a</span> <span class='ocrx_word' id='word_1_831' title='bbox 1522 5726 1636 5780; x_wconf 75' lang='lat' dir='ltr'>Deo</span> <span class='ocrx_word' id='word_1_832' title='bbox 1690 5730 1984 5798; x_wconf 81' lang='lat' dir='ltr'>nuntium,</span> 
     </span>
    </p>
   </div>
   <div class='ocr_carea' id='block_1_111' title="bbox 337 5794 1985 5868">
    <p class='ocr_par' dir='ltr' id='par_1_111' title="bbox 337 5794 1985 5868">
     <span class='ocr_line' id='line_1_111' title="bbox 337 5794 1985 5868; baseline 0.003 -19"><span class='ocrx_word' id='word_1_833' title='bbox 337 5794 550 5868; x_wconf 85' lang='lat' dir='ltr'>iterum</span> <span class='ocrx_word' id='word_1_834' title='bbox 599 5797 708 5851; x_wconf 91' lang='lat' dir='ltr'>sub</span> <span class='ocrx_word' id='word_1_835' title='bbox 758 5799 1067 5853; x_wconf 85' lang='lat' dir='ltr'>Salomone</span> <span class='ocrx_word' id='word_1_836' title='bbox 1123 5798 1416 5868; x_wconf 72' lang='lat' dir='ltr'>paruisse,</span> <span class='ocrx_word' id='word_1_837' title='bbox 1472 5798 1637 5867; x_wconf 85' lang='lat' dir='ltr'>quasi</span> <span class='ocrx_word' id='word_1_838' title='bbox 1711 5794 1985 5854; x_wconf 83' lang='lat' dir='ltr'>Phineem</span> 
     </span>
    </p>
   </div>
   <div class='ocr_carea' id='block_1_112' title="bbox 340 5866 1986 5939">
    <p class='ocr_par' dir='ltr' id='par_1_112' title="bbox 340 5866 1986 5939">
     <span class='ocr_line' id='line_1_112' title="bbox 340 5866 1986 5939; baseline 0.005 -17"><span class='ocrx_word' id='word_1_839' title='bbox 340 5867 532 5927; x_wconf 78' lang='lat' dir='ltr'>filium</span> <span class='ocrx_word' id='word_1_840' title='bbox 574 5868 863 5926; x_wconf 81' lang='lat' dir='ltr'>Eleazari:</span> <span class='ocrx_word' id='word_1_841' title='bbox 922 5866 1233 5926; x_wconf 82' lang='lat' dir='ltr'>venturum</span> <span class='ocrx_word' id='word_1_842' title='bbox 1289 5866 1540 5939; x_wconf 79' lang='lat' dir='ltr'>denique</span> <span class='ocrx_word' id='word_1_843' title='bbox 1591 5873 1851 5929; x_wconf 86' lang='lat' dir='ltr'>extrema</span> <span class='ocrx_word' id='word_1_844' title='bbox 1879 5888 1986 5929; x_wconf 76' lang='lat' dir='ltr'>sae-</span> 
     </span>
    </p>
   </div>
   <div class='ocr_carea' id='block_1_113' title="bbox 2170 4662 3756 4738">
    <p class='ocr_par' dir='ltr' id='par_1_113' title="bbox 2170 4662 3756 4738">
     <span class='ocr_line' id='line_1_113' title="bbox 2170 4662 3756 4738; baseline -0.006 -13"><span class='ocrx_word' id='word_1_845' title='bbox 2170 4672 2382 4726; x_wconf 80' lang='lat' dir='ltr'>ebruic.</span> <span class='ocrx_word' id='word_1_846' title='bbox 2408 4662 2595 4725; x_wconf 47' lang='lat' dir='ltr'>&#39;Vcrit.</span> <span class='ocrx_word' id='word_1_847' title='bbox 2627 4675 2684 4725; x_wconf 90' lang='lat' dir='ltr'>et</span> <span class='ocrx_word' id='word_1_848' title='bbox 2716 4671 3090 4738; x_wconf 74' lang='lat' dir='ltr'>Quwstionum</span> <span class='ocrx_word' id='word_1_849' title='bbox 3123 4669 3511 4722; x_wconf 79' lang='lat' dir='ltr'>Hebraicarum</span> <span class='ocrx_word' id='word_1_850' title='bbox 3567 4663 3624 4718; x_wconf 91' lang='lat' dir='ltr'>in</span> <span class='ocrx_word' id='word_1_851' title='bbox 3682 4662 3756 4716; x_wconf 88' lang='lat' dir='ltr'>li-</span> 
     </span>
    </p>
   </div>
   <div class='ocr_carea' id='block_1_114' title="bbox 2115 4743 3611 4816">
    <p class='ocr_par' dir='ltr' id='par_1_114' title="bbox 2115 4743 3611 4816">
     <span class='ocr_line' id='line_1_114' title="bbox 2115 4743 3611 4816; baseline 0.012 -17"><span class='ocrx_word' id='word_1_852' title='bbox 2115 4743 2532 4816; x_wconf 48' lang='lat' dir='ltr'>brosﬁegmﬂ:</span> <span class='ocrx_word' id='word_1_853' title='bbox 2760 4812 2770 4816; x_wconf 92' lang='lat'><strong>_</strong></span> <span class='ocrx_word' id='word_1_854' title='bbox 2886 4815 2908 4816; x_wconf 38' lang='grc' dir='ltr'><em>η</em></span> <span class='ocrx_word' id='word_1_855' title='bbox 3160 4813 3167 4816; x_wconf 93' lang='lat'>_</span> <span class='ocrx_word' id='word_1_856' title='bbox 3302 4809 3319 4816; x_wconf 89' lang='lat'>-</span> <span class='ocrx_word' id='word_1_857' title='bbox 3420 4807 3438 4816; x_wconf 87' lang='lat'>-</span> <span class='ocrx_word' id='word_1_858' title='bbox 3577 4805 3611 4816; x_wconf 90' lang='lat'>..</span> 
     </span>
    </p>
   </div>
   <div class='ocr_carea' id='block_1_115' title="bbox 2181 4806 3755 4870">
    <p class='ocr_par' dir='ltr' id='par_1_115' title="bbox 2181 4806 3755 4870">
     <span class='ocr_line' id='line_1_115' title="bbox 2181 4806 3755 4870; baseline -0.004 -4"><span class='ocrx_word' id='word_1_859' title='bbox 2181 4816 2203 4848; x_wconf 83' lang='grc'><strong><em>³</em></strong></span> <span class='ocrx_word' id='word_1_860' title='bbox 2234 4806 2415 4870; x_wconf 75' lang='lat' dir='ltr'>Verus</span> <span class='ocrx_word' id='word_1_861' title='bbox 2463 4814 2693 4868; x_wconf 85' lang='lat' dir='ltr'>Hieron.</span> <span class='ocrx_word' id='word_1_862' title='bbox 2760 4812 2813 4865; x_wconf 90' lang='lat' dir='ltr'>in</span> <span class='ocrx_word' id='word_1_863' title='bbox 2873 4813 3260 4866; x_wconf 84' lang='lat' dir='ltr'>Commentar.</span> <span class='ocrx_word' id='word_1_864' title='bbox 3301 4809 3364 4864; x_wconf 91' lang='lat' dir='ltr'>In</span> <span class='ocrx_word' id='word_1_865' title='bbox 3420 4807 3528 4862; x_wconf 89' lang='lat' dir='ltr'>Isa.</span> <span class='ocrx_word' id='word_1_866' title='bbox 3577 4806 3755 4869; x_wconf 89' lang='lat' dir='ltr'>lib.v,</span> 
     </span>
    </p>
   </div>
   <div class='ocr_carea' id='block_1_116' title="bbox 2113 4880 3757 4951">
    <p class='ocr_par' dir='ltr' id='par_1_116' title="bbox 2113 4880 3757 4951">
     <span class='ocr_line' id='line_1_116' title="bbox 2113 4880 3757 4951; baseline -0.005 -11"><span class='ocrx_word' id='word_1_867' title='bbox 2113 4902 2236 4951; x_wconf 88' lang='lat' dir='ltr'>cap.</span> <span class='ocrx_word' id='word_1_868' title='bbox 2273 4902 2394 4951; x_wconf 77' lang='lat' dir='ltr'>xui,</span> <span class='ocrx_word' id='word_1_869' title='bbox 2458 4888 2540 4949; x_wconf 87' lang='lat' dir='ltr'>l2,</span> <span class='ocrx_word' id='word_1_870' title='bbox 2569 4886 2638 4939; x_wconf 83' lang='lat' dir='ltr'>ad</span> <span class='ocrx_word' id='word_1_871' title='bbox 2674 4884 2847 4937; x_wconf 88' lang='lat' dir='ltr'>verba</span> <span class='ocrx_word' id='word_1_872' title='bbox 2880 4898 2893 4936; x_wconf 87' lang='lat'>:</span> <span class='ocrx_word' id='word_1_873' title='bbox 2955 4882 3252 4936; x_wconf 78' lang='lat' dir='ltr'>Pretiosior</span> <span class='ocrx_word' id='word_1_874' title='bbox 3279 4883 3396 4936; x_wconf 84' lang='lat' dir='ltr'>erat</span> <span class='ocrx_word' id='word_1_875' title='bbox 3454 4880 3545 4933; x_wconf 74' lang='lat' dir='ltr'>vir</span> <span class='ocrx_word' id='word_1_876' title='bbox 3597 4894 3757 4932; x_wconf 85' lang='lat' dir='ltr'>auro.</span> 
     </span>
    </p>
   </div>
   <div class='ocr_carea' id='block_1_117' title="bbox 2107 4953 3753 5030">
    <p class='ocr_par' dir='ltr' id='par_1_117' title="bbox 2107 4953 3753 5030">
     <span class='ocr_line' id='line_1_117' title="bbox 2107 4953 3753 5030; baseline -0.006 -18"><span class='ocrx_word' id='word_1_877' title='bbox 2107 4980 2134 5005; x_wconf 83' lang='grc'>‹‹</span> <span class='ocrx_word' id='word_1_878' title='bbox 2172 4953 2966 5030; x_wconf 80' lang='lat' dir='ltr'>Pretiosum,inquit,dicitur</span> <span class='ocrx_word' id='word_1_879' title='bbox 2995 4969 3167 5030; x_wconf 84' lang='lat' dir='ltr'>omne</span> <span class='ocrx_word' id='word_1_880' title='bbox 3197 4953 3351 5023; x_wconf 89' lang='lat' dir='ltr'>quod</span> <span class='ocrx_word' id='word_1_881' title='bbox 3377 4966 3575 5030; x_wconf 68' lang='lat' dir='ltr'>rarum</span> <span class='ocrx_word' id='word_1_882' title='bbox 3595 4953 3753 5030; x_wconf 49' lang='lat' dir='ltr'>est“:</span> 
     </span>
    </p>
   </div>
   <div class='ocr_carea' id='block_1_118' title="bbox 2105 5022 3756 5089">
    <p class='ocr_par' dir='ltr' id='par_1_118' title="bbox 2105 5022 3756 5089">
     <span class='ocr_line' id='line_1_118' title="bbox 2105 5022 3756 5089; baseline -0.005 -6"><span class='ocrx_word' id='word_1_883' title='bbox 2105 5030 2174 5083; x_wconf 86' lang='lat' dir='ltr'>Et</span> <span class='ocrx_word' id='word_1_884' title='bbox 2204 5030 2261 5083; x_wconf 90' lang='lat' dir='ltr'>in</span> <span class='ocrx_word' id='word_1_885' title='bbox 2294 5028 2584 5084; x_wconf 86' lang='lat' dir='ltr'>Samuelis</span> <span class='ocrx_word' id='word_1_886' title='bbox 2615 5022 2909 5082; x_wconf 80' lang='lat' dir='ltr'>volumine</span> <span class='ocrx_word' id='word_1_887' title='bbox 2924 5022 3273 5089; x_wconf 78' lang='lat' dir='ltr'>continetur,</span> <span class='ocrx_word' id='word_1_888' title='bbox 3297 5038 3487 5079; x_wconf 90' lang='lat' dir='ltr'>sermo</span> <span class='ocrx_word' id='word_1_889' title='bbox 3513 5022 3756 5078; x_wconf 90' lang='lat' dir='ltr'>Domini</span> 
     </span>
    </p>
   </div>
   <div class='ocr_carea' id='block_1_119' title="bbox 2104 5096 3526 5172">
    <p class='ocr_par' dir='ltr' id='par_1_119' title="bbox 2104 5096 3526 5172">
     <span class='ocr_line' id='line_1_119' title="bbox 2104 5096 3526 5172; baseline -0.005 -18"><span class='ocrx_word' id='word_1_890' title='bbox 2104 5106 2225 5155; x_wconf 74' lang='lat' dir='ltr'>erat</span> <span class='ocrx_word' id='word_1_891' title='bbox 2256 5102 2551 5172; x_wconf 88' lang='lat' dir='ltr'>pretiosus</span> <span class='ocrx_word' id='word_1_892' title='bbox 2580 5099 2638 5153; x_wconf 92' lang='lat' dir='ltr'>in</span> <span class='ocrx_word' id='word_1_893' title='bbox 2662 5098 2870 5153; x_wconf 89' lang='lat' dir='ltr'>diebus</span> <span class='ocrx_word' id='word_1_894' title='bbox 2904 5096 3038 5163; x_wconf 89' lang='lat' dir='ltr'>illis,</span> <span class='ocrx_word' id='word_1_895' title='bbox 3067 5097 3120 5150; x_wconf 93' lang='lat' dir='ltr'>id</span> <span class='ocrx_word' id='word_1_896' title='bbox 3156 5098 3243 5151; x_wconf 88' lang='lat' dir='ltr'>est</span> <span class='ocrx_word' id='word_1_897' title='bbox 3274 5111 3461 5150; x_wconf 87' lang='lat' dir='ltr'>rarus.</span> <span class='ocrx_word' id='word_1_898' title='bbox 3498 5115 3526 5141; x_wconf 80' lang='grc'><strong>››</strong></span> 
     </span>
    </p>
   </div>
   <div class='ocr_carea' id='block_1_120' title="bbox 2104 5212 3756 5293">
    <p class='ocr_par' dir='ltr' id='par_1_120' title="bbox 2104 5212 3756 5293">
     <span class='ocr_line' id='line_1_120' title="bbox 2104 5212 3756 5293; baseline -0.008 -13"><span class='ocrx_word' id='word_1_899' title='bbox 2104 5225 2371 5280; x_wconf 90' lang='lat' dir='ltr'>culorum</span> <span class='ocrx_word' id='word_1_900' title='bbox 2404 5225 2496 5280; x_wconf 89' lang='lat' dir='ltr'>die</span> <span class='ocrx_word' id='word_1_901' title='bbox 2528 5225 2639 5280; x_wconf 90' lang='lat' dir='ltr'>sub</span> <span class='ocrx_word' id='word_1_902' title='bbox 2670 5222 2806 5277; x_wconf 67' lang='lat' dir='ltr'>Eliaa</span> <span class='ocrx_word' id='word_1_903' title='bbox 2842 5237 3089 5293; x_wconf 89' lang='lat' dir='ltr'>persona</span> <span class='ocrx_word' id='word_1_904' title='bbox 3114 5237 3179 5276; x_wconf 85' lang='lat' dir='ltr'>ac</span> <span class='ocrx_word' id='word_1_905' title='bbox 3221 5218 3457 5274; x_wconf 88' lang='lat' dir='ltr'>nomine</span> <span class='ocrx_word' id='word_1_906' title='bbox 3514 5212 3756 5269; x_wconf 88' lang='lat' dir='ltr'>commi-</span> 
     </span>
    </p>
   </div>
   <div class='ocr_carea' id='block_1_121' title="bbox 2105 5304 3754 5439">
    <p class='ocr_par' dir='ltr' id='par_1_121' title="bbox 2105 5304 3754 5439">
     <span class='ocr_line' id='line_1_121' title="bbox 2105 5304 3754 5439; baseline -0.008 -15"><span class='ocrx_word' id='word_1_907' title='bbox 2494 5363 3485 5439; x_wconf 79' lang='lat' dir='ltr'>Rabanum,Brachium,dignitatem</span> <span class='ocrx_word' id='word_1_908' title='bbox 3513 5362 3564 5414; x_wconf 82' lang='lat' dir='ltr'>et</span> <span class='ocrx_word' id='word_1_909' title='bbox 3586 5357 3754 5413; x_wconf 84' lang='lat' dir='ltr'>robur</span> 
     </span>
    </p>
   </div>
   <div class='ocr_carea' id='block_1_122' title="bbox 2099 5436 3630 5511">
    <p class='ocr_par' dir='ltr' id='par_1_122' title="bbox 2099 5436 3630 5511">
     <span class='ocr_line' id='line_1_122' title="bbox 2099 5436 3630 5511; baseline -0.007 -16"><span class='ocrx_word' id='word_1_910' title='bbox 2099 5436 2305 5495; x_wconf 62' lang='lat' dir='ltr'>samnii</span> <span class='ocrx_word' id='word_1_911' title='bbox 2334 5442 2581 5511; x_wconf 70' lang='lat' dir='ltr'>erprimi</span> <span class='ocrx_word' id='word_1_912' title='bbox 2608 5436 2926 5511; x_wconf 65' lang='lat' dir='ltr'>sacerdotis,</span> <span class='ocrx_word' id='word_1_913' title='bbox 2958 5440 3069 5489; x_wconf 88' lang='lat' dir='ltr'>etc.</span> <span class='ocrx_word' id='word_1_914' title='bbox 3293 5506 3305 5511; x_wconf 83' lang='lat'>_</span> <span class='ocrx_word' id='word_1_915' title='bbox 3412 5506 3425 5511; x_wconf 82' lang='lat'><strong><em>_</em></strong></span> <span class='ocrx_word' id='word_1_916' title='bbox 3622 5502 3630 5511; x_wconf 40' lang='lat'><em>.</em></span> 
     </span>
    </p>
   </div>
   <div class='ocr_carea' id='block_1_123' title="bbox 2174 5499 3755 5581">
    <p class='ocr_par' dir='ltr' id='par_1_123' title="bbox 2174 5499 3755 5581">
     <span class='ocr_line' id='line_1_123' title="bbox 2174 5499 3755 5581; baseline -0.009 -14"><span class='ocrx_word' id='word_1_917' title='bbox 2174 5516 2244 5581; x_wconf 63' lang='grc' dir='ltr'>(ρ)</span> <span class='ocrx_word' id='word_1_918' title='bbox 2275 5514 2354 5566; x_wconf 87' lang='lat' dir='ltr'>lta</span> <span class='ocrx_word' id='word_1_919' title='bbox 2388 5499 2455 5565; x_wconf 73' lang='lat' dir='ltr'>ex</span> <span class='ocrx_word' id='word_1_920' title='bbox 2490 5512 2728 5565; x_wconf 73' lang='lat' dir='ltr'>ltabano</span> <span class='ocrx_word' id='word_1_921' title='bbox 2771 5499 3050 5562; x_wconf 75' lang='lat' dir='ltr'>duximus</span> <span class='ocrx_word' id='word_1_922' title='bbox 3103 5499 3755 5581; x_wconf 23' lang='lat' dir='ltr'>emendandumyiltud</span> 
     </span>
    </p>
   </div>
   <div class='ocr_carea' id='block_1_124' title="bbox 2102 5574 3754 5654">
    <p class='ocr_par' dir='ltr' id='par_1_124' title="bbox 2102 5574 3754 5654">
     <span class='ocr_line' id='line_1_124' title="bbox 2102 5574 3754 5654; baseline -0.006 -18"><span class='ocrx_word' id='word_1_923' title='bbox 2102 5574 2293 5647; x_wconf 60' lang='grc' dir='ltr'>ΕὐθέῙῂ</span> <span class='ocrx_word' id='word_1_924' title='bbox 2330 5585 2412 5637; x_wconf 84' lang='lat' dir='ltr'>vel</span> <span class='ocrx_word' id='word_1_925' title='bbox 2445 5586 2500 5637; x_wconf 85' lang='lat' dir='ltr'>in</span> <span class='ocrx_word' id='word_1_926' title='bbox 2536 5582 2737 5654; x_wconf 56' lang='lat' dir='ltr'>Exodo.</span> <span class='ocrx_word' id='word_1_927' title='bbox 2784 5597 2884 5648; x_wconf 88' lang='lat' dir='ltr'>pro</span> <span class='ocrx_word' id='word_1_928' title='bbox 2941 5596 3056 5648; x_wconf 85' lang='lat' dir='ltr'>quo</span> <span class='ocrx_word' id='word_1_929' title='bbox 3107 5578 3425 5654; x_wconf 73' lang='lat' dir='ltr'>incongrue</span> <span class='ocrx_word' id='word_1_930' title='bbox 3465 5574 3754 5654; x_wconf 71' lang='lat' dir='ltr'>hactenus</span> 
     </span>
    </p>
   </div>
   <div class='ocr_carea' id='block_1_125' title="bbox 2100 5644 3747 5718">
    <p class='ocr_par' dir='ltr' id='par_1_125' title="bbox 2100 5644 3747 5718">
     <span class='ocr_line' id='line_1_125' title="bbox 2100 5644 3747 5718; baseline -0.007 -9"><span class='ocrx_word' id='word_1_931' title='bbox 2100 5655 2261 5718; x_wconf 88' lang='lat' dir='ltr'>editi,</span> <span class='ocrx_word' id='word_1_932' title='bbox 2290 5644 2441 5709; x_wconf 80' lang='lat' dir='ltr'>illud</span> <span class='ocrx_word' id='word_1_933' title='bbox 2473 5657 2531 5708; x_wconf 82' lang='lat' dir='ltr'>iu</span> <span class='ocrx_word' id='word_1_934' title='bbox 2568 5644 2832 5715; x_wconf 62' lang='lat' dir='ltr'>llebra’o;</span> <span class='ocrx_word' id='word_1_935' title='bbox 2892 5644 3061 5705; x_wconf 75' lang='lat' dir='ltr'>meus</span> <span class='ocrx_word' id='word_1_936' title='bbox 3110 5667 3243 5718; x_wconf 88' lang='lat' dir='ltr'>ms.,</span> <span class='ocrx_word' id='word_1_937' title='bbox 3285 5644 3425 5704; x_wconf 74' lang='grc' dir='ltr'><strong>ῖιιυά</strong></span> <span class='ocrx_word' id='word_1_938' title='bbox 3474 5647 3534 5700; x_wconf 83' lang='lat' dir='ltr'>in</span> <span class='ocrx_word' id='word_1_939' title='bbox 3582 5644 3747 5710; x_wconf 77' lang='lat' dir='ltr'>libro,</span> 
     </span>
    </p>
   </div>
   <div class='ocr_carea' id='block_1_126' title="bbox 2100 5717 3750 5799">
    <p class='ocr_par' dir='ltr' id='par_1_126' title="bbox 2100 5717 3750 5799">
     <span class='ocr_line' id='line_1_126' title="bbox 2100 5717 3750 5799; baseline -0.008 -19"><span class='ocrx_word' id='word_1_940' title='bbox 2100 5726 2308 5799; x_wconf 87' lang='lat' dir='ltr'>supple</span> <span class='ocrx_word' id='word_1_941' title='bbox 2340 5727 2533 5791; x_wconf 69' lang='lat' dir='ltr'>Exodi,</span> <span class='ocrx_word' id='word_1_942' title='bbox 2568 5726 2675 5799; x_wconf 80' lang='lat' dir='ltr'>hac</span> <span class='ocrx_word' id='word_1_943' title='bbox 2706 5723 2862 5799; x_wconf 74' lang='lat' dir='ltr'>enim</span> <span class='ocrx_word' id='word_1_944' title='bbox 2897 5723 3079 5799; x_wconf 87' lang='lat' dir='ltr'>u_tit_ur</span> <span class='ocrx_word' id='word_1_945' title='bbox 3110 5717 3260 5799; x_wconf 67' lang='lat' dir='ltr'>saepe</span> <span class='ocrx_word' id='word_1_946' title='bbox 3292 5717 3491 5799; x_wconf 77' lang='lat' dir='ltr'>phrasi</span> <span class='ocrx_word' id='word_1_947' title='bbox 3522 5719 3750 5799; x_wconf 62' lang='lat' dir='ltr'>auctor,</span> 
     </span>
    </p>
   </div>
   <div class='ocr_carea' id='block_1_127' title="bbox 2102 5786 3751 5864">
    <p class='ocr_par' dir='ltr' id='par_1_127' title="bbox 2102 5786 3751 5864">
     <span class='ocr_line' id='line_1_127' title="bbox 2102 5786 3751 5864; baseline -0.007 -12"><span class='ocrx_word' id='word_1_948' title='bbox 2102 5801 2157 5853; x_wconf 82' lang='lat' dir='ltr'>ut</span> <span class='ocrx_word' id='word_1_949' title='bbox 2176 5786 2263 5853; x_wconf 63' lang='lat' dir='ltr'>e3!</span> <span class='ocrx_word' id='word_1_950' title='bbox 2296 5800 2435 5853; x_wconf 81' lang='lat' dir='ltr'>illud</span> <span class='ocrx_word' id='word_1_951' title='bbox 2470 5786 2530 5851; x_wconf 75' lang='lat' dir='ltr'>in</span> <span class='ocrx_word' id='word_1_952' title='bbox 2561 5797 2704 5850; x_wconf 81' lang='lat' dir='ltr'>libro</span> <span class='ocrx_word' id='word_1_953' title='bbox 2739 5786 3359 5864; x_wconf 73' lang='lat' dir='ltr'>Genesis,E.rodi,atque</span> <span class='ocrx_word' id='word_1_954' title='bbox 3388 5789 3482 5846; x_wconf 90' lang='lat' dir='ltr'>his</span> <span class='ocrx_word' id='word_1_955' title='bbox 3506 5786 3751 5844; x_wconf 89' lang='lat' dir='ltr'>similia.</span> 
     </span>
    </p>
   </div>
   <div class='ocr_carea' id='block_1_128' title="bbox 2100 5864 3262 5927">
    <p class='ocr_par' dir='ltr' id='par_1_128' title="bbox 2100 5864 3262 5927">
     <span class='ocr_line' id='line_1_128' title="bbox 2100 5864 3262 5927; baseline -0.006 0"><span class='ocrx_word' id='word_1_956' title='bbox 2100 5870 2261 5927; x_wconf 85' lang='lat' dir='ltr'>Facit</span> <span class='ocrx_word' id='word_1_957' title='bbox 2290 5887 2423 5926; x_wconf 90' lang='lat' dir='ltr'>cum</span> <span class='ocrx_word' id='word_1_958' title='bbox 2447 5868 2721 5926; x_wconf 83' lang='lat' dir='ltr'>Ambros.</span> <span class='ocrx_word' id='word_1_959' title='bbox 2748 5881 2919 5924; x_wconf 84' lang='lat' dir='ltr'>meus</span> <span class='ocrx_word' id='word_1_960' title='bbox 2952 5882 3063 5923; x_wconf 90' lang='lat' dir='ltr'>ms.</span> <span class='ocrx_word' id='word_1_961' title='bbox 3095 5864 3262 5922; x_wconf 90' lang='lat' dir='ltr'>liber.</span> 
     </span>
    </p>
   </div>
  </div>
