3970 6384
193 342 350 418 139τ

1169 349 1465 424 QUEST.
1516 348 1878 416 HEBRAIC.
1922 347 2000 415 IN
2046 348 2194 415 LIB.
2240 348 2265 414 Ῑ
2312 346 2612 417 REGUM.

3435 342 3592 416 I398

188 487 407 559 piloque
434 489 745 555 contusum,
771 484 1042 543 utardeat
1097 486 1319 542 lucerna
1365 502 1572 558 semper
1629 487 1691 541 in
1748 490 1829 542 ta-
1862 492 1916 558 Α
2015 490 2203 555 (Vers.
2245 487 2324 543 l9.
2359 488 2376 559 )
2407 509 2436 540 «
2468 487 2538 544 Et
2557 484 2948 560 peroussitde
2967 484 3187 560 populo
3217 483 3591 560 septuaginta

189 572 488 633 bernaon
546 576 800 638 Domini;
855 581 907 631 et
963 576 1302 631 collocabant
1358 592 1479 631 eam
1527 582 1719 631 Aaron
1786 582 1838 631 et

186 666 303 739 ﬁlii
350 667 488 737 ejus,
534 674 593 721 ut
638 682 807 737 mque
852 682 1015 721 mane
1095 667 1268 721 luceat
1349 682 1535 721 coram
1609 665 1835 722 Domino

187 755 382 829 (Exod.
406 772 582 821 xxvu,
612 758 685 809 2O
713 760 771 811 et
799 755 910 826 2t).

260 844 446 916 (Vers.
478 845 559 915 7.)
582 866 610 893 ‹‹
644 844 817 899 Porro
848 842 1079 898 Samuel
1139 842 1389 897 necdum
1448 842 1668 898 sciebat
1723 842 1833 898 Do-

188 934 440 990 minum.
478 955 505 982 ››
535 932 768 987 Nescire
802 929 1109 987 Dominum
1128 931 1343 987 dicitur
1375 932 1545 1004 :quia
1572 949 1672 1003 per
1702 947 1833 1004 pro-

184 1022 399 1095 phetia:
424 1021 766 1093 mysterium
791 1022 1041 1076 necdum
1060 1020 1108 1075 ei
1128 1018 1416 1077 revelatus
1440 1022 1627 1076 fuerat
1639 1036 1832 1077 sermo

186 1109 445 1167 Domini.

259 1199 450 1270 (Vers.
488 1200 598 1267 11.)
629 1222 656 1250 ‹‹
690 1198 843 1254 Dixit
895 1198 1180 1254 Dominus
1236 1199 1308 1254 ad
1355 1196 1627 1254 Samuel:
1690 1198 1833 1253 Ecce

186 1305 295 1362 ego
351 1287 498 1345 facio
526 1289 767 1343 verbum
803 1289 859 1342 in
892 1287 1067 1344 Israel
1098 1305 1111 1343 :
1144 1289 1301 1359 quod
1345 1288 1680 1359 quicunque
1728 1304 1833 1342 au-

187 1376 659 1448 dierit,tinnient
689 1378 871 1432 amba:
929 1394 1100 1433 aures
1138 1377 1286 1448 ejus.
1325 1399 1351 1424 »
1401 1380 1517 1431 Iloc
1571 1377 1629 1431 in
1706 1375 1830 1431 loco

185 1466 566 1522 comminatio
590 1466 822 1522 Domini
851 1470 941 1522 est
970 1482 1146 1537 super
1178 1465 1278 1533 Eli,
1311 1471 1368 1521 et
1389 1481 1566 1537 super
1592 1465 1833 1520 domum

186 1556 319 1627 ejus
346 1572 359 1611 :
394 1572 460 1611 eo
492 1555 645 1628 quod
680 1554 736 1609 in
769 1559 1003 1627 peccato
1034 1555 1285 1610 filiorum
1309 1553 1416 1622 Eli,
1449 1556 1593 1609 Arca
1614 1553 1715 1608 Dei
1745 1570 1835 1609 ca-

185 1648 446 1717 peretur,
479 1647 536 1699 et
573 1642 746 1699 Israel
782 1647 997 1714 rueret,
1032 1649 1085 1699 et
1109 1645 1238 1715 ejus
1263 1642 1361 1697 lilii
1394 1642 1719 1713 interirent,
1780 1645 1837 1697 et

185 1733 401 1788 domus
428 1730 511 1786 Eli
563 1730 886 1787 sacerdotio
935 1732 1147 1787 domus
1205 1729 1432 1785 Domini
1489 1729 1831 1802 privaretur,

184 1826 246 1878 et
274 1821 422 1877 obid
448 1820 663 1876 factum
688 1819 1055 1876 audientium
1083 1836 1256 1876 aures
1286 1818 1568 1875 tinnirent
1597 1828 1832 1891 stupore

181 1909 535 1966 vehementi.

255 2000 444 2070 (Vers.
481 1999 592 2069 15.)
629 2020 655 2048 ‹‹
686 1998 1048 2071 Aperuitque
1097 1998 1248 2054 ostia
1304 1998 1516 2052 domus
1580 1996 1831 2068 Domini,

181 2092 241 2144 et
269 2086 505 2144 Samuel
530 2087 775 2143 timebat
821 2088 1103 2143 visionem
1164 2086 1419 2142 indicare
1475 2085 1581 2141 Eli.
1622 2108 1650 2135 »
1706 2086 1831 2142 Non

182 2175 741 2250 estintelligendum
775 2177 929 2247 quod
962 2174 1192 2231 Samuel
1224 2174 1516 2247 aperuerit
1544 2173 1693 2230 ostia
1731 2174 1833 2230 do-

183 2282 321 2322 mus
338 2264 593 2333 Domini,
628 2265 728 2320 sed
762 2265 1056 2321 sacerdos.

252 2354 440 2426 (Vers.
479 2354 751 2426 19-21.)ο‹‹
780 2354 850 2409 Et
882 2371 997 2409 non
1031 2352 1242 2409 cecidit
1273 2369 1341 2409 ex
1372 2351 1650 2409 omnibus
1702 2368 1832 2408 ver-

182 2444 278 2501 bis
310 2443 545 2500 Samuel
579 2444 637 2499 in
670 2448 906 2499 terram.
946 2465 970 2489 ιι
1002 2443 1129 2497 Non
1160 2442 1439 2498 cecidisse
1464 2458 1533 2497 ex
1557 2441 1832 2496 omnibus

182 2533 380 2591 verbis
413 2533 541 2603 ejus
572 2532 630 2587 in
658 2537 872 2587 terram
905 2532 1139 2601 dicitur,
1173 2532 1312 2603 quia
1358 2530 1643 2603 quidquid
1700 2547 1831 2602 pro-

184 2622 485 2695 phetabat,
522 2622 696 2677 rebus
727 2621 910 2692 gestis
939 2621 1475 2676 demonstrabatur.
1525 2644 1545 2669 ιι
1577 2621 1645 2675 Et
1677 2620 1834 2674 venit

184 2728 381 2769 sermo
412 2710 703 2767 Samuelis
728 2710 996 2766 universo
1025 2709 1241 2765 Israeli.
1275 2730 1301 2761 ι»
1337 2710 1539 2765 Sermo
1565 2710 1692 2779 ejus
1723 2708 1835 2764 fuit

186 2801 259 2857 ad
292 2800 631 2855 universum
694 2799 890 2869 Israel,
959 2799 1113 2871 quod
1163 2798 1524 2870 percutiendi
1558 2802 1755 2853 essent
1799 2815 1834 2854 a

181 2887 503 2944 Philistzeis
536 2893 772 2960 propter
802 2892 1038 2960 peccata
1071 2886 1323 2943 ﬁliorum
1356 2886 1475 2943 Eli:
1504 2905 1678 2959 quem
1711 2904 1832 2942 ser-

184 2995 421 3035 monem
456 2983 698 3033 eventus
731 2977 810 3032 rei
842 2981 1043 3048 postea
1072 2975 1356 3049 probavit.

257 3068 417 3139 (Cap.
446 3065 537 3121 Vl.
572 3097 637 3106 —
677 3070 837 3121 Vers.
872 3066 959 3121 44.
987 3067 1003 3136 )
1036 3090 1061 3114 ((

181 3172 441 3228 magnus
475 3172 488 3223 ;
521 3165 578 3210 et
608 3154 990 3210 conciderunt
1012 3154 1171 3227 ligna
1191 3154 1457 3226 plaustri.
1490 3177 1518 3204 ››
1552 3154 1829 3225 Lapidem

1943 574 2099 631 viros
2129 579 2187 631 et
2216 574 2646 650 quinquaginta
2676 574 2861 632 millia
2890 575 3098 649 plebis.
3134 597 3162 626 υ
3213 574 3276 633 In
3349 575 3587 633 Hebreo

1944 664 2024 721 ita
2054 664 2336 721 habetur:
2374 688 2401 716 «
2436 666 2504 720 Et
2533 664 2823 738 percussit
2842 666 2913 722 de
2961 664 3175 739 populo
3216 665 3593 739 septuaginta

1946 753 2104 810 viros
2134 759 2191 810 et
2220 753 2654 827 quinquaginta
2678 754 2863 811 millia
2900 754 3128 811 viros.»
3179 754 3296 812 Hos
3352 760 3588 828 septua-

1941 842 2105 915 ginta
2135 843 2313 911 viros,
2331 842 2565 916 judices
2582 844 2956 917 septuaginta
2986 843 3207 900 Hebraei
3228 841 3584 917 intelligunt.

1943 932 2204 997 Quorum
2236 933 2442 989 merito
2474 936 2530 989 et
2559 931 2759 1005 glorias
2783 932 3207 1006 quinquaginta
3237 930 3421 989 millia
3476 931 3586 988 viri

1940 1022 2453 1094 comparabantur,
2483 1022 2637 1077 sicut
2685 1026 2744 1078 et
2800 1023 2872 1078 de
2924 1022 3100 1078 David
3139 1020 3386 1079 dicitur:
3447 1022 3588 1096 quia

1942 1118 2002 1167 tu
2032 1127 2186 1167 unus
2226 1128 2331 1184 pro
2361 1112 2563 1167 decem
2596 1111 2865 1168 millibus
2896 1111 3274 1184 computaris.

2012 1237 2170 1308 (Cap.
2200 1235 2321 1292 VII.
2346 1266 2414 1277 —--
2444 1236 2606 1292 Vers.
2638 1237 2717 1309 2.)
2748 1259 2777 1287 «
2819 1238 2890 1292 Et
2923 1237 3143 1293 factum
3201 1239 3292 1292 est
3342 1252 3412 1293 ex
3469 1253 3588 1309 qua

1941 1324 2035 1380 die
2064 1325 2284 1381 mansit
2312 1342 2444 1381 arca
2473 1326 2705 1382 Domini
2745 1325 2805 1381 in
2865 1325 3330 1394 Cariath-Iarim,
3389 1325 3587 1382 multi-

1942 1412 2135 1484 plicati
2168 1419 2310 1469 sunt
2338 1414 2480 1470 dies.
2518 1438 2541 1464 ι
2577 1415 2635 1469 id
2665 1418 2754 1471 est
2778 1414 2982 1487 viginti
3013 1414 3172 1470 anni.
3204 1417 3250 1469 A
3294 1418 3588 1487 tempores

1942 1518 2058 1574 quo
2090 1504 2462 1575 reprobatum
2496 1507 2584 1560 est
2605 1503 2998 1560 sacerdotium
3028 1503 3113 1559 Eli
3142 1520 3329 1576 usque
3360 1504 3432 1560 ad
3490 1504 3590 1560 Sa-

1943 1591 2155 1647 muelis
2184 1592 2485 1657 ducatum,
2536 1593 2741 1665 viginti
2773 1593 3009 1648 fuerunt
3032 1593 3168 1648 anni
3214 1592 3587 1649 miseriarum

1943 1680 2158 1737 referti.
2186 1684 2420 1737 Peracto
2469 1682 2744 1738 vicesimo
2788 1699 2962 1750 anno,
3022 1682 3311 1738 translata
3354 1686 3447 1738 est
3490 1698 3595 1738 ea-.

1942 1770 2076 1825 dem
2107 1786 2243 1825 arca
2273 1769 2596 1826 aSamuele
2618 1769 2676 1825 in
2724 1770 3009 1843 Maspbat,
3069 1774 3128 1825 et
3186 1770 3257 1826 de
3316 1770 3591 1844 Masphat

1860 1867 1909 1932 Β
1939 1858 2369 1915 transtulerunt
2398 1876 2528 1915 eam
2548 1859 2786 1916 Samuel
2813 1863 2872 1915 et
2895 1858 3030 1915 Saul
3060 1858 3121 1914 in
3151 1858 3407 1933 Galgala.
3444 1859 3584 1916 Inde

1939 1947 2223 2004 translata
2242 1953 2331 2004 est
2360 1966 2394 2004 a
2422 1947 2556 2004 Saul
2585 1948 2645 2005 in
2678 1949 2857 2006 Nobe.
2908 1948 2989 2005 De
3046 1948 3197 2005 nobs
3249 1948 3311 2005 in
3368 1948 3586 2005 Gabaa.

1940 2036 2020 2091 De
2040 2036 2219 2092 Gaba.
2247 2035 2535 2093 translata
2564 2042 2654 2093 est
2698 2055 2734 2093 a
2791 2037 2971 2094 David
3020 2037 3081 2092 in
3131 2038 3375 2094 domum
3419 2037 3579 2093 Obed

1940 2125 2145 2180 Edom.
2174 2125 2254 2180 De
2283 2125 2455 2181 domo
2486 2125 2643 2181 Obed
2699 2126 2879 2181 Edom
2927 2126 3232 2183 transtulit
3288 2124 3465 2181 David
3526 2125 3597 2181 in.

1940 2214 2100 2269 Sion.
2133 2214 2212 2269 De
2232 2215 2367 2269 Sion
2413 2212 2714 2271 transtulit
2760 2230 2890 2271 eam
2946 2214 3220 2271 Salomon
3268 2214 3328 2270 in
3373 2218 3586 2271 Sancta

1940 2307 2301 2359 sanctorum.

2010 2419 2203 2491 ([bid.)
2233 2441 2261 2469 ‹‹
2292 2420 2363 2474 Et
2393 2418 2674 2491 requievit
2729 2418 2923 2475 omnis
2966 2417 3141 2475 Israel
3195 2422 3328 2492 post
3378 2416 3579 2475 Domi-

1942 2524 2107 2563 num.
2141 2530 2168 2559 ››
2198 2508 2571 2580 Requievisse
2603 2512 2737 2580 post
2766 2506 3081 2564 Dominum
3098 2508 3407 2563 dicuntur:
3445 2504 3593 2579 quia‘

1942 2597 2184 2669 abiectis
2210 2597 2499 2653 idolorum
2533 2597 2827 2668 sordibus,
2859 2596 3104 2653 Domino
3136 2613 3197 2652 se
3217 2596 3286 2652 ad
3323 2596 3584 2653 servien-

1941 2685 2080 2741 dum
2106 2690 2226 2741 toto
2256 2685 2429 2742 corde
2456 2686 2843 2742 tradiderunt.
2871 2686 3030 2753 Quod
3063 2689 3120 2742 et
3139 2686 3197 2741 in
3222 2686 3584 2757 subsequen-

1941 2772 2101 2831 tibus
2130 2773 2345 2830 dicitur
2378 2792 2391 2830 :

2013 2891 2294 2963 (Vers..“
2338 2913 2365 2940 «
2427 2889 2813 2946 Abstulerunt
2861 2889 2963 2944 ﬁlii
3022 2889 3197 2946 Israel
3245 2889 3467 2947 Baalim
3527 2892 3584 2946 et

1938 2980 2237 3044 Astaroth,
2264 2987 2322 3035 et
2352 2979 2677 3035 servierunt
2719 2978 2960 3034 Domino
3003 2978 3113 3035 soli
3147 2995 3159 3033 :
3192 2983 3250 3035 et
3304 2994 3591 3055 convena:

1115 3067 1247 3120 Erat
1290 3070 1485 3121 autem
1547 3066 1627 3121 ibi
1686 3065 1833 3137 lapis
1939 3074 2079 3125 runt
2107 3068 2165 3123 in
2218 3068 2510 3141 Maspbat,
2572 3068 3012 3139 hauseruntque
3054 3084 3291 3139 aquam,
3322 3071 3381 3123 et
3434 3068 3585 3123 θαα-

1940 3159 2155 3213 derunt
2198 3157 2255 3212 in
2315 3162 2629 3229 conspectu
2685 3156 2937 3211 Domini.
2979 3178 2999 3204 ι
3066 3155 3288 3211 Hebraai
3337 3156 3593 3211 tradunt—

182 3244 370 3301 istum
403 3243 625 3299 Hebraei
657 3260 818 3299 aram
843 3244 916 3299 ab
940 3243 1231 3323 Abraham
1265 3243 1610 3299 aedificatam
1661 3241 1831 3298 intel-
1862 3235 1905 3302 C
1944 3247 2099 3318 quod
2121 3263 2316 3322 coram
2351 3245 2596 3301 Domino
2624 3245 2684 3301 in
2716 3246 2983 3301 eamdem
3010 3261 3223 3317 aquam
3268 3243 3580 3300 maledicta

180 3333 399 3407 ligunt.

262 3422 451 3494 (Vers.
485 3422 572 3490 l7,
611 3423 721 3493 18.)
754 3445 780 3470 ‹‹
814 3421 884 3477 Hi
908 3425 1045 3477 sunt
1075 3427 1269 3477 autem
1323 3422 1417 3476 ani
1470 3421 1654 3487 aurci,
1686 3436 1835 3492 quos

186 3512 578 3569 reddiderunt
609 3510 918 3565 Philistiim
942 3527 1044 3582 pro
1073 3510 1280 3565 delicto
1306 3510 1550 3565 Domino
1580 3529 1593 3566 :
1630 3513 1835 3565 Azotus

190 3618 403 3667 unum,
438 3601 592 3657 Gaza
624 3616 829 3665 unum,
862 3598 1103 3654 Ascalon
1154 3616 1360 3663 unum,
1427 3599 1573 3655 Geth
1627 3616 1838 3668 unum,

187 3688 461 3745 Acheron
496 3705 703 3744 unum.
737 3687 1037 3760 nQuinque
1072 3704 1213 3743 anos
1242 3692 1297 3743 et
1323 3687 1585 3760 quinque
1618 3704 1835 3755 mures,

187 3779 281 3835 hee
318 3778 582 3849 quinque
599 3776 866 3832 civitates
893 3777 1200 3832 dederunt.
1238 3776 1492 3849 Reliquze
1519 3783 1715 3833 autem
1754 3777 1838 3831 ci-

186 3868 404 3925 vitates
436 3866 890 3939 provinciarum,
913 3871 972 3921 et
1012 3864 1162 3921 villae
1211 3884 1337 3938 qua:
1397 3871 1561 3922 erant
1620 3867 1843 3938 absque

191 3974 389 4025 muro,
414 3973 611 4012 mures
636 3960 866 4011 tantum
890 3956 1196 4011 dederunt.
1234 3955 1450 4012 Idcirco
1482 3956 1716 4027 dicitur,
1768 3956 1840 4010 ab

190 4046 339 4103 urbe
370 4050 599 4101 murata
653 4062 837 4117 usque
879 4045 952 4100 ad
1012 4043 1207 4099 villam
1266 4062 1395 4116 quae
1442 4049 1564 4100 erat
1620 4046 1843 4116 absque

191 4151 387 4191 muro.
422 4133 583 4201 Quod
626 4137 822 4188 autem
882 4131 1194 4204 sequitur:
1260 4134 1323 4186 Et
1379 4149 1545 4204 usque
1598 4132 1668 4187 ad
1714 4133 1843 4187 Abel

189 4240 489 4297 magnum,
565 4239 729 4293 super
784 4238 945 4293 quem
985 4229 1286 4293 posuerunt
1344 4238 1530 4276 arcam
1604 4222 1840 4277 Domini.

190 4311 341 4370 Abel
376 4327 655 4384 magnum
688 4310 891 4365 civitas
922 4313 1011 4365 est
1039 4309 1098 4365 in
1138 4309 1387 4366 termino
1442 4309 1639 4366 Israel.
1701 4309 1843 4365 Abel

194 4416 480 4474 magnum
513 4398 726 4455 idcirco
786 4403 1046 4466 vocatur,
1095 4416 1227 4455 cum
1287 4404 1459 4455 antea
1516 4399 1845 4456 Bethsamis

192 4488 446 4546 vocitata
476 4488 571 4558 sit,
607 4488 727 4543 sive
760 4493 996 4560 propter
1028 4486 1249 4543 luctum
1284 4504 1460 4561 super
1488 4488 1626 4544 viris
1674 4488 1838 4545 Beth-

1940 3340 2215 3407 congesta
2240 3336 2402 3390 sint:
2449 3339 2506 3389 et
2570 3335 2724 3390 sicut
2795 3334 2855 3389 in
2918 3333 3042 3406 lege
3072 3332 3284 3389 mulier
3329 3332 3592 3406 zelotypa

1943 3426 2155 3481 hausta
2177 3441 2330 3496 aqua
2350 3424 2738 3495 probatur,ita
2761 3429 2817 3478 et
2842 3423 2936 3479 hic
2968 3421 3285 3479 idololatraa
3306 3422 3415 3478 hac
3437 3438 3593 3494 aqua

1945 3513 2169 3585 probati
2203 3516 2359 3569 sunt.
2396 3512 2461 3567 Hi
2495 3511 2759 3568 videlicet
2781 3512 2881 3582 qui
2914 3527 2976 3567 se
3010 3510 3166 3566 idola
3193 3510 3444 3567 coluisse
3494 3527 3593 3582 pe-

1943 3601 2104 3657 nitus
2135 3601 2525 3673 denegabant.
2560 3601 2824 3656 Tradunt
2853 3599 3029 3656 etiam
3061 3600 3218 3672 quod
3250 3602 3597 3671 quicunque

1946 3690 2255 3747 idololatra
2276 3691 2427 3746 hanc
2444 3707 2658 3761 aquam
2676 3694 2994 3762 gustasset,
3026 3687 3182 3743 labia
3209 3689 3339 3759 ejus
3367 3688 3450 3743 ita
3477 3687 3590 3743 sibi

1948 3780 2407 3847 adhaererentmt
2433 3795 2803 3850 nequaquam
2835 3795 2902 3833 ea
2922 3778 2996 3832 ab
3028 3774 3599 3832 invicemidololatra

1950 3886 2221 3942 separare
2247 3873 2463 3940 posset.
2488 3868 2603 3923 Hoc
2624 3867 2839 3922 indicio
2869 3864 3175 3921 idololatra
3204 3864 3597 3937 deprehende-

1951 3960 2126 4015 batur
2145 3963 2201 4013 et
2229 3956 2709 4013 interﬁciebatur.
2744 3955 2905 4020 Quod
2935 3958 2992 4009 et
3021 3953 3327 4026 sequentia
3354 3954 3594 4010 demon-

1950 4051 2142 4103 strant
2171 4046 2230 4100 in
2262 4062 2328 4101 eo
2360 4045 2515 4117 quod
2564 4043 2679 4099 ait:

2022 4162 2207 4234 (Vers.
2239 4161 2319 4233 6.)
2353 4183 2379 4209 ‹‹
2412 4158 2823 4231 Judicavitque
2864 4156 3096 4213 Samuel
3128 4156 3282 4214 filios
3311 4156 3486 4214 Israel
3534 4156 3596 4213 in

1952 4250 2235 4323 Masphat.
2275 4271 2303 4299 ››
2333 4249 2604 4305 Judicare
2636 4248 2695 4303 in
2727 4247 2837 4304 hoc
2866 4246 3371 4315 locoidololatras,
3396 4262 3600 4303 secun-

1952 4341 2094 4396 dum
2127 4339 2313 4411 legem
2345 4338 2519 4393 morti
2570 4337 2798 4393 tradere
2837 4336 3281 4409 intelligendum
3338 4342 3446 4391 est.
3500 4335 3597 4392 Di-

1953 4433 2097 4485 cunt
2126 4428 2303 4483 etiam
2337 4427 2493 4500 quod
2528 4426 2754 4500 Moyses
2785 4426 2895 4482 hoc
2918 4425 3090 4481 modo
3120 4423 3455 4480 idololatras
3495 4423 3598 4495 qui

1955 4516 2066 4573 sibi
2097 4517 2350 4571 vitulum
2433 4516 2708 4582 fecerant,
2734 4513 3066 4587 probaverit
3093 4512 3327 4584 quando
3352 4510 3603 4584 arripuit

195 4577 513 4673 8931M?“
538 4576 631 4673 .ib.i
652 4578 926 4673 -faf'tum’
960 4578 1079 4673 sivf’
1118 4581 1353 4650 propter
1409 4579 1843 4673 qiStinciionem
1875 4604 1922 4667 D
1953 4606 2201 4661 vitulum
2224 4610 2280 4661 et
2296 4605 2641 4671 combussit,
2674 4576 3076 4659 et‘contritum
3107 4576 3295 4673 usque
3352 4600 3423 4655 ad
3472 4576 3605 4673 pul-

195 4666 452 4725 civitatis
484 4665 626 4722 Abel
650 4665 984 4734 Bethmaca,
1032 4666 1103 4721 de
1153 4683 1269 4738 qua
1323 4666 1667 4723 exclamavit
1718 4684 1844 4722 mu-

194 4758 310 4815 lier
338 4757 573 4830 sapiens
606 4756 676 4811 ad
707 4754 873 4823 Joab,
916 4756 1158 4812 dicens:
1207 4756 1311 4825 Qui
1361 4758 1717 4828 interrogant,
1764 4759 1848 4812 in—

193 4852 477 4916 terrogent
506 4847 563 4901 in
608 4844 867 4915 Abela(ll
898 4849 1027 4916 Reg.
1060 4863 1151 4911 xx,
1205 4848 1314 4913 18).
1348 4845 1442 4901 Sic
1510 4847 1707 4918 itaque
1759 4846 1846 4902 in-

192 4935 583 5009 telligendum
614 4938 724 5003 est,
757 4935 912 5006 quod
944 4935 1016 4990 ab
1048 4935 1191 4991 urbe
1245 4940 1482 4991 murata
1536 4952 1724 5008 usque
1775 4936 1847 4991 ad

191 5023 400 5083 villam
428 5041 557 5093 quae
591 5027 715 5078 erat
742 5023 967 5096 absque
996 5040 1186 5092 muro,
1221 5029 1278 5080 et
1335 5041 1523 5095 usque
1580 5025 1652 5080 ad
1706 5024 1849 5080 Abel

196 5129 510 5186 magnum,
545 5112 812 5168 dederint
845 5129 1063 5170 mures.
1081 5117 1266 5186 Super
1293 5130 1487 5184 quem,
1517 5114 1574 5169 id
1607 5118 1715 5185 est,
1750 5131 1850 5170 su-

196 5220 309 5279 per
337 5202 586 5269 luctum,
620 5207 943 5273 posuerunt
988 5220 1183 5258 arcam
1240 5202 1492 5271 Domini,
1551 5220 1679 5274 qua;
1729 5207 1854 5257 erat

198 5309 396 5364 usque
426 5292 498 5348 ad
528 5290 698 5345 illum
748 5291 901 5347 diem
924 5292 982 5347 in
1047 5308 1184 5365 agro
1234 5292 1410 5347 Josue
1452 5291 1849 5348 Bethsamitis.

200 5380 339 5440 Fuit
361 5397 498 5454 ergo
529 5380 588 5435 in
621 5395 762 5452 agro
815 5378 977 5437 illius
1033 5381 1239 5449 donec,
1298 5380 1358 5436 in
1410 5380 1848 5437 Cariath-Iarim

199 5470 383 5526 ducta
410 5474 519 5525 est.

1956 4711 2149 4751 verem
2176 4694 2412 4766 sparsit,
2445 4693 2503 4749 in
2540 4709 2777 4766 aquam,
2836 4695 2894 4747 et
2938 4689 3100 4747 dedit
3152 4707 3223 4746 ex
3281 4704 3347 4745 eo
3396 4693 3600 4762 potum

1958 4784 2095 4840 filiis
2122 4782 2316 4839 Israel.

2030 4899 2187 4973 (Cap.
2226 4899 2315 4955 IX.
2350 4929 2417 4938 —
2449 4898 2611 4953 Vers.
2632 4897 2685 4952 7.
2722 4897 2738 4966 )
2769 4920 2797 4946 ‹‹
2835 4895 3103 4967 Dixitque
3130 4892 3267 4951 Saul
3316 4892 3387 4949 ad
3450 4907 3599 4965 pue-

1958 5006 2090 5045 rum
2115 4988 2461 5044 suum.Ecce
2484 4986 2704 5040 ibimus
2728 5000 2741 5039 :
2776 4984 2916 5057 quid
2941 4984 3194 5040 feremus
3223 4981 3295 5039 ad
3327 4982 3517 5037 virum
3539 4979 3603 5035 τ»

1957 5079 2081 5134 Non
2113 5076 2269 5134 enim
2300 5075 2544 5148 putabat
2572 5073 2710 5131 Saul
2744 5072 2855 5130 sibi
2886 5072 3084 5129 asinas
3114 5089 3148 5128 a
3178 5069 3449 5127 Samuele
3494 5068 3605 5125 ali-

1957 5174 2048 5224 ter
2084 5166 2349 5233 iudicari,
2401 5164 2515 5221 nisi
2578 5164 2763 5237 pretio
2814 5161 3214 5230 divinationis,
3271 5160 3402 5217 ideo
3469 5160 3599 5217 ait:

1959 5280 1987 5308 ‹‹
2022 5256 2170 5322 Quid
2204 5256 2459 5311 feremus
2490 5255 2562 5310 ad
2592 5252 2784 5310 virum
2814 5253 2843 5307 ‘l
2875 5274 2902 5301 ››

2030 5380 2217 5453 (Vers.
2257 5381 2359 5448 t2).
2396 5400 2423 5428 ‹‹
2456 5378 2690 5434 Festina
2720 5393 2913 5433 nunc:
2954 5376 3126 5433 hodie
3187 5374 3346 5432 enim
3410 5374 3608 5432 veniet

1962 5471 2019 5526 in
2052 5469 2344 5525 civitatem
2380 5484 2392 5524 :
2428 5466 2565 5539 quia
2587 5465 2943 5523 sacriﬁcium
2975 5469 3065 5522 est
3116 5465 3331 5539 populo
3388 5463 3448 5521 in
3506 5481 3611 5521 ex-

317 5684 398 5755 (a)
430 5683 577 5741 Tota
610 5682 731 5741 haec
764 5684 1050 5759 pericope,
1082 5683 1330 5742 averbis
1353 5685 1398 5741 'A
1430 5688 1695 5758 tempore,
1728 5701 1921 5760 usque
1950 5685 2168 5759 referri,
2200 5685 2259 5742 in
2292 5699 2421 5742 meo
2444 5699 2555 5741 ms.
2580 5682 2967 5741 desideratur.
