3970 6390
351 384 509 452 1399

1838 366 2258 441 APPENDI'X.

3592 369 3751 435 1400
3792 400 3797 405 ·

346 525 523 588 celso.
558 549 586 578 »
646 524 1010 584 Sacrificium
1071 525 1129 580 in
1187 522 1297 581 hoc
1352 523 1478 581 loco
1527 522 1838 597 prandium
1899 520 1988 575 in-
2017 515 2072 580 A
2100 514 2172 571 Et
2200 513 2333 586 quis
2363 514 2549 587 major
2578 512 2677 569 illo
2707 512 2764 568 in
2797 511 3082 585 dignitate
3102 511 3168 583 (f)
3191 513 3247 566 et
3276 505 3562 582 sapientia
3586 504 3614 561 ?
3642 507 3754 579 Op-

344 617 811 705 telligitur,quod
843 619 1267 689 praeparaverat
1294 613 1529 672 Samuel
1556 611 1768 687 populo
1798 611 1858 667 in
1889 610 1996 666 Ka-

345 709 560 767 lendis.

417 797 600 871 (Vers.
632 798 718 866 19,
749 797 867 867 20.)
900 818 927 847 α
957 799 1027 854 Et
1055 795 1348 853 dimittam
1382 799 1440 852 te
1471 811 1680 863 mane;
1714 797 1771 850 et
1799 791 1999 849 omnia

349 900 478 963 Qua
509 892 649 944 sunt
671 888 730 943 in
763 889 935 944 corde
966 892 1068 943 tuo
1098 887 1369 942 indicabo
1417 886 1562 941 tibi:
1615 889 1671 941 et
1690 884 1761 940 de
1793 882 1996 950 asinis,

350 988 499 1052 quas
548 977 851 1050 perdidisti
901 976 1354 1045 nudiustertius,
1411 993 1484 1032 ne
1536 974 1821 1031 sollicitus
1875 972 1994 1028 sis:

351 1067 493 1140 quia
523 1067 769 1123 inventa:
802 1070 1023 1123 sunt.»
1080 1066 1219 1122 Erat
1282 1066 1341 1121 in
1401 1066 1575 1122 corde
1629 1062 1789 1130 Saul,
1850 1061 2003 1117 sicut

348 1157 575 1214 Hebraei
603 1156 865 1222 tradunt,
898 1156 1053 1226 quod
1084 1172 1183 1210 rex
1213 1155 1445 1210 futurus
1492 1157 1666 1219 esset,
1728 1152 1867 1224 quia
1917 1148 2001 1203 vi-

351 1246 520 1304 derat
538 1262 641 1319 per
661 1244 851 1301 visum
884 1261 955 1300 se
985 1245 1043 1299 in
1074 1244 1290 1300 vertice
1317 1242 1544 1299 arboris
1566 1241 1773 1314 palma:
1830 1238 2003 1295 collo-

352 1335 494 1393 cari.
519 1338 659 1402 Qua;
684 1333 830 1390 visio
854 1334 1093 1406 signum
1124 1332 1318 1405 regale
1351 1333 1481 1388 fuit.

423 1424 587 1497 (Cap.
622 1423 689 1479 X.
722 1453 791 1464 --
819 1423 989 1479 Vers.
1011 1422 1091 1494 3.)
1125 1445 1152 1472 «
1185 1426 1448 1494 Cumque
1468 1419 1683 1477 abieris
1730 1419 1888 1485 inde,
1948 1420 2007 1472 et

356 1511 516 1569 ultra
541 1511 868 1576 transieris,
902 1516 960 1568 et
1012 1511 1242 1568 veneris
1297 1512 1367 1566 ad
1407 1525 1688 1582 quercum
1748 1508 2002 1574 Thabor,

350 1602 652 1659 invenient
678 1606 735 1658 te
762 1601 843 1657 ibi
873 1606 992 1658 tres
1020 1600 1125 1657 viri
1153 1600 1535 1660 ascendentes
1574 1600 1647 1655 ad
1693 1597 2005 1657 Dominum

352 1691 416 1749 in
447 1691 667 1749 Bethel.
693 1714 721 1744 »
752 1691 820 1747 Hi
850 1691 959 1747 viri
992 1707 1170 1747 causa
1189 1689 1470 1746 erationis
1499 1688 1665 1745 ibant
1692 1689 1752 1742 in
1784 1685 2005 1752 Bethel,

354 1781 461 1839 ubi
480 1781 663 1837 Jacob
692 1780 949 1853 lapidem
981 1781 1262 1835 erexerat.

2101 605 2245 661 time
2276 604 2431 660 enim
2464 608 2657 676 potest
2703 603 2856 659 inter
2885 601 3197 674 prophetas
3227 598 3466 664 versari,
3490 602 3547 653 et
3585 600 3750 669 pater

2104 711 2329 759 eorum,
2361 693 2417 748 id
2450 697 2538 748 est
2567 692 2869 765 magister,
2899 690 3113 758 vocari,
3147 689 3247 761 qui
3292 697 3410 743 tam
3432 688 3640 743 doctus
3688 689 3746 740 et

2105 782 2339 854 sapiens
2370 786 2477 837 est.
2512 786 2681 837 Pater
2710 779 2988 853 magister
3016 787 3254 835 vocatur
3311 777 3464 832 sicut
3516 774 3753 832 Elisazus

2105 873 2290 928 Etiam
2342 875 2588 944 patrem,
2650 870 2706 924 id
2766 873 2855 925 est
2912 869 3281 940 magistrum,
3333 869 3529 922 vocat:
3588 865 3754 918 Pater

2106 965 2204 1033 mi,
2226 967 2386 1034 pater
2411 963 2510 1030 mi,
2543 976 2739 1015 currus
2772 958 2941 1014 Israel
2979 959 3027 1013 et
3066 957 3263 1028 auriga
3310 956 3427 1028 ejus
3483 954 3575 1025 (ιν
3626 953 3750 1022 Reg.

2110 1053 2304 1124 11,12).
2340 1052 2407 1106 Et
2436 1050 2661 1105 inlibro
2703 1048 2834 1115 Job,
2895 1046 3058 1102 Heliu
3118 1044 3353 1117 Eliphaz
3402 1048 3644 1114 patrem,
3695 1040 3753 1097 id

2108 1146 2198 1198 est
2226 1140 2592 1213 magistrum,
2629 1148 2813 1202 vocat,
2846 1136 2956 1191 hoc
2988 1134 3161 1190 modo
3188 1150 3200 1187 :
3234 1135 3397 1189 Pater
3425 1132 3525 1197 mi,
3570 1128 3755 1203 probe-

2110 1241 2205 1287 tur
2230 1230 2329 1286 Job
2360 1245 2530 1299 usque
2558 1227 2632 1282 ad
2661 1228 2827 1297 ﬁnem
2856 1226 2992 1296 (Job.
3027 1239 3215 1284 xxxxv,
3249 1221 3360 1292 36).

2184 1318 2344 1390 (Cap.
2386 1317 2449 1372 X.
2486 1315 2735 1369 —Vers.
2778 1315 2897 1383 25.)
2954 1313 3207 1367 Locutus
3264 1313 3352 1365 est
3408 1311 3601 1363 autem
3658 1307 3757 1362 Sa-

2112 1406 2269 1463 muel
2290 1407 2361 1461 ad
2395 1403 2676 1478 populum
2703 1401 2887 1474 legem
2919 1400 3083 1473 regni
3112 1423 3128 1467 ;
3160 1421 3187 1450 »
3222 1398 3516 1464 Hebraeus,
3549 1394 3758 1450 «Judi-

2112 1496 2267 1552 cium
2302 1493 2485 1567 regni.
2510 1494 2579 1548 Et
2608 1489 2868 1562 reposuit
2915 1505 3110 1545 coram
3167 1486 3439 1543 Domino.
3472 1507 3499 1535 ››
3556 1488 3759 1540 Coram

2114 1584 2381 1649 Domino,
2414 1582 2472 1636 id
2493 1585 2582 1636 est
2611 1596 2806 1635 coram
2829 1594 2963 1634 arca
3014 1575 3268 1648 Domini,
3329 1592 3455 1647 quae
3520 1577 3641 1629 erat
3698 1573 3759 1628 in

2116 1672 2407 1746 Maspbat.

2186 1763 2344 1834 (Cap.
2372 1759 2489 1816 XII.
2526 1790 2592 1799 ——
2623 1754 2921 1824 Vers.ll.)
2962 1778 2988 1805 ‹‹
3022 1756 3092 1811 Et
3122 1752 3283 1809 misit
3330 1751 3614 1808 Dominus
3665 1748 3763 1805 Je-

428 1870 621 1943 (Vers.
652 1868 732 1939 5.)
754 1837 783 1919 :«
817 1869 956 1925 Post
982 1869 1104 1925 haec
1131 1868 1370 1925 veniens
1426 1868 1499 1924 ad
1557 1866 1763 1923 collem
1821 1864 1941 1920 Dei.
1978 1886 2007 1913 »
2040 1886 2087 1950 Β
2118 1850 2323 1950 ωδδξὶὶ
2354 1855 2409 1906 ϐῐ
2431 1849 2664 1947 Βθᾶθιξλν.
2703 1851 2758 1944 C'f
2807 1844 3039 1917 Jephta.
3086 1846 3143 1899 εἴ
3190 1839 3446 1910 Samuel,
3504 1843 3560 1896 et
3593 1837 3767 1937 ,θτυξῒ

359 1957 537 2015 Collis
604 1958 702 2014 Dei
746 1957 912 2014 locus
964 1962 1109 2022 erat,
1159 1956 1258 2013 ubi
1318 1957 1608 2030 propheta:
1690 1955 2005 2011 habitant:

368 2060 399 2098 «⁵
423 2049 495 2105 Et
523 2046 743 2104 insiliat
770 2047 830 2103 in
852 2050 908 2104 te
937 2047 1190 2120 Spiritus
1224 2046 1473 2115 Domini,
1524 2050 1580 2102 et
1634 2043 2010 2118 prophetahis

367 2153 507 2195 eum
538 2137 643 2193 eis.
679 2158 707 2187 »
740 2136 1124 2209 Prophetasse
1154 2152 1285 2191 eum
1319 2135 1398 2191 ibi
1440 2134 1625 2191 Judaei
1683 2133 1886 2188 dicunt
1942 2135 2013 2185 de

361 2227 562 2283 futuro
590 2225 828 2293 saeculo,
862 2226 933 2281 de
963 2226 1087 2297 Gog
1114 2229 1171 2280 et
1198 2225 1425 2297 Magog,
1451 2228 1507 2279 et
1532 2224 1604 2279 de
1632 2221 1885 2295 praemiis
1910 2220 2013 2291 ju-

366 2320 593 2372 storum
624 2320 682 2372 et
719 2332 889 2388 poena
917 2314 1256 2387 impiorum.

442 2405 630 2476 (Vers.
678 2403 761 2477 7.)
794 2427 820 2454 ‹‹
879 2404 1124 2470 Quando
1177 2419 1314 2475 ergo
1365 2402 1628 2459 venerint
1685 2401 1855 2474 signa
1897 2400 2019 2455 hac

373 2493 573 2551 omnia
596 2493 726 2561 tibi,
760 2492 849 2549 fac
879 2509 1242 2565 quaecunque
1289 2491 1573 2547 invenerit
1630 2506 1840 2545 manus
1896 2494 2019 2553 tua,

372 2583 514 2657 quia
541 2582 695 2639 Deus
722 2585 917 2638 tecum
948 2586 1060 2638 est.
1105 2603 1133 2630 ››
1181 2586 1257 2636 Ac
1305 2580 1354 2637 si
1398 2580 1645 2637 diceret:
1686 2578 1777 2635 his
1837 2578 2023 2651 signis

378 2688 553 2729 nosse
574 2671 821 2745 poteris,
853 2670 993 2742 quia
1022 2671 1206 2727 Deum
1239 2675 1295 2726 te
1327 2686 1518 2741 regem
1543 2670 1663 2725 fore
1694 2666 1895 2724 voluit.
1954 2667 2025 2721 Et

379 2760 598 2817 idcirco
629 2761 702 2816 ad
734 2761 1086 2832 omniaquae
1125 2759 1231 2814 tibi
1279 2759 1507 2832 agenda
1560 2763 1697 2815 sunt
1752 2755 2027 2828 regaliter

381 2864 489 2921 age
509 2849 649 2922 quia
668 2853 821 2905 Deus
849 2854 1041 2904 tecum
1076 2852 1182 2904 est.

454 2939 640 3011 (Vers.
664 2939 741 3011 8.)
774 2962 802 2989 ‹‹
834 2939 904 2994 Et
958 2938 1276 2993 descendas
1323 2941 1456 2992 ante
1500 2953 1591 2992 me
1647 2936 1706 2991 in
1739 2933 1980 3007 Galgala
2011 2949 2025 2987 :

384 3040 491 3100 ego
513 3028 730 3100 quippe
760 3026 1108 3083 descendam
1137 3027 1208 3081 ad
1234 3035 1285 3082 te
1305 3030 1369 3081 ut
1398 3026 1606 3082 oli‘eras
1652 3024 2027 3091 oblationem,

384 3121 443 3172 et
470 3115 741 3172 immoles
771 3116 1039 3172 victimas
1070 3116 1361 3189 pacificas.
1396 3117 1623 3186 Septem
1674 3114 1882 3169 diebus
1941 3128 2032 3165 ex-

380 3205 675 3279 Spectabls
700 3207 882 3261 donec
928 3205 1154 3261 veniam
1198 3205 1267 3260 ad
1318 3210 1395 3272 te,
1456 3209 1514 3259 et
1564 3203 1866 3259 ostendam
1920 3198 2025 3254 tibi

384 3304 516 3368 qum
549 3296 751 3352 facias.
786 3295 1030 3350 Videtur
1051 3295 1406 3367 quibusdam
1438 3286 2027 3365 inculpabiliterSaul

382 3383 669 3441 obtulisse
700 3383 1130 3450 holocaustum,
1188 3401 1321 3440 cum
1370 3383 1605 3440 Samuel
1659 3382 2027 3454 exspectatus

384 3473 458 3528 ab
483 3473 762 3545 eo,juxta
782 3472 1064 3545 placitum
1096 3477 1319 3543 septem
1351 3473 1582 3528 dierum
1630 3489 1745 3527 non
1784 3468 2023 3525 venerit.

382 3560 544 3626 Quod
570 3562 618 3617 si
652 3560 785 3634 quis
815 3562 972 3616 hunc
1001 3561 1192 3617 locum
1238 3562 1386 3616 bene
1451 3560 1805 3625 dixtinxerit,
1867 3558 2023 3612 inve-

382 3651 505 3707 niet
532 3667 665 3707 eum
701 3667 816 3706 non
849 3650 1144 3706 immerito
1165 3651 1469 3723 culpatum
1502 3649 1684 3705 fuisse
1713 3654 1769 3704 et
1825 3647 2023 3703 inobe-

381 3739 632 3796 dientem
654 3741 1052 3811 redargutum.
1086 3740 1272 3796 Locus
1302 3743 1505 3795 autem
1562 3738 1655 3794 hic
1705 3738 1858 3810 apud
1911 3736 2022 3791 He-

378 3828 565 3886 braeos
594 3828 675 3884 ita
705 3827 1123 3903 distinguitur:
1161 3853 1187 3879 ‹‹
1213 3829 1279 3884 Et
1309 3827 1625 3884 descendas
1660 3832 1793 3883 ante
1817 3844 1908 3882 mc
1963 3827 2021 3881 in

378 3914 654 3991 Galgala:
696 3935 802 3990 ego
835 3918 1050 3990 quippe
1081 3917 1433 3974 descendam
1456 3917 1525 3972 ad
1562 3920 1636 3971 te.
1672 3938 1699 3965 »
1728 3917 1794 3970 Et
1826 3925 2025 3986 postea

377 4006 625 4062 infertur
650 4023 663 4062 :
690 4029 715 4056 α
751 4008 834 4062 Ad
870 4007 1200 4063 offerendas
1226 4005 1550 4063 oblationes
1606 4009 1663 4061 et
1719 4002 2025 4060 immolan-

379 4096 487 4153 das
509 4094 775 4151 victimas
798 4096 1091 4168 paciﬁcas,
1117 4101 1341 4168 septem
1372 4095 1581 4151 diebus
1634 4092 2020 4166 exspectabis,

380 4185 568 4240 donec
590 4184 819 4239 veniam
853 4186 924 4240 ad
956 4190 1033 4253 te,
1067 4190 1123 4240 et
1153 4184 1457 4241 ostendam
1491 4184 1598 4239 tibi
1623 4200 1749 4256 quas
1783 4182 2021 4238 facias.»

380 4273 509 4330 Non
560 4271 716 4328 enim
755 4273 1011 4342 Samuel,
1075 4292 1249 4330 suum
1312 4272 1630 4346 praestolari
1707 4274 2022 4328 adventum

383 4361 559 4419 Sauli-
599 4365 820 4432 septem
864 4362 1091 4418 dierum
1139 4367 1401 4435 tempore
1457 4362 1746 4434 praecepit,
1806 4363 1905 4417 sed
1951 4362 2022 4416 ad

383 4451 711 4509 oll'erendas
765 4450 1117 4521 oblationes,
1174 4455 1230 4507 et
1285 4450 1677 4508 immolandas
1759 4451 2027 4507 victimas

379 4539 677 4612 paciﬁcus,
740 4555 802 4595 se
851 4540 922 4596 ab
984 4556 1050 4596 eo
1102 4540 1323 4596 eisdem
1382 4543 1603 4611 septem
1650 4540 1856 4596 diebus
1927 4557 2025 4594 vo-

2116 1957 2218 1996 vos
2250 1940 2320 1994 de
2354 1955 2532 1994 manu
2586 1935 2962 1990 inimicorum
3012 1936 3336 1987 vestrorum
3400 1946 3503 2001 per
3556 1926 3765 1983 circui-

2120 2034 2273 2085 tum.
2319 2050 2347 2077 »
2377 2024 2653 2083 Jerubaal
2687 2024 2810 2097 ipse
2839 2026 2928 2078 est
2955 2010 3182 2077 Gedeon
3211 2036 3224 2075 :
3276 2023 3334 2076 et
3391 2017 3584 2074 Bedan
3641 2017 3768 2090 ipse

2122 2124 2212 2174 est
2238 2121 2505 2173 Samson.

2197 2207 2382 2277 (Vers.
2418 2205 2531 2273 44.)
2567 2226 2593 2253 ‹‹
2616 2202 2674 2258 Si
2704 2199 3022 2257 timueritis
3048 2197 3382 2265 Dominum,
3440 2199 3497 2252 et
3552 2192 3763 2250 servie-

2126 2297 2253 2352 ritis
2283 2296 2356 2365 ei,
2386 2299 2441 2349 et
2471 2291 2774 2348 audieritis
2804 2306 3000 2345 vocem
3024 2290 3173 2360 ejus,
3204 2290 3260 2343 et
3289 2302 3403 2342 non
3459 2299 3764 2356 exaspera-

2127 2385 2325 2442 veritis
2347 2401 2411 2439 os
2442 2382 2692 2439 Domini.
2726 2404 2754 2430 »
2788 2380 2863 2435 Os
2887 2378 3138 2445 Domini,
3171 2375 3310 2432 dicit
3337 2392 3402 2431 os
3460 2372 3765 2446 propheta-

2130 2492 2282 2542 rum,
2319 2473 2415 2545 qui
2457 2489 2527 2527 ex
2555 2487 2651 2526 ore
2685 2468 2937 2535 Domini,
2967 2467 3371 2539 loquebantur.

2203 2565 2361 2636 (Cap.
2394 2563 2541 2619 XIII.
2574 2589 2633 2602 «-
2667 2560 2824 2615 Vers.
2859 2558 2937 2629 4.)
2972 2558 2984 2591 ¹
3018 2558 3093 2629 (b)
3119 2577 3145 2610 α
3178 2555 3359 2611 Filius
3415 2552 3589 2609 unius
3637 2549 3777 2607 anni

2133 2658 2257 2711 erat
2285 2653 2421 2709 Saul
2454 2668 2585 2706 cum
2647 2664 2889 2721 regnare
2949 2646 3238 2719 cmpisset.
3286 2643 3524 2700 Duobus
3581 2645 3774 2697 autem

2135 2743 2307 2800 annis
2365 2739 2629 2814 regnavit
2685 2755 2864 2811 super
2912 2737 3106 2792 Israel.
3144 2757 3172 2789 υ
3212 2734 3338 2789 Non
3396 2732 3468 2789 de
3517 2728 3775 2786 Isboseth

2136 2833 2257 2889 {ilio
2286 2830 2441 2898 Saul,
2475 2830 2575 2886 sed
2600 2830 2669 2884 de
2686 2828 2888 2884 eodem
2919 2825 3091 2881 Saule
3113 2824 3334 2879 dictum
3369 2827 3457 2878 est
3497 2820 3625 2876 hoc.
3685 2818 3777 2874 Sic

2138 2922 2294 2978 enim
2327 2925 2452 2976 erat
2482 2919 2787 2981 innocens,
2819 2915 3055 2988 quando
3085 2929 3329 2986 regnare
3376 2909 3568 2982 cmpit,
3625 2907 3779 2964 sicut

2139 3011 2297 3067 (ilius
2321 3014 2409 3066 est
2426 3009 2601 3063 unius
2628 3006 2851 3074 anni,et
2880 3004 2938 3059 in
2963 3004 3162 3060 eadem
3193 3000 3523 3058 innocentia
3551 2997 3779 3053 duobus

2140 3116 2416 3171 regnasse
2447 3096 2619 3153 annis
2650 3096 2882 3150 dicitur.

2213 3190 2395 3261 (Vers.
2427 3190 2481 3255 3,
2523 3186 2645 3257 l.)«
2674 3185 2833 3250 Quod
2894 3199 3026 3237 cum
3096 3179 3402 3235 audissent
3443 3175 3775 3261 Pbilistiim,

2140 3278 2277 3335 Saul
2299 3278 2508 3334 cecinit
2533 3276 2777 3331 buccina
2798 3274 2857 3328 in
2882 3270 3039 3328 omni
3070 3274 3244 3333 terra,
3276 3267 3475 3322 dicens
3501 3260 3782 3321 :Audiant

2136 3368 2379 3424 Hebraai.
2413 3369 2479 3423 Et
2510 3366 2818 3421 universus
2876 3360 3052 3417 Israel
3110 3358 3336 3414 audivit
3374 3352 3778 3427 hujuscemodi

2136 3459 2353 3516 famam
2381 3476 2393 3513 :
2427 3453 2717 3530 percussit
2771 3451 2908 3508 Saul
2940 3449 3248 3505 stationem
3279 3444 3778 3502 Pbilistinorum.»

2134 3549 2228 3605 Sic
2260 3547 2413 3603 enim
2440 3543 2879 3614 intelligendum
2915 3544 3022 3609 est,
3074 3537 3229 3609 quod
3289 3552 3419 3590 cum
3482 3532 3782 3589 audissent

2136 3635 2470 3701 Pbilistiim,
2503 3630 2876 3695 subauditur,
2910 3625 3235 3683 conturbati
3274 3628 3432 3680 sunt.
3473 3621 3608 3677 Saul
3638 3622 3778 3675 ceci-

2133 3728 2219 3781 m't
2252 3726 2497 3779 buccina.
2530 3726 2659 3776 Haec
2692 3718 2939 3776 buccina
2986 3716 3220 3787 signum
3278 3711 3526 3767 victoriae
3581 3713 3637 3765 et
3682 3726 3779 3765 ex-

2135 3814 2483 3871 hortationis
2533 3811 2662 3878 fuit,
2710 3814 2776 3864 ut
2830 3807 3101 3863 audirent
3146 3792 3204 3859 et
3261 3804 3503 3858 nossent
3565 3797 3779 3855 Hebraei

2134 3902 2509 3960 conturbatos
2536 3904 2592 3956 et
2614 3903 2916 3971 superatos
2940 3912 3067 3950 esse
3098 3892 3440 3948 Philistazos.
3474 3889 3782 3960 Propterea

2133 3992 2400 4065 sequitur
2432 4008 2444 4046 :
2479 4014 2505 4039 α
2536 3990 2604 4044 Et
2644 3988 2955 4043 universus
2987 3982 3163 4040 Israel
3190 3981 3413 4037 audivit
3439 3974 3778 4051 hujusmodi

2134 4082 2391 4139 famam:
2428 4077 2720 4134 Percussit
2749 4074 2884 4131 Saul
2918 4072 3228 4128 stationem
3262 4068 3713 4125 Pbilistinorurn.
3746 4087 3774 4113 ››

2133 4171 2234 4228 Hic
2266 4170 2439 4225 rebus
2469 4162 3174 4239 compertis,confortatus
3216 4164 3306 4215 est
3336 4155 3512 4213 Israel
3543 4156 3777 4227 propter

2134 4260 2357 4316 boc.Et
2387 4256 2689 4328 sequitur:
2724 4277 2751 4305 ‹‹
2817 4254 2887 4308 Et
2939 4249 3120 4307 erexit
3166 4266 3227 4305 se
3278 4245 3453 4302 Israel
3504 4244 3777 4301 adversus

2136 4347 2481 4417 Pbilistaeos,
2516 4366 2543 4393 ››
2578 4343 2635 4399 id
2695 4347 2783 4398 est
2826 4339 3073 4396 viriliter
3130 4335 3301 4410 cmpit
3358 4347 3527 4407 agere
3585 4335 3779 4389 contra

2135 4436 2482 4492 Philistaeos.

2206 4543 2389 4616 (Vers.
2421 4543 2474 4597 6.
2509 4542 2576 4611 )«
2609 4539 2768 4605 Quod
2804 4554 2937 4593 cum
2970 4535 3254 4591 vidissent
3283 4531 3382 4587 filii
3416 4529 3586 4587 Israel
3619 4530 3688 4601 (c)
3717 4544 3779 4585 se

378 4627 491 4683 luit
545 4629 891 4700 exspectari.
944 4630 1107 4693 Quod
1154 4628 1255 4684 ille
1317 4645 1687 4701 nequaquam
1767 4630 1920 4693 fecit,
1973 4633 2029 4684 et
2059 4629 2105 4694 D
2137 4632 2195 4687 in
2223 4635 2382 4687 arcto
2417 4629 2639 4702 positos
2668 4645 2682 4683 :
2718 4627 2972 4682 afflictus
3004 4624 3159 4680 enim
3190 4626 3313 4677 erat
3341 4618 3592 4693 populus
3616 4634 3629 4673 ε
3653 4617 3782 4673 abs-

378 4717 510 4775 ideo
567 4718 775 4775 merito
834 4716 1126 4791 culpatur,
1182 4722 1241 4774 et
1294 4717 1554 4774 stultitiae
1611 4716 1796 4792 elogio
1854 4718 2027 4773 deno-

377 4812 502 4864 tatu
513 4825 559 4862 r.

448 4896 638 4969 (Vers.
676 4897 788 4966 12.)
845 4919 874 4947 κ
928 4896 1365 4969 Responditque
1409 4896 1553 4953 alter
1608 4896 1679 4952 ad
1756 4894 2027 4965 alterum,

380 4984 582 5043 dicens
615 4989 725 5043 :Et
756 4985 892 5059 quis
938 4990 1105 5058 pater
1149 5003 1351 5042 eorum
1387 4987 1464 5040 Ρ»
1517 4987 1597 5041 Ac
1652 4985 1700 5042 si
1762 4985 2029 5042 diceret:

412 5145 466 5208 ,⁸
522 5120 922 5219 Ριιωροειθινυε
988 5146 1163 5219 ordo
1207 5144 1600 5219 capitulorum
1633 5151 1858 5219 exstat
1918 5149 2029 5206 hoc

378 5215 526 5289 loco,
560 5215 696 5275 nam
718 5218 895 5275 verba
923 5217 1125 5275 isthazc
1150 5215 1316 5273 initio
1345 5217 1584 5289 capituli
1614 5218 1825 5276 decimi
1874 5222 2027 5278 tertii

377 5285 674 5361 leguntur,
700 5308 834 5347 cum
865 5296 1064 5347 tamen
1088 5289 1201 5346 alia
1229 5285 1656 5362 consequenter
1684 5292 1874 5363 posita
1887 5294 2024 5361 sint,

377 5430 526 5557 ettEa)
558 5433 621 5486 In
657 5447 786 5487 meo
819 5449 954 5502 ms.,
988 5434 1119 5502 Quis
1146 5433 1325 5503 major
1344 5431 1578 5488 illorum
1632 5434 1691 5487 in
1732 5432 2024 5501 dignitate,

449 5573 528 5644 (b)
558 5572 772 5647 Videas
798 5571 918 5627 haec
937 5577 1131 5647 tamen
1165 5590 1413 5645 suo,non
1433 5579 1780 5647 praepostero
1802 5578 2021 5647 ordine,

378 5643 560 5712 penes
593 5643 907 5698 Rabanum
936 5646 1185 5701 recitari.

449 5715 521 5789 (c)
550 5718 695 5772 Cum
725 5712 957 5788 vulgato
986 5715 1300 5789 interprete
1318 5721 1513 5789 “.meus
1571 5733 1708 5790 ms.,
1765 5720 2024 5779 Vidissent

2139 4721 2457 4777 conderant
2488 4735 2548 4774 se
2578 4717 2637 4773 in
2674 4715 2971 4789 Speluncis
3003 4718 3059 4769 et
3087 4712 3142 4785 in
3189 4710 3426 4781 abditis,
3477 4710 3532 4764 in
3602 4707 3782 4779 petris

2139 4826 2373 4882 quoque
2394 4813 2449 4865 et
2471 4808 2529 4863 in
2579 4807 2788 4871 antris,
2821 4809 2879 4861 et
2910 4804 2965 4858 in
2999 4801 3287 4859 cisternis.
3321 4797 3539 4855 Hebraei
3586 4800 3777 4853 autem

2138 4898 2502 4955 transierunt
2530 4895 2846 4951 Jordanem
2879 4893 2937 4948 in
2975 4896 3190 4947 terram
3210 4889 3332 4946 Gad
3354 4891 3410 4944 et
3454 4884 3715 4944 Galaath.
3748 4905 3775 4934 η

2139 4988 2199 5044 Si
2230 5004 2291 5044 se
2324 4985 2634 5043 abscondit
2654 4984 2731 5059 (ά)
2765 4980 2938 5039 Israel
2972 4981 3029 5037 in
3053 4977 3308 5053 praefatis
3330 4975 3491 5044 locis,
3523 4974 3660 5048 quid
3694 4977 3781 5031 est

2138 5165 2264 5221 quae
2296 5149 2568 5275 adtcaput
2595 5145 2887 5203 decimum
2917 5148 2975 5201 et
3028 5139 3437 5199 duodecimum
3494 5135 3778 5212 pertinere

2140 5238 2364 5275 noscun
2395 5237 2486 5275 ur.

2140 5237 2486 5278 noscuntur.

2136 5436 2479 5587 l,z_,(:l)lsz(;)edd
2514 5503 3085 5587 Rabanumﬂuca’stio
3122 5516 3237 5587 non
3261 5494 3775 5587 indignalobocimf.,

2139 5567 2292 5635 si‘se
2347 5567 2494 5633 ém'm
2549 5567 2882 5641 abscondit;
2922 5578 3053 5639 etc.,
3102 5589 3165 5627 ac
3206 5567 3435 5638 deinde,
3495 5567 3646 5638 Quod
3703 5568 3779 5621 ita

2138 5652 2387 5719 solvitur,
2418 5649 2704 5705 Absconsis
2725 5646 3072 5718 quibusdam.
3105 5647 3215 5700 etc.
