3970 6388
182 390 335 460 “Ol

180 529 337 605 quod
389 528 506 586 ait:
566 529 795 588 Hebraei
849 535 1035 585 autem.
1102 528 1441 583 transierunt
1512 523 1827 581 Iordanem.
1859 522 1914 589 Α

180 620 503 677 Absconsis
528 618 690 675 enim
738 617 1094 691 quibusdam
1140 614 1424 672 lsraelitis
1468 613 1567 685 qui
1606 610 1744 669 Saul
1777 617 1834 667 et

180 707 467 782 populum
520 706 622 779 qui
670 722 803 762 cum
849 721 915 761 eo
964 708 1108 770 erat,
1142 702 1533 774 reliquerant:
1563 699 1831 772 quaedam

177 814 318 871 pars
371 812 574 854 eorum
648 795 749 868 qui
806 794 899 850 hic
976 792 1197 848 Hebraei
1278 794 1560 847 vocantur
1625 788 1835 844 timore

178 885 497 960 perterriti,
557 885 895 940 defecerunt
953 898 987 937 a
1040 879 1177 937 Saul
1235 885 1291 935 et
1336 897 1371 935 a
1401 878 1537 934 viris
1569 877 1833 950 quicum

179 992 250 1033 eo
334 979 501 1031 erant
590 979 647 1028 et
729 972 1155 1027 descenderunt
1230 969 1286 1023 in
1361 973 1553 1023 castra
1630 966 1833 1023 Philis~

178 1064 335 1124 tiim.
393 1064 576 1129 Quem
631 1061 826 1117 locum
883 1059 954 1116 ad
1012 1058 1453 1130 intelligendum
1514 1055 1729 1112 clarius
1780 1058 1837 1111 et

180 1153 558 1211 manifestius
589 1150 896 1223 sequentia
937 1149 1363 1217 demonstrant,
1392 1146 1451 1201 in
1484 1163 1548 1201 eo
1581 1145 1704 1202 loco
1737 1143 1837 1201 ubi

181 1243 302 1300 ait:
608 1284 619 1291 .
668 1278 669 1281 η

255 1332 417 1403 (Cap.
457 1328 593 1385 XIV.
629 1327 882 1383 —-Vers.
941 1326 1031 1392 21,
1088 1327 1202 1396 22.)
1264 1326 1435 1381 «Sed
1497 1328 1554 1380 et
1612 1322 1836 1379 Hebraei

179 1418 285 1492 qui
317 1419 550 1474 fuerant
578 1434 709 1473 cum
760 1415 1078 1472 Philistiim
1128 1416 1199 1472 ab
1232 1415 1354 1471 heri
1411 1418 1469 1469 et
1503 1414 1839 1469 nudiuster-

180 1510 328 1579 tius,
360 1507 865 1578 ascenderuntque
919 1523 1052 1560 eum
1101 1506 1185 1560 eis
1233 1505 1291 1559 in
1341 1503 1573 1569 castris,
1624 1500 1839 1558 reversi

184 1602 328 1655 sunt
357 1601 423 1653 ut
452 1600 649 1652 essent
692 1613 827 1650 cum
882 1594 1080 1659 Israel,
1129 1592 1227 1664 qui
1261 1597 1428 1647 erant
1457 1608 1590 1647 cum
1621 1589 1754 1645 Saul
1786 1596 1843 1644 et

182 1685 503 1744 Jonathan.
536 1685 751 1741 Omnes
799 1699 1033 1756 quoque
1080 1682 1165 1754 (At
1208 1681 1366 1753 ergo)
1416 1680 1707 1747 Israelitze,
1742 1678 1841 1751 qui

184 1792 253 1833 se
304 1774 733 1831 absconderant
782 1772 844 1828 in
905 1777 1102 1827 monte
1179 1770 1476 1842 Ephraim,
1537 1768 1841 1824 audientes

1156 384 1462 467 ovasr.
1512 385 1873 455 assume.
1922 387 2000 450 IN
2044 354 2266 452 LlBtl
2312 388 2612 455 REGUM.

3433 388 3590 455 1403

2015 526 2196 600 (Vers.
2256 527 2371 597 38.)
2431 549 2459 579 «
2517 527 2787 601 Dixitque
2841 525 2978 585 Saul
3049 544 3063 597 ;
3123 524 3420 600 Applicate
3474 523 3594 582 huc

1944 617 2246 673 universos
2277 616 2522 690 angulos
2554 616 2775 690 populi.
2813 640 2833 666 ιι
2886 614 3149 688 Angulos
3176 614 3399 688 populi,
3429 613 3592 687 prin-

1942 705 2101 777 cipes
2140 706 2339 779 populi
2386 711 2573 773 vocat,
2628 706 2845 778 quibus
2891 706 3046 763 idem
3095 704 3349 778 populus
3398 702 3593 760 adha-

1944 795 2125 851 rebat.

2014 884 2172 957 (Cap.
2202 884 2319 941 XV.
2354 915 2420 927 —-
2445 884 2609 941 Vers.
2643 884 2721 957 3.)
2756 885 2923 941 Nunc
2951 901 3088 957 ergo
3113 884 3260 940 vade
3279 887 3336 941 et
3356 885 3594 954 percute

1942 972 2197 1040 Amalec,
2232 978 2289 1029 et
2339 973 2622 1031 demolire
2664 974 2940 1030 universa
2969 974 3119 1045 ejus.
3152 974 3276 1030 Non
3309 988 3516 1045 parcas
3542 972 3595 1029 ei

1945 1062 2047 1120 sed
2089 1063 2347 1120 interﬁce
2376 1081 2411 1120 a
2452 1065 2574 1120 viro
2606 1079 2792 1135 usque
2822 1063 2894 1120 ad
2937 1061 3263 1129 mulierem,
3304 1064 3361 1117 et
3390 1076 3598 1133 parvu-

1946 1150 2067 1207 lum
2101 1155 2276 1223 atque
2303 1152 2637 1218 lactentem,
2668 1153 2873 1209 bovem
2914 1155 2973 1208 et
3000 1167 3190 1219 ovem,
3221 1155 3279 1208 et
3308 1150 3597 1207 camelum

1947 1244 2004 1296 et
2033 1240 2289 1306 asinum,
2321 1246 2496 1314 atque
2517 1242 2808 1312 jumenta.
2841 1263 2870 1294 »
2906 1242 3040 1297 Ideo
3087 1244 3285 1298 autem
3318 1238 3601 1301 Dominus

1938 1330 2210 1401 jumenta
2238 1328 2472 1385 Amalec
2493 1330 2758 1386 demoliri
2774 1330 2968 1401 jubet,
2990 1333 3055 1385 ut
3089 1345 3194 1386 nec
3238 1329 3296 1387 in
3311 1327 3602 1399 jumentis

1948 1420 2076 1489 ejus
2132 1418 2415 1474 memoria
2472 1420 2653 1475 fieret.
2714 1419 3003 1476 Dominus
3061 1421 3218 1475 enim
3276 1417 3504 1474 dixerat
3540 1432 3604 1473 se

1949 1506 2275 1563 deleturum
2307 1509 2649 1564 memoriam
2678 1507 2915 1565 Amalec
2945 1509 3017 1564 de
3046 1508 3156 1565 sub
3187 1506 3348 1564 cealo.
3379 1505 3609 1563 Idcirco.

1952 1596 2284 1669 prtecipitur
2312 1596 2490 1664 Sauli,
2524 1602 2589 1653 ut
2617 1614 2752 1654 eum
2786 1598 3015 1670 penitus
3047 1597 3118 1653 ab
3150 1595 3389 1652 homine
3418 1610 3615 1667 usque

1950 1685 2023 1742 ad
2065 1687 2337 1757 jumenta
2389 1687 2626 1743 deleret.
2671 1688 2778 1743 Sed
2826 1687 2965 1759 quia
3023 1686 3152 1757 ejus
3203 1683 3512 1755 memoria,
3543 1683 3606 1740 id

1950 1779 2041 1830 est
2070 1774 2317 1843 Amalec,
2353 1776 2584 1847 penitus
2634 1774 2822 1831 deleta
2868 1792 2986 1831 non
3019 1775 3146 1839 fuit,
3178 1773 3372 1830 Saulis
3400 1787 3604 1846 pecca-

185 1865 347 1960 quod
380 1864 668 1960 fugissent
699 1861 1034 1932 Philistiim,
1069 1859 1438 1916 sociaverant
1466 1876 1528 1914 se
1559 1875 1691 1914 cuni
1716 1857 1842 1913 suis
1872 1895 1919 1960 B
1952 1869 2079 1918 tum
2132 1871 2185 1920 et
2208 1864 2605 1921 inobedientia
2633 1864 2692 1919 in
2717 1880 2895 1921 causa
2923 1863 3162 1921 exstitit.
3195 1863 3276 1919 De
3299 1878 3415 1935 quo
3434 1862 3608 1917 Ama-

188 1954 253 2009 in
287 1952 506 2025 praelio.

263 2044 455 2113 (Vers.
485 2039 601 2110 32.)
633 2044 696 2095 Et
733 2053 936 2093 versus
985 2038 1055 2093 ad
1110 2036 1389 2109 praedam,
1437 2034 1573 2090 tulit
1631 2052 1763 2091 oves
1793 2039 1850 2091 et

189 2131 391 2198 boves,
425 2132 482 2184 et
509 2126 742 2196 vitulos,
780 2131 835 2182 et
883 2129 1284 2182 mactaverunt
1330 2124 1390 2179 in
1440 2127 1614 2193 terra,
1658 2141 1848 2180 come-

190 2219 401 2291 ditque
432 2217 683 2290 populus
710 2234 845 2272 cum
879 2215 1183 2287 sanguine.
1219 2237 1246 2263 ››
1270 2213 1393 2269 Non
1418 2212 1551 2268 fecit
1572 2212 1851 2285 populum

191 2307 435 2364 initum
464 2306 897 2377 juramentum,
952 2319 1067 2376 quo
1118 2319 1216 2359 eos
1269 2302 1409 2359 Saul
1460 2303 1849 2373 adjuraverat,

194 2395 401 2452 dicens
427 2413 439 2450 :

277 2485 466 2558 (Vers.
520 2483 634 2555 24.)
694 2505 722 2534 ‹‹
783 2481 1131 2537 Maledictus
1207 2480 1294 2535 vir
1368 2480 1466 2552 qui
1540 2480 1857 2536 comederit

200 2589 639 2648 panem‘usque
669 2573 741 2627 ad
773 2588 1097 2642 vesperam,
1152 2570 1334 2626 donec
1382 2568 1630 2625 ulciscar
1659 2584 1751 2625 me
1785 2570 1857 2625 de

201 2654 466 2719 inimicis
496 2662 682 2729 meis;
719 2683 747 2710 ››
806 2660 947 2732 quia
1000 2658 1242 2715 victoria
1291 2660 1415 2729 jam
1450 2659 1616 2730 potiti
1650 2663 1853 2715 erant:

203 2753 309 2809 sed
343 2766 615 2825 peccasse
646 2749 894 2805 Domino
925 2753 981 2804 et
1023 2764 1155 2803 cum
1198 2747 1486 2821 sanguine
1536 2747 1857 2804 comedisse

203 2841 524 2898 dicuntur:
560 2838 698 2912 quia
726 2842 927 2894 contra
959 2837 1103 2909 legis
1155 2842 1506 2909 praeceptum
1543 2842 1857 2909 antequam

205 2929 574 2988 sacrificium
599 2927 995 2999 vespertinum
1031 2931 1423 3000 perageretur,
1457 2927 1858 2982 comederunt.

204 3021 305 3078 Sic
356 3019 553 3091 itaque
602 3034 747 3073 usus
808 3021 952 3083 erat,
1004 3020 1067 3071 ut
1105 3016 1337 3087 quando
1371 3015 1752 3071 homicidium
1786 3015 1858 3071 ab

202 3110 318 3177 eis,
351 3113 453 3165 aut
480 3108 540 3163 in
573 3107 718 3177 suis,
754 3111 856 3162 aut
885 3105 944 3160 in
976 3105 1186 3161 exteris
1218 3105 1412 3171 ﬁebat,
1447 3109 1510 3160 ut
1539 3122 1652 3159 non
1675 3122 1863 3161 come-

1957 1951 2047 2008 lec
2076 1952 2160 2009 ita
2182 1952 2239 2008 in
2274 1953 2422 2009 libro
2454 1953 2888 2010 Deuteronomii
2921 1953 3170 2009 dicitur:
3202 1952 3463 2008 Memento
3494 1966 3611 2021 quae

1956 2044 2147 2113 fecerit
2201 2043 2304 2125 tibi
2356 2043 2575 2099 Amalec
2632 2045 2692 2098 in
2747 2045 2839 2100 via
2889 2042 3108 2115 quando
3146 2040 3519 2111 egrediebaris
3544 2056 3615 2096 ea:

1958 2133 2223 2203 :Egypto:
2283 2131 2545 2203 quomodo
2622 2133 2920 2188 occurrerit
3006 2132 3127 2198 tibi,
3209 2134 3263 2185 et
3343 2132 3613 2186 extremos

1958 2221 2198 2290 agminis
2251 2221 2340 2274 tui
2392 2221 2489 2290 qui
2545 2221 2677 2275 lassi
2728 2219 3058 2285 residebant,
3114 2217 3372 2279 ceciderit
3429 2218 3609 2288 (Deut.

1958 2326 2087 2378 xxv,
2122 2310 2211 2379 17,
2246 2309 2352 2381 18).
2391 2313 2596 2365 Lassos
2626 2308 2723 2364 hic
2763 2308 2984 2365 Hebraei
3022 2308 3365 2363 immundos
3396 2322 3612 2363 secun-

1963 2398 2103 2453 dum
2135 2397 2323 2470 legem
2355 2402 2517 2454 extra
2539 2402 2729 2455 castra
2749 2400 3054 2454 manentes
3076 2395 3439 2468 intelligunt,
3463 2410 3614 2467 quos

1965 2487 2246 2543 cecidisse
2306 2486 2635 2542 Amalecitae
2693 2486 3017 2553 dicuntur,
3060 2483 3219 2557 quia,
3291 2483 3446 2540 sicut
3499 2481 3614 2554 ipsi

1962 2576 2225 2643 tradunt,
2298 2592 2497 2631 eorum
2583 2575 3086 2632 circumcisionem
3163 2574 3617 2644 amputaverunt

1965 2668 2023 2720 et
2075 2664 2136 2720 in
2194 2663 2713 2722 subsannationem
2761 2663 2886 2732 Dei,
2960 2663 3021 2719 in
3090 2660 3301 2718 caelum
3361 2661 3618 2735 projece-

1966 2758 2122 2810 runt.

2038 2845 2227 2916 (Vers.
2260 2845 2340 2917 6.)
2377 2866 2404 2895 ‹‹
2434 2844 2703 2917 Dixitque
2733 2842 2871 2899 Saul
2902 2841 3113 2911 Cinaeo,
3159 2840 3335 2909 abite,
3368 2837 3617 2896 recedite

1969 2936 2143 3004 atque
2181 2932 2484 3000 discedite,
2537 2948 2609 2988 ne
2646 2931 2792 2987 forte
2838 2930 3126 2987 involvam
3157 2933 3214 2985 te
3241 2944 3377 2985 cum
3410 2943 3498 2984 eo.
3526 2926 3613 2981 Tu

1969 3021 2125 3077 enim
2185 3020 2369 3077 fecisti
2427 3020 2889 3077 misericordiam
2949 3035 3083 3075 cum
3146 3017 3419 3074 omnibus
3479 3014 3618 3071 ﬁliis

1970 3109 2169 3177 Israel,
2225 3126 2357 3166 cum
2410 3111 2790 3167 ascenderant
2845 3109 2917 3164 de
2970 3109 3231 3181 Egypto.
3266 3127 3293 3155 ιδ
3326 3104 3461 3160 Ceni
3491 3104 3618 3176 ipse

206 3200 414 3256 derent
443 3200 756 3269 antequam
794 3194 1150 3251 sacriﬁcium
1199 3193 1598 3264 vespertinum
1643 3209 1747 3264 pro
1777 3193 1861 3249 eis
1900 3261 1932 3270 _
1971 3205 2061 3255 est
2087 3199 2287 3255 Jethro
2335 3202 2620 3270 cognatus
2666 3198 2871 3270 Moysi,
2913 3197 2985 3252 de
3017 3197 3188 3265 cujus
3218 3210 3427 3266 genere
3451 3197 3620 3249 erant

206 3289 397 3345 ﬁeret.
442 3261 630 3341 Aliter
678 3300 948 3356 peccasse
996 3282 1239 3340 Domino
1287 3261 1342 3337 et
1371 3261 1696 3338 comedisse
1724 3298 1855 3338 cum
1889 3261 1933 3331 α
1970 3287 2140 3343 Οἰητκοὶ
2174 3287 2272 3360 qui
2305 3261 2726 3343 descenderant
2755 3261 2827 3342 ad
2859 3261 3130 3353 'Amalee,
3179 3261 3250 3339 et
3278 3281 3622 3337 habitabant

206 3375 499 3449 sanguine
522 3374 757 3429 dicunt:
785 3373 947 3444 quia,
973 3371 1239 3428 mactatis
1264 3370 1542 3437 victimis,
1560 3387 1672 3426 non
1698 3373 1861 3427 obtu-

203 3466 408 3522 lerunt
455 3464 524 3520 ad
583 3460 985 3518 sanctuarium
1045 3460 1445 3516 sacerdotibus
1493 3460 1663 3530 juxta
1713 3459 1860 3532 legis

209 3558 573 3629 praeceptum
621 3552 851 3624 adipem
904 3554 960 3606 et
1007 3549 1379 3622 sanguinem,
1430 3565 1564 3604 cum
1593 3548 1862 3605 videlicet

207 3641 613 3700 sanctuarium
645 3655 844 3696 secum
878 3638 1180 3694 haberent.
1232 3638 1473 3701 Quando
1528 3636 1690 3693 locus
1723 3655 1858 3696 san—

208 3730 424 3788 ctuarii
452 3727 654 3804 procul
685 3733 825 3799 erat,
850 3727 1096 3799 jubetur
1125 3727 1235 3795 (At.
1258 3727 1600 3799 jubebatur)
1623 3726 1860 3800 sanguis

204 3821 582 3876 victimarum
612 3817 672 3873 in
702 3822 919 3873 terram
949 3816 1138 3886 fundi,
1170 3816 1240 3871 de
1271 3814 1364 3872 his
1403 3815 1668 3872 videlicet
1694 3817 1859 3872 victi-

206 3910 328 3966 mis
360 3925 506 3982 quas
565 3908 636 3963 ad
695 3922 834 3962 suos
893 3906 1081 3960 esus"
1142 3905 1565 3977 praeparabant.
1616 3905 1860 3970 Quando

203 4016 343 4056 vero
374 3996 774 4055 sanctuarium
806 4009 1063 4068 prazsens
1093 3996 1236 4064 erat,
1264 3992 1504 4067 sanguis
1533 3993 1859 4050 hostiarum

205 4105 391 4160 super
418 4086 600 4143 altare
629 4083 862 4141 Domini
902 4084 1148 4155 jubetur
1192 4082 1381 4151 fundi,
1416 4083 1568 4137 sicut
1596 4085 1687 4137 est
1714 4082 1857 4138 illud

205 4178 269 4235 in
300 4176 452 4233 libro
505 4171 970 4232 Deuteronomii:
1022 4171 1360 4242 Sanguinem
1401 4171 1703 4227 hostiarum
1733 4179 1861 4225 tua-

203 4283 336 4324 rum
371 4265 568 4337 fundes
599 4266 659 4319 in
695 4263 885 4332 altari,
932 4261 1194 4316 carnibus
1240 4264 1425 4315 autem
1474 4261 1588 4331 ipse
1636 4261 1862 4315 vesceris

206 4358 392 4428 (Deut.
442 4370 544 4423 xu,
602 4353 716 4423 27),
778 4351 935 4423 quod
989 4351 1267 4422 praefatus
1319 4354 1513 4404 tamen
1571 4364 1687 4403 non
1730 4347 1865 4403 fecit

206 4444 506 4520 p0pulus:
540 4458 777 4515 pecasse
822 4440 1033 4496 idcirco
1083 4438 1298 4494 dicitur
1347 4438 1612 4504 Domino,
1643 4441 1861 4494 etcum

207 4532 499 4607 sanguine
529 4530 873 4587 comedisse.

1968 3394 2102 3434 cum
2133 3394 2199 3433 eo
2254 3376 2355 3448 qui
2384 3378 2587 3448 utique
2617 3373 3093 3447 consanguineus
3132 3387 3334 3428 eorum
3365 3373 3489 3425 erat
3517 3372 3623 3425 :Aet

1968 3465 2364 3522 hereditatem
2409 3466 2470 3521 in
2502 3466 2631 3534 ejus
2668 3468 2822 3519 terra
2851 3463 3121 3519 habebat.
3157 3457 3619 3516 Misericordiam

1967 3572 2101 3612 vero
2133 3554 2269 3610 Geni
2304 3571 2438 3610 cum
2470 3553 2607 3610 filiis
2639 3551 2814 3610 Israel
2848 3551 3054 3608 fecisse
3083 3550 3316 3617 dicitur,
3340 3547 3460 3604 sive
3480 3546 3621 3618 quia

1970 3644 2206 3717 Moysen
2242 3644 2379 3699 fovit
2410 3644 2467 3698 in
2492 3649 2645 3699 terra
2688 3642 2939 3710 Madian,
2985 3640 3105 3696 sive
3135 3639 3276 3711 quia
3303 3636 3618 3693 consilium

1969 3732 2129 3789 dedit
2158 3732 2338 3806 Moysi
2372 3730 2623 3805 qualiter
2673 3729 3114 3786 multitudinem
3160 3724 3360 3799 populi
3412 3723 3619 3797 guber-

1970 3827 2154 3878 naret.

2040 3912 2226 3982 (Vers.
2289 3911 2403 3980 l2.)
2458 3908 2810 3965 Nuntiatum
2863 3911 2954 3963 est
3011 3910 3207 3961 autem
3265 3900 3623 3959 Samuelieo

1973 4000 2127 4072 quod
2173 3999 2430 4057 venisset
2477 3997 2614 4055 Saul
2661 3997 2719 4052 in
2752 3994 3109 4061 Carmelum,
3149 3997 3207 4049 et
3237 3990 3515 4048 erexisset
3543 3989 3624 4046 ibi

1970 4089 2249 4155 fornicem
2275 4089 2349 4161 (b)
2374 4085 2814 4159 triumphalem.
2849 4105 2879 4136 »
2910 4083 3153 4149 Quando
3179 4080 3421 4138 victoria
3441 4079 3623 4152 potie-

1973 4179 2207 4245 bantur,
2260 4177 2552 4234 faciebant
2600 4190 2798 4231 arcum
2856 4175 2927 4230 de
2975 4172 3182 4246 myrtis
3227 4176 3283 4228 et
3322 4169 3626 4243 palmisaet

1972 4267 2160 4339 olivis,
2191 4268 2264 4324 ob
2293 4267 2529 4340 signum
2562 4264 2832 4321 victoriae.
3566 4312 3569 4317 .

2047 4358 2232 4429 (Vers.
2265 4358 2379 4429 2i.)
2411 4379 2439 4407 ‹‹
2495 4354 2655 4412 Tulit
2683 4359 2879 4411 autem
2922 4351 3176 4426 populus
3206 4366 3340 4407 oves
3371 4354 3429 4405 et
3448 4349 3625 4405 boves

1979 4446 2269 4520 primitias
2310 4461 2512 4505 eorum
2562 4462 2689 4517 que
2741 4459 2890 4500 caesa
2936 4445 3094 4499 sunt.
3147 4463 3177 4492 »
3225 4437 3500 4496 Primitiae
3531 4436 3627 4494 hic

1975 4553 2045 4594 ea
2110 4553 2237 4608 quae
2302 4534 2531 4607 potiora
2584 4538 2642 4590 et
2706 4532 2945 4590 meliora
3009 4534 3193 4598 erant,
3236 4525 3623 4599 intelligenda

281 4621 472 4695 (Vers.
504 4622 619 4693 35.)
661 4642 682 4669 α
735 4617 1061 4674 ΔΕᾶΠὶοεινὶι
1108 4619 1305 4673 autem
1355 4616 1493 4672 Saul
1544 4616 1725 4673 altare
1755 4616 1853 4673 Do-

2015 4631 2130 4682 unt.

208 4711 570 4770 mino.Tunc
588 4708 846 4782 primum
858 4704 1034 4780 accpit
1046 4705 1332 4762 aediﬁcare
1344 4705 1525 4763 altare
1546 4706 1812 4762 Domino.
1837 4729 1864 4757 »

207 4801 486 4859 Hebraeus
532 4816 647 4855 non
697 4784 893 4869 habet:
921 4798 1202 4868 primum.
1252 4794 1637 4861 Quaerendum
1669 4795 1867 4868 itaque

207 4907 349 4949 cum
398 4892 568 4945 antea
616 4885 1219 4960 legaturgmdificasse
1281 4883 1483 4955 altare,
1544 4885 1780 4957 quando
1834 4901 1868 4940 a

207 4977 483 5043 Samuele
534 4963 873 5049 increpatus
921 4977 1031 5045 est,
1081 4990 1187 5029 cur
1235 4971 1328 5029 hic
1357 4972 1610 5042 dicatur,
1641 4995 1668 5023 ‹‹
1702 4973 1866 5029 Tunc

209 5067 388 5142 cmpit
420 5066 710 5123 aedificare
738 5064 925 5121 altare
959 5063 1229 5132 Domino,
1256 5082 1283 5111 ››
1303 5062 1621 5118 aedificasse
1667 5062 1866 5135 itaque

208 5160 387 5216 antea
437 5155 671 5230 legitur,
729 5153 907 5211 altera
964 5153 1065 5209 sed
1115 5152 1257 5225 quia
1294 5151 1698 5209 inobedienter
1717 5148 1865 5207 illud

207 5244 536 5315 aediﬁcavit,
569 5261 687 5301 non
722 5242 966 5300 Domino
998 5242 1316 5298 aediﬁcasse
1363 5239 1731 5313 intelligitur.
1767 5240 1867 5296 Hic

209 5340 410 5395 autem
453 5335 595 5407 quia
639 5319 977 5407 obedienter
1034 5334 1091 5388 et
1138 5334 1293 5387 recte
1349 5329 1492 5386 illud
1543 5328 1863 5400 aediﬁcavit,

207 5424 461 5484 Domino
482 5422 801 5481 aedificasse
842 5421 1198 5495 perhibetur.

280 5682 362 5755 (a)
394 5681 490 5738 Sic
519 5697 632 5738 ms.
666 5697 835 5738 meus
862 5684 918 5737 et
966 5679 1245 5738 Rabanus
1276 5678 1498 5750 legunt.
1531 5681 1718 5735 Antea
1747 5680 1870 5734 erat

203 5755 281 5814 ad
309 5769 436 5814 suos
464 5769 614 5811 usus.

2046 4716 2232 4787 (Vers.
2293 4713 2409 4785 29.)
2463 4713 2698 4771 «Porro
2759 4707 3155 4781 triumphator
3209 4705 3266 4761 in
3300 4702 3477 4771 Israel
3506 4719 3624 4760 non

1975 4809 2194 4878 parcet,
2228 4808 2285 4859 et
2324 4801 2685 4876 pcsnitudine
2733 4817 2848 4857 non
2897 4799 3201 4865 ﬂectetur:
3250 4810 3439 4867 neque
3467 4791 3625 4850 enim

1977 4894 2154 4951 homo
2186 4897 2297 4963 est,
2330 4896 2394 4949 ut
2423 4895 2559 4964 agat
2586 4887 3012 4963 paenitentiam.
3048 4908 3075 4937 »
3127 4885 3190 4941 In
3220 4883 3457 4941 Hebraeo
3488 4879 3626 4953 legi-

1978 4988 2098 5050 tur,
2135 5006 2162 5033 ‹‹
2196 4984 2373 5038 Porro
2404 4980 2796 5053 triumphator
2842 4975 3020 5034 Israel
3069 4992 3183 5032 non
3232 4971 3569 5033 mentietur.
3596 4991 3626 5033 ξι

1977 5071 2395 5144 Triumphator
2439 5069 2552 5125 iste
2599 5069 2754 5125 Deus
2794 5071 2901 5123 est.
2951 5070 3079 5121 Non
3120 5060 3454 5129 mentietur,
3486 5057 3629 5133 quia

1979 5177 2048 5217 ea
2078 5176 2205 5234 quas
2239 5158 2529 5233 promittit
2556 5156 2668 5215 sibi
2714 5153 3163 5221 famulantibus,
3204 5148 3471 5222 largitur.
3504 5147 3625 5205 Ρω-

1975 5251 2244 5306 nitudine
2275 5265 2390 5306 non
2430 5248 2715 5316 ﬂectetur,
2767 5244 2906 5317 quia
2958 5258 3074 5300 non
3122 5238 3363 5313 pcsnitet
3389 5253 3525 5294 eum
3555 5236 3628 5293 de

1977 5339 2147 5398 bonis
2178 5356 2305 5410 quae
2334 5338 2579 5411 largitus
2608 5341 2716 5392 est.

2046 5429 2238 5501 (Vers.
2288 5427 2407 5498 30.)
2441 5450 2467 5477 «
2501 5426 2612 5483 Sed
2646 5440 2802 5481 nunc
2832 5423 3057 5480 honora
3082 5435 3176 5476 me
3205 5434 3401 5477 coram
3434 5415 3626 5493 senio-

2009 5672 2123 5802 t‘(b)
2152 5672 2216 5727 In
2275 5684 2386 5726 ms.
2444 5667 2738 5739 Ambros,
2797 5667 2863 5724 Et
2922 5664 3181 5723 erexisset
3209 5661 3317 5720 sibi
3339 5660 3635 5734 fornicem;

2035 5761 2085 5802 ο.

1975 5761 2085 5804 ΘῐιΟ.
