3970 6394
401 307 559 408 nos

1894 304 2311 397 APPENDIX.

3650 316 3812 409 μσς

398 446 564 504 ribus
596 443 795 520 populi
835 444 969 512 mei,
1019 448 1075 501 et
1126 460 1321 501 coram
1377 441 1572 501 Israel.
1612 464 1641 493 n
1692 442 1921 500 Honora
1950 459 2044 499 me
2077 446 2128 511 Α
2159 441 2337 499 David
2398 448 2572 518 caput
2616 443 2899 503 Philtstiei
2957 445 3018 504 in
3076 447 3427 519 Jerusalem,
3463 448 3805 526 anticipatio

398 534 553 593 sicut
578 553 793 608 regem,
829 540 893 591 ut
921 525 1026 607 ego
1056 534 1376 608 praecedam
1408 534 1560 591 sicut
1587 550 1704 603 rex,
1737 538 1793 588 et
1824 538 1888 588 tu
1911 533 2046 589 sub-

396 626 691 698 sequaris,
744 647 772 675 ‹‹
804 625 875 681 Ut
921 626 1156 681 adorem
1206 624 1519 680 Dominum
1570 624 1753 679 Deum
1786 626 1976 677 tuum.
2015 643 2042 671 »

395 715 574 771 Senes
622 721 816 771 autem
867 713 1065 786 populi
1116 714 1229 783 sui,
1281 731 1447 769 suam
1488 713 1731 782 tribum,
1762 716 1818 766 et
1846 727 2042 767 coram

393 804 570 859 Israel
597 808 832 859 caeteras
862 804 1053 858 tribus
1085 802 1261 859 Israel
1311 802 1469 857 dicit.

462 892 628 964 (Cap.
664 893 807 949 XVI.
841 925 909 932 —
944 893 1100 947 Vers.
1156 892 1266 963 13.)
1296 916 1323 942 ι(
1361 893 1431 946 Et
1460 890 1718 945 directus
1748 894 1834 945 est
1866 889 2042 961 spiri-

390 984 486 1038 tus
539 981 772 1037 Domini
826 984 886 1036 in
938 982 1113 1037 David
1160 1000 1194 1037 a
1219 982 1310 1036 die
1340 981 1441 1035 illa
1470 986 1527 1035 et
1566 979 1624 1034 in
1656 978 1974 1050 reliquum.
2011 1002 2038 1029 ››

387 1070 517 1126 ideo
549 1071 807 1126 directus
857 1071 915 1126 in
948 1087 1080 1126 eum
1130 1070 1382 1141 Spiritus
1435 1067 1665 1124 Domini
1707 1067 1940 1134 dicitur,
1973 1083 2039 1123 eo

389 1161 543 1232 quod
579 1165 719 1215 tunc
752 1159 1008 1232 psalmos
1041 1175 1244 1215 canere
1283 1158 1538 1230 coeperit.

459 1247 645 1319 (Vers.
689 1251 794 1319 i8.)
825 1272 851 1298 ‹‹
888 1249 955 1303 Et
988 1248 1345 1320 respondens
1386 1264 1541 1302 unus
1571 1250 1641 1301 de
1675 1245 1891 1318 pueris,
1917 1246 2035 1300 ait:

387 1337 526 1392 Ecce
554 1336 671 1392 vidi
720 1336 907 1392 ﬁlium
966 1336 1075 1391 lsai
1128 1335 1632 1399 Bethlebcmitem,
1665 1357 1691 1382 ‹‹
1726 1339 1782 1389 et
1812 1338 2035 1389 caetera.

386 1426 534 1482 Puer
564 1425 674 1482 iste
707 1426 890 1482 Doecb
928 1426 1218 1481 Idumzeus
1248 1425 1429 1479 fuisse
1453 1423 1806 1494 perhibetur,
1839 1421 2036 1476 inimi-

383 1530 489 1571 cus
547 1516 762 1571 David:
822 1518 878 1570 et
934 1514 1133 1570 omnia
1190 1530 1319 1585 qua:
1379 1514 1448 1568 de
1496 1512 1673 1568 David
1710 1512 1766 1565 in
1802 1510 2035 1566 laudem

381 1604 602 1661 dixisse
633 1605 883 1669 videtur,
907 1603 965 1659 in
990 1604 1190 1659 odium
1217 1605 1345 1673 ejus
1373 1602 1591 1657 dixisse
1616 1600 1867 1655 dicitur:
1898 1600 2038 1672 quia

379 1694 611 1750 volebat
660 1693 980 1749 inimicitiae
1039 1709 1219 1749 causa
1271 1697 1329 1747 et
1383 1690 1612 1745 invidia:
1663 1690 1839 1745 livore
1870 1695 1935 1744 ut
1961 1690 2033 1744 ad

380 1783 520 1839 Saul
550 1784 796 1851 veniret,
827 1788 1120 1854 quatenus
1159 1780 1238 1837 ibi
1290 1780 1550 1853 qualibet
1597 1777 1899 1834 occasione
1930 1796 2034 1834 ne-

380 1876 632 1928 caretur.

453 1962 613 2034 (Cap.
659 1960 822 2017 XVII.
855 1992 923 2000 —
954 1959 1119 2015 Vers.
1181 1960 1258 2030 4.)
1317 1959 1443 2013 «Et
1498 1972 1771 2029 egressus
1830 1963 1920 2012 est
1947 1955 2034 2011 vir

382 2050 622 2123 spurius
652 2049 722 2106 de
754 2049 962 2105 castris
992 2047 1434 2103 Philistinorum
1458 2045 1692 2101 nomine
1715 2045 1964 2101 Goliath.
2001 2066 2030 2094 »

377 2140 628 2212 Spurius
660 2136 897 2206 dicitur,
928 2138 1071 2209 quia
1100 2155 1134 2192 a
1164 2140 1324 2209 patre
1373 2136 1631 2209 gigante,
1682 2138 1868 2191 matre
1898 2151 2029 2190 vero

376 2228 609 2286 Getbaao
641 2233 817 2307 patus
847 2233 988 2283 erat.

447 2316 631 2389 (Vers.
669 2317 779 2389 12.)
811 2339 838 2367 ‹‹
877 2316 1048 2372 David
1080 2320 1274 2372 autem
1317 2318 1440 2370 erat
1473 2313 1628 2371 Illius
1670 2313 1777 2368 viri
1808 2313 2029 2385 Ephra-

377 2406 468 2461 tisi
496 2406 567 2462 de
596 2405 935 2462 Bethlchem
985 2407 1159 2473 Juda,
1210 2404 1303 2460 cui
1355 2421 1569 2459 nomen
1600 2408 1726 2459 erat
1758 2404 1893 2468 Isai,
1926 2402 2028 2473 qui

376 2494 633 2551 habebat
661 2499 788 2551 octo
819 2494 991 2551 ﬁlios.
1024 2517 1052 2546 »
1109 2494 1398 2562 Quaeritur
1444 2510 1549 2549 cur
1594 2492 1689 2547 hic
1719 2498 1845 2548 octo
1877 2491 2027 2547 filios

377 2583 592 2640 habere
643 2585 891 2649 dicatur.
950 2601 1084 2640 cum
1140 2583 1199 2639 in
1234 2582 1717 2654 Poralipomenon
1752 2598 1867 2637 non
1901 2598 2024 2637 am-

377 2672 535 2745 plius
593 2690 769 2745 quam
827 2678 1046 2746 septem
1108 2673 1396 2746 legantur.
1458 2672 1617 2736 Quod
1649 2671 1729 2725 ita
1759 2670 2023 2726 solvitur.

376 2763 629 2830 Nathan,
665 2763 1032 2835 prophetam,
1064 2762 1253 2817 tilium
1286 2763 1562 2817 Sammaa
1586 2760 1690 2815 ﬁlii
1712 2760 1824 2827 sui,
1848 2775 2023 2831 quem

378 2851 594 2907 inloco
656 2851 756 2906 lilii
814 2853 1163 2907 educaverat
1189 2856 1246 2905 et
1302 2850 1607 2916 nutrierat,
1667 2849 1817 2904 inter
1874 2848 2025 2903 tilios

378 2946 768 2996 annumerat:
806 2958 939 2996 nom
974 2946 1031 2995 et
1082 2957 1273 2996 coram
1326 2939 1597 2995 Samuele
1644 2944 1866 3010 septem
1897 2939 2025 3009 ejus

378 3029 484 3085 filii
530 3029 802 3102 leguntur
859 3030 1093 3085 adducti
1154 3028 1349 3096 fuisse,
1409 3033 1464 3084 et
1515 3033 1754 3085 octavus
1804 3028 2023 3084 essein

376 3119 615 3191 pascuis
644 3123 804 3188 (vers.
860 3120 964 3189 l0).
1022 3120 1177 3175 Inter
1224 3135 1373 3191 quos
1424 3117 1652 3174 Nathan
1702 3117 2023 3173 adductum

2152 537 2259 599 est,
2321 535 2477 605 quod
2530 540 2730 607 postea
2786 536 2938 593 fecit.
2998 543 3178 595 Arma
3230 555 3363 596 vero
3419 540 3569 612 ejus,
3622 540 3678 597 id
3710 547 3805 598 est

2153 620 2453 690 Philistasi,
2489 640 2602 678 non
2647 628 2737 679 est
2783 624 3231 698 intelligendum
3280 629 3434 699 quod
3466 628 3525 684 in
3551 646 3658 685 suo
3698 647 3801 703 po-

2151 710 2335 765 suerit
2364 713 2760 779 tabernaculo,
2795 716 2896 769 sed
2944 715 3001 768 in
3047 716 3414 773 tabernaculo
3445 718 3697 787 Domini,
3730 720 3803 775 de

2151 816 2266 871 quo
2318 800 2689 858 tabernaculo
2739 808 2941 875 postea
2990 805 3111 859 haec
3137 807 3209 861 ab
3239 806 3572 863 Abimelech
3605 825 3803 865 sacer-

2151 887 2283 943 dote
2316 891 2594 961 suscepit.

2222 978 2410 1048 (Vers.
2454 980 2571 1046 55.)
2620 1004 2647 1029 ‹‹
2684 981 2954 1054 Dixitque
2984 983 3215 1039 Abner:
3250 983 3418 1040 Vivat
3447 985 3644 1041 anima
3670 990 3795 1052 tua,

2150 1082 2269 1132 rex,
2304 1068 2351 1122 si
2398 1070 2551 1124 novi.
2590 1092 2616 1117 ››
2677 1070 3013 1126 Secundum
3072 1072 3216 1128 illud
3269 1072 3578 1129 locutionis
3608 1090 3799 1147 genus

2153 1154 2260 1211 hoc
2303 1157 2525 1212 dictum
2580 1163 2687 1225 est,
2739 1176 2852 1230 quo
2901 1160 3146 1231 dictum,
3180 1165 3268 1216 est
3300 1160 3477 1217 illud:
3510 1162 3800 1219 Benedixit

2146 1246 2351 1301 Naboth
2408 1247 2510 1303 Deo
2567 1256 2618 1303 et
2672 1251 2794 1318 regi
2832 1250 2927 1321 (III
2983 1251 3106 1321 Reg.
3157 1268 3270 1320 xxx,
3306 1250 3430 1322 t3);
3464 1267 3529 1306 ac
3560 1251 3609 1307 si
3640 1251 3798 1308 dice-

2143 1340 2252 1405 ret,
2304 1352 2419 1391 non
2466 1336 2620 1395 vivat
2666 1339 2863 1393 anima
2910 1343 3031 1404 tua,
3066 1356 3182 1406 rex,
3216 1340 3265 1395 si
3299 1338 3448 1395 novi.
3481 1340 3681 1406 Aliter,
3713 1342 3796 1396 vi-

2145 1425 2314 1479 deam
2348 1429 2590 1480 mortem
2624 1430 2786 1481 tuam
2817 1428 2864 1482 si
2894 1428 3047 1483 novi.

2217 1513 2372 1585 (Cap.
2434 1514 2625 1570 XVIII.
2661 1548 2727 1555 —
2760 1516 2924 1572 Vers.
2986 1517 3100 1588 10.)
3161 1540 3181 1567 ι
3220 1517 3356 1573 Post
3412 1518 3562 1574 diem
3596 1523 3792 1574 autem

2145 1601 2393 1658 alterum
2438 1602 2654 1659 invasit
2691 1601 2960 1677 Spiritus
3008 1606 3108 1662 Dei
3164 1606 3356 1663 malus
3386 1606 3548 1678 Saul,
3578 1612 3635 1662 et
3659 1625 3792 1679 pro-

2143 1691 2456 1764 phetabat:
2493 1692 2553 1747 in
2585 1694 2775 1749 medio
2806 1696 3017 1751 domus
3049 1713 3187 1751 suae.
3224 1718 3251 1744 »
3284 1695 3442 1752 More
3470 1696 3797 1770 arreptitio-

2143 1798 2273 1836 rum
2336 1782 2752 1853 prephetabat:
2811 1788 2871 1840 et
2922 1785 3303 1857 prophetasse
3355 1802 3529 1841 suum
3590 1786 3648 1841 in
3679 1786 3792 1843 hoc

2142 1870 2290 1938 loco,
2334 1887 2447 1925 non
2498 1875 2586 1926 est
2638 1871 2797 1928 aliud
2839 1872 3308 1946 intelligendum,
3338 1873 3452 1931 nisi
3482 1873 3670 1931 aliena
3700 1891 3790 1931 re-

2140 1959 2365 2016 tulisse.

2210 2050 2395 2121 (Vers.
2460 2052 2572 2122 l3.)
2619 2055 2684 2105 Et
2735 2051 3144 2123 egrediebatur
3200 2052 3401 2123 David,
3470 2056 3527 2108 et
3585 2052 3787 2125 ingre-

2138 2139 2407 2195 diebatur
2458 2140 2513 2195 in
2573 2146 2887 2212 conspectu
2946 2140 3166 2213 populi.
3238 2166 3260 2194 ι
3328 2141 3567 2205 Quando
3618 2158 3789 2214 egre-

2140 2228 2453 2284 diebantur
2505 2228 2566 2284 in
2628 2246 2907 2301 pugnam,
2960 2232 3086 2302 ipse
3143 2230 3371 2303 primus
3428 2246 3587 2286 more
3625 2231 3788 2304 regio

2138 2316 2545 2389 egrediebatur
2599 2316 2657 2372 in
2719 2323 3032 2390 conspectu
3090 2335 3314 2386 eorum,
3389 2322 3446 2375 et
3500 2319 3785 2391 regredie-

2135 2405 2327 2461 batur.

2208 2496 2387 2567 (Vers.
2445 2496 2560 2568 2i.)
2619 2496 2948 2569 «Dixitque
3006 2495 3178 2553 Saul:
3232 2496 3390 2553 Dabo
3419 2514 3546 2553 eam
3577 2497 3683 2568 illi,
3717 2501 3785 2553 ut

2135 2584 2236 2639 fiat
2293 2583 2375 2638 illi
2438 2584 2495 2639 in
2555 2585 2922 2652 scandalum,
2985 2590 3049 2641 ut
3099 2585 3176 2641 sit
3205 2602 3382 2658 super
3407 2603 3539 2642 eum
3572 2604 3783 2643 manus

2137 2673 2603 2730 Philistinorum.
2640 2697 2667 2725 ››
2722 2675 2824 2730 His
2866 2676 3095 2731 duobus
3125 2675 3401 2747 periculis
3432 2675 3568 2731 Saul
3600 2675 3775 2732 David

2136 2763 2358 2835 putavit
2416 2763 2672 2819 interimi
2727 2781 2919 2837 posse,
2981 2764 3203 2821 scilicet
3261 2770 3361 2819 aut
3390 2764 3619 2821 insidiis
3648 2764 3780 2820 filiae

2134 2868 2273 2922 suae,
2306 2870 2340 2907 a
2371 2869 2489 2923 qua
2518 2869 2579 2908 se
2617 2853 2849 2909 videbat
2900 2853 3152 2909 multum
3202 2853 3407 2920 amari,
3459 2859 3559 2909 aut
3605 2870 3781 2910 causa

2135 2942 2555 3014 prmputiorum
2612 2942 3080 3009 Philistinorum,
3133 2949 3363 3014 propter
3406 2960 3533 3014 qua:
3563 2943 3777 3015 adipis-

2133 3033 2334 3099 cenda,
2387 3030 2713 3087 Philistasos
2761 3036 2884 3087 erat
2936 3031 3085 3087 bello
3136 3048 3498 3105 aggressus:
3552 3056 3578 3082 ‹‹
3631 3031 3782 3088 Dixit

2135 3136 2271 3194 ergo
2305 3120 2439 3176 Saul
2474 3122 2543 3175 ad
2576 3121 2754 3176 David
2781 3138 2793 3176 :
2847 3123 2909 3177 In
2934 3122 3164 3177 duabus
3196 3121 3370 3178 rebus
3399 3137 3575 3195 gener
3616 3138 3778 3177 meus

380 3208 565 3264 fuisse
623 3210 999 3265 manifestum
1058 3213 1169 3275 est,
1224 3208 1323 3280 qui
1373 3212 1429 3263 et
1468 3206 1756 3262 Jonathan
1789 3210 2028 3263 vocatur
2057 3196 2099 3261 C
2137 3210 2253 3266 eris
2304 3209 2492 3265 hodie.
2534 3232 2559 3258 ›)
2611 3210 2673 3265 In
2724 3210 2956 3266 duabus
2987 3211 3162 3266 rebus
3193 3227 3469 3284 generum
3500 3227 3633 3266 eum
3666 3209 3775 3266 sibi

378 3297 460 3354 De
491 3314 604 3370 quo
652 3296 711 3352 in
761 3302 1019 3353 extrema
1064 3302 1227 3369 parte
1273 3295 1564 3351 Samuelis
1609 3295 1857 3351 dicitur:
1895 3301 2024 3352 Per-

376 3389 545 3442 cussit
598 3390 778 3442 autem
831 3403 957 3442 eum
1011 3385 1279 3441 Jonathan
1334 3386 1484 3455 filius
1541 3384 1799 3440 Sammaa
1851 3388 2027 3457 patris

378 3476 549 3531 David
580 3477 650 3546 (11
683 3477 806 3546 Reg.
868 3493 981 3541 xxx,
1041 3477 1154 3544 2t).
1218 3475 1283 3528 Et
1344 3474 1663 3528 notandum
1714 3474 1867 3546 quod
1899 3474 2025 3531 ubi-

375 3580 610 3637 cunque
661 3564 943 3637 propheta
991 3567 1248 3633 vocatur,
1291 3563 1518 3619 Nathan
1570 3562 1866 3631 scribitur,
1910 3580 2025 3620 non

372 3653 688 3709 Jonathan.

444 3744 631 3815 (Vers.
677 3744 790 3815 18.)
828 3765 847 3792 ι
884 3742 951 3797 Et
1008 3744 1214 3797 fratres
1274 3746 1407 3797 tuos
1470 3740 1736 3797 visitabis
1792 3742 1839 3797 si
1875 3747 2027 3798 recte

372 3836 587 3905 agant:
622 3838 677 3888 et
726 3850 860 3888 cum
916 3832 1131 3905 quibus
1174 3830 1425 3887 ordinati
1472 3835 1631 3900 sunt,
1687 3830 1860 3885 disce.
1903 3854 1928 3880 ››
1963 3832 2024 3886 In

373 3921 611 3977 Hebraeo
652 3923 733 3977 ita
786 3922 1072 3977 habetur:
1126 3944 1153 3970 ‹‹
1189 3925 1252 3975 Et
1303 3921 1510 3975 fratres
1562 3926 1694 3975 tuos
1741 3920 2023 3989 visitabis,

374 4010 424 4068 si
454 4016 610 4066 recte
643 4017 821 4085 agant
850 4029 863 4067 :
897 4015 953 4066 et
983 4010 1229 4083 pignora
1257 4026 1457 4064 eorum
1492 4009 1679 4064 tolles.
1716 4032 1743 4058 »
1777 4010 2028 4081 Pignora

372 4099 432 4155 in
484 4100 595 4155 hoc
653 4100 781 4156 loco
848 4100 1069 4156 Hebraai
1130 4098 1357 4155 libellos
1401 4098 1628 4170 repudii
1670 4098 2023 4172 intelligunt.

372 4178 673 4260 Siquidem
736 4207 908 4245 usum
968 4188 1127 4245 illius
1181 4188 1373 4260 gentis
1438 4187 1617 4244 fuisse
1667 4188 1860 4244 ferunt
1888 4190 1929 4260 ³,
1963 4193 2029 4245 ut

374 4278 610 4351 quando
642 4278 836 4335 ibatur
879 4279 950 4334 ab
996 4278 1080 4333 eis
1130 4278 1188 4332 in
1230 4293 1509 4350 pugnam,
1541 4276 1768 4333 libellos
1798 4278 2025 4350 repudii

373 4367 657 4424 uxoribus
689 4368 815 4425 suis
870 4369 1117 4424 darent:
1170 4370 1235 4422 ut
1281 4367 1327 4423 si
1363 4366 1704 4439 contigisset
1745 4367 1933 4423 virum
1964 4368 2023 4424 in

374 4456 571 4531 praelio
620 4459 771 4530 capi,
817 4463 875 4513 et
924 4458 980 4511 in
1029 4456 1425 4528 captivitatem
1471 4456 1625 4522 duci,
1659 4456 1871 4513 mulier
1898 4459 2024 4529 ejus

2136 3299 2399 3355 futurum
2468 3299 2644 3368 dicit;
2707 3298 2846 3371 quia
2893 3300 3019 3372 jam
3050 3300 3101 3355 ei
3159 3298 3432 3355 attulerat
3500 3299 3781 3372 prmputia

2138 3388 2576 3444 Philistinorum
2612 3406 2712 3459 pro
2746 3390 2964 3455 Merob,
3000 3406 3174 3461 quam
3208 3388 3346 3445 Saul
3374 3390 3531 3445 dedit
3559 3388 3776 3444 Adrieli

2136 3477 2555 3543 Mobolathitas,
2603 3482 2659 3533 et
2715 3482 2915 3549 postea
2974 3495 3075 3550 pro
3132 3477 3336 3534 Michol
3396 3478 3666 3533 ducenta.
3712 3481 3778 3533 Et

2135 3568 2404 3639 quamvis
2436 3584 2549 3623 non
2580 3572 2776 3640 aperte
2824 3568 3055 3623 dicatur
3082 3584 3185 3639 pro
3234 3568 3428 3624 Merob
3467 3565 3597 3622 Saul
3630 3584 3777 3639 prai-

2137 3657 2299 3729 putia
2357 3656 2801 3713 Philistinorum
2858 3655 3035 3712 David
3100 3657 3367 3725 dedisse;
3427 3661 3620 3711 tamen
3675 3655 3773 3727 qui

2136 3745 2520 3819 praecedentia
2576 3749 2633 3801 et
2709 3745 3126 3817 subsequentia
3185 3745 3492 3818 perlegerit
3545 3748 3600 3799 et
3648 3760 3774 3817 per-

2136 3840 2428 3890 scrutatus
2461 3834 2653 3905 l‘uerit,
2689 3833 2944 3890 inveniet
2990 3851 3125 3890 eum
3178 3834 3268 3891 bis
3310 3833 3469 3890 Sauli
3500 3832 3777 3906 praeputia

2136 3924 2574 3979 Philistinorum
2647 3923 2897 3979 dedisse.
2990 3923 3187 3979 Potest
3252 3924 3427 3979 etiam
3491 3927 3548 3977 et
3612 3920 3776 3977 aliter

2135 4010 2404 4085 intelligi.
2441 4012 2502 4066 In
2534 4012 2762 4066 duabus
2796 4011 2970 4067 rebus
3018 4027 3198 4083 gener
3238 4027 3406 4067 meus
3436 4009 3550 4065 eris
3581 4009 3770 4080 hodie,

2136 4101 2273 4173 quia
2302 4118 2407 4173 ego
2440 4100 2677 4172 quaesivi
2708 4117 2741 4156 a
2770 4106 2826 4155 te
2867 4105 3102 4156 centum
3134 4098 3417 4172 praaputia
3446 4097 3775 4155 Philistino-

2136 4208 2290 4257 rum,
2321 4196 2377 4246 et
2405 4194 2468 4244 tu
2497 4188 2757 4245 obtulisti
2800 4190 3069 4244 ducenta.

2206 4279 2366 4352 (Cap.
2398 4279 2538 4335 XIX.
2573 4311 2640 4319 —
2664 4278 2828 4334 Vers.
2888 4279 2967 4351 3.)
3018 4301 3043 4327 ‹‹
3073 4278 3191 4351 Ego
3241 4281 3435 4333 autem
3479 4274 3774 4349 egrediens

2135 4370 2301 4425 stabo
2323 4369 2494 4439 juxta
2524 4373 2746 4440 patrem
2781 4384 2979 4423 meum
3028 4366 3089 4421 in
3144 4383 3283 4439 agro
3333 4365 3431 4421 ubi
3462 4370 3526 4421 tu
3558 4363 3772 4433 fueris;

2134 4462 2193 4515 et
2223 4474 2328 4528 ego
2357 4456 2567 4530 loquar
2596 4458 2667 4513 de
2698 4464 2750 4513 te
2782 4458 2854 4512 ad
2886 4460 3114 4530 patrem
3147 4472 3365 4527 meum,
3394 4459 3451 4511 et
3480 4454 3774 4527 quodcun-

372 4547 723 4619 exspectatis
774 4546 966 4602 tribus
1015 4545 1207 4612 annis,
1240 4545 1288 4601 si
1335 4544 1424 4600 vir
1451 4546 1580 4617 ejus
1608 4563 1723 4602 non
1755 4545 2022 4616 redisset,
2058 4569 2103 4634 D
2135 4564 2249 4619 que
2280 4547 2495 4615 videro,
2528 4547 2809 4602 nuntiabo
2840 4545 2966 4602 tibi.
3003 4567 3031 4596 »
3069 4546 3493 4601 Descensurum
3526 4558 3776 4615 namque

373 4635 555 4691 alium
587 4636 826 4691 duceret
853 4634 1063 4690 virum.

443 4725 631 4797 (Vera.
664 4726 780 4797 28.)
814 4746 841 4775 ‹‹
874 4726 1061 4789 Quare
1108 4723 1315 4779 venisti
1363 4728 1420 4779 et
1453 4740 1633 4796 quare
1665 4722 2025 4795 dereliquisti

373 4813 659 4886 pauculas
720 4832 854 4871 oves
911 4813 1043 4870 illas
1099 4812 1159 4869 in
1191 4815 1468 4869 deserto?
1497 4818 1612 4885 Ego
1660 4815 1790 4869 novi
1823 4830 2024 4886 super-

371 4903 529 4959 biam
580 4907 741 4958 tuam
791 4917 847 4959 et
895 4904 1216 4976 nequitiam
1266 4902 1458 4959 cordis
1497 4902 1629 4957 tui:
1667 4925 1695 4954 ››
1749 4903 1923 4959 Nosse
1964 4920 2026 4960 se

373 4992 519 5049 dicit
569 4991 731 5048 illius
784 4992 1119 5065 superbiam
1163 4997 1222 5048 et
1269 4991 1589 5064 nequitiam
1623 4993 1854 5048 cordis:
1889 4993 2027 5065 quia

375 5082 620 5153 putabat
639 5099 773 5138 eum
793 5087 1024 5139 tumore
1046 5082 1237 5139 cordis
1259 5081 1493 5150 elevari,
1519 5097 1584 5137 eo
1609 5083 1765 5153 quod
1790 5080 2025 5138 Samuel

376 5170 642 5228 unxisset
672 5172 838 5229 illum
870 5173 928 5228 in
960 5189 1177 5246 regem.

447 5258 634 5329 (Vers.
665 5262 782 5331 54.)
812 5287 839 5313 ‹‹
873 5269 1202 5318 Assumcns
1249 5265 1446 5316 autem
1483 5260 1655 5315 David
1688 5266 1864 5334 caput
1894 5261 2024 5317 Phi-

376 5344 609 5419 listhasi,
637 5350 833 5406 attulit
862 5351 1004 5406 illud
1039 5350 1098 5405 in
1128 5349 1455 5405 Jerusalem
1482 5365 1495 5403 :
1546 5365 1711 5404 arma
1739 5366 1870 5405 vero
1899 5351 2028 5421 ejus

379 5436 575 5504 posuit
600 5438 659 5492 in
711 5439 1084 5495 tabernaculo
1133 5455 1261 5494 suo.
1307 5460 1336 5487 ››
1380 5437 1540 5501 Quod
1591 5437 1731 5493 dicit
1760 5438 2027 5496 attulisse

449 5578 471 5611 ³
521 5579 746 5652 Mirum
789 5580 1085 5637 hominem
1143 5582 1447 5637 Hebraeum
1506 5596 1735 5652 genere,
1794 5584 2026 5639 tametsi

383 5652 585 5719 postea
642 5649 784 5706 velis
839 5652 1181 5709 Christianas
1236 5652 1371 5709 ﬁdei
1420 5649 1630 5708 nomen
1659 5652 1910 5724 dedisse,
1944 5655 2028 5712 sic

2134 4636 2367 4692 Saulem
2417 4635 2477 4690 in
2517 4636 2790 4691 eumdem
2836 4652 3043 4707 agrum
3073 4633 3387 4700 Jonathan,
3414 4631 3589 4688 David
3620 4631 3775 4687 dixe-

2135 4730 2243 4796 rat,
2305 4728 2362 4780 et
2416 4729 2482 4779 ut
2537 4724 2595 4779 in
2655 4726 2855 4780 eodem
2914 4739 3055 4797 agro
3103 4722 3277 4779 David
3305 4721 3774 4787 absconderetur,

2136 4814 2489 4870 collocutum
2568 4813 2721 4869 inter
2792 4831 2890 4870 eos
2947 4816 3156 4869 fuerat.
3220 4814 3280 4868 In
3340 4828 3513 4884 quem
3571 4825 3773 4882 agrum

2135 4905 2305 4959 crebo
2384 4902 2523 4959 Saul
2595 4902 2941 4959 consiliandi
3016 4901 3205 4976 gratia
3279 4898 3581 4956 convenire
3631 4897 3773 4954 sole-

2135 4992 2254 5060 bat,
2315 4992 2414 5047 ubi
2482 4990 2657 5047 etiam
2735 4991 3122 5048 constitutum
3197 4990 3383 5046 fuerat
3441 4992 3506 5044 ut
3555 4986 3774 5043 occide-

2135 5085 2297 5137 retur
2330 5080 2522 5151 David,
2553 5080 2707 5152 quod
2753 5085 2810 5137 et
2854 5079 3149 5136 Jonathan
3198 5077 3551 5133 indicaverat
3578 5074 3769 5131 David.

2206 5170 2396 5243 (Vers.
2438 5170 2555 5239 24.)
2588 5192 2615 5220 ‹‹
2648 5170 2717 5225 Et
2759 5168 3102 5241 exspoliavit
3138 5184 3201 5224 se
3233 5166 3409 5223 etiam
3438 5164 3575 5222 Saul
3605 5162 3771 5220 vesti-

2136 5258 2350 5315 mentis
2408 5258 2555 5327 suis,
2613 5264 2670 5313 et
2730 5257 3094 5330 prophetavit
3170 5271 3362 5312 coram
3427 5251 3711 5309 Samuele.
3745 5272 3772 5300 »

2134 5348 2385 5413 Quaestio
2415 5364 2630 5420 magna
2659 5347 2754 5402 hic
2798 5346 3003 5414 oritur,
3054 5363 3187 5402 cum
3227 5345 3286 5400 in
3325 5340 3773 5417 praecedentibus

2136 5437 2364 5512 legatur
2416 5439 2465 5507 (I
2516 5439 2640 5509 Reg.
2696 5454 2786 5507 xv,
2833 5436 3056 5509 35);Et
3084 5451 3193 5492 non
3222 5433 3357 5490 vidit
3385 5431 3607 5489 Samuel
3634 5430 3774 5487 Sau-

2134 5586 2415 5653 tanquam
2465 5597 2532 5636 ex
2580 5580 2825 5637 aliorum
2884 5596 2982 5637 ore
3030 5581 3101 5637 de
3149 5579 3339 5653 gentis
3370 5592 3487 5634 suis
3519 5573 3772 5632 moribus

2137 5652 2318 5710 fuisse
2347 5652 2632 5709 locutum.
