3970 6388
172 352 197 420 i
209 355 321 421 405

1136 357 1437 432 QUIES'I‘.
1489 353 1853 427 HEBRAIC.
1899 353 1978 418 IN
2023 353 2172 418 LIB.
2221 357 2239 419 l
2288 356 2589 423 REGUM.

3419 352 3573 420 “06

168 491 269 549 lem
290 505 457 564 usque
484 490 545 547 in
573 490 719 548 diem
744 492 938 548 mortis
958 507 1071 547 suae
1097 508 1109 559 ;
1139 496 1196 547 et
1217 492 1310 548 hic
1326 492 1704 565 prophetasse
1728 491 1807 563 (a)
1839 490 1892 557 Α
1922 496 2064 564 quot
2089 491 2296 548 diebus
2326 493 2384 548 in
2415 490 2791 549 tabernaculo
2824 489 3051 548 Domini
3088 488 3571 561 immoraturum,

168 598 357 639 coram
388 581 658 638 Samuele
690 581 938 637 dicatur.
974 581 1158 645 Quam
1182 583 1563 653 qumstionem
1588 581 1812 637 Hebraei

166 670 255 726 his
287 670 517 726 duobus
570 670 762 727 modis
822 669 1073 726 solvunt.
1137 677 1253 726 Aut
1299 689 1413 727 non
1471 670 1617 726 vidit
1654 687 1809 740 eum,

168 758 298 832 quia
328 760 561 833 quando
584 760 829 831 junctus
860 765 947 815 est
977 759 1115 816 Saul
1148 776 1330 815 cuneo
1372 760 1809 833 prophetarum,

165 848 466 905 abscondit
497 866 560 904 se
592 848 850 917 Samuel,
884 866 953 904 ne
1004 849 1295 905 videretur
1322 851 1394 906 ab
1425 866 1509 905 eo.
1552 852 1666 904 Aut
1697 866 1813 904 non

164 937 303 993 vidit
332 954 466 993 eum
500 937 773 993 indutum
806 937 1006 993 habitu
1055 938 1233 1009 regio,
1269 955 1383 1009 quo
1418 938 1659 993 indutus
1690 942 1814 993 erat

164 1026 392 1097 quando
423 1026 645 1081 dictum
677 1031 802 1081 est:
853 1028 968 1082 Non
1018 1027 1153 1081 vidit
1199 1044 1325 1081 eum
1374 1042 1543 1097 usque
1571 1028 1630 1080 ia
1668 1027 1813 1081 diem

160 1116 346 1171 mortis
402 1131 537 1182 suae,
601 1115 954 1171 subauditur
1030 1114 1301 1170 indutum
1372 1115 1574 1170 habitu
1631 1115 1809 1189 regio.

160 1203 523 1276 Exspoliasse
553 1220 686 1259 vero
717 1221 778 1260 se
810 1222 923 1259 non
974 1204 1248 1259 omnibus
1291 1205 1675 1270 vestimentis,
1709 1206 1810 1260 sed

159 1291 451 1364 regalibus
484 1295 734 1358 tantum,
769 1290 1212 1363 intelligendum
1242 1296 1348 1346 est.

225 1381 386 1452 (Cap.
435 1380 548 1436 XX.
600 1411 668 1420 -—
702 1380 865 1436 Vers.
920 1381 1010 1447 43,
1069 1382 1174 1452 t4.)
1232 1402 1250 1428 α
1290 1385 1353 1434 Et
1404 1380 1481 1435 sit
1528 1381 1813 1436 Dominus

162 1473 375 1537 tecum,
438 1469 591 1525 sicut
646 1469 756 1524 fuit
815 1486 949 1524 cum
1010 1474 1172 1541 patre
1230 1486 1377 1525 meo.
1419 1471 1489 1524 Et
1517 1471 1564 1525 si
1596 1470 1810 1537 vixero,

160 1558 337 1615 facias
367 1558 511 1614 mihi
548 1558 1011 1613 misericordiam
1070 1558 1316 1613 Domini.
1353 1581 1380 1608 ››
1411 1559 1499 1614 Sit
1535 1559 1813 1615 Dominus

160 1651 350 1703 tecum
382 1648 535 1703 sicut
568 1647 675 1703 fuit
727 1664 858 1702 cum
915 1653 1077 1719 patre
1136 1665 1284 1715 meo,
1331 1648 1387 1703 id
1420 1654 1527 1713 est,
1562 1648 1814 1703 sublime

159 1736 333 1792 faciat
381 1752 628 1808 regnum
678 1741 869 1803 tuum,
925 1736 1078 1792 sicut
1130 1736 1383 1793 sublime
1441 1738 1575 1792 fecit
1631 1737 1814 1809 patris

160 1825 268 1881 mei
316 1841 586 1898 regnum.
622 1847 649 1874 ‹‹
684 1826 754 1879 Et
802 1824 849 1881 si
904 1825 1116 1892 vixero,
1169 1826 1344 1882 facias
1390 1826 1535 1881 mihi
1584 1826 1813 1881 miseri-
1844 1862 1891 1927 Β

160 1915 413 1971 cordiam
469 1913 722 1981 Domini,
775 1936 803 1963 ››
852 1918 918 1969 ut
965 1914 1187 1969 scilicet
1236 1915 1346 1969 sim
1399 1916 1722 1970 secundum
1754 1916 1811 1970 in

159 2018 330 2074 regno
362 2008 503 2069 tuo;
539 2025 567 2052 «
601 2006 656 2057 et
686 2001 735 2057 si
767 2007 1035 2058 mortuus
1067 2003 1253 2073 fuero,
1299 2020 1413 2058 non
1443 2004 1670 2059 auferes
1700 2006 1811 2059 mi-

158 2090 530 2147 sericordiam
557 2095 718 2146 tuam
760 2108 795 2146 a
825 2091 998 2147 domo
1030 2108 1161 2147 mea
1191 2109 1377 2164 usque
1414 2093 1473 2147 in
1506 2093 1811 2165 sempiter-

158 2197 317 2236 num.
351 2202 380 2232 n

221 2270 383 2342 (Cap.
447 2269 588 2325 XXI.
652 2301 720 2309 -σ-
777 2270 940 2325 Vers.
1004 2270 1080 2339 1.)
1139 2271 1315 2325 Venit
1369 2277 1564 2327 autem
1631 2272 1810 2328 David

158 2357 213 2413 in
260 2359 423 2415 Nobe
470 2360 542 2414 ad
597 2358 937 2416 Abimelech
991 2360 1372 2415 sacerdotem.
1438 2384 1464 2410 υ
1516 2361 1811 2417 Ahimelec

155 2446 275 2519 ipse
330 2453 422 2504 est
479 2449 585 2518 Aja
666 2446 825 2503 ﬁlius
903 2448 1142 2516 Ahitob,
1204 2448 1306 2507 ﬁlii
1383 2450 1646 2519 Phinees,
1708 2451 1809 2506 filii

158 2535 298 2593 Heli.

222 2627 415 2698 (Vers.
456 2626 534 2697 3.)
564 2648 591 2676 ‹‹
628 2627 693 2680 Et
725 2626 960 2682 fuerunt
990 2644 1127 2683 vasa
1180 2645 1490 2699 puerorum
1522 2633 1746 2686 sancta.
1784 2653 1810 2679 ››

157 2714 489 2771 Abimelech
520 2715 842 2787 interrogat
896 2720 1094 2770 utrum
1155 2716 1327 2772 David
1391 2722 1447 2772 et
1498 2720 1660 2790 pueri
1696 2720 1809 2788 sui,

156 2820 298 2876 quos
343 2805 404 2860 in
450 2803 646 2868 illum,
696 2810 752 2859 et
795 2805 853 2858 in
902 2802 1070 2860 illum
1127 2805 1321 2860 locum
1372 2808 1719 2864 conduxisse
1749 2826 1811 2863 se

156 2892 395 2960 dixerat,
457 2893 662 2948 mundi
722 2898 936 2949 esseut.
1016 2895 1194 2949 David
1252 2914 1384 2951 vero
1451 2898 1815 2969 zenigmatice

159 2981 462 3054 pluraliter
509 2984 581 3037 de
628 2983 821 3055 seipse
868 2984 1189 3056 respondit,
1238 2984 1481 3041 dicens:
1536 3010 1562 3036 ‹‹
1594 2988 1659 3042 Et
1685 2988 1812 3043 fue-

154 3077 285 3127 runt
313 3089 454 3127 vasa
486 3088 799 3143 puerorum
852 3077 1076 3135 sancta,
1112 3095 1138 3120 ››
1178 3090 1212 3127 a
1254 3075 1565 3130 concubitu
1607 3078 1810 3147 conju-

155 3160 287 3233 gali.
322 3161 488 3225 Quod
519 3176 655 3216 vero
687 3161 790 3227 ait,
827 3182 853 3210 «
889 3161 1062 3217 Porro
1094 3162 1186 3218 via
1235 3162 1355 3217 haec
1386 3163 1607 3235 polluta
1637 3170 1746 3232 est,
1782 3187 1810 3215 ››

1922 584 1979 636 et
2008 581 2256 637 orationi
2278 586 2641 637 vacaturum.

1993 670 2154 743 (Cap.
2207 671 2379 727 XXII.
2428 703 2497 711 —
2544 670 2707 727 Vers.
2756 670 2835 743 5.)
2888 692 2908 720 ι
2963 669 3233 743 Dixitque
3282 670 3405 727 Gad
3436 687 3572 743 pro-

1923 759 2097 832 pheta
2126 761 2198 815 ad
2238 760 2415 816 David
2444 778 2456 817 :
2491 760 2617 816 Noli
2649 776 2886 816 manere
2916 758 2974 815 in
3016 759 3305 832 praasidio.
3336 759 3575 815 Profici-

1922 865 2081 904 scere
2110 853 2166 904 et
2194 850 2335 905 vade
2381 849 2440 904 in
2499 853 2715 905 terram
2771 848 2951 904 Juda.
2992 870 3018 897 ››
3082 848 3226 903 Miro
3275 849 3449 904 modo
3478 847 3574 904 hic

1921 937 2311 992 introducitur
2337 938 2454 993 Gad
2491 937 2794 1009 propheta,
2826 953 2959 991 cum
3010 935 3069 991 in
3112 937 3573 1009 prmcedentibus

1921 1028 2050 1097 ejus
2082 1026 2245 1082 nulla
2274 1027 2424 1083 facta
2455 1027 2629 1082 fuerit
2659 1025 2897 1082 mentio.
2921 1026 3016 1082 Sic
3044 1025 3245 1097 itaque
3271 1026 3368 1082 hic
3390 1026 3574 1083 intro-

1920 1115 2173 1182 ducitur,
2204 1116 2356 1171 sicut
2388 1116 2540 1171 Elias
2573 1115 2857 1187 propheta
2903 1116 2962 1170 in
3013 1114 3137 1171 loco
3186 1114 3285 1170 ubi
3316 1115 3570 1171 dicitur:

1923 1208 1986 1260 Et
2043 1205 2188 1259 dixit
2244 1204 2395 1260 Elius
2449 1205 2711 1260 Thesbiten:
2774 1204 2838 1259 de
2909 1204 3314 1260 habitatoribus
3370 1203 3577 1260 Galaad

1920 1294 2021 1365 (III
2048 1296 2174 1362 Reg.
2209 1312 2346 1360 xvu,
2384 1295 2451 1365 I).
2484 1296 2561 1349 Ex
2606 1311 2704 1349 ore
2748 1294 2947 1365 itaque
2986 1293 3216 1349 Domini
3263 1293 3385 1349 Gad
3435 1310 3574 1365 pro-

1923 1383 2099 1454 pheta
2134 1384 2303 1437 David
2340 1384 2502 1450 dixit,
2540 1387 2604 1438 ut
2645 1400 2763 1438 non
2813 1387 3141 1438 moraretur
3172 1382 3327 1437 inter
3373 1385 3575 1455 gentes

1922 1475 1979 1526 et
2007 1472 2065 1527 in
2100 1476 2254 1528 terra
2284 1471 2525 1544 polluta,
2558 1472 2660 1527 sed
2692 1471 2749 1526 in
2798 1476 3015 1527 terram
3058 1471 3212 1527 Juda
3244 1470 3479 1539 rediret,
3512 1474 3572 1526 et

1924 1561 2001 1615 ibi
2030 1561 2199 1631 juxta
2226 1560 2584 1616 voluntatem
2622 1560 2850 1617 Domini
2885 1560 3351 1633 persecutionem
3379 1558 3575 1617 inimi-

1923 1666 2131 1731 corum.
2160 1651 2350 1706 ferret.

1994 1739 2178 1809 (Vers.
2214 1740 2326 1811 48.)
2363 1763 2382 1787 ο
2418 1741 2486 1794 Et
2517 1739 2829 1795 trucidavit
2861 1739 3046 1794 Doech
3080 1738 3373 1794 Idumaaus
3402 1739 3460 1793 in
3484 1738 3578 1795 die

1921 1828 2024 1884 illa
2053 1829 2346 1901 octoginta
2377 1828 2637 1901 quinque
2666 1827 2821 1884 viros
2850 1828 3089 1883 vestitos
3119 1827 3307 1900 ephod
3340 1827 3516 1883 lineo.
3549 1849 3577 1877 »

1921 1922 1984 1973 In
2015 1918 2254 1973 Hebraeo
2306 1918 2574 1988 habetur,
2628 1940 2655 1968 ‹‹
2705 1921 3000 1989 portantes
3051 1916 3515 1989 ephodlineum.
3551 1938 3579 1966 ››

1919 2007 2099 2062 Aiunt
2128 2007 2372 2073 Hebraei,
2406 2024 2521 2062 non
2553 2024 2758 2063 omnes
2801 2006 2988 2076 ephod
3033 2005 3256 2062 lineum
3292 2010 3578 2078 portasse,

1920 2097 2021 2153 sed
2052 2096 2197 2153 tales
2229 2113 2327 2151 eos
2387 2095 2588 2161 fuisse,
2643 2095 2742 2166 qui
2798 2096 3003 2167 utique
3060 2094 3224 2166 digni
3280 2098 3338 2150 et
3387 2094 3581 2152 idonei

1919 2189 2116 2241 essent
2146 2186 2216 2241 ad
2250 2185 2601 2256 portandum
2631 2182 2842 2255 ephod.

1994 2276 2150 2346 (Cap.
2184 2275 2381 2329 XXIII.
2417 2303 2485 2313 ——
2512 2272 2678 2328 Vers.
2731 2271 2849 2339 Η.)
2895 2294 2922 2321 ‹‹
2983 2270 3043 2326 Si
3083 2271 3328 2327 tradent
3346 2287 3440 2327 me
3468 2270 3585 2326 viri

1921 2363 2090 2419 Ceilaz
2124 2364 2181 2418 in
2230 2380 2439 2418 manus
2487 2362 2635 2432 ejus,
2686 2364 2743 2415 et
2790 2359 2839 2416 si
2888 2360 3203 2415 descendet
3252 2359 3390 2416 Saul
3422 2359 3580 2416 sicut

1921 2453 2141 2508 audivit
2188 2469 2390 2507 servus
2441 2456 2600 2518 tuus,
2652 2449 2898 2505 Domine
2945 2449 3099 2504 Deus
3141 2449 3339 2516 Israel,
3385 2448 3582 2504 indica

1922 2559 2085 2598 servo
2141 2546 2263 2597 tuo.
2324 2542 2395 2596 Et
2452 2540 2532 2595 ait
2589 2538 2897 2606 Dominus,
2961 2538 3299 2593 Descendet.
3334 2558 3362 2587 »
3410 2544 3493 2592 Ac
3523 2537 3574 2592 si

1921 2631 2158 2697 diceret,
2192 2631 2241 2685 si
2272 2630 2368 2685 hic
2425 2628 2679 2696 steteris,
2738 2627 3071 2683 descendet.
3131 2627 3200 2681 Et
3253 2626 3405 2697 quod
3455 2626 3572 2682 ait:

1925 2742 1952 2771 ‹‹
1983 2721 2041 2775 Si
2072 2720 2307 2774 tradent
2338 2735 2430 2773 me
2476 2717 2584 2772 viri
2634 2715 2797 2772 Ceilaa
2823 2733 2837 2783 ;
2888 2720 2945 2771 et
2995 2714 3273 2770 Dominus
3304 2714 3408 2782 ait,
3437 2718 3580 2770 Tra-

1921 2810 2098 2874 dent;
2134 2830 2161 2857 »
2215 2808 2323 2863 iste
2371 2812 2461 2863 est
2506 2822 2753 2875 sensus;
2805 2804 2861 2859 Si
2910 2804 3275 2860 descenderit
3318 2802 3481 2870 Saul,
3523 2806 3582 2859 et

1921 2898 2016 2953 hic
2048 2903 2101 2954 te
2145 2897 2447 2963 invenerit,
2510 2896 2759 2950 tradent.
2813 2894 3009 2963 Porro,
3058 2910 3125 2948 eo
3174 2897 3433 2964 tempore
3463 2908 3580 2964 quo

1924 2990 2151 3059 fugerat
2171 2986 2448 3042 Abiathar
2470 2984 2626 3040 filius
2648 2982 2987 3038 Abimelech
3012 2983 3085 3037 ad
3108 2982 3286 3037 David
3311 2982 3369 3036 in
3391 2981 3578 3052 Ceilsa,

1920 3076 2109 3147 ephod
2159 3092 2353 3130 secum
2413 3073 2636 3128 habens
2701 3072 3127 3137 descenderat;
3187 3070 3375 3142 ephod
3433 3068 3578 3124 illud

1922 3169 2047 3221 erat
2101 3164 2256 3235 quod
2315 3164 2563 3234 Moyses,
2609 3160 2855 3230 jubente
2909 3158 3174 3226 Domino,
3232 3159 3483 3225 fecerat;
3516 3157 3585 3213 in

153 3231 207 3306 et
236 3251 292 3305 in
326 3251 568 3305 Hebraeo
602 3249 835 3322 legitur,
868 3274 895 3299 ‹‹
931 3250 1105 3306 Porro
1157 3251 1249 3306 via
1295 3231 1416 3308 haec
1455 3252 1601 3308 laica
1633 3231 1741 3321 est,
1779 3276 1805 3303 ››
1839 3231 1882 3299 C
1923 3270 2038 3325 quo
2069 3231 2211 3319 erat,
2243 3231 2490 3307 doctrina
2520 3259 2570 3305 et
2604 3251 2824 3314 veritas,
2859 3247 2918 3303 in
2941 3264 3055 3319 quo
3077 3247 3253 3303 etiam
3280 3247 3581 3304 consuluit

153 3339 233 3395 sic
282 3345 374 3395 est
424 3338 912 3411 intelligendum:
969 3340 1061 3394 via
1110 3340 1230 3395 haec
1281 3340 1429 3397 laica
1474 3347 1584 3409 est,
1636 3360 1703 3398 ac
1759 3342 1809 3397 si

151 3428 404 3485 diceret:
444 3431 504 3483 In
546 3428 671 3500 lege
706 3434 1060 3501 praiceptum
1095 3434 1203 3494 est,
1238 3436 1299 3485 ut
1328 3435 1636 3487 extraneus
1695 3449 1810 3486 non

151 3518 417 3574 comedat
446 3534 515 3572 ex
566 3517 687 3573 eis:
749 3522 806 3572 et
855 3522 919 3571 ut
976 3518 1303 3589 interrogas
1351 3522 1547 3574 utrum
1605 3521 1809 3575 mundi

151 3605 267 3662 sint
295 3607 485 3678 pueri,
522 3606 619 3677 qui
652 3606 852 3673 etiam,
876 3606 925 3661 si
960 3607 1161 3662 mundi
1194 3614 1411 3675 essent,
1438 3625 1810 3680 nequaquam

151 3694 231 3751 eis
260 3694 418 3751 vesci
450 3695 749 3750 deberent.
787 3695 1001 3751 Idcirco
1052 3696 1144 3751 via
1192 3696 1311 3751 hmo
1358 3702 1446 3752 est
1476 3697 1640 3768 laica,
1676 3698 1815 3770 quia

150 3788 209 3840 tu
241 3783 529 3841 laicaliter
559 3784 911 3856 interrogas.
952 3786 1114 3848 Quod
1147 3803 1279 3841 vero
1310 3786 1610 3858 sequitur:
1650 3812 1677 3838 ί(
1700 3789 1809 3843 Sed

149 3878 206 3928 et
257 3873 394 3945 ipsa
456 3873 628 3928 hodie
689 3873 1157 3929 sanctiﬁcabitur
1203 3875 1261 3930 in
1296 3875 1542 3947 vasis(b)
1578 3894 1589 3931 :
1628 3899 1655 3923 υ
1688 3878 1814 3948 ipsa

149 3962 350 4034 utique
385 3962 445 4018 in
471 3963 647 4028 vasis,
702 3962 758 4017 id
815 3967 903 4017 est
956 3963 1015 4018 in
1070 3969 1263 4020 mente
1302 3983 1427 4029 sua,
1460 3966 1813 4038 sanctificari

146 4050 397 4108 dicitur:
434 4052 575 4123 quia
606 4051 719 4107 nisi
754 4053 1104 4107 necessitate
1144 4055 1404 4124 corporis
1450 4060 1506 4109 et
1554 4055 1810 4125 periculo

154 4139 282 4196 vitae
314 4145 583 4214 urgente,
621 4156 992 4212 nequaquam
1046 4148 1373 4197 vesceretur
1418 4142 1539 4209 eis;
1575 4160 1691 4198 non
1724 4149 1809 4199 ta-

144 4244 274 4286 men
308 4234 510 4302 aperte
549 4231 787 4286 eosdem
809 4229 1024 4299 legitur
1059 4230 1233 4285 David
1258 4248 1436 4302 panes
1461 4232 1804 4287 comedisse.

141 4317 409 4375 Tradunt
435 4318 656 4374 Hebraei
696 4335 1071 4390 nequaquam
1104 4318 1282 4374 David
1330 4335 1428 4375 eos
1485 4321 1810 4375 comedisse

138 4422 359 4478 panes;
395 4409 498 4464 sed
531 4407 702 4463 aliter
731 4412 927 4463 tamen
950 4408 1024 4477 (c)
1058 4408 1069 4441 '
1098 4407 1389 4464 Dominus
1420 4408 1477 4463 in
1501 4408 1807 4481 Evangelio

140 4497 348 4565 (Matth.
384 4514 487 4563 xu,
519 4497 592 4568 t).

1918 3343 2189 3400 sacerdos
2219 3342 2299 3411 (ιι)
2325 3340 2655 3396 Dominum.

1988 3435 2174 3502 (Vers.
2204 3432 2316 3497 48.)
2347 3452 2373 3479 ‹‹
2413 3428 2708 3484 Percussit
2761 3427 2941 3499 igitur
2988 3431 3254 3497 uterque,
3284 3426 3581 3482 Jonathan

1920 3520 2141 3577 scilicet
2165 3524 2222 3575 et
2264 3518 2464 3587 David,
2518 3518 2704 3572 fcedus
2752 3534 2953 3571 coram
3003 3515 3269 3571 Domino.
3306 3537 3333 3565 ››
3376 3519 3580 3572 Coram

1925 3610 2188 3675 Domino,
2219 3609 2277 3664 id
2323 3613 2407 3663 est
2458 3623 2650 3662 coram
2703 3606 2824 3661 Gad
2874 3605 3181 3678 propheta,
3212 3608 3270 3660 et
3302 3604 3583 3661 Abiathar

1920 3700 2240 3767 sacerdote,
2273 3697 2371 3770 qui
2405 3697 2676 3770 portabat
2706 3695 2918 3767 ephod.

1991 3789 2177 3860 (Vers.
2210 3790 2325 3857 25.)
2376 3810 2403 3837 ‹‹
2440 3785 2544 3841 Ivit
2598 3785 2783 3857 igitur
2835 3781 2973 3837 Saul
3030 3786 3087 3837 et
3143 3780 3285 3837 socii
3343 3781 3473 3852 ejus
3504 3781 3576 3837 ad

1921 3879 2323 3952 quaerendum.
2372 3877 2438 3930 Et
2486 3872 2820 3928 nuntiatum
2863 3876 2950 3925 est
3002 3870 3195 3939 David,
3261 3869 3579 3941 statimque

1920 3966 2221 4024 descendit
2277 3966 2345 4020 ad
2406 3967 2651 4035 petram,
2702 3964 2759 4016 et
2814 3959 3156 4015 versabatur
3219 3957 3277 4012 in
3345 3959 3576 4014 deserto

1922 4057 2112 4112 Maon.
2151 4077 2175 4103 ι)
2240 4051 2617 4108 Descendisse
2671 4049 2743 4104 ad
2804 4052 3027 4120 petram
3085 4047 3326 4114 dicitur,
3386 4046 3444 4102 id
3489 4053 3580 4104 est

1918 4146 1989 4201 ad
2022 4143 2386 4199 tutissimum
2417 4139 2633 4205 locum,
2694 4137 2755 4191 in
2819 4153 2934 4208 quo
2983 4152 3051 4192 ea
3098 4152 3226 4207 qua:
3273 4135 3386 4192 sibi
3414 4137 3577 4193 oneri

1918 4239 1973 4290 et
2004 4232 2201 4306 gravia
2257 4235 2444 4295 erant,
2502 4226 2785 4300 reposuit.
2842 4226 2910 4281 Et
2968 4226 3095 4299 ipse
3141 4226 3487 4282 versabatur
3514 4226 3573 4281 in

1917 4325 2145 4379 deserto
2179 4320 2370 4389 Maon,
2404 4335 2518 4389 quo
2550 4316 2662 4372 sibi
2696 4315 3014 4388 suffugium
3063 4315 3321 4388 patebat.

1989 4412 2148 4484 (Cap.
2182 4409 2342 4464 XXV.
2382 4438 2446 4449 -—
2472 4406 2636 4462 Vers.
2669 4408 2747 4473 2.)
2797 4427 2825 4455 «
2874 4406 3013 4461 Erat
3062 4409 3255 4460 autem
3295 4404 3381 4458 vir
3410 4404 3573 4475 quis-

1920 4503 2071 4574 piam
2108 4501 2164 4554 in
2198 4497 2518 4553 solitudine
2563 4496 2757 4551 Maon.
2792 4517 2819 4545 »
2874 4495 3152 4550 Hebraeus
3199 4494 3308 4549 hoc
3355 4492 3414 4547 in
3447 4492 3572 4549 loco

210 4585 400 4657 (Vers.
433 4587 513 4657 7.)
564 4586 698 4641 Erat
743 4590 940 4640 autem
994 4585 1072 4640 ibi
1125 4585 1366 4657 quidam
1408 4587 1494 4642 vir
1522 4590 1591 4643 de
1623 4587 1804 4643 servis
1835 4604 1880 4669 Ι)
1912 4608 2027 4646 non
2063 4588 2258 4653 habet,
2291 4589 2353 4641 in
2403 4586 2717 4642 solitudine.
2782 4586 2844 4641 In
2902 4584 3069 4639 Maon
3128 4581 3284 4638 enim
3341 4580 3572 4637 civitate

140 4674 276 4729 Saul
310 4675 370 4729 in
403 4674 496 4729 die
528 4674 629 4730 illa
659 4674 818 4729 intus
842 4675 900 4729 in
931 4676 1326 4743 tabernaculo,
1351 4680 1407 4731 et
1437 4694 1645 4732 nomen
1672 4678 1800 4748 ejus

139 4763 330 4819 Doech
382 4765 484 4835 (ΑΙ.
541 4765 678 4836 Dog)
730 4764 1045 4820 Idumaeus.
1086 4787 1111 4812 ››
1168 4766 1225 4819 In
1276 4765 1514 4821 Hebraeo
1563 4766 1799 4835 dicitur,

137 4874 164 4900 ‹‹
196 4851 510 4924 Obligatus
540 4852 599 4907 in
630 4858 942 4924 conspectu
979 4853 1224 4908 Domini.
1262 4876 1289 4902 ››
1313 4854 1619 4927 Obligatus
1646 4856 1798 4912 idem

134 4939 323 4998 Doech
354 4941 652 4999 Idumaeas
682 4946 810 4998 erat
844 4946 995 5010 voto,
1045 4960 1160 5014 quo
1206 4959 1267 4998 se
1308 4942 1665 5016 obligaverat
1691 4944 1801 5001 ali-

204 5118 567 5208 :‘Do'minum
615 5121 833 5208 .Je's‘urn
893 5126 950 5177 et
1011 5121 1393 5208 Evangelium‘
1434 5122 1563 5208 ejus
1620 5141 1800 5196 οΡΡο·

133 5192 253 5271 suit
307 5192 636 5271 Traditioni
690 5194 1091 5271 Hebr_zeorum_
1125 5192 1330 5271 auctor
1379 5192 1625 5271 hujusce
1657 5192 1797 5271 ope-

132 5264 233 5333 ris,
266 5278 452 5334 quare
507 5264 674 5320 facile
723 5265 951 5321 creditu
1002 5266 1252 5333 videtur,
1302 5264 1501 5338 ipsum
1545 5268 1604 5322 in
1636 5264 1798 5323 Chri-

1722 5345 1743 5379 ο

134 5403 279 5531 1αὲῗέ
313 5406 551 5463 Rectius
585 5425 763 5479 pones
800 5409 1127 5477 Rabanum,
1152 5410 1413 5481 quomodo
1444 5410 1533 5465 hic
1559 5412 1796 5483 prop/w-

201 5548 280 5624 (b)_
321 5548 507 5624 Addit
561 5568 671 5624 ms.
705 5553 977 5608 Ambros.
1020 5554 1177 5624 meis,
1209 5554 1362 5624 quod
1415 5554 1798 5624 subsequenti

133 5618 425 5693 versic_ulo
441 5620 660 5693 jungit.

203 5692 274 5762 (ιτ)
307 5691 592 5751 Rabanus
642 5694 799 5751 hunc
846 5694 1061 5764 locum,
1141 5712 1210 5752 ex
1265 5712 1381 5767 quo
1454 5695 1797 5753 Christianae

1911 4678 2237 4745 habitabat,
2270 4693 2386 4732 non
2419 4676 2478 4731 in
2510 4674 2847 4731 solitudine.

1981 4767 2166 4838 (Vers.
2198 4766 2316 4833 ει.)
2378 4788 2405 4813 ‹‹
2440 4765 2585 4819 Vere
2635 4765 2851 4819 frustra
2908 4760 3128 4817 servavi
3186 4758 3387 4813 omnia
3440 4774 3568 4829 quas

1910 4858 2090 4929 hujus
2120 4858 2307 4922 erant,
2362 4860 2419 4909 et
2475 4870 2589 4908 non
2651 4851 2823 4924 periit
2877 4850 3197 4923 quidquam
3231 4848 3302 4903 de
3342 4848 3569 4904 cunctis

1910 4965 2038 5020 quae
2070 4946 2141 5001 ad
2175 4959 2311 4999 eum
2346 4941 2733 5015 pertinebant,
2766 4944 2823 4995 et
2868 4938 3123 4995 reddidit
3165 4936 3308 4992 mihi
3341 4934 3564 4992 malum

1909 5130 2068 5251 stqm
2100 5122 2441 5192 credidisse,
2475 5124 2540 5177 ut
2561 5121 2689 5193 jam
2723 5119 2863 5176 alibi
2915 5136 2949 5174 a
2992 5118 3162 5173 nobis
3193 5116 3563 5173 observatum

1910 5215 1972 5251 es
2006 5239 2019 5251 .

1910 5215 2019 5254 εει.

1908 5410 2174 5483 religioni
2228 5426 2456 5483 nomen
2489 5406 2722 5483 dedisse
2750 5406 3099 5483 _Hebrieum_
3125 5401 3318 5475 operis
3354 5407 3559 5459 aucto-

1908 5476 2459 5555 remvargumentari
2490 5479 2699 5534 iterum
2750 5477 2900 5548 licet,
2950 5476 3183 5549 penitus
3232 5492 3347 5531 non
3378 5491 3560 5548 agno-

1909 5559 2056 5697 Eciit.)
2092 5626 2247 5682 Idem
2280 5623 2449 5679 David
2473 5621 2770 5695 supponit,
2798 5638 2900 5695 pro
2920 5619 3192 5678 sacerdos.
