3970 6382
406 348 565 427 HO?

1894 343 2321 413 APPENDIX.

3655 342 3816 413 1408

401 502 506 560 pro
537 487 711 543 bono.
750 506 779 536 »
807 485 969 543 Tunc
1016 482 1232 559 quippe
1276 483 1330 541 ei
1383 482 1634 541 reddidit
1681 483 1904 540 malum
1944 498 2048 556 pro
2079 487 2129 552 Α
2163 487 2429 540 mortuus
2460 481 2705 555 legatur,
2743 499 2846 539 cur
2872 481 2968 540 hic
2999 484 3299 557 repetatur
3332 486 3627 540 mortuus.
3660 481 3816 539 Mor-

403 577 579 643 bono,
629 576 863 649 quando
913 574 1342 647 blasphemavit
1389 591 1523 631 eum
1572 573 1968 640 conviciando,
2001 578 2059 629 et
2166 576 2307 629 tuus
2336 571 2451 639 hic,
2514 577 2579 628 ut
2632 573 2857 629 Hebraei
2914 571 3136 641 volunt,
3195 572 3658 630 resuscitationis
3694 589 3814 629 sua

401 666 581 722 dixit:
617 688 642 715 ‹‹
680 665 820 729 Quis
844 668 932 720 est
960 664 1138 719 David
1164 668 1219 720 et
1240 664 1374 736 quis
1395 669 1485 720 est
1506 662 1665 722 ﬁlius
1687 663 1797 718 Isai
1826 666 1849 717 Ρ
1876 660 2057 717 Hodie

344 819 350 824 ,
400 756 773 811 increverunt
817 753 986 825 servi,
1046 754 1145 825 qui
1204 754 1481 826 fugerunt
1533 752 1805 808 dominos
1855 767 1996 807 suos
2026 771 2054 798 »

397 845 568 916 (Vers.
620 844 733 915 lO).

465 933 654 1002 (Vers.
685 933 801 1003 26.)
837 954 865 982 «
901 932 967 987 Et
1018 948 1173 987 nunc
1222 932 1364 986 ﬁant
1415 931 1569 986 sicut
1612 929 1796 986 Nabal
1830 928 2053 983 inimici

397 1021 522 1089 tui;
553 1027 612 1078 et
640 1022 740 1093 qui
768 1026 1039 1094 quaerunt
1068 1021 1304 1077 domino
1362 1037 1489 1075 meo
1523 1018 1765 1073 malum.
1801 1041 1827 1067 ››
1864 1018 2051 1083 Fiant,

395 1110 609 1184 inquit,
640 1111 795 1166 sicut
824 1109 1027 1178 Nabal,
1065 1114 1127 1165 ut
1156 1114 1394 1182 pereant
1423 1109 1575 1164 sicut
1603 1106 1783 1165 Nabal
1816 1107 1873 1161 in
1907 1106 2052 1162 stul-

395 1199 527 1258 titia
555 1216 684 1256 sua.
1703 1208 1708 1214 '

464 1289 655 1360 (Vers.
686 1289 801 1359 30.)
838 1290 983 1345 Cum
1032 1304 1169 1361 ergo
1216 1287 1411 1343 fecerit
1459 1287 1740 1343 Dominus
1790 1284 1891 1341 tibi
1944 1284 2051 1339 do-

397 1378 559 1435 mino
588 1395 718 1434 meo
760 1379 957 1433 omnia
990 1395 1117 1450 quas
1166 1376 1396 1432 locutus
1442 1382 1532 1431 est
1577 1377 1730 1431 bona
1777 1375 1848 1429 de
1890 1378 1965 1438 te,
1997 1380 2053 1427 et

394 1468 769 1524 constituerit
792 1472 847 1523 te
892 1468 1101 1523 ducem
1150 1465 1349 1533 Israel,
1398 1484 1510 1521 nou
1560 1466 1671 1521 erit
1716 1463 1821 1519 tibi
1853 1462 1961 1517 hoc
1993 1462 2049 1517 in

394 1556 744 1631 singultum.
785 1579 812 1606 »
844 1557 968 1612 Neu
999 1557 1127 1624 erit,
1158 1556 1374 1628 inquit,
1425 1554 1526 1610 tibi
1574 1553 1686 1609 hoc
1734 1553 1791 1606 in
1824 1549 2051 1622 singul-

393 1650 524 1703 tum
553 1665 566 1715 ;
601 1650 663 1702 ut
694 1648 866 1702 modo
895 1647 1163 1702 eii'undas
1194 1644 1542 1717 sanguinem
1591 1641 1796 1710 Nabal,
1829 1647 1886 1697 et
1918 1657 2048 1713 pro-

393 1740 525 1810 pter
553 1736 661 1792 hoc
694 1736 954 1791 ﬂendum
984 1735 1091 1790 tibi
1123 1735 1203 1791 sit
1229 1740 1287 1789 et
1319 1732 1741 1806 pmnitendum.

463 1825 651 1894 (Vers.
706 1824 821 1894 44.)
863 1823 1002 1880 Saul
1053 1828 1249 1879 autem
1298 1823 1460 1877 dedit
1504 1820 1683 1876 tiliam
1735 1835 1903 1875 suam
1937 1817 2049 1873 Mi-

394 1913 525 1970 cbol
559 1929 799 1969 uxorem
830 1912 1033 1983 David,
1085 1911 1270 1968 Phalti
1322 1910 1440 1967 filio
1492 1911 1645 1979 Lais,
1695 1909 1793 1980 qui
1826 1911 1951 1963 erat
1977 1908 2050 1961 de

395 2000 634 2057 Gallim.
679 2022 707 2050 »
740 2000 813 2057 Ut
835 2000 1054 2055 Hebraei
1076 2000 1457 2069 tradunt,non
1488 1996 1758 2069 cognovit
1775 2012 1902 2050 eam
1930 1996 2046 2065 (a);

394 2089 454 2146 id
496 2095 588 2145 est
629 2088 851 2145 Pbalti:
896 2089 1172 2161 quoniam
1221 2088 1269 2142 si
1320 2086 1686 2160 cognovisset
1714 2101 1865 2153 eam,
1897 2100 2049 2138 nun-

394 2195 573 2252 quam
600 2178 778 2234 David
812 2178 922 2233 sibi
953 2194 1078 2233 eam
1113 2182 1314 2249 postea
1343 2177 1654 2246 sociasset,
1678 2172 1895 2245 quiain
1923 2171 2050 2243 lege

394 2269 630 2341 penitus
652 2267 994 2339 hujusmodi
1020 2266 1364 2338 prohibetur
1384 2265 1588 2320 coitus.
1611 2264 1770 2320 Idem
1796 2278 2051 2333 namque

390 2356 583 2412 Pbalti
646 2357 716 2413 de
778 2356 1012 2421 Gallim,
1066 2356 1123 2410 id
1180 2360 1268 2411 est
1323 2356 1395 2410 de
1448 2354 1851 2421 inundatione,
1892 2356 2040 2408 erat.

393 2445 724 2514 Inundatio,
773 2446 882 2501 hoc
934 2450 1024 2501 est
1065 2444 1296 2511 Gallim,
1346 2443 1435 2499 lex
1479 2442 1845 2514 intelligitur.
1879 2439 2052 2511 Legis

390 2536 549 2592 enim
576 2536 780 2591 doctor
836 2539 960 2591 erat
1015 2536 1087 2590 de
1148 2533 1449 2601 Baburim,
1504 2532 1562 2587 id
1613 2536 1702 2588 est
1725 2532 1797 2587 de
1824 2529 2047 2587 electis.

390 2625 636 2691 Quando
667 2629 862 2680 autem
894 2643 927 2679 ει
955 2623 1126 2680 Saule
1173 2622 1385 2679 Michol
1430 2622 1481 2677 ei
1529 2622 1721 2689 datur,
1756 2621 1958 2686 Phatti,
1989 2619 2048 2675 id

390 2719 482 2771 est
533 2715 789 2779 suadens,
848 2713 1288 2785 interpretatur.
1360 2712 1602 2776 Quando
1658 2727 1791 2766 vero
1854 2711 1926 2765 ab
1968 2704 2049 2765 ~eo

392 2802 597 2859 eadem
645 2799 851 2857 Michol
884 2802 1164 2864 aufertur,
1217 2800 1475 2871 Phattiel,
1533 2798 1591 2854 id
1628 2803 1717 2853 est
1755 2798 1989 2854 evertens
2016 2814 2052 2853 α

387 2891 515 2958 Deo,
576 2890 1018 2962 interpretatur.
1078 2889 1341 2944 Evadens
1389 2905 1423 2943 u
1471 2892 1581 2943 Deo
1633 2887 1864 2956 dicitur,
1912 2886 2051 2958 quia

390 2978 705 3035 custodivit
734 2995 890 3046 eum,
927 2995 996 3033 ne
1036 2982 1300 3050 tangeret
1341 2993 1491 3047 eam,
1542 2993 1614 3031 ne
1667 2978 1828 3031 fieret
1859 2981 2050 3032 trans-

386 3084 623 3141 gressor
651 3067 819 3141 legis.
853 3091 881 3119 ‹‹
917 3069 1279 3139 Secutusque
1323 3071 1412 3121 est
1456 3081 1584 3121 eam
1638 3066 1724 3120 vir
1752 3082 1896 3121 suus
1928 3065 2048 3137 plo-

389 3173 528 3212 rans
558 3173 749 3229 usque
778 3157 849 3212 ad
883 3156 1162 3213 Baburim
1197 3178 1224 3205 »
1257 3155 1326 3226 (Il
1355 3156 1484 3224 Reg.
1519 3172 1605 3221 In,
1640 3154 1748 3226 16.)
1788 3154 2051 3210 Plorasse

2165 676 2344 716 causa
2360 662 2641 733 repetitur
2655 662 2751 730 (ὸ).

2238 751 2422 821 (Vers.
2455 752 2534 823 6.)
2566 774 2593 800 «
2629 750 3051 824 Consuluitque
3099 752 3436 817 Dominum,
3486 756 3546 807 et
3581 767 3696 808 non
3726 766 3816 807 re-

2163 839 2402 911 spondit
2432 840 2509 907 ei,
2540 856 2728 912 neque
2760 857 2861 912 per
2908 840 3157 906 somnia,
3198 856 3387 912 neque
3417 856 3519 913 per
3547 841 3813 895 sacerdoo

2164 935 2268 983 tes.
2306 952 2332 977 ››
2370 928 2663 997 Hebraeus,
2726 952 2753 978 «
2817 930 3015 1001 Neque
3074 947 3177 1002 per
3230 927 3576 996 doctrinam,
3625 944 3814 1000 neque

2162 1032 2264 1088 per
2306 1018 2639 1090 prophetas.
2672 1036 2698 1067 η
2756 1019 3167 1089 Respondebat
3204 1018 3488 1073 Dominus
3515 1034 3617 1090 per
3655 1033 3813 1073 som~

2162 1105 2277 1173 nia,
2312 1105 2463 1162 sicut
2492 1106 2669 1162 iidem
2712 1107 2933 1162 Hebraei
2982 1112 3273 1177 asserunt,
3307 1123 3374 1162 eo
3406 1108 3556 1179 quod
3591 1107 3812 1163 orando

2161 1200 2217 1250 ct
2248 1195 2563 1265 iejunando
2596 1197 2913 1267 poscebant
2940 1196 3242 1252 oraculum
3276 1195 3386 1252 sibi
3406 1195 3529 1251 ﬁeri
3546 1195 3812 1251 divinum

2160 1288 2216 1338 et
2247 1284 2399 1339 Deus
2430 1284 2544 1339 illis
2595 1301 2698 1355 per
2745 1286 2978 1341 somnia
3024 1284 3314 1341 revelabat
3359 1301 3428 1341 ea
3454 1300 3582 1356 qua:
3614 1285 3815 1340 futura

2159 1377 2323 1427 erant
2356 1375 2510 1445 quod
2544 1373 2603 1428 in
2637 1373 2746 1428 hoc
2777 1373 2901 1430 loco
2952 1375 3195 1429 minime
3247 1373 3383 1430 Saul
3432 1374 3638 1430 fecisse
3665 1372 3812 1447 legi-

2161 1464 2276 1517 tur.
2316 1468 2423 1517 I’er
2449 1464 2779 1531 doctrinam,
2812 1480 2916 1535 per
2943 1463 3131 1535 ephod
3165 1463 3402 1529 scilicet,
3435 1463 3587 1534 quod
3619 1479 3813 1518 sacer-

2160 1550 2266 1605 dos
2297 1549 2357 1605 in
2388 1555 2619 1622 pectore
2649 1553 2938 1623 portabat.
2972 1554 3156 1623 Neque
3192 1568 3291 1624 per
3311 1553 3619 1624 prophetas,
3651 1551 3811 1623 quia,

2160 1638 2276 1694 illis
2309 1640 2771 1708 consulentibus,
2802 1641 3086 1697 Dominus
3110 1657 3479 1713 nequaquam
3507 1641 3815 1713 responde-

2158 1728 2276 1784 bat.
2313 1729 2379 1782 Hi
2413 1730 2705 1802 propheta:
2736 1731 3017 1785 dicuntur
3047 1730 3229 1786 fuisse
3268 1728 3541 1801 discipuli
3569 1730 3812 1785 Samue-

2157 1815 2252 1885 lis,
2287 1817 2505 1888 quibus
2536 1818 3020 1892 prophetantibus
3043 1819 3242 1891 junxit
3288 1836 3350 1875 se
3399 1816 3559 1884 Saul,
3591 1823 3650 1874 et
3678 1835 3813 1891 pro-

2158 1906 2431 1979 pbetavit.

2228 1994 2415 2067 (Vers.
2446 1998 2525 2066 7.)
2565 2020 2585 2045 ι
2629 1997 2876 2062 Quzerite
2936 1998 3081 2054 mihi
3139 1996 3442 2053 mulierem
3498 1995 3811 2054 habentem

2158 2083 2497 2157 Pythonem,
2532 2091 2589 2142 et
2638 2089 2846 2142 vadam
2900 2087 2972 2141 ad
3027 2103 3179 2155 eam,
3229 2091 3287 2142 et
3340 2085 3680 2143 sciscitabor
3710 2103 3817 2158 per

2157 2172 2339 2229 illam.
2380 2198 2406 2223 ››
2447 2176 2616 2231 Nullo
2674 2181 2908 2247 accepto
2964 2176 3247 2232 divinitus
3304 2174 3444 2231 Saul
3504 2192 3804 2247 responso,

2158 2264 2513 2319 convertitur
2541 2265 2612 2320 ad
2647 2265 2957 2336 Pythonas.
2994 2264 3270 2328 Quamvis
3317 2280 3456 2336 ergo
3485 2263 3623 2319 Saul
3654 2264 3810 2337 lega-

2158 2356 2255 2408 tur
2310 2354 2561 2409 erasisse
2618 2370 2820 2425 magos
2872 2359 2932 2409 et
2988 2352 3246 2409 hariolos
3300 2354 3373 2409 de
3429 2356 3622 2409 terra:
3656 2353 3811 2409 hanc

2160 2446 2356 2497 tamen
2390 2441 2697 2498 mulierem
2736 2442 2957 2497 Hebraei
2991 2448 3240 2498 matrem
3273 2442 3455 2499 fuisse
3483 2442 3674 2498 Abner
3705 2441 3808 2497 ﬁlii

2160 2531 2273 2587 Nec
2303 2536 2631 2599 autumant,
2665 2536 2721 2587 et
2754 2536 2989 2604 prOpter
3021 2533 3294 2587 eumdem
3341 2533 3557 2598 Abner,
3597 2548 3669 2588 ne
3707 2548 3808 2605 pe-

2159 2619 2468 2676 rimeretur
2497 2637 2629 2676 cum
2664 2619 2885 2676 caeteris
2943 2620 3327 2694 Pythonissis,
3383 2621 3724 2677 absconsam
3750 2624 3812 2675 et

2160 2714 2514 2764 reservatam
2545 2709 2745 2765 fuisse.

2231 2798 2391 2870 (Cap.
2423 2798 2583 2853 ΧΧΧ.
2617 2829 2686 2839 —-
2712 2799 2875 2855 Vers.
2908 2799 3022 2870 25.)
3062 2823 3089 2849 «
3123 2799 3237 2855 Nec
3284 2800 3481 2855 audiet
3518 2815 3620 2855 vos
3646 2799 3809 2872 quis-

2158 2904 2338 2959 quam
2368 2888 2440 2943 de
2472 2904 2740 2945 sermone
2787 2888 2915 2945 hoc.
2964 2889 3149 2957 {Equa
3194 2888 3351 2945 enim
3402 2905 3538 2961 pars
3564 2890 3676 2945 erit
3701 2890 3806 2945 de-

2158 2978 2493 3033 scendentis
2514 2979 2584 3032 ad
2611 2977 2897 3049 praelium,
2922 2984 2979 3034 et
2998 2980 3359 3035 remanentis
3379 2979 3449 3034 ad
3471 2979 3748 3035 sarcinas.
3776 3001 3807 3028 ι)

2158 3068 2302 3124 Cum
2336 3067 2391 3121 in
2432 3066 2645 3122 Latinis
2701 3066 3004 3124 codicibus
3055 3067 3299 3140 legatur,
3346 3090 3375 3119 «
3416 3067 3604 3124 lassos
3630 3084 3806 3140 quos-

2160 3156 2292 3212 dam
2327 3156 2700 3212 substitisse'
2735 3157 2807 3213 ad
2836 3156 3136 3225 sarcinas;
3172 3179 3201 3206 ››
3226 3161 3286 3213 et
3322 3157 3381 3212 in
3432 3158 3667 3213 Hebraeo
3690 3157 3808 3213 ha-

391 3245 612 3303 dicitur
644 3264 758 3319 pris
789 3246 1024 3319 gaudio,
1057 3263 1122 3301 eo
1155 3245 1310 3317 quod
1359 3245 1645 3300 Dominus
1686 3260 1819 3299 eum
1854 3248 2049 3300 custo-
2081 3231 2122 3298 C
2160 3245 2387 3313 beatur,
2425 3268 2445 3295 ι
2474 3247 2680 3317 jussos
2709 3245 2890 3302 fuisse
2918 3250 2982 3302 ut
3008 3246 3334 3302 residerent
3355 3246 3425 3302 ad
3457 3247 3745 3315 sarcinas;
3778 3270 3807 3297 »ι

387 3335 598 3403 disset,
635 3352 706 3391 ne
735 3352 863 3391 eam
895 3339 1177 3405 tangeret.

457 3424 617 3496 (Gap.
650 3424 845 3481 XXVI.
883 3455 946 3465 -—
979 3424 1140 3479 Vers.
1190 3424 1270 3495 6.)
1316 3446 1343 3473 «
1378 3424 1475 3477 Ait
1530 3427 1725 3479 autem
1767 3421 1941 3476 David
1973 3421 2043 3476 ad

384 3511 723 3569 Ahimelecb
760 3512 1022 3568 Ethaaum
1080 3518 1138 3568 ct
1196 3512 1390 3567 Abisai
1452 3513 1635 3566 tilium
1688 3510 1902 3565 Sarviae
1933 3510 2046 3565 fra-

386 3608 536 3660 trem
595 3602 760 3669 Joab,
822 3602 1062 3658 dicens:
1125 3600 1265 3667 Quis
1318 3601 1633 3657 descendet
1692 3598 1978 3655 mecum?
2016 3620 2043 3647 ››

382 3691 723 3748 Abimelecb
758 3692 881 3763 ipse
912 3698 1000 3747 est
1030 3692 1214 3747 Urias.
1250 3690 1416 3747 Urias
1447 3706 1583 3762 ergo
1610 3689 2047 3760 interpretatur,

387 3781 488 3837 tua:
537 3798 663 3837 mea
729 3783 889 3838 Deus.
969 3780 1308 3838 Ahimelech
1370 3780 1807 3852 interpretatur,
1870 3779 2048 3847 frater

385 3886 539 3928 meus
567 3888 683 3927 rex.

456 3960 614 4033 (Cap.
649 3959 868 4016 XXVII.
919 3991 988 4001 -—
1033 3960 1196 4016 Vers.
1254 3959 1334 4029 8.)
1393 3980 1421 4007 ‹‹
1454 3958 1523 4013 Et
1551 3957 1815 4012 ascendit
1845 3954 2046 4025 David,

388 4054 446 4107 et
474 4049 582 4104 viri
614 4050 765 4121 ejus,
797 4054 856 4105 et
884 4050 1137 4121 agebant
1195 4049 1424 4121 prmdas
1479 4047 1549 4102 de
1604 4046 1858 4114 Gessuri,
1890 4050 1946 4101 et
1975 4047 2047 4102 de

389 4138 570 4204 Getri,
601 4142 659 4193 et
684 4139 756 4194 de
787 4138 1143 4194 Amalecitis.
1180 4138 1249 4193 lli
1278 4137 1437 4192 enim
1468 4135 1597 4208 pagi
1632 4134 2050 4190 habitabantur

388 4226 447 4283 in
482 4231 638 4282 terra
668 4227 1023 4299 antiquitus.
1066 4249 1092 4276 »
1123 4225 1191 4281 Hi
1225 4226 1355 4298 pagi
1388 4242 1503 4280 non
1535 4227 1701 4279 erant
1747 4224 1854 4279 sub
1888 4228 2045 4295 pote-

385 4319 536 4371 state
567 4315 761 4372 Achis.
799 4315 1050 4373 Habitati
1094 4315 1151 4370 in
1185 4320 1339 4370 terra
1377 4312 1705 4385 antiquitus
1748 4313 2046 4377 dicuntur,

386 4406 527 4477 quia
588 4406 769 4477 quieti
814 4411 873 4460 et
920 4404 1110 4460 securi
1167 4403 1412 4459 habitati
1446 4403 1696 4470 fuerant,
1738 4406 1795 4458 et
1826 4401 2047 4458 nullius

388 4493 577 4551 hostis
609 4494 1073 4567 depraedationes
1104 4492 1385 4565 perpessi.

456 4583 620 4657 (Cap.
680 4582 919 4639 XXVIII.
981 4613 1051 4623 —
1104 4582 1268 4637 Vers.
1329 4581 1407 4653 3.)
1475 4603 1502 4631 «

388 4676 659 4729 mortuus
688 4676 796 4736 est,
831 4671 1101 4743 flevitque
1136 4687 1282 4726 eum
1332 4670 1524 4727 omnis
1556 4669 1754 4727 Israel.
1788 4671 1857 4726 Et
1880 4686 2046 4743 sepe-

384 4760 606 4817 lierunt
636 4777 771 4818 eum
805 4761 864 4815 in
898 4761 1082 4817 Rama
1137 4760 1282 4816 urbe
1330 4776 1458 4817 sua.
1495 4782 1522 4809 ››
1574 4760 1764 4831 Supra
1793 4776 2048 4831 namque

386 4851 529 4923 (cap.
563 4868 697 4918 xxv,
728 4850 807 4922 I.)
840 4850 1055 4906 dicitur
1075 4848 1342 4921 sepultus
1366 4849 1547 4905 fuisse
1573 4848 1631 4904 in
1657 4850 1831 4905 domo
1857 4849 2046 4905 suain

388 4938 592 4995 Rama.
629 4940 692 4995 In
723 4939 897 4995 domo
929 4955 1057 5007 sua,
1090 4938 1149 4993 in
1191 4939 1415 4995 familia
1444 4937 1711 4994 videlicet
1743 4944 1801 4994 et
1828 4955 2046 5010 cogna-

385 5027 541 5085 tione
590 5045 718 5084 sua.
769 5027 1059 5093 Quaeritur
1115 5044 1393 5101 namque,
1442 5043 1574 5083 cum
1620 5026 1892 5099 superius
1916 5027 2043 5098 jam

460 5249 477 5282 ί
512 5251 673 5305 llunc
701 5251 893 5307 locum
926 5251 1159 5309 abunde
1198 5251 1488 5306 confutavi
1541 5251 1600 5305 in
1650 5251 2044 5306 adnotationi-

389 5318 501 5394 bus
529 5322 675 5394 meis
705 5322 922 5378 Divina:
954 5324 1323 5380 Bibliotheca:
1355 5325 1414 5379 S.
1459 5323 1817 5394 Hieronymi,
1849 5329 2044 5379 osten-

389 5390 536 5447 dens
588 5392 851 5450 Latinam
908 5397 1259 5462 versionem,
1315 5397 1413 5467 qui
1477 5397 1614 5451 lassi
1660 5390 2042 5463 substiterant,

486 5540 540 5609 α)
569 5542 843 5598 Ambros.
879 5562 1016 5613 ms.,
1049 5547 1194 5603 idem
1267 5563 1329 5601 ro
1358 5546 1415 5602 id
1447 5550 1545 5602 est.

463 5540 541 5681 Σὺ)
572 5612 814 5681 Legerat
844 5621 1117 5681 praatcrea
1141 5564 1436 5681 Raganus,
1470 5620 1545 5674 du

487 5612 541 5680 ὁ)
572 5612 1117 5693 Legeratprietcrea
1141 5612 1436 5687 Rabanus,
1470 5618 1791 5693 dummodo
1824 5619 1896 5675 de
1935 5636 2042 5677 suo

393 5697 510 5738 non
549 5689 877 5743 suffecerit:
935 5689 999 5744 Et
1053 5692 1332 5762 repetitur,
1394 5695 1451 5745 ut
1499 5689 1783 5746 damnatio
1834 5693 2041 5765 Saulis,

2154 3333 2320 3391 locus
2352 3334 2445 3390 hic
2504 3340 2813 3403 monstrat,
2874 3335 3226 3392 Hebraeicam
3283 3336 3579 3392 veritatem
3611 3337 3666 3391 in
3699 3337 3809 3392 hoc

2154 3426 2280 3481 loco
2312 3424 2477 3497 sequi
2511 3426 2741 3491 debere,
2794 3441 2922 3496 qua:
2980 3442 3097 3481 non
3154 3427 3340 3494 lassos,
3373 3426 3471 3482 sed
3509 3427 3679 3493 iussos
3718 3443 3808 3480 re-

2157 3515 2447 3572 mansisse
2480 3515 2549 3570 ad
2596 3514 2880 3579 sarcinas,
2931 3514 3073 3571 dicit
3120 3514 3323 3571 fuisse.
3381 3515 3476 3571 Ait
3502 3514 3656 3572 enim
3687 3515 3804 3571 ita:

2156 3627 2183 3653 α
2216 3606 2400 3675 Ᾰέῳιθ,
2432 3621 2566 3676 pars
2597 3604 2706 3659 erit
2748 3603 3160 3660 descendentis
3197 3604 3267 3660 ad
3319 3603 3602 3676 praelium,
3631 3608 3691 3659 et
3719 3621 3810 3659 re-

2155 3694 2449 3749 manentis
2479 3694 2548 3749 ad
2583 3694 2865 3750 sarcinas.
2898 3716 2925 3742 »
2956 3693 3080 3749 Non
3111 3693 3211 3763 ait,
3262 3694 3363 3765 qui
3406 3693 3545 3750 lassi
3578 3710 3806 3749 reman-

2153 3786 2358 3840 serunt
2386 3784 2457 3839 ad
2489 3782 2748 3839 sarcinas
2779 3802 2792 3850 ;
2828 3783 2926 3838 sed
2970 3780 3257 3849 absolute,
3291 3806 3319 3831 ‹‹
3353 3781 3704 3838 remanentis
3730 3782 3805 3837 ad

2155 3872 2450 3939 sarcinas;
2489 3894 2515 3921 »
2550 3873 2689 3943 quia
2742 3889 2790 3927 si
2842 3871 2984 3928 lassi
3037 3870 3477 3943 remansissent,
3508 3870 3669 3927 nulla
3720 3871 3809 3927 eis

2159 3961 2476 4017 deberetur
2505 3962 2577 4016 de
2612 3961 2823 4032 praedis
2855 3959 3063 4034 portio.

2227 4054 2384 4121 (Cap.
2437 4050 2621 4106 XXXI.
2656 4083 2724 4090 —
2757 4051 2919 4108 Vers.
2963 4051 3042 4122 5.)
3093 4074 3121 4100 «
3155 4049 3317 4115 Quod
3372 4066 3507 4107 cum
3563 4049 3805 4106 vidisset

2156 4140 2409 4212 armiger
2454 4142 2603 4210 ejus,
2637 4139 2903 4195 videlicet
2956 4140 3111 4211 quod
3144 4144 3415 4198 mortuus
3442 4143 3597 4196 esset
3646 4137 3804 4208 Saul,

2157 4226 2332 4282 irruit
2361 4226 2535 4282 etiam
2571 4227 2696 4298 ipse
2720 4244 2897 4299 super
2924 4226 3185 4300 gladium
3226 4243 3426 4293 suum,
3456 4230 3515 4283 et
3540 4230 3807 4283 mortuus

2155 4321 2246 4372 est
2296 4333 2429 4371 cum
2470 4334 2619 4371 eo.»
2677 4316 3049 4387 Armigerum
3108 4317 3287 4372 istum
3346 4315 3566 4372 Hebraei
3621 4316 3805 4372 Doecb

2161 4406 2481 4461 Idumaeum
2505 4405 2707 4460 dicunt
2730 4406 2929 4475 fuisse,
2956 4405 3055 4476 qui
3078 4421 3324 4461 cernens
3349 4404 3488 4461 Saul
3515 4410 3810 4461 mortuum

2158 4493 2418 4565 seipsum
2452 4494 2523 4550 ob
2559 4499 2780 4549 metum
2814 4493 2994 4549 David
3025 4493 3344 4551 interemit.
3462 4493 3473 4499 ”

1560 4580 1793 4671 Samuel
1851 4584 2046 4638 autem
2078 4606 2125 4671 D
2229 4583 2415 4655 (Vers.
2446 4586 2527 4651 6.)
2564 4607 2584 4631 ι
2621 4583 2885 4638 Mortuus
2943 4587 3033 4638 est
3087 4598 3223 4654 ergo
3278 4580 3436 4650 Saul,
3476 4584 3533 4638 et
3558 4586 3678 4639 tres
3704 4582 3808 4641 ﬁlii

2155 4674 2306 4744 ejus,
2339 4676 2394 4727 et
2425 4672 2681 4745 armiger
2711 4671 2890 4738 illius,
2922 4675 2980 4727 et
3009 4671 3262 4728 universi
3308 4672 3413 4727 viri
3445 4672 3592 4744 ejus.
3629 4695 3653 4722 ι
3687 4672 3807 4728 Viri

2155 4762 2275 4827 isti,
2310 4761 2472 4833 pueri
2506 4760 2815 4817 domestici
2847 4762 2977 4832 ejus
3004 4760 3369 4833 intelligendi
3400 4764 3556 4819 sunt.
3591 4760 3658 4817 Hi
3689 4765 3808 4818 tres

2157 4851 2261 4906 filii
2295 4852 2433 4907 Saul
2466 4868 2600 4906 cum
2632 4868 2699 4906 eo
2730 4851 3019 4906 interfecti
3058 4854 3219 4918 sunt,
3248 4849 3562 4917 Jonathan,
3592 4851 3800 4906 Abina-

2155 4940 2291 5009 dab,
2325 4940 2423 5013 qui
2457 4945 2515 4997 et
2541 4939 2724 5011 Jesui,
2782 4943 2838 4995 et
2893 4938 3235 4997 Melchisua.
3298 4938 3558 4995 Isboseth
3608 4943 3803 4996 autem

2154 5028 2312 5085 domi
2343 5033 2486 5097 erat,
2523 5029 2647 5101 qui,
2680 5045 2833 5084 anno
2865 5045 2981 5101 quo
3012 5027 3149 5085 Saul
3182 5044 3282 5084 rex
3309 5028 3667 5085 constitutus
3693 5032 3800 5100 est,

2153 5252 2434 5327 optimam
2466 5268 2595 5309 esse
2632 5255 2705 5327 et
2745 5251 2884 5327 fonti
2948 5252 3180 5327 Hebraeo
3216 5253 3603 5327 hmpiggeru
3631 5251 3803 5327 plane

2152 5323 2635 5381 consentientem.
2669 5323 2949 5380 Consulat
3004 5324 3105 5396 qui
3160 5323 3408 5381 voluerit
3439 5323 3803 5382 ’dbservatio-

2154 5414 2257 5453 nes
2274 5400 2542 5467 nostras.

2186 5552 2250 5605 ui
2279 5552 2337 5605 in
2363 5553 2597 5623 peccatis
2652 5557 2915 5623 mortuus_
2956 5552 3093 5617 erat,
3134 5556 3197 5623 et
3242 5549 3432 5605 relicto
3462 5549 3590 5619 Deo,
3618 5550 3803 5623 contra

2150 5621 2328 5751 mm
2364 5621 2673 5694 Pythonem
2725 5621 3063 5693 consulebat,
3113 5621 3281 5694 juxta
3338 5637 3451 5678 esse
3483 5622 3802 5693 manifesta-

2275 5710 2322 5750 r.
