3970 6384
174 375 341 441 1409
1149 383 1452 455 ΟυιΕΞΤ.
1500 382 1742 448 HEBM

2032 378 2179 447 DIB.
2224 384 2277 447 ll
2322 382 2594 449 REGUM
2606 432 2619 446 .
3421 389 3582 455 Ml.

176 514 357 569 natus
381 510 565 569 fuisse
592 512 828 583 dicitur,
859 515 1160 588 quietiam
1210 518 1602 591 quadraginta
1643 534 1829 575 anno-
1858 529 1913 592 Α
1942 518 2179 587 dicitur,
2205 520 2343 590 quia
2363 519 2607 591 aequalis
2646 520 2837 576 meriti
2868 518 3058 578 fuisse
3088 520 3194 577 lilii
3242 522 3349 593 [Αἰ.
3400 524 3578 593 filius)

176 616 315 656 rum
368 601 551 659 fuisse
597 603 834 674 legitur,
886 622 1018 661 cum
1066 622 1309 678 regnare
1336 608 1600 679 ccepisset
1632 626 1643 663 :
1676 608 1832 663 unde
1941 625 2077 664 cum
2127 613 2292 680 patre
2332 614 2735 664 memorantur
2792 610 2900 681 [Al,
2936 614 3335 684 memoratur].
3367 615 3584 671 Abina-

174 689 476 763 colligitur
506 693 643 748 Saul
684 696 1075 767 quadraginta
1104 713 1289 752 annos
1334 713 1627 767 regnasse.
1662 700 1830 762 Qum-
1941 699 2056 753 dab
2087 698 2505 770 interpretatur
2528 708 2686 770 pater
2705 716 2858 755 meus
2885 710 3090 771 sponte.
3120 702 3335 773 Sponte
3365 704 3578 760 etenim

176 779 430 834 rendum
462 796 568 836 cur
597 780 737 837 alibi
759 782 973 855 legitur
1001 785 1187 855 Jesui,
1219 789 1276 839 et
1306 784 1443 840 alibi
1472 786 1775 841 Abinadab
1804 787 1831 841 ?
1941 805 2051 843 sua
2075 792 2239 859 pater
2267 788 2395 858 ejus
2414 789 2549 843 Saul
2583 789 2734 844 male
2764 790 2988 862 agendo
3022 790 3349 862 acquisivit,
3398 797 3466 848 ut
3493 797 3583 849 ta.

172 867 343 923 Jesui
401 870 563 926 enim
606 872 1024 945 interpretatur
1071 875 1318 946 aequalis.
1365 874 1624 946 A'unalis
1671 875 1821 931 ideo-
1938 876 2074 932 liter
2102 893 2219 931 una
2250 894 2380 932 cum
2414 876 2550 932 ﬁliis
2581 878 2963 950 perimeretur
2993 880 3091 952 (η).

250 1048 333 1117 (α)
364 1047 427 1104 In
458 1050 729 1107 Ambros.
764 1067 875 1107 ms.
904 1069 917 1107 :
955 1053 1274 1124 Explieiunt
1305 1054 1640 1121 Quaestiones
1670 1053 1937 1109 hebrairae
1966 1053 2031 1110 de
2053 1055 2213 1110 libris
2242 1055 2554 1111 Malae/lim.

1208 1459 1320 1545 IN
1381 1458 1817 1548 LIBRUM
1870 1460 1949 1543 ΙΙ
2008 1459 2415 1548 REGUM
2464 1452 2558 1543 (³).

252 1842 415 1913 (Cap.
450 1840 491 1896 Ι.
539 1843 779 1895 -—Vers.
830 1840 930 1912 2.).
993 1862 1020 1889 ‹‹
1074 1840 1137 1895 In
1198 1842 1215 1875 ¹
1274 1841 1369 1896 die
1415 1844 1611 1897 autem
1656 1842 1831 1897 tertia
1859 1852 1906 1918 Β
1934 1844 2039 1913 gis,
2072 1858 2237 1913 quam
2271 1842 2471 1914 o/ferre
2526 1844 2744 1916 adipem
2799 1846 3043 1901 arietum
3076 1848 3374 1918 :quom‘am
3428 1864 3589 1919 quasi

177 1929 459 2004 apparuit
486 1928 664 1985 homo
692 1928 930 1985 veniens
967 1930 1036 1985 de
1066 1930 1274 1985 castris
1301 1930 1439 1986 Saul
1468 1936 1578 2001 n,et
1607 1930 1833 2003 reliqua
1939 1940 2221 2002 peccatum
2250 1932 2569 1988 hariolandi
2607 1942 2687 1989 est
2737 1950 3066 2005 repugnare,
3107 1943 3160 1990 et
3207 1938 3368 2008 quasi
3412 1937 3590 1992 scelus

179 2020 496 2076 Hominem
529 2019 710 2075 istum
741 2018 1118 2075 Amalecitem
1150 2019 1370 2075 Hebraei
1410 2019 1596 2076 ﬁlium
1645 2020 1830 2077 Doech
1942 2021 2273 2075 idololatria:
2302 2022 2447 2076 nolle
2477 2023 2820 2092 acquiescere
2839 2025 2889 2093 (Ι
2913 2026 3047 2095 Reg.
3076 2041 3170 2093 xv,
3202 2028 3292 2095 22,
3324 2025 3437 2097 23),

178 2108 371 2164 fuisse
403 2107 628 2163 dicunt.
660 2106 1007 2164 Amalecites
1039 2108 1195 2164 enim
1228 2113 1284 2163 et
1314 2109 1606 2164 Idumaeos
1649 2125 1831 2165 unum
2013 2108 2199 2181 (Vers.
2231 2109 2348 2181 24.)
2386 2132 2407 2159 ι
2445 2108 2600 2164 Filias
2633 2110 2833 2180 Israel,
2868 2128 3046 2184 super
3089 2112 3223 2169 Saul
3277 2113 3434 2183 ﬂete,
3491 2112 3594 2185 qui

179 2202 297 2267 est,
348 2197 488 2269 quia
534 2195 692 2252 ﬁlius
739 2196 1163 2269 primogenitus
1211 2199 1363 2253 Esau
1420 2197 1653 2270 Eliphaz
1700 2198 1831 2267 fuit,
1943 2198 2226 2254 vestiebat
2258 2198 2491 2253 coccino
2525 2198 2583 2253 in
2614 2198 2859 2267 deliciis,
2919 2201 3019 2273 qui
3078 2202 3375 2273 prabebat
3412 2219 3593 2259 orna-

180 2291 241 2343 et
270 2286 453 2359 hujus
478 2285 635 2342 ﬁlius
664 2285 1207 2343 Amalec.Diadema
1227 2290 1424 2343 autem
1455 2291 1512 2343 et
1540 2286 1831 2343 armillam
1943 2291 2140 2342 menta
2170 2304 2347 2343 aurea
2376 2286 2558 2343 cultui
2590 2292 2839 2343 vestro.»
2876 2289 3173 2346 Vestiebat
3201 2305 3300 2346 eas
3331 2292 3590 2360 coccino,

179 2393 315 2450 qum
341 2374 521 2432 David
550 2374 783 2441 detulit,
806 2393 839 2431 a
868 2379 1032 2448 patre
1062 2376 1250 2432 Doech
1283 2376 1692 2433 commendata
1721 2376 1833 2432 sibi
1944 2381 2001 2432 et
2030 2377 2325 2457 praebebat
2353 2380 2700 2433 ornamenta
2721 2394 2898 2435 aurea
2919 2377 3103 2435 cultui
3125 2395 3328 2436 earum
3358 2378 3435 2435 de
3455 2397 3593 2452 prae-

180 2464 369 2521 fuisse
400 2463 620 2521 Hebmi
651 2464 980 2536 perhibent.
1944 2466 2036 2521 dis
2066 2465 2326 2521 hostium
2360 2481 2478 2537 qua
2506 2467 2736 2539 agebat.

256 2554 442 2627 (Vers.
474 2553 587 2626 42.)
620 2576 649 2605 ‹‹
681 2554 752 2609 Et
777 2553 1148 2626 planxerunt,
1200 2559 1256 2611 et
1298 2554 1599 2624 ﬂeverunt,
1646 2560 1705 2611 et
1739 2556 1833 2627 je-
2014 2555 2195 2627 (Vers.
2228 2556 2344 2624 25.)
2377 2578 2403 2605 ‹‹
2437 2555 2738 2619 Quomodo
2770 2555 3107 2613 ceciderunt
3139 2557 3314 2616 fortes
3348 2557 3408 2613 in
3444 2572 3587 2631 prae

172 2644 540 2716 junaverunt
569 2658 759 2714 usque
787 2644 860 2699 ad
889 2660 1190 2716 vesperam
1222 2661 1398 2716 super
1427 2644 1565 2701 Saul
1583 2649 1639 2701 et
1659 2662 1837 2717 super
1942 2642 2021 2698 lio
2051 2644 2079 2698 ?
2106 2667 2125 2692 ιι
2164 2644 2614 2715 Subauditur,in
2646 2649 2881 2718 peccato
2909 2648 3067 2701 tuo.«
3088 2644 3381 2702 Jonathan
3404 2647 3463 2702 in
3490 2644 3590 2703 ex;

177 2732 480 2791 Jonathan
506 2731 695 2789 lilium
717 2733 867 2805 ejus,
900 2738 957 2788 et
991 2751 1170 2806 super
1201 2733 1481 2807 populum
1518 2734 1836 2804 Domini,et
1943 2730 2116 2787 celsis
2147 2733 2267 2788 tuis
2296 2733 2527 2789 occisus
2558 2737 2665 2789 est.
2700 2755 2729 2783 »
2767 2734 2828 2788 In
2868 2734 3105 2790 Hebraeo
3149 2752 3263 2791 non
3312 2735 3585 2804 habetur,

183 2838 368 2895 super
396 2823 639 2878 domum
671 2822 868 2878 Israel.
907 2844 937 2873 »
986 2823 1275 2895 Populum
1332 2824 1582 2895 Domini,
1645 2841 1835 2880 sacer-
1944 2826 2050 2877 est.
2088 2822 2189 2876 Est
2217 2821 2373 2877 enim
2407 2838 2619 2878 sensus
2654 2840 2666 2878 :
2701 2822 2745 2877 Ο
2775 2822 2936 2894 Saul,
2967 2823 3260 2881 Jonathan
3310 2825 3367 2880 in
3400 2824 3589 2881 excel~

184 2912 374 2980 dotes,
406 2915 465 2967 et
488 2910 730 2967 domum
762 2911 940 2967 Israel
970 2911 1320 2985 generaliter
1365 2930 1599 2971 omnem
1652 2931 1834 2987 popu-
1945 2912 2028 2967 sis
2056 2911 2198 2979 tuis,
2232 2910 2285 2965 id
2320 2915 2410 2967 est
2439 2911 2498 2967 in
2530 2917 2763 2984 peccato
2804 2912 3209 2969 inobedientiae
3248 2916 3381 2986 tute,
3434 2914 3588 2969 occi-

186 3000 317 3056 lum
352 3000 523 3056 Israel
555 3001 715 3057 dicit.
1946 3017 2070 3065 sus,
2103 3000 2456 3055 subauditur
2483 3005 2592 3056 est.

265 3091 452 3164 (Vers.
484 3092 597 3159 18.)
644 3113 672 3141 ››
722 3092 793 3146 Et
858 3090 1022 3162 dixit,
1083 3095 1149 3147 ut
1193 3092 1424 3147 doceret
1478 3091 1629 3148 filios
1685 3091 1838 3148 Juda
2016 3090 2175 3162 (Cap.
2210 3089 2277 3144 II.
2308 3121 2376 3129 —
2406 3089 2569 3145 Vers.
2600 3091 2654 3145 6.
2690 3114 2718 3140 ‹‹
2753 3091 2821 3145 Et
2848 3107 3003 3147 nunc
3035 3092 3312 3147 retribuet
3345 3092 3584 3164 quidem

194 3196 399 3238 arcum
432 3197 444 3236 :
478 3181 623 3236 Ecce
671 3180 955 3253 scriptum
1006 3185 1091 3236 est
1140 3179 1200 3235 in
1251 3179 1398 3236 libro
1445 3180 1768 3236 Justorum.
1802 3201 1831 3229 »
1865 3226 1906 3293 Ο
1944 3178 2110 3234 vobis
2147 3178 2429 3234 Dominus
2460 3178 2919 3235 misericordiam
2947 3184 3004 3235 et
3020 3180 3385 3237 veritatem.»
3418 3181 3589 3238 Mise-

194 3273 253 3293 n1
282 3270 419 3293 ,ιε-ει
468 3269 817 3293 ---1.-.--.ιξι--..
848 3270 1022 3293 “---2_I
1084 3273 1144 3293 --ι
1180 3270 1403 3293 3---..-ι
1483 3270 1834 3293 _-_L__-..I:L--_
1946 3267 2252 3293 -εΑΑ-,Ῐζηηη
2322 3268 2377 3293 2..
2469 3268 2731 3293 ...υ-..-Ακςιε
2818 3268 3025 3293 -..ΑυΙΑ
3138 3269 3435 3293 ---_21-L-_.
3526 3271 3583 3293 ἐ..

186 3273 257 3327 Et
277 3270 443 3336 dixit,
466 3269 819 3326 subauditur
848 3270 1048 3340 David,
1084 3273 1148 3325 ut
1176 3270 1428 3338 doceret,
1482 3270 1835 3325 subauditur
1866 3267 1906 3293 υ
1946 3267 2256 3323 ricordiam
2322 3268 2382 3323 in
2466 3268 2735 3340 praesenti
2818 3268 3050 3337 saeculo,
3138 3269 3439 3325 veritatem
3526 3271 3588 3326 in

188 3366 366 3427 Deus,
390 3358 539 3415 filios
569 3359 724 3415 Juda
753 3376 977 3431 arcum,
1011 3375 1175 3431 reges
1217 3358 1485 3414 videlicet
1534 3359 1686 3414 Juda
1734 3360 1836 3414 do-
1945 3356 2139 3411 futuro
2176 3375 2189 3425 ;
2219 3357 2358 3429 quia
2389 3357 2788 3413 misericordia
2816 3374 2945 3430 quae
2976 3358 3035 3413 in
3068 3358 3337 3431 praesenti
3386 3359 3586 3415 saeculi

193 3453 353 3507 ceret
402 3448 825 3517 fortitudinem,
879 3448 1103 3504 scilicet
1152 3452 1217 3503 ut
1286 3450 1459 3503 fortes
1513 3452 1571 3503 et
1628 3446 1836 3503 intenti
1946 3445 2230 3500 tribuitur
2258 3447 2329 3502 ad
2365 3447 2863 3518 comparationem
2909 3452 3134 3503 aeternae
3177 3447 3591 3505 misericordia

188 3542 390 3596 essent
415 3537 473 3593 in
511 3536 722 3593 timore
751 3536 1008 3605 Domini,
1041 3542 1100 3592 et
1151 3537 1209 3592 in
1261 3537 1563 3609 praeceptis
1608 3536 1730 3605 Dei,
1764 3551 1836 3591 ne
1948 3535 2317 3591 mendacium
2343 3541 2450 3592 est.
3510 3558 3513 3561 ·

188 3645 297 3702 per
325 3626 777 3683 inobedientiam
808 3643 973 3699 reges
1002 3626 1155 3682 Juda
1205 3643 1239 3682 a
1282 3626 1623 3681 fortitudine
1665 3630 1723 3681 et
1764 3627 1835 3680 ti-
2017 3622 2289 3697 (Vers.8.)
2316 3649 2343 3674 ‹‹
2376 3626 2572 3681 Abner
2599 3629 2796 3682 autem
2829 3625 2986 3683 Illius
3013 3627 3128 3683 Ner
3156 3627 3426 3700 princeps
3457 3644 3594 3684 exer

186 3733 354 3774 more
385 3715 639 3782 Domini,
672 3716 828 3772 sicut
859 3715 1020 3780 Saul,
1055 3716 1412 3783 recederent,
1443 3720 1503 3770 ot
1546 3731 1611 3771 eo
1640 3714 1836 3781 modo,
1946 3714 2097 3770 citus
2120 3713 2279 3783 Saul,
2311 3714 2449 3769 tulit
2485 3714 2749 3771 lsboseth
2793 3715 2980 3771 tilium
3030 3715 3193 3785 Saul,
3236 3720 3296 3772 et
3340 3716 3592 3773 circum-

197 3822 319 3880 quo
348 3804 474 3877 ipse
504 3804 776 3878 perierat,
809 3804 1085 3876 perirent.
1112 3804 1274 3870 Quod
1314 3808 1507 3860 autem
1541 3804 1624 3859 ait
1656 3820 1669 3858 :
1706 3805 1841 3859 Ecce
1947 3803 2113 3858 duxit
2142 3820 2275 3859 eum
2308 3820 2411 3876 per
2439 3807 2649 3860 castra.
2686 3826 2715 3854 ››
2748 3804 2811 3859 In
2847 3806 3077 3860 Ilebrazo
3108 3804 3359 3860 habetur
3406 3813 3594 3861 trans-

194 3896 463 3967 scripmm
513 3896 682 3950 estin
739 3894 882 3950 libro
950 3895 1245 3962 Justorum,
1306 3894 1451 3951 liber
1508 3893 1838 3960 Justorum,
1945 3892 2254 3949 duxiteum
2283 3894 2344 3948 in
2380 3892 2639 3961 Manaim,
2697 3908 2822 3964 qua:
2877 3892 3339 3952 interpretantur
3389 3901 3591 3950 castra.

190 3985 352 4041 liber
379 3983 669 4040 Samuelis
718 3988 806 4039 est
852 3983 947 4055 (b),
1000 3984 1098 4039 ubi
1149 3984 1525 4039 continentur
1546 3983 1837 4055 propheta:
1946 3981 2301 4037 Transduxit
2330 3980 2936 4054 eum,intelligendum
2969 3985 3059 4036 est
3088 3981 3241 4037 ultra
3271 3982 3589 4039 Jordanem

176 4073 358 4144 justi.
389 4072 623 4130 Samuel
652 4071 1066 4140 videlicet,Gad
1096 4078 1154 4128 et
1177 4072 1414 4128 Mathan
1452 4090 1463 4127 :
1500 4074 1555 4127 in
1581 4088 1836 4144 quorum
1945 4077 2002 4127 et
2033 4071 2091 4126 in
2123 4071 2373 4127 Manaim
2404 4087 2597 4143 regem
2630 4086 2766 4126 eum
2797 4070 3195 4127 constituisse.

181 4164 341 4220 libro
371 4163 653 4235 scriptum
684 4179 813 4218 esse
842 4161 1200 4234 perhibetur,
1253 4159 1504 4233 qualiter
1558 4160 1698 4216 Saul
1748 4177 1836 4217 re-
1880 4224 1885 4229 ,
2018 4160 2205 4232 (Vera.
2239 4161 2318 4232 9.)
2349 4184 2376 4210 ‹‹
2411 4161 2599 4232 Super
2656 4159 2872 4216 Galaad
2930 4164 2988 4216 et
3042 4176 3223 4233 super
3277 4160 3523 4219 Jessuri.
3559 4184 3590 4212 ι)

181 4252 400 4309 cedens
430 4269 465 4308 a
486 4251 698 4308 timore
731 4249 976 4318 Domini,
1011 4267 1113 4323 per
1159 4250 1620 4307 inobedientiam
1664 4266 1833 4307 suam
1946 4249 2245 4317 Hebraeus,
2277 4249 2485 4317 Assuri,
2520 4249 2576 4305 id
2609 4253 2698 4306 est
2725 4266 2905 4322 super
2931 4249 3150 4306 tribum
3182 4252 3351 4308 Aser.
3428 4268 3431 4271 π

180 4340 378 4415 periit.
2020 4339 2338 4412 (Vers.26,)
2373 4340 2395 4394 Ι
2428 4339 2495 4395 Et
2523 4340 2797 4396 clamavit
2820 4341 3015 4397 Abner
3052 4341 3122 4397 ad
3153 4341 3323 4410 Joab,
3354 4344 3415 4397 et
3462 4340 3545 4395 ait
3574 4357 3590 4397 :

259 4430 449 4502 (Vere.
480 4430 592 4502 19.)
658 4450 680 4478 α
744 4429 945 4503 lnclyli
1002 4428 1087 4486 tui
1148 4429 1321 4487 Israel
1379 4447 1557 4503 super
1609 4434 1839 4487 montes
1950 4430 2102 4485 Num
2135 4446 2324 4502 usque
2354 4429 2426 4485 ad
2474 4429 2924 4486 internecionem
2974 4434 3113 4487 tuus
3163 4447 3365 4487 mucro
3402 4430 3588 4485 deste-

182 4526 327 4577 tuos
357 4519 642 4576 interfecti
676 4523 833 4575 sunt.
872 4542 898 4567 ››
959 4524 1022 4574 1η
1055 4519 1294 4576 Hebraeo
1351 4519 1618 4586 habetur,
1677 4536 1839 4592 super
1943 4515 2059 4573 viet
2085 4516 2113 4571 ?
2146 4539 2173 4566 n
2206 4516 2480 4573 Hebraeus
2515 4534 2630 4573 non
2659 4517 2853 4583 habet,
2894 4522 3039 4574 tuus.
3074 4523 3154 4573 An
3193 4519 3414 4589 ignoras
3441 4516 3593 4588 quod

179 4609 401 4666 excelsa
428 4614 544 4665 tua.
568 4609 640 4666 Et
670 4613 759 4665 est
789 4625 999 4666 sensus
1033 4626 1046 4664 :
1090 4610 1133 4665 Ο
1165 4608 1321 4679 Saul,
1373 4608 1613 4682 gloriosi
1656 4608 1833 4667 Israel
1864 4595 1911 4660 D
1936 4607 2247 4678 periculosa
2302 4606 2372 4661 sit
2410 4606 2713 4676 desperatio
2750 4606 2779 4661 Ἰ
2812 4608 2872 4661 In
2904 4606 3142 4662 Hebraeo
3173 4605 3255 4662 ita
3292 4605 3543 4662 habetur
3572 4622 3587 4663 :

180 4716 366 4772 super
393 4698 621 4756 excelsa
651 4702 751 4755 tua
781 4698 1063 4755 interfecti
1097 4701 1254 4767 sunt,
1308 4699 1446 4771 quia
1488 4699 1547 4755 in
1601 4704 1831 4773 peccato
1942 4696 2024 4751 An
2055 4700 2274 4767 ignoras
2302 4695 2441 4768 quod
2471 4713 2695 4751 amarus
2746 4696 2853 4751 erit
2894 4695 3044 4765 ﬁnis.
3090 4698 3156 4749 Et
3202 4698 3293 4752 est
3338 4709 3588 4752 sensus:

176 4788 590 4845 inobedientiaa
613 4792 723 4843 tuae
764 4805 882 4843 una
912 4790 1105 4843 tecum
1140 4788 1458 4860 perierunt.
1496 4788 1835 4845 Inobedien-
1940 4784 2219 4857 Nunquid
2252 4785 2487 4857 ignoras
2516 4786 2670 4857 quod
2704 4785 2774 4840 ad
2808 4783 3261 4840 amaritudinem
3301 4782 3407 4840 tibi
3456 4800 3590 4856 pro-

176 4877 265 4949 tia
294 4892 549 4950 namque
576 4880 680 4933 tua
709 4893 813 4949 pro
843 4875 1038 4944 idolis,
1073 4876 1128 4932 id
1161 4881 1250 4932 est
1278 4877 1539 4946 excelsis,
1566 4882 1832 4951 reputate
1940 4874 2149 4941 veniet,
2183 4890 2249 4928 eo
2275 4873 2429 4945 quod
2464 4871 2747 4944 populum
2781 4872 2937 4927 hunc
2966 4872 3158 4928 delere
3188 4872 3414 4928 niteris.

177 4970 292 5035 est,
328 4966 484 5023 sicut
512 4969 605 5023 est
646 4964 791 5021 illud
826 4966 889 5021 in
934 4965 1084 5021 libro
1137 4965 1427 5022 Samuelis
1476 4986 1494 5021 :
1523 4967 1714 5023 Melior
1753 4972 1833 5024 est
2014 4964 2170 5035 (Cap.
2209 4964 2303 5019 lll.
2337 4994 2400 5003 ——
2435 4963 2592 5019 Vers.
2624 4963 2703 5035 5.)
2741 4985 2760 5010 -
2795 4962 3004 5018 Sextus
3026 4977 3259 5033 quoque
3287 4961 3588 5019 Jethraam

177 5057 339 5112 enim
357 5055 687 5126 obedientia,
717 5071 887 5126 quam
943 5056 1182 5111 vidimm
1216 5062 1305 5110 :et
1343 5056 1656 5111 auscultare
1702 5074 1829 5113 ma-
1941 5054 2011 5109 de
2035 5052 2172 5125 Egla
2204 5069 2380 5107 uxore
2404 5051 2606 5107 David.
2644 5074 2671 5100 »
2719 5051 3009 5116 Qumritur
3055 5068 3160 5106 cur
3205 5050 3329 5108 alia:
3378 5067 3588 5108 uxores

256 5226 272 5259 ¹
310 5225 371 5279 In
402 5224 679 5298 omnibus
718 5225 836 5280 fere
889 5224 1189 5298 codicibus
1236 5226 1655 5298 manuscriptis
1706 5226 1829 5284 haec
1937 5225 2098 5295 2832,
2134 5222 2230 5298 qui
2264 5222 2372 5278 hac
2403 5221 2686 5277 divisione
2710 5222 2894 5277 utitur
2924 5224 3055 5294 post
3100 5236 3297 5276 vocem
3340 5223 3587 5293 perime—

181 5296 546 5368 conjunctim
603 5296 897 5369 leguntur,
930 5301 986 5352 et
1025 5295 1186 5352 nulla
1231 5303 1417 5353 exstat
1456 5295 1829 5369 Quieslionum
1937 5305 2118 5351 retur:
2155 5296 2419 5349 Exrucrr
2449 5310 2519 5349 on
2551 5310 2718 5349 uano
2749 5309 3115 5369 [induuntur
3155 5308 3495 5369 anomnuus
3519 5311 3588 5369 ns

177 5366 575 5425 Hebraicarum
601 5366 810 5424 divisio
843 5366 903 5423 in
945 5369 1200 5440 primum
1260 5375 1317 5423 et
1373 5366 1699 5426 secundum
1760 5371 1827 5425 li-
1938 5384 2105 5440 Ltnno
2136 5383 2621 5440 secumnoianoum
2651 5382 2980 5422 GAPITULUM
3014 5383 3050 5420 ι.
3083 5366 3217 5430 Qua:
3246 5366 3445 5421 omnia
3474 5366 3588 5422 mi-

176 5443 354 5498 brum
384 5441 607 5512 Regum
643 5458 656 5497 :
683 5438 1121 5497 attamen'unus
1151 5445 1241 5497 est
1263 5441 1630 5498 Colbertinus
1661 5460 1825 5500 num.
1938 5439 2114 5495 niatis
2143 5438 2348 5494 litteris
2378 5439 2673 5510 descripta
2700 5443 2855 5493 sunt.

251 5592 330 5667 (ᾳ)
358 5592 524 5667 lianc
555 5608 721 5667 meus
754 5609 863 5646 ms.
898 5591 1339 5667 inscriptionem
1372 5595 1625 5667 supplet.
1704 5666 1707 5667 ν
1936 5592 2209 5667 appellat,
2244 5608 2357 5647 non
2390 5589 2643 5667 Samueli
2680 5589 2901 5658 tribuit,
2937 5591 3033 5646 sed
3072 5590 3263 5667 ipsum
3292 5590 3585 5667 Qeneseoa

250 5664 328 5739 (_b)
357 5661 963 5739 Yerusllieronymus
994 5664 1051 5739 i_n
1085 5661 1297 5739 Isaiam
1330 5661 1602 5739 capiicvr
1633 5666 1823 5733 initio,
1935 5661 2149 5722 librum
2173 5680 2306 5739 esse
2352 5669 2538 5739 putat,
2598 5664 2863 5738 ipsorum
2922 5661 3159 5722 secutus
3210 5662 3581 5727 Hebreorum

174 5734 325 5797 etin
356 5734 639 5797 Ezechiel.
673 5734 810 5812 Cap;
842 5753 967 5813 vm,
1000 5736 1158 5797 hunc
1187 5734 1427 5814 librum,
1458 5755 1639 5815 quem
1676 5740 1826 5801 Raeti
1936 5736 2312 5799 sententiam.
