3970 6392
158 407 320 478 1413

1123 420 1426 492 ΟΙΙιΕΞΤ.
1476 418 1834 481 HEBRAIC.
1884 416 1961 479 IN
2009 416 2153 479 LIB.
2204 412 2255 479 ΙΙ
2303 412 2600 481 REGUM.

3407 380 3563 481 iiii

156 548 269 613 Qui
320 550 658 621 respondit:
709 548 834 607 Non
888 553 1194 619 ascendas,
1228 553 1327 608 sed
1361 570 1499 625 gyra
1531 556 1661 624 post
1694 557 1802 607 tcr-
1835 555 1889 620 Α
1921 549 2186 606 tentorio.
2223 549 2571 606 Ambulasse
2604 566 2665 606 se
2698 550 2975 606 Dominus
3006 550 3147 605 dicit
3186 551 3246 607 in
3289 526 3567 609 taberna?

155 653 303 709 gum
351 637 612 705 illorum,
663 645 720 696 et
766 641 963 697 venies
1016 643 1088 698 ad
1137 659 1236 697 eos
1267 659 1335 697 ex
1365 643 1603 697 adverso
1635 658 1808 714 pyro-

155 743 315 782 rum.
350 749 379 776 »
412 732 475 783 In
500 728 739 785 Hebraeo
770 746 885 785 non
911 746 1199 801 pyrorum,
1249 731 1346 785 sed
1379 732 1631 801 ﬂentium
1663 730 1807 802 legi—

154 820 278 872 tur.
311 816 392 871 Ex
420 818 664 873 adverso
709 818 906 891 itaque
939 820 1206 875 ﬂentium
1238 837 1372 875 eum
1397 820 1590 876 venire
1614 821 1808 891 jubet,

154 904 269 960 hoc
300 909 409 973 est,
441 922 510 961 ex
539 908 781 963 adverso
813 908 1102 965 idolorum
1159 926 1422 975 suorum,
1457 908 1556 963 ubi
1588 908 1810 963 scilicet

153 993 317 1050 idola
349 1011 551 1051 eorum
583 1001 749 1051 erant
778 997 833 1052 in
858 998 1072 1069 quibus
1103 998 1630 1061 confidebantQuze
1656 997 1810 1053 idola

152 1083 377 1139 idcirco
425 1085 689 1141 ﬂentium
729 1092 1032 1153 vocantur,
1076 1088 1214 1158 quia
1268 1088 1403 1141 ﬂetu
1437 1088 1615 1159 digna
1645 1092 1804 1151 sunt,

153 1175 216 1226 et
246 1187 347 1227 eos
376 1172 476 1244 qui
508 1190 575 1229 ea
606 1174 825 1243 colunt,
860 1176 932 1230 ad
964 1176 1164 1231 ﬂetum
1200 1176 1564 1231 miseriarum
1601 1177 1809 1246 perdu-

153 1260 624 1317 eunt.Flentium
651 1264 849 1336 itaque
880 1280 1081 1320 eorum
1103 1262 1260 1320 idola
1280 1264 1352 1319 ob
1379 1264 1805 1336 blasphemiam

156 1348 255 1404 hic
287 1365 479 1406 sermo
529 1351 764 1407 divinus
821 1357 1007 1419 vocat,
1058 1353 1210 1409 sicut
1240 1352 1377 1408 alibi
1410 1357 1650 1408 vocatur
1680 1354 1808 1409 ido-

154 1437 286 1494 lum
318 1440 502 1505 Moab,
538 1442 956 1497 contaminatio
984 1442 1172 1497 Moab.

231 1527 419 1599 (Vers.
456 1529 571 1600 24.)
604 1554 629 1579 ‹‹
666 1530 732 1585 Et
762 1547 894 1587 cum
927 1531 1185 1587 audieris
1217 1532 1476 1587 sonitum
1534 1530 1806 1604 gradien-

153 1616 321 1673 tisin
351 1618 654 1675 cacumine
686 1619 991 1677 ﬂentium:
1029 1642 1055 1670 ››
1089 1620 1197 1676 hoc
1245 1625 1352 1688 est,
1386 1638 1520 1676 cum
1555 1620 1810 1677 audieris

155 1722 191 1761 a
249 1707 643 1777 potestatibus
699 1708 980 1781 angelicis
1032 1726 1233 1765 eorum
1294 1709 1448 1765 idola
1480 1709 1558 1780 (in
1591 1709 1810 1782 quibus

156 1794 355 1850 omnis
405 1794 685 1851 fortitudo
732 1813 933 1853 eorum
980 1798 1088 1868 est)
1118 1798 1336 1853 conteri
1368 1803 1426 1853 et
1454 1797 1806 1865 conculcari,

154 1886 303 1938 tunc
335 1883 511 1940 inibis
541 1884 843 1957 praelium:
880 1886 1019 1959 quia
1075 1892 1212 1944 tunc
1244 1887 1575 1959 egredietur
1607 1887 1802 1942 Domi-

158 1989 275 2027 nus
324 1978 458 2029 ante
508 1974 712 2030 faciem
766 1980 950 2043 tuam,
1003 1985 1065 2032 ut
1095 1978 1383 2049 percutiat
1413 1981 1606 2032 castra
1633 1976 1809 2031 Phili-

157 2061 343 2118 stiim.
388 2067 451 2117 In
498 2080 699 2119 eorum
751 2082 1006 2137 namque
1054 2065 1225 2121 idolis
1276 2066 1814 2136 Dominusjudicia

158 2151 318 2219 fecit,
352 2152 505 2207 sicut
537 2157 593 2208 et
622 2154 679 2208 in
712 2154 825 2210 diis
856 2155 1276 2227 Egyptiorum.

233 2240 397 2313 (Cap.
430 2241 527 2299 Vl.
564 2273 630 2284 -ο
675 2242 840 2299 Vers.
873 2245 952 2316 8.)
993 2268 1019 2294 κ
1055 2244 1450 2301 Contristatus
1498 2248 1586 2300 est
1616 2248 1811 2299 autem

156 2330 365 2397 David,
398 2347 464 2386 eo
496 2332 653 2403 quod
686 2333 1072 2405 percussisset
1103 2334 1389 2390 Dominus
1414 2334 1612 2389 Ozam.
1648 2357 1676 2383 ››
1709 2339 1813 2389 Ile-

158 2420 391 2475 brasus:
434 2440 455 2469 ι
510 2421 589 2477 Eo
648 2423 803 2494 quod
863 2422 1178 2478 divisisset.
1243 2446 1270 2472 ››
1327 2423 1606 2478 Divisisse
1647 2423 1810 2479 illum

165 2509 453 2565 Dominus
485 2510 718 2580 dicitur,
749 2511 889 2583 quia
919 2512 1084 2568 locus
1116 2512 1215 2569 ubi
1247 2516 1371 2569 erat
1392 2512 1815 2581 Ozam,vacuus

164 2598 462 2668 apparuit.

241 2686 426 2758 (Vers.
460 2687 572 2759 10.)
605 2710 633 2738 ‹‹
696 2692 761 2743 Et
817 2690 1004 2745 noluit
1054 2691 1233 2747 David
1289 2692 1360 2747 ad
1423 2709 1484 2747 se
1532 2694 1814 2751 divertere

164 2791 365 2831 arcam
422 2776 655 2833 Domini
715 2778 773 2833 in
833 2779 1122 2835 civitatem
1173 2781 1397 2848 David;
1445 2782 1546 2837 sed
1579 2783 1815 2839 divertit

162 2881 297 2920 eam
329 2865 387 2920 in
420 2866 663 2922 domum
695 2867 852 2923 Obed
889 2869 1067 2924 Edom
1101 2870 1341 2938 Gethaei,
1372 2893 1399 2920 »
1421 2871 1523 2942 qui
1546 2872 1815 2930 Gethaaus

166 2953 302 3010 ideo
324 2958 652 3025 vocatur,eo
675 2956 829 3028 quod
856 2957 915 3012 in
936 2958 1084 3014 Geth
1108 2963 1272 3030 pater
1291 2960 1419 3029 ejus
1443 2959 1811 3018 habitaverit.

240 3061 431 3131 (Vers.
473 3063 584 3131 11.)
618 3085 645 3113 ‹‹
678 3064 748 3118 Et
777 3064 1068 3119 benedixit
1101 3067 1381 3122 Dominus
1412 3067 1811 3138 Obed-Edom,

164 3154 227 3205 et
255 3166 491 3206 omnem
522 3151 761 3207 domum
782 3154 929 3223 ejus.
965 3175 991 3202 η
1023 3154 1393 3211 Benedixisse
1420 3156 1658 3212 domum
1683 3158 1812 3229 ejus

164 3240 482 3296 Dominum
518 3241 736 3296 Hebraei
768 3241 989 3308 dicunt,
1024 3260 1089 3299 eo
1147 3245 1300 3316 quod
1356 3262 1558 3301 omnes
1603 3264 1809 3303 uxores

1841 1930 1889 1995 B

1918 639 2050 694 culo
2108 643 2165 693 et
2222 638 2280 693 in
2334 639 2606 709 tentorio,
2663 640 2802 711 quia
2831 657 2936 695 nec
2967 641 3213 712 Moyses,
3248 656 3354 696 nec
3384 642 3562 698 Josue

1918 731 2231 799 potuerunt
2260 726 2310 781 ei
2342 728 2625 783 aediﬁcare
2647 729 2981 796 domum,eo
3011 729 3167 800 quod
3197 729 3302 784 viri
3334 730 3556 787 fuerint

1918 817 2299 889 sanguinum,
2332 816 2484 872 sicut
2514 821 2571 872 et
2606 817 2800 872 David.

1989 905 2172 977 (Vers.
2204 905 2282 976 7.)
2314 928 2341 955 ‹‹
2404 911 2514 960 Per
2559 912 2770 962 cuncta
2817 906 2943 962 loca
2988 924 3117 979 quas
3148 908 3393 964 transivi
3424 924 3561 965 cum

1917 995 2192 1050 omnibus
2225 994 2359 1049 ﬁliis
2393 996 2859 1066 lsrael,nunquid
2892 995 3138 1069 loquens
3167 996 3395 1053 locutus
3426 1014 3560 1055 sum

1919 1085 1989 1139 ad
2023 1101 2201 1139 unam
2233 1085 2303 1139 de
2337 1085 2606 1139 tribubus
2641 1084 2836 1149 Israel,
2871 1086 2963 1139 cui
2998 1087 3240 1158 pracepi
3272 1090 3338 1142 ut
3366 1103 3564 1159 pasce-

1920 1179 2006 1228 ret
2063 1172 2343 1245 populum
2404 1189 2598 1228 meum
2636 1174 2830 1243 Israel,
2893 1175 3132 1231 dicens:
3198 1175 3387 1240 Quare
3446 1193 3563 1233 non

1918 1262 2216 1317 acdiﬁcasti
2247 1262 2390 1317 mihi
2422 1262 2660 1317 domum
2696 1265 2992 1319 cedrinam
3016 1264 3043 1317 ?
3076 1286 3104 1314 »
3142 1264 3271 1320 Haec
3301 1264 3429 1321 loca
3462 1282 3566 1338 per

1918 1369 2045 1423 quas
2076 1368 2137 1407 se
2168 1352 2450 1407 transisse
2479 1352 2757 1407 Dominus
2791 1353 2948 1417 dicit,
2981 1353 3359 1426 intelligenda
3412 1359 3554 1411 sunt

1918 1439 2039 1495 Silo
2070 1445 2127 1494 et
2157 1439 2397 1511 Galgala
2428 1445 2484 1496 et
2512 1440 2693 1506 Nobe,
2733 1445 2789 1496 et
2821 1446 3024 1497 caetera
3054 1441 3181 1498 loca
3213 1442 3313 1497 ubi
3371 1443 3564 1501 taber-

1920 1528 2200 1584 naculum
2232 1534 2287 1583 et
2313 1546 2447 1585 arca
2480 1530 2706 1585 Domini
2739 1530 3018 1586 collocata
3043 1531 3169 1587 fuit.
3206 1554 3226 1579 ιι
3263 1532 3565 1604 Numquid

1921 1616 2167 1689 loquens
2195 1616 2424 1673 locutus
2455 1635 2585 1674 sum
2612 1618 2787 1674 alicui
2811 1620 3002 1690 judici
3024 1620 3095 1676 de
3118 1620 3389 1677 tribubus
3416 1625 3564 1677 Isra-

1919 1707 1971 1765 el
2003 1707 2096 1761 cui
2127 1707 2368 1778 praecepi
2402 1712 2466 1761 ut
2504 1713 2765 1779 pasceret
2795 1709 3079 1781 populum
3108 1726 3306 1766 meum
3356 1709 3557 1777 Israel,

1919 1796 2156 1851 diceus:
2199 1799 2384 1860 Quare
2413 1813 2526 1850 non
2561 1796 2860 1852 aediﬁcanti
2903 1798 3047 1853 mihi
3082 1800 3336 1855 diemum
3382 1798 3569 1855 cedri-

1921 1884 2109 1939 nam?
2145 1905 2166 1934 ι
2201 1884 2419 1940 Idcirco
2448 1902 2480 1940 a
2508 1884 2668 1941 nullo
2692 1885 2987 1955 judicium
3022 1888 3131 1943 sibi
3170 1889 3440 1946 aedificari
3473 1893 3574 1950 do-

1924 1989 2087 2027 mum
2119 1972 2415 2029 cedrinam
2438 1975 2641 2045 jussit,
2677 1974 2815 2047 quia
2844 1977 2915 2031 ab
2950 1977 3225 2034 omnibus
3248 1986 3449 2038 contra
3472 1983 3571 2040 ho-

1922 2066 2039 2116 stes
2071 2066 2394 2134 pugnatum
2426 2063 2618 2129 fuit,et
2642 2079 2846 2119 omnes
2871 2065 3152 2122 eII‘usores
3177 2068 3571 2128 fueruntean-

1921 2150 2189 2223 guinuui.
2225 2149 2405 2206 Filius
2436 2155 2632 2206 autem
2673 2154 2935 2223 tuus,cui
2968 2171 3081 2209 non
3114 2156 3420 2215 instabunt
3449 2161 3567 2217 bel-

1922 2239 1981 2294 1a
2010 2238 2288 2307 hostium,
2349 2244 2405 2295 et
2461 2239 2558 2311 qui
2617 2257 2732 2297 non
2777 2242 2886 2297 erit
2917 2260 3003 2297 νιι·
3031 2234 3411 2317 sanguinum,
3444 2250 3569 2323 ipse

1924 2328 2238 2384 aedificabit
2269 2328 2412 2384 mihi
2435 2329 2676 2385 donum.

1995 2417 2184 2489 (Vers.
2215 2420 2268 2487 8,
2298 2418 2376 2489 9.)
2409 2442 2435 2467 κ
2469 2419 2537 2473 Et
2564 2436 2718 2474 nunc
2750 2420 2867 2475 haec
2897 2422 3055 2478 dices
3102 2440 3266 2481 servo
3298 2444 3425 2483 meo
3458 2433 3564 2485 Da—

1922 2505 2053 2561 vid:
2090 2507 2219 2561 Haec
2247 2506 2388 2561 dicit
2418 2508 2697 2564 Dominus
2724 2509 3122 2567 exercituum:
3157 2513 3306 2586 Ergo
3364 2514 3474 2571 tuli
3507 2522 3563 2573 te

1924 2595 1995 2651 de
2048 2596 2283 2667 pascuis
2330 2600 2670 2667 sequentem
2720 2614 2975 2671 gregem.
3023 2621 3051 2649 »
3082 2602 3150 2656 Et
3178 2608 3310 2674 post
3340 2622 3562 2676 pauca:

1924 2707 1951 2733 ‹‹
1989 2684 2230 2756 Fecique
2261 2684 2366 2740 tibi
2401 2702 2613 2741 nomen
2647 2687 2866 2759 grande
2886 2688 3059 2758 juxta
3088 2707 3303 2747 nomen
3326 2710 3568 2765 magno-

1924 2790 2055 2829 rum
2087 2774 2184 2846 qui
2217 2779 2355 2830 sunt
2384 2774 2441 2829 in
2476 2779 2647 2831 terra.
2686 2798 2713 2825 ››
2744 2776 2893 2843 Feci,
2927 2777 3117 2849 inquit
3136 2780 3436 2850 Dominus,
3456 2784 3566 2840 tibi

1924 2880 2137 2918 nomen
2168 2864 2407 2935 grande,
2440 2864 2593 2919 sicut
2624 2865 2731 2920 feci
2761 2865 3077 2938 Abraham,
3110 2872 3292 2937 Isaac,
3310 2874 3368 2926 et
3386 2874 3563 2929 Jacob

1923 2956 1981 3007 et
2010 2953 2184 3024 MOJSi
2219 2957 2273 3006 et
2300 2952 2516 3009 Josue:
2550 2970 2801 3025 quorum
2831 2955 3071 3012 nomina
3101 2962 3240 3013 sunt
3286 2960 3563 3017 famosis-

1923 3040 2076 3095 sima
2105 3041 2158 3095 in
2185 3045 2357 3096 terra.

1992 3129 2176 3201 (Vers,
2210 3131 2321 3200 to.)
2354 3153 2381 3181 «
2415 3131 2481 3185 Et
2512 3147 2722 3203 ponam
2755 3131 2948 3188 locum
2980 3134 3194 3207 populo
3227 3153 3356 3193 meo
3383 3138 3564 3195 Israel

1921 3221 1978 3272 et
2006 3218 2279 3289 plantabo
2311 3235 2465 3279 eum.
2500 3224 2557 3274 et
2586 3220 2869 3276 habitabit
2901 3222 3010 3277 sub
3041 3239 3127 3278 eo.
3162 3247 3182 3272 ι
3219 3224 3335 3281 Hoc
3357 3226 3415 3281 in
3438 3226 3564 3283 loco

162 3330 297 3398 ejus
328 3332 384 3383 et
413 3330 769 3395 concubinae,
804 3334 860 3385 et
890 3348 1094 3400 nurus,
1136 3298 1191 3387 et
1221 3334 1465 3398 ancillae,
1515 3336 1810 3393 masculos
1842 3298 1883 3363 Ο
1921 3312 2155 3400 tEPFPUS
2209 3308 2535 3400 59l0m°m8
2592 3326 2784 3365 sermo
2809 3399 2817 3400 ί
2841 3312 3119 3367 describit
3158 3314 3411 3383 diVinusv
3445 3332 3563 3388 quo

165 3417 502 3490 pepererint
554 3418 723 3485 filios,
775 3436 1000 3475 necnon
1056 3426 1111 3474 et
1142 3421 1369 3476 femina:
1401 3425 1811 3497 quadrupedes

161 3506 435 3579 geminos
492 3507 544 3562 ei
591 3508 879 3563 ediderint
927 3511 1118 3564 fmtus.
1182 3516 1257 3565 De
1313 3528 1429 3582 quo
1461 3512 1541 3567 ita
1572 3514 1627 3568 in
1661 3514 1810 3571 libro

161 3593 649 3667 Paralipomenon
681 3596 997 3653 scribitur:
1034 3602 1245 3654 Mansit
1272 3616 1400 3668 ergo
1429 3618 1559 3657 area
1609 3604 1705 3658 Dei
1748 3606 1805 3659 in

157 3685 323 3740 domo
354 3684 698 3740 Obed-Edam
725 3686 901 3740 tribus
931 3688 1223 3752 mensibus,
1257 3695 1307 3743 et
1371 3690 1648 3747 benedixit
1705 3693 1806 3748 D0-

156 3776 347 3829 minus
375 3774 563 3828 domui
589 3775 704 3845 ejus
744 3779 796 3830 et
824 3776 1075 3830 omnibus
1104 3793 1230 3848 qua?
1284 3780 1514 3834 habebat
1540 3780 1584 3851 (I
1616 3782 1805 3839 Pam],

155 3880 291 3929 xm,
329 3862 431 3933 14).
469 3866 535 3918 Et
602 3863 737 3918 alibi
772 3864 827 3918 in
861 3866 1063 3920 eodem
1124 3865 1270 3922 libro
1328 3867 1805 3941 Paralipomenon

155 3952 411 4007 dicitur:
464 3953 594 4007 Filii
639 3960 821 4007 autem
875 3953 1245 4023 ObedoEdom,
1300 3958 1538 4014 Semezas
1598 3961 1805 4029 primo-

153 4043 397 4111 genitus,
445 4041 673 4096 lambat
716 4043 1006 4108 secundus,
1055 4044 1227 4099 Johaa
1301 4048 1513 4111 tertius,
1600 4050 1810 4104 Suchar

155 4138 406 4201 quartus,
438 4130 741 4186 Nat/tunae!
790 4133 1032 4201 quintus,
1085 4134 1262 4195 Aniel,
1290 4138 1497 4198 scattus,
1557 4136 1809 4192 Issachar

153 4220 441 4291 septimus.
500 4219 744 4275 Pallalhi
795 4230 1029 4288 octavus,
1082 4223 1213 4292 quia
1244 4221 1519 4276 benedixit
1549 4224 1639 4278 illi
1667 4226 1806 4279 Deus

156 4310 212 4381 (I
236 4309 426 4363 Paral.
460 4326 613 4378 xxvx,
647 4310 723 4375 4).

231 4396 418 4470 (Vers.
448 4398 562 4468 23.)
596 4420 623 4448 «
656 4399 839 4469 Igitur
892 4397 1101 4454 Michol
1162 4399 1291 4454 ﬂlize
1348 4399 1480 4456 Saul
1541 4417 1654 4456 non
1715 4407 1805 4458 est

154 4491 337 4543 natus
371 4487 524 4542 filius
570 4504 755 4559 usque
803 4487 873 4542 ad
924 4489 1078 4543 diem
1112 4490 1317 4544 mortis
1347 4507 1484 4546 suae.
1524 4512 1551 4540 ››
1592 4491 1803 4547 Michol

152 4574 291 4647 ipsa
318 4580 407 4631 est
437 4575 610 4647 Egla:
645 4576 763 4631 haec
793 4578 995 4649 genuit
1052 4577 1226 4632 David
1282 4579 1581 4636 Jelhraam
1632 4582 1799 4652 cujus

152 4668 329 4736 partu
371 4666 663 4721 occubuit.

228 4753 391 4827 (Cap.
425 4753 545 4810 VII.
579 4786 644 4797 -—
674 4755 837 4811 Vers.
872 4756 951 4825 3.)
982 4778 1009 4806 «
1048 4756 1313 4828 Dixitque
1345 4756 1574 4814 Nathan
1615 4760 1687 4815 ad
1718 4776 1803 4815 re-

149 4858 326 4915 gem:
386 4842 571 4900 Omne
628 4845 781 4915 quod
841 4848 929 4900 est
967 4844 1027 4900 in
1059 4846 1230 4901 corde
1258 4850 1379 4911 tuo,
1412 4848 1555 4902 vade
1586 4852 1643 4904 et
1674 4849 1798 4903 fac:

150 4930 297 5002 quia
336 4931 612 4989 Dominus
662 4938 853 4989 tecum
904 4938 1010 4990 est.
1064 4956 1091 4985 ››
1142 4938 1261 4990 Hoc
1291 4935 1446 4991 enim
1480 4936 1706 4993 Nathan
1734 4954 1802 4992 ex

149 5036 240 5086 se,
271 5036 384 5077 non
416 5038 485 5077 ex
530 5038 801 5079 sermone
847 5023 1075 5078 Domini
1126 5023 1272 5078 dixit
1311 5024 1383 5078 ad
1418 5025 1613 5080 David.
1646 5026 1798 5082 Illud

147 5126 290 5164 vero
320 5112 475 5182 quod
508 5112 793 5183 sequitur,
826 5129 894 5166 ex
926 5128 1194 5168 sermone
1226 5112 1450 5167 Domini
1487 5114 1634 5170 dixit
1661 5133 1674 5170 :

227 5200 417 5270 (Vers.
449 5201 526 5272 5).
579 5223 600 5249 ε
635 5201 765 5257 Haec
814 5201 955 5256 dicit
1013 5201 1331 5257 Dominus:
1397 5203 1694 5276 Numquid
1736 5209 1796 5259 tu

181 5288 519 5345 mdifncabis
554 5291 699 5345 mihi
732 5292 993 5347 domum
1029 5292 1100 5346 ad
1133 5291 1480 5346 habitudum
1504 5292 1532 5347 7
1583 5316 1609 5341 ››
1642 5296 1719 5348 Ac
1751 5295 1799 5348 si

148 5377 411 5434 diceret:
446 5378 569 5433 Non
600 5380 814 5451 poteris
849 5378 989 5434 mihi
1032 5381 1271 5434 domum
1322 5380 1626 5447 mdiﬂcare,
1662 5382 1801 5454 quia

147 5467 239 5521 vir
268 5466 624 5539 sanguinum
659 5485 742 5534 es,
769 5473 826 5523 et
855 5467 1105 5523 multum
1140 5468 1487 5541 sanguinem
1518 5472 1795 5527 eﬂ‘udisti.

217 5573 410 5644 (Vers.
444 5574 526 5645 6.)
552 5598 578 5623 ‹‹
613 5575 809 5646 Neque
839 5575 994 5630 enim
1029 5574 1281 5629 habitavi
1309 5575 1365 5629 in
1398 5585 1575 5633 domo
1607 5595 1674 5633 ex
1707 5579 1797 5635 die

145 5679 271 5736 qua
299 5662 472 5719 eduxi
534 5663 683 5719 Iilios
745 5663 919 5719 Israel
954 5665 1025 5718 de
1057 5669 1208 5718 terra
1240 5668 1463 5737 Aﬁgypti
1497 5683 1684 5739 usque
1724 5669 1793 5724 ad

1920 3395 2023 3449 ﬁlii
2092 3396 2267 3451 Israel
2310 3414 2509 3468 pacem
2567 3404 2764 3454 essent
2806 3399 3063 3461 habituri
3106 3420 3206 3474 per
3227 3404 3563 3475 circuitum,

1919 3490 1976 3539 et
2005 3502 2119 3540 non
2150 3492 2345 3541 essent
2377 3487 2671 3559 alﬂigendi
2706 3493 2762 3543 et
2790 3490 3159 3561 opprimendi
3208 3494 3363 3549 sicut
3416 3500 3562 3550 tem-

1918 3591 2056 3645 pore
2093 3575 2360 3645 judicum
2398 3577 2634 3633 fuerunt
2664 3581 2886 3650 opressi
2917 3585 2973 3635 et
3003 3582 3219 3637 afﬂicli.

1990 3681 2173 3752 (Vers.
2212 3684 2321 3754 14.)
2352 3707 2380 3733 ‹‹
2414 3683 2517 3747 Qui
2552 3685 2601 3739 si
2634 3685 2833 3758 inique
2864 3687 3082 3759 aliquid
3134 3691 3403 3760 gesserit,
3466 3709 3564 3748 ar-

1918 3787 2093 3841 guam
2124 3789 2256 3827 eum
2292 3773 2350 3827 in
2382 3772 2544 3844 virga
2571 3774 2849 3845 virorum,
2881 3781 2937 3830 et
2967 3777 3024 3830 in
3075 3776 3262 3849 plagis
3302 3780 3560 3837 filiorum

1918 3860 2299 3917 hominum.»
2332 3862 2566 3933 Virgam
2615 3865 2891 3930 virorum,
2934 3864 3193 3935 gladium
3242 3874 3403 3923 vooat
3458 3869 3561 3924 ini-

1917 3950 2224 4005 micorum.
2280 3950 2468 4021 Plagre
2515 3968 2646 4006 vero
2679 3951 2929 4007 filiorum
2970 3954 3273 4011 hominum
3304 3962 3448 4013 sunt
3472 3958 3562 4013 in-

1915 4040 2358 4094 commoditates
2392 4056 2697 4111 corporum
2741 4040 3156 4109 humanorum,
3208 4046 3424 4117 quibus
3458 4064 3560 4119 pro

1916 4128 2167 4197 peccatis
2198 4129 2372 4182 suisa
2402 4128 2642 4183 Domino
2659 4128 2860 4184 merito
2894 4131 3163 4187 homines
3192 4132 3564 4207 ﬂagellantur

1984 4215 2163 4285 (Vers.
2225 4216 2336 4287 19.)
2394 4220 2515 4271 Ista
2570 4222 2659 4272 cst
2704 4218 2859 4273 enim
2919 4219 3007 4275 lex
3051 4222 3260 4291 Adam,
3320 4224 3562 4282 Domine

1914 4306 2083 4359 Deus.
2120 4325 2148 4352 ››
2181 4304 2296 4359 Hoc
2326 4311 2435 4370 est,
2462 4304 2552 4361 lex
2585 4306 2841 4362 hominis
2872 4314 2981 4374 est,
3012 4310 3255 4367 Domine
3290 4318 3460 4382 Deus,
3494 4318 3560 4369 ut

1909 4392 2013 4447 tibi
2044 4392 2103 4447 in
2135 4393 2509 4466 simplicitate
2538 4395 2731 4453 cordis
2760 4402 2817 4452 et
2849 4400 3100 4470 puritate
3139 4401 3374 4457 serviat.

1982 4500 2166 4569 (Vers.
2198 4502 2313 4573 21.)
2347 4524 2372 4550 ‹‹
2406 4506 2473 4557 Et
2505 4508 2569 4557 ut
2601 4503 2772 4560 facies
2803 4505 2850 4559 ei
2885 4506 3049 4572 iuxta
3095 4507 3558 4563 misericordiam

1909 4593 2091 4665 tuam,
2123 4589 2275 4645 sicut
2306 4591 2450 4646 mihi
2480 4592 2757 4663 dignatus
2786 4610 2848 4648 es
2881 4596 3065 4652 facere
3096 4612 3262 4651 servo
3296 4602 3397 4652 tuo
3429 4613 3560 4669 pro-

1835 4669 1879 4733 D
1912 4684 2040 4751 pter
2067 4679 2305 4735 verbum
2332 4685 2498 4735 tuum
2523 4698 2537 4737 :
2573 4687 2628 4737 et
2656 4683 2982 4738 secundum
3015 4700 3115 4739 cor
3144 4689 3313 4740 tuum
3367 4685 3555 4742 fecisti

1911 4768 2108 4823 omnia
2156 4768 2449 4840 magnalia
2496 4770 2651 4839 bsec;
2690 4793 2716 4819 ››
2776 4776 3008 4843 propter
3059 4774 3299 4829 verbum
3358 4778 3552 4843 tuum,

1912 4858 2062 4929 quod
2094 4858 2414 4929 promisisti
2447 4859 2763 4927 Abraham,
2799 4860 2959 4915 Isaac
3004 4867 3061 4917 et
3110 4862 3310 4929 Jacob,
3367 4862 3556 4919 fecisti

1910 4946 2107 5001 omnia
2137 4947 2257 5001 haec
2312 4947 2454 5002 mihi
2489 4965 2650 5003 servo
2712 4955 2831 5003 tuo.
2866 4951 3027 5016 Quod
3060 4951 3223 5018 dicit,
3254 4950 3554 5009 secundum

1908 5052 2000 5091 cor
2056 5044 2241 5102 tuum,
2292 5035 2638 5108 intelligitur
2688 5039 3011 5094 secundum
3093 5039 3552 5098 misericordiam

1909 5129 2094 5181 tuam.

1980 5213 2165 5284 (Vers.
2219 5214 2333 5283 22.)
2368 5236 2395 5263 ‹‹
2450 5214 2594 5280 Quia
2650 5232 2764 5272 non
2821 5221 2910 5271 est
2964 5215 3177 5273 similis
3213 5216 3318 5273 tui.
3348 5218 3551 5290 Neque

1907 5304 2061 5359 enim
2094 5308 2183 5358 est
2216 5308 2362 5359 Deus
2392 5310 2554 5359 extra
2584 5309 2638 5359 te
2678 5305 2735 5359 in
2769 5306 3043 5361 omnibus
3069 5323 3197 5378 quas
3219 5307 3553 5389 audivimus

1909 5393 2150 5447 auribus
2182 5394 2420 5458 nostris,
2460 5416 2483 5440 ›ι
2518 5395 2640 5451 Non
2671 5400 2779 5457 est,
2811 5395 3021 5467 inquit,
3050 5400 3197 5452 Deus
3226 5396 3438 5453 similis
3467 5399 3552 5455 tui

1908 5483 2004 5554 qui
2041 5484 2236 5537 fecerit
2267 5483 2559 5554 magnalia
2591 5484 2708 5538 hmo
2740 5502 2867 5555 quas
2926 5486 3255 5541 audivimus
3310 5488 3554 5547 auribus

1908 5572 2145 5626 nostris.

1978 5661 2161 5732 (Vers.
2184 5663 2297 5733 23.)
2330 5685 2356 5710 ‹‹
2390 5664 2434 5716 Α
2465 5663 2609 5718 facie
2643 5664 2839 5735 populi
2876 5665 2984 5733 tui,
3017 5682 3191 5738 quem
3250 5665 3547 5733 redemisti

144 5751 306 5813 diem
336 5752 526 5812 hanc:
562 5754 661 5811 sed
694 5752 1073 5812 ambulabam
1104 5751 1164 5810 in
1196 5753 1593 5824 tabernaculo,
1628 5761 1684 5814 et
1735 5757 1794 5815 in
1904 5767 1973 5809 ex
2001 5748 2503 5825 IEgypto,gentem
2534 5756 2590 5810 et
2618 5756 2801 5811 Deum
2834 5754 2963 5827 ejus
2996 5778 3023 5808 »
3046 5742 3320 5815 Hebraeus
3349 5754 3547 5843 habet,
