3970 6398
155 412 297 473 “l1

1099 412 1403 484 QUEST.
1451 408 1813 475 HEBBAIC.
1861 406 1939 475 IN
1987 404 2134 477 LIB.
2179 415 2233 476 ΙΙ
2280 414 2577 478 REGUM.

3386 404 3545 476 1418

150 546 404 601 resistere
435 543 689 617 populus
717 543 971 600 Domini.
1008 546 1250 619 Insuper
1279 547 1451 602 etiam
1502 546 1612 617 ipsi
1670 545 1781 601 ini-
1811 551 1862 614 Α
1895 548 2090 604 reduci
2125 554 2187 603 ut
2217 547 2509 603 videretur
2536 548 2607 603 ab
2642 562 2729 613 eo,
2760 560 2991 620 semper
3012 542 3413 604 morsAmnon
3437 546 3543 604 ﬁlii

150 634 303 690 micis
332 633 624 690 victoriosi
681 634 926 689 existent
974 640 1208 706 propter
1254 641 1552 707 peccatum
1612 641 1778 690 tuum

147 740 310 795 super
339 723 623 795 pupulum
656 722 906 779 Domini.

213 811 389 884 (Vera.
449 813 561 883 '25.)
595 833 622 861 ‹‹
652 813 721 867 Et
776 812 1002 867 vocavit
1058 828 1266 867 nomen
1325 813 1451 883 ejus
1498 811 1779 867 Amabilis

146 901 400 966 Domino,
432 917 499 956 eo
530 900 685 972 quod
711 900 976 971 diligeret
1005 916 1137 955 eum
1170 901 1474 957 Dominus.
1504 923 1531 950 »
1564 902 1626 956 In
1670 902 1779 956 He-

143 991 284 1046 braeo
315 990 396 1045 ita
430 990 682 1061 legitur:
718 1012 745 1039 «
781 994 848 1044 Et
875 989 1098 1044 vocavit
1120 994 1328 1045 nbmen
1352 992 1479 1061 ejus
1502 991 1605 1062 ¹(α)
1636 1004 1777 1045 ιῡοι-

144 1098 253 1146 nia,
272 1080 327 1135 id
359 1084 448 1135 est
495 1077 740 1134 dilectus
799 1078 1027 1133 Domini
1082 1085 1316 1151 propter
1380 1079 1714 1135 Dominum.
1751 1103 1775 1132 ιι

144 1168 385 1225 Dilectus
422 1166 647 1222 Domini
682 1171 916 1239 propter
949 1167 1258 1222 Dominum
1282 1168 1513 1237 dicitur,
1546 1172 1783 1239 propter

139 1274 297 1315 suam
329 1256 552 1313 scilicet
575 1256 1035 1311 miscricordiam
1080 1258 1421 1327 gratuitam,
1476 1273 1591 1328 qua
1645 1273 1779 1312 eum

143 1346 375 1419 diligere
398 1345 673 1417 dignatus
703 1349 810 1413 est,
845 1362 979 1401 cum
1010 1346 1214 1417 utique
1244 1347 1370 1416 ejus
1392 1345 1699 1402 dilectione
1726 1350 1784 1402 et

143 1434 535 1493 misericordia
562 1433 841 1506 indignus
874 1434 1197 1503 exsisteret,
1256 1451 1433 1505 quem
1479 1435 1785 1490 constabat

143 1541 484 1582 mamzerem
502 1540 651 1580 8838.

208 1616 385 1685 (Vere.
422 1613 539 1684 27.)
576 1634 596 1661 ι
626 1612 902 1667 Dimicavi
947 1614 1255 1667 adversum
1320 1613 1539 1683 Rabba,
1570 1619 1627 1669 et
1684 1631 1781 1669 ca-

139 1703 345 1777 pienda
395 1708 485 1759 est
526 1703 665 1758 urbs
721 1719 1036 1773 aquarum.
1074 1724 1099 1748 ››
1145 1703 1477 1758 Notandum
1516 1705 1671 1774 quod
1724 1703 1782 1758 in

135 1794 386 1858 Hebraeo,
419 1793 654 1864 quando
684 1807 818 1846 cum
855 1790 1181 1861 adjectione
1207 1792 1514 1848 nominum
1547 1793 1786 1863 ponitur

137 1882 396 1939 R'abbath
428 1883 524 1953 (ὁ),
558 1880 711 1937 sicut
738 1884 825 1936 est
888 1880 1153 1935 Rabbath
1195 1880 1452 1937 filiorum
1507 1884 1778 1937 Ammon.

134 1972 371 2039 Quando
402 1986 536 2026 vero
568 1969 692 2026 sine
721 1969 1044 2041 adjectione
1070 1969 1399 2039 nominum,
1454 1986 1569 2025 non
1629 1970 1778 2025 Rab-

135 2061 291 2127 bath,
324 2060 427 2116 sed
469 2058 666 2114 Rabba
687 2058 995 2116 scribitur.

204 2150 390 2222 (Vere.
422 2150 511 2212 29,
536 2148 652 2217 30.)
675 2170 702 2199 «
727 2148 990 2222 Cumque
1019 2149 1378 2217 dimicasset,
1430 2148 1581 2221 cepit
1626 2164 1785 2218 eam,

136 2242 192 2295 et
220 2238 358 2294 tulit
386 2237 658 2293 diadema
688 2236 970 2294 Melchom
1026 2237 1097 2294 de
1153 2237 1338 2309 capite
1397 2238 1546 2308 ejus.
1578 2257 1605 2289 ιι
1643 2236 1783 2293 Mel-

137 2329 308 2384 ehom
339 2327 753 2399 interpretatur
770 2342 873 2382 rex
897 2342 1102 2383 eorum.
1140 2327 1256 2381 Rex
1288 2343 1490 2383 eorum
1547 2331 1788 2383 vocatur

138 2413 359 2473 idolum
389 2431 629 2472 eorum:
663 2416 819 2488 quod
851 2415 945 2471 hic
975 2420 1216 2472 vocatur
1251 2414 1556 2486 Melchom,
1616 2416 1788 2487 cujus

143 2505 493 2563 diadematis
523 2521 731 2560 aurum
754 2510 811 2561 et
831 2521 1094 2577 gemmas
1115 2504 1399 2561 conﬂasse
1420 2510 1477 2560 et
1506 2521 1790 2577 purgasse

142 2596 360 2652 dicitur
387 2593 565 2649 David
591 2594 917 2649 secundum
948 2593 1158 2664 legem,
1191 2600 1249 2649 et
1281 2594 1484 2649 fecisse
1516 2593 1626 2649 sibi
1656 2593 1789 2648 inde

139 2686 431 2750 diadema,
465 2683 619 2756 quod
650 2682 744 2737 hic
776 2683 1031 2755 positum
1064 2699 1240 2755 super
1269 2688 1443 2755 caput
1488 2684 1614 2754 ejus
1645 2683 1789 2738 dici-

135 2780 255 2831 tur.

209 2864 399 2937 (Vere.
458 2862 575 2933 3i.)
609 2883 636 2913 «
667 2860 953 2933 Populum
1003 2874 1236 2933 quoque
1304 2863 1433 2932 ejus
1491 2863 1789 2918 adducens

132 2953 403 3018 serravit,
437 2958 494 3007 et
522 2950 863 3023 circumegit
894 2966 1073 3022 super
1094 2966 1194 3006 eos
1228 2951 1441 3006 ferrata
1492 2956 1785 3023 carpenta,

132 3042 454 3113 divisitque
484 3039 687 3096 cultris
715 3044 773 3094 et
792 3038 1123 3095 transduxit
1164 3040 1225 3094 in
1272 3045 1408 3112 typo
1460 3046 1733 3096 laterum.
1758 3063 1787 3090 »

129 3131 389 3188 Serravit
422 3129 579 3185 enim
608 3145 708 3185 eos
739 3128 967 3183 ferratis
996 3128 1307 3201 carpentis,
1341 3135 1397 3184 et
1425 3128 1624 3184 divisit
1663 3129 1789 3184 cul—

134 3222 272 3288 tris,
308 3220 463 3275 sicut
490 3218 701 3275 lateres
721 3216 899 3274 dividi
925 3217 1133 3289 solent,
1161 3217 1261 3289 qui
1284 3235 1352 3273 ex
1375 3217 1557 3290 paleis
1586 3224 1645 3274 et
1665 3218 1788 3274 luto

131 3298 551 3368 coniiciuntur.

211 3402 375 3472 (Cap.
410 3398 561 3454 XIII.
594 3428 662 3438 —-
691 3396 854 3452 Vers.
886 3397 1001 3468 37.)
1030 3420 1056 3446 ‹‹
1081 3395 1256 3452 Porro
1281 3395 1536 3452 Absalon
1558 3397 1790 3469 fugiens

131 3490 289 3546 abiit
308 3489 379 3544 ad
422 3484 690 3543 Tholmai
723 3485 909 3540 lilium
940 3485 1185 3541 Amibur
1211 3486 1332 3557 (ms.
1366 3486 1562 3557 Amui)
1595 3502 1789 3560 regem

132 3581 383 3635 Gessur.
423 3599 450 3627 »
480 3575 743 3631 Tholmai
769 3579 925 3647 pater
961 3570 1079 3630 fuit
1101 3575 1339 3630 Maacha
1368 3574 1572 3631 matris
1609 3577 1791 3632 Abea-

132 3668 287 3733 lom,
321 3682 497 3738 quam
526 3664 731 3719 dicunt
759 3663 981 3719 Hebraei
1003 3681 1037 3718 a
1061 3663 1241 3719 David
1264 3665 1320 3719 in
1341 3665 1537 3737 prmlio
1562 3671 1791 3738 captam

130 3762 195 3812 et
224 3755 477 3812 caesarie:
507 3757 564 3809 et
621 3753 919 3825 unguibus
950 3752 1229 3824 praecisis,
1252 3754 1575 3809 secundum
1606 3753 1793 3828 legem

130 3846 318 3917 (Deut.
354 3858 467 3912 xxr,
499 3842 690 3913 40-13)
722 3857 850 3897 eam
885 3857 1123 3897 uxorem
1173 3842 1285 3898 sibi
1335 3842 1514 3898 David
1576 3844 1794 3901 socias-

129 3948 205 3992 se
235 3938 297 3990 et
324 3949 392 3988 ex
419 3948 489 3987 ea
513 3945 824 4004 generasse
852 3930 1108 3986 Thamar
1126 3934 1183 3987 et
1211 3930 1486 3987 Absalom
1518 3932 1591 4003 (II
1644 3934 1750 4004 Reg
1775 3950 1788 3989 :

130 4040 226 4080 ιιι.
262 4028 333 4091 3;
365 4024 392 4078 ι
418 4021 609 4078 Ραναι.
630 4037 714 4087 ιιι,
746 4021 801 4092 2)

217 4112 410 4186 (Vere.
434 4109 549 4182 39.)
580 4133 609 4161 «
640 4109 899 4166 Cessavit
926 4110 1125 4181 itaque
1156 4109 1336 4165 David
1370 4127 1468 4166 rex
1528 4111 1795 4183 persequi

127 4200 441 4259 Absalom.
466 4221 494 4251 η
529 4199 592 4255 In
613 4198 852 4255 Hebraeo
879 4197 1137 4271 legitur:
1170 4221 1199 4249 «
1231 4200 1486 4255 Cessavit
1507 4200 1705 4272 itaque
1728 4200 1797 4273 (ο)

128 4289 326 4350 David
363 4303 460 4346 rex
488 4287 644 4345 exire
671 4284 807 4359 post
836 4286 1135 4359 Absalom,
1154 4309 1181 4337 ι)
1214 4287 1479 4345 Voluisse
1502 4288 1657 4344 idem
1692 4294 1797 4345 Da-

125 4381 235 4437 vid
271 4377 428 4436 exire
458 4377 818 4451 perhibetur,
878 4381 944 4433 ut
987 4377 1289 4434 reduceret
1333 4377 1633 4436 Absalom.
1686 4379 1799 4435 Sed

130 4473 513 4545 pertractans
544 4467 606 4523 in
655 4466 829 4523 corde
857 4482 985 4533 suo,
1028 4466 1183 4538 quod
1216 4467 1442 4539 quoties
1488 4484 1623 4525 eum
1652 4468 1802 4524 vide-

132 4565 255 4627 ret,
280 4558 453 4615 toties
484 4555 746 4612 dolorem
778 4555 985 4611 mortis
1007 4558 1235 4612 Amnon
1266 4557 1318 4612 ei
1350 4557 1422 4612 ad
1457 4558 1800 4615 memoriam

1819 3282 1861 3348 C

1890 638 1980 693 sui
2011 638 2205 692 animo
2235 639 2361 708 ejus
2395 638 2753 692 oecurrcbat.
2787 638 2915 692 Sive
2946 635 3134 703 al.ter,
3193 637 3535 692 consolatus

1890 726 2069 781 fuisse
2099 742 2276 797 super
2303 730 2524 797 Amnon
2556 726 2794 781 interitu
2851 726 3084 791 dicitur,
3117 742 3183 781 eo
3234 725 3388 798 quod
3436 742 3541 781 no-

1886 820 2047 869 verat
2076 828 2209 869 eum
2242 814 2596 885 flagitiosum
2625 818 2683 870 et
2712 814 2958 886 dignum
2998 819 3181 870 morte
3209 815 3538 887 meritoque

1890 903 2132 975 perisse.
3418 972 3421 979 '

1962 993 2117 1062 (Cap.
2154 991 2298 1047 XIV.
2331 1021 2401 1032 -—-
2433 991 2592 1047 Vers’.
2629 992 2703 1063 1.)
2737 1015 2766 1043 α
2790 991 3123 1065 Intelligens
3152 996 3351 1048 autem
3391 990 3538 1049 Joab

1889 1079 2046 1135 ﬁlius
2068 1080 2276 1136 Sarvize
2307 1080 2462 1153 quod
2494 1086 2594 1136 cor
2624 1081 2776 1153 regis
2798 1096 3031 1138 versum
3063 1084 3217 1138 esset
3245 1082 3317 1137 ad
3352 1080 3539 1138 Abeas

1887 1168 2025 1225 lom.
2058 1191 2084 1218 ››
2116 1172 2223 1225 Cor
2251 1171 2404 1241 regis
2434 1186 2667 1226 versum
2697 1187 2825 1226 esse
2875 1172 2945 1227 ad
3006 1170 3281 1227 Absalom
3318 1170 3531 1228 vidisse

1890 1258 2123 1327 dicitur,
2154 1275 2222 1314 eo
2253 1259 2406 1331 quod
2439 1259 2648 1314 viderit
2684 1274 2817 1314 eum
2843 1258 2996 1315 idem
3027 1259 3172 1315 Joab
3204 1276 3307 1332 pro
3358 1260 3542 1315 Abea-

1888 1347 2006 1402 lom
2039 1348 2113 1417 (ιι)
2144 1347 2461 1418 suspirare,
2494 1349 2546 1402 et
2578 1363 2734 1403 exeo
2764 1346 3048 1403 intellexit
3077 1350 3229 1420 quod
3262 1366 3362 1404 cor
3413 1349 3542 1420 ejus

1892 1452 2121 1491 versum
2154 1441 2307 1491 esset
2337 1436 2407 1491 ad
2448 1436 2745 1492 Absalom.

1962 1524 2147 1592 (Vere.
2178 1528 2260 1592 2.)
2290 1547 2317 1574 «
2352 1525 2511 1580 Misit
2536 1525 2853 1594 Thecuam,
2883 1528 2940 1581 et
2970 1525 3106 1581 tulit
3135 1526 3270 1581 inde
3330 1524 3540 1582 mulie-

1894 1629 2013 1668 rem
2045 1614 2388 1685 sapientem.
2424 1634 2445 1665 ιι
2487 1612 2716 1671 'l‘hecua
2748 1614 2952 1670 civitas
2979 1621 3086 1682 est,
3143 1616 3229 1670 .ie‘
3264 1630 3381 1688 qua
3424 1615 3538 1669 iuit

1891 1704 2068 1758 Amos
2094 1703 2393 1775 propheta.
2420 1703 2664 1759 Putatur
2685 1709 2879 1760 autem
2903 1704 3104 1760 eadem
3125 1704 3299 1760 vidua
3319 1705 3392 1777 (ρ)
3412 1705 3541 1760 avia

1891 1793 2074 1848 fuisse
2104 1793 2371 1863 ejusdem
2399 1794 2576 1848 A‘mos
2608 1792 2925 1864 prophetae.

1965 1882 2150 1954 (Vere.
2207 1882 2411 1951 5-7.)«
2445 1882 2578 1946 Quae
2636 1882 2942 1955 respondit
3025 1881 3115 1939 ei:
3204 1882 3327 1937 Heu
3415 1898 3546 1955 mue

1893 1970 2002 2026 lier
2024 1971 2200 2025 vidua
2228 1984 2335 2042 ego
2365 1982 2520 2025 sum.
2554 1954 2823 2027 Mortuus
2851 1975 2942 2027 est
2962 1971 3118 2027 enim
3148 1971 3236 2026 vir
3256 1978 3451 2026 meus:
3491 1954 3550 2026 et

1892 2059 2114 2116 ancillae
2145 2064 2253 2114 ture
2286 2063 2454 2114 erant
2480 2060 2596 2114 duo
2626 2058 2753 2127 filii,
2779 2060 2879 2134 qui
2904 2061 3069 2115 rixati
3103 2065 3242 2115 sunt
3263 2061 3544 2115 adversus

1892 2164 1955 2205 se
1984 2149 2042 2203 in
2073 2163 2234 2219 agro,
2256 2146 2573 2220 nullusque
2602 2151 2726 2203 erat
2757 2147 2857 2220 qui
2913 2164 3013 2205 eos
3064 2148 3375 2221 prohibere
3416 2158 3548 2222 pos-

1895 2241 2001 2294 set.
2035 2241 2102 2292 Et
2131 2237 2418 2309 percussit
2447 2236 2595 2292 alter
2623 2235 2890 2305 alterum,
2933 2243 2990 2292 et
3041 2236 3327 2293 interfecit
3371 2248 3535 2293 eum:

1895 2329 1964 2382 Et
2019 2342 2148 2382 ecce
2205 2328 2565 2397 consurgens
2618 2326 2886 2383 universa
2935 2325 3200 2398 cognatio
3258 2327 3538 2383 adversus

1896 2416 2168 2474 ancillam
2201 2421 2363 2470 tuam
2397 2415 2558 2471 dicit.
2582 2415 2768 2471 Trade
2799 2432 2940 2471 eum
2972 2415 3075 2488 Qui
3100 2415 3391 2488 percussit
3421 2415 3536 2470 fra-

1900 2511 2045 2562 trem
2077 2522 2271 2561 suum.
2300 2527 2328 2555 ι)
2358 2506 2419 2561 In
2439 2504 2678 2561 veritate
2699 2510 2913 2571 autem,
2940 2511 3005 2559 ut
3036 2505 3257 2560 Hebraei
3278 2504 3551 2570 tradunt,

1898 2595 2016 2651 haac
2050 2595 2258 2649 mulier
2279 2594 2452 2649 vidua
2480 2594 2628 2650 duos
2658 2593 2807 2649 filios
2824 2594 3049 2660 habuit,
3075 2592 3174 2666 qui
3206 2593 3371 2648 rixati
3401 2596 3542 2649 sunt

1900 2684 1959 2738 in
1992 2699 2129 2756 agro
2159 2699 2334 2755 super
2365 2681 2698 2737 haereditate
2730 2684 2912 2754 patris
2944 2683 3056 2751 sui,
3092 2688 3148 2736 et
3176 2681 3425 2738 alterum
3477 2683 3549 2737 ab

1899 2772 2078 2828 altero
2108 2772 2543 2843 interemptum.
2580 2771 2844 2844 Seipsam
2873 2777 3068 2827 tamen
3106 2771 3308 2827 eadem
3364 2772 3541 2828 vidua

1899 2863 1957 2917 in
1992 2878 2239 2934 persona
2285 2861 2463 2917 David
2523 2860 2739 2933 posuit,
2798 2866 2855 2917 et
2897 2862 3047 2918 duos
3102 2860 3251 2917 filios
3299 2877 3438 2917 suos
3484 2860 3553 2916 in

1898 2969 2148 3025 persona
2205 2952 2437 3007 Amnon‘
2469 2955 2528 3007 et
2574 2949 2887 3007 Absalom':
2932 2951 3336 3024 cognationem
3368 2958 3548 3017 vero,

1898 3060 2025 3115 quae
2056 3040 2418 3098 consurrexit
2440 3038 2720 3096 adversus
2750 3039 2936 3096 filium
2977 3056 3172 3107 suum,
3207 3041 3264 3095 in
3299 3040 3547 3112 persona

1897 3138 2237 3188 caeterorum
2270 3129 2525 3186 filiorum
2558 3128 2760 3185 David.

1968 3221 2148 3293 (Vere.
2179 3220 2259 3291 9.)
2285 3241 2313 3269 «
2349 3220 2410 3273 in
2460 3234 2573 3285 me,
2633 3218 2866 3274 domine
2928 3218 3003 3273 mi
3047 3230 3165 3283 rex,
3224 3217 3539 3289 iniquitas:

1898 3316 1956 3367 et
1983 3310 2042 3365 in
2072 3310 2247 3365 domo
2274 3307 2458 3379 patris
2489 3306 2603 3362 mei
2632 3324 2647 3362 :
2679 3324 2778 3363 rex
2807 3313 3024 3376 autem,
3054 3313 3110 3363 et
3137 3307 3393 3363 thronus
3418 3307 3557 3377 ejus

1899 3400 1973 3456 sit
2030 3400 2326 3454 innocens.
2389 3398 2526 3451 nAc
2583 3396 2631 3450 si
2691 3395 2926 3465 diceret,
2982 3414 3086 3470 pro
3116 3412 3182 3453 eo
3213 3397 3368 3469 quod
3399 3394 3548 3452 alter

1899 3488 2057 3544 filius
2089 3504 2257 3543 meus
2278 3485 2641 3542 consurrexit
2659 3486 2935 3541 adversus
2965 3486 3235 3541 alterum:
3268 3486 3326 3540 in
3360 3501 3452 3541 me
3474 3483 3551 3540 sit

1898 3578 2203 3649 iniquitas,
2235 3576 2284 3633 si
2318 3580 2513 3632 tamen
2544 3575 2740 3648 aliqua
2768 3592 2897 3631 esse
2927 3576 3116 3631 debet.
3151 3575 3211 3631 In
3243 3580 3298 3631 te
3329 3579 3546 3641 autem,

1901 3687 1933 3724 ο
1964 3685 2062 3724 rex
2084 3666 2286 3731 David,
2319 3664 2483 3720 nulla
2510 3664 2588 3719 sit
2615 3663 2925 3736 iniquitas:
2960 3665 3099 3736 quia
3131 3664 3348 3735 absque
3376 3661 3550 3734 culpa

1901 3774 1983 3821 es,
2017 3773 2083 3813 eo
2112 3755 2267 3828 quod
2297 3753 2575 3810 Absalom
2607 3758 2837 3808 Amnon
2868 3752 3112 3824 dignum
3145 3757 3333 3807 morte
3371 3749 3551 3805 inter-

1904 3847 2053 3903 fecit.
2086 3846 2154 3900 Et
2182 3845 2336 3900 sicut
2365 3858 2470 3915 ego
2501 3842 2722 3913 absque
2752 3840 2924 3913 culpa
2952 3854 3083 3896 sum
3135 3856 3236 3912 pro
3269 3856 3336 3895 eo
3388 3838 3544 3910 quod

1904 3937 2019 3992 duo
2053 3933 2156 3989 ﬁlii
2189 3933 2823 3988 mei‘consurrexerunt
2876 3928 2942 4001 (t)
3000 3927 3308 3984 adversum
3359 3943 3443 3994 se,
3494 3926 3554 3983 et

1904 4024 2245 4080 interfectus
2275 4025 2365 4077 est
2393 4018 2544 4076 alter
2586 4020 2658 4075 ab
2708 4016 2923 4073 altero:
2956 4018 3037 4073 ita
3095 4023 3151 4073 et
3206 4021 3271 4072 tu
3327 4017 3554 4087 absque

1905 4112 2077 4185 culpa
2106 4127 2189 4178 es,
2218 4127 2320 4184 pro
2349 4126 2415 4166 eo
2446 4107 2601 4180 quod
2631 4105 2909 4163 Abealom
2949 4106 3009 4163 et
3035 4109 3263 4163 Amnon
3308 4104 3565 4178 dignum"

1907 4205 2093 4260 morte
2112 4198 2418 4256 interfecit.
3438 4219 3445 4225 ο

1978 4290 2163 4363 (Vere.
2210 4290 2323 4357 11.)
2355 4310 2384 4340 ‹‹
2417 4289 2552 4354 Qua:
2607 4285 2722 4342 ait:
2785 4285 3141 4343 Recordetur
3190 4282 3290 4342 rex
3319 4281 3571 4341 Domini

1909 4380 2009 4437 Dei
2030 4379 2143 4447 sui,
2178 4382 2243 4434 ut
2270 4394 2386 4433 non
2419 4374 2888 4449 multiplicantur
2942 4375 3190 4449 proximi
3241 4370 3563 4447 sanguinis

1910 4470 1982 4527 ad
2015 4467 2440 4536 ulciscendum,
2471 4471 2529 4522 et
2561 4466 2933 4537 nequaquam
2964 4464 3314 4521 interficient
3371 4460 3569 4517 filiuni

1912 4573 2131 4615 meum.
2158 4578 2188 4607 »
2219 4556 2560 4613 Recordatio
2591 4553 2686 4610 hic
2713 4570 2815 4626 pro
2838 4555 3174 4626 juramento
3206 4552 3399 4625 posita
3448 4554 3559 4606 est.

130 4650 476 4712 reduceret,
508 4645 724 4701 idcirco
756 4659 984 4701 cessare
1005 4644 1221 4700 dicitur
1250 4645 1405 4702 exire
1462 4651 1595 4719 post
1617 4649 1801 4704 Absa-
1835 4652 1883 4718 1)
1911 4651 1988 4705 Ac
2019 4647 2069 4703 si
2099 4645 2353 4702 diceret:
2398 4643 2755 4701 Recordetur
2810 4644 2915 4698 rex
2964 4640 3371 4714 promissionis
3418 4648 3560 4704 suae,

124 4739 304 4795 10m:
337 4735 711 4799 subauditur,
767 4738 832 4789 ut
878 4748 1015 4791 eum
1065 4735 1135 4789 ad
1194 4735 1432 4807 propria
1489 4741 1811 4798 revocaret.

130 4825 318 4896 Quod
351 4840 480 4880 vero
511 4823 629 4879 ait:
664 4845 692 4873 «
724 4823 801 4878 Eo
832 4823 989 4895 quod
1028 4821 1373 4879 'consolatus
1439 4831 1595 4883 esset
1638 4844 1817 4901 super

125 4906 380 4973 Amnon
415 4912 725 4979 interitu,»
783 4910 1233 4984 intelligendum
1287 4917 1395 4984 est,
1463 4914 1602 4985 quia
1649 4922 1816 4989 post-

124 5014 329 5079 quam
363 5001 549 5058 noluit
567 5002 721 5056 exire
752 5006 883 5073 post
903 4999 1205 5069 Absalom,
1236 5007 1301 5055 ut
1324 5003 1627 5060 reduceret
1656 5022 1819 5082 eum,

128 5101 203 5152 et
234 5094 539 5150 videretur
594 5091 666 5146 ab
697 5107 784 5161 eo,
821 5090 996 5161 coepit
1051 5092 1340 5145 consolari
1402 5108 1581 5164 super
1630 5101 1818 5151 morte

126 5189 407 5242 Amnon.
441 5180 732 5245 Quamdiu
763 5179 920 5236 enim
952 5180 1269 5251 putabatur
1324 5179 1477 5236 idem
1538 5183 1815 5240 Absalom

1922 4739 2040 4795 imo
2067 4733 2384 4807 juramenti
2415 4732 2529 4798 sui,
2557 4746 2671 4803 quo
2704 4730 2847 4787 mihi
2881 4739 2983 4803 per
3015 4731 3321 4786 Dominum
3378 4727 3579 4784 Deum’

1923 4842 2098 4884 suum
2131 4822 2425 4897 pollicitus
2451 4824 2558 4889 est,
2595 4826 2657 4876 ut
2688 4837 2804 4876 non
2833 4820 3299 4892 multiplicentur
3318 4816 3579 4891 proximg’

1924 4913 2229 4988 sanguinis
2259 4912 2330 4968 ad
2362 4910 2784 4967 ulciscendum.

1996 5005 2182 5074 (Vere.
2241 5002 2406 5071 13.)‹ο
2444 5000 2713 5071 Dixitque
2771 4997 3016 5054 mulier:
3066 4998 3254 5061 Quare
3303 4994 3594 5069 cogitasti

1926 5091 2260 5151 istiusmodi
2288 5106 2409 5145 rem
2442 5094 2645 5146 contra
2702 5089 2983 5161 pepulum
3033 5087 3173 5143 Dei?
3227 5086 3293 5140 Et
3342 5078 3588 5139 locutus

1926 5188 2016 5240 est
2046 5198 2143 5237 rex
2166 5180 2408 5235 verbum
2442 5178 2596 5233 istud
2626 5182 2693 5233 ut
2721 5182 2917 5250 peccet
2945 5183 3011 5233 ut
3042 5191 3155 5232 non
3194 5175 3435 5231 reducat
3462 5170 3575 5246 ejel

222 5336 241 5372 ι
287 5333 375 5391 Ita
412 5331 617 5406 legunt
641 5331 868 5388 codices
901 5346 1068 5399 mss.;
1102 5330 1239 5386 editi
1272 5348 1403 5388 vero
1432 5333 1666 5392 Jedidz'a.
1697 5336 1846 5403 Quid
1879 5335 1957 5392 sit
1985 5338 2233 5391 Mamzer
2263 5330 2393 5386 vide
2415 5330 2649 5388 Denter.
2682 5346 2846 5399 χχιιι,
2919 5371 2932 5385 .

218 5479 305 5550 (α)
340 5478 401 5532 In
433 5491 561 5531 meo
594 5491 704 5531 ms.
772 5478 835 5529 ut
892 5474 1188 5544 Ambros,
1248 5475 1521 5538 lilidz'am;
1580 5478 1800 5534 Raban.

124 5550 386 5609 ldidam.

219 5625 309 5755 ἑὸ)
340 5620 588 5682 ﬁebam,
619 5627 749 5673 tunc
776 5618 983 5673 Rabbat
1012 5618 1292 5672 scribitur.

243 5698 299 5755 c)
331 5694 530 5755 ipsum
556 5691 728 5745 David
751 5704 961 5744 nomen
994 5689 1049 5743 in
1084 5704 1212 5744 meo
1246 5705 1292 5744 m

243 5698 299 5763 ο)
331 5691 728 5767 l’ps_uni_D_¢rvid
751 5704 961 5767 nomen
994 5689 1049 5767 in
1084 5704 1212 5767 meo
1237 5705 1352 5767 me.
1386 5696 1442 5767 et

219 5708 299 5763 to)
331 5708 530 5767 Ipsum
556 5708 726 5745 mwza
751 5708 961 5744 nomen
994 5708 1049 5743 in
1084 5708 1212 5744 meo
1246 5708 1352 5745 me.
1386 5708 1442 5746 et
1511 5708 1650 5747 enes
1702 5708 1808 5749 na-

122 5758 384 5829 banum
415 5763 477 5822 in
509 5762 746 5819 Hebraeo
779 5776 892 5817 non
913 5760 1115 5819 haberi
1136 5761 1387 5834 dicitur;
1422 5708 1819 5824 faisotamen.~

495 5892 764 5959 Panos.
815 5887 1039 5959 XXIII.

1511 5704 1650 5747 enes
1702 5693 1808 5749 Ra-
1876 5698 1881 5713 '

1985 5477 2061 5548 (ά)
2093 5474 2394 5548 Martian.,
2423 5489 2524 5542 per
2552 5474 2830 5529 Absalom.

1988 5478 2041 5548 (ά
2093 5478 2390 5539 Martian.,
2423 5489 2524 5542 per
2552 5478 2830 5529 Absalom.

1988 5478 2061 5621 (ei
2098 5547 2261 5620 Apud
2298 5546 2545 5601 Raban..
2583 5548 2821 5600 Putatur
2849 5550 3032 5601 autem
3077 5543 3144 5600 ab
3194 5543 3434 5601 Hebreis
3488 5544 3573 5599 vi-

1912 5622 2055 5764 du(af)
2086 5625 2195 5746 ἵ)ῐὲ
2226 5687 2319 5743 his
2349 5684 2761 5764 legitoRabanq
2794 5688 2870 5744 In'
2897 5703 2958 5745 eo
2986 5690 3130 5762 quod
3184 5689 3275 5745 illi
3313 5688 3421 5744 duo
3447 5689 3569 5760 ira.

1988 5703 2055 5764 (χ’)
2090 5703 2195 5746 ντο
2228 5703 2319 5743 me
2351 5703 2401 5743 ie
2446 5703 2689 5745 ιιοιιειοαι

1916 5771 2021 5825 tres
2048 5764 2194 5821 inter
2219 5776 2276 5819 se
2294 5703 2689 5836 conﬁixerunt.

3181 5888 3261 5960 45
