3970 6386
407 386 562 448 1419

1893 384 2288 446 APPENDIX
2303 431 2318 447 .

3658 381 3805 445 “30

404 523 564 574 ctum
593 518 809 573 suum?
840 540 868 566 n
911 519 987 572 Ex
1044 517 1153 573 hoc
1211 516 1334 573 loco
1386 519 1821 574 demonstratur
1877 517 2043 585 illud,
2078 520 2130 585 Α
2163 536 2295 574 nem
2319 521 2606 576 facturum
2633 521 2692 576 in
2729 521 2852 577 loco
2900 538 3015 592 quo
3065 519 3440 591 requiescunt
3485 518 3798 585 Abraham,

404 608 558 678 quod
584 607 755 679 paulo
786 606 1056 678 superius
1088 607 1310 663 dictum
1341 611 1464 663 est:
1516 608 1754 664 Cessavit
1812 623 1910 662 rex
1941 608 2046 662 Da-

402 697 492 752 vid
522 699 605 751 ire
635 701 753 767 post.
785 697 1032 750 Absalom
1055 698 1127 768 (II
1156 699 1280 765 Reg.
1316 714 1441 763 xm,
1489 697 1603 768 39),
1663 696 1719 751 id
1781 700 1890 762 est,
1924 713 2050 752 ces-

397 786 543 842 savit
589 789 651 840 ut
685 802 796 840 non
830 785 1084 841 exiretur
1124 786 1198 841 ab
1227 785 1425 858 aliquo
1456 790 1513 841 et
1541 786 1912 842 reduceretur
1941 786 2048 841 Ab-

398 873 604 929 salom.
640 873 778 929 Inde
807 875 889 929 ait
919 874 1162 930 mulier:
1190 897 1217 924 «
1248 874 1554 930 Etlocutus
1579 878 1666 929 est
1696 873 2047 929 rexverbum

397 962 552 1018 istud
587 967 649 1016 ut
679 967 894 1034 peccet,
927 967 982 1019 et
1040 980 1156 1019 non
1206 963 1447 1019 reducat
1497 963 1746 1033 ejectum
1803 979 2048 1018 suum.»

397 1052 559 1118 Quod
591 1068 724 1107 vero
753 1051 868 1107 ait:
905 1077 930 1101 ‹‹
965 1051 1151 1115 Quare
1209 1051 1478 1124 cogitasti
1529 1052 1866 1108 istiusmodi
1923 1067 2047 1107 rem

397 1145 601 1196 contra
629 1139 912 1213 populum
962 1141 1144 1196 Dei?»
1180 1141 1464 1213 Populum
1505 1142 1622 1207 Dei,
1678 1145 1842 1197 vocat
1891 1158 2048 1196 eum-

397 1230 529 1284 dem
573 1229 867 1300 Absalom,
903 1230 1020 1285 sive
1070 1246 1169 1286 eos
1227 1231 1327 1302 qui
1368 1248 1502 1286 cum
1545 1230 1642 1286 illo
1702 1229 1888 1286 ierant
1937 1229 2042 1301 (Al.

397 1318 604 1388 erant),
641 1318 738 1390 qui
774 1318 942 1390 quasi
975 1319 1182 1391 captivi
1216 1324 1274 1374 et
1315 1320 1482 1390 ejecti
1533 1325 1716 1384 erant,
1768 1335 1835 1373 eo
1889 1320 2044 1390 quod

397 1424 510 1463 non
547 1409 958 1463 reducerentur
1014 1409 1083 1463 ad
1142 1409 1540 1464 hzereditatem
1593 1408 1724 1462 Dei:
1783 1425 1853 1462 ne
1903 1408 2046 1462 forte

394 1496 594 1563 coacti,
620 1496 732 1552 diis
764 1496 968 1552 alienis
993 1498 1048 1552 in
1083 1503 1237 1552 terra
1265 1497 1458 1552 aliena
1500 1499 1801 1553 servirent.

465 1585 650 1656 (Vers.
678 1587 789 1658 14.)
819 1609 845 1634 ‹‹
871 1587 982 1641 Nec
1011 1587 1130 1641 vult
1159 1587 1347 1658 perire
1396 1587 1550 1642 Deus
1599 1587 1886 1650 animam,
1945 1585 2044 1640 sed

393 1680 668 1730 retractat
693 1675 978 1748 cogitans,
1015 1692 1086 1731 ne
1142 1680 1338 1748 pereat
1370 1676 1603 1748 penitus
1652 1675 1749 1747 qui
1784 1675 2046 1746 abjectus

391 1769 500 1819 est.
538 1786 564 1812 »
595 1767 674 1819 Ac
702 1765 750 1818 si
784 1765 1037 1819 diceret:
1071 1765 1225 1820 Deus
1259 1769 1586 1836 peccatores
1619 1764 1718 1836 qui
1752 1781 1786 1819 a
1815 1763 2045 1818 diabolo

394 1853 603 1924 captivi
637 1852 990 1921 detinentur,
1029 1857 1093 1908 ut
1137 1854 1208 1908 ad
1249 1869 1310 1909 se
1349 1858 1781 1921 convertantur,
1841 1856 2039 1908 vocat:
2075 1889 2122 1953 B

394 1945 451 1996 et
503 1947 563 1996 tu
598 1941 695 2012 qui
741 1957 876 1997 eum
924 1941 1142 1996 imitari
1201 1942 1398 2010 debes,
1431 1959 1534 1998 cur
1592 1959 1706 1997 non
1755 1959 1820 1996 eo
1875 1942 2044 1997 modo

396 2029 521 2106 agis
548 2030 644 2102 (a).

463 2120 650 2189 (Vers.
684 2120 798 2190 26.)
830 2142 856 2169 «
887 2119 954 2175 Et
984 2121 1218 2192 quando
1257 2121 1606 2176 tondebatur
1635 2119 1901 2192 capillus,
1954 2136 2042 2175 se-

395 2209 507 2265 mel
539 2214 735 2265 autem
784 2209 842 2263 in
901 2226 1055 2264 anno
1099 2211 1468 2265 tondebatur.
1506 2233 1532 2258 »
1568 2214 1629 2265 In
1677 2210 1912 2264 Hebraeo
1964 2209 2045 2264 ita

391 2300 599 2372 legitur
623 2315 635 2353 :
665 2321 692 2349 «
726 2299 790 2353 Et
819 2299 1048 2370 quando
1067 2299 1416 2355 tondebatur
1441 2304 1616 2371 caput
1631 2300 1778 2370 ejus.
1814 2299 2042 2354 Statuto

391 2394 584 2445 autem
644 2393 904 2460 tempore
962 2388 1344 2444 tondebatur:
1403 2389 1540 2460 quia
1599 2389 1877 2461 gravabat
1906 2405 2040 2444 eum

389 2477 670 2534 caesaries.
705 2476 1074 2532 Ponderabat
1102 2477 1346 2550 capillos
1377 2477 1586 2550 capitis
1631 2477 1720 2533 sui
1774 2477 2042 2533 ducentis

387 2567 548 2623 siclis
580 2567 833 2638 pondere
864 2566 1118 2638 publico.
1147 2588 1173 2615 ››
1205 2566 1329 2622 Non
1386 2566 1542 2621 enim
1573 2567 1737 2622 semel
1790 2569 1849 2621 in
1896 2583 2042 2622 anno

390 2662 454 2713 ut
486 2655 672 2712 Latini
700 2656 930 2711 codices
952 2655 1190 2720 habent,
1240 2656 1590 2710 tondebatur
1642 2661 1815 2728 caput
1873 2657 2038 2725 ejus:

295 2769 305 2786 ι
388 2746 491 2801 sed
513 2748 728 2800 statuto
761 2749 1042 2816 tempore,
1073 2744 1132 2800 id
1163 2748 1272 2814 est,
1307 2745 1379 2800 de
1411 2745 1652 2817 triginta
1693 2746 1751 2799 in
1799 2744 2042 2817 triginta

389 2834 617 2889 diebus.

459 2925 616 2996 (Cap.
650 2920 767 2978 XV.
791 2955 858 2962 —
887 2926 1053 2978 Vers.
1081 2923 1161 2992 7.)
1197 2943 1224 2973 «
1265 2922 1401 2978 Post
1431 2921 1822 2994 quadraginta
1845 2925 2039 2977 autem

391 3029 575 3068 annos
599 3011 742 3067 dixit
769 3011 1040 3068 Absalom
1075 3011 1146 3066 ad
1181 3027 1414 3083 regem:
1451 3010 1670 3065 Vadam
1703 3016 1761 3066 et
1801 3011 2040 3066 reddam

393 3110 527 3159 vota
557 3119 704 3170 mea,
739 3119 865 3174 quas
898 3101 1017 3157 vovi
1054 3101 1299 3157 Domino
1324 3100 1378 3156 in
1411 3100 1661 3156 Hebron.
1693 3125 1712 3148 υ
1778 3101 2039 3166 Quadra-

394 3192 654 3264 gesimus
693 3192 977 3264 agebatur
1004 3208 1195 3247 annus
1235 3208 1302 3246 ex
1343 3206 1408 3246 eo
1441 3194 1696 3262 tempore
1727 3207 1842 3262 quo
1903 3189 2039 3244 Saul

393 3259 552 3337 Dobe
583 3259 873 3336 civitatem
905 3296 1039 3336 cum
1079 3279 1484 3336 sacerdotibus
1525 3259 1816 3352 octoginta
1875 3279 2041 3351 quin-
2072 3259 2115 3326 (ἶ

393 3387 506 3444 que
540 3377 772 3444 propter
801 3369 982 3426 David
1013 3368 1325 3425 interemit.
1385 3373 1450 3424 Et
1501 3368 1714 3425 idcirco
1746 3367 1838 3423 hic
1884 3368 2039 3424 idem

392 3460 880 3532 quadragesimus
911 3476 1099 3514 annus
1131 3459 1386 3531 ponitur,
1421 3462 1483 3514 ut
1513 3463 1872 3514 monstretur
1900 3459 2041 3513 divi-

395 3567 526 3606 nam
562 3549 842 3605 ultionem
868 3548 1136 3604 suscitari
1169 3565 1345 3619 super
1375 3547 1578 3618 David,
1615 3563 1683 3604 eo
1717 3548 1870 3620 quod
1901 3548 2030 3604 Abi-

393 3637 612 3696 melech
635 3639 710 3710 (b)
742 3638 1100 3693 sacerdotem
1135 3635 1419 3700 fefellerit,
1451 3641 1508 3692 et
1536 3641 1773 3708 propter
1787 3653 1921 3693 eum
1953 3642 2040 3693 tot

391 3729 762 3807 sacerdotum
819 3728 1004 3782 caedes
1052 3727 1203 3782 facta
1233 3726 1422 3782 fuerit.
1457 3728 1627 3794 Cave,
1675 3725 1872 3795 lector,
1913 3727 2032 3799 ple-

391 3835 604 3890 rosque
665 3817 972 3873 mendosos
1024 3817 1252 3873 codices
1287 3820 1327 3883 ί,
1371 3816 1430 3872 in
1479 3817 1697 3888 quibus
1755 3816 2037 3889 scriptum

391 3908 702 3975 invenitur,
732 3915 851 3980 post
881 3917 1134 3980 quatuor,
1185 3923 1298 3963 non
1357 3915 1473 3977 post
1515 3906 1881 3978 quadraginta
1931 3924 2039 3962 an-

391 4015 510 4054 nos.
545 3997 608 4052 In
639 3996 1035 4053 veracioribus
1064 4012 1197 4052 vero
1229 3995 1549 4062 codicibus,
1584 3999 1640 4050 et
1669 3994 1728 4050 in
1763 3994 2042 4052 Hebraica

395 4086 636 4142 veritate
663 4103 776 4140 non
808 4090 1078 4156 quatuor,
1112 4086 1213 4141 sed
1262 4084 1652 4157 quadraginta
1700 4084 2042 4142 scribuntur

393 4176 553 4235 anni.
606 4175 665 4230 Si
725 4191 856 4231 vero
899 4175 1294 4231 contentiosus
1336 4173 1490 4246 quis,
1533 4175 2043 4246 eosdemquatuor

395 4280 579 4320 annos
609 4267 869 4318 astruere
897 4262 1142 4319 voluerit
1171 4263 1243 4318 ab
1275 4279 1341 4319 eo
1373 4267 1634 4335 tempore
1685 4280 1800 4335 quo
1858 4264 2040 4320 Absa-

392 4354 511 4410 10m
541 4355 766 4408 Amnon
795 4353 1027 4408 fratrem
1060 4368 1236 4408 suum
1265 4352 1576 4420 interfecit,
1599 4369 1784 4424 usque
1810 4354 1879 4408 ad
1898 4353 2038 4409 illud

392 4449 625 4516 tempus
656 4459 770 4514 quo
798 4442 948 4513 patri
979 4441 1151 4497 dixit:
1185 4464 1213 4491 «
1247 4440 1492 4509 Vadam,
1526 4445 1584 4497 et
1615 4443 1854 4498 reddam
1913 4449 2042 4500 vota

394 4550 543 4600 mea,
581 4549 708 4606 qua:
741 4532 862 4586 vovi
898 4530 1144 4587 Domino
1176 4530 1234 4585 in
1295 4529 1563 4598 Hebron;
1602 4553 1628 4579 ››
1659 4531 1963 4603 perspicue
1981 4549 2042 4588 se

2161 607 2318 664 Isaac
2351 614 2405 664 et
2434 609 2632 666 Jacob.

2231 699 2411 768 (Vers.
2474 701 2589 769 24.)
2639 701 2759 754 «Et
2795 701 3196 772 deposuerunt
3269 714 3462 752 arcam
3537 696 3659 752 Dei.
3735 696 3800 750 Et

2159 788 2423 843 ascendit
2452 789 2750 856 Abiathar,
2785 789 2963 844 donec
2987 787 3249 860 expletus
3278 791 3431 842 esset
3460 785 3651 841 omnis
3700 799 3798 856 po-

2158 875 2333 946 pulus
2357 878 2456 948 qui
2489 894 2760 948 egressus
2800 878 2988 932 fuerat
3018 879 3088 933 de
3120 877 3370 932 civitate.
3399 897 3423 922 υ
3457 874 3588 930 ldeo
3609 889 3796 928 arcam

2157 965 2255 1020 Dei
2281 966 2622 1038 deposuisse
2653 966 2946 1046 dicuntur,
2980 970 3042 1020 ut
3093 965 3373 1020 Dominus
3423 963 3495 1016 ab
3523 961 3798 1017 Abiathar

2157 1055 2454 1110 sacerdote
2491 1054 2915 1121 consuleretur,
2977 1072 3090 1126 quo
3138 1070 3339 1109 versus
3386 1050 3562 1107 David
3591 1051 3672 1106 ire
3698 1050 3795 1105 de-

2154 1143 2336 1198 beret.
2371 1146 2711 1200 Ascendisse
2740 1150 2934 1200 autem
2990 1142 3270 1197 Abiatbar
3299 1140 3529 1209 dicitur,
3579 1139 3635 1195 id
3687 1143 3794 1207 est,

2156 1248 2372 1289 orasse.
2407 1234 2473 1288 Et
2502 1234 2642 1305 quia
2672 1233 2906 1289 oraculo
2937 1234 3131 1288 divino
3189 1249 3302 1286 non
3347 1230 3398 1286 ei
3450 1245 3793 1301 responsum

2155 1326 2265 1387 est,
2292 1323 2505 1378 idcirco
2537 1323 2594 1377 in
2618 1323 3116 1394 subsequentibus
3166 1321 3304 1375 dicit
3352 1318 3551 1382 David,
3598 1322 3662 1372 ut
3707 1333 3795 1374 re-

2156 1415 2484 1480 portaretur
2513 1428 2644 1466 arca
2675 1411 2772 1466 Dei
2805 1412 2862 1466 in
2898 1411 3121 1466 urbem.

2226 1503 2381 1570 (Cap.
2436 1499 2578 1554 XVI.
2613 1532 2679 1539 —
2711 1499 2870 1555 Vers.
2928 1500 3041 1570 10.)
3081 1523 3098 1546 α
3129 1498 3273 1564 Quid
3318 1496 3460 1552 mihi
3514 1500 3569 1550 et
3611 1495 3794 1566 vobis,

2158 1588 2256 1642 filii
2307 1589 2564 1644 Sarvim?
2622 1589 2904 1643 Dimittite
2943 1594 3006 1642 ut
3073 1586 3453 1642 maledicat.»
3526 1585 3795 1640 Hebraeus

2157 1695 2269 1732 non
2316 1677 2506 1747 habet,
2558 1687 2618 1733 ut
2659 1678 2969 1744 maledicat,
3018 1677 3118 1732 sed
3187 1679 3440 1738 tantum,
3505 1673 3793 1730 maledicat

2154 1765 2276 1837 (ms.
2326 1767 2604 1838 maledic).
2655 1766 2852 1822 Abisai
2916 1766 3076 1821 solus
3157 1765 3414 1819 dixerat:
3448 1762 3676 1833 «Vado,
3739 1765 3798 1817 et

2155 1854 2469 1926 amputabo
2517 1859 2692 1927 caput
2750 1856 2972 1925 ejus;n
3019 1859 3074 1910 ct
3123 1852 3298 1909 David
3349 1852 3419 1907 ad
3470 1851 3680 1919 Abisai,
3739 1854 3798 1906 et

2152 1943 2298 1999 Joab
2332 1944 2631 2016 respondit
2661 1943 2895 2000 dicens:
2931 1968 2957 1993 «
2992 1943 3140 2009 Quid
3176 1942 3318 1997 mihi
3347 1946 3402 1997 et
3455 1940 3632 2001 vobis.
3683 1939 3790 1995 filii

2155 2033 2364 2088 Sarviae
2397 2037 2420 2088 Ξ)
2452 2056 2478 2082 ››
2527 2035 2605 2088 Ac
2638 2033 2685 2088 si
2733 2033 2979 2089 diceret:
3033 2032 3313 2104 Nunquid
3361 2030 3532 2086 vultis
3582 2029 3796 2084 interti-

2153 2139 2281 2176 cere
2315 2121 2514 2187 istum,
2561 2121 2712 2176 sicut
2743 2121 3117 2177 interfecistis
3165 2121 3409 2175 Abner‘l
3455 2143 3479 2169 ι(
3515 2118 3796 2176 Dominus

2154 2210 2308 2265 enim
2343 2210 2613 2282 przecepit
2643 2211 2693 2264 ei
2728 2215 2791 2265 ut
2817 2210 3186 2265 malediceret
3211 2211 3400 2264 David.
3436 2209 3501 2263 Et
3530 2207 3660 2280 quis
3706 2211 3797 2264 est

2153 2300 2252 2371 qui
2283 2299 2456 2369 dicat,
2490 2315 2668 2371 quare
2701 2299 2783 2355 sic
2835 2299 3060 2367 fecerit;
3099 2323 3124 2347 ››
3175 2298 3542 2363 subauditur,
3594 2312 3793 2368 quare,

2153 2391 2235 2444 sic
2265 2388 2462 2443 fecerit
2494 2406 2607 2443 non
2647 2389 2944 2454 Dominus,
2994 2389 3092 2443 sed
3128 2388 3315 2443 Semei
3347 2387 3436 2457 (ο).
3470 2386 3655 2441 Semel
3694 2383 3794 2456 qui

2153 2477 2533 2534 maledicebat
2567 2477 2763 2545 David,
2798 2477 2921 2550 ipse
2952 2483 3040 2532 est
3071 2477 3255 2532 Nubat
3278 2482 3436 2547 pater
3465 2473 3790 2545 Jeroboam,

2152 2566 2250 2638 qui
2291 2565 2447 2621 filius
2497 2565 2721 2621 Gemini
2765 2566 3015 2621 dicitur:
3050 2572 3106 2621 et
3146 2565 3200 2620 in
3235 2565 3353 2620 zelo
3399 2565 3609 2620 domus
3660 2563 3798 2618 Saul

2154 2654 2453 2711 maledixit
2479 2655 2680 2709 David.
2714 2655 2932 2710 Nomen
2966 2672 3098 2710 vero
3131 2656 3215 2708 avi
3249 2656 3374 2724 ejus
3408 2652 3631 2709 Gemini
3665 2651 3793 2722 fuit,

2151 2748 2207 2799 et
2230 2745 2352 2816 ipse
2383 2742 2570 2798 Scmei
2597 2760 2664 2798 ex
2694 2743 2848 2797 tribu
2882 2742 3158 2815 Ephraim
3181 2741 3278 2796 lilii
3311 2739 3526 2813 Joseph
3581 2739 3800 2794 exstitit

2155 2833 2312 2888 Unde
2334 2837 2390 2887 et
2419 2832 2571 2886 idem
2607 2832 2794 2887 Semei
2836 2833 2906 2886 ad
2951 2831 3128 2886 David
3162 2830 3339 2885 dicit:
3397 2831 3613 2884 Primus
3661 2845 3798 2901 quo-

2151 2939 2254 2992 que
2283 2923 2407 2976 veni
2435 2921 2591 2976 hodie
2637 2921 2702 2977 de
2750 2923 2902 2976 omni
2946 2921 3092 2976 tribu
3139 2920 3329 2991 Joseph
3388 2920 3455 2990 (11
3506 2921 3627 2991 Reg.
3677 2935 3793 2987 xix,

2150 3012 2263 3082 20).

2224 3100 2407 3171 (Vers.
2466 3101 2574 3172 17.)
2626 3124 2652 3150 ‹‹
2685 3103 2768 3156 Ad
2822 3117 2995 3173 quem
3043 3101 3337 3158 Absalom.
3388 3100 3516 3155 Haac
3557 3102 3665 3165 est,
3705 3098 3795 3152 in-

2152 3190 2301 3263 quit,
2335 3189 2523 3262 gratia
2556 3191 2623 3246 ad
2649 3191 3083 3246 amicumtuum
3108 3191 3134 3245 ?
3158 3214 3184 3242 ››
3207 3191 3266 3246 In
3284 3189 3517 3246 Hebrzeo
3545 3189 3792 3261 legitur:

2155 3304 2182 3329 «
2217 3279 2345 3334 Haec
2394 3284 2502 3346 est,
2546 3279 2758 3351 inquit,
2813 3278 3212 3335 misericordia
3262 3286 3361 3335 tua
3403 3279 3473 3334 ad
3539 3277 3795 3334 amicum

2150 3368 2408 3424 tuum?»
2441 3369 2602 3435 Quod
2637 3385 2753 3424 non
2801 3367 3168 3437 afﬁrmando,
3221 3369 3320 3424 sed
3353 3368 3614 3440 negando
3660 3383 3799 3439 pro-

2154 3458 2542 3513 nuntiandum
2575 3463 2681 3512 est.
2717 3457 2783 3512 Et
2814 3463 2903 3513 est
2947 3474 3190 3513 sensus:
3244 3456 3636 3512 Misericordia
3685 3459 3795 3520 est,

2151 3553 2252 3604 aut
2281 3547 2392 3603 dici
2427 3547 2618 3613 debet,
2652 3546 2804 3619 quod
2842 3547 3016 3603 David
3039 3546 3295 3602 amicum
3333 3551 3498 3601 tuum
3515 3544 3793 3601 dimisisti

2151 3641 2207 3692 et
2237 3653 2371 3692 cum
2403 3653 2468 3692 eo
2501 3654 2615 3692 non
2651 3636 2792 3691 isti?

2223 3729 2377 3799 (Cap.
2407 3726 2571 3782 XVII.
2604 3757 2672 3769 —
2703 3726 2866 3783 Vers.
2898 3727 2952 3794 2,
2983 3726 3060 3798 3.)
3113 3727 3373 3798 Cumque
3424 3724 3631 3798 fugerit
3672 3740 3799 3780 om-

2151 3815 2243 3871 nis
2275 3814 2525 3888 populus
2557 3816 2656 3887 qui
2687 3833 2821 3871 cum
2853 3833 2918 3872 eo
2962 3819 3066 3884 est,
3099 3815 3425 3888 percutiam
3463 3830 3653 3886 regem
3703 3813 3802 3869 de-

2151 3905 2422 3973 solatum,
2448 3910 2506 3960 et
2529 3905 2798 3960 reducam
2815 3905 3154 3961 universum
3182 3904 3482 3979 populum,
3507 3901 3797 3975 quomodo

2152 4012 2354 4052 omnes
2381 3994 2583 4050 reverti
2614 3994 2819 4050 solent.
2857 4018 2884 4045 »
2917 3993 3148 4052 Scilicet
3178 3996 3328 4052 sicut
3376 3992 3577 4049 reverti
3610 3990 3800 4046 solent

2151 4085 2250 4157 qui
2283 4084 2496 4140 amisso
2529 4085 2586 4140 in
2620 4085 2810 4154 praelio
2843 4101 2976 4157 rege
3014 4089 3397 4153 revertuntur,
3431 4082 3512 4138 sic
3560 4080 3798 4136 univer-

2152 4192 2253 4230 sus
2285 4173 2537 4247 populus
2567 4172 2743 4230 Israel
2775 4178 3092 4231 revertetur
3122 4173 3190 4229 ad
3225 4178 3301 4228 te.

2224 4263 2407 4336 (Vers.
2439 4263 2491 4318 9.
2526 4264 2636 4334 10.)
2671 4286 2698 4314 .‹
2740 4263 2808 4318 Et
2857 4280 2992 4320 cum
3037 4263 3309 4320 ceciderit
3353 4277 3505 4318 unus
3552 4257 3801 4331 quilibet

2151 4353 2210 4408 in
2244 4353 2548 4425 principio,
2577 4351 2766 4408 audiet
2802 4370 3162 4427 quaecunque
3194 4350 3464 4417 audierit,
3497 4353 3553 4405 et
3608 4347 3797 4403 dicet:

2154 4443 2323 4498 Facta
2353 4447 2442 4498 est
2472 4441 2641 4514 plaga
2697 4442 2753 4497 in
2805 4442 3018 4516 populo
3067 4443 3169 4516 qui
3217 4440 3568 4514 sequebatur
3613 4436 3799 4493 Abea-

2151 4531 2266 4587 lom
2296 4551 2308 4600 ;
2343 4537 2398 4587 et
2429 4531 2784 4588 fortissimus
2813 4533 3090 4604 quisque,
3139 4534 3310 4602 cujus
3361 4545 3460 4585 cor
3503 4530 3593 4583 est
3629 4525 3801 4598 quasi

398 4639 616 4685 errare,
642 4621 691 4676 si
725 4619 1032 4690 diligenter
1069 4622 1471 4691 perscrutatus
1505 4619 1698 4684 fuerit,
1756 4620 2037 4691 inveniet;
2072 4638 2119 4702 D
2154 4620 2358 4688 leonis,
2393 4636 2600 4692 pavore
2631 4621 2905 4677 solvetur.
2935 4643 2961 4671 ››
2995 4622 3058 4678 Ιιι
3100 4621 3335 4676 Hebrazo
3385 4618 3465 4673 ita
3515 4615 3796 4671 habetur:

392 4728 524 4767 cum
558 4710 762 4782 utique
791 4708 1090 4776 Absalom,
1123 4708 1424 4764 interfecto
1455 4710 1705 4774 Amnon,
1731 4710 1788 4764 in
1822 4710 2042 4767 Gessur

392 4801 546 4872 apud
572 4796 836 4853 Tholmai
873 4813 1066 4869 regem
1098 4797 1284 4854 tribus
1316 4797 1508 4868 annis,
1535 4803 1592 4854 et
1633 4799 1690 4853 in
1713 4798 2039 4856 Jerusalem

393 4887 528 4944 inde
560 4890 885 4952 revocatus,
937 4903 1050 4941 non
1099 4886 1220 4942 viso
1262 4892 1444 4958 patre,
1493 4887 1722 4944 duobus
1779 4893 2040 4944 moratus

390 4977 566 5032 fuerit
594 4976 784 5043 annis,
817 4979 873 5032 et
902 4981 1060 5031 sexto
1092 4991 1244 5031 anno
1276 4976 1481 5031 faciem
1515 4975 1697 5048 patris
1725 4977 1951 5045 viderit,
1984 4981 2041 5034 et

390 5073 591 5123 contra
621 5083 754 5121 eum
817 5064 1275 5137 perduellionem
1335 5066 1761 5138 przeparaverit.
1821 5066 2036 5123 Votum

394 5171 647 5228 namque
677 5173 738 5212 se
771 5156 993 5211 vovisse
1023 5155 1358 5212 mentiendo
1387 5155 1550 5222 dixit,
1602 5155 1652 5212 is
1683 5161 1790 5224 est,
1824 5156 2035 5213 oratio-

2157 4735 2176 4760 α
2212 4711 2282 4766 Et
2315 4709 2668 4766 fortissimus
2700 4709 2844 4782 ipse,
2896 4711 3064 4779 cujus
3109 4725 3208 4766 cor
3250 4712 3336 4764 est
3386 4704 3551 4778 quasi
3595 4703 3798 4769 leonis,

2151 4815 2362 4872 pavore
2393 4798 2668 4855 solvetur.
2702 4822 2728 4848 »
2770 4799 2930 4864 Quod
2965 4817 3078 4855 nou
3132 4795 3500 4860 affirmando,
3553 4794 3653 4849 sed
3701 4808 3802 4847 ne-

2151 4889 2340 4963 gando
2370 4888 2867 4961 pronuntiandum
2899 4892 3005 4943 est.
3037 4885 3419 4964 Fortissimus
3469 4883 3577 4938 iste
3623 4879 3801 4935 David

2151 4979 2568 5052 intelligendus
2589 4983 2677 5034 est
2704 4996 2716 5045 ;
2751 4979 2904 5052 quod
2938 4983 2995 5034 et
3025 4975 3328 5047 sequentia
3358 4971 3673 5030 declarant.

2221 5070 2403 5141 (Vcrs.
2443 5070 2526 5136 10,
2563 5068 2670 5139 17.)
2711 5092 2729 5116 α
2765 5068 2882 5122 Scit
2919 5068 3073 5122 enim
3120 5064 3312 5120 omnis
3365 5059 3538 5118 Israel
3591 5059 3800 5114 fortem

2146 5176 2272 5216 esse
2297 5164 2516 5231 patrem
2545 5162 2736 5222 tuum,
2767 5162 2822 5212 et
2851 5157 3122 5212 robustos
3153 5168 3357 5210 omnes
3414 5150 3511 5223 qui
3551 5164 3686 5204 cum
3735 5162 3802 5202 eo

469 5380 481 5412 ¹
516 5384 631 5436 Hos
689 5397 914 5438 errores
973 5381 1206 5438 abunde
1255 5381 1690 5440 confutavimus
1715 5383 1772 5439 in
1804 5384 1970 5441 Notis
2001 5385 2070 5442 ad
2104 5385 2360 5442 Divinam
2392 5384 2804 5440 Bibliothecam.

464 5592 659 5669 (9)51,
691 5610 823 5648 cum
852 5596 1103 5669 Ambros
1128 5614 1259 5666 ms.,
1292 5615 1390 5652 cur
1414 5615 1524 5655 non
1544 5615 1603 5654 eo
1622 5601 1798 5669 magis
1822 5605 1846 5653 γ

393 5663 643 5795 inﬁgi?
691 5667 864 5720 veteri
893 5666 1159 5736 lectione,
1195 5663 1360 5726 meus
1393 5687 1504 5727 ms.
1539 5675 1596 5727 et
1623 5663 1870 5743 ﬂebam,
1901 5673 1939 5728 A
1965 5673 2037 5732 bi-

2221 5601 2289 5677 (e)
2325 5599 2497 5654 Addit
2529 5600 2749 5677 Haben,
2778 5602 2838 5653 ut
2869 5597 3084 5677 Hebraei
3111 5596 3317 5677 dicunt.
3385 5595 3537 5650 Infra
3585 5596 3799 5677 quarto

2149 5669 2234 5726 ab
2255 5669 2550 5748 hoc‘versu
2582 5688 2684 5748 pro
2713 5672 2892 5727 Semei
2921 5670 3094 5726 habet
3123 5669 3392 5726 Ambros.
3430 5683 3520 5723 ms
3581 5669 3799 5723 iterum

2150 5745 2388 5813 Gemini.
