3970 6398
187 419 341 480 1421

1148 417 1449 491 ΟυιΕΞΤ.
1499 417 1858 480 HEBRAIC.
1905 419 1985 478 lN
2029 418 2181 480 LIB.
2231 421 2280 481 ΙΙ
2328 420 2625 484 REGUM.

3413 400 3587 487 i422

180 555 340 606 sunt.
377 549 532 606 Abiit
555 549 787 618 ancilla,
821 554 877 606 et
905 550 1194 606 nuntiavit
1219 551 1322 606 eis.
1371 552 1435 606 Et
1481 549 1558 604 illi
1589 551 1827 622 profecti
1861 557 1910 620 Α
1947 551 2136 606 adhuc
2171 551 2400 620 viveret,
2437 553 2693 622 titulum,
2719 553 2815 625 qui
2848 556 2934 609 est
2988 552 3045 608 in
3091 551 3234 608 valle
3275 555 3447 625 regis.
3493 555 3592 612 Dio

180 645 340 696 sunt.
379 662 403 688 ››
437 643 566 695 ΙΙωο
595 637 808 694 ancilla
839 641 1005 711 quasi
1042 639 1264 693 lamndi
1299 640 1487 712 gratia
1517 656 1646 694 cum
1685 657 1828 710 pan-

181 728 276 784 nis
307 730 378 784 ad
413 729 629 784 fontem
666 728 840 801 Rogel
872 728 1037 795 ierat,
1075 732 1134 783 ut
1165 729 1400 799 penitus
1454 745 1544 782 res
1579 745 1689 783 non
1731 729 1832 782 de-

181 818 658 886 prehenderetur.
711 819 858 873 Puer
921 822 1136 887 autem,
1209 817 1306 889 qui
1379 833 1496 871 rem
1559 816 1834 872 indicavit

181 905 474 976 Absalom,
518 905 675 962 filius
727 907 992 978 ejusdem
1042 905 1263 961 ancillae
1314 904 1588 977 parvulus
1621 904 1834 960 dicitur

181 995 390 1050 fuisse.

255 1083 442 1154 (Vers.
475 1084 586 1152 2i).
624 1107 650 1133 α
682 1083 932 1154 Surgite,
967 1089 1021 1138 et
1052 1083 1296 1139 transite
1346 1084 1459 1139 cito
1503 1083 1767 1138 fluvium.
1806 1105 1831 1131 »

181 1173 404 1226 Hebraei
449 1173 505 1226 in
551 1172 658 1227 hoc
704 1171 828 1228 loco
878 1189 988 1227 non
1041 1173 1306 1242 fluvium,
1356 1173 1455 1227 sed
1501 1190 1700 1242 aquam
1730 1171 1830 1227 ba-

178 1261 338 1324 bent,
375 1278 499 1333 quae
528 1261 804 1317 Jordanis
836 1261 1048 1316 fluvius
1082 1260 1444 1332 intelligitur.

251 1350 436 1417 (Vers.
469 1351 582 1420 25).
615 1373 641 1399 ‹‹
683 1349 859 1405 David
893 1354 1088 1405 autem
1117 1350 1272 1404 venit
1304 1351 1361 1404 in
1405 1353 1618 1418 castra,
1654 1374 1675 1402 ι
1705 1367 1831 1421 quae

178 1440 424 1493 Mennim
459 1439 732 1494 llebraice
763 1437 1075 1511 leguntur:
1113 1439 1170 1493 in
1199 1456 1315 1510 quo
1350 1438 1473 1494 loco
1511 1438 1664 1494 obvii
1709 1439 1831 1494 fue-

179 1533 320 1582 runt
368 1526 561 1599 angeli
611 1527 710 1583 Dei
755 1527 956 1594 Jacob,
1009 1528 1162 1583 sicut
1214 1528 1271 1582 in
1321 1528 1530 1583 Genesi
1581 1526 1829 1599 legitur:

180 1640 208 1665 ‹‹
245 1617 311 1670 Et
336 1616 562 1671 vocavit
597 1616 774 1671 Jacoh
808 1633 1017 1671 nomen
1061 1615 1168 1670 loci
1195 1617 1471 1682 Manaim,
1515 1616 1568 1671 id
1613 1620 1702 1672 est
1738 1633 1832 1672 ca-

179 1710 306 1760 stra
344 1726 371 1753 ››
415 1706 572 1772 (Gen.
615 1721 790 1774 xxxu,
832 1705 908 1776 2).

254 1793 442 1863 (Vers.
482 1794 598 1859 25.)
640 1815 667 1842 «
710 1799 927 1848 Amasa
965 1798 1161 1848 autem
1204 1798 1328 1849 erat
1371 1793 1525 1849 filius
1566 1793 1693 1860 viri,
1730 1793 1830 1864 qui

1946 646 2105 694 xerat
2144 641 2339 696 enim:
2382 642 2507 696 Non
2549 643 2732 697 habeo
2776 643 2980 712 filium,
3022 648 3077 697 et
3118 643 3225 697 hoc
3265 644 3373 698 erit
3406 645 3590 699 moni-

1944 734 2206 784 mentum
2251 730 2504 786 nominis
2545 731 2692 786 mei:
2719 731 3055 802 vocavitque
3089 732 3322 786 titulum
3352 732 3590 788 nomine

1942 836 2068 884 suo,
2112 822 2169 872 et
2208 818 2494 889 apellatur
2526 837 2736 874 manus
2777 819 3068 887 Absalom,
3105 835 3290 892 usque
3329 820 3386 874 in
3428 819 3588 876 hunc

1943 906 2118 960 diem.
2165 929 2192 956 ››
2238 907 2337 963 uie
2376 906 2538 963 locus
2578 908 2862 980 superiori
2904 907 3028 964 loco
3069 908 3430 980 copulandus
3469 913 3580 978 est,

1943 995 2037 1049 ubi
2081 996 2294 1051 dicitur
2326 997 2492 1067 (Vers.
2537 997 2667 1062 lvi):
2717 1021 2737 1046 ι
2779 997 2939 1052 Tulit
2993 997 3136 1053 Joab
3195 1003 3313 1054 tres
3354 997 3588 1054 lanceas

1942 1085 1999 1138 in
2032 1101 2205 1139 manu
2239 1102 2366 1153 sua,
2401 1089 2456 1141 et
2492 1085 2681 1140 infixit
2710 1102 2807 1142 eas
2840 1086 2896 1140 in
2929 1087 3101 1142 corde
3131 1085 3424 1156 Absalom,
3449 1103 3586 1143 cum

1941 1173 2132 1228 adhuc
2171 1173 2480 1246 palpitaret
2539 1173 2763 1229 haerens
2840 1175 3103 1247 quercui.
3147 1197 3173 1223 »
3254 1175 3528 1230 Hebrzeus
3569 1193 3584 1232 :

1947 1285 1968 1311 ι
2014 1260 2156 1317 Cum
2197 1262 2387 1317 adhuc
2426 1263 2642 1318 viveret
2679 1263 2902 1318 haerens
2960 1263 3017 1317 in
3060 1279 3346 1335 quercu.»
3386 1265 3455 1320 Et
3492 1263 3590 1320 hic

1934 1350 2303 1422 jungendum
2341 1355 2464 1407 est:
2511 1373 2536 1400 ‹‹
2582 1351 2753 1406 Porro
2801 1351 3077 1407 Absalom
3126 1357 3385 1408 erexerat
3438 1351 3574 1421 sibi,

1942 1454 2075 1492 cum
2107 1439 2298 1494 adhuc
2330 1440 2560 1507 viveret,
2593 1439 2831 1494 titulum
2863 1440 2960 1511 qui
2992 1445 3078 1495 est
3113 1439 3171 1494 in
3186 1440 3333 1496 valle
3354 1441 3533 1514 regis,
3559 1461 3589 1491 »

1943 1530 1999 1581 et
2046 1531 2250 1582 caetera
2309 1545 2433 1598 quae
2475 1535 2822 1599 sequuntur.
2857 1529 3119 1584 Tradunt
3183 1529 3402 1584 Hebraei
3435 1529 3592 1601 quod

1943 1614 2242 1686 depositus
2265 1616 2336 1670 de
2359 1633 2576 1687 quercu
2606 1617 2835 1688 petierit
2853 1615 2963 1672 sibi
2987 1617 3254 1672 inducias
3273 1621 3590 1689 antequam

1942 1702 2346 1774 perimeretur,
2379 1709 2444 1758 ut
2476 1705 2687 1760 faceret
2719 1704 2828 1760 sibi
2860 1704 3096 1760 titulum
3131 1705 3203 1760 ob
3243 1705 3590 1762 memoriam

1942 1791 2057 1855 sui,
2092 1809 2157 1846 eo
2190 1792 2342 1863 quod
2377 1809 2491 1847 non
2523 1793 2762 1848 haberet
2795 1792 2978 1848 filium
3030 1793 3230 1861 talem,
3284 1793 3384 1865 qui
3415 1809 3594 1865 regno

179 1882 503 1980 vocabatur
531 1880 842 1980 Jethra‘de
880 1881 1149 1980 learaele.
1196 1904 1222 1929 »
1248 1883 1329 1980 Ila
1379 1881 1657 1980 Heb‘raico
1697 1879 1832 1952 legi-
1865 1918 1908 1980 Β
1941 1880 2164 1979 dignus
2187 1885 2360 1980 esset.
2402 1882 2650 1937 Putabat
2679 1882 2835 1980 enim
2870 1881 3021 1980 filios
3060 1899 3199 1938 suos
3246 1899 3361 1938 non
3394 1882 3585 1938 solum

179 1970 313 2025 lur:
342 1969 527 2025 Jethra
567 1969 879 2026 Ismaelites.
933 1969 1095 2025 Unde
1151 1974 1209 2025 et
1247 1970 1303 2024 in
1345 1969 1829 2041 Paralipomenon

179 2062 263 2115 ita
297 2059 546 2131 legitur:
582 2083 606 2108 ‹‹
645 2058 866 2131 Abigail
901 2063 1094 2114 autem
1136 2059 1341 2129 genuit
1379 2066 1618 2125 Amasa,
1662 2059 1832 2129 cujus

177 2155 347 2222 pater
377 2148 484 2204 fuit
543 2148 743 2204 Jetber
801 2147 1120 2203 Ismaelites
1182 2148 1225 2218 (I
1284 2148 1476 2203 Paral.
1538 2164 1597 2218 ιι,
1662 2147 1767 2215 17).
1805 2169 1832 2195 ››

185 2238 506 2294 lsmaelites
545 2237 701 2292 enim
744 2237 898 2292 idem
959 2237 1159 2292 Jetber
1196 2241 1459 2307 vocatur,
1504 2236 1640 2308 quia
1679 2235 1835 2291 illius

178 2330 311 2398 ejus
351 2328 584 2393 Amasa,
609 2341 785 2398 opera
805 2325 1070 2381 Ismaelis
1092 2325 1380 2392 imitatus,
1409 2325 1586 2380 David
1613 2324 1835 2397 fugien-

178 2424 300 2472 tem
343 2432 714 2487 nequaquam
774 2419 863 2470 est
919 2414 1230 2470 comitatus
1284 2415 1375 2470 cui
1435 2415 1700 2470 dixerat:
1738 2415 1836 2469 Tui

179 2523 392 2574 sumus,
435 2521 464 2561 ο
525 2503 721 2571 David,
781 2510 837 2559 et
894 2508 1069 2558 tecum
1108 2503 1218 2572 filii
1272 2504 1380 2560 [sui
1419 2505 1466 2574 (I
1501 2503 1688 2558 Paral.
1730 2519 1832 2573 xn,

185 2597 296 2666 18).
332 2596 394 2650 In
426 2593 575 2649 libro
604 2609 737 2648 vero
768 2591 1059 2649 Samuelis
1089 2591 1304 2647 idcirco
1333 2593 1536 2648 Jetbra
1566 2591 1835 2648 Jezraeli-

183 2690 272 2739 tes
303 2687 559 2750 vocatur,
593 2683 733 2754 quia
763 2687 1063 2754 peccatum
1102 2687 1325 2736 Amasze
1357 2681 1461 2735 filii
1495 2683 1641 2752 ejus,
1679 2681 1834 2753 quod

182 2775 244 2828 in
277 2772 453 2828 David
488 2775 916 2844 perpetraverat
943 2769 1108 2839 Joab,
1141 2787 1298 2835 eum,
1330 2769 1388 2824 id
1421 2773 1509 2824 est
1549 2774 1832 2826 Amasum

184 2861 545 2933 percutiente
575 2860 832 2915 deletum
865 2864 974 2914 est.

265 2948 449 3022 (Ibid).
484 2972 510 2999 ‹‹
546 2948 651 3013 Qui
685 2949 988 3021 ingressus
1013 2951 1102 3002 est
1133 2947 1204 3001 ad
1230 2945 1457 3019 Abigail
1490 2945 1837 3003 filiamNaas

184 3055 450 3094 sororem
490 3037 722 3093 Sarviae.
768 3058 794 3086 »
838 3036 990 3092 Naas
1014 3037 1430 3107 interpretatur
1469 3035 1709 3092 coluber.
1745 3036 1836 3090 Id-

183 3129 340 3184 circo
371 3127 629 3197 coluber,
663 3126 800 3198 quia
833 3124 1058 3181 nullum
1114 3124 1424 3180 admisisse
1466 3125 1834 3180 mortiferum

185 3217 528 3290 perhibetur
556 3220 879 3289 peccatum,
915 3214 1025 3270 nisi
1058 3215 1110 3268 in
1163 3214 1318 3286 quod
1367 3212 1730 3286 originaliter
1765 3215 1836 3268 de

184 3285 455 3378 serpente
482 3285 724 3376 antiquo
755 3303 1061 3359 contraxit.
1115 3285 1212 3358 Est
1237 3303 1414 3358 etiam
1465 3285 1616 3358 Naas
1649 3301 1750 3373 qui
1780 3306 1837 3358 et
1864 3285 1904 3350 (ἶ

189 3394 302 3450 Isai
334 3399 498 3466 pater
527 3393 726 3461 David,
761 3393 914 3448 sicut
961 3392 1017 3446 in
1072 3391 1555 3464 Paralipomenon
1596 3392 1836 3447 demon-

187 3487 448 3538 stratur:
482 3483 602 3548 ubi,
629 3481 988 3537 enumeratis
1019 3480 1155 3536 filiis
1188 3480 1318 3548 Isai,
1352 3481 1582 3552 legitur,
1606 3495 1838 3552 quorum

184 3589 401 3629 sorores
453 3575 675 3644 [uerum
721 3570 917 3626 Sarvia
955 3575 1005 3626 et
1044 3570 1262 3642 Abigail
1303 3570 1350 3641 (1
1387 3570 1578 3626 Paral.
1622 3587 1685 3637 ιι,
1726 3569 1836 3639 16).

260 3661 446 3730 (Vers.
478 3661 593 3732 27).
632 3685 652 3709 σι
689 3661 951 3733 Cumque
999 3658 1254 3714 venisset
1297 3659 1476 3713 David
1527 3658 1586 3713 in
1629 3663 1838 3727 castra,

185 3751 246 3806 id
307 3755 398 3806 est
454 3749 514 3805 in
571 3748 865 3805 Manaim:
925 3748 1062 3804 Sobi
1125 3747 1284 3803 filius
1347 3747 1497 3804 Naas
1559 3747 1629 3802 de
1688 3747 1839 3803 Rab-

188 3839 331 3898 batb
373 3839 628 3896 filiorum
667 3841 939 3905 Ammon,
975 3862 1002 3888 ››
1044 3843 1152 3895 etc.
1197 3839 1309 3894 Iste
1349 3837 1484 3893 Sobi
1528 3837 1683 3894 filius
1733 3837 1845 3892 fuit

189 3931 346 3986 Naas
387 3929 563 4002 regis,
606 3946 738 3985 cum
781 3946 895 4001 quo
937 3928 1218 4001 pugnavit
1271 3927 1431 3983 Saul.
1499 3929 1626 3999 Ipse
1665 3926 1842 3982 etiam

189 4019 347 4075 Naas
383 4018 514 4074 fecit
545 4017 1004 4075 misericordiam
1037 4034 1170 4073 cum
1204 4017 1404 4083 David,
1442 4017 1676 4089 quando
1695 4015 1846 4088 fugit

191 4108 402 4165 afacie
475 4107 653 4165 Saul:
696 4125 810 4179 quo
887 4112 1117 4162 mortuo
1169 4107 1314 4160 dixit
1389 4105 1568 4161 David
1625 4107 1847 4159 Faciam

190 4197 634 4254 misericordiam
706 4214 831 4253 cum
905 4201 1081 4266 Anon,
1158 4196 1302 4250 sicut
1374 4196 1503 4266 fecit
1533 4193 1693 4266 pater
1731 4194 1848 4264 ejus

201 4288 348 4344 Naas
383 4304 595 4343 mecum
634 4288 682 4357 (Ι
745 4287 935 4343 Parui.
974 4303 1090 4353 χιχ,
1130 4285 1207 4356 2).
1253 4285 1604 4356 Interempto
1645 4299 1775 4338 vero
1816 4299 1850 4338 a

199 4377 382 4432 David
411 4383 596 4443 Anon,
632 4377 731 4449 qui
763 4377 813 4431 ei
847 4377 907 4431 in
939 4374 1312 4431 decalvandis
1344 4373 1527 4429 servis
1556 4371 1678 4428 suis
1700 4371 1849 4442 iniu-

193 4467 344 4522 riam
387 4465 617 4532 fecerat,
659 4465 1012 4522 constitutus
1052 4468 1132 4520 est
1179 4464 1251 4520 ab
1291 4463 1496 4520 eodem
1573 4460 1749 4518 David
1789 4460 1847 4515 in

193 4555 323 4611 loco
381 4555 575 4611 fratris
609 4555 719 4612 iste
757 4555 914 4620 Sobi,
957 4553 1056 4626 qui
1097 4553 1167 4609 ad
1209 4552 1386 4608 David
1427 4551 1643 4623 legitur
1715 4565 1848 4606 cum

195 4645 421 4701 caeteris
459 4645 708 4713 venisse,
759 4647 815 4700 et
865 4643 1172 4711 stratoria,
1234 4649 1291 4697 et
1329 4640 1564 4713 tapetia,
1621 4642 1678 4695 et
1714 4654 1852 4695 vasa
1882 4656 1926 4721 D
1960 4639 2109 4690 rant.
2142 4634 2301 4700 Quod
2335 4649 2468 4690 vero
2501 4634 2619 4689 ait:
2657 4657 2684 4683 ‹‹

197 4733 402 4789 ﬁctilia
439 4739 496 4789 et
534 4738 738 4790 cetera
777 4749 902 4805 qua:
935 4737 1263 4804 sequuntur
1281 4731 1331 4787 ei
1354 4730 1662 4786 obtulisse.

271 4823 431 4896 (Cap.
468 4823 664 4878 XVIII.
699 4853 766 4864 -—-
793 4826 956 4879 Vers.
991 4823 1069 4894 8.)
1111 4845 1139 4872 «
1181 4820 1309 4877 Fuit
1349 4824 1543 4876 autem
1584 4819 1663 4875 ibi
1707 4833 1850 4891 pras-

196 4913 342 4968 lium
367 4913 695 4984 dispersum
722 4929 898 4986 super
926 4911 1128 4969 faciem
1151 4910 1342 4966 omnis
1367 4913 1551 4965 terrae.
1576 4908 1640 4963 Et
1665 4906 1850 4963 multo

199 5000 399 5072 plures
424 5004 592 5055 erant
621 5016 769 5071 quos
803 4999 989 5056 saltus
1018 5001 1466 5070 consumpserat
1512 4997 1582 5050 de
1617 4993 1849 5069 populo,

200 5106 379 5162 quam
410 5089 470 5144 hi
505 5105 654 5161 quos
686 5093 988 5144 voraverat
1018 5087 1250 5160 gladius
1283 5088 1340 5141 in
1373 5084 1544 5140 bello.
1583 5107 1609 5134 ››
1632 5083 1854 5140 Staltus

201 5180 297 5234 hic
328 5179 425 5250 qui
449 5179 646 5251 plures
669 5180 1130 5251 consumpsisse,
1156 5193 1331 5249 quam
1355 5174 1850 5249 gladiusvorasse,

200 5267 437 5341 legitur,
468 5267 688 5324 bestias
741 5267 1152 5335 ferocissimas,
1220 5282 1348 5338 quae
1380 5265 1438 5319 in
1507 5263 1656 5320 saltu
1689 5266 1856 5319 erant

202 5357 427 5414 Hebrmi
495 5363 827 5425 autumant,
883 5375 916 5413 a
973 5357 1190 5429 quibus
1248 5356 1446 5428 plures
1516 5352 1850 5424 consumpti

201 5462 382 5520 quam
413 5465 449 5503 a
479 5447 675 5520 gladio
706 5446 885 5502 vorati
923 5446 1156 5500 fuerint.

277 5537 601 5608 (Vers.l8.)
640 5561 667 5587 «
714 5537 884 5592 Porro
923 5535 1194 5591 Absalom
1237 5539 1494 5590 erexerat
1541 5531 1670 5599 sibi,
1715 5546 1847 5586 cum

1944 1985 2118 2040 regno
2150 1959 2442 2040 indignos,
2492 1986 2691 2025 verum
2742 1971 2917 2025 etiam
2965 1971 3036 2025 ob
3081 1975 3383 2042 peccatum
3417 1986 3593 2028 suum

1943 2059 2093 2128 quod
2129 2057 2186 2112 in
2221 2062 2443 2129 patrem
2496 2064 2777 2130 gesserat,
2829 2059 3096 2131 praesenti
3140 2060 3260 2116 vita
3291 2060 3588 2133 indignos.

1944 2148 2006 2202 In
2039 2163 2152 2218 quo
2183 2145 2350 2202 titulo
2382 2163 2624 2202 manum
2655 2147 2869 2203 dicitur
2915 2147 3204 2216 defixisse,
3256 2154 3312 2203 et
3341 2149 3592 2221 figuram

1946 2252 2153 2290 manus
2204 2253 2322 2291 sua:
2369 2235 2746 2307 expressisse,
2798 2241 2855 2291 et
2900 2236 2970 2290 ob
3020 2235 3126 2290 hoc
3193 2237 3427 2293 titulum
3478 2238 3588 2295 hoc

1945 2325 2117 2380 modo
2148 2325 2374 2379 vocari:
2410 2347 2437 2373 «
2488 2323 2840 2396 Vocavitque
2889 2324 3126 2381 titulum
3184 2326 3421 2381 nomine
3453 2342 3588 2396 suo,

1943 2418 1999 2469 et
2062 2412 2391 2486 appellatur
2465 2431 2676 2469 manus
2750 2413 3045 2474 Absalom,
3091 2431 3276 2486 usque
3317 2415 3375 2469 in
3423 2415 3583 2472 hunc

1945 2501 2178 2557 diem.»
2220 2501 2379 2566 Quod
2422 2519 2552 2558 vero
2610 2501 2823 2574 legitur
2879 2504 3036 2574 (vers.
3098 2505 3223 2573 l7):
3269 2527 3295 2552 «
3340 2504 3407 2558 Et
3446 2519 3593 2576 pro-

1937 2593 2206 2662 jecerunt
2235 2607 2370 2646 eum
2422 2591 2479 2645 in
2545 2590 2759 2646 saltum
2795 2591 2852 2646 in
2919 2592 3139 2646 foveam
3180 2591 3484 2663 grandem,
3525 2595 3585 2648 et

1945 2683 2453 2750 comportaverunt
2484 2694 2659 2750 super
2684 2695 2816 2734 eum
2849 2696 3116 2734 acervum
3166 2679 3430 2751 lapidum
3461 2695 3588 2736 ma-

1946 2783 2127 2840 gnum
2158 2766 2374 2834 nimis;
2410 2789 2438 2816 ››
2469 2767 2790 2839 projectum
2842 2785 2975 2823 eum
3007 2768 3063 2822 in
3116 2767 3328 2823 saltum
3363 2768 3590 2824 Hebmi

1947 2857 2167 2923 dicunt,
2197 2872 2262 2911 eo
2293 2856 2446 2927 quod
2475 2855 2668 2928 gladio
2695 2861 3050 2928 peremptus,
3085 2855 3380 2929 lapidibus
3428 2855 3596 2912 obrui

1946 2945 2212 3000 deberet:
2249 2945 2464 3017 quippe
2493 2945 2632 3016 quia
2677 2943 3166 3001 sceleratissimus
3215 2950 3357 3014 erat,
3409 2949 3466 3001 et
3493 2960 3595 3017 ge-

1948 3035 2118 3088 mina:
2151 3033 2273 3088 neci
2305 3033 2611 3100 obnoxius,
2645 3033 2867 3088 scilicet
2897 3034 2995 3105 qui
3030 3039 3085 3088 et
3117 3038 3337 3105 patrem
3390 3037 3596 3090 contra

1947 3122 2091 3194 legis
2116 3126 2462 3194 praeceptum
2487 3121 2652 3178 valde
2673 3123 3137 3188 debonorarit,et
3160 3121 3588 3193 turpitudinem

1947 3213 2075 3282 ejus
2108 3211 2395 3266 revelarit.

2014 3300 2200 3373 (Vers.
2233 3300 2347 3372 20.)
2380 3323 2408 3350 «
2457 3301 2544 3355 Ad
2591 3316 2762 3372 quem
2813 3299 2978 3367 Joab,
3031 3299 3087 3354 id
3135 3303 3223 3354 est
3255 3299 3587 3368 Achimaas,

1947 3390 2127 3446 dixit:
2162 3389 2284 3446 Non
2317 3389 2432 3445 eris
2459 3389 2702 3446 nuntius
2744 3390 2801 3444 in
2856 3389 2965 3444 hac
2996 3389 3109 3454 die,
3158 3388 3256 3444 sed
3289 3387 3595 3444 nuntiabis

1948 3481 2004 3535 in
2038 3479 2169 3535 alia.
2206 3478 2383 3534 Hodie
2423 3478 2552 3534 nolo
2603 3483 2659 3533 te
2704 3479 2996 3533 nuntiare.
3031 3477 3208 3532 Filius
3255 3477 3410 3532 enim
3440 3475 3596 3549 regis

1950 3573 2217 3625 mortuus
2267 3572 2374 3623 est.
2434 3590 2461 3617 »
2509 3572 2589 3624 Ac
2637 3567 2685 3623 si
2736 3566 3158 3623 diceretzNolo
3227 3571 3292 3620 ut
3320 3566 3406 3620 vir
3434 3565 3597 3636 talis,

1951 3655 2142 3728 qualis
2174 3660 2234 3710 tu
2267 3671 2349 3720 es,
2383 3655 2657 3710 nuntium
2689 3656 2838 3710 teras
2888 3655 3028 3726 regi,
3077 3653 3231 3726 quod
3279 3653 3438 3707 filius
3469 3652 3600 3723 ejus

1953 3750 2219 3800 mortuus
2267 3744 2364 3798 sit.
2417 3744 2530 3798 Nec
2595 3742 2749 3798 enim
2808 3744 2969 3798 decet
3019 3748 3079 3797 ut
3153 3743 3267 3797 tale
3325 3740 3603 3796 nuntium

1953 3837 2165 3907 portes.
2200 3832 2416 3888 Idcirco
2448 3831 2592 3886 dixit
2627 3831 2802 3887 Chusi
2832 3849 2844 3887 :
2880 3854 2905 3880 ‹‹
2937 3831 3116 3897 Vade,
3141 3834 3197 3885 et
3236 3829 3447 3884 nuntia
3474 3828 3600 3901 regi

1954 3941 2080 3996 quae
2111 3921 2327 3977 vidisti.
2364 3943 2390 3967 ιι
2424 3921 2756 3976 Notandum
2791 3921 2942 3993 quod
2981 3921 3037 3975 in
3094 3919 3202 3974 hoc
3241 3917 3364 3974 loco
3397 3916 3602 3988 Chusi,

1957 4029 2066 4068 non
2101 4011 2422 4084 proprium,
2456 4010 2554 4066 sed
2588 4008 3001 4082 appellativum
3039 4008 3112 4064 sit
3157 4024 3390 4074 nomen,
3442 4011 3525 4060 Ac
3555 4003 3607 4062 si

1957 4102 2201 4156 diceret:
2234 4101 2316 4156 Tu
2350 4117 2412 4156 es
2442 4101 2656 4173 dignus
2687 4103 2750 4155 ut
2773 4099 3044 4154 nuntium
3072 4097 3414 4168 flebile(non
3443 4093 3607 4152 Achi-

1957 4190 2143 4259 maas)
2178 4193 2392 4260 portes.

2027 4279 2185 4350 (Cap.
2238 4277 2382 4332 XIX.
2434 4309 2502 4319 —-
2541 4277 2703 4334 Vers.
2756 4277 2831 4348 8).
2890 4299 2915 4326 ι-ι
2965 4275 3255 4347 Venitque
3297 4274 3608 4330 universus

1958 4367 2210 4440 populus
2240 4382 2436 4423 coram
2477 4383 2609 4439 rege
2638 4383 2650 4422 :
2687 4365 2861 4422 Israel
2896 4370 3092 4421 autem
3125 4365 3276 4437 fugit
3317 4363 3374 4419 in
3406 4362 3609 4418 taber-

1959 4455 2168 4513 nacula
2199 4473 2324 4512 sua.
2363 4479 2388 4505 n
2433 4455 2751 4512 Universus
2795 4453 3045 4528 populus
3095 4453 3196 4526 qui
3245 4469 3439 4508 coram
3471 4465 3610 4524 rege

1957 4545 2186 4602 venisse
2216 4544 2447 4617 legitur,
2479 4545 2537 4599 hi
2569 4549 2710 4600 sunt
2738 4545 2836 4616 qui
2889 4560 3022 4598 cum
3073 4542 3246 4598 David
3282 4553 3612 4614 permanse-

2739 4632 2915 4688 Israel
2952 4632 3098 4704 fugit
3134 4632 3192 4685 in
3233 4627 3612 4686 tabernacula

1961 4741 2087 4790 sua,
2125 4745 2150 4771 ιι
2183 4722 2242 4776 hi
2269 4721 2632 4793 intelligendi
2667 4728 2824 4792 sunt,
2871 4721 2972 4793 qui
3004 4737 3136 4775 eum
3176 4719 3448 4775 Absalom
3480 4732 3612 4790 per-

1963 4812 2285 4869 duelliones
2311 4811 2678 4867 exstiterant.

2033 4902 2216 4974 (Vers.
2244 4901 2359 4972 24.)
2391 4922 2416 4948 ‹‹
2447 4898 2841 4972 Miphiboseth
2874 4915 3108 4970 quoque
3139 4898 3296 4954 ﬁlius
3324 4895 3615 4953 Jonathan

1964 4989 2266 5047 descendit
2298 4991 2353 5043 in
2387 5003 2700 5043 occursum
2758 4987 2908 5058 regis
2949 4986 3127 5042 illotis
3183 4985 3502 5052 pedibus.»
3548 4981 3620 5040 Et

1965 5080 2288 5136 notandum
2322 5077 2474 5149 quod
2500 5076 2557 5131 in
2592 5076 2830 5131 l-lebrzro
2862 5093 2972 5131 non
3007 5075 3183 5130 illotis
3207 5074 3454 5146 pedibus
3477 5071 3618 5146 legi-

1963 5176 2078 5235 tur,
2125 5169 2247 5239 sed,
2296 5166 2522 5238 pedibus
2561 5167 2774 5236 infectis
2803 5166 2879 5234 (a)
2933 5165 3166 5219 Fecerat
3213 5179 3464 5232 namque
3503 5158 3618 5216 sibi

1964 5261 2120 5315 idem
2152 5255 2544 5329 Miphiboseth
2580 5253 2803 5325 ligneos
2837 5253 3030 5325 pedes,
3069 5251 3284 5323 quibus
3329 5249 3410 5304 uti
3443 5248 3615 5321 quasi

1965 5366 2066 5421 pro
2100 5344 2468 5402 naturalibus
2499 5343 2756 5400 solebat:
2793 5343 2944 5397 sicut
2977 5340 3163 5396 solent
3189 5340 3374 5395 facere
3396 5336 3613 5409 claudi,

1965 5435 2464 5510 quemadmodum
2497 5437 2555 5488 et
2583 5431 2680 5486 ille
2711 5437 2855 5486 erat.

2035 5528 2220 5597 (Vers.
2252 5526 2368 5592 29.)
2399 5546 2425 5573 ‹‹
2448 5521 2596 5586 Quid
2621 5519 2772 5576 ultra
2793 5517 3044 5591 loqueris
3062 5521 3086 5570 .9
3107 5517 3308 5572 Fixum
3330 5519 3420 5572 est
3447 5514 3604 5590 quod

277 5754 358 5829 (α)
387 5757 574 5811 Penes
607 5753 852 5822 Raban.,
917 5752 1145 5828 pedibus
1211 5751 1465 5833 inﬂexis;
1525 5741 1660 5805 tum
1693 5747 1830 5806 idem
1896 5743 2265 5819 Miphiboseth,
2332 5743 2390 5796 ut
2455 5738 2674 5797 Hebrwi
2703 5735 2947 5802 tradunt,
3017 5735 3224 5806 ligneos
3269 5731 3585 5810 pedamew.
