3970 6380
382 370 577 481 ,ωδ
1378 416 1381 419 -
1408 417 1413 421 -
1909 383 2321 455 ΑΡΡΕΝῇιΧν.
2672 402 2677 405 -
3662 381 3814 444 uss

379 517 650 597 _locutus
672 518 926 582 sum.Tu
947 521 1003 575 et
1032 517 1169 583 Siba
1201 517 1441 593 dividite
1470 517 1897 593 possessiones.
1932 539 1959 565 ι»
2001 516 2062 581 In
2092 518 2149 582 Α
2176 518 2463 572 novissimi
2499 516 2681 587 (ibid.)
2702 520 2727 569 ?
2756 515 3033 574 Hebraeus
3054 534 3071 570 :
3105 514 3214 570 Cur
3248 516 3380 570 estis
3433 515 3721 571 novissimi
3744 512 3813 569 ad

379 678 391 685 ο
420 608 654 671 Hebraeo
702 609 786 663 ita
838 607 1053 683 legitur
1087 625 1101 663 :
1157 630 1185 659 ‹‹
1235 608 1355 662 Dixi
1400 613 1464 663 tu
1512 612 1570 663 et
1621 606 1760 677 Siba
1826 605 2064 661 dividite
2171 605 2539 665 reducendum
2567 621 2757 678 regem
2787 608 2848 661 in
2873 605 3091 661 domum
3120 621 3275 660 suam
3296 605 3409 659 γει
3436 603 3532 660 hic
3562 604 3814 673 subjun-

418 714 647 769 agrum.
686 720 711 744 ››
745 701 853 751 Pro
878 712 944 751 eo
975 697 1129 769 quod
1161 696 1220 751 in
1252 695 1362 751 hoc
1392 695 1517 751 loco
1547 695 1722 751 David
1755 694 2066 750 immemor
2171 694 2427 766 gendum
2454 700 2563 764 est,
2595 696 2811 750 Fratres
2839 697 2949 750 mei
2976 710 3088 759 vos,
3120 708 3176 748 os
3209 710 3413 761 meum,
3464 697 3514 748 et
3542 708 3669 747 caro
3696 708 3816 747 mea

417 786 531 849 fuit
567 785 834 849 amicitiae
883 789 939 840 et
988 785 1240 853 foederis,
1287 785 1468 842 immo
1511 784 1856 857 juramenti,
1908 782 2061 854 quod
2170 798 2281 850 vos,
2330 799 2430 839 cur
2473 783 2757 839 novissimi
2803 783 3070 838 reducitis
3118 796 3295 849 regem
3347 772 3575 850 (Ibid)?
3603 781 3672 835 Et
3716 797 3819 851 per

419 873 624 931 habuit
651 890 785 930 cum
816 873 1148 930 Jouathan:
1184 877 1241 951 et
1279 878 1399 930 tam
1431 872 1664 945 crudele
1713 871 1873 931 dedit
1902 870 2063 943 judi-
2173 888 2243 927 ea
2272 870 2713 944 intelligendum
2744 876 2835 928 est
2864 873 2955 941 (c),
2990 872 3302 937 mandasse
3331 870 3609 942 illisquod
3627 885 3817 925 sermo

418 962 598 1029 cium,
630 962 830 1035 dicens
859 980 873 1018 :
902 985 930 1013 ‹‹
961 962 1046 1017 Tu
1098 968 1155 1037 et
1182 962 1318 1041 Siba
1353 962 1590 1037 dividite
1620 977 1828 1034 agrum
1854 978 1867 1016 :
1917 982 1945 1011 ››
1970 960 2065 1021 id-
2173 960 2367 1016 omnis
2400 959 2574 1016 Israel
2604 961 2674 1015 ad
2701 977 2836 1015 eum
2859 961 2986 1031 jam
3032 960 3411 1032 pervenisset,
3466 960 3549 1013 ita
3577 959 3817 1014 dicens:

417 1050 574 1111 circo
605 1051 863 1107 Roboam
886 1055 942 1108 et
961 1051 1275 1123 Joroboam
1298 1051 1626 1107 diviserunt
1644 1050 1773 1120 eius
1791 1065 2062 1123 regnum.

389 1139 811 1217 .Miphiboseth
843 1140 1000 1197 enim
1029 1139 1089 1195 in
1122 1138 1413 1197 Samuelis
1442 1138 1591 1195 libro
1621 1139 1875 1215 legitur;
1908 1142 1966 1194 et
1986 1137 2067 1193 in-

418 1233 790 1305 terpretatur,
847 1244 905 1285 os
966 1230 1311 1287 verecundia?
1374 1229 1480 1300 [ΑΙ.
1538 1227 1948 1299 verecundum).
2001 1227 2066 1291 In

2177 1071 2205 1099 ‹‹
2236 1051 2439 1111 Sermo
2472 1053 2668 1109 autem
2699 1049 2892 1106 omnis
2923 1048 3100 1105 Israel
3129 1047 3387 1121 pervenit
3433 1049 3503 1104 ad
3534 1063 3724 1119 regem
3758 1046 3818 1101 in

2175 1139 2350 1197 domo
2380 1139 2529 1210 ejus.

2244 1226 2426 1295 (Ibid)
2478 1249 2498 1275 ε
2552 1225 2767 1283 Durius
2814 1229 3005 1282 autem
3034 1226 3459 1298 responderunt
3519 1225 3622 1280 viri
3666 1225 3821 1279 Juda

421 1315 903 1389 Paralipomenon
943 1333 1076 1372 vero
1119 1317 1272 1372 idem
1337 1316 1752 1388 Miphiboseth,
1801 1312 2069 1395 Meribaul
2175 1316 2318 1378 viris
2351 1316 2545 1371 Israel.
2582 1339 2610 1365 ››
2644 1317 2712 1370 Et
2741 1316 2833 1369 hic
2884 1316 3143 1373 defectus
3184 1322 3293 1371 est.
3351 1314 3628 1371 Dicuntur
3656 1313 3815 1368 enim

420 1403 636 1476 legitur
665 1406 712 1473 (I
738 1406 868 1460 Par.
904 1421 1023 1470 vm,
1069 1406 1177 1470 34;
1231 1423 1308 1473 1x,
1359 1407 1469 1473 40).
1521 1413 1577 1460 et
1629 1406 2067 1476 interpretatur.

419 1495 645 1569 litigans
672 1510 795 1550 cum
837 1494 1111 1550 Altissimo
1157 1496 1255 1566 (α).
1290 1494 1578 1566 Ditigasse
1606 1494 1763 1553 enim
1796 1511 1931 1553 cum
1974 1491 2071 1548 Al-

393 1583 674 1649 .tissimo,
708 1582 766 1637 id
799 1588 888 1639 est
935 1600 1067 1641 cum
1115 1584 1252 1647 Deo,
1303 1582 1550 1639 dicitur:
1582 1600 1648 1639 eo
1704 1582 1858 1654 quod
1891 1582 2068 1638 David

422 1671 749 1729 reduxisset
776 1688 909 1727 eum
950 1688 1090 1744 pace
1146 1677 1209 1728 Et
1256 1671 1413 1743 quod
1460 1671 1542 1727 ait
1595 1671 1750 1747 idem
1784 1670 2070 1743 Miphibo-

422 1759 552 1819 seth
585 1759 726 1833 regi,
754 1781 782 1809 «
831 1759 1006 1815 etiam
1043 1764 1256 1816 cuncta
1292 1759 1575 1832 accipiat:
1629 1762 1939 1831 postquam
1984 1776 2071 1815 re-

2179 1405 2552 1475 respoudisse
2580 1404 2688 1460 viri
2709 1405 2863 1459 Juda
2885 1405 2955 1458 ad
2978 1404 3132 1459 viros
3157 1404 3325 1459 Israel
3354 1420 3366 1457 :
3391 1419 3457 1457 co
3479 1402 3627 1474 quod
3659 1418 3823 1456 men-

2178 1494 2448 1562 tirentur,
2481 1497 2538 1549 et
2560 1510 2673 1549 non
2699 1493 2953 1549 lacerent
2972 1491 3080 1549 hoc
3099 1492 3172 1547 ob
3194 1508 3450 1549 amorem
3472 1492 3643 1564 regis,
3665 1491 3820 1545 sicut

2181 1582 2540 1639 asserebant.

2251 1671 2408 1744 (Cap.
2443 1670 2556 1726 ΧΧ.
2591 1703 2657 1711 —-
2692 1674 2853 1726 Vers.
2890 1670 2966 1742 l.)
3002 1692 3028 1719 ‹‹
3060 1670 3167 1729 Pro
3198 1670 3417 1741 quibus
3446 1669 3633 1725 verbis
3681 1667 3818 1723 Siba

2181 1759 2339 1816 filius
2372 1760 2556 1830 Bocri,
2588 1760 2677 1815 vir
2703 1760 3023 1830 Jemineus,
3055 1759 3263 1816 cecinit
3291 1758 3556 1822 buccina,
3603 1763 3660 1813 et
3697 1757 3814 1813 ait:

420 1865 626 1907 versus
672 1853 762 1905 est
821 1848 1099 1904 dominus
1142 1864 1311 1909 meus
1366 1864 1466 1905 rex
1512 1847 1572 1903 in
1620 1848 1864 1903 domum
1903 1863 2071 1903 suam
2101 1887 2149 1952 B
2180 1849 2308 1909 Non
2338 1854 2427 1911 est
2456 1850 2625 1904 nobis
2656 1866 2790 1921 pars
2837 1849 2897 1905 in
2941 1848 3143 1914 David,
3192 1863 3380 1920 neque
3425 1847 3728 1902 hereditas
3756 1846 3817 1901 in

425 1935 519 2010 [Al
578 1936 792 2007 meam]
824 1936 1062 2009 pacifica
1089 1955 1103 2006 ;
1138 1960 1168 1987 »
1200 1954 1317 1993 non
1346 1936 1455 1993 hoc
1485 1936 1701 1993 dixisse
1731 1936 2072 2008 suspicatur

424 2023 744 2099 gratulanti
768 2025 987 2094 animo,
1032 2026 1135 2081 sed
1185 2025 1514 2093 insultanti,
1569 2030 1627 2083 et
1674 2025 1841 2098 quasi
1873 2029 2073 2081 contra

424 2118 608 2171 Deum
667 2114 1099 2171 murmuranti:
1148 2130 1214 2171 eo
1261 2115 1416 2187 quod
1460 2114 1640 2175 David
1687 2113 1967 2170 Dominus
2014 2113 2072 2177 in

423 2219 567 2281 pace
596 2203 941 2259 reduxisset.

496 2291 681 2366 (Vers.
712 2292 804 2365 37)
828 2315 856 2344 ‹‹
889 2293 992 2349 Est
1023 2300 1217 2353 autem
1268 2308 1473 2350 servus
1510 2296 1649 2365 tuus
1696 2291 2011 2349 Chamaan.
2040 2313 2069 2342 »

399 2371 489 2453 In
530 2381 766 2438 Hebrazo
806 2404 835 2433 »
865 2397 876 2438 :
911 2386 1103 2438 «Ecce
1148 2398 1353 2438 servus
1394 2388 1533 2438 tuus
1576 2380 1917 2450 Chamaam,
1948 2380 2074 2453 ipse

423 2471 596 2533 vadat
627 2475 839 2539 tecum,
882 2471 1118 2529 domine
1156 2472 1234 2527 mi
1269 2489 1385 2528 rex.
1430 2470 1744 2527 Chamaam
1784 2470 2073 2542 interpre-

425 2564 604 2633 tatur,
635 2561 939 2633 suspirans.
989 2560 1258 2624 Quandiu
1307 2577 1440 2616 cum
1489 2563 1654 2632 patre
1687 2559 2071 2632 permansuit,

402 2650 733 2721 suspirans
778 2654 1017 2705 vocatus
1067 2653 1176 2705 est.
1227 2654 1545 2722 Postquam
1589 2664 1724 2705 vero
1764 2649 1824 2703 in
1863 2647 2072 2705 doclri-

406 2755 568 2795 Auam
598 2737 776 2793 David
808 2737 961 2809 regis
991 2736 1247 2806 transiit,
1281 2755 1398 2794 non
1430 2737 1749 2809 Chamuam,
1801 2738 1903 2794 sed
1936 2737 2074 2793 Cha-

426 2843 577 2883 naan
608 2868 625 2895 ,
699 2825 854 2898 quod
938 2824 1360 2898 interpretatur
1447 2826 1645 2898 ﬁdelis,
1749 2826 2076 2900 appellatus

433 2920 542 2975 est.

506 3003 692 3077 (Vers,
722 3003 813 3069 41,
844 3004 957 3076 42.)
992 3026 1021 3055 ι(
1067 3004 1269 3077 Itaque
1316 3022 1521 3062 omnes
1566 3004 1675 3061 viri
1724 3005 1901 3062 Israel
1939 3023 2077 3071 con-

433 3098 733 3152 currentes
764 3095 835 3149 ad
864 3109 1083 3166 regem,
1134 3095 1407 3151 dixerunt
1435 3094 1486 3151 ei
1514 3113 1526 3151 :
1579 3096 1764 3161 Quare
1810 3100 1870 3152 te
1903 3096 2078 3160 furati

410 3172 573 3243 .sunt
628 3182 840 3239 fratres
904 3183 1109 3253 nostri,
1178 3183 1284 3238 viri
1312 3183 1487 3254 Juda,
1554 3188 1611 3239 et
1656 3184 2080 3243 tranduxerunt

430 3289 629 3348 regem
660 3277 720 3328 et
744 3272 986 3328 domum
1019 3272 1148 3343 ejus
1178 3273 1519 3341 Jordanem,
1574 3289 1896 3346 omnesque
1924 3273 2078 3329 viros

433 3362 615 3419 David
663 3377 798 3417 cum
848 3377 916 3416 eo
936 3361 964 3415 ‘I
1013 3361 1078 3416 Et
1126 3361 1428 3434 respondit
1446 3362 1640 3431 omnis
1685 3362 1773 3418 vir
1827 3362 1981 3419 Juda
2008 3363 2079 3419 ad

433 3453 591 3509 viros
625 3449 835 3519 Israel:
869 3448 1014 3514 Quia
1042 3451 1278 3523 propior
1306 3458 1395 3525 est
1423 3451 1567 3513 mihi
1599 3468 1715 3508 rex.
1753 3474 1781 3501 ››
1803 3453 1905 3521 Est
1924 3453 2079 3508 enim

432 3541 527 3599 hic
558 3539 817 3596 defectus
863 3543 939 3609 et,
988 3539 1108 3594 haec
1157 3540 1530 3596 subauditio:
1567 3564 1595 3591 «
1649 3540 1719 3595 Et
1764 3539 1900 3613 plus
1947 3557 2079 3598 amo

404 3628 651 3704 Tregem,
683 3644 861 3705 quam
890 3632 976 3682 tu.
1010 3649 1038 3678 ››
1072 3629 1140 3684 Et
1168 3633 1302 3702 post
1329 3646 1535 3702 pauca.

499 3720 684 3793 (Vere,
720 3722 835 3794 43.)
999 3720 1328 3792 respondit
1414 3719 1501 3773 vir
1558 3718 1751 3787 Israel
1808 3719 1883 3774 ad
1923 3717 2078 3775 viros

406 3810 582 3885 ‘Juda
603 3816 660 3867 et
688 3812 806 3868 ait:
834 3812 1047 3869 Decem
1081 3808 1343 3883 partibus
1373 3825 1480 3882 ego
1517 3824 1652 3864 sum
1703 3809 1891 3879 maior
1921 3808 2075 3880 apud

426 3915 624 3974 regem
672 3901 979 3975 magisque
1003 3901 1075 3957 ad
1122 3916 1217 3955 me
1259 3898 1510 3971 pertinet
1556 3896 1753 3965 David,
1782 3914 1961 3969 quam
2003 3897 2074 3955 ad

396 3993 503 4066 ite.
539 4011 569 4038 »
601 3989 667 4045 In
699 3989 936 4047 Hebraeo
968 3990 1053 4046 ita
1090 3987 1340 4060 legitur:
1373 4007 1400 4036 α
1446 3984 1656 4043 Decem
1704 3989 1899 4066 partes
1933 3982 2077 4040 mihi

396 4064 568 4155 munt
595 4080 750 4150 apud
798 4095 1016 4153 regem,
1068 4077 1375 4150 magisque
1421 4090 1526 4148 ego
1567 4074 1627 4131 in
1683 4073 1854 4130 David
1894 4064 2074 4145 quam

425 4172 491 4222 tu
524 4188 552 4217 »
583 4166 793 4224 Decem
835 4185 971 4225 vero
1010 4170 1205 4240 partes
1236 4162 1412 4221 Israel
1443 4163 1730 4235 erant,(b),
1767 4162 1823 4219 id
1855 4168 1943 4219 est
1972 4163 2072 4219 de-

427 4271 555 4333 cem
586 4256 812 4329 tribus;
844 4263 903 4314 et
931 4256 1147 4317 idcirco
1178 4253 1368 4327 magis
1396 4270 1459 4317 se
1506 4253 1565 4309 in
1596 4253 1774 4321 David
1826 4268 1957 4317 esse
1983 4252 2071 4307 di-

408 4351 589 4421 cunt,
620 4363 799 4420 quam
830 4346 986 4405 viros
1031 4345 1223 4401 Juda:
1259 4364 1289 4394 ‹‹
1341 4342 1458 4413 Cur
1503 4341 1649 4398 mihi
1700 4341 1887 4399 fecisti
1917 4341 2071 4413 inju—

426 4434 576 4513 riem
600 4438 624 4491 Ρ
651 4457 681 4487 n
712 4436 835 4491 Viri
857 4433 1035 4492 Israel
1058 4432 1263 4491 fecisse
1284 4431 1400 4488 sibi
1424 4430 1701 4502 injuriam
1724 4434 2072 4502 queruntur,

394 4536 491 4589 -‘eo
510 4525 679 4599 ,quod
709 4540 825 4581 non
856 4522 1275 4596 exspectaverit
1304 4537 1406 4578 eos
1451 4521 1643 4593 tribus
1687 4520 1842 4576 Juda
1870 4520 1942 4576 ad
1983 4536 2072 4579 re-

396 4615 759 4689 ducendum
791 4629 985 4687 regem
1017 4630 1030 4668 :
1066 4635 1094 4663 ‹‹
1122 4612 1327 4668 Nonne
1355 4626 1548 4681 sermo
1571 4608 1919 4682 meusprior
1940 4609 2066 4680 fuit,
2102 4630 2146 4695 υ

396 4708 489 4767 ,ιιι
515 4706 852 4771 reducerem
904 4718 1099 4774 regem
1150 4700 1396 4757 meum?
1425 4722 1454 4751 »
1505 4699 1708 4756 Sermo
1754 4701 1882 4771 ejus
1913 4697 2070 4771 prior

420 4792 531 4848 fuit
560 4794 631 4848 ad
665 4793 1063 4848 reducendum
1097 4807 1291 4863 regem
1317 4807 1331 4846 :
1354 4789 1507 4847 sicut
1527 4790 1586 4844 in
1608 4788 2069 4860 praecedentibus

398 4883 860 4959 demonstratur
888 4883 944 4937 in
975 4898 1042 4937 eo
1066 4887 1209 4952 loco,
1242 4880 1343 4937 ubi
1381 4879 1635 4937 dicitur:
1667 4880 1854 4945 Sermo
1880 4879 2067 4932 autem

392 4974 595 5046 .omnis
625 4971 792 5026 Israel
821 4973 1067 5042 pervenit
1097 4970 1171 5027 ad
1198 4986 1381 5040 regem
1410 4970 1471 5024 in
1490 4968 1645 5023 domo
1674 4967 1793 5031 eius
1832 4967 1905 5037 (II
1940 4966 2066 5036 Reg.

395 5077 534 5133 -xxx,
569 5061 695 5133 ll);
728 5060 1099 5130 subauditur,
1146 5064 1211 5113 ut
1245 5075 1384 5115 eum
1417 5058 1793 5113 reducerent:
1827 5054 1983 5125 quod
2014 5057 2071 5108 et

404 5150 742 5223 majoribus
772 5155 910 5205 natu
939 5154 971 5204 J
981 5150 1093 5205 uda
1127 5148 1442 5204 mandasse
1475 5146 1650 5202 David
1683 5161 1786 5217 per
1805 5144 1987 5199 Sadoc
2013 5147 2070 5198 et

407 5238 704 5310 _Abiathar
732 5240 1063 5296 sacerdotes
1093 5238 1326 5312 legitur,
1361 5237 1467 5293 hoc
1489 5235 1684 5305 modo,
1709 5235 1946 5290 dicens:
1976 5233 2070 5288 Lo-

423 5329 661 5397 quimini
688 5331 766 5386 ad
788 5331 1024 5401 majores
1052 5333 1188 5383 natu
1215 5326 1383 5396 Juda,
1408 5327 1687 5381 dicentes:
1725 5323 1833 5378 Cur
1874 5324 2071 5378 venitis

421 5521 430 5542 ι
493 5505 572 5586 (a)
600 5510 759 5586 Meus
790 5525 925 5578 ms.,
966 5508 1218 5578 litigatus
1267 5522 1392 5562 cum
1456 5504 1751 5571 Altissimo.
1801 5506 2071 5577 Litigutus

421 5584 780 5794 θηξῖἑῇξάι,
808 5658 991 5719 partes
1020 5652 1135 5706 viro
1151 5650 1323 5706 Israel
1340 5655 1516 5719 erant,
1539 5651 1651 5704 etc.

492 5721 542 5787 (ο
592 5718 684 5779 Sic
715 5734 829 5777 ms.
860 5724 1044 5779 Antea
1072 5721 1233 5794 editi,
1264 5722 1329 5793 Et
1345 5721 1651 5794 posteqinta

492 5718 562 5794 (ο)
592 5718 684 5779 Sic
715 5718 829 5777 me.
860 5724 1044 5779 Antea
1072 5721 1233 5796 editi,
1264 5722 1329 5793 Et
1345 5718 1978 5796 posteiyintetligendum.

2179 1938 2300 1994 ﬁlio
2332 1938 2464 1997 lsai.
2497 1961 2525 1989 ››
2560 1938 2692 1995 Ideo
2723 1938 2934 1995 cecinit
2962 1936 3231 2007 buccina,
3265 1943 3329 1995 ut
3355 1939 3483 2008 ejus
3514 1936 3703 1993 sonitu
3737 1940 3820 1992 at-

2179 2026 2350 2082 toniti
2401 2030 2677 2082 tacerent.
2729 2025 2954 2091 Quibus
3000 2026 3350 2095 tacentibus,
3401 2024 3635 2080 dixit:«
3693 2023 3816 2081 Non

2179 2122 2271 2181 est
2298 2116 2469 2172 nobis
2498 2132 2635 2188 pars
2665 2115 2724 2170 in
2771 2113 2968 2183 David,
3020 2130 3211 2186 neque
3259 2113 3563 2173 hereditas
3610 2114 3670 2169 in
3702 2112 3819 2175 ﬁlio

2181 2207 2316 2269 Isai.
2341 2228 2373 2265 ii

2252 2294 2440 2365 (Vers.
2474 2293 2585 2365 48).
2620 2318 2647 2344 «
2683 2294 2886 2351 Sermo
2911 2292 3133 2348 dicitur.
3169 2292 3229 2349 in
3274 2292 3451 2347 veteri
3478 2290 3819 2364 proverbio:

2182 2384 2297 2450 Qui,
2321 2383 2701 2455 interrogant,
2735 2383 3095 2454 interrogent
3144 2380 3203 2436 in
3237 2381 3437 2453 Abela,
3491 2385 3547 2438 et
3573 2380 3657 2436 sic
3688 2396 3822 2451 pen-

2182 2474 2377 2529 ﬁcieut
2411 2474 2525 2540 [.11.
2577 2470 2931 2544 proﬁcient.)
2957 2493 2985 2521 ››
3018 2471 3081 2527 In
3129 2471 3366 2527 Hebraeo
3414 2487 3531 2525 non
3557 2469 3819 2540 habetur,

2178 2561 2482 2633 proverbio.
2517 2562 2631 2616 Iste
2660 2577 2872 2625 sermo,
2907 2576 3099 2616 sermo
3149 2560 3292 2632 legis
3342 2564 3448 2626 est,
3497 2558 3557 2614 in
3587 2575 3703 2631 qua
3724 2559 3822 2629 ju-

2183 2652 2353 2708 betur
2417 2668 2452 2706 a
2484 2650 2725 2705 Domino
2791 2667 2891 2722 per
2953 2650 3188 2722 Moysen
3258 2649 3428 2720 (Deut.
3470 2665 3561 2718 xx,
3608 2648 3710 2715 l0).
3757 2653 3824 2703 ut

2183 2739 2416 2813 quando
2446 2738 2522 2812 (ιι)
2551 2738 2873 2812 ingressuri
2917 2742 3131 2795 terram
3179 2737 3452 2795 Chanaan
3509 2741 3721 2805 essent,
3768 2741 3825 2794 et

2184 2834 2387 2902 gentes
2417 2827 2685 2898 deleturi,
2718 2828 2976 2900 primum
3009 2843 3211 2900 pacem
3233 2827 3505 2883 olferrent
3530 2845 3549 2882 :
3571 2831 3628 2882 et
3643 2825 3692 2882 si
3714 2842 3823 2897 pax

2185 2919 2256 2975 ab
2307 2917 2394 2974 eis
2443 2916 2812 2990 reciperetur,
2866 2934 3063 2989 pacem
3115 2916 3477 2989 recipientes,
3536 2914 3825 2972 tributarii

2185 3023 2389 3071 eorum
2417 3007 2825 3064 efficerentur:
2881 3012 2938 3062 et
2984 3006 3033 3063 si
3083 3021 3283 3078 pacem
3341 3022 3455 3060 non
3487 3005 3824 3076 reciperent,

2186 3103 2330 3155 tunc
2359 3114 2393 3153 a
2423 3095 2563 3151 ﬁliis
2596 3094 2768 3153 Israel
2817 3095 3165 3153 delerentur.
3216 3094 3435 3151 Idcirco
3472 3092 3826 3151 exclamasse

2190 3185 2404 3243 mulier
2432 3185 2667 3259 sapiens
2696 3186 2766 3240 de
2798 3184 3027 3241 civitate
3059 3185 3261 3241 fertur.
3310 3210 3323 3215 -

2261 3275 2447 3348 (Vere.
2485 3275 2597 3346 19.)
2631 3297 2658 3324 ‹‹
2692 3274 2896 3331 Nonne
2934 3289 3039 3346 ego
3069 3290 3202 3330 sum
3235 3291 3362 3346 quas
3392 3272 3706 3345 respondeo
3736 3289 3827 3328 ve-

2189 3364 2418 3422 ritatem
2448 3363 2694 3420 inIsrael
2719 3368 2805 3421 :et
2824 3368 2887 3419 tu
2909 3362 3122 3435 quaeris
3143 3364 3475 3419 subvertere
3499 3360 3831 3418 civitatem?

2188 3456 2375 3520 Quare
2406 3454 2736 3527 praecipites
2753 3453 3152 3509 hereditatem
3176 3452 3456 3508 Domini?
3484 3477 3507 3504 ι
3546 3458 3625 3506 Ac
3654 3451 3701 3507 si
3732 3451 3831 3505 di-

2188 3549 2343 3601 ceret
2368 3560 2382 3601 :
2414 3543 2530 3600 Cur
2559 3543 2648 3598 vis
2679 3544 2979 3601 destruere
3005 3542 3294 3599 civitatem
3328 3541 3478 3597 hanc
3509 3546 3822 3612 antequam

2187 3650 2389 3707 pacem
2440 3632 2852 3705 interrogando
2884 3632 3114 3696 offeras,
3145 3632 3302 3687 sicut
3331 3632 3387 3685 in
3410 3630 3535 3703 lege
3546 3626 3825 3701 jubetur?

2186 3728 2300 3780 Cur
2335 3724 2510 3779 etiam
2543 3738 2659 3779 non
2690 3721 2955 3778 eamdem
2996 3719 3186 3793 legem
3234 3720 3292 3776 in
3349 3721 3518 3775 nobis
3548 3717 3824 3775 Israelitis

2185 3829 2404 3879 servas,
2437 3828 2566 3884 quas
2598 3810 2656 3866 in
2688 3808 3033 3882 alienigenis
3060 3808 3201 3867 olim
3233 3814 3460 3866 servata
3504 3806 3636 3865 est?
3670 3808 3827 3862 Hanc

2187 3900 2492 3959 mulierem
2533 3899 2743 3969 Judaei,
2795 3904 3020 3970 Zaram,
3070 3897 3249 3955 ﬁliam
3303 3906 3465 3968 Aser,
3515 3896 3614 3953 lilii
3648 3895 3826 3952 Jacob

2187 3990 2557 4063 intelligunt:
2588 3994 2645 4053 et
2670 3990 2823 4061 quod
2840 4006 2914 4047 ,se
2937 3993 3184 4047 matrem
3225 3988 3453 4055 dixerit,
3478 3987 3561 4042 ita
3586 3984 3782 4042 dicens
3811 4002 3825 4040 :

2184 4103 2212 4132 «
2246 4081 2333 4137 Tu
2376 4079 2590 4152 quzeris
2620 4083 2878 4137 evertere
2907 4083 3154 4135 matrem
3186 4076 3383 4135 Israel.
3406 4099 3436 4128 ‹‹
3472 4075 3684 4132 Idcirco
3706 4091 3828 4130 ma-

2179 4174 2350 4242 trem,
2383 4169 2521 4243 quia
2552 4167 2874 4226 multorum
2905 4184 3196 4225 annorum
3227 4172 3372 4224 erat.
3434 4161 3449 4167 ”

2253 4260 2438 4332 (Vere.
2477 4259 2592 4330 26.)
2643 4279 2672 4308 ‹‹
2727 4258 2821 4313 Ira
2864 4262 3079 4315 autem.
3110 4256 3346 4314 Jairites
3390 4260 3514 4312 erat
3552 4253 3823 4312 sacerdos

2183 4348 2382 4417 David,
2416 4371 2444 4398 ››
2475 4346 2534 4404 id
2565 4350 2656 4405 est
2684 4345 2987 4419 magister,
3019 4344 3173 4402 sicut
3202 4344 3340 4402 alibi
3371 4345 3656 4417 scriptum
3687 4347 3775 4399 est
3807 4360 3821 4399 :

2182 4437 2313 4499 Filii
2364 4440 2560 4497 autem
2609 4433 2786 4491 David
2835 4437 3003 4491 erant
3048 4433 3378 4493 sacerdotes
3422 4434 3495 4507 (ΙΙ
3544 4434 3664 4504 Reg.
3694 4448 3819 4502 vm,

2182 4527 2293 4600 18),
2328 4526 2386 4581 id
2415 4530 2506 4581 est
2534 4524 2798 4598 magistri
2832 4524 3078 4581 fratrum
3109 4540 3371 4583 suorum.

2251 4616 2409 4689 (Cap.
2471 4614 2611 4671 XXI.
2646 4645 2712 4655 —
2762 4613 2926 4679 Vere.
2987 4612 3065 4684 l.)
3113 4635 3143 4673 (ς
3202 4611 3469 4685 Dixitque
3517 4611 3822 4675 Dominus,

2178 4708 2418 4778 propter
2445 4702 2579 4765 Saul
2608 4707 2667 4759 et
2702 4702 2944 4761 domum
2993 4701 3359 4774 sanguinem
3385 4720 3398 4769 ;
3448 4701 3586 4774 quia
3614 4699 3824 4756 occidit

2179 4792 2562 4869 Gabaonitas.
2595 4815 2622 4841 ››
2675 4797 2900 4849 Domus.
2942 4793 3298 4863 sanguinum
3330 4796 3471 4847 sunt
3514 4789 3615 4847 ﬁlii
3646 4789 3819 4844 Saul:

2179 4881 2279 4955 qui
2310 4899 2442 4939 cum
2478 4884 2660 4941 Doech
2696 4883 2970 4951 Idumam,
3003 4882 3143 4937 dum
3187 4882 3376 4939 adhuc
3410 4880 3579 4953 pueri
3599 4885 3816 4946 essent,

2179 4972 2507 5028 sacerdotes
2539 4977 2595 5027 et
2624 4971 2978 5027 Gabaonitas
3005 4970 3065 5027 in
3095 4971 3255 5026 Nobo
3287 4970 3641 5027 occiderunt.

2249 5061 2433 5132 (Vers.
2465 5062 2546 5129 2.)
2577 5084 2603 5110 α
2630 5060 2758 5116 Filii
2790 5060 3006 5132 quippe
3038 5060 3210 5119 Israel
3235 5061 3579 5131 juraverunt
3615 5060 3718 5113 eis.
3751 5057 3822 5112 Et

2176 5151 2361 5207 voluit
2399 5150 2539 5206 Saul
2593 5156 2891 5221 percutere
2939 5166 3039 5206 eos
3086 5150 3226 5207 zelo.
3266 5174 3294 5199 ››
3340 5149 3469 5205 Zelo
3517 5148 3684 5220 quasi
3716 5163 3819 5218 pro

2178 5240 2317 5296 ﬁliis
2351 5240 2528 5296 Israel
2557 5245 2613 5295 et
2660 5239 2833 5307 Juda,
2882 5240 3084 5296 dicens
3112 5256 3123 5294 :
3155 5240 3337 5296 Josue
3376 5239 3556 5310 gratis
3586 5237 3819 5293 eosdem

2179 5329 2532 5386 Gabaonitas
2562 5329 2749 5385 vivere
2782 5328 3119 5401 permisisse
3149 5331 3274 5400 (Jos.
3309 5345 3387 5394 ιχ,
3417 5329 3508 5399 26)
3534 5344 3545 5380 :
3600 5331 3657 5381 et
3687 5324 3819 5380 filiis

2251 5509 2328 5580 (ιι)
2356 5510 2535 5564 Antea
2562 5512 2707 5589 erat,
2734 5509 2794 5563 in
2824 5525 2929 5589 qua
2953 5507 3163 5589 videtur
3184 5524 3231 5589 ια.
3252 5508 3478 5563 Domino
3492 5522 3581 5589 per
3604 5511 3819 5589 Moysen

2177 5590 2508 5710 ﬁrwceptum
2538 5584 2598 5635 ut
2634 5579 2919 5663 quomodo,
2950 5586 3060 5635 etc.
3092 5579 3270 5637 Nobis
3299 5596 3411 5635 ms.
3459 5585 3517 5635 et
3544 5594 3615 5635 ex
3660 5581 3821 5652 parte

2231 5653 2486 5710 abanum
2520 5668 2687 5710 sequi
2728 5649 2972 5710 placuit.

2231 5649 2486 5711 ahenum
2520 5649 2687 5725 sequi
2728 5649 2972 5726 placuit.
