3970 6388
177 360 338 435 4425

1139 372 1446 449 ΟΟΑΞΒΤ.
1494 367 1860 438 sesama.
1904 353 1983 438 IN
2027 374 2175 438 LIB.
2223 373 2274 438 η
2323 371 2616 441 neeum.

3427 365 3584 446 H26

174 505 354 562 Israel
385 510 442 563 et
469 504 624 563 Juda
672 507 926 580 prmdam
984 523 1185 564 eorum
1235 508 1452 579 injuste
1509 506 1820 564 abstulisse
1849 509 1904 575 Α
1935 507 2166 576 Sarvize,
2200 508 2470 582 princeps
2500 513 2624 566 erat
2650 507 2720 566 de
2751 507 2939 566 tribus
2969 506 3120 578 istis,
3151 504 3492 566 nominatus
3520 503 3583 566 in

173 595 330 665 (ibid.
366 596 453 667 60)
485 614 497 663 ;
533 596 747 652 idcirco
792 612 890 652 eos
923 596 1206 669 perimere
1251 599 1440 667 jubet,
1500 598 1666 670 quasi
1721 613 1823 669 pro

171 685 297 740 zelo
331 685 509 741 Israel
531 693 585 740 et
615 686 786 740 Juda.
825 687 1009 756 Hujus
1037 686 1280 742 ultionis
1311 704 1488 742 causa
1517 687 1574 742 in
1607 686 1824 742 Gabao-

173 773 349 838 nitas,
382 773 720 830 Ahimelech
758 765 1300 830 sacerdos‘exstitit.

245 862 432 934 (Vers.
460 863 514 917 8.
552 863 568 930 )
600 886 626 911 ‹‹
663 863 732 916 Hi
763 869 902 917 sunt
931 866 1147 918 Armon
1171 868 1226 918 et
1257 863 1822 935 Miphibosetb,quos

171 951 397 1023 peperit
441 949 490 1006 ei
543 951 774 1022 Respha
808 951 927 1006 ﬁlia
948 952 1066 1016 Aia,
1091 957 1145 1007 et
1168 952 1425 1023 quinque
1455 952 1558 1007 ﬁlii
1591 951 1820 1020 Michol,

170 1037 304 1093 ﬁliaa
338 1038 476 1094 Saul
513 1081 525 1104 ,
563 1055 711 1110 quos
743 1045 1024 1110 genuerat
1069 1039 1284 1095 Adrieli
1344 1041 1462 1095 ﬁlio
1523 1039 1819 1109 Bereellai,

167 1127 273 1198 qui
310 1127 417 1182 fuit
446 1129 516 1182 de
565 1128 839 1183 Modathi.
876 1151 902 1176 ››
963 1128 1250 1192 Quaeritur
1293 1146 1395 1184 cur
1452 1129 1553 1184 ﬁlii
1611 1129 1820 1184 Michol

169 1216 448 1270 dicantur
503 1233 634 1271 cum
671 1235 782 1270 non
819 1216 1053 1284 Michol,
1097 1218 1193 1272 sed
1231 1219 1359 1288 ejus
1417 1235 1580 1273 soror
1626 1219 1821 1273 Merab

169 1321 319 1361 uxor
351 1305 524 1360 fuerit
555 1305 768 1360 Adrieli
805 1305 923 1360 ﬁlio
956 1305 1250 1361 Berzellai.
1293 1307 1451 1370 Quod
1514 1307 1594 1361 ita
1649 1307 1820 1361 solvi-

169 1396 271 1448 tur
298 1394 492 1448 Morab
525 1397 738 1466 quippe
769 1411 868 1450 eos
921 1395 1264 1450 naturaliter
1321 1397 1524 1467 genuit
1558 1414 1569 1450 :
1604 1399 1659 1451 et
1718 1394 1820 1450 Mi-

171 1482 305 1538 chol
336 1500 480 1539 uxor
508 1483 713 1552 David,
745 1501 872 1555 quae
913 1489 970 1538 et
992 1484 1129 1554 Egla
1156 1485 1390 1551 dicitur,
1437 1502 1536 1540 eos
1585 1485 1642 1539 in
1698 1484 1822 1538 loco

170 1572 430 1628 ﬁliorum
456 1574 716 1636 nutrivit,
739 1578 796 1628 et
821 1573 933 1628 sibi
967 1574 1022 1628 iu
1059 1573 1208 1628 ﬁlios
1241 1574 1575 1646 adoptavit:
1609 1573 1822 1628 idcirco

167 1663 304 1732 ejus
336 1661 441 1716 ﬁlii
473 1663 774 1717 dicuntur.

243 1752 425 1823 (Vers.
463 1751 573 1819 49.)
606 1775 632 1801 ‹‹
660 1750 917 1806 Tertium
943 1768 1175 1823 quoque
1207 1751 1316 1806 fuit
1346 1751 1564 1808 bellum
1598 1752 1655 1806 in
1701 1752 1822 1807 Gob

169 1843 378 1895 contra
413 1838 826 1906 Philisthzeos;
879 1839 937 1895 in
994 1857 1108 1911 quo
1157 1840 1447 1912 percussit
1491 1841 1823 1896 Adeodatus

169 1928 333 1984 ﬁlius
388 1930 571 1984 saltus
630 1928 1039 2001 Polymitarius
1083 1928 1534 1985 Bethlehemites
1591 1928 1822 1985 Goliath

168 2017 498 2073 Gethaeum.
537 2040 558 2066 ιι
595 2018 718 2072 Gob
747 2017 902 2072 enim
937 2017 1352 2087 interpretatus
1384 2019 1552 2072 lacus.
1606 2017 1822 2072 Idcirco

166 2105 359 2174 lacus,
392 2106 532 2178 quia
562 2107 714 2161 sicut
743 2107 801 2161 in
825 2106 1015 2161 lacum
1038 2105 1272 2160 leonum
1305 2106 1436 2177 quis
1460 2106 1823 2171 mittitur,ita

169 2196 560 2266 semetipsum
585 2201 788 2250 contra
819 2195 1045 2250 Goliath
1071 2194 1246 2249 David
1278 2195 1457 2250 misit.
1492 2196 1822 2250 Adeodatus

171 2284 303 2356 ipse
327 2289 415 2340 est
443 2285 640 2340 David.
668 2285 887 2339 Idcirco
918 2285 1136 2338 dicitur
1183 2285 1538 2352 Adeodatus,
1600 2285 1740 2356 quia
1789 2302 1823 2339 a

169 2373 292 2428 Deo
322 2377 412 2428 est
440 2371 661 2428 electus
695 2372 750 2426 in
777 2389 1040 2444 regnum.
1068 2372 1247 2427 Filius
1306 2371 1513 2437 saltus,
1555 2373 1694 2444 quia
1751 2373 1822 2428 de

169 2461 330 2517 saltu
383 2462 482 2517 ubi
512 2477 642 2517 oves
673 2463 1062 2532 pascebat,est
1091 2461 1815 2534 eductus.Polymitarius:

168 2551 314 2621 quia
343 2551 414 2605 de
440 2567 649 2622 genere
681 2549 932 2605 Beseleel
966 2555 1151 2605 mater
1187 2552 1315 2621 ejus
1369 2551 1495 2605 fuit.
1556 2551 1819 2606 Bethlee-

169 2639 369 2706 mites,
403 2639 541 2710 quia
569 2639 768 2693 Noemi
794 2643 850 2693 et
876 2638 1028 2693 Ruth
1053 2642 1311 2710 tempore
1328 2639 1609 2694 ubertatis
1640 2655 1821 2694 rever-

165 2745 248 2784 sae
281 2733 421 2784 sunt
449 2728 501 2782 in
538 2727 856 2783 Bethleem.
881 2729 950 2782 Et
981 2727 1120 2798 quia
1149 2728 1317 2800 panis
1350 2744 1527 2782 causa
1589 2728 1740 2782 Ruth
1787 2744 1820 2782 a

167 2817 322 2873 Booz
348 2821 518 2872 nacta
547 2822 655 2883 est,
684 2821 985 2888 propterea
1010 2816 1163 2871 idem
1223 2815 1407 2882 locus,
1465 2819 1676 2871 domus
1719 2833 1818 2888 pa-

166 2909 264 2962 nis
295 2911 534 2962 vocatus
561 2911 667 2961 est.
703 2906 862 2970 Quod
895 2922 1027 2960 vero
1059 2905 1387 2960 Adeodatus
1421 2906 1543 2978 ipse
1585 2905 1662 2960 sit
1707 2905 1818 2960 Da-

162 2996 287 3064 vid,
321 2994 625 3066 sequentia
656 2994 976 3058 declarant,
1011 2995 1111 3049 ubi
1142 2995 1259 3049 ait:
1309 2995 1475 3065 (Vers.
1516 2995 1629 3065 22.)
1663 3017 1689 3042 ‹‹
1750 2993 1816 3048 Hi

165 3089 426 3157 quatuor
456 3083 575 3138 nati
609 3088 749 3138 sunt
778 3085 848 3138 de
879 3083 1143 3155 Arespha
1173 3083 1233 3138 in
1265 3082 1434 3149 Geth,
1491 3092 1543 3138 et
1595 3082 1815 3137 cecide-

165 3177 313 3229 runt
340 3173 397 3228 in
432 3189 644 3228 manus
670 3173 844 3227 David
879 3176 936 3227 et
957 3189 1253 3228 servorum
1286 3173 1430 3242 ejus.
1466 3194 1492 3221 η

248 3265 434 3333 (Vers.
456 3262 546 3331 21)
579 3286 605 3310 ‹‹
641 3260 938 3317 Percussit
960 3278 1092 3316 eum
1123 3259 1415 3316 Jonathan
1456 3259 1614 3314 ﬁlius
1655 3252 1810 3315 Sem-
1843 3244 1885 3308 C

170 3367 310 3407 mea
343 3349 536 3405 fratris
566 3349 763 3404 David.
803 3371 829 3397 »
859 3349 1151 3404 Jonathan
1183 3348 1338 3404 enim
1371 3348 1495 3420 ipse
1551 3353 1640 3403 est
1703 3348 1811 3402 Na-

170 3440 320 3496 than
355 3439 654 3511 propheta.

240 3533 400 3600 (Cap.
435 3528 634 3583 XXIII.
671 3559 736 3566 ——
768 3531 930 3582 Vers.
957 3527 1031 3596 -l.)
1065 3551 1090 3575 ‹‹
1146 3526 1298 3581 Dixit
1353 3526 1458 3592 vir,
1521 3525 1613 3581 cui
1671 3542 1811 3580 con-

162 3620 444 3675 stitutum
476 3623 563 3672 est
619 3618 689 3672 de
717 3617 935 3672 christo
995 3617 1089 3672 Dei
1135 3617 1335 3671 Jacob.
1373 3639 1400 3664 ››
1439 3616 1498 3669 In
1542 3615 1809 3670 Hebraeo:

161 3729 196 3760 α
229 3709 331 3765 Cui
363 3708 678 3764 constituta
707 3712 794 3761 est
823 3705 981 3762 scala
1011 3706 1228 3761 christo
1269 3706 1367 3760 Dei
1389 3706 1589 3760 Jocob.
1625 3728 1652 3754 »
1679 3705 1816 3759 Sca-

157 3799 220 3853 lia
252 3797 440 3853 eidem
472 3796 689 3851 christo
714 3795 813 3850 Dei
835 3795 1036 3862 Jacob,
1091 3795 1144 3848 id
1204 3801 1292 3849 est
1334 3794 1532 3864 David,
1595 3793 1813 3848 consti-

156 3889 292 3943 tuta
321 3889 536 3956 est,per
556 3901 733 3956 quam
765 3884 1178 3939 conscenderet
1205 3883 1276 3937 ad
1313 3887 1490 3938 Deum
1518 3900 1530 3939 :
1555 3899 1620 3938 eo
1660 3882 1813 3953 quod

155 3977 318 4031 idem
353 3974 574 4030 scilicet
605 3974 910 4028 confessus
942 3972 1116 4028 fuerit
1147 3989 1207 4026 se
1247 3989 1514 4044 peccasse
1576 3971 1816 4026 Domino

155 4062 225 4116 in
260 4059 396 4116 Uria
429 4061 642 4126 Ethzeo,
694 4065 750 4114 et
809 4060 1208 4130 pcenitentiam
1268 4075 1445 4130 agens
1495 4075 1597 4131 per
1663 4059 1815 4113 hanc

156 4149 384 4207 s’calam
417 4147 822 4205 conscenderit
851 4149 920 4203 ad
954 4148 1159 4202 Deum.

99 4278 123 4297 .
234 4239 431 4311 (Ibid.)
465 4261 491 4287 ι(
549 4239 677 4292 Haac
734 4241 871 4291 sunt
922 4236 1099 4290 verba
1168 4235 1348 4289 David
1407 4234 1748 4289 novissima.
1788 4256 1815 4283 »

156 4319 494 4385 Novissima
529 4330 688 4392 sunt,
721 4325 859 4397 quia
891 4330 1022 4397 post
1079 4323 1444 4396 psallerium,
1497 4331 1554 4379 et
1610 4328 1819 4379 caetera

158 4420 374 4483 metra,
407 4415 516 4470 hoc
542 4414 942 4486 composuisse
1001 4418 1248 4469 metrum
1297 4413 1532 4479 dicitur,
1584 4413 1640 4467 in
1701 4428 1816 4483 quo

158 4505 248 4561 ait
282 4521 294 4560 :
335 4524 356 4551 ι
391 4502 547 4558 Dixit
577 4501 752 4559 David
781 4501 936 4557 ﬁlius
973 4503 1108 4557 Isai.
1143 4501 1296 4557 Dixit
1324 4502 1431 4572 vir,
1463 4502 1553 4557 cui
1613 4500 1822 4556 consti-

157 4597 297 4650 tnta
315 4597 403 4648 est
433 4593 591 4648 scala
621 4591 840 4646 christo
874 4591 969 4646 Dei
1001 4591 1200 4646 Jacob.

237 4681 422 4753 (Vers.
450 4681 560 4751 l3.)
593 4703 620 4730 ‹‹
652 4680 718 4735 Et
745 4680 1173 4735 descenderunt
1203 4683 1321 4734 tres
1367 4678 1466 4750 qui
1523 4682 1597 4749 (ιι)
1657 4682 1819 4734 erant

155 4770 458 4846 principes
519 4769 670 4824 inter
715 4769 980 4840 triginta,
1031 4771 1089 4824 et
1127 4773 1411 4823 venerunt
1441 4767 1500 4822 in
1559 4774 1819 4840 tempore

161 4859 381 4916 messis
407 4858 478 4914 ad
527 4857 706 4913 David
769 4857 829 4911 in
873 4857 1213 4929 speluncam
1274 4856 1617 4912 Odollam.»
1677 4858 1820 4912 Tres

159 4947 265 5005 isti
317 4939 574 5015 fuerunt,
635 4945 835 5002 Abisai
895 4945 1053 5001 ﬁlius
1104 4945 1336 5012 Sarvize,
1398 4950 1454 5001 et
1511 4945 1820 5001 Sibbachai

165 5037 487 5106 Usathites,
526 5043 582 5092 et
610 5035 928 5091 Jonatham
958 5035 1118 5091 ﬁlius
1140 5035 1412 5090 Semmaa
1433 5034 1820 5091 fratrisDavid

165 5127 239 5183 Hi
273 5126 444 5182 etiam
477 5131 596 5181 tres
623 5124 958 5197 irruperant
988 5128 1180 5180 castra
1236 5122 1706 5191 Philistinorum,
1767 5128 1823 5179 et

168 5216 500 5272 hauserunt
528 5231 740 5287 aquam
763 5214 833 5270 de
865 5214 1120 5270 cisterna
1150 5213 1466 5268 Bethleem.
1492 5215 1559 5268 Et
1590 5213 1660 5268 de
1718 5212 1820 5268 tri-

168 5306 284 5362 bus
314 5305 444 5360 istis
472 5303 669 5359 Abisai
703 5302 930 5375 primus
961 5306 1103 5372 erat,
1138 5302 1290 5373 quod
1325 5301 1384 5355 in
1433 5302 1822 5374 sequentibus

170 5393 469 5451 declaratu
480 5410 524 5447 r.
1147 5404 1159 5412 ‘

241 5483 428 5555 (Vere.
460 5483 568 5551 18.)
605 5502 633 5531 ‹‹
677 5481 866 5537 Abisai
917 5497 1151 5553 quoque
1211 5481 1387 5535 frater
1436 5481 1608 5548 Joab,
1662 5481 1818 5539 ﬁlius

262 5629 315 5694 a)
346 5627 506 5680 Meus
540 5640 675 5689 ms.,
711 5623 1105 5680 Descenderam
1134 5627 1241 5677 tres
1275 5622 1408 5689 viri,
1432 5624 1548 5694 qui,
1579 5627 1686 5678 etc.

262 5643 295 5680 a
346 5627 506 5680 Meus
540 5640 675 5689 ms.,
711 5625 1105 5680 Descenderam
1134 5627 1241 5677 tres
1275 5625 1408 5689 viri,
1432 5625 1548 5694 qui,
1579 5627 1686 5678 etc.

236 5625 464 5771 lblCum
498 5695 727 5769 vulgato
749 5696 876 5768 ipso
909 5697 1220 5768 interprete
1251 5709 1460 5750 nomen
1504 5695 1684 5750 virum
1736 5713 1821 5752 re-

1933 597 2049 654 illis
2078 598 2269 654 tribus
2304 617 2316 666 ;
2354 604 2412 655 et
2443 599 2594 654 inter
2623 603 2742 655 tres
2787 597 3038 655 nobilior
3083 602 3324 671 eratque
3380 614 3584 656 eorum

1932 687 2243 760 princeps:
2278 689 2377 743 sed
2411 705 2597 759 usque
2623 690 2693 744 ad
2719 692 2838 744 tres
2883 705 2996 743 non
3050 692 3409 760 pervenerat,
3437 710 3464 738 »
3525 681 3584 742 id

1932 780 2039 838 est,
2074 777 2144 830 ad
2171 783 2286 832 tres
2334 777 2576 832 virtutes
2636 777 2861 832 David:
2913 775 3259 849 sapientiam
3315 774 3586 832 videlicet

1933 869 1991 920 et
2015 865 2411 921 humilitatem
2456 870 2512 921 et
2569 865 2972 921 fortitudinem
3031 865 3185 920 sicut
3251 865 3310 919 in
3369 881 3581 937 praece-

1932 953 2206 1010 dentibus
2237 959 2397 1023 (vers.
2424 955 2478 1025 8)
2506 953 2722 1010 dicitur
2754 973 2766 1022 ;
2802 977 2828 1002 ‹‹
2854 955 3074 1010 Sedens
3106 954 3164 1008 in
3199 953 3474 1009 cathedra
3494 971 3582 1010 sa-

1932 1043 2392 1114 pientissimus,»
2418 1061 2548 1099 ecce
2579 1043 2920 1116 sapientia.«
2956 1044 3082 1115 Ipse
3104 1051 3188 1098 est
3208 1043 3375 1114 quasi
3391 1047 3580 1098 tener-

1933 1133 2119 1187 rimus
2144 1132 2286 1205 ligni
2319 1133 2709 1189 vermiculus»
2732 1149 2861 1188 ecce
2879 1132 3239 1188 humilitas.«
3268 1132 3373 1196 Qui
3397 1131 3580 1188 octin-

1931 1225 2135 1292 gentos
2167 1221 2459 1276 interfecit
2492 1223 2715 1294 impetu
2750 1239 2866 1277 uno
2897 1239 2909 1289 ;
2946 1244 2971 1272 ››
3007 1237 3139 1277 ecce
3162 1221 3459 1277 fortitudo.
3495 1221 3578 1277 Ad

1930 1309 2037 1365 has
2070 1314 2185 1365 tres
2236 1310 2481 1365 virtutes
2531 1327 2706 1366 nemo
2764 1310 2999 1366 fortium
3059 1307 3238 1366 David
3297 1309 3575 1382 pervenit.

1933 1399 2150 1454 Idcirco
2191 1405 2386 1454 autem
2427 1399 2662 1455 Eleazar
2691 1400 2842 1454 inter
2870 1404 2988 1455 tres
3019 1400 3219 1466 fortes,
3263 1400 3364 1472 qui
3413 1403 3583 1454 erant

1932 1503 2065 1541 cum
2117 1487 2295 1542 David
2331 1487 2511 1543 fuisse
2544 1487 2758 1543 dicitur
2787 1488 2926 1560 quia
2955 1487 3013 1542 in
3048 1503 3113 1542 eo
3143 1485 3428 1559 praelio,in
3463 1503 3579 1560 quo

1933 1574 2110 1630 David
2135 1575 2425 1631 interfecit
2454 1577 2818 1649 octingentos
2848 1575 3069 1649 impetu
3115 1593 3230 1631 uno
3257 1594 3269 1643 ;
3316 1579 3372 1630 et
3399 1576 3583 1632 Jona-

1931 1663 2071 1718 than
2105 1663 2260 1719 ﬁlius
2290 1669 2526 1720 Semma
2559 1666 2747 1720 virum
2781 1664 3092 1720 habentem
3123 1664 3336 1737 digitos
3378 1663 3583 1737 viginti

1932 1756 2188 1823 quatuor
2208 1752 2514 1808 interfecit.
2553 1755 2614 1808 In
2646 1770 2711 1809 eo
2743 1753 2916 1809 etiam
2943 1753 3138 1826 praelia
3168 1752 3322 1808 idem
3348 1753 3586 1809 Eleazar

1854 1878 1901 1943 Β
1932 1841 2224 1913 percussit
2253 1841 2604 1907 Philistaaos,
2636 1843 2817 1897 donec
2848 1842 3118 1898 deﬁceret
3147 1857 3360 1898 manus
3389 1843 3586 1913 ejuset

1933 1929 2323 2001 obrigesceret
2353 1947 2486 1986 cum
2520 1931 2735 2004 gladio.

2003 2018 2188 2089 (Vers.
2222 2021 2311 2074 20.
2350 2019 2367 2089 )
2405 2043 2425 2068 ι
2464 2020 2532 2074 Et
2557 2020 2804 2075 Banaias
2836 2019 2990 2075 ﬁlius
3028 2019 3266 2087 .Ioiadze,
3326 2019 3429 2074 ﬁlii
3475 2019 3581 2074 viri

1933 2107 2234 2163 fortissimi
2270 2125 2617 2180 magnorum
2650 2125 2890 2179 operum
2923 2109 2994 2164 de
3025 2109 3286 2164 Cabseel.
3311 2131 3338 2159 »
3359 2108 3582 2164 Notan-

1930 2196 2073 2250 dum
2091 2195 2320 2267 quodin
2341 2196 2578 2251 Hebrteo
2593 2213 2705 2251 non
2723 2196 3322 2268 habetur,ma-gnorum
3335 2213 3580 2269 operam,

1929 2287 2053 2351 sed,
2084 2288 2346 2357 magister
2372 2302 2614 2356 operum.
2651 2285 2888 2341 Cabseel
2947 2286 3106 2341 enim
3166 2286 3584 2358 interpretatur

1928 2377 2279 2447 congregatio
2318 2376 2436 2430 Dei.
2480 2374 2756 2447 Magister
2813 2375 2968 2430 enim
3027 2379 3152 2430 erat
3218 2375 3290 2430 de
3339 2389 3581 2447 congre-

1929 2463 2158 2537 gatione
2194 2462 2309 2529 Dei,
2338 2461 2396 2518 id
2428 2467 2517 2519 est
2546 2462 2772 2519 Cerethi
2803 2467 2860 2518 et
2913 2462 3194 2530 Phelethi,
3245 2462 3346 2535 qui
3403 2463 3584 2518 inter-

1929 2556 2234 2624 pretantur
2261 2552 2561 2607 occidentes
2610 2560 2660 2606 et
2714 2553 3071 2622 viviﬁcantes.
3131 2555 3249 2624 Ipse
3313 2549 3584 2624 percussit

1927 2642 2037 2696 duo
2069 2641 2247 2696 leones
2267 2639 2502 2707 Moab,id
2535 2644 2623 2696 est
2643 2641 2790 2696 duos
2813 2640 3166 2696 fortissimos
3196 2641 3351 2696 viros
3385 2641 3579 2696 Moab.

1927 2730 2170 2793 Quando
2202 2729 2356 2784 enim
2391 2730 2566 2784 David
2599 2730 2834 2784 eosdem
2868 2729 3152 2785 Moabitae
3170 2728 3318 2785 bello
3343 2741 3579 2804 aggres-

1927 2835 2032 2874 sus
2061 2823 2167 2886 est,
2200 2821 2256 2873 et
2321 2818 2456 2873 fecit
2509 2816 2821 2883 funiculos,
2889 2817 3037 2872 duos
3094 2818 3168 2874 ad
3222 2817 3581 2873 mortiﬁcan-

1929 2909 2069 2962 dum
2099 2913 2155 2963 et
2187 2924 2370 2962 unum
2404 2907 2474 2962 ad
2512 2907 2961 2961 viviﬁcandum:
2997 2907 3090 2962 isti
3127 2907 3580 2979 potentes,M‘o’a'-

1929 2995 2080 3050 bitas
2101 2997 2435 3050 tuebantur.
2471 2995 2600 3049 «Et
2647 2995 2772 3068 ipse
2828 2995 3131 3050 descendit
3173 3000 3232 3051 et
3285 2995 3580 3067 percussit

1925 3084 2149 3140 leonem
2184 3084 2242 3138 in
2278 3084 2470 3139 media
2495 3083 2827 3139 cisternain
2860 3083 3068 3138 diebus
3156 3083 3326 3138 nivis.
3367 3102 3393 3134 υ
3462 3083 3578 3139 Leo

1925 3173 2036 3228 iste
2067 3173 2210 3228 Joab
2237 3172 2365 3227 fuit.
2402 3174 2460 3226 In
2486 3172 2681 3227 media
2703 3171 3043 3238 cisterna,id
3067 3175 3158 3226 est
3180 3172 3239 3227 in
3263 3172 3441 3226 domo
3462 3175 3578 3226 Do-

1923 3261 2194 3328 mini,ubi
2228 3277 2407 3315 cornu
2431 3259 2630 3316 altaris
2660 3260 3185 3317 tenebat.Cisterna
3208 3261 3332 3316 ideo
3350 3259 3570 3315 dicitur

1921 3350 2063 3422 quia
2090 3349 2243 3404 sicut
2260 3366 2412 3420 aqua
2433 3349 2695 3403 cisternae
2724 3349 3075 3404 munditiam
3101 3350 3266 3404 affert
3287 3349 3369 3403 ita
3390 3348 3567 3404 etiam

1923 3438 2307 3493 nihilominus
2340 3437 2458 3491 haec
2489 3436 2763 3505 cisterna,
2782 3436 2841 3492 id
2874 3441 2962 3492 est
3013 3437 3412 3493 sanctuarium
3456 3437 3572 3492 D0-

1924 3528 2090 3593 mini,
2127 3533 2356 3598 peccata
2405 3525 2690 3597 expiabat.
2730 3549 2754 3574 υ
2811 3527 2872 3582 In
2928 3525 3133 3582 diebus
3187 3525 3369 3582 nivis:
3423 3523 3576 3590 Quia

1925 3635 2027 3690 per
2057 3621 2300 3672 mortem
2335 3616 2585 3687 expiavit
2614 3619 2919 3687 peccatum
2945 3633 2958 3682 ;
2983 3615 3312 3687 juxtaillud
3334 3615 3567 3670 Psalmi«

1925 3711 2060 3762 stac:
2089 3705 2317 3761 Lavabis
2347 3721 2436 3759 me
2463 3705 2636 3772 (Psal.
2669 3721 2708 3770 ι,
2746 3705 2800 3776 9)
2836 3723 2848 3770 ;
2902 3704 3059 3774 quod
3119 3702 3423 3773 impletum
3482 3705 3576 3757 est

1925 3798 1985 3851 in
2046 3795 2237 3850 media
2284 3793 2557 3858 cisterna,
2584 3801 2634 3848 et
2651 3808 2815 3864 super
2840 3794 3020 3847 nivem
3045 3789 3574 3861 dealbabor(lbid.);

1926 3885 2080 3957 quod
2117 3883 2422 3954 impletum
2455 3886 2542 3936 est
2572 3882 2630 3935 in
2661 3898 2726 3936 eo
2759 3880 2912 3952 quod
2947 3879 3046 3946 ait,
3066 3882 3127 3935 In
3183 3879 3368 3934 diebus
3397 3881 3568 3934 nivis.

1993 3974 2180 4042 (Vers.
2220 3972 2335 4040 2t.)
2368 3995 2394 4019 «
2430 3971 2554 4041 Ipse
2585 3985 2816 4042 quoque
2840 3969 3129 4024 interfecit
3155 3968 3343 4022 virum
3373 3971 3576 4040 Egyp-

1927 4059 2624 4132 tium,virum(h)dignum
2640 4056 3255 4130 s'pectaculo.»Viriste
3277 4056 3580 4129 Egyptius

1926 4150 2114 4206 Semei
2140 4149 2295 4204 ﬁlius
2317 4150 2452 4203 Jera
2470 4147 2704 4218 fuit,qui
2729 4146 3030 4202 maledixit
3055 4146 3578 4203 David.Sciendum

1926 4243 2121 4294 autem
2144 4239 2299 4310 quod
2331 4237 2484 4291 idem
2514 4237 2700 4291 Semei
2735 4237 2806 4291 de
2837 4235 3111 4291 Bahurim
3141 4235 3335 4302 fuit,id
3367 4237 3454 4290 est
3475 4234 3586 4289 ele-

1927 4327 2189 4383 ctisteo
2213 4327 2514 4398 IEgyptius
2537 4325 2916 4396 dicitur,quia
2945 4341 3121 4397 opera
3150 4323 3308 4380 illius
3332 4321 3583 4396 [Egyptii

1928 4417 2110 4471 Deum
2144 4414 2810 4487 blasphemantis,quem
2834 4414 3315 4486 Moysesjubente
3336 4411 3583 4468 Domino

1929 4505 2220 4560 interfecit
2257 4505 2315 4559 in
2349 4520 2565 4570 eremo,
2601 4504 2866 4559 imitatus
2899 4503 3006 4558 fuit
3062 4504 3439 4571 (Levit.xx1v,
3466 4501 3582 4571 23),

1854 4613 1897 4678 D
1931 4593 2030 4649 Ille
2053 4593 2206 4649 enim
2240 4593 2672 4664 blasphemavit
2688 4592 2959 4658 Deum,et
2989 4591 3097 4645 iste
3124 4589 3424 4644 maledixit
3453 4603 3584 4678 pro-

1933 4682 2172 4755 phetam
2206 4687 2263 4737 et
2309 4698 2524 4753 regem.
2586 4682 2824 4752 Dignum
2865 4679 3172 4752 spectaculo
3220 4677 3278 4733 id
3323 4681 3412 4734 est
3469 4677 3588 4746 dig-

1927 4789 2062 4826 num
2089 4773 2276 4826 morte.
2308 4769 2766 4840 Exspectabatur
2811 4768 2990 4836 enim,
3040 4771 3132 4822 ut-
3162 4766 3211 4822 si
3275 4764 3598 4837 egredere-'

1927 4866 2024 4917 tur
2053 4859 2402 4923 Jerusalem,
2454 4857 2900 4912 interﬁceretur.
2962 4857 3256 4912 [labentem
3307 4857 3368 4910 in
3415 4870 3589 4909 manu

1929 4949 2164 5014 hastam,
2215 4948 2269 5003 id
2331 4951 2420 5002 est
2479 4946 2654 5016 legem
2701 4947 2845 5000 Dei:
2906 4961 3084 5016 quam
3143 4943 3193 5000 si
3264 4942 3584 4998 meditatus

1931 5035 2562 5108 fuisset,permanendo
2593 5034 2652 5088 in
2675 5034 3145 5101 Jerusalem,non
3180 5033 3586 5104 perime'retur.

1931 5129 2076 5194 Quia
2097 5142 2233 5198 ergo
2253 5129 2605 5196 praeceptum
2631 5123 2785 5194 regis
2809 5123 3042 5178 irritum
3069 5121 3204 5176 fecit
3222 5119 3589 5192 (c),exeundo

1932 5217 2086 5274 foras
2115 5212 2442 5270 Jerusalem
2472 5227 2485 5268 :
2515 5211 2730 5267 idcirco
2765 5212 2824 5266 in
2856 5227 2989 5268 eum
3021 5227 3054 5265 a
3086 5209 3305 5264 Banaia
3353 5208 3411 5263 in
3461 5207 3584 5262 vir-

1931 5322 2026 5379 ga,
2059 5305 2115 5360 id
2143 5308 2231 5359 est
2261 5301 2610 5357 rectitudine
2633 5301 2898 5373 justitia,
2940 5301 3289 5356 descensum
3345 5301 3471 5354 est:
3533 5300 3594 5354 et

1931 5395 2102 5452 basta
2131 5409 2308 5465 quam
2341 5407 2455 5446 non
2501 5391 2723 5447 rectani
2756 5390 3012 5457 tenebat,
3044 5391 3099 5446 vi
3122 5389 3194 5446 ab
3227 5404 3294 5444 eo
3360 5389 3591 5444 extorta

1933 5489 2041 5540 est.
2077 5506 2105 5533 «
2163 5485 2227 5537 Et
2268 5481 2546 5550 interfecit
2601 5496 2725 5534 eum
2791 5479 2948 5535 hasta
3003 5496 3124 5535 sua.
3191 5477 3370 5534 Ilasta
3430 5475 3589 5532 enim

1935 5623 2087 5698 petit
2112 5637 2282 5698 meus
2319 5637 2428 5675 ms.

2015 5697 2090 5767 (ο)
2124 5695 2289 5752 Meus
2315 5708 2449 5762 ms.,
2487 5694 2641 5764 Regis
2675 5692 2958 5763 Abagana,
2995 5693 3187 5761 idest,
3222 5692 3476 5759 irritum,
3510 5693 3604 5747 etc
