3970 6398
402 405 409 413 .
441 327 594 414 “27

1931 333 2347 401 APPENDIX.

3655 328 3838 405 ηαδ

408 486 546 549 ,ευει
574 471 961 544 interemptus
999 474 1106 539 et,
1131 470 1408 545 quia,non
1452 472 1832 529 custodiendo
1868 471 2078 545 logem,
2111 474 2164 540 Α
2195 471 2390 546 praelio
2420 471 2574 529 hicet
2602 472 2787 545 infra]
2808 489 2961 543 vero,
3011 472 3111 545 qui
3163 469 3352 528 noluit
3403 468 3673 528 resistere
3726 470 3833 527 Da-

437 559 588 634 legis
619 578 866 618 censura
895 567 1232 634 peremptus
1254 569 1360 619 est.
1398 564 1456 619 In
1490 562 1618 635 lege
1643 563 1797 619 enim
1832 563 1913 617 ita
1941 561 2084 618 scri—

438 653 603 723 ptum
637 655 762 705 est:
797 652 912 705 Diis
944 668 1050 707 non
1079 652 1346 719 detrahes,
1377 660 1426 708 el
1442 654 1749 725 principem
1766 654 1959 725 populi
2005 652 2088 706 tui

443 754 555 795 non
582 738 872 794 maledices
902 740 1094 810 (Exod.
1126 759 1262 808 xxu,
1295 743 1406 811 28).

510 826 693 896 (Vers.
728 829 817 883 22.
850 830 967 900 23.)
1004 853 1032 879 ‹‹
1066 830 1194 885 Haec
1225 831 1356 885 fecit
1387 830 1633 886 Banaias
1666 830 1822 886 {ilius
1841 830 2083 886 Joiadae.

437 916 508 971 Et
534 915 662 989 ipse
689 918 1030 974 nominatus
1060 918 1213 974 inter
1260 924 1377 974 tres
1426 921 1718 987 robustos,
1768 920 1866 991 qui
1918 924 2085 975 erant

436 1004 676 1079 triginta
704 1006 1071 1063 nobiliores.»
1098 1008 1611 1081 Intelligitur,quia
1637 1008 1761 1081 ipse
1792 1008 2079 1063 nominari

431 1094 649 1167 dignus
682 1102 837 1152 esset
868 1096 1018 1152 inter
1055 1102 1175 1153 tres
1232 1099 1527 1165 robustos,
1583 1098 1639 1152 id
1692 1103 1799 1166 est,
1864 1097 2080 1163 Abisai,

429 1184 1129 1256 Sibbacbai,etJonathan
1157 1206 1169 1256 ;
1190 1188 1405 1261 quippe
1427 1189 1526 1260 qui
1547 1189 1766 1243 viribus
1797 1189 1882 1244 eis
1903 1189 2080 1261 aequi—

427 1273 620 1346 parari
643 1279 857 1346 posset.
893 1298 921 1326 «
947 1276 1012 1331 Hi
1037 1277 1211 1333 etiam
1235 1282 1350 1333 tres
1383 1284 1550 1333 erant
1579 1295 1756 1350 super
1786 1277 2080 1349 triginta.»

427 1362 499 1418 Et
528 1380 600 1419 ne
633 1380 804 1435 quem
831 1370 1074 1434 moveat,
1108 1367 1262 1438 quod
1297 1367 1354 1423 in
1381 1384 1616 1423 summa
1646 1384 1761 1423 non
1819 1366 2079 1439 triginta,

429 1453 530 1508 sed
563 1453 847 1527 tringinta
897 1459 1117 1527 septem
1165 1455 1457 1528 legantur.
1511 1457 1778 1528 Triginta
1824 1456 1981 1511 enim
2024 1461 2082 1511 et

429 1544 655 1613 septem
701 1548 839 1598 sunt
887 1543 995 1600 hoc
1048 1546 1261 1601 modo:
1330 1553 1550 1618 septem
1613 1545 1878 1601 videlicet
1968 1545 2080 1600 t‘or-

425 1629 606 1687 tiores
683 1631 743 1687 hi
770 1637 928 1699 sunt,
1004 1633 1312 1707 David,qui
1410 1634 1714 1706 appelatur
1814 1634 2080 1689 Adeoda-

425 1724 546 1787 tus,
593 1721 814 1791 Abisai,
861 1722 1194 1792 Sibbachai,
1249 1723 1566 1793 Jonathan,
1611 1723 1867 1790 Eleazar,
1917 1724 2078 1779 Sem-

426 1810 772 1910 maatfilius
802 1812 971 1910 eggze
1012 1812 1302 1910 de-arari,‘
1330 1816 1386 1867 et
1422 1813 1674 1910 Bapgias
1708 1831 1721 1880 ;
1765 1829 1895 1910 ecce
1946 1829 2073 1884 sep-
2102 1845 2150 1910 Β

423 1901 565 1955 tem.
591 1898 856 1971 Triginta
878 1903 1072 1955 autem
1088 1900 1147 1956 bi
1173 1906 1330 1968 sunt,
1355 1901 2075 1969 Asael,Elcanan,Semma

428 1988 502 2044 de
534 1988 727 2057 Aradi,
762 1988 1150 2059 Elicha,Elez,
1212 1991 1368 2057 Hira,
1420 1992 1714 2060 Habiezer,
1776 1991 2069 2059 Mobunai,

427 2076 691 2143 Selmon,
743 2078 1023 2145 Maharai,
1083 2080 1284 2151 Eleph,
1346 2081 1614 2148 Banaias,
1681 2081 2070 2149 Phratonites,

426 2165 622 2236 Eldar,
654 2166 847 2233 Hidai,
880 2166 1208 2233 Albialbon,
1240 2171 1532 2233 Azmavet.
1564 2169 1785 2234 Eliaba,
1839 2171 2075 2225 Semma

426 2255 498 2311 de
529 2255 716 2323 Arari,
745 2255 970 2325 Haiam,
1006 2257 1350 2329 Elipheleth,
1405 2258 1607 2323 Eliam,
1654 2260 1838 2325 Esrai,
1900 2259 2076 2315 Phra—

428 2344 537 2412 rai,
595 2344 807 2418 Jigaal,
869 2345 1033 2416 Boni,
1085 2346 1308 2413 Selecb,
1368 2348 1595 2415 Naarai,
1657 2348 1815 2414 Hira,
1867 2349 2073 2415 Gareb,

428 2431 598 2489 Urias
629 2433 879 2490 Ethaeus.
919 2435 1047 2490 [deo
1079 2452 1215 2508 ergo
1247 2436 1411 2491 Urias
1444 2437 1675 2492 Ethaeus
1709 2437 1951 2493 ultimus
1983 2455 2077 2509 po-

424 2520 587 2577 nitur
617 2528 852 2594 propter
881 2522 936 2578 id
970 2524 1124 2596 quod
1157 2524 1441 2596 sequitur.

497 2611 660 2684 (Cap.
695 2611 881 2668 XXIV.
915 2645 982 2653 —
1014 2618 1177 2669 Vers.
1210 2614 1257 2669 1.
1295 2620 1314 2683 )
1342 2637 1369 2663 ‹‹
1404 2616 1471 2670 Et
1500 2616 1727 2671 addidit
1758 2616 1918 2672 l'uror
1965 2616 2076 2672 Do-

427 2699 574 2756 mini
605 2701 775 2757 irasci
808 2706 1010 2759 contra
1042 2703 1237 2759 Israel.
1273 2726 1301 2753 »
1336 2704 1477 2771 fJam
1534 2705 1692 2761 enim
1735 2706 1878 2761 ultio
1926 2706 2079 2761 tacta

428 2788 622 2845 fuerat
652 2790 710 2845 in
750 2790 924 2847 David
948 2791 1082 2847 etin
1114 2793 1354 2848 domum
1398 2795 1547 2864 ejus.
1584 2795 1648 2850 In
1700 2795 1915 2867 populo
1973 2795 2078 2866 [Αἱ.

2194 563 2286 618 vid
2312 564 2372 619 in
2415 562 2752 635 perimendo
2777 561 2913 618 Uria
2941 561 3153 630 Ethaeo,
3189 561 3434 618 necdum
3465 560 3609 617 ultio
3644 560 3835 617 divina

2195 651 2347 707 facta
2406 654 2611 707 fuerat.
2674 652 2893 707 Idcirco
2950 650 3045 706 hic
3115 649 3360 706 ultimus
3438 650 3693 722 ponitur,
3772 655 3835 704 ut

2194 739 2338 796 ultio
2379 741 2587 796 mortis
2686 742 2812 812 ejus
2914 740 2973 795 in
3073 739 3286 811 populo
3382 743 3823 795 monstraretur.

2197 830 2303 886 Pro
2337 848 2451 902 quo
2502 829 2719 902 populo
2751 829 2966 902 legitur
3002 828 3061 884 in
3113 828 3608 901 subsequentibus
3653 826 3833 883 David

2193 920 2447 976 dixisse:
2480 943 2509 969 ‹‹
2570 919 2841 974 Vertatur
2889 934 3101 973 manus
3155 922 3278 984 tua,
3327 918 3583 983 obsecro,
3632 921 3832 972 contra

2194 1026 2309 1073 me,
2341 1015 2397 1063 et
2417 1012 2619 1063 contra
2657 1010 2898 1063 domum
2932 1007 3116 1079 patris
3149 1006 3280 1061 mei.
3318 1028 3344 1055 »

2264 1098 2446 1168 (Vers.
2480 1097 2556 1167 9.)
2587 1121 2613 1147 ‹‹
2652 1099 2718 1153 Et
2748 1098 2983 1152 inventa
3014 1100 3153 1151 sunt
3183 1096 3255 1150 de
3285 1092 3461 1150 Israel
3501 1094 3833 1166 octingenta

2192 1186 2375 1241 millia
2397 1187 2651 1241 virorum
2695 1185 2951 1255 fortium,
2990 1184 3087 1256 qui
3122 1185 3432 1239 educerent
3468 1181 3727 1255 gladium
3751 1188 3836 1237 :et

2190 1275 2260 1331 de
2280 1276 2429 1330 Juda
2450 1277 2774 1347 quingenta
2798 1273 2980 1328 millia
2997 1278 3406 1345 pugnatorum.
3442 1295 3469 1321 »
3497 1277 3556 1326 In
3576 1271 3834 1337 Hebraeo,

2195 1366 2443 1420 Virorum
2473 1364 2809 1436 legiturzln
2871 1361 3346 1434 Paralipomenon
3404 1377 3535 1416 vero
3594 1360 3827 1434 legitur.

2190 1453 2336 1509 Mille
2360 1455 2545 1509 millia
2571 1463 2784 1509 celatum
2802 1453 2999 1520 millia,
3032 1451 3096 1507 de
3124 1452 3315 1517 Israel,
3341 1454 3393 1506 el
3420 1449 3486 1505 de
3517 1450 3659 1506 Juda
3704 1466 3830 1521 qua.

2188 1543 2480 1612 dringenla
2507 1545 2857 1615 septuaginta
2888 1542 3073 1596 millia
3102 1542 3151 1609 (I
3179 1542 3366 1595 Paral.
3401 1556 3520 1607 xxi,
3557 1540 3634 1610 5).
3676 1540 3831 1605 Quos

2190 1633 2425 1704 quidem
2454 1632 2902 1704 intelligendum
2934 1636 3042 1697 est,
3068 1648 3102 1685 a
3129 1629 3274 1685 Joab
3306 1631 3644 1684 numeratos
3665 1644 3825 1683 esse:

2190 1722 2288 1777 sed
2324 1739 2619 1777 summam
2677 1738 2877 1776 eorum
2948 1718 3207 1774 noluisse
3267 1718 3573 1773 ostendere
3633 1716 3833 1781 David,

2190 1811 2301 1867 nisi
2334 1816 2564 1868 tantum
2596 1814 2883 1883 quantum
2909 1810 2967 1864 in
3009 1806 3295 1863 Samuelis
3343 1806 3489 1863 libro
3530 1805 3827 1861 scribitur.

2249 1900 2436 1970 (Vers.
2474 1902 2581 1971 15.)
2613 1923 2639 1950 ‹‹
2662 1899 3030 1970 Immisitque
3051 1896 3329 1952 Dominus
3360 1894 3825 1969 pestilentiamin

2182 1990 2355 2046 Israel
2388 1991 2459 2045 de
2492 2006 2660 2044 mane
2712 2005 2898 2060 usque
2946 1988 3016 2041 ad
3068 1992 3299 2058 tempus
3358 1985 3761 2040 constitutum.
3807 2005 3833 2034 ι

2183 2081 2442 2152 Tempus
2467 2078 2850 2135 constitutum
2903 2076 3038 2146 dici,
3073 2076 3307 2148 quando
3336 2072 3684 2130 sacriﬁcium
3738 2088 3833 2128 ve-

2184 2169 2511 2242 spertinum
2542 2169 2910 2224 offerebatur.

2258 2260 2437 2329 (Vers.
2482 2260 2597 2329 2t.)
2629 2281 2655 2306 ‹‹
2690 2257 2847 2312 Emit
2876 2272 3012 2327 ergo
3060 2253 3233 2309 David
3289 2269 3483 2309 aream
3540 2256 3597 2308 et
3651 2251 3824 2307 boves

2184 2347 2407 2420 argenti
2424 2343 3204 2418 siclisquinquaginta;quod
3218 2343 3343 2398 etin
3360 2339 3832 2412 Paralipomenon

2186 2437 2268 2493 ita
2300 2436 2546 2509 legitur:
2579 2437 2737 2490 Dedit
2766 2452 2890 2505 ergo
2914 2433 3082 2488 David
3113 2432 3316 2488 Ornam
3370 2446 3473 2502 pro
3508 2430 3621 2485 loco
3671 2429 3832 2485 siclos

2185 2529 2314 2582 auri
2334 2526 2633 2596 justissimi
2663 2524 2918 2596 ponderis
2963 2524 3237 2577 sexcentos
3260 2521 3306 2593 (ι
3364 2519 3548 2575 Paral.
3581 2536 3693 2585 xxx,
3739 2519 3830 2574 25.

2187 2614 2634 2687 Intelligendum
2705 2629 2957 2684 namque
3033 2616 3123 2666 est
3206 2610 3383 2665 boves
3453 2606 3675 2680 argenti
3758 2607 3830 2662 si-

2188 2704 2295 2761 clis
2354 2703 2820 2776 quinquaginta;
2880 2717 3076 2758 aream
3133 2716 3266 2755 vero
3314 2698 3565 2754 sexcenti
3632 2696 3827 2752 aureis

2191 2793 2427 2850 emisse.

1386 3054 1514 3147 IN
1586 3055 2066 3149 LIBRUM
2135 3054 2272 3147 ΠΙ
2341 3051 2903 3148 REGUM“).

2036 3243 2233 3255 —.

478 3319 670 3401 '(Cap.
704 3329 747 3385 Ι.
781 3361 849 3370 -
881 3329 1041 3384 Vers.
1076 3330 1155 3396 6.)
1188 3350 1215 3379 ‹‹
1249 3330 1383 3385 Erat
1399 3335 1594 3386 autem
1628 3333 1643 3365 ί
1678 3331 1934 3387 Adonias
1956 3331 2083 3403 pul-

434 3416 574 3473 cher
603 3419 790 3486 valde,
826 3419 1120 3474 secundus
1151 3423 1288 3473 natu
1318 3423 1447 3491 post
1465 3419 1757 3477 Absalom.
1794 3444 1821 3469 »
1870 3421 2082 3477 Notan-

433 3506 577 3571 dum
611 3508 765 3578 quod
798 3507 855 3561 in
888 3508 1125 3562 Hebraeo
1148 3507 1228 3563 ita
1248 3508 1486 3580 legitur:
1522 3532 1549 3557 ‹‹
1612 3509 1679 3565 Et
1735 3510 1928 3580 ipsum
1988 3526 2079 3581 pe-

431 3594 584 3668 perit
616 3600 747 3668 post
777 3594 1076 3662 Absalom,
1114 3618 1138 3643 »
1163 3597 1515 3653 subauditur
1538 3602 1859 3669 peccatum.

501 3684 691 3757 (Vers.
724 3686 803 3755 8.)
834 3708 860 3734 »
892 3685 1118 3740 Sadoch
1154 3703 1286 3741 vero
1318 3687 1588 3742 sacerdos
1615 3693 1672 3742 et
1721 3688 1967 3743 Banaias
2009 3688 2071 3741 li-

425 3772 545 3830 lius
568 3774 814 3840 Joiadze,
846 3780 905 3830 et
933 3774 1164 3830 Nathan
1199 3775 1499 3848 propheta,
1532 3780 1588 3831 et
1605 3776 1879 3841 Semei,et
1911 3775 2074 3844 Rhei,

427 3867 486 3919 et
519 3864 915 3920 robustissimi
954 3864 1127 3919 David
1161 3882 1276 3920 non
1307 3872 1475 3920 erant
1504 3882 1637 3920 cum
1668 3865 1906 3921 Adonia.
1927 3889 1952 3915 ›.
1981 3867 2074 3922 Se-

427 3951 544 4011 mel
575 3952 703 4024 ipse
724 3959 813 4009 est
841 3952 1091 4023 Nabath,
1119 3961 1281 4024 pater
1309 3954 1644 4020 Jeroboam,
1674 3954 1775 4025 qui
1808 3955 1919 4009 fuit
1947 3971 2075 4009 ma-

422 4041 612 4114 gister
641 4040 992 4110 Salomonis,
1016 4046 1073 4096 et
1107 4042 1214 4096 fuit
1271 4042 1341 4097 de
1397 4042 1697 4110 Baburim,
1750 4044 1806 4098 id
1861 4048 1950 4099 est
2004 4044 2075 4099 de

420 4128 644 4186 electis.
681 4130 824 4186 Rhei
855 4134 1050 4187 autem
1083 4130 1207 4202 ipse
1237 4136 1325 4185 est
1364 4130 1556 4186 Hiram
1588 4131 1827 4187 Zairites
1882 4149 2072 4188 sacer-

421 4218 614 4287 dos,id
633 4218 1644 4293 estmagisterDavid.Robustissimi
1667 4237 1922 4293 namque
1970 4226 2072 4277 Da-

421 4306 517 4363 vid
544 4324 720 4381 supra
745 4308 952 4374 notati,
984 4306 1289 4364 fortissimi
1322 4308 1749 4382 intelliguntur.

487 4396 676 4467 (Vers.
717 4398 803 4452 17.
842 4398 909 4470 )‹‹
938 4397 1144 4453 Nonne
1170 4403 1254 4461 tu,
1288 4398 1525 4453 domine
1578 4399 1658 4454 mi
1690 4417 1807 4465 rex,
1852 4401 2068 4469 jurasti

426 4485 657 4543 ancillae
688 4492 801 4541 tuae
837 4486 1058 4552 dicens,
1092 4486 1248 4558 quod
1278 4486 1547 4542 Salomon
1600 4488 1755 4544 ﬁlius
1802 4493 1941 4544 tuus
1981 4507 2064 4545 re-

410 4575 623 4648 gnabit
648 4581 782 4648 post
802 4574 1119 4647 me,etipse
1143 4575 1368 4630 sedebit
1390 4576 1447 4630 in
1472 4575 1682 4633 throno
1714 4594 1842 4633 meo
1864 4578 1892 4633 Ἰ
1918 4600 1951 4627 ι)
1968 4578 2068 4635 Ju-

411 4681 578 4721 rasse
607 4664 790 4721 David
822 4663 1055 4729 dicitur,
1107 4665 1343 4736 quando
1400 4681 1525 4721 eam
1585 4666 1921 4722 consolatus
1977 4672 2067 4723 est

404 4758 541 4826 post
573 4757 829 4810 mortem
874 4751 1002 4823 ﬁlii,
1054 4753 1323 4809 sicut'in
1382 4752 1531 4809 libro
1588 4754 1881 4811 Samuelis
1926 4755 2061 4829 legi-

474 4894 751 4968 [Abeunt
774 4894 831 4949 in
866 4893 1070 4968 multis
1102 4910 1245 4951 mss.
1266 4895 1699 4968 exemplaribus
1730 4898 2063 4966 Qwstimes

399 4966 464 5021 in
496 4964 702 5022 librum
726 4968 947 5023 tertium
978 4967 1200 5034 Regum.

471 5038 493 5072 ²
522 5037 743 5096 Vitiose
771 5041 826 5095 et
849 5026 1234 5095 contraV'sacri
1265 5043 1458 5094 textus
1482 5039 1655 5095 fidem
1708 5045 1834 5096 erat
1889 5045 2062 5097 antea
2091 5026 2136 5090 D

467 5181 550 5321 ἔα)
585 5180 954 5254 Epigraphen
990 5196 1159 5236 meus
1181 5197 1296 5236 ms.
1329 5182 1584 5253 supplet,

492 5252 543 5321 ὁ)
566 5252 864 5308 Interserit
933 5270 1099 5309 meus
1130 5269 1240 5307 ms.
1266 5257 1426 5321 patre
1445 5270 1565 5308 meo

398 5320 436 5377 b
467 5252 543 5323 (ὁ)
566 5252 864 5377 Ipteftser'it
933 5270 1099 5309 meus
1130 5269 1240 5307 ms.
1266 5257 1426 5323 patre
1445 5252 1565 5308 meo
1606 5271 1618 5308 :
1652 5255 1806 5325 quod
1838 5259 2052 5309 etAm-

443 5338 560 5377 ros.
614 5340 699 5378 aci
737 5368 746 5377 .

438 5394 540 5463 ~(c)
572 5398 760 5462 Hujus
781 5400 837 5450 el.
894 5396 1311 5466 subsequentis
1369 5395 1635 5450 versiculi
1692 5398 2052 5466 expositione

397 5460 778 5522 Martianzeus
811 5483 878 5520 ex
911 5469 1204 5523 corruntis
1230 5484 1373 5520 mss.
1418 5469 1487 5520 ad
1524 5468 1652 5521 libri
1687 5468 1900 5523 calcem
1932 5470 2050 5523 dis-

402 5483 778 5522 maruanzeus
811 5483 878 5520 ex
911 5483 1078 5521 corru
1128 5483 1204 5522 us
1230 5484 1373 5520 mss.
1418 5483 1487 5520 an
1524 5483 1652 5521 nan
1687 5483 1900 5523 calcem
1932 5483 2050 5524 (IIS-

402 5533 643 5605 tulcrat,
681 5537 749 5590 de
784 5538 1051 5609 quaiipse
1091 5486 1387 5592 luxaticne
1431 5538 1826 5609 conqueritur.
1890 5540 2053 5596 Meus

396 5619 516 5680 ms.
537 5610 865 5680 utramque
889 5624 995 5662 suo
1028 5608 1153 5664 loco
1186 5608 1850 5680 postliminio’restituit.
1899 5617 2047 5668 tam~

391 5676 500 5733 etsi
532 5675 591 5732 in
621 5674 718 5732 illo
749 5674 1044 5749 postrema
1096 5674 1372 5753 pericope
1426 5697 1459 5735 a
1498 5681 1710 5750 verbis,
1751 5686 1809 5739 ut
1844 5685 2051 5741 scilicet

2197 3335 2329 3387 tur:
2386 3333 2448 3386 Et
2502 3331 2814 3385 consolatus
2869 3336 2949 3383 est
3022 3324 3199 3382 David
3270 3323 3563 3379 Bethsabee
3606 3337 3833 3378 uxorem

2191 3438 2352 3476 suam
2382 3421 2453 3491 (II
2482 3421 2590 3489 Reg
2619 3437 2696 3490 x1,
2723 3418 2837 3487 24).

2261 3508 2445 3581 (Vers.
2477 3508 2593 3579 2|.)
2643 3530 2670 3558 α
2729 3505 2965 3576 Eritque
3021 3520 3152 3558 cum
3208 3501 3507 3557 dormierit
3551 3500 3822 3556 dominus

2189 3615 2356 3654 meus
2370 3615 2464 3653 rex
2479 3614 2610 3653 cum
2627 3596 2895 3668 patribus
2913 3593 3036 3649 suis
3053 3637 3065 3661 ,
3084 3593 3303 3648 erimus
3323 3592 3541 3662 ergo’et
3552 3589 3823 3645 Salomon

2186 3688 2346 3743 filius
2373 3704 2540 3742 meus
2561 3684 2969 3759 peccatores,id
2995 3687 3082 3738 est
3105 3697 3439 3736 mamzeres.
3464 3678 3635 3734 »inde
3651 3679 3824 3734 mise-

2187 3774 2497 3830 ricordiam
2520 3772 2723 3827 fecisse
2739 3772 2918 3827 Deum
2943 3786 3076 3825 cum
3099 3766 3574 3835 David,Salomon
3599 3765 3742 3821 dicit
3763 3764 3821 3819 in

2187 3862 2723 3935 subsequentibus:
2750 3878 2815 3916 co
2846 3860 2998 3932 quod
3044 3857 3223 3913 tilium
3245 3856 3344 3929 qui
3375 3855 3692 3911 secundum
3743 3854 3821 3910 le-

2186 3967 2318 4024 gem
2350 3967 2594 4005 mamzer
2622 3954 3170 4017 erat,successorem
3202 3945 3283 4001 illi
3319 3946 3467 4000 fecit.
3518 3944 3613 3998 Ait
3669 3943 3822 3999 enim

2184 4039 2301 4095 ita:
2338 4042 2412 4095 Tu
2439 4041 2623 4112 fecisti
2648 4055 2771 4093 cum
2798 4054 2949 4093 servo
2974 4046 3063 4091 tuo
3085 4033 3254 4091 David
3293 4034 3367 4106 (ὁ)
3399 4034 3825 4089 misericordiam

2181 4129 2521 4201 grandem,el
2550 4126 2750 4183 dedisti
2775 4128 2828 4182 ei
2844 4126 3026 4196 ﬁlium
3045 4124 3314 4180 sedentem
3335 4137 3499 4194 super
3553 4121 3815 4176 thronum

2180 4220 2294 4290 ejus
2321 4222 2463 4274 sicut
2495 4221 2572 4273 est
2592 4216 2856 4287 hodie(lll
2889 4220 3015 4286 Reg.
3051 4231 3132 4280 ιιι,
3163 4213 3239 4285 6).

2249 4306 2436 4376 (Vers.
2469 4307 2591 4375 33.)
2644 4330 2670 4355 ‹‹
2734 4303 2943 4360 Tollite
2998 4301 3299 4358 vobiscum
3359 4314 3555 4354 servos
3592 4297 3812 4355 domini

2178 4396 2375 4467 vestri,
2409 4400 2467 4451 et
2494 4394 2777 4466 imponite
2795 4392 3159 4448 Salomonem
3193 4389 3378 4445 ﬁlium
3412 4403 3606 4444 meum
3638 4404 3815 4460 super

2178 4484 2398 4541 mulam
2434 4500 2694 4540 meam.»
2724 4484 2930 4538 Servos
2961 4480 3054 4535 hic
3096 4479 3238 4535 dicit
3292 4476 3516 4533 Cerethi
3558 4482 3614 4531 et
3671 4475 3814 4539 Phe-

2175 4573 2342 4639 lethi,
2368 4574 2424 4629 id
2446 4578 2534 4629 est
2562 4572 2934 4645 septuaginta
2964 4586 3133 4627 senes
3154 4567 3405 4640 judices.

2246 4664 2405 4734 (Cap.
2440 4665 2507 4718 II.
2542 4694 2607 4703 -—
2631 4661 2795 4717 Vers.
2828 4660 2909 4731 5.)
2947 4679 2968 4708 ι
3001 4660 3156 4723 Quos
3220 4655 3452 4721 occidit,
3509 4658 3567 4710 et
3612 4653 3815 4711 eﬂ'udit

2174 4752 2523 4825 sanguinem
2551 4750 2687 4807 belli
2719 4750 2775 4805 in
2807 4766 2944 4822 pace
2964 4749 3035 4821 (c)
3061 4765 3073 4804 :
3107 4752 3165 4803 et
3193 4745 3388 4818 posuit
3428 4759 3701 4800 cruorem
3750 4742 3811 4797 in

2171 4912 2299 4965 ergo
2328 4912 2431 4967 pro
2483 4911 2605 4964 ego.
2654 4892 3024 4950 Ambrosian.
3078 4894 3131 4947 et
3176 4904 3408 4962 quoque
3464 4883 3814 4960 particulam

2172 4968 2473 5040 praeponit,
2505 4971 2557 5022 et
2583 4982 2700 5037 ego.

2163 5185 2475 5253 antequam,
2517 5186 2669 5255 etc.,_
2696 5180 3082 5255 desideretur.
3148 5173 3517 5255 Ambrosiam
3540 5170 3659 5255 hoc
3689 5186 3807 5255 uno

2163 5244 2352 5309 améo
2378 5244 2519 5307 mss.
2580 5244 2824 5308 abludit.
2876 5251 3028 5323 quod
3076 5245 3368 5323 versiculi,
3421 5245 3569 5301 Venit
3625 5244 3806 5323 autem

2165 5327 2391 5381 nuntius
2429 5326 2500 5379 ad
2547 5325 2699 5398 Joab,
2742 5319 2930 5398 usque
2974 5325 3093 5393 post
3127 5319 3425 5398 ⁸ᾼςζυηίᾳηιὶ
3488 5319 3801 5398 expositio.-

2164 5413 2296 5452 nem
2333 5397 2612 5469 praeponit
2644 5387 2993 5469 alteri;qu
3022 5392 3236 5469 occidit,
3276 5393 3325 5445 et
3356 5387 3544 5469 effudit
3587 5387 3805 5469 stingui:

2161 5486 2308 5523 nem.
2333 5457 2349 5469 ⁸
2385 5457 2603 5522 Desunt
2660 5484 2790 5523 vero
2819 5457 2911 5520 ad
2964 5457 3232 5538 priorem-
3263 5457 3466 5538 verSic,
3512 5458 3714 5538 verba.
3739 5457 3801 5512 Ut

2161 5541 2366 5594 scilicet
2391 5544 2682 5610 antequam
2732 5532 2980 5594 Attonitis.
3021 5537 3318 5607 affectasset
3366 5546 3613 5602 regnum,
3666 5532 3796 5592 ete.,

2161 5628 2350 5684 usque
2376 5612 2434 5666 in
2469 5613 2665 5666 tinem.
