3970 6388
211 353 369 424 “29

1157 357 1459 438 OUles'r.
1507 363 1874 428 aneane.
1922 362 1999 427 ιη
2043 363 2190 428 LIB.
2237 363 2321 428 1n
2366 359 2664 431 neeum.

3451 359 3609 428 N30

211 493 402 552 balteo
437 511 597 569 suo,-
629 501 738 554 etc.
771 498 1124 571 Sanguinem
1149 498 1283 554 belli
1307 500 1586 556 effudisse
1616 500 1848 569 dicitur,
1881 501 1934 566 Α
1966 501 2242 570 generatio
2294 503 2556 558 scientiae.
2607 497 2796 556 Mahol
2852 497 3221 572 indulgentia.
3303 495 3608 558 Generatio

209 585 352 658 quia
381 602 515 642 cum
558 593 714 644 esset
737 607 864 660 pax,
898 589 1200 645 suscitavit
1231 589 1468 645 bellum.

280 692 470 761 (Vers.
503 695 579 765 8).
619 718 644 745 ιι
669 697 860 752 Habes
889 713 1123 768 quoque
1155 698 1305 768 apud
1339 700 1397 751 te
1427 697 1618 752 Semei
1667 697 1852 751 ﬁlium

207 781 358 837 Gera
390 782 494 837 ﬁlii
527 783 754 839 Gemini
787 786 857 840 de
897 785 1197 850 Bahurini,
1232 787 1330 855 qui
1367 785 1661 840 maledixit
1707 785 1851 840 mihi

205 871 621 930 maledictione
639 876 950 945 pessima.»
972 875 1228 930 Pessima
1248 876 1520 931 Hebraice
1539 893 1851 931 NIMBEZETH

205 961 455 1033 (manu)
488 963 722 1033 dicitur,
757 965 910 1035 quod
944 966 1203 1036 quinque
1235 965 1441 1019 litteris
1494 965 1849 1037 enuntiatur,

202 1049 265 1104 id
297 1055 404 1120 est,
438 1068 581 1114 nun,
607 1068 782 1120 mem,
815 1069 926 1119 res,
960 1053 1117 1122 zade,
1152 1054 1314 1108 thau.
1353 1059 1411 1107 ln
1447 1071 1586 1122 nun,
1639 1072 1849 1123 NOEHH,

203 1135 265 1192 id
298 1145 386 1192 est
415 1139 634 1194 adulter
665 1157 877 1207 ;mem,
933 1159 1214 1197 MOABITAZ
1278 1159 1388 1210 res,
1436 1161 1592 1212 assa,
1647 1144 1704 1198 id
1767 1149 1853 1200 est

203 1227 415 1300 impius
449 1245 462 1295 ;
497 1230 655 1296 zade,
689 1231 971 1292 zannadd
1006 1236 1093 1286 est
1116 1232 1388 1300 leprosus;
1419 1233 1583 1301 thau,
1613 1251 1850 1302 TlIEEBA,

205 1315 268 1371 id
310 1320 398 1372 est
436 1317 798 1373 abominatus.
837 1343 855 1366 α
883 1320 1152 1390 Etjuravi
1185 1319 1233 1374 ei
1269 1337 1368 1391 per
1399 1321 1602 1388 Deum,
1633 1322 1849 1392 dicens,

202 1404 332 1461 Non
363 1409 420 1460 te
448 1405 790 1462 interﬁciam
824 1407 1037 1479 gladio,
1074 1430 1100 1456 ››
1133 1409 1232 1463 sed
1261 1408 1476 1481 lingua.

278 1511 462 1583 (Vere.
494 1513 610 1580 '22.)
644 1535 671 1562 «
704 1512 941 1569 Postula
964 1515 1014 1568 ei
1047 1519 1102 1569 et
1133 1531 1401 1586 regnum.
1431 1517 1558 1586 Ipse
1608 1522 1698 1570 est
1741 1518 1852 1571 fra-

205 1605 298 1656 ter
322 1619 487 1656 meus
513 1603 699 1672 major
719 1619 840 1658 me:
866 1608 923 1657 et
952 1602 1156 1658 habet'
1186 1604 1466 1660 Abiathar
1495 1607 1852 1661 sacerdotem

204 1695 264 1746 et
293 1691 438 1745 Joab
472 1689 658 1745 ﬁlium
690 1690 919 1746 Sarviae.
944 1713 968 1744 α
1003 1693 1062 1746 In
1099 1691 1335 1748 Hebraeo
1359 1695 1436 1748 ita
1460 1693 1705 1749 habetur
1735 1712 1747 1749 :
1782 1696 1854 1749 El

203 1779 474 1835 Abiathar
497 1779 779 1850 sacerdoti,
811 1785 865 1835 ct
910 1781 1040 1836 Joab
1093 1781 1214 1851 ﬁlio
1273 1783 1485 1840 Sarvize
1514 1801 1532 1839 :
1573 1785 1723 1855 quod
1777 1783 1856 1839 ita

202 1867 656 1940 intelligendum
689 1876 776 1924 est
807 1886 819 1924 :
864 1869 1099 1926 Postula
1151 1870 1222 1940 ei,
1257 1871 1314 1926 id
1374 1877 1480 1940 est,
1533 1873 1765 1927 Adionze
1795 1873 1930 1938 etB

201 1956 497 2012 Abiathar
525 1959 830 2023 sacerdoti,
864 1966 916 2013 el
945 1959 1090 2014 Joab
1123 1959 1240 2014 ﬁlio
1271 1961 1480 2014 Sarviie
1515 1977 1775 2033 regnum.

275 2064 463 2135 (Vere.
497 2065 614 2135 24.)
652 2066 789 2120 Vivit
819 2066 1082 2121 Dominus
1112 2067 1208 2135 qui
1234 2067 1363 2136 fecit
1415 2067 1557 2122 mihi
1607 2068 1846 2136 domum,

201 2153 350 2207 sicut
383 2153 593 2208 locutus
621 2157 699 2209 est
725 2171 736 2219 ;
762 2152 817 2206 id
843 2159 949 2216 est,
972 2154 1123 2208 sicut
1156 2154 1426 2225 promisit
1459 2155 1652 2226 David,
1716 2157 1851 2212 iecit

203 2258 301 2297 me
333 2245 396 2296 ut
425 2258 612 2296 essem
647 2258 744 2297 rex
777 2242 996 2297 Domus
1027 2243 1224 2297 David.

281 2330 464 2401 (Vers.
487 2331 600 2402 28).
634 2354 661 2381 ‹‹
688 2331 856 2386 Venit
887 2330 1130 2386 nuntius
1161 2332 1232 2386 ad
1261 2333 1426 2402 Joab,
1460 2334 1614 2404 quod
1673 2334 1848 2389 decli-

204 2423 408 2475 nasset
458 2425 590 2491 post
642 2419 925 2475 Adoniam
979 2425 1036 2474 et
1095 2437 1211 2475 non
1294 2421 1647 2478 declinasset
1718 2428 1852 2495 post

203 2508 642 2564 Salomonem.»
683 2509 737 2562 id
765 2514 873 2578 est,
906 2509 1063 2564 venit
1093 2509 1164 2564 ad
1197 2527 1330 2564 sum
1394 2513 1568 2579 fama,
1611 2513 1765 2583 quod
1789 2513 1847 2567 in

205 2597 384 2652 domo
398 2596 726 2653 Salomonis
742 2598 1032 2653 diceretur
1059 2597 1226 2653 illum
1253 2603 1513 2654 secutum
1540 2617 1652 2655 non
1668 2601 1849 2657 fuisse

206 2685 602 2757 Salomonem,
637 2691 731 2743 sed
766 2686 1090 2742 declinasse
1116 2693 1247 2759 post
1274 2689 1596 2744 Adoniam:
1631 2696 1695 2744 ut
1741 2691 1849 2746 sci-

199 2774 340 2831 licet
369 2781 685 2847 antequam
716 2778 975 2832 Adonias
1008 2779 1336 2833 affectasset
1381 2795 1646 2851 regnum,
1687 2780 1848 2835 Salo-

209 2879 446 2920 monem
476 2881 590 2918 non
615 2863 908 2932 dilexisse,
944 2882 1047 2920 nec
1069 2865 1119 2920 ei
1151 2866 1362 2921 favisse
1395 2884 1408 2932 ;
1442 2868 1540 2922 sed
1567 2869 1638 2922 ab
1661 2886 1725 2923 eo
1749 2869 1847 2923 de-

211 2951 462 3008 clinasse
484 2953 953 3024 diceretur,quod
979 2959 1164 3008 totum
1189 2943 1268 3009 rei
1292 2956 1556 3028 probavit
1584 2962 1844 3014 eventus.

277 3060 464 3129 (Vers.
491 3059 605 3131 34.)
637 3083 664 3109 ‹‹
699 3059 1093 3132 Sepultusque
1125 3065 1211 3115 est
1248 3061 1427 3116 Jacob
1459 3062 1515 3117 in
1536 3063 1709 3119 domo
1741 3081 1848 3118 sua

206 3149 268 3204 in
301 3149 544 3204 deserto.
576 3171 602 3197 ι)
623 3149 930 3204 Desertum
962 3149 1056 3204 hic
1089 3168 1190 3222 pro
1249 3152 1543 3207 munditia
1587 3153 1842 3224 ponitur.

1964 590 2218 645 scientiae
2251 590 2658 661 intelliguntur
2683 589 2992 646 duodecim
3015 589 3208 645 tribus
3229 589 3360 659 ;ﬁlii
3391 589 3607 656 Mabol,

1964 679 2022 734 id
2055 683 2144 734 est
2176 678 2279 734 ﬁlii
2309 680 2510 735 Jacob.

2036 768 2356 840 (Vers.32.)
2390 793 2416 817 ‹‹
2489 769 2742 824 Locutus
2772 773 2862 824 est
2913 768 3190 825 Salomon
3249 768 3362 824 tria
3420 767 3609 825 millia

1963 857 2398 930 parabolarum.
2435 880 2462 908 ››
2489 860 2548 914 In
2607 858 2933 914 Proverbiis
2988 858 3145 913 enim
3197 875 3402 915 versus
3459 875 3606 913 non-

1963 947 2120 1018 genti
2174 951 2230 1002 et
2287 947 2621 1018 quindecim
2700 947 3158 1015 continentur';
3245 947 3305 1002 in
3389 947 3605 1020 quibus

1961 1036 2136 1092 etiam
2165 1037 2540 1092 continentur
2560 1037 2674 1092 tria
2700 1036 2884 1092 millia
2916 1036 3225 1109 parabolae.
3288 1038 3456 1108 (Vers.
3488 1037 3600 1097 33).

1966 1146 1992 1174 ‹‹
2024 1126 2092 1180 Et
2120 1126 2358 1180 fuerunt
2387 1125 2647 1181 carmina
2668 1127 2794 1196 ejus
2824 1125 3085 1198 quinque
3131 1124 3336 1181 millia.
3389 1129 3455 1180 Et
3485 1126 3604 1182 dis-

1962 1213 2188 1286 putavit
2213 1231 2390 1286 super
2418 1214 2592 1287 lignis
2625 1232 2658 1270 a
2687 1215 2858 1270 cedro
2915 1231 3045 1287 quas
3101 1219 3190 1270 est
3247 1214 3304 1270 in
3362 1214 3604 1284 Libano,

1962 1319 2149 1374 usque
2175 1305 2244 1358 ad
2278 1303 2600 1376 hyssopum
2633 1321 2759 1375 quae
2790 1303 3088 1376 egreditur
3127 1305 3198 1360 de
3254 1304 3471 1376 pariete
3505 1320 3518 1360 :
3549 1308 3606 1361 et

1961 1391 2239 1447 disseruit
2269 1393 2339 1446 de
2361 1392 2668 1464 jumentis,
2704 1397 2760 1447 et
2789 1391 3147 1460 volucribus,
3181 1397 3236 1448 et
3276 1391 3604 1465 reptilibus,

1963 1485 2020 1535 et
2049 1481 2329 1552 piscibus.
2367 1504 2393 1530 »
2426 1480 2752 1552 Disputavit
2781 1481 2936 1536 enim
2961 1481 3032 1536 de
3063 1481 3292 1537 naturis
3313 1480 3604 1552 lignorum

1955 1568 2385 1638 jumentorum,
2421 1568 2716 1641 reptilium
2749 1573 2803 1624 et
2834 1569 3106 1641 piscium,
3133 1569 3204 1625 de
3235 1569 3289 1623 vi
3340 1569 3609 1624 videlicet

1963 1662 2022 1712 et
2040 1657 2265 1713 naturis
2294 1657 2551 1723 illorum,
2585 1662 2641 1712 et
2697 1663 2954 1730 tempore
3001 1675 3116 1730 quo
3177 1665 3520 1726 nascuntur,
3551 1663 3610 1715 et

1965 1764 2070 1802 cur
2100 1764 2214 1802 non
2238 1747 2436 1802 omnia
2465 1746 2520 1800 in
2557 1763 2905 1819 unaquaque
2935 1751 3089 1802 terra
3131 1751 3470 1803 nascantur.

2037 1837 2194 1908 (Cap.
2230 1837 2324 1892 Vl.
2359 1836 2610 1891 ——Vers.
2644 1837 2758 1908 37.)
2790 1858 2817 1885 «
2869 1838 3034 1892 Anno
3092 1840 3300 1908 quarto
3361 1837 3607 1893 fundata

1961 1931 2049 1982 est
2077 1927 2288 1981 domus
2321 1924 2549 1981 Domini
2600 1925 2656 1980 in
2717 1942 2919 1981 mense
2977 1926 3098 1981 Zib.
3135 1947 3163 1974 »
3221 1925 3440 1981 Mensis
3497 1925 3608 1982 iste

1958 2015 2174 2086 Aprilis
2205 2023 2312 2085 est,
2347 2015 2449 2086 qui
2481 2020 2537 2069 et
2572 2017 2676 2069 Var
2697 2020 2941 2070 vocatur
2970 2016 3066 2086 (b).
3101 2015 3200 2070 Zib
3227 2014 3382 2070 enim
3428 2015 3606 2071 inter-

1959 2108 2221 2175 pretatur
2261 2104 2460 2158 vultus.
2522 2103 2740 2158 Idcirco
2798 2103 3014 2169 vultus,
3068 2104 3205 2174 quia
3253 2103 3310 2158 in
3369 2104 3605 2160 dedica-

1955 2193 2112 2248 tione
2170 2191 2395 2263 templi,
2448 2191 2634 2246 nubes
2693 2191 2888 2265 gloriae
2931 2191 3128 2248 vultus
3169 2193 3400 2248 Domini
3463 2193 3608 2248 texit

1957 2280 2263 2352 templum.
2320 2281 2435 2335 Var
2490 2285 2683 2336 autem
2736 2281 3150 2352 interpretatur
3200 2297 3397 2352 pavor.
3472 2281 3606 2336 Ideo

1960 2385 2154 2441 pavor,
2188 2370 2326 2442 quia
2356 2369 2597 2424 timetur
2627 2385 2698 2425 ne
2729 2386 2796 2424 ea
2851 2385 2978 2440 quae
3038 2369 3234 2440 fruges
3281 2373 3449 2424 terra;
3500 2369 3608 2423 de-

1957 2458 2116 2523 bent,
2164 2459 2221 2512 in
2284 2458 2393 2513 hoc
2451 2474 2651 2514 mense
2707 2457 2858 2514 aeris
2917 2457 3367 2529 intemperantia
3421 2456 3609 2512 infru-

1957 2551 2158 2602 ctuosa
2191 2547 2350 2602 ﬁant.

2029 2635 2331 2708 (Cap.VlI.
2367 2635 2600 2691 ——Vers
2636 2635 2741 2705 -43,
2785 2635 2898 2706 44).
2934 2658 2962 2684 ‹‹
3013 2635 3172 2691 Misit
3226 2652 3459 2708 quoque
3515 2653 3614 2692 rex

1958 2724 2254 2795 Salomon,
2288 2729 2346 2780 et
2376 2724 2512 2780 tulit
2544 2725 2738 2780 [liram
2795 2725 2865 2778 de
2915 2725 3066 2796 Tyro
3110 2723 3297 2779 ﬁlium
3346 2723 3611 2780 mulieris

1957 2815 2143 2870 viduae
2171 2815 2240 2870 de
2263 2814 2420 2870 tribu
2458 2813 2812 2885 Nephtalim,
2874 2818 3040 2885 patre
3094 2812 3265 2886 Tyrio
3323 2813 3607 2868 artiﬁcem

1957 2904 2246 2959 aerarium.
2283 2926 2309 2952 »
2364 2903 2527 2959 Unde
2585 2908 2643 2958 et
2690 2903 2748 2957 in
2807 2902 3288 2974 Paralipomenon
3344 2900 3604 2974 legitur:

1957 2995 2079 3048 illisi
2110 3009 2234 3062 ergo
2288 2993 2390 3049 tibi
2445 2993 2630 3047 virum
2685 2991 3004 3064 prudentem
3064 2997 3114 3046 et
3163 2992 3603 3058 scientissimum,

1956 3084 2164 3137 Huram
2197 3091 2409 3154 patrem
2464 3098 2667 3151 meum,
2717 3079 2905 3152 ﬁlium
2967 3080 3230 3136 mulieris
3271 3081 3337 3136 de
3381 3080 3605 3151 filiabus

1963 3172 2100 3237 Dan,
2135 3172 2288 3241 cujus
2312 3175 2474 3242 pater
2505 3172 2695 3241 Tyrius
2722 3172 2830 3241 fuit
2881 3170 2953 3240 (II
3004 3171 3189 3224 Paral.
3235 3187 3294 3236 ιι,
3351 3170 3436 3236 t3,
3491 3169 3599 3240 14).

198 3237 423 3329 Μιλητία
455 3238 786 3329 θξξίπιλδίουῖ
808 3239 1104 3329 desertum
1135 3240 1347 3295 domus
1394 3242 1522 3310 eius
1557 3243 1741 3297 fuerat
1773 3243 1843 3296 8b
1879 3243 1921 3308 C
1961 3263 2028 3314 Et
2057 3237 2377 3314 notandum
2403 3237 2557 3329 quod
2603 3259 2660 3312 in
2706 3237 3010 3312 Malacbim
3043 3257 3272 3314 Hieram
3334 3237 3598 3312 dicitur:

199 3327 364 3384 omni
417 3326 738 3397 pollutione
787 3332 843 3382 et
883 3328 1186 3400 sanguine,
1242 3333 1476 3400 excepto
1560 3330 1848 3402 sanguine

199 3416 402 3472 Abner
429 3420 485 3470 et
511 3417 754 3471 Amasae.

275 3507 436 3578 (Cap.
461 3505 553 3560 ΙΙΙ.
589 3538 653 3544 -
689 3505 850 3560 Vers.
884 3507 963 3577 3.)
1000 3529 1024 3554 η
1068 3506 1277 3561 Dilexit
1326 3511 1519 3562 autem
1574 3507 1845 3563 Salomon

201 3593 541 3660 Dominum,
574 3594 883 3650 ambulans
906 3596 961 3649 in
999 3596 1300 3668 praeceptis
1323 3596 1501 3650 David
1526 3597 1706 3667 patris
1734 3597 1845 3652 sui:

199 3687 442 3754 excepto
475 3682 628 3754 quod
652 3683 709 3737 in
742 3683 986 3739 excelsis
1017 3683 1381 3739 immolabat.
1422 3708 1447 3732 »ι
1495 3685 1638 3740 llinc
1694 3691 1852 3756 patet

202 3770 480 3828 Salomon
513 3770 570 3825 in
603 3788 690 3840 eo,
725 3773 877 3842 quod
931 3772 1057 3828 ait:
1116 3774 1432 3828 Immolabat
1492 3777 1550 3828 in
1606 3776 1850 3841 excelsis,

202 3861 344 3933 quia
364 3865 619 3931 quatuor
639 3863 810 3915 annis
842 3866 1149 3917 cunctatus
1180 3868 1271 3917 est
1300 3862 1586 3918 aediﬁcare
1609 3865 1850 3918 domum

200 3949 458 4006 Domini.
487 3948 635 4004 Illud
672 3950 887 4022 quippe
917 3956 1042 4005 erat
1071 3952 1364 4007 excelsum
1415 3952 1759 4022 maximum,
1794 3953 1851 4008 id

201 4042 295 4096 est
325 4037 506 4093 altare
535 4037 677 4093 illud
713 4040 867 4110 quod
902 4039 1128 4111 Moyses
1161 4041 1388 4095 fecerat.

275 4145 436 4217 (Cap.
465 4144 637 4200 lV.—~
669 4145 831 4200 Vers.
866 4145 979 4216 49.)
1013 4168 1037 4194 ‹‹
1066 4147 1134 4199 Et
1187 4147 1489 4217 przet'ectus
1533 4164 1684 4201 unus
1731 4151 1856 4201 erat

203 4251 383 4306 super
413 4236 651 4289 terram.
693 4257 711 4283 ο
755 4235 864 4289 lste
897 4234 1198 4304 praefectus
1247 4235 1480 4290 Azarias
1528 4234 1684 4290 ﬁlius
1739 4235 1854 4289 Na-

199 4322 344 4377 than
375 4325 517 4390 erat,
565 4323 636 4377 de
697 4339 812 4393 quo
879 4338 1056 4394 supra
1122 4322 1397 4378 scribitur
1439 4343 1456 4378 :
1513 4325 1577 4378 Et
1628 4325 1856 4378 Azarias

202 4412 358 4483 ﬁlius
401 4410 615 4467 Nathan
670 4427 833 4482 super
874 4411 1161 4485 praefectos
1209 4413 1363 4484 (vers.
1407 4413 1483 4481 5),
1541 4430 1653 4467 non
1723 4429 1854 4484 ope-

204 4517 339 4557 rum
373 4500 472 4556 sed
505 4499 852 4572 simpliciter
883 4504 980 4570 (α).

1955 3348 2014 3403 in
2047 3347 2522 3419 Paralipomenon
2555 3363 2689 3402 vero
2719 3347 2960 3401 Huram.
2993 3346 3189 3401 Hiram
3219 3345 3374 3402 enim
3420 3346 3598 3400 inter-

1957 3440 2237 3510 pretatur,
2270 3439 2404 3491 vivit
2425 3437 2715 3490 sublimis:
2752 3435 2968 3490 Huram
3015 3443 3234 3501 autem,
3303 3439 3447 3490 Deus
3495 3451 3598 3489 ex-

1955 3526 2146 3582 celsus.
2183 3524 2378 3579 Hiram
2413 3523 2468 3578 in
2503 3524 2811 3579 Malachim
2853 3523 3066 3579 dicitur
3099 3523 3279 3580 fuisse
3303 3523 3375 3579 de
3430 3522 3602 3594 Tyro,

1958 3619 2016 3670 et
2047 3614 2205 3669 ﬁlius
2229 3612 2495 3668 mulieris
2529 3613 2712 3668 viduae
2745 3613 2816 3668 de
2846 3614 3002 3668 tribu
3062 3611 3394 3684 Nephtalim
3438 3614 3606 3684 patre

1961 3703 2489 3776 Tyrio.Sciendum
2523 3703 2675 3774 quod
2711 3703 2782 3757 de
2839 3701 2991 3756 tricu
3049 3699 3382 3772 Nephtalim
3442 3703 3608 3771 pater

1961 3795 2089 3864 ejus
2125 3792 2315 3862 fuerit,
2351 3808 2464 3863 quo
2498 3796 2749 3856 mortuo,
2781 3807 2926 3845 uxor
2955 3793 3239 3860 eius,quae
3271 3788 3364 3843 hic
3396 3786 3609 3844 mulier

1961 3883 2139 3936 vidua
2169 3881 2462 3947 scribitur,
2497 3880 2767 3935 eumdem
2791 3878 2989 3934 Hiram
3023 3877 3081 3932 in
3118 3878 3332 3948 Tyrum
3368 3875 3607 3931 misisse

1963 3971 2210 4026 docendi
2240 3970 2429 4041 gratia
2462 3969 2708 4033 dicatur,
2735 3972 2793 4023 et
2822 3985 2856 4021 a
2905 3983 3020 4037 quo
3069 3967 3277 4022 doctus
3333 3966 3392 4020 in
3451 3967 3603 4036 Tyro

1966 4060 2096 4126 fuit,
2130 4062 2293 4131 pater
2322 4058 2448 4127 ejus
2479 4056 2688 4127 Tyrius
2711 4060 2968 4110 vocatur.
3019 4053 3235 4110 Idcirco
3285 4058 3445 4127 patre
3500 4054 3608 4126 Ty-

1966 4147 2051 4202 rio
2076 4147 2255 4202 fuisse
2281 4145 2514 4213 dicitur,
2547 4163 2678 4200 cum
2712 4143 2912 4216 utique
2944 4148 3106 4216 pater
3154 4145 3284 4214 ejus
3336 4144 3407 4200 de
3453 4143 3610 4199 tribu

1968 4235 2299 4308 Nephtalim
2357 4234 2548 4290 fuerit.
2608 4234 2768 4298 Quod
2825 4250 2956 4288 vero
3005 4233 3063 4288 in
3130 4233 3610 4306 Paralipomenon

1968 4325 2204 4397 legitur.
2266 4324 2482 4379 Huram
2536 4339 2730 4396 regem
2789 4324 3054 4379 dixisse:
3110 4322 3234 4378 Misi
3287 4323 3389 4378 tibi
3433 4323 3616 4377 virum

1968 4414 2467 4487 prudentissimum
2517 4416 2566 4468 et
2622 4415 3066 4480 scientissimum,
3116 4414 3323 4467 Huram
3405 4419 3613 4479 patrem

1967 4521 2190 4559 meum:
2227 4507 2449 4574 patrem
2472 4501 2774 4575 dignitatis
2800 4502 2987 4573 gratia
3030 4517 3165 4557 eum
3217 4504 3401 4567 vocat,
3462 4500 3616 4555 sicut

281 4589 465 4662 (Vers.
497 4590 612 4678 3i.)
647 4614 671 4638 ‹‹
708 4590 775 4644 Et
805 4595 928 4645 erat
959 4590 1275 4662 sapientior
1325 4591 1553 4648 cunctis
1608 4591 1856 4648 homini-
1891 4613 1937 4678 D
1970 4593 2027 4648 in
2065 4591 2518 4665 plerisquelocis
2550 4591 2782 4664 legitur.
2819 4590 3025 4645 Filium
3053 4605 3185 4644 vero
3237 4587 3615 4678 mulierisude

205 4679 343 4735 bus.
375 4677 708 4750 Sapientior
742 4679 924 4733 Ethan
957 4680 1220 4746 Esraitze,
1253 4685 1309 4734 et
1344 4680 1567 4747 Emam,
1600 4686 1655 4735 et
1692 4681 1860 4736 Chal-

205 4766 362 4836 cbol,
394 4771 451 4823 et
476 4769 684 4837 Darda,
720 4767 854 4824 ﬁliis
885 4769 1094 4824 Mabol.
1135 4792 1162 4818 »
1229 4769 1416 4824 Ethan
1475 4771 1628 4825 enim
1685 4769 1859 4825 inter-

206 4860 493 4931 pretatur,
554 4857 902 4913 durissimus.
963 4858 1206 4925 Esraita,
1277 4859 1584 4914 orientalis.
1675 4859 1861 4914 Ethan

203 4946 336 5020 ipse
357 4949 447 5002 est
478 4946 773 5002 Abraham
809 4947 1130 5003 orientalis.
1193 4948 1376 5003 Eman
1436 4947 1535 5019 qui
1588 4948 1862 5020 interpre-

203 5035 366 5092 talur
394 5034 595 5106 ﬁdelis,
629 5040 718 5091 est
748 5036 992 5109 Moyses.
1045 5035 1297 5107 Chalcol,
1358 5036 1456 5108 qui
1517 5036 1860 5109 interpreta-

207 5131 329 5193 tur,
361 5126 702 5194 gubernans,
746 5129 836 5181 est
889 5125 1127 5198 Joseph.
1188 5126 1380 5182 Dnrda
1427 5125 1862 5198 interpretatur,

284 5269 299 5302 ¹
333 5268 595 5324 Verbum
627 5268 786 5324 habet
816 5269 874 5323 in
899 5269 1285 5325 Ambrosiano
1315 5285 1429 5324 ms.
1473 5271 1726 5334 non_est,
1758 5283 1864 5322 nec

211 5341 275 5396 in
308 5340 548 5466 qurmp
576 5341 813 5412 quidem
841 5358 906 5396 eo
939 5341 1111 5396 modo
1163 5345 1398 5397 resonat
1449 5341 1548 5396 scd
1573 5325 1631 5400 1‘7
1663 5325 1724 5396 et
1777 5341 1866 5394 illi

213 5429 370 5466 suun
399 5428 429 5466 e
458 5428 514 5466 es
543 5451 556 5464 .

213 5429 283 5469 su
377 5428 429 5467 te
458 5428 556 5467 est.

285 5429 419 5538 ’pE‘m
451 5482 562 5538 hoc
593 5482 738 5538 loco”
773 5482 1249 5538 manifestissime
1297 5483 1714 5555 comprobatur
1759 5499 1862 5538 au-

283 5629 364 5701 (a)
400 5627 624 5702 Isthaec,
659 5645 762 5686 non
796 5645 1021 5702 oper-um
1049 5631 1144 5686 sed
1173 5630 1517 5701 simpliciter,
1553 5644 1717 5684 meus
1750 5644 1862 5685 ms.

216 5718 334 5760 non
370 5701 654 5773 agnoscit.

1972 4682 2208 4737 filiabus
2241 4685 2355 4735 Dan
2389 4697 2521 4735 eum
2555 4684 2738 4742 vocat,
2773 4679 2910 4749 quia
2941 4683 3127 4733 mater
3147 4678 3277 4747 ejus
3333 4677 3403 4732 de
3456 4675 3614 4731 tribu

1975 4774 2095 4825 Dan
2127 4769 2349 4831 fuit,de
2405 4784 2614 4839 genere
2662 4764 2944 4822 Solomith
2999 4764 3216 4820 sororis
3265 4761 3466 4819 Ooliab
3511 4760 3616 4816 ﬁlii

1973 4859 2440 4927 Aizamas,cujus
2466 4856 2622 4910 ﬁlius
2653 4853 2937 4910 Solomith
2972 4851 3266 4926 Egyptius
3305 4850 3366 4906 in
3421 4866 3618 4907 eremo

1973 4947 2268 5020 lapidatus
2299 4951 2388 5001 est
2423 4964 2434 5001 :
2469 4961 2579 5000 non
2627 4944 2778 4999 enim
2831 4943 3036 4998 eadem
3068 4939 3358 4997 Solomith
3414 4942 3620 5012 sponte

1975 5038 2162 5094 eidem
2197 5035 2458 5108 IEgyptio
2483 5034 2796 5102 conjuncta
2829 5031 2938 5087 fuit
2967 5033 3060 5102 (c),
3110 5030 3210 5086 sed
3260 5029 3376 5084 vim
3435 5029 3508 5084 ab
3553 5044 3620 5085 eo

1975 5142 2252 5198 perpessa
2271 5129 2378 5180 est.
2415 5123 2634 5179 Idcirco
2667 5120 2893 5177 meritis
2914 5121 3041 5191 ejus
3070 5118 3287 5174 factum
3320 5117 3502 5174 fuisse
3533 5116 3620 5172 di-

1975 5273 2192 5324 ctorem
2227 5268 2426 5336 Quazs’t.
2461 5261 2942 5336 Hebraicarumin
2973 5260 3153 5316 libros
3198 5261 3443 5336 Regum,
3494 5263 3626 5336 post

1975 5329 2658 5411 doctores'Massoretbas
2678 5334 3020 5411 _scripisisse
3037 5351 3058 5411 _;
3092 5350 3227 5411 nam
3253 5329 3622 5411 Massorélbaa

1974 5410 2285 5467 Proverbia
2316 5407 2649 5478 Salomonis
2675 5406 2735 5460 in
2796 5401 3126 5478 nongentos
3174 5409 3232 5460 et
3288 5401 3622 5476 quindecim

1974 5499 2179 5539 versus
2208 5481 2393 5536 divisa
2410 5496 2536 5534 esse
2566 5477 2892 5533 voluerunt.

2045 5626 2121 5696 (b)
2151 5627 2211 5680 In
2247 5624 2486 5679 Ambros
2520 5638 2658 5696 ms.,
2691 5623 2785 5693 qui
2812 5622 3041 5696 etlaiar
3069 5624 3121 5677 et
3148 5622 3263 5678 Iiar
3291 5623 3532 5676 vocatur.

2045 5694 2116 5770 (c)
2149 5697 2212 5754 In
2245 5712 2372 5752 meo
2403 5711 2539 5751 ms..
2573 5695 2744 5765 fuisse
2771 5694 3106 5766 suspicatur,
3130 5696 3239 5749 etc.
