3970 6384
412 325 585 419 1434

1923 326 2346 397 ΔΡΡΕΝΒῙΧ.

439 461 611 539 citur,
647 465 707 518 ut
727 462 797 517 de
828 461 1061 533 ﬁliabus
1089 462 1217 534 ejus
1246 461 1380 521 talis
1411 468 1769 533 nasceretur,
1804 462 1902 535 qui
1937 479 2078 535 ope-
2110 464 2160 529 Α
2196 479 2347 521 rum.
2382 463 2451 521 Et
2479 479 2581 535 pro
2615 461 2723 523 hac
2755 481 2815 521 re
2850 463 3132 523 Dominus
3162 463 3213 521 ei
3244 462 3449 521 tribuit
3487 468 3551 519 ut
3604 463 3679 520 de
3722 480 3846 521 uno

440 551 759 623 rareturin
791 552 973 609 Domo
1024 552 1274 609 Domini.
1328 553 1472 608 Nam
1522 559 1581 609 et
1641 552 1872 609 meritis
1932 552 2083 609 Bala:

438 640 773 695 concubinae
792 640 971 695 Jacob
990 643 1283 712 quondam
1317 643 1531 697 factum
1560 642 1738 698 fuisse
1753 648 2087 710 autumant,

438 730 618 803 quod,
651 733 880 786 mortua
911 729 1145 798 Rachel,
1181 748 1296 788 non
1330 731 1517 788 solum
1574 731 1789 803 Joseph
1834 731 1892 785 in
1960 731 2087 787 loco

440 817 543 881 ﬁlii
576 818 843 873 educavit
877 836 1115 876 :verum
1149 820 1323 877 etiam
1358 838 1460 891 pro
1495 821 1772 881 fratribus
1821 822 1949 890 ejus
1999 820 2088 875 in-

437 904 727 972 tercessit,
760 906 1159 963 utimmemor
1183 913 1335 965 esset
1383 907 1609 979 injuriae
1667 909 1913 964 fratrum
1946 925 2089 965 suo-

2198 552 2327 623 ejus
2360 552 2477 608 filio
2509 553 2630 610 Dan
2679 559 3017 611 nasceretur
3071 554 3273 610 Ooliab
3320 554 3517 610 socius
3562 553 3847 619 Beseleel,

2198 643 2296 713 qui
2331 643 2645 698 aediﬁcaret
2666 644 2907 699 domum
2942 644 3173 700 Domini
3207 662 3221 710 ;
3256 650 3312 699 et
3342 644 3524 700 altero
3552 645 3681 714 ejus
3719 643 3847 698 ﬁlio

2198 731 2571 801 Ncphtlialim
2598 736 2937 788 nasceretur
2966 733 3292 805 Hiram,qui
3320 734 3562 791 domum
3608 732 3849 797 Domini

2199 820 2258 877 in
2288 820 2617 877 Jerusalem
2654 821 2979 879 fabricaret.

1125 1170 1254 1262 IN
1325 1169 1802 1264 LIBRUM
1873 1170 1912 1261 Ι
1985 1169 3065 1265 PABALIPOMENON
3108 1174 3155 1263 '.

505 1509 665 1582 (Cap.
701 1509 742 1565 Ι.
770 1541 837 1550 -
865 1508 1029 1564 Vers.
1071 1509 1177 1581 l9.)
1211 1510 1349 1565 Ebcr
1402 1511 1526 1565 nati
1579 1520 1706 1566 sunt
1760 1508 1866 1567 duo
1924 1510 2035 1581 ﬁlii
2066 1529 2083 1565 :

433 1616 636 1655 nomen
664 1601 785 1663 uni,
818 1598 1027 1671 Phaleg
1047 1618 1065 1654 :
1104 1601 1229 1671 yuia
1261 1601 1318 1654 in
1341 1599 1530 1655 diebus
1548 1602 1666 1672 ejus
1694 1600 1875 1656 divisa
1903 1608 1980 1656 est
2009 1600 2086 1671 (a)

434 1693 602 1745 terra.
639 1687 786 1753 Quia
823 1688 883 1743 in
916 1688 1123 1744 diebus
1184 1689 1313 1758 ejus
1374 1690 1524 1744 tacta
1579 1693 1665 1744 est
1725 1689 1927 1758 turris,
1987 1688 2087 1746 ubi

436 1778 703 1836 confusio
732 1776 1069 1851 linguarum
1094 1777 1243 1833 facta
1274 1782 1383 1832 est.

509 1867 694 1943 (Vers.
729 1867 842 1939 40.)
875 1890 903 1916 ‹‹
937 1866 1229 1922 Nembrod
1252 1865 1428 1938 cmpit
1456 1883 1585 1923 esse
1637 1866 1697 1921 in
1756 1870 1930 1933 terra,
1969 1889 1994 1915 n
2026 1866 2081 1922 id

434 1961 524 2033 est
546 1966 757 2030 potens.

506 2047 694 2118 (Vers.
725 2046 840 2117 32.)
899 2044 1155 2113 Cethvra,
1215 2043 1344 2117 ipsa
1389 2049 1477 2100 est
1537 2050 1748 2118 Agar:
1810 2045 1964 2117 quod
2024 2045 2083 2102 in

437 2134 666 2209 psalmo
726 2133 1155 2205 manifestatur,
1216 2151 1349 2189 cum
1413 2133 1673 2189 dicitur:
1724 2135 2086 2191 Tabernacula

437 2225 805 2282 Iduma’orum
833 2228 883 2280 et
923 2216 1329 2280 Ismaclitarum
1380 2224 1527 2326 bloab
1565 2233 1613 2326 et
1659 2223 2081 2326 Agarmzi(Psal.
2118 2262 2163 2326 Β

437 2332 648 2383 Lxxxn,
679 2316 757 2383 ‘7).
794 2313 1118 2371 Ismaelitas
1147 2329 1361 2367 vocans
1393 2312 1542 2368 ﬁlios
1577 2312 1804 2381 lsmael,
1833 2313 1932 2383 qui
1966 2313 2085 2368 uti-

436 2421 550 2481 que
580 2407 734 2477 Agar
762 2402 921 2457 ﬁlius
956 2401 1065 2457 fuit
1094 2419 1112 2455 :
1145 2406 1201 2457 et
1259 2408 1583 2473 Agarenos,
1637 2401 2006 2468 Madianitas,
2031 2406 2087 2458 et

437 2498 681 2549 caeteras
709 2492 923 2557 tribus,
946 2508 1093 2563 quas
1124 2491 1194 2545 de
1216 2488 1469 2546 Cethura
1516 2493 1870 2561 procreatas,
1922 2508 2088 2547 sacra

428 2583 669 2656 “Scrith
683 2598 743 2636 ra
772 2585 1210 2637 commemorat.

513 2671 699 2742 (Vers.
733 2670 853 2739 36.)
880 2668 1054 2741 Zephi
1087 2668 1244 2723 ﬁlius
1274 2668 1535 2740 Eliphaz,
1569 2691 1596 2717 »
1632 2667 1730 2739 qui
1764 2668 1822 2722 in
1876 2668 2085 2725 Genesi

443 2759 638 2833 Zepho,
668 2759 724 2814 id
757 2763 846 2814 est
872 2759 1198 2831 speculator,
1232 2757 1674 2813 nominaturzin
1705 2756 2089 2829 Paralipome-

439 2865 553 2921 non
589 2847 783 2919 Zephi,
819 2848 874 2903 id
907 2852 995 2902 est
1014 2845 1635 2918 speculatus.Scribitur
1663 2845 1816 2901 enim
1851 2864 1883 2900 ιι
1901 2853 2088 2903 trum-

438 2954 553 3012 que
581 2954 682 3009 per
711 2938 849 2992 sade
876 2937 1150 2992 litteram.
1184 2934 1354 3006 Sephi
1384 2933 1540 2989 ﬁlius
1572 2934 1732 2989 sobal
1772 2951 1783 2988 :
1821 2934 1879 2989 in
1921 2935 2088 2991 Para-

440 3024 796 3098 lipomenon,
834 3025 1061 3097 unipes.
1096 3024 1287 3095 Sepho
1345 3023 1401 3077 in
1461 3023 1668 3077 Genesi
1712 3029 1849 3095 (cap.
1895 3042 2085 3093 xxxw,

436 3133 578 3172 vers.
618 3116 726 3186 ll),
761 3115 924 3187 bipes
958 3132 970 3170 :
1006 3119 1379 3185 utrumquem
1417 3117 1613 3167 tamen
1667 3130 1767 3184 per
1821 3113 2087 3171 Sinlitte-

435 3222 583 3277 rain.
618 3206 875 3273 Thamna,
903 3204 1207 3259 concubina
1235 3201 1466 3274 Eli/ilia;
1532 3202 1688 3273 (Ibid.
1746 3203 1854 3273 42),
1905 3208 2091 3260 mater

437 3294 693 3361 Amalec,
729 3294 838 3348 fuit
869 3295 940 3349 de
971 3309 1182 3365 genere
1212 3291 1741 3362 Chorrazorum,qui
1779 3297 1913 3346 ante
1956 3293 2087 3347 Idu—

441 3401 616 3457 maeos
643 3383 1053 3438 habitaverunt
1082 3382 1137 3435 in
1171 3386 1324 3435 terra
1353 3382 1502 3435 Scir.
1540 3381 1648 3435 Sed
1681 3381 1738 3435 in
1790 3381 2086 3453 Paralipo-

444 3489 657 3527 menon
692 3471 838 3525 inter
858 3470 1100 3541 Eliphaz
1132 3469 1284 3524 ﬁlios
1307 3473 1703 3541 computatur,
1738 3486 1865 3540 quae
1898 3488 2089 3542 quan-

442 3577 621 3635 quam
654 3561 782 3631 ejus
815 3560 987 3615 fuerit
1017 3559 1364 3625 concubina,
1424 3563 1482 3614 et
1519 3576 1588 3613 ex
1647 3575 1714 3613 ea
1770 3559 2091 3630 susceperit

440 3649 674 3719 Amalec
706 3669 723 3704 :
758 3654 822 3704 ut
853 3648 1031 3704 ﬁliam
1063 3654 1256 3704 tamen
1290 3665 1416 3703 eam
1450 3647 1735 3703 educavit.

511 3739 701 3809 (Vers.
743 3739 858 3807 39.)
892 3761 919 3786 ‹‹
963 3738 1181 3793 Heman
1232 3736 1388 3793 ﬁlius
1440 3736 1703 3803 Lothan;
1754 3737 1811 3791 in
1870 3737 2079 3793 Genesi

436 3829 583 3901 (cap.
618 3845 806 3891 xxxvx,
838 3844 976 3883 vers.
1010 3827 1123 3896 22),
1159 3826 1210 3879 id
1234 3831 1322 3882 est
1348 3826 1676 3896 perturbans
1708 3844 1720 3881 :
1755 3826 1851 3895 qui
1886 3828 1940 3880 in
1978 3827 2077 3882 Pa-

433 3917 833 3990 ralipomenon
865 3915 1141 3973 scribitur
1171 3917 1416 3979 Homam,
1449 3914 1507 3970 id
1562 3919 1652 3970 est
1702 3916 2077 3986 perturbatus.

504 4002 688 4081 (Vers.
715 4005 829 4075 ΔΟ.)
858 4028 885 4055 ‹‹
921 4004 1102 4060 Filius
1136 4003 1311 4060 Sobal
1343 4002 1510 4058 Alian
1546 4004 1616 4058 de
1649 4020 1857 4076 genere
1908 4004 2081 4061 Chor-

434 4111 683 4167 reorum
717 4112 730 4163 ;
768 4116 795 4144 η
826 4094 885 4150 in
917 4093 1126 4150 Genesi
1177 4093 1335 4166 (Ibid.
1368 4094 1461 4159 23)
1520 4092 1819 4159 scribitur,
1877 4095 2076 4164 Atuan,

434 4182 492 4239 id
521 4189 610 4239 est
638 4186 911 4239 exaltalus
946 4201 957 4239 :
992 4184 1051 4237 in
1104 4181 1607 4253 Paralipomenon,
1658 4184 1842 4249 Alian,
1902 4183 1956 4239 id
1991 4188 2082 4240 est

432 4273 789 4349 ejectus[ms.
821 4273 1124 4345 dejectus];
1177 4270 1315 4342 quia
1362 4269 1608 4325 Chorraei
1669 4270 1902 4327 exaltati
1963 4273 2079 4330 fue-

435 4360 571 4421 runt
601 4368 916 4435 antequam
950 4362 1126 4416 Edom
1164 4365 1378 4414 terram
1410 4357 1569 4415 illam
1595 4366 1857 4431 caperet:
1887 4362 2077 4435 ejecti,

433 4457 744 4525 postquam
777 4453 851 4507 ab
882 4467 948 4507 eo
978 4446 1321 4520 triumphati
1354 4448 1600 4520 patriam
1624 4450 1968 4509 amiserunt.

2269 1509 2456 1579 (Vers.
2492 1511 2606 1579 41.)
2639 1533 2666 1560 ‹‹
2690 1508 2811 1566 Ha':
2838 1527 2977 1566 aran
3013 1510 3172 1566 ﬁlius
3212 1510 3411 1573 Dison.
3471 1511 3570 1566 ﬁlii
3630 1514 3779 1567 Ana.
3817 1535 3843 1560 ››

2198 1598 2256 1653 in
2313 1599 2816 1672 Paralipomenon,
2879 1601 3177 1663 Hamaran,
3218 1599 3276 1655 id
3344 1605 3430 1656 est
3504 1601 3839 1669 rubricatus,

2195 1688 2470 1755 sordidus,
2502 1689 2587 1744 vel
2621 1691 2980 1746 temulentus:
3013 1689 3071 1745 in
3098 1690 3299 1746 Genesi
3333 1690 3492 1757 (ibid,
3539 1692 3651 1757 26),
3713 1693 3843 1757 Am-

2195 1778 2305 1833 dan
2332 1780 2766 1851 concupiscibitis
2815 1784 3131 1850 Hamaran,
3164 1785 3220 1836 et
3245 1780 3469 1836 Amdan
3518 1781 3694 1837 unius
3734 1781 3842 1836 ho-

2195 1866 2373 1923 minis
2404 1885 2613 1924 nomen
2647 1874 2737 1924 est
2766 1868 2873 1942 [Αι.
2906 1869 3146 1925 nomina
3178 1869 3357 1942 sunt].
3470 1886 3475 1909 ι

2266 1957 2454 2029 (Vers.
2488 1958 2601 2029 42.)
2633 1980 2660 2008 ‹‹
2691 1957 2910 2013 Alchan
2942 1957 3095 2014 ﬁlius
3121 1960 3260 2015 Eser
3286 1959 3359 2015 de
3399 1975 3606 2031 genere
3661 1960 3837 2016 Chor-

2197 2063 2443 2102 morum
2476 2065 2490 2114 ;
2528 2069 2554 2095 ››
2586 2047 2644 2102 in
2677 2046 2884 2104 Genesi
2916 2048 3073 2119 (ibid.
3106 2048 3220 2119 27),
3257 2049 3554 2105 tribulator
3584 2066 3598 2116 ;
3628 2049 3686 2104 in
3727 2049 3835 2105 Pa-

2197 2134 2625 2208 ralipomenon,
2654 2136 2891 2202 Jac/mn,
2924 2137 2981 2191 id
3012 2142 3102 2192 est
3132 2136 3458 2193 tributatus.

2266 2225 2452 2293 (Vers.
2476 2226 2589 2296 50).
2615 2226 2786 2292 Phou,
2820 2226 2876 2280 id
2900 2230 2989 2281 est
3017 2230 3271 2283 eructans
3300 2243 3320 2281 :
3369 2226 3469 2298 qui
3527 2226 3584 2281 in
3626 2226 3837 2284 Genesi

2194 2314 2338 2380 (ibid
2384 2316 2476 2381 39)
2531 2315 2810 2370 scribitur
2863 2314 3039 2380 Phau,
3099 2315 3156 2370 id
3213 2319 3303 2370 est
3355 2319 3705 2371 cruciantes:
3776 2316 3837 2371 in

2196 2403 2706 2474 Paralipomenon,
2739 2404 2913 2465 Phou,
2954 2408 3212 2458 eructans
3246 2420 3258 2458 :
3292 2404 3461 2474 cujus
3493 2422 3636 2460 uxor
3670 2419 3837 2460 voca-

2196 2494 2368 2547 batur
2415 2491 2717 2558 Mcotabel,
2775 2493 2929 2564 quod
2978 2492 3396 2564 interpretatur
3450 2495 3689 2566 benigna
3730 2495 3839 2549 Do-

2194 2580 2521 2636 minizﬁlia
2546 2580 2783 2648 Matred,
2830 2580 2886 2635 id
2944 2585 3034 2637 est
3087 2581 3497 2653 dispensatricis
3552 2581 3661 2654 [AL
3724 2582 3839 2638 dis-

2194 2672 2519 2743 pensatoris]
2555 2688 2567 2725 :
2603 2669 2835 2725 Mezaab
2867 2671 3019 2741 [mss.
3054 2670 3380 2743 Emazaab],
3414 2670 3532 2727 {ilia
3560 2671 3840 2741 auriﬁcis,

2197 2776 2326 2831 quia
2358 2760 2505 2814 duos
2527 2763 2719 2830 patres
2750 2758 2967 2813 habere
2996 2758 3366 2826 describitur,
3396 2760 3467 2814 ad
3506 2759 3838 2833 signiﬁcan-

2197 2849 2336 2903 dum
2372 2846 2718 2919 mysterium
2744 2848 2853 2902 sub
2869 2864 2985 2902 una
3015 2848 3836 2919 interpretationenominum;

2197 2946 2260 2992 ut
2290 2938 2509 2992 aurifex
2542 2936 2809 3007 genuerit
2860 2936 3342 3006 dispensatricem
3372 2952 3385 2990 :
3446 2938 3837 3009 dispensatrix

2197 3025 2464 3098 genuerit
2495 3023 2914 3095 benignitatem
2942 3023 3196 3080 Domini.

2269 3114 2454 3185 (Vers.
2483 3115 2597 3183 52.)
2629 3114 2785 3179 Alua,
2818 3113 2878 3169 in
2901 3113 3106 3168 Genesi
3157 3112 3313 3181 (ibid.
3347 3114 3435 3180 40)
3493 3114 3832 3185 interpreta-

2198 3209 2294 3258 tur
2322 3204 2550 3259 elevatio
2582 3220 2595 3257 :
2622 3202 2775 3258 Aleia
2833 3202 2892 3257 in
2956 3201 3438 3273 Paralipomenon
3476 3219 3640 3274 super
3690 3221 3833 3259 eam.

2199 3294 2267 3348 Et
2298 3293 2619 3347 notandum
2644 3292 2799 3363 quod
2832 3291 3087 3362 primum
3120 3308 3285 3364 reges
3308 3292 3516 3348 dixerit
3534 3293 3604 3347 de
3636 3293 3837 3360 Edam,

2199 3387 2401 3452 postea
2422 3383 2619 3445 «luces,
2650 3397 2785 3435 cum
2820 3380 2983 3451 prius
3012 3381 3191 3434 duces
3251 3379 3483 3447 fuerint,
3535 3386 3593 3436 et
3640 3386 3843 3454 postea

2198 3486 2415 3542 reges:
2458 3486 2706 3541 quorum
2749 3469 2963 3524 ducum
3013 3469 3302 3540 quasdam
3354 3474 3587 3537 matres,
3639 3471 3695 3526 id
3748 3478 3842 3528 est

2200 3574 2428 3624 uxores,
2463 3558 2610 3613 Esau
2641 3557 2736 3612 hic
2770 3558 3052 3623 nominat,
3087 3562 3150 3611 ut
3195 3563 3283 3613 est
3345 3557 3641 3614 Oolibama
3694 3576 3842 3617 uxor

2117 3634 2159 3699 C
2198 3646 2371 3711 Esau,
2406 3651 2463 3701 et
2493 3646 2762 3702 Thamna
2791 3647 3120 3702 concubina
3149 3646 3408 3719 Elipbaz.

2261 3737 2422 3807 (Cap.
2449 3735 2515 3791 ll.
2553 3766 2615 3775 —
2640 3735 2804 3791 Vers.
2837 3738 2918 3806 '7.)
2962 3760 2989 3784 ‹‹
3045 3736 3247 3791 Acban
3310 3736 3467 3792 ﬁlius
3521 3736 3772 3802 Charmi,
3801 3760 3832 3787 η

2192 3826 2249 3880 in
2280 3830 2475 3893 Josue,
2534 3825 2739 3890 Achan,
2797 3824 2850 3878 id
2904 3829 2994 3879 est
3045 3825 3269 3881 coluber
3323 3825 3593 3881 insidians
3643 3827 3834 3897 (10m

2188 3932 2288 3985 vn,
2325 3914 2374 3983 1)
2410 3931 2424 3981 ;
2460 3916 2517 3967 in
2558 3912 3058 3978 Paralicomenon,
3095 3913 3286 3983 Achar,
3327 3913 3382 3969 id
3417 3918 3506 3971 est
3559 3915 3827 3972 turbator.

2261 4003 2444 4073 (Vers.
2477 4004 2531 4067 8,
2563 4003 2617 4068 9,
2664 4003 2773 4071 10.)
2832 4002 3060 4058 Calubai
3081 4004 3121 4072 ⁸,
3176 4002 3260 4059 vel
3287 4026 3314 4052 «
3376 4002 3617 4059 Chalubi
3668 4003 3831 4060 filius

2188 4093 2415 4159 Esrom,
2451 4091 2551 4146 ﬁlii
2588 4091 2823 4159 Phares,
2858 4090 2961 4146 ﬁlii
2990 4091 3145 4147 Jnda
3180 4109 3193 4159 ;
3255 4114 3282 4142 n
3343 4091 3468 4164 ipse
3527 4096 3615 4149 est
3651 4091 3822 4155 Caleb

2189 4180 2343 4238 ﬁlius
2371 4181 2652 4254 Jephone.
2686 4180 2860 4237 Caleb
2890 4181 3194 4245 Cenezazus
3226 4180 3627 4254 (b)delocoqui
3653 4198 3819 4245 voca.-

2187 4276 2284 4328 tus
2304 4270 2551 4329 Chanaz.
2595 4271 2721 4341 Ipse
2762 4270 2926 4325 duxit
2960 4286 3195 4325 uxorem
3219 4270 3433 4335 Azuba,
3464 4286 3532 4326 ex
3560 4287 3676 4343 qua
3722 4287 3823 4331 na-

2189 4365 2287 4417 tus
2318 4365 2406 4416 est
2436 4359 2695 4417 Gerioth.
2746 4358 2921 4414 Duxit
2975 4363 3034 4415 et
3090 4357 3263 4414 aliam
3311 4375 3547 4419 uxorem
3596 4359 3831 4416 nomine

2190 4449 2464 4521 prrata,
2496 4466 2565 4504 ex
2586 4465 2705 4520 qua
2726 4447 2985 4519 suscepit
3023 4447 3169 4514 Har,
3196 4447 3388 4504 virum
3420 4448 3611 4515 Marias
3665 4464 3826 4507 som-

504 4630 520 4665 ¹
555 4629 821 4687 Martian.
855 4627 1031 4682 habet
1048 4642 1075 4700 7:
1109 4625 1387 4700 incipiunt.
1417 4627 1749 4700 Quaestione:
1800 4628 2079 4688 Hebraica‘z
2184 4628 2419 4694 dierum,
2454 4626 2553 4698 qui
2578 4631 2815 4700 propter
2841 4626 3311 4700 magnitudinem
3340 4627 3497 4700 apud
3532 4644 3636 4685 nos
3686 4627 3830 4684 divi-

427 4703 638 4775 prioris
667 4701 850 4775 partis
872 4699 1005 4754 libri
1016 4697 1391 4775 _Dabreianzin
1420 4699 1537 4752 sive
1565 4699 2075 4775 Paralipomenon;

429 4769 531 4844 qui
559 4769 732 4828 titulo
763 4769 1059 4827 subnectit
1075 4769 1509 4844 Ahancnotam;
1546 4792 1573 4819 «
1633 4769 1817 4844 Hunc;
1847 4771 1977 4826 libri
2001 4773 2076 4827 ti~

432 4840 623 4901 bulum
655 4861 723 4899 ex
752 4858 881 4898 meo
914 4859 1023 4897 ms.
1057 4840 1322 4897 describo
1348 4857 1362 4895 :
1384 4840 1773 4912 quipraaterea
1797 4841 1918 4897 haec
1942 4846 2077 4899 sub-

427 4917 519 4973 dit
544 4934 612 4973 ex
639 4915 823 4971 minio
857 4930 871 4969 :
903 4915 967 4969 In
994 4913 1206 4984 quibus,
1240 4929 1289 4968 ,ςι
1327 4915 1427 4979 vis,
1476 4916 1597 4970 tene
1653 4913 1899 4970 ordinem
1956 4916 2074 4970 his—

428 4990 606 5052 torize.
641 4986 925 5060 alphabeto
953 5001 982 5040 e
1003 4986 1222 5053 regione
1252 4985 1444 5060 ofﬁce,
1468 4986 1805 5060 naturaliter
1834 4989 2073 5043 innitcre

428 5061 669 5116 rubrica.
698 5055 832 5115 Jam
853 5074 988 5113 vero
1011 5061 1183 5111 antea
1212 5061 1338 5110 erat
1368 5055 1425 5109 in
1477 5056 1649 5111 editis
1675 5072 1687 5110 :
1741 5058 2068 5126 Quiestioncs

2187 4716 2289 4755 sus
2320 4705 2427 4765 est,
2461 4699 2612 4769 quod
2676 4698 3161 4755 nonnulli‘etiam
3225 4699 3281 4753 in
3337 4698 3511 4754 Bruto
3542 4699 3832 4761 Ciceronis

2188 4769 2423 4844 Dialogo
2457 4770 2696 4837 faciunt,
2734 4775 2797 4824 ut
2825 4786 2959 4844 eum
2993 4769 3203 4844 intres
3237 4775 3431 4844 partes
3464 4775 3828 4844 secent,cum

2186 4841 2403 4898 unus'a
2434 4858 2540 4897 suo
2581 4846 2833 4914 auctore
2872 4841 2950 4914 sit
2998 4841 3210 4897 editus.
3238 4841 3270 4894 “ι
3309 4842 3518 4914 Sicque
3568 4843 3625 4898 in
3676 4843 3831 4900 duas

2186 4920 2399 4986 partes,
2434 4930 2549 4969 non
2580 4912 2763 4986 libros
2787 4913 2860 4968 ab
2888 4912 3097 4973 harum
3129 4912 3522 4979 Quaestionum
3577 4916 3836 4973 Auctore

2104 5001 2147 5066 D
2182 4984 2542 5112 disﬁrtitur.
2577 5007 2605 5034 »
2638 4984 2795 5068 Ερῐτ.

2352 5057 2482 5112 ulta:
2510 5060 2649 5112 sunt
2674 5074 2732 5112 in
2756 5074 2787 5111 a

2352 5057 2482 5112 ultae
2510 5060 2649 5112 sunt
2674 5057 2732 5112 in
2756 5060 2929 5112 antea
2945 5054 3116 5111 editis
3140 5055 3306 5113 libris
3336 5057 3831 5127 perlurbationes,,

426 5133 704 5187 Hebraicze
735 5133 796 5185 in
826 5131 992 5185 libros
1038 5128 1517 5202 Paralipomenon.
1565 5127 1783 5202 verum
1810 5131 2073 5202 imonuit
2177 5134 2480 5202 contextus
2510 5133 2567 5183 et
2596 5127 3039 5202 depravationes
3066 5130 3392 5193 nominum,
3425 5145 3571 5200 quas
3621 5128 3823 5202 singil-

424 5203 552 5273 ipse
584 5203 813 5257 Hieron.
846 5202 1074 5273 Praefat.
1101 5200 1159 5253 in
1182 5197 1336 5254 hunc
1368 5197 1581 5273 librum
1605 5200 1775 5267 juxta
1809 5201 1949 5273 LXX
1998 5203 2068 5257 ad
2181 5201 2341 5255 latim
2374 5197 2885 5273 recenserenimis
2917 5200 3153 5272 longum
3186 5206 3257 5273 et
3282 5197 3601 5273 poperosum
3651 5197 3814 5261 foret.

429 5271 737 5329 Domnion.
772 5280 827 5345 et
860 5272 1163 5345 Rogatiain.
1203 5288 1278 5345 τίς
1314 5274 1431 5324 Hoc
1462 5271 1718 5345 primum
1742 5271 2068 5345 sciendum,

429 5345 582 5419 quod
607 5345 759 5419 apud
791 5342 1060 5400 Hebraeos
1090 5342 1571 5419 Paralipomenon
1602 5342 1747 5419 liber
1774 5360 1941 5419 unus
1973 5342 2069 5419 sit,

426 5414 485 5471 et-
513 5414 667 5488 apud
698 5415 830 5471 illos
863 5421 1096 5473 vocetur
1136 5415 1323 5470 Dahre
1372 5414 1575 5479 iamin,
1636 5414 1693 5469 id
1733 5420 1839 5487 est,
1904 5417 2072 5473 Verba

508 5542 585 5611 (a)
616 5539 778 5594 Meus
808 5556 921 5594 ms.
947 5540 1030 5595 sic
1052 5538 1383 5594 exorditur:
1408 5539 1470 5593 In.
1500 5538 1871 5595 diebusHeber
1898 5541 2071 5597 divisa

423 5616 500 5666 est
516 5616 697 5681 terra,
716 5614 846 5681 quia
875 5613 930 5664 in
970 5611 1158 5666 diebus
1186 5612 1321 5680 ejus.
1357 5615 1464 5664 etc.

498 5684 579 5753 (b)
603 5680 805 5738 lethaeo
836 5681 1031 5750 verba,
1066 5682 1358 5739 Cenewus
1401 5682 1481 5751 de
1511 5682 1647 5753 loco,
1700 5685 1798 5754 qui
1854 5688 2073 5753 vocatur

2179 5273 2445 5329 Conferat
2479 5272 2579 5343 qui
2611 5271 2878 5338 voluerit,
2912 5278 3176 5343 nostram
3200 5271 3514 5327 editionem
3562 5289 3694 5330 cum
3723 5290 3817 5329 ve-

2178 5344 2421 5411 teribus,
2458 5342 2514 5399 et
2540 5360 2743 5398 verum
2777 5360 2870 5398 me
2900 5342 3090 5399 dicere
3124 5344 3544 5416 comprobabit.

2248 5546 2453 5603 Canas,
2489 5557 2615 5613 quae
2640 5540 2697 5595 in
2730 5540 2997 5613 Vulgatis
3019 5540 3218 5597 luxata
3247 5544 3403 5611 sunt,
3428 5543 3484 5613 et
3513 5545 3642 5611 post
3669 5542 3815 5597 Bese-

2182 5613 2282 5668 leel
2317 5613 2532 5684 posita,
2564 5613 2680 5669 huc
2711 5613 2782 5668 ad
2805 5612 2979 5668 ﬁdem
3019 5630 3164 5670 mss.
3199 5612 3612 5669 revocavimus.
