3970 6400
177 375 345 440 ’1433

1136 371 1441 450 ΟῙῙιΕΞΤ.
1490 370 1855 436 HEBBAIG.
1899 365 1980 433 ΙΝ
2027 371 2174 435 LlB.
2223 373 2243 434 l
2291 371 2650 438 PARALIP.

3425 365 3592 436 H34

186 510 268 565 ris
297 508 499 583 Moysi,
533 513 753 584 patrem
799 509 918 578 Uri,
970 527 1140 566 avum
1189 507 1462 574 Beselecl,
1514 507 1570 563 in
1622 505 1838 562 Parali-
1868 503 1926 572 Α
1955 503 2120 562 illum
2163 507 2234 563 de
2282 509 2505 564 semine
2555 508 2732 582 regio,
2783 506 3002 565 Moloch
3041 505 3166 564 vult
3195 503 3440 579 intelligi
3469 491 3595 563 ido-

185 615 474 671 pomenon
508 600 776 667 Chlubai,
826 601 985 656 canis
1036 615 1208 654 meus.
1243 599 1301 653 In
1344 599 1522 653 Josue
1553 601 1608 651 et
1638 597 1695 651 in
1725 596 1833 667 Ep-

181 689 364 744 tatico
420 691 584 755 (Fort,
635 689 1053 762 Heptateucho)
1103 688 1294 754 Caleb,
1339 690 1512 753 canis,
1546 688 1749 741 Esrom
1780 689 1836 740 et

179 777 444 849 Jepbone
475 794 660 833 unum
692 783 800 833 est.
834 783 974 832 Cum
1019 781 1210 832 autem
1246 781 1516 830 mortuus
1546 779 1700 831 esset
1730 775 1831 828 Es-

183 883 336 925 rom.
389 867 694 938 ingressus
746 872 835 921 est
882 865 1050 920 Calcb
1083 866 1152 920 ad
1184 865 1457 936 Ephrata.
1497 864 1715 919 Idcirco
1746 879 1835 917 vo-

183 959 353 1009 catur
381 955 554 1009 Caleb
587 955 837 1026 prrata
863 972 876 1008 :
911 955 1048 1026 quia
1084 953 1255 1009 Caleb
1299 954 1407 1008 fuit
1435 953 1519 1006 vir
1549 953 1831 1024 Ephratze,

183 1042 404 1098 Idcirco
453 1042 669 1098 dicitur
711 1045 913 1098 Esrom
968 1043 1269 1114 sexaginta
1308 1059 1492 1096 annos
1535 1041 1831 1106 habuisse,

184 1131 422 1202 quando
455 1131 676 1202 accepit
710 1148 945 1186 uxorem
981 1131 1160 1185 ﬁliam
1196 1130 1434 1196 Machir,
1462 1135 1526 1185 ut
1549 1135 1834 1185 monstre-

183 1225 286 1274 tur
336 1236 438 1291 per
485 1237 773 1275 annorum
826 1237 1161 1284 numerum,
1207 1221 1362 1274 etde
1394 1224 1634 1291 zEgypto
1667 1217 1831 1272 illum

186 1324 494 1380 egressum
529 1309 729 1375 luisse,
763 1313 820 1363 et
866 1309 925 1363 in
975 1313 1188 1364 terram
1241 1307 1711 1378 repromissionis
1741 1324 1832 1362 ve-

182 1395 365 1466 nisse,
401 1397 540 1468 quia
561 1414 595 1452 a
624 1397 828 1468 viginti
860 1398 1032 1453 annis
1062 1403 1116 1452 et
1147 1415 1325 1469 supra
1355 1398 1423 1452 ad
1456 1397 1834 1468 praeliandum

181 1485 671 1542 describebantur
703 1503 888 1558 usque
914 1488 983 1542 ad
1017 1503 1237 1541 annum
1267 1489 1710 1558 sexagesimum.
1749 1487 1835 1540 Ab

180 1591 338 1630 anno
380 1575 761 1644 sexagesimo,
810 1583 867 1631 et
917 1575 1098 1630 levita:
1147 1575 1502 1641 ministrare,
1535 1582 1590 1630 et
1621 1575 1836 1630 milites

177 1680 446 1736 pugnare
475 1664 838 1718 desinebant.
875 1665 1036 1720 Unde
1067 1668 1123 1719 et
1155 1664 1400 1719 Romani
1433 1682 1531 1720 eos
1562 1663 1835 1719 emeritos

177 1759 408 1820 vocant,
444 1753 543 1826 qui
570 1753 696 1823 jam
732 1753 983 1808 militare
1015 1755 1334 1808 desierunt.

253 1877 443 1948 (Vers.
480 1878 590 1946 11.)
634 1901 660 1926 «
696 1877 889 1932 Nason
940 1876 1144 1949 genuit
1191 1875 1406 1932 Salma.
1441 1899 1469 1924 »
1525 1877 1580 1930 ln
1618 1877 1836 1932 Parali-
1867 1875 1915 1939 B

181 1982 495 2037 pomenon,
558 1967 765 2034 Salma,
825 1966 884 2019 id
944 1970 1032 2020 est
1084 1982 1216 2036 pax.
1281 1967 1342 2020 In
1385 1965 1712 2036 Rutb(cap.
1756 1983 1830 2036 iv,

177 2071 319 2110 vers.
351 2056 465 2126 20),
508 2056 753 2121 Salmon,
789 2055 844 2109 id
886 2060 974 2110 est
1012 2055 1298 2126 paciﬁcus.

252 2172 439 2244 (Vers.
478 2174 591 2240 12.)
624 2172 682 2226 ln
738 2171 1246 2244 Paralipomenon,
1297 2171 1410 2226 lsai
1461 2172 1618 2226 ﬁlius
1651 2173 1832 2241 Obed,

177 2261 241 2318 id
274 2265 362 2316 est
389 2263 725 2330 sacriﬁcium
771 2277 976 2316 meum.
1033 2261 1094 2314 ln
1149 2277 1347 2332 regum
1402 2278 1533 2316 vero
1581 2262 1745 2317 Jesse
1775 2261 1832 2318 id

175 2356 269 2406 est
309 2351 648 2421 sacriﬁcium
695 2350 745 2421 (Ι
790 2351 916 2420 Reg.
969 2365 1082 2417 xvr,
1142 2352 1226 2417 1);
1274 2348 1431 2404 ﬁlius
1464 2349 1596 2416 Isai,
1626 2351 1836 2406 Abina-

173 2440 290 2505 dab
318 2459 336 2493 :
366 2439 520 2494 ﬁlius
555 2440 722 2504 Ram,
753 2437 1100 2493 Aminadab.

249 2555 436 2626 (Vers.
499 2555 608 2624 13.)
673 2555 734 2609 In
788 2553 1293 2625 Paralipomenon,
1338 2553 1598 2608 Simmaa.
1633 2555 1695 2610 In
1727 2556 1832 2611 Re-

173 2659 320 2714 gum
377 2647 605 2699 Sammu
663 2643 711 2713 (Ι
767 2643 872 2712 Reg
946 2659 1062 2708 xvr,
1137 2644 1212 2708 9).
1271 2643 1528 2709 Samma,
1591 2644 1834 2700 ibidem:

174 2732 463 2798 Simmaa,
497 2730 851 2786 exaudibilis.

252 2839 436 2910 (Vers.
502 2838 612 2907 16.)
673 2837 1175 2907 Paralipomenon,
1237 2838 1443 2902 Abisai,
1507 2838 1663 2894 illius
1708 2840 1836 2894 Sar-

172 2928 300 2995 viae,
360 2928 416 2981 id
475 2938 563 2982 est
616 2935 775 2998 pater
832 2927 1112 2996 sacriﬁcii.
1165 2928 1222 2980 ln
1267 2927 1512 2998 Regum,
1547 2929 1705 2983 Abisa
1735 2946 1832 3002 pa-

171 3021 258 3072 ter
287 3032 461 3083 meus,
495 3016 831 3085 sacriﬁcium
863 3017 908 3086 (Ι
947 3016 1074 3085 Reg.
1110 3031 1262 3083 xxw,
1294 3016 1369 3086 6).

244 3132 430 3202 (Vers.
490 3131 609 3202 22.)
668 3129 812 3196 Jair,
866 3131 1072 3200 judex,
1125 3129 1224 3200 qui
1269 3130 1327 3184 in
1358 3131 1654 3186 Judicium
1689 3137 1830 3204 (cap.

168 3240 229 3289 x,
288 3237 450 3277 vers.,
490 3221 544 3290 3)
599 3219 924 3313 scribitu‘r,‘
960 3217 1118 3313 ﬁlius
1168 3219 1372 3290 Segab,
1432 3219 1537 3273 ﬁlii
1599 3221 1824 3278 Esrom.
1860 3248 1902 3313 C

169 3310 394 3367 Idcirco
428 3309 486 3364 in
517 3308 794 3364 Judicum
824 3306 1156 3362 Galaadites
1180 3312 1440 3379 putatur,
1465 3309 1602 3380 quia
1627 3312 1826 3367 Esrom

167 3399 339 3456 duxit
369 3398 548 3452 ﬁliam
582 3397 801 3452 Macbir
835 3396 1018 3467 patris
1051 3395 1266 3452 Galaad
1312 3414 1572 3454 uxorem.
1599 3398 1834 3456 Viculos

171 3495 231 3546 et
251 3488 512 3544 civitates
553 3486 856 3557 sexaginta
900 3485 1160 3556 suscepit
1184 3486 1309 3540 Jair
1329 3486 1386 3540 in
1411 3486 1827 3560 baireditatem,

168 3595 238 3634 eo
266 3577 423 3649 quod
466 3581 620 3632 esset
651 3576 780 3630 avia
811 3575 939 3645 ejus
971 3573 1091 3628 ﬁlia
1124 3574 1366 3644 Machir,
1403 3575 1502 3630 ﬁlii
1538 3577 1827 3635 Manasse.

254 3693 442 3762 (Vers.
501 3692 617 3762 24.)
662 3690 930 3746 Assuhur
962 3691 1117 3745 ﬁlius
1149 3691 1348 3745 Esrom
1385 3696 1546 3762 pater
1576 3694 1826 3750 Thecue.

174 3782 414 3838 Thecue
443 3785 533 3836 est
561 3779 762 3836 civitas
793 3780 864 3834 de
896 3795 1013 3850 qua
1056 3779 1315 3851 sumpsit
1344 3779 1492 3836 Joab
1525 3781 1828 3840 mulierem

170 3871 516 3943 sapientem.

247 3986 434 4059 (Vers.
468 3985 582 4058 26.)
618 3986 803 4040 Onam
832 3983 991 4038 ﬁlius
1016 3983 1304 4041 Jerameel
1339 3985 1441 4039 ﬁlii
1474 3986 1700 4055 Esrom,
1733 4005 1827 4043 ac-

169 4076 327 4149 cepit
366 4091 576 4130 nomen
608 4073 793 4129 Onam
828 4073 926 4126 ﬁlii
967 4073 1141 4139 Juda,
1173 4073 1272 4143 qui
1325 4078 1596 4130 mortuus
1619 4082 1726 4130 est.
1759 4078 1828 4132 Et

167 4166 230 4222 in
260 4181 329 4221 eo
381 4164 678 4229 differunt,
740 4162 894 4234 quod
957 4160 1114 4215 ﬁlius
1163 4161 1330 4215 Juda:
1371 4161 1430 4215 in
1462 4163 1692 4219 llebreo
1725 4181 1827 4236 per

166 4273 308 4322 nun,
343 4253 501 4309 ﬁlius
537 4269 672 4308 vero
699 4249 987 4307 Jerameel
1017 4266 1120 4321 per
1150 4266 1290 4304 mem
1317 4249 1675 4306 scribuntur.

236 4371 422 4440 (Vers.
481 4370 597 4442 32.)
658 4369 722 4423 In
804 4366 1324 4438 Paralipomenon:
1405 4366 1562 4422 ﬁlius
1640 4369 1824 4424 Jelher

165 4459 516 4520 Ismaelites.
579 4459 640 4513 In
729 4457 954 4528 Regum
1012 4455 1168 4510 ﬁlius
1223 4457 1411 4511 Jethra
1471 4455 1816 4514 Ismaelites.

157 4547 384 4613 Jetbra,
439 4545 722 4602 residuum
763 4547 843 4614 (II
897 4546 1019 4615 Reg.
1080 4561 1164 4611 ιιι,
1196 4545 1306 4614 5):
1366 4543 1581 4612 Jether,
1637 4546 1812 4600 modi-

153 4654 293 4699 cum,
312 4636 610 4698 residuum.
669 4634 849 4690 Filius
910 4632 1230 4690 Ismaelites
1275 4639 1534 4704 vocatur,
1577 4640 1811 4707 propter
1841 4619 1888 4683 D

155 4726 499 4788 meritorum
546 4723 887 4797 qualitatem
901 4765 913 4780 .

226 4842 414 4914 (Vers,
479 4841 592 4912 34.)
645 4839 792 4906 Alai,
851 4840 1001 4909 ﬁlius
1060 4839 1249 4910 Sesan,
1306 4840 1431 4912 ipse
1475 4843 1563 4895 est
1602 4839 1809 4896 Elime-

154 4931 283 4987 lech
317 4933 482 5002 pater
510 4927 736 4984 Maalon
767 4932 826 4983 et
871 4928 1129 4984 Cbelion.
1182 4929 1385 4988 Sesam
1435 4928 1565 4986 ideo
1597 4928 1812 4987 dicitur

157 5019 312 5086 ﬁlios
343 5035 458 5075 non
512 5018 826 5076 habuisse:
880 5017 1018 5089 quia
1044 5017 1140 5073 isti
1174 5017 1394 5091 absque
1428 5017 1562 5074 ﬁliis
1593 5019 1810 5076 mortui

158 5113 320 5168 sunt.

228 5225 411 5297 (Vers.
446 5223 558 5294 41.)
596 5243 623 5274 ι
663 5221 922 5278 chamia
950 5220 1153 5295 genuit
1182 5220 1457 5290 Elisama,
1494 5244 1521 5271 »
1554 5223 1615 5278 In
1641 5223 1809 5279 Jers-

156 5316 276 5371 mia
306 5327 444 5386 (cap.
508 5316 592 5379 b0,
652 5330 794 5368 vers.
849 5313 942 5383 8):
1004 5311 1231 5376 lsmael,
1297 5310 1451 5366 ﬁlius
1483 5312 1806 5382 Nathaniae,

151 5404 311 5460 ﬁlius
359 5401 612 5459 Elisama
634 5402 703 5458 de
731 5417 941 5474 genere
983 5399 1160 5474 regali
1194 5404 1290 5468 (α).
1311 5402 1469 5466 Quod
1505 5419 1636 5458 vero
1665 5403 1808 5459 dicit

221 5653 397 5781 (agdn
450 5669 578 5708 meo
639 5668 774 5720 ms.,
833 5653 903 5709 de
957 5666 1151 5722 genere
1178 5655 1348 5706 Jeraa
1376 5652 1663 5723 Egyptii:
1698 5670 1801 5724 pro

221 5743 276 5781 ια
302 5742 341 5780 i.

148 5742 341 5799 regali.

1943 594 2064 650 lum
2100 597 2267 652 Moab
2296 613 2308 651 :
2343 599 2496 669 quod
2533 598 2588 653 in
2622 598 2856 654 Hebraeo
2887 615 2984 654 rex
3015 597 3447 669 interpretatur.

2015 721 2200 791 (Vers.
2250 722 2362 792 42.)
2412 724 2551 795 Ziph
2604 739 2814 779 nomen
2863 723 2974 778 loci
3006 727 3114 790 est,
3148 740 3181 778 a
3211 738 3326 793 quo
3359 723 3597 778 fuerunt

1945 809 2179 881 Zipliagi.
2214 812 2313 882 qui
2347 817 2631 869 venerunt
2657 814 2726 868 ad
2757 812 2913 867 Saul.

2016 926 2201 996 (Ibid)
2257 929 2461 983 Maresa
2535 929 2716 1000 patris
2777 930 2989 985 Ebron.
3045 928 3234 983 Ebron
3289 925 3451 983 locus
3507 930 3597 984 est

1945 1015 2045 1069 ubi
2075 1016 2252 1070 David
2289 1018 2549 1088 regnavit
2579 1023 2801 1090 septem
2842 1018 3033 1074 annis.

2016 1122 2198 1193 (Vers.
2252 1125 2364 1193 43.)
2409 1147 2434 1172 α
2471 1124 2595 1179 Filii
2648 1141 2779 1180 vero
2831 1126 3042 1192 Ebron,
3091 1124 3274 1180 Chore
3309 1141 3321 1179 :
3355 1128 3412 1180 et
3439 1122 3592 1179 Tha-

1944 1211 2150 1284 phihu,
2186 1217 2241 1267 et
2283 1212 2513 1278 Recem,
2547 1214 2807 1285 Samma,
2843 1214 2946 1269 ﬁlii
2979 1219 3121 1270 sunt
3152 1218 3388 1268 Maresa.

2015 1336 2179 1402 (Vers
2210 1338 2321 1406 44.)
2354 1338 2592 1392 Samma
2623 1341 2816 1393 autem
2868 1337 3070 1411 genuit
3101 1337 3321 1393 Rabam
3371 1341 3593 1409 patrem

1943 1425 2272 1480 Jerchaam.
2301 1449 2327 1475 ››
2359 1426 2664 1482 Jerchaam
2697 1425 2858 1482 locus
2887 1430 2998 1482 est.

2016 1541 2204 1611 (Vers.
2263 1543 2375 1608 45.)
2426 1564 2453 1591 ‹‹
2487 1541 2653 1596 Maon
2705 1541 2858 1596 ﬁlius
2906 1541 3162 1596 Sammai
3215 1544 3380 1614 pater
3422 1540 3597 1596 Beth-

1939 1646 2067 1684 ~sur.
2101 1651 2128 1680 ιι
2168 1630 2414 1684 Bethsur
2441 1647 2651 1685 nomen
2686 1630 2791 1685 loci
2829 1636 2916 1685 est
2945 1634 3002 1684 et
3041 1630 3113 1684 ab
3163 1631 3364 1686 eodem
3425 1630 3596 1684 Maon

1944 1717 2107 1774 locus
2165 1735 2376 1773 nomen
2435 1719 2679 1790 accepit,
2741 1718 2840 1789 qui
2897 1718 2955 1773 in
3038 1719 3259 1790 Regum
3320 1719 3599 1774 scribitur

1948 1809 2112 1865 Maon
2144 1809 2188 1879 (Ι
2221 1811 2346 1876 Reg.
2381 1825 2540 1875 xxm,
2572 1810 2684 1875 24).

2016 1925 2200 1996 (Vers.
2237 1925 2347 1994 46.)
2402 1924 2601 1988 Gazez,
2664 1923 2721 1978 id
2777 1927 2865 1978 est
2921 1931 3144 1979 tonsor:
3193 1922 3351 1980 ﬁlius
3382 1923 3596 1992 Haran,

1945 2012 2047 2067 ﬁlii
2077 2013 2273 2077 Caleb,
2315 2012 2438 2084 ipsc
2470 2017 2558 2068 est
2589 2011 2771 2068 Nabal
2799 2011 3106 2068 carmelus.

2015 2112 2198 2183 (Vers.
2234 2112 2346 2182 49.)
2369 2111 2522 2166 Saab
2555 2110 2712 2166 ﬁlius
2737 2110 2945 2166 Jaddai
2970 2115 3131 2183 pater
3161 2111 3471 2167 Madmena
3501 2113 3596 2184 (ὁ).

1943 2202 2251 2257 Madmena
2298 2200 2460 2255 locus
2511 2205 2617 2254 est.
2684 2201 2794 2255 Sue
2838 2205 3001 2271 pater
3030 2200 3366 2256 Machbena.
3400 2202 3602 2258 Mach-

1944 2291 2096 2346 bena
2129 2289 2290 2344 locus
2321 2294 2406 2343 est
2434 2314 2448 2355 ;
2483 2294 2538 2344 et
2571 2289 2808 2343 fuerunt
2837 2289 2896 2343 hi
2929 2289 3031 2344 ﬁlii
3063 2289 3254 2346 Caleb.
3279 2291 3347 2345 Et
3372 2295 3598 2363 patrem

1943 2380 2159 2448 Gabsa,
2195 2379 2250 2433 id
2295 2383 2382 2434 est
2412 2377 2576 2433 locus
2609 2379 2764 2433 unde
2794 2377 2905 2433 fuit
2933 2378 3092 2434 Saul.
3594 2378 3608 2390 '

2014 2503 2202 2576 (Vers.
2234 2504 2350 2572 50.)
2404 2501 2700 2574 Ephrath:
2756 2503 2896 2574 quia
2935 2503 3007 2558 de
3037 2502 3310 2574 Ephraim
3344 2503 3490 2560 fuit:
3523 2505 3598 2561 ab

1943 2593 2070 2662 eius
2127 2593 2362 2648 nomine
2411 2591 2703 2649 Bethleem
2749 2591 3001 2664 prrata
3051 2599 3305 2647 vocatur.
3351 2593 3506 2664 (Cap.
3539 2611 3595 2665 Χ,

1941 2697 2082 2735 vers.
2119 2683 2194 2747 8.)

2016 2780 2185 2849 (Ibid.
2221 2783 2279 2833 et
2306 2779 2397 2849 5|)
2439 2801 2458 2826 ιι
2498 2777 2624 2834 Filii
2657 2779 2798 2847 Hur,
2850 2777 3025 2834 Sobal
3081 2783 3243 2849 pater
3271 2778 3599 2837 Cariatbia-

1943 2868 2076 2933 rim,
2110 2874 2166 2922 et
2196 2867 2398 2922 Salma
2429 2873 2594 2940 pater
2618 2867 2933 2924 Bethleem.
2971 2867 3212 2938 Hariph,
3237 2873 3398 2939 pater
3426 2869 3598 2925 Beth-

1943 2957 2139 3027 gader.
2179 2980 2205 3003 ››
2254 2955 2686 3024 Cariathiarim,
2729 2961 2786 3010 ct
2835 2955 3150 3026 Bethleem,
3187 2962 3244 3011 et
3272 2957 3600 3031 Betbgader

1943 3045 2184 3099 nomina
2213 3043 2474 3100 locorum
2527 3050 2684 3099 sunt.
2731 3043 3161 3114 Cariathiarim,
3207 3045 3335 3117 ipsa
3363 3051 3454 3102 est
3485 3046 3588 3103 Ca-

1945 3133 2238 3188 riatharbe
2261 3139 2316 3187 et
2337 3131 2705 3187 Cariathbaal
2724 3138 2780 3186 et
2796 3133 3008 3198 Ebron,
3030 3150 3157 3204 quae
3182 3133 3595 3190 Cariatbiarim

1941 3227 2202 3287 vocatur,
2243 3223 2299 3276 id
2331 3230 2412 3276 est
2445 3223 2640 3276 civitas
2668 3222 2959 3288 silvarum,
2992 3222 3378 3293 Cariathbaal,
3401 3225 3595 3279 civitas

1944 3313 2177 3365 mariti:
2229 3310 2624 3376 Cariatbarbe,
2673 3312 2866 3365 civitas
2913 3318 3185 3380 quatuor:
3236 3328 3362 3383 quae
3391 3311 3593 3368 omnia

1943 3399 2310 3471 interpretari
2340 3405 2588 3471 possunt
2626 3400 2684 3454 in
2733 3399 3103 3472 patriarchis,
3136 3401 3233 3471 qui
3269 3399 3347 3455 ibi
3378 3400 3592 3474 sepulti

1943 3494 2098 3543 sunt.

2013 3592 2197 3658 (Vers.
2231 3589 2319 3648 52,
2369 3587 2484 3656 53.)
2519 3609 2546 3636 ‹‹
2580 3586 2752 3642 Sobal
2812 3593 2973 3658 pater
3000 3587 3402 3643 Cariathiarim
3430 3588 3593 3644 vide-

1941 3676 2041 3732 bat
2086 3675 2398 3732 dimidium
2453 3676 2905 3747 requietionum,
2942 3699 2968 3725 »
3028 3681 3264 3748 propter
3317 3676 3588 3732 viciniam

1940 3766 2193 3838 sepulcri
2248 3765 2753 3837 patriarcharum:
2805 3766 2974 3836 cujus
3021 3765 3125 3820 ﬁlii
3164 3765 3401 3820 fuerunt
3431 3789 3458 3815 ‹‹
3490 3766 3587 3821 Je-

1937 3855 2106 3924 threi,
2139 3859 2195 3910 et
2245 3854 2471 3918 Phutci,
2520 3857 2577 3908 et
2625 3853 2933 3919 Semethei,
2983 3857 3040 3908 et
3086 3853 3352 3908 Maserei.
3383 3854 3465 3909 Ex
3493 3853 3586 3910 his

1937 3946 2155 4016 egressi
2207 3948 2343 3998 sunt
2393 3942 2630 3997 Seraitze
2662 3947 2718 3996 et
2772 3941 3099 3997 Estaolitre:
3146 3965 3174 3991 »
3213 3942 3312 4014 qui
3346 3943 3587 3998 nomina

1937 4031 2196 4087 locorum
2229 4032 2416 4088 sortiti
2475 4036 2635 4100 sunt,
2671 4031 2726 4084 id
2776 4035 2865 4085 est
2910 4031 3090 4086 Saraa
3131 4036 3188 4086 et
3235 4031 3449 4099 Estaol,
3484 4033 3583 4088 ubi

1934 4121 2204 4192 sepultus
2251 4126 2340 4177 est
2385 4121 2634 4176 Sanson.
2670 4119 2969 4191 Requietio
3002 4118 3341 4191 sepulcrum
3370 4120 3584 4177 intelli-

1931 4210 2108 4282 gitur.

2003 4309 2186 4379 (Vers.
2246 4309 2361 4378 54.)
2414 4331 2441 4356 ‹‹
2482 4306 2613 4363 Filii
2662 4305 2879 4371 Salma,
2935 4305 3038 4361 ﬁlii
3069 4306 3167 4373 Ur,
3201 4307 3492 4364 Bethleem
3525 4311 3585 4364 et

1930 4397 2258 4470 Netophati,
2298 4420 2324 4445 ››
2356 4398 2454 4468 qui
2487 4397 2547 4451 in
2572 4397 2904 4468 Regnorum
2929 4396 3302 4452 scribuntur:
3325 4397 3580 4453 Eleanan

1929 4486 2030 4540 ﬁlii
2085 4487 2274 4558 patrui
2321 4487 2449 4557 ejus
2481 4487 2551 4541 de
2583 4485 2898 4553 Bethleem,
2931 4490 2988 4541 et
3024 4485 3162 4540 Eleb
3195 4485 3354 4542 ﬁlius
3383 4486 3580 4541 Baana

1927 4575 2345 4646 Netophatites.
2381 4576 2488 4640 Qui
2523 4575 2739 4630 idcirco
2786 4575 3125 4629 scribuntur
3147 4589 3364 4631 coronae
3390 4574 3578 4630 domus

1921 4664 2102 4730 Iacob,
2165 4671 2402 4736 propter
2444 4663 2779 4719 societatem
2839 4679 2956 4734 qua
3012 4666 3216 4717 mutuo
3263 4662 3321 4716 in
3362 4662 3576 4735 preliis

1925 4753 2243 4807 utebantur
2298 4753 2483 4821 Sarai,
2517 4753 2573 4806 id
2635 4756 2726 4807 est
2780 4751 3038 4819 Saraitze,
3093 4751 3163 4806 de
3223 4768 3337 4824 quo
3395 4768 3576 4824 supra

1924 4840 2147 4896 dictum
2177 4845 2284 4897 est.

1991 4957 2177 5028 (Vers.
2231 4956 2348 5028 55.)
2399 4955 2576 5011 Jabcs
2624 4954 2783 5010 ﬁlius
2831 4953 3075 5025 Sobaba,
3125 4955 3196 5011 de
3245 4955 3448 5028 quoin
3481 4971 3572 5012 se-

1919 5045 2234 5117 quentibus
2278 5044 2573 5109 scribitur,
2625 5060 2691 5099 eo
2741 5043 2894 5115 quod
2935 5043 3257 5099 exaudierit
3298 5060 3433 5099 eum
3463 5043 3572 5101 Do-

1917 5133 2134 5204 minus,
2183 5134 2294 5189 fuit
2340 5134 2564 5200 doctor,
2615 5133 2672 5188 in
2723 5134 2895 5204 cujus
2939 5137 3252 5204 conspectu
3284 5133 3568 5191 sedebant

1916 5223 2022 5278 ﬁlii
2054 5223 2253 5288 Cinaei,
2286 5222 2387 5294 qui
2418 5226 2475 5278 et
2504 5222 2686 5289 Obab,
2720 5221 2945 5294 cognati
3003 5220 3205 5294 Moysi,
3239 5219 3339 5294 qui
3369 5221 3428 5278 in
3456 5221 3566 5279 hoc

1919 5312 2064 5368 libro
2091 5312 2299 5368 'scribae
2350 5316 2649 5367 vocantur.
2695 5316 2976 5367 Canentes
3019 5315 3192 5383 atque
3221 5316 3564 5369 resonantes

1913 5401 2045 5459 ideo
2093 5402 2451 5470 scribuntur,
2501 5417 2566 5457 eo
2599 5402 2754 5474 quod
2807 5401 3044 5458 assidue
3092 5400 3150 5455 in
3204 5400 3350 5474 Lege
3376 5400 3474 5458 Dei
3506 5405 3565 5458 et

1981 5655 2060 5722 (α)
2086 5653 2250 5707 Meus
2282 5667 2421 5706 mss.
2456 5648 2710 5777 primum
2734 5648 3046 5714 Machbcna,
3067 5650 3276 5707 deinde
3300 5650 3561 5708 Madmen.

1982 5726 2118 5777 dine
2147 5723 2438 5777 contrario
2493 5721 2646 5777 egit:
2674 5724 2730 5777 et
2759 5722 2862 5777 Dai
2891 5738 2994 5777 nro
3017 5724 3144 5777 Sue.

1913 5726 2118 5782 ordine
2147 5723 2438 5782 contrario
2457 5721 2646 5794 legit:
2674 5724 2730 5779 et
2759 5722 2862 5779 Dai
2890 5738 2994 5796 pro
3017 5724 3144 5778 Sue.
