3970 6380
400 339 557 410 i436

396 478 460 536 in
491 476 798 553 Prophetis
847 476 1250 534 versabantur.
1299 475 1362 534 In
1416 472 1806 533 tabernaculis
1852 478 2046 531 autem
2076 479 2133 546 Α

396 585 498 627 eos
527 572 940 635 commoratos,
972 573 1029 623 et
1064 568 1285 640 Regum
1333 566 1576 623 historia
1606 565 1826 621 scribit.
1858 565 1927 619 Ili
1954 580 2048 619 ve-

396 666 599 715 nerunt
627 659 694 713 de
730 659 911 713 calore
962 659 1140 729 patris
1186 657 1377 712 domus
1433 655 1643 713 Rechab
1690 657 1735 727 (ι
1765 653 1951 711 Paral.
1985 670 2046 719 ιι,

394 749 509 819 55),
532 748 587 803 id
623 752 711 804 est
744 748 814 803 de
847 747 1030 820 stirpe
1063 746 1315 803 Rechab.

466 863 649 934 (lbid.)
683 886 711 913 «
748 865 1064 919 Acbinoam
1121 880 1267 919 uxor
1297 861 1475 918 David
1504 860 1849 917 Jezraelitis.
1886 886 1906 912 ι
1950 860 2049 914 Hic

394 951 615 1009 Jezrael
646 952 811 1008 locus
840 957 947 1022 est,
981 952 1038 1006 in
1072 969 1185 1025 quo
1236 952 1457 1007 Nabotb
1511 950 1813 1005 habitavit.
1848 950 1910 1004 In
1942 948 2047 1005 Pa-

396 1040 821 1113 ralipomenon,
878 1040 1075 1097 Daniel
1128 1044 1177 1113 (I
1202 1042 1387 1096 Paral.
1430 1058 1518 1108 ιιι,
1568 1040 1617 1109 1)
1652 1057 1665 1095 :
1700 1040 1757 1093 in
1804 1040 2045 1110 Regum,

392 1129 658 1199 Chilaab,
708 1131 766 1186 id
815 1137 903 1186 est
946 1130 1496 1202 vindieanspatrem:
1547 1146 1613 1184 eo
1660 1128 1814 1199 quoi
1864 1127 2047 1181 disce-

394 1224 568 1292 ptans
620 1236 755 1274 cum
814 1219 1196 1291 Miphiboseth
1264 1218 1691 1290 quaestionibus
1751 1217 1935 1288 Legis,
1991 1219 2047 1269 et

391 1307 578 1365 victor
635 1309 972 1381 apparebat,
1044 1314 1101 1363 et
1177 1315 1401 1380 patrem
1470 1307 1670 1363 ulcisci
1745 1308 2051 1362 videbatur

395 1398 466 1471 (II
497 1399 625 1467 Reg.
657 1415 772 1466 xxx,
804 1399 875 1453 25
904 1402 1094 1470 seqq.)

465 1505 623 1577 (Cap.
667 1505 762 1561 IlI.
797 1536 863 1546 —
898 1505 1060 1561 Vera.
1109 1505 1190 1575 3.)
1221 1527 1249 1555 «
1298 1504 1595 1560 Jetraham
1659 1504 1815 1557 ﬁlius
1868 1501 2049 1557 David

392 1594 466 1651 de
525 1593 663 1667 Egla
721 1610 896 1650 uxore
957 1612 1082 1649 sua.
1121 1617 1141 1643 ι
1201 1593 1343 1666 Egla
1393 1594 1811 1665 interpretatur
1848 1594 2050 1658 vitula,

392 1700 571 1758 quam
603 1683 870 1740 nonnulli
902 1689 1111 1756 putant
1138 1682 1348 1739 Michol
1382 1682 1562 1737 ﬁliam
1597 1682 1760 1738 Saul.

466 1799 651 1871 (Vers.
683 1798 762 1870 5.)
796 1800 857 1854 In
902 1797 1413 1870 Paralipomenon,
1464 1798 1727 1852 Simmaa
1755 1796 1913 1851 ﬁlius
1945 1796 2040 1851 Da-

394 1855 510 1954 vid,
569 1886 669 1959 qui
726 1855 785 1943 in
849 1886 1074 1958 Regum
1101 1855 1371 1943 ‘Samma
1400 1855 1763 1941 lnominatur
1812 1885 1885 1956 (II
1915 1890 2045 1953 Reg.
2080 1855 2126 1919 Β

394 1993 513 2044 χχι,
570 1976 681 2048 2i).
745 1976 1010 2032 Simmaa
1069 1976 1475 2048 intepretatur,
1522 1976 1763 2030 exaudi:
1814 1978 2044 2044 Samaa,

396 2065 708 2135 exauditus.
743 2066 1003 2121 Batbsua
1055 2070 1239 2121 mater
1270 2063 1617 2120 Salomonis.
1655 2066 1717 2119 In
1754 2062 2048 2135 Paralipo-

396 2171 608 2212 menon
640 2154 855 2211 dicitur
884 2154 1005 2209 ﬁlia
1035 2154 1215 2209 Amiel
1244 2173 1257 2222 ;
1287 2158 1344 2209 et
1382 2153 1817 2226 interpretatur,
1850 2169 2049 2208 nomen

392 2246 550 2316 ejus:
585 2243 858 2309 Bathsua,
908 2244 1029 2313 ﬁlia
1069 2243 1487 2314 deprecationis.
1522 2244 1582 2297 In
1617 2243 1838 2313 Regum
1876 2241 2049 2297 Beth-

390 2332 587 2402 sahee,
622 2331 742 2388 ﬁlia
772 2332 962 2388 Eliam
997 2332 1102 2387 ﬁlii
1132 2331 1497 2405 Achitophel,
1548 2336 1606 2387 et
1635 2332 2051 2402 interpretatur

394 2422 521 2494 ﬁlia
576 2430 796 2493 septem,
872 2423 1002 2493 ﬁlia
1072 2424 1367 2491 satietatis,
1440 2423 1564 2492 ﬁlia
1611 2421 1926 2493 juramenti
1981 2420 2054 2490 (11

391 2509 520 2582 Reg.
578 2527 658 2576 χι,
714 2512 789 2583 ‘3).
850 2510 1036 2565 Ellam
1097 2510 1534 2583 interpretatur,
1586 2514 1732 2565 Deus
1770 2525 1919 2564 meus
1946 2524 2048 2581 po~

387 2600 595 2672 palus;
625 2598 900 2667 Ammiel,
942 2601 1173 2672 populus
1202 2616 1353 2655 meus
1392 2601 1549 2655 Deus.

470 2714 653 2776 (Vers.
709 2715 789 2783 6.)
849 2717 911 2770 ln
985 2713 1464 2787 Paralipomenon
1532 2714 1875 2770 scribuntur
1932 2713 2049 2767 duo

394 2800 502 2949 lfilii
539 2802 738 2871 David,
777 2803 938 2875 Noga
975 2808 1034 2859 et
1078 2803 1425 2876 Elipheleth,
1460 2804 1559 2876 qui
1591 2804 1649 2858 in
1673 2804 1894 2875 Regum
1933 2818 2050 2858 non

438 2892 707 2949 abentur.

466 2998 652 3071 (Vers.
678 2996 921 3070 15.)Filii
945 3021 971 3048 ‹‹
993 2997 1730 3067 Josia,Sellum,Joannum
1750 2998 1826 3069 (ιι)
1844 3003 1899 3053 et
1917 2996 2050 3054 Joa-

397 3088 576 3144 chim.
612 3110 641 3137 »
673 3086 896 3144 Selium
930 3092 1037 3154 est,
1073 3104 1250 3159 quem
1281 3087 1513 3143 Nacbao
1544 3104 1642 3143 rex
1673 3087 1900 3159 Egypti
1921 3103 2053 3157 cap-

1891 338 2314 407 APPENDIX.

3647 335 3801 401 ωε

2233 476 2394 549 (Cap.
2430 475 2520 533 IV.
2554 507 2621 517 —
2650 473 2812 532 Vers.
2853 474 2923 547 l.)
2955 497 2983 526 ‹‹
3017 472 3143 531 Filii
3174 474 3327 532 Juda
3346 471 3623 548 quinque,
3648 494 3677 523 »
3699 468 3797 546 qui

2149 568 2276 639 jam
2317 566 2591 639 superius
2624 565 2756 622 aliis
2803 564 3145 622 nominibus
3194 564 3474 621 nominati
3506 567 3660 620 sunt.
3696 562 3798 618 Hic

2157 661 2351 712 autem
2377 660 2679 711 mutantur
2723 655 2964 711 nomina
3002 655 3073 727 (ε)
3098 655 3408 727 repetendo
3427 652 3798 710 causainter-

2158 745 2522 817 pratationis,
2540 745 2755 800 Pharez
2769 745 3421 816 interpretaturdivisio;
3437 744 3617 799 Esron
3633 743 3801 797 inter-

2158 839 2437 906 pretatur,
2473 835 2715 902 atrium;
2750 838 2894 890 Zara
2935 842 3125 901 ortus;
3153 832 3387 889 Cbarmi
3425 832 3549 904 ipse
3593 836 3679 888 est
3707 831 3799 885 Er.

2158 923 2391 978 Charmi
2440 923 2874 994 interpretatur,
2898 925 3059 978 vinea
3078 939 3200 978 mea
3217 967 3233 993 ,
3259 923 3352 993 Er,
3376 922 3638 996 vigilans,
3658 924 3800 981 Hur.

2157 1013 2257 1081 qui
2287 1018 2343 1068 et
2389 1013 2574 1068 Onan.
2626 1012 2748 1067 Hur
2799 1013 3232 1084 interpretatur,
3284 1014 3522 1082 fenestra
3574 1010 3797 1076 :Ouan,

2158 1104 2544 1158 murmuratio.
2576 1101 2754 1158 Subal
2787 1102 2909 1173 ipse
2942 1107 3031 1157 est
3061 1100 3211 1156 Sela.

2230 1192 2416 1262 (Vers.
2449 1193 2528 1261 2.)
2578 1190 2755 1247 Subal
2796 1190 2999 1263 genuit
3045 1190 3248 1255 Raiha,
3298 1193 3357 1244 et
3389 1188 3570 1244 Raiha
3598 1186 3798 1262 genuit

2156 1280 2374 1350 Jubad,
2405 1279 2597 1335 Juhad
2631 1279 2833 1351 genuit
2855 1278 3107 1334 Ahumai
3129 1283 3187 1334 et
3209 1279 3360 1334 Laad
3385 1294 3399 1332 :
3425 1277 3573 1333 Laad
3597 1277 3799 1350 genuit

2157 1370 2387 1436 Etham,
2422 1370 2629 1425 Etham
2679 1368 2884 1441 genuit
2928 1367 3221 1435 Jezrahel,
3255 1384 3289 1422 a
3319 1383 3432 1439 quo
3463 1383 3670 1422 nomen
3700 1382 3799 1421 ac-

2157 1459 2310 1531 cepit
2366 1459 2507 1513 urbs
2565 1458 2623 1513 in
2678 1475 2798 1530 qua
2862 1456 3088 1513 Naboth
3130 1454 3620 1512 habitabat.Sobal
3675 1454 3801 1526 ipse

2157 1547 2590 1620 genuithaiha,
2642 1546 2741 1619 qui
2769 1545 2881 1602 alio
2931 1546 3168 1601 nomine
3209 1546 3282 1600 Er
3307 1545 3677 1601 nominatur:
3709 1543 3799 1599 id.

2158 1637 2311 1693 circo
2366 1637 2520 1709 quod
2580 1638 2655 1692 Er
2720 1640 2779 1691 et
2835 1636 3021 1703 Onan,
3080 1635 3138 1689 in
3186 1641 3419 1707 peccato
3452 1651 3557 1690 suo
3586 1632 3801 1689 mortui

2158 1731 2316 1782 sunt.
2376 1725 2549 1782 Sobal
2629 1726 3049 1798 interpretatur
3100 1727 3304 1796 spica;
3370 1721 3521 1794 Sela,
3578 1724 3797 1778 missus.

2158 1816 2317 1880 Quod
2368 1832 2501 1871 vero
2567 1814 2731 1887 prius
2779 1814 2912 1870 aliis
2962 1813 3303 1869 nominibus
3350 1816 3407 1869 et
3451 1812 3621 1868 modo
3671 1810 3802 1868 aliis

2159 1905 2499 1960 nominibus
2532 1904 2933 1970 nominantur,
2978 1903 3048 1959 ad
3091 1900 3430 1972 mysterium
3464 1899 3727 1974 pertinet.

2231 1996 2417 2066 (Vers.
2453 1995 2527 2065 4.)
2579 2018 2606 2043 ‹‹
2641 1991 2898 2049 Phanuel
2954 1995 3116 2065 pater
3139 1992 3346 2059 Gedor,
3388 1994 3445 2045 et
3472 1991 3609 2046 Ezer
3639 1995 3803 2062 pater

2159 2084 2337 2152 Husa,
2383 2106 2409 2131 »
2438 2082 2535 2137 lilii
2567 2082 2803 2137 fuerunt
2831 2081 2990 2136 Hur:
3027 2080 3232 2136 fratres
3266 2078 3400 2135 Huri
3434 2078 3537 2134 ﬁlii
3570 2079 3797 2136 Maria:

2156 2173 2347 2229 Gedor
2375 2188 2507 2227 vcro
2537 2177 2593 2227 et
2624 2171 2767 2226 Husi
2800 2171 3040 2226 nomina
3066 2169 3348 2226 locorum.

2231 2262 2416 2335 (Vers.
2469 2261 2615 2332 5-8.)
2675 2282 2703 2310 «
2737 2260 2926 2315 Ashur
2981 2258 3183 2331 genuit
3239 2259 3423 2315 Ethan
3480 2264 3536 2316 et
3591 2275 3800 2315 nomen

2161 2351 2366 2407 matris
2414 2351 2542 2423 ejus
2582 2348 2744 2405 Hala.
2782 2372 2809 2399 »ι
2840 2348 3026 2403 Ethan
3075 2348 3277 2421 genuit
3316 2347 3492 2415 Chus,
3521 2347 3675 2404 Chus
3702 2364 3800 2421 ge-

2161 2441 2293 2497 nuit
2340 2440 2609 2507 Sohoba;
2657 2438 2890 2494 Sohoba
2944 2436 3149 2509 genuit
3184 2437 3379 2509 Jabes,
3425 2438 3523 2510 qui
3564 2437 3672 2493 fuit
3698 2438 3800 2493 do-

2160 2536 2305 2599 ctor,
2337 2530 2409 2585 de
2454 2546 2569 2601 quo
2614 2526 2887 2600 superius
2917 2527 3138 2582 dictum
3167 2531 3274 2582 est.
3307 2527 3468 2593 Quod
3498 2543 3628 2583 vero
3654 2527 3804 2583 inter

2157 2621 2316 2676 Chus
2339 2624 2397 2675 et
2421 2619 2598 2675 Jabes
2628 2617 3086 2673 introducuntur
3126 2616 3502 2689 cognationes
3548 2615 3795 2671 Aharhel

2162 2708 2262 2764 ﬁlii
2300 2717 2501 2779 Arum,
2538 2707 2659 2763 haec
2688 2723 2867 2763 causa
2901 2710 3029 2761 est:
3060 2704 3331 2771 Aharhel,
3365 2705 3488 2778 ipse
3506 2709 3595 2761 est
3618 2704 3800 2771 Obab,

2162 2798 2261 2871 qui
2293 2797 2711 2870 interpretatur
2746 2796 2864 2867 post
2888 2795 3208 2850 exercitum.
3242 2792 3420 2849 Filius
3447 2800 3646 2860 Arum,
3680 2793 3804 2865 ipse

2162 2891 2252 2944 est
2280 2887 2502 2943 Jelbro.
2538 2887 2716 2942 Arum
2747 2884 3168 2956 interpretatur
3190 2884 3482 2938 exaltatus.
3506 2882 3649 2948 Quia
3669 2898 3803 2955 ergo

2161 2977 2337 3034 Jabes
2384 2975 2629 3031 docebat
2666 2990 2765 3030 eos
2826 2972 3158 3029 habitantes
3207 2972 3263 3027 in
3323 2970 3607 3039 tentoriis,
3653 2971 3806 3029 sicut

2163 3066 2433 3138 superius
2478 3064 2701 3119 dictum
2752 3068 2859 3134 est,
2912 3062 3039 3118 ideo
3092 3061 3542 3117 introducantur
3589 3060 3646 3115 in
3676 3060 3804 3130 ejus

394 3177 579 3234 tivum
610 3177 779 3233 duxit
808 3176 865 3231 in
899 3148 1232 3249 Aﬁggptum.
1269 3175 1430 3232 Unde
1474 3148 2051 3231 meminitvjeremias

2172 3155 2459 3228 progenie,
2515 3153 2683 3226 quasi
2733 3152 2805 3208 ad
2840 3151 3162 3223 majoribus
3193 3150 3320 3221 ejus
3351 3148 3631 3224 progeniti
3662 3149 3799 3204 sint.

394 3227 1426 3339 51.,;";x1;,“;.;.fa’1;;“satis;
1460 3227 2047 3323 tignariis-2;;
2082 3227 2123 3294 (Ἰ
2159 3244 2327 3339 _Hunc
2355 3244 2529 3300 Jabes
2553 3244 2754 3339 {erunt
2784 3239 3049 3339 ηοιξξιιξξιί
3099 3238 3555 3339 αάὺυοῄχῖγεὴθι
3571 3242 3803 3311 propter

395 3354 710 3412 adSeltum
756 3356 937 3426 ﬁlium
990 3357 1151 3413 losiz
1207 3372 1385 3427 regem
1439 3356 1602 3422 Juda,
1652 3358 1749 3427 qui
1800 3356 2049 3426 regnavit

391 3461 494 3519 pro
521 3447 670 3501 Josia
724 3453 880 3515 patre
937 3462 1053 3500 suo.
1119 3446 1224 3514 Qui
1279 3462 1521 3516 egressus
1568 3445 1632 3500 de
1668 3445 1786 3501 loco
1815 3447 1913 3501 isto
1939 3460 2048 3499 non

393 3538 699 3592 revertetur
729 3535 835 3591 huc
864 3536 1033 3591 ultra.

467 3640 655 3713 (Vers.
714 3641 827 3711 16.)
874 3641 1164 3708 Joaehim,
1209 3642 1305 3714 qui
1358 3646 1415 3697 et
1460 3640 1723 3711 Eliacim,
1760 3642 1886 3714 ipse
1914 3642 2049 3697 Joa-

395 3730 554 3787 cbim
606 3731 820 3788 ductus
868 3738 957 3787 est
1002 3733 1059 3786 in
1096 3732 1447 3803 Babyionem
1494 3748 1628 3787 cum
1660 3730 1816 3787 vasis
1845 3730 2051 3804 templi

396 3820 651 3887 Domini,
710 3826 767 3877 et
814 3821 1037 3887 Daniel,
1098 3822 1347 3886 Anania,
1408 3827 1466 3877 et
1491 3822 1716 3889 Azaria,
1767 3826 1824 3877 et
1849 3820 2052 3876 Misael

397 3926 531 3966 cum
563 3926 650 3965 eo.
682 3909 902 3966 Joacim
934 3910 1092 3966 ﬁlius
1118 3910 1269 3982 ejus,
1303 3910 1400 3981 qui
1435 3910 1493 3965 in
1514 3909 1851 3974 Jocbonias,
1875 3909 2053 3981 capti-

396 4015 507 4054 vus
538 3999 618 4069 (b)
648 3999 861 4054 ductus
892 4009 979 4055 est
1008 3998 1065 4053 in
1101 3997 1619 4071 Babylonem,cum
1644 3998 1867 4054 czeteris
1898 3999 2053 4055 vasis

397 4088 611 4156 domus
662 4088 916 4159 Domini,
968 4105 1101 4144 cum
1152 4087 1449 4143 Ezechiele
1487 4092 1546 4143 et
1574 4088 1955 4147 Mardochaeo.
1992 4088 2051 4143 in

398 4176 570 4248 cujus
600 4175 725 4232 loco
759 4176 1116 4232 substitutus
1148 4181 1238 4231 est
1265 4176 1609 4245 Mathanias,
1658 4176 1759 4247 qui
1790 4182 1846 4231 et
1876 4176 2053 4232 Sede-

310 4276 315 4283 ‘
401 4264 586 4320 cbias.

472 4370 660 4443 (Vers.
710 4370 822 4437 l7.)
868 4393 896 4420 ‹‹
931 4370 1056 4427 Filii
1088 4369 1404 4436 Jecbonize,
1451 4371 1619 4428 Assir
1667 4370 1966 4441 Salathiel,
2026 4394 2053 4421 »

400 4477 588 4516 unum
634 4476 847 4515 nomen
880 4465 990 4525 est,
1046 4459 1170 4531 ipse
1201 4464 1292 4515 est
1325 4459 1579 4516 Phadaia
1610 4464 1775 4532 pater
1802 4461 2053 4516 Zoroba-

401 4546 513 4603 bel.
571 4551 638 4601 Et
692 4546 1110 4617 interpretatur
1168 4546 1389 4603 Phadia
1453 4548 1759 4619 redemptus
1817 4550 2053 4615 Domini,

399 4637 584 4704 Assir,
613 4642 962 4698 earceratus;
992 4635 1292 4703 Salathiel,
1338 4639 1527 4707 frutex
1564 4638 1804 4695 Domini.
1837 4639 2053 4695 Senne-

402 4741 499 4799 ser
550 4724 709 4781 ﬁlius
761 4724 1070 4797 Jechoniae,
1121 4726 1224 4797 qui
1271 4726 1328 4781 in
1379 4727 1523 4782 Ezra
1553 4727 1836 4782 Sesbasar
1867 4728 2055 4783 nomi-

406 4818 601 4870 natur.
637 4814 925 4870 Senneser
945 4815 1378 4887 interpretatur,
1405 4816 1826 4887 blasphematus.
1853 4815 2059 4873 Sesba-

405 4920 506 4960 sar
568 4904 986 4977 interpretatur
1056 4905 1373 4961 lribulatus.
1450 4905 1701 4961 Sesbaar
1755 4906 2055 4973 scribitur,

405 4992 498 5049 cui
532 4992 716 5067 Cyrus
745 4994 1153 5050 annumeravit
1180 5010 1320 5049 vasa
1348 4993 1561 5050 domus
1587 4994 1840 5051 Domini.

478 5110 664 5182 (Vers.
725 5110 838 5181 ‘22.)
896 5109 1210 5166 Sechenias
1260 5109 1471 5166 habuit
1527 5109 1714 5167 ﬁlium
1768 5111 2058 5169 Semeiam

410 5197 674 5270 unicum,
723 5198 824 5271 qui
856 5198 1063 5255 habuit
1092 5198 1351 5271 quinque
1393 5198 1564 5267 ﬁlios,
1594 5199 1802 5256 Athus.
1834 5201 2058 5274 Jegaal,

413 5286 638 5344 Baaria.
678 5287 905 5358 Naaria,
939 5293 994 5344 et
1024 5287 1266 5359 Saphat,
1312 5287 1412 5359 qui
1463 5305 1596 5343 cum
1631 5294 1794 5361 patre
1824 5308 1930 5346 suo
1961 5293 2058 5347 Se-

418 5373 589 5443 meia,
651 5375 749 5447 qui
809 5376 1018 5433 unicus
1074 5377 1258 5450 patris
1308 5382 1455 5445 erat,
1497 5394 1597 5432 sex
1627 5385 2059 5452 computantur.

492 5531 571 5607 (ᾳ)
598 5531 736 5607 Ma,
770 5539 820 5588 et
850 5535 1073 5591 Joaehat
1097 5552 1243 5591 unus
1272 5543 1365 5607 est,
1401 5553 1559 5607 quem
1589 5536 1767 5593 Neeho
1796 5556 1915 5607 rex,
1948 5545 2059 5598 etc.

492 5532 548 5605 (a
605 5532 736 5600 Ms.,
770 5539 820 5588 et
850 5535 1073 5591 Joaehat
1097 5552 1243 5591 unus
1272 5543 1348 5591 est
1401 5553 1559 5607 quem
1589 5536 1767 5593 Neeho
1796 5556 1915 5607 rex,
1948 5545 2059 5598 etc.

490 5532 1089 5688 (pavonem-captivus
1121 5624 1235 5688 non
1268 5581 1442 5688 habet
1471 5626 1581 5665 ms.
1607 5626 1709 5682 pro
1733 5628 1849 5684 qua
1877 5613 2060 5682 addit,

418 5676 516 5749 qui
543 5676 714 5731 etiam
759 5676 1075 5734 Chananias
1103 5678 1315 5747 ductus,
1348 5685 1456 5738 etc.

2159 3335 2310 3390 hanc
2337 3332 2689 3389 sententiam
2722 3348 2838 3402 qua
2869 3329 3102 3398 dicitur,
3148 3328 3410 3401 praestitit
3436 3330 3487 3384 ei
3517 3329 3650 3383 Deus
3677 3341 3804 3399 qua:

2158 3432 2414 3497 precatus
2442 3432 2519 3478 est
2551 3423 2711 3493 (vers.
2744 3420 2852 3488 10).

2235 3513 2418 3586 (Vers.
2456 3510 2567 3582 ll.)
2603 3531 2631 3560 ‹‹
2669 3508 2841 3565 Caleb
2892 3507 3069 3564 frater
3097 3507 3270 3574 Suaa,
3305 3506 3430 3579 ipse
3456 3508 3544 3561 est
3571 3504 3736 3561 Ram.
3774 3528 3802 3553 ››

2161 3604 2304 3659 Ram
2354 3601 2772 3672 interpretatur
2811 3598 3075 3663 excelsus;
3124 3601 3181 3651 et
3210 3596 3382 3666 Suaa,
3414 3595 3663 3651 sublimis
3692 3592 3802 3664 (Al.

2161 3690 2431 3761 humilis).
2468 3688 2630 3745 Caleb
2659 3688 2849 3756 genuit
2878 3686 3102 3753 Machir,
3135 3684 3356 3741 Machir
3383 3685 3582 3757 genuit
3604 3683 3803 3752 Eston,

2163 3784 2340 3835 Eston
2399 3777 2600 3851 genuit
2650 3776 2937 3832 Tehinna.
2979 3774 3138 3840 Quod
3184 3790 3317 3829 vero
3365 3771 3505 3828 dicit
3534 3787 3665 3827 eum
3695 3788 3803 3843 pa-

2160 3874 2310 3924 trem
2346 3867 2508 3922 urbis
2538 3866 2710 3936 Naas,
2746 3863 2994 3936 intelligi
3028 3866 3217 3936 potest
3245 3866 3347 3919 aut
3376 3859 3685 3926 Bethleem,
3716 3865 3806 3915 est

2162 3960 2264 4014 aut
2312 3962 2497 4012 mater
2541 3955 2653 4010 lsai
2683 3972 2695 4021 ;
2733 3953 2873 4025 quia
2900 3952 3011 4010 Isai
3041 3952 3099 4008 in
3135 3951 3246 4008 alio
3280 3950 3403 4007 loco
3434 3950 3602 4016 Naas,
3635 3948 3691 4004 id
3717 3954 3808 4005 est

2161 4046 2404 4112 coluber,
2439 4050 2698 4099 vocatur.
2730 4041 2959 4115 Abigail
2990 4058 3151 4097 soror
3181 4044 3271 4096 est
3301 4037 3476 4095 David
3499 4038 3617 4094 filia
3635 4037 3807 4106 Naas,

2162 4135 2221 4190 id
2254 4140 2345 4190 est
2395 4134 2540 4188 lsai:
2578 4132 2678 4204 qui
2730 4138 2977 4203 utroque
3016 4130 3253 4186 nomine
3278 4128 3608 4184 vocabatur.
3638 4129 3812 4181 Getra

2164 4223 2490 4280 Ismaelites
2545 4220 2753 4277 habuit
2811 4238 3047 4277 uxorem
3123 4216 3346 4292 Abigail
3402 4216 3583 4273 ﬁliam
3635 4214 3809 4271 Naas.

2164 4313 2327 4380 Quod
2364 4328 2495 4368 vero
2524 4311 2686 4377 dicit,
2714 4312 2803 4366 isti
2831 4318 2962 4365 sunt
2988 4309 3097 4381 ﬁlii
3127 4308 3260 4381 (ms.
3292 4306 3423 4378 viri)
3449 4304 3627 4363 Reeha
3646 4305 3808 4375 (vers.

2165 4403 2278 4472 42).
2328 4401 2522 4458 Recha
2572 4401 3008 4472 interpretatur,
3058 4407 3229 4465 tener,
3282 4412 3454 4469 quem
3503 4393 3598 4451 hic
3632 4393 3811 4450 David

2165 4490 2433 4548 nonnulli
2474 4488 2721 4560 intelligi
2771 4487 2992 4545 volunt.
3044 4487 3139 4543 Sic
3182 4485 3339 4543 enim
3397 4484 3519 4558 ipse
3548 4482 3662 4538 ait:
3703 4483 3811 4555 Ego

2088 4598 2286 4663 Dsum
2351 4584 2502 4635 tener
2558 4586 2608 4635 et
2661 4583 2859 4635 unctus
2914 4594 3014 4634 rex
3071 4578 3141 4650 (11
3194 4577 3319 4648 Reg.
3382 4591 3469 4641 ιιι,
3514 4571 3725 4663 39)._Et
3751 4570 3810 4626 in

2167 4670 2280 4726 alio
2314 4669 2476 4726 loco:
2528 4670 2688 4743 quasi
2738 4669 2878 4741 ligni
2906 4667 3235 4723 vermiculus
3264 4663 3558 4721 tenerulus.
3594 4660 3811 4717 Idcirco

2168 4759 2324 4817 enim
2384 4757 2491 4813 viri
2549 4757 2757 4828 Recha,
2826 4757 2885 4812 id
2937 4760 3026 4812 est
3082 4754 3285 4823 David,
3337 4752 3627 4819 dicuntur,
3675 4750 3815 4822 quia

2168 4856 2404 4922 propter
2450 4848 2891 4920 exprimendam
2942 4843 3340 4920 genealogiam
3390 4841 3566 4899 David
3610 4839 3673 4895 in
3702 4838 3815 4894 hac

2168 4936 2461 4995 sententia
2493 4936 2755 4993 annotati
2808 4940 2966 4992 sunt.

2241 5029 2431 5099 (Vers.
2493 5024 2606 5098 13.)
2670 5049 2690 5075 α
2755 5023 2979 5081 Chenez
3034 5024 3238 5098 genuit
3288 5017 3554 5079 Othoniel
3609 5021 3665 5073 et
3719 5017 3818 5073 Sa-

2169 5115 2378 5172 raiam.
2412 5136 2441 5165 »
2475 5119 2552 5171 De
2600 5114 2807 5171 Saraia
2852 5114 3070 5170 dicitur
3116 5109 3442 5186 prodidisse
3487 5107 3654 5164 Joab.
3706 5106 3820 5171 Qui

2169 5205 2302 5261 ideo
2351 5204 2569 5259 dicitur
2616 5208 2781 5276 pater
2836 5202 3009 5259 vallis
3055 5202 3371 5266 artiﬁcum,
3413 5197 3551 5271 quia
3581 5196 3652 5252 de
3681 5195 3821 5251 ﬁliis

2172 5296 2302 5367 ejus
2336 5295 2573 5350 fuerunt
2630 5292 2930 5350 architecti
2987 5293 3059 5349 ad
3115 5288 3520 5347 aediﬁcandum
3576 5286 3820 5341 domum

2170 5382 2425 5440 Domini.

2243 5546 2313 5615 (θ)
2342 5545 2450 5601 Ms.
2487 5547 2585 5600 Hic
2613 5547 2797 5601 autem
2819 5546 3049 5600 mutatis
3073 5540 3387 5600 nominibus
3414 5538 3531 5595 ideo
3560 5540 3821 5611 repetun-

2174 5626 2287 5673 tur.
2318 5622 2490 5675 Fares
2529 5619 2940 5690 interpretatur,
2976 5620 3083 5673 etc.
