3970 6394
201 362 348 428 1437

1140 363 1446 441 QUES'I‘.
1493 363 1987 472 HEBRAICslN
2033 363 2172 430 LIB.
2223 368 2243 430 1
2295 365 2650 432 PARALIP.

3441 361 3598 428 M38

265 497 452 571 (Vers.
492 498 604 571 l7.)
636 522 664 551 «
701 499 826 557 Filii
861 500 1000 558 Ezra
1028 501 1228 558 Jetber
1255 508 1311 558 et
1343 501 1571 570 Mai-cel,
1599 503 1749 559 Effer
1778 507 1834 558 et
1863 504 1917 570 Α
1946 502 2251 575 gnationes
2272 520 2409 576 ergo
2441 503 2652 561 domus
2682 501 3051 576 operantium
3077 499 3319 576 byssum
3341 498 3402 556 in
3423 499 3596 557 domo

195 589 376 646 Jalon.
416 611 442 638 ι»
474 590 614 647 Ezra
666 590 1084 664 interpretatur
1113 592 1410 658 au.ri'i-um,
1445 592 1638 664 ipsum
1680 592 1834 648 enim
1938 591 2281 664 juramenti,
2319 616 2346 640 ››
2379 593 2438 648 hi
2469 601 2606 648 sunt
2638 593 2891 666 quicum
2927 590 3174 648 Beseleel
3209 589 3415 647 morati
3461 595 3600 646 sunt

196 677 395 733 dicunt
423 680 658 735 Amram
696 684 916 750 patrem
957 680 1138 752 Moysi
1188 685 1245 735 et
1291 684 1499 735 Aaron.
1532 680 1727 736 Jether
1757 681 1838 735 in-

194 771 542 838 terpretatur
608 770 907 834 residuum,
979 770 1101 840 ipse
1171 774 1296 842 est‘
1338 771 1548 824 Aaron.
1619 769 1833 837 Mared,

193 855 476 920 rebellaras,
526 856 650 928 ipse
698 861 784 912 est
831 861 1077 930 Moyses.
1140 859 1307 922 Effer,
1355 859 1555 930 pulvis,
1590 862 1714 930 ipse
1747 862 1838 914 est

195 943 406 1010 Eldad;
439 944 630 1009 Jalou,
665 947 769 1013 lex,
822 947 946 1018 ipse
999 952 1087 1001 est
1140 947 1327 1002 Medal
1366 966 1377 1004 :
1415 948 1589 1002 iidem
1624 949 1746 1019 [της.
1777 947 1833 1002 id

193 1034 298 1103 est]
331 1033 445 1088 duo
475 1035 572 1105 qui
609 1036 1056 1106 prophetabant.
1091 1036 1365 1090 Traditur
1412 1037 1566 1091 enim
1602 1042 1832 1109 Moysen

197 1127 320 1194 post
351 1128 648 1194 acceptam
684 1124 870 1195 legem
906 1126 963 1179 in
995 1141 1189 1179 eremo
1222 1125 1370 1196 patri
1406 1126 1730 1196 injunxisse
1775 1131 1838 1181 ut

196 1217 440 1267 matrem
472 1211 818 1272 dimitteret.
866 1230 930 1268 eo
983 1215 1135 1285 quod
1178 1213 1339 1269 illius
1390 1215 1567 1270 amita
1617 1220 1771 1269 esset
1820 1231 1832 1268 ε

195 1298 311 1354 ﬁlia
342 1300 498 1356 enim
530 1301 639 1356 fuit
664 1302 812 1356 Levi.
848 1303 982 1357 Post
1014 1304 1183 1372 cujus
1232 1303 1564 1370 dissidium,
1620 1305 1838 1359 dixisse

193 1390 364 1444 aliam
397 1407 636 1445 uxorem
673 1397 908 1446 Amram
931 1409 942 1445 ε
967 1410 1034 1446 ex
1065 1409 1180 1463 qua
1216 1394 1473 1463 suscepit
1505 1395 1650 1448 duos
1689 1393 1838 1447 filios

194 1477 317 1543 hos,
355 1479 529 1534 Eldad
564 1484 619 1533 et
648 1481 1041 1546 Medad.Quod
1068 1499 1201 1536 vero
1225 1484 1512 1554 sequitur,
1547 1485 1838 1553 genuitque

191 1568 424 1622 Mariam
451 1572 502 1623 et
529 1569 733 1637 Samai,
784 1579 834 1624 el
874 1572 1027 1626 Jesba
1076 1576 1289 1642 patrem
1321 1574 1562 1626 Estemoa
1599 1589 1610 1625 :
1642 1572 1834 1626 Samai

193 1657 424 1728 Moysen
458 1657 702 1729 intelligi
738 1658 959 1724 volunt,
992 1659 1088 1730 qui
1123 1659 1559 1732 interpretatur,
1588 1663 1836 1729 cmlestis,

190 1745 366 1800 Jesba
425 1747 627 1812 Aaron,
689 1747 785 1818 qui
847 1747 1264 1818 interpretatur
1317 1749 1667 1819 collandntio,
1739 1767 1836 1820 pa-

193 1839 340 1890 trem
372 1835 661 1905 Estemoa,
712 1836 769 1890 id
819 1841 907 1890 est
955 1839 1138 1904 ignem
1188 1846 1515 1904 manentem,
1569 1855 1632 1892 eo
1681 1839 1832 1909 quod
1870 1872 1916 1936 Β

195 1922 292 1978 ﬂlii
329 1925 516 1978 Aaron
549 1923 606 1978 in
669 1925 926 1979 assiduis
969 1925 1275 1980 sacrificiis
1319 1926 1450 1997 igne
1493 1927 1834 1992 utebantur.

193 2012 351 2076 Quod
411 2030 540 2067 vero
598 2013 863 2084 sequitur
913 2015 1070 2084 (vers.
1127 2015 1235 2082 l8},
1287 2031 1428 2068 umor
1474 2017 1591 2086 ejus
1646 2016 1838 2070 Indaia

191 2101 383 2166 genuit
423 2102 584 2157 Jared
635 2120 653 2155 :
706 2103 923 2168 lndaia,
977 2102 1104 2173 ipsa
1155 2109 1241 2157 est
1288 2104 1604 2158 Jachabeth
1655 2110 1841 2158 mater

193 2189 394 2261 Moysi.
427 2189 768 2261 Nomina(a)
796 2209 927 2246 vero
959 2208 1084 2263 qua:
1118 2197 1446 2263 sequuntur
1480 2210 1620 2262 pene
1642 2193 1838 2247 omnia

192 2277 369 2351 Moysi
432 2280 671 2335 nomina
721 2280 964 2351 intelligi
1019 2280 1241 2349 volunt,
1293 2281 1433 2351 quia
1477 2282 1605 2335 ideo
1663 2281 1835 2337 Jared

195 2372 444 2435 vocatur,
501 2369 557 2422 id
621 2374 709 2423 est
763 2368 1108 2436 descendens,
1161 2370 1314 2440 quod
1368 2370 1438 2424 de
1486 2375 1680 2424 monte
1739 2371 1836 2424 de-

194 2456 482 2511 scenderit
535 2474 547 2511 :
586 2462 747 2528 pater
794 2457 989 2522 Jedor,
1041 2457 1096 2510 id
1148 2462 1238 2512 est
1286 2459 1519 2529 septum,
1566 2475 1631 2513 eo
1681 2459 1836 2529 quod

194 2545 358 2615 quasi
399 2545 654 2616 quadam
703 2563 838 2618 sepe
882 2545 1007 2618 lege
1055 2547 1505 2601 circumdederit
1535 2547 1836 2618 populum.

194 2633 400 2702 Heber,
424 2634 740 2704 junclar.eo
771 2636 925 2705 quod
961 2634 1241 2706 populum
1264 2635 1357 2690 Dei
1385 2636 1838 2706 servitiojunxe-

195 2722 268 2777 rit
300 2740 312 2778 :
347 2726 576 2778 Patrem
611 2725 819 2787 Socho.
855 2725 908 2778 id
939 2729 1028 2779 est
1054 2723 1369 2794 prephetiae,
1403 2740 1467 2778 eo
1511 2725 1665 2796 quod
1715 2724 1840 2796 ipse

196 2811 271 2867 sit
317 2813 519 2867 doctor
569 2811 1004 2884 prophetarum.
1057 2812 1321 2880 Icuthiel,
1366 2813 1423 2868 id
1468 2817 1576 2879 est,
1616 2830 1840 2885 sperans

195 2902 254 2955 in
283 2905 476 2971 Deum,
509 2917 574 2957 eo
607 2902 760 2972 quod
811 2918 974 2973 spem
1026 2901 1297 2956 habuerit
1339 2901 1620 2957 liberandi
1656 2921 1839 2975 popu-

195 2987 314 3044 lum
348 2991 420 3044 de
451 2990 694 3062 zEgypto
729 3007 741 3044 :
776 2990 895 3044 sive
928 2991 1080 3062 quod
1114 3007 1216 3061 spe
1249 2995 1552 3060 parentum
1584 2992 1655 3046 de
1677 3009 1838 3062 aqua:

196 3078 456 3151 periculo
503 3078 783 3134 liberatus
830 3080 905 3134 sit
941 3097 952 3135 :
989 3084 1210 3151 patrem
1244 3079 1495 3146 Sanoha,
1528 3081 1629 3150 qui
1659 3080 1840 3136 inter-

193 3173 453 3239 pretatur
480 3167 830 3239 gubernator,
881 3185 947 3223 eo
996 3169 1149 3240 quod
1202 3184 1476 3239 magnam
1529 3169 1741 3240 populo
1774 3170 1832 3223 in

1948 679 2018 735 ad
2050 680 2400 752 explendum
2433 699 2578 754 opus
2609 680 2987 738 tabernaculi.
3019 680 3348 736 Juramenti
3381 680 3596 736 etenim

1948 769 2158 825 domus
2190 770 2405 826 idcirco
2437 771 2670 838 dicitur,
2701 772 2856 826 sicut
2904 773 2960 826 et
3007 769 3452 828 tabernaculum
3501 769 3601 826 fce-

1948 858 2123 924 deris,
2158 860 2312 930 quod
2347 860 2405 916 in
2430 877 2495 915 eo
2529 861 2717 917 fcedus
2765 865 2920 916 esset
2971 859 3088 924 Dei,
3140 859 3295 931 quod
3327 875 3459 914 cum
3492 858 3596 914 ho-

1949 948 2208 1004 minibus
2252 950 2406 1016 fecit,
2462 955 2517 1005 et
2557 951 2963 1021 juramentum
3032 949 3186 1020 quod
3256 947 3468 1020 iuravit
3524 949 3598 1004 ad

1947 1037 2265 1103 Abraham,
2319 1039 2478 1093 Isaac
2528 1044 2584 1093 et
2629 1038 2832 1094 Jacob.
2876 1037 3036 1102 Quod
3087 1053 3219 1093 vero
3266 1035 3534 1109 sequitur
3583 1053 3597 1093 :

1947 1127 2059 1196 Qui
2087 1129 2231 1181 stare
2260 1126 2391 1198 fecit
2419 1128 2585 1182 solem
2617 1145 2635 1180 :
2669 1127 2820 1182 redit
2869 1127 2938 1182 ad
2993 1126 3326 1198 progeniem
3362 1124 3596 1192 Pbarez,

1948 1215 2019 1269 de
2046 1232 2160 1287 quo
2191 1220 2352 1270 ortus
2384 1220 2472 1272 est
2505 1216 2700 1281 David,
2734 1220 3131 1288 opportunum
3155 1215 3434 1286 judicans
3467 1231 3597 1286 pro-

1948 1305 2177 1375 geniem
2206 1306 2377 1373 Juda,
2412 1306 2481 1360 de
2513 1322 2629 1378 qua
2659 1304 2846 1360 tribus
2877 1304 3035 1376 regia
3086 1309 3212 1359 orta
3255 1308 3360 1368 est,
3396 1302 3453 1358 in
3486 1303 3598 1358 Da-

1948 1393 2038 1446 vid
2072 1393 2402 1449 terminare.
2447 1395 2708 1449 Tradunt
2747 1393 2902 1448 enim
2939 1393 3155 1448 Hebraei
3211 1393 3366 1448 hunc
3417 1392 3599 1448 fuisse

1949 1481 2260 1536 Elimelecb
2294 1483 2484 1536 virum
2519 1481 2741 1547 Noemi,
2772 1487 2993 1552 patrem
3029 1477 3258 1536 Maalon
3283 1483 3339 1534 et
3359 1477 3598 1534 Chelion

1947 1569 2006 1624 in
2041 1571 2210 1640 cujus
2243 1580 2500 1642 tempore
2532 1572 2614 1625 sol
2650 1569 2895 1636 steterit,
2929 1573 3160 1641 propter
3200 1567 3596 1640 praevaricato-

1951 1677 2041 1715 res
2074 1660 2195 1731 [ms.
2233 1659 2754 1731 praevaricationes]
2795 1658 2958 1729 legis,
3009 1663 3071 1713 ut
3113 1661 3274 1713 tanto
3318 1655 3597 1712 miraculo

1947 1749 2090 1815 viso,
2141 1752 2622 1804 converterentur
2671 1749 2742 1803 ad
2802 1747 3114 1803 Dominum
3165 1751 3346 1802 Deum
3399 1761 3596 1801 suum.

1948 1838 2107 1902 Quod
2162 1838 2298 1909 quia
2357 1838 2542 1894 facere
2589 1841 3086 1909 contempserunt,
3147 1834 3362 1890 idcirco
3416 1835 3600 1889 fames

1947 1926 2212 1992 invaluit,
2248 1931 2308 1980 ut
2341 1925 2456 1995 ille,
2489 1926 2588 1998 qui
2621 1925 2678 1980 in
2711 1925 2870 1981 tribu
2901 1925 3050 1980 Juda
3081 1925 3240 1996 prior
3275 1923 3599 1992 videbatur,

1948 2016 2121 2071 famis
2154 2016 2349 2087 inopia
2379 2031 2512 2070 cum
2547 2031 2722 2069 uxore
2755 2020 2811 2069 et
2844 2013 3004 2081 filiis,
3042 2031 3155 2069 non
3190 2012 3380 2068 solum
3414 2012 3602 2085 patria

1948 2105 2277 2177 pelleretur,
2299 2106 2397 2160 sed
2430 2104 2606 2160 etiam
2640 2104 2698 2157 in
2731 2104 2934 2158 eadem
2967 2101 3432 2176 peregrinatione
3463 2119 3596 2156 cum

1947 2193 2084 2249 ﬁliis
2117 2199 2456 2249 moreretur.
2478 2193 2645 2247 Viros
2671 2196 2864 2247 autem
2901 2191 3186 2247 mendacii
3207 2206 3335 2246 esse
3367 2189 3593 2246 Maalon

1949 2289 2002 2340 et
2034 2283 2293 2350 Chelion,
2327 2282 2426 2354 qui
2460 2282 2574 2342 hic.
2605 2297 2831 2336 securus
2879 2284 2935 2336 et
2987 2279 3278 2335 incendens
3303 2278 3597 2350 appellan-

1949 2373 2208 2444 tur(b),et
2237 2373 2307 2426 de
2339 2371 2552 2443 quibus
2571 2369 2783 2425 dicitur
2803 2369 2957 2441 quod
2982 2367 3272 2441 principes
3299 2367 3516 2423 fuerint
3534 2367 3593 2422 in

1951 2463 2133 2526 Moab,
2189 2478 2253 2516 eo
2313 2461 2466 2532 quod
2527 2477 2734 2514 uxores
2791 2457 3134 2512 Moabitidas
3191 2457 3480 2522 duxerint,
3536 2456 3594 2512 in

1950 2552 2186 2606 Hebraeo
2247 2549 2579 2620 expressius
2629 2548 2881 2620 ponitur,
2917 2551 2973 2601 et
3028 2547 3099 2601 ab
3144 2546 3391 2602 eruditis
3433 2545 3596 2600 illius

1949 2640 2162 2712 linguae
2193 2641 2206 2674 ¹
2242 2639 2659 2705 didicimus,ut
2688 2655 2805 2693 non
2838 2636 3132 2708 principes
3147 2636 3238 2706 (ε),
3263 2636 3361 2691 sed
3398 2633 3595 2691 mariti

1950 2730 2236 2786 dicantur.
2263 2728 2425 2794 Quod
2457 2744 2589 2783 vero
2621 2726 2910 2798 sequitur,
2937 2741 3064 2797 quae
3097 2741 3338 2781 reversae
3373 2728 3513 2780 sunt
3535 2723 3595 2778 in

1951 2818 2186 2881 Lehem,
2211 2817 2411 2872 Noemi
2444 2823 2501 2872 et
2534 2817 2682 2871 Ruth
2717 2816 3233 2886 demonstrat,quaa
3267 2813 3325 2867 in
3355 2813 3592 2879 Lehem,

1950 2907 2006 2963 id
2041 2912 2129 2963 est
2151 2923 2368 2978 panem,
2403 2910 2531 2978 post
2561 2904 2819 2976 inopiam
2851 2903 3042 2972 famis,
3078 2902 3277 2958 audita
3327 2901 3592 2957 ubertate

1951 2997 2138 3068 panis,
2194 2997 2248 3050 iu
2309 2994 2602 3050 Bethleem
2664 3009 2904 3048 reversa:
2959 2996 3117 3048 sunt.
3166 2991 3233 3046 Et
3281 2991 3422 3062 quia
3473 2991 3593 3047 haec

1949 3082 2272 3138 historiain
2307 3083 2452 3138 libro
2487 3083 2636 3137 Ruth
2672 3081 2949 3136 scribitur
2979 3081 3160 3148 (Ruth.
3199 3097 3237 3143 ι,
3271 3079 3346 3149 lo),
3377 3077 3594 3134 idcirco

1954 3172 2332 3244 subsequitur
2363 3190 2376 3227 :
2407 3173 2526 3226 Haec
2554 3174 2739 3226 autem
2768 3170 2931 3224 verba
2960 3177 3162 3224 vetera.
3199 3166 3433 3239 Figulos
3463 3185 3594 3223 vero

191 3272 386 3312 eremo
416 3257 899 3328 gubernationem
931 3257 1258 3314 exhibuerit
1305 3273 1318 3310 :
1365 3258 1484 3312 sive
1513 3258 1667 3328 quod
1703 3259 1831 3314 doc-
1861 3241 1903 3306 (ἶ
1944 3261 2088 3315 dicit
2119 3241 2449 3316 habitantes
2482 3261 2538 3314 in
2575 3258 3038 3331 plantationibus
3068 3261 3126 3312 et
3155 3256 3417 3328 sepibus,
3465 3273 3594 3327 pro-

190 3345 343 3402 trina
375 3363 485 3401 sua
519 3347 780 3418 quotidie
811 3347 1182 3418 gubernaret.

261 3437 449 3506 (Vers.
482 3437 594 3506 48.)
625 3435 786 3498 Quod
836 3453 968 3490 vero
1019 3437 1284 3507 sequitur
1335 3455 1348 3492 :
1398 3439 1474 3492 Ili
1521 3445 1702 3491 autem
1739 3437 1841 3492 ﬁlii

194 3525 434 3592 Bel/liae,
495 3525 624 3580 tiliae
673 3525 1012 3591 Pharaonis,
1066 3543 1240 3597 quam
1294 3528 1514 3597 accepit
1571 3527 1758 3581 Mered
1824 3543 1836 3581 :

194 3613 517 3670 Pharaonis
549 3614 982 3680 ﬁliam,idcirco
1014 3615 1068 3668 in
1107 3615 1212 3670 hoc
1241 3614 1367 3669 loco
1400 3619 1641 3671 matrem
1662 3616 1840 3688 Moysi

191 3709 375 3774 vocat,
411 3713 468 3760 et
499 3705 914 3775 interpretatur
940 3705 1061 3775 ﬁlia
1095 3707 1336 3771 Domini,
1363 3714 1595 3776 propter
1625 3707 1837 3761 bonum

188 3792 549 3848 voluntatem
581 3809 758 3864 quam
805 3793 862 3847 in
910 3793 1217 3848 nutriendo
1253 3811 1428 3866 puero
1463 3794 1750 3862 habuerit,
1785 3799 1840 3852 et

189 3897 222 3937 a
270 3882 489 3950 Mered,
539 3882 591 3936 id
641 3887 730 3937 est
775 3883 988 3953 Moyse,
1039 3889 1275 3954 accepta
1321 3900 1448 3938 esse
1497 3883 1730 3950 dicitur,
1773 3903 1838 3939 eo

188 3973 364 4042 quod,
431 3971 648 4026 relictis
695 3971 981 4028 idolorum
1036 3973 1313 4038 cultibus,
1359 3975 1429 4029 ad
1489 3975 1582 4029 Dei
1615 3974 1836 4030 cultum

188 4075 471 4117 conversa
501 4062 596 4116 sit.

257 4150 438 4219 (Vers.
482 4151 596 4222 49.)
631 4173 656 4199 η
691 4150 924 4206 Charmi
959 4155 1122 4222 pater
1151 4150 1304 4205 Ceila
1335 4156 1390 4205 et
1421 4152 1712 4218 Estamoa,
1737 4153 1834 4224 qui

187 4237 296 4294 fuit
326 4241 397 4295 de
432 4240 703 4296 Macbati.
740 4262 767 4289 ››
798 4239 954 4295 Ceila
985 4257 1197 4294 nomen
1228 4238 1336 4295 loci
1365 4245 1472 4308 est,
1498 4245 1555 4295 et
1587 4240 1832 4296 Machati

188 4327 482 4383 similiter.

257 4417 448 4488 (Vers.
481 4417 594 4488 20.)
630 4440 656 4467 ‹‹
690 4417 889 4474 Simon
924 4423 1088 4488 pater
1119 4420 1370 4484 Amnon,
1403 4422 1458 4472 et
1489 4419 1668 4484 Rena,
1707 4441 1734 4467 ››
1767 4419 1832 4473 ti-

186 4503 304 4561 lius
335 4506 448 4560 fuit
483 4509 773 4571 Estamoa,
808 4507 911 4561 filii
945 4507 1109 4575 Odai,
1145 4507 1248 4562 lilii
1279 4508 1513 4575 Astriel,
1549 4508 1648 4562 ﬁlii
1679 4508 1832 4564 Jala-

187 4593 316 4660 leel,
352 4595 453 4649 lilii
486 4596 690 4660 Cenes,
732 4595 835 4650 ﬁlii
866 4596 1016 4661 Sela,
1050 4597 1154 4651 filii
1184 4597 1368 4652 Judaa.

254 4685 444 4755 (Vers.
493 4684 701 4756 21-23.)
745 4707 772 4734 ‹‹
833 4687 902 4740 Et
957 4690 1121 4757 pater
1167 4686 1373 4757 Leeha,
1413 4709 1439 4735 »
1479 4687 1694 4743 idcirco
1745 4687 1835 4742 hic

181 4773 424 4844 ponitur
453 4781 690 4846 propter
721 4774 1063 4830 memoriam
1097 4775 1329 4846 pristini
1366 4775 1644 4831 nominis.
1673 4799 1699 4826 «
1733 4781 1832 4832 Co-

253 4917 266 4950 ¹
302 4917 383 4972 Ex
422 4915 530 4971 hoc
563 4918 686 4972 loco
719 4933 1023 4988 perperam
1057 4918 1295 4988 conjicit
1334 4918 1632 4986 Erasmus,
1688 4919 1836 4974 Scri-

179 4992 407 5070 ptorem
446 4988 688 5070 bujusce
719 4988 997 5070 Opusculi
1022 4991 1448 5070 propemodum
1474 4990 1637 5070 fateri
1662 5007 1724 5046 se
1743 5008 1838 5046 ne-

179 5060 425 5116 scivisse
454 5060 753 5115 Hebraice.
778 5065 844 5115 In
867 5060 1176 5133 Ambiguis
1206 5061 1364 5117 enim
1397 5063 1834 5134 Scripturarum

246 5185 323 5255 (α)
355 5183 463 5247 Qui
510 5185 708 5239 decem
753 5185 929 5240 Mosis
964 5187 1206 5240 nomina
1239 5186 1421 5242 fuisse
1453 5187 1714 5252 tradunt,
1749 5203 1838 5241 ve-

175 5259 326 5330 teres
359 5255 604 5330 H_ebrzs_i,
649 5261 734 5330 ιρι⁸
757 5262 904 5330 sunt;
949 5263 1152 5330 auctor
1182 5257 1430 5330 Vaikraz,
1463 5263 1638 5330 atque
1669 5259 1830 5313 exin-

174 5329 244 5383 de
275 5332 340 5383 R.
375 5326 614 5383 Gedlaia
645 5327 1006 5397 Schalscbel,
1045 5329 1309 5384 nonnihil
1361 5332 1434 5384 ab
1487 5326 1576 5384 his
1612 5332 1837 5385 variant

174 5403 300 5472 tum
329 5399 388 5453 in
424 5399 552 5472 ipsa
582 5399 887 5472 nominum
925 5401 1232 5472 scriptura,
1270 5406 1393 5454 tum
1452 5401 1506 5456 in
1553 5402 1836 5456 excuden-

174 5471 265 5544 dis
295 5470 686 5544 etymologiis.
722 5471 1000 5544 Scribunt
1047 5470 1181 5526 vero
1235 5490 1339 5544 pro
1395 5475 1586 5527 Samai
1622 5485 1836 5536 ant?

175 5539 688 5616 Scheniedaiafpro
730 5541 912 5616 legdor,
945 5553 1042 5602 -πν
1095 5539 1289 5611 lelhe'r,
1336 5562 1444 5616 pro
1486 5545 1672 5600 Heber
1719 5557 1835 5606 un

176 5614 402 5680 Chaber,
452 5598 553 5683 pro
589 5598 849 5669 IIcuthiel
901 5598 1135 5701 Beihin
1162 5598 1456 5680 lekntliiel,
1483 5598 1696 5676 striis?
1728 5598 1834 5678 iis;

170 5702 302 5759 Albi
334 5701 627 5775 Zannacb,
653 5712 776 5764 me
798 5717 879 5765 3N
909 5703 1021 5760 Alii
1052 5705 1374 5778 Socho,pro
1411 5707 1580 5762 Pater
1619 5706 1838 5762 Sanoha

1947 3349 2174 3421 geniem
2209 3367 2336 3420 quae
2365 3351 2435 3404 de
2467 3349 2619 3404 Ruth
2656 3351 2972 3420 propagata
3000 3350 3090 3401 est
3122 3361 3135 3400 :
3171 3362 3299 3417 qua:
3349 3345 3408 3400 in
3441 3345 3592 3417 sepi-

1950 3439 2061 3493 bus
2091 3444 2147 3493 et
2178 3438 2636 3510 plantationibus
2669 3437 2962 3492 habitasse
2994 3435 3220 3505 legitur,
3253 3435 3490 3506 quando
3521 3435 3592 3489 ad

1949 3527 2167 3600 regiam
2200 3527 2544 3600 dignitatem
2580 3527 2696 3582 hzec
2731 3525 3011 3598 plantatio
3038 3525 3317 3596 pervenit.
3348 3523 3591 3580 Commo-

1948 3619 2062 3672 rati
2084 3622 2213 3672 sunt
2245 3618 2341 3684 ibi,
2377 3619 2483 3672 hoc
2521 3622 2610 3672 est
2656 3617 2715 3671 in
2766 3614 3082 3679 Bethleem,
3115 3613 3268 3685 apud
3301 3629 3497 3686 regem
3531 3613 3590 3668 in

1949 3707 2225 3778 operibus
2251 3707 2400 3777 ejus,
2433 3707 2572 3778 quia
2601 3723 2669 3761 ex
2699 3705 2782 3760 eis
2813 3704 2992 3760 David
3027 3719 3125 3758 rex
3155 3707 3318 3758 ortus
3347 3707 3454 3770 est,
3487 3718 3593 3757 cu-

1943 3795 2046 3867 jus
2077 3813 2251 3868 Opera
2282 3795 2447 3851 miris
2477 3794 2782 3867 prmconiis
2815 3792 3220 3865 praedicantur.

2020 3884 2204 3951 (Vers.
2234 3886 2324 3949 24,
2357 3885 2415 3938 3t
2455 3890 2511 3938 et
2541 3883 2657 3954 32.)
2687 3906 2715 3930 ‹‹
2750 3881 2875 3935 Filii
2919 3882 3163 3953 Symeon
3201 3902 3228 3928 η
3273 3878 3332 3934 in
3385 3878 3595 3935 Genesi

1947 3990 2046 4029 sex
2102 3972 2515 4028 describuntur
2564 3975 2703 4042 (cap.
2756 3986 2904 4035 xcvr,
2949 3983 3098 4024 vers.
3152 3957 3266 4038 40).⁵
3311 3966 3416 4022 Hic
3462 3984 3594 4024 vero

1947 4067 2147 4118 sextus
2203 4060 2446 4123 tollitur,
2497 4077 2563 4116 eo
2625 4059 2780 4130 quod
2841 4055 3001 4112 nulla
3055 4056 3364 4129 progenies
3409 4057 3480 4113 de
3528 4074 3594 4114 eo

1946 4150 2250 4223 processit.
2311 4149 2612 4204 Mutantur
2660 4163 2794 4202 vero
2848 4144 3088 4201 nomina
3145 4145 3410 4218 quaedam
3469 4145 3595 4202 suis

1945 4239 2292 4295 rationibus.
2343 4238 2403 4292 In
2457 4236 2664 4293 Genesi
2713 4235 3011 4304 scribitur,
3049 4233 3298 4303 Jemuel,
3341 4233 3593 4302 Jemuel,

1943 4345 2099 4384 mare
2148 4329 2244 4382 Dei
2305 4346 2324 4382 :
2378 4327 2436 4382 in
2491 4327 2973 4398 Paralipomenon
3019 4323 3285 4391 Namuel,
3327 4323 3592 4395 Namuel,

1945 4419 2170 4488 loquens
2220 4434 2346 4472 cum
2399 4418 2521 4472 Deo.
2573 4415 2736 4470 Alius
2783 4432 2915 4470 vero
2973 4415 3030 4468 in
3080 4413 3287 4469 Genesi
3355 4417 3596 4468 vocatur

1943 4508 2104 4562 Ohad
2137 4507 2194 4561 in
2229 4505 2716 4578 Paralipomenon
2758 4503 2936 4560 Jarib.
2971 4503 3130 4558 Ohad
3177 4501 3596 4573 interpretatur

1868 4613 1913 4677 Ι)
1946 4596 2188 4652 laudatio
2228 4615 2246 4650 :
2275 4596 2460 4661 Jarib.
2502 4597 2732 4666 litigans
2784 4611 2802 4647 :
2853 4592 2990 4664 quia
3032 4592 3103 4647 de
3147 4592 3272 4661 ejus
3322 4590 3595 4662 progenie

1945 4686 2120 4742 exivit
2152 4685 2364 4750 Zamri,
2399 4685 2520 4756 qui,
2554 4700 2686 4738 cum
2723 4687 2882 4739 scoto
2923 4679 3296 4737 Madianitide
3326 4695 3592 4752 peccans,

1949 4791 1983 4830 a
2012 4774 2257 4830 Pbinees
2290 4778 2630 4846 peremptus
2681 4775 2788 4827 est.
2837 4769 3042 4827 Jachin
3078 4769 3134 4823 in
3174 4766 3402 4834 Genesi,
3437 4767 3591 4839 quod

1944 4917 2336 4993 verb_is,periti
2369 4914 2634 4993 consulto
2662 4915 3017 4993 interrogare
3047 4910 3235 4993 solent
3264 4909 3592 4993 peritiores;

1946 5007 2052 5046 nec
2083 4986 2189 5046 hoc
2222 4988 2552 5060 imperitiae.
2588 4988 2686 5043 sed
2723 4986 3044 5059 prudentia;
3078 4989 3136 5039 et
3165 4986 3465 5038 maturiori
3487 4986 3592 5052 ju-

1946 5062 2097 5117 dicio
2131 5061 2507 5117 tribuendum
2539 5065 2647 5115 est.

1945 5191 1998 5242 et
2031 5189 2196 5260 Pater
2225 5185 2418 5260 Sec/io.
2438 5183 2659 5260 Hisque
2685 5182 2914 5260 addunt
2942 5165 3124 5260 “iam:
3149 5187 3213 5239 13
3233 5179 3366 5260 Ben_
3383 5177 3594 5260 Nutha:

1947 5257 2100 5322 nael,
2131 5259 2183 5312 id
2218 5264 2307 5312 est
2336 5259 2540 5312 Filium
2569 5249 2946 5322 Nuthanaelis,
2997 5258 3054 5307 et
3099 5261 3281 5311 nunc
3325 5249 3504 5320 Tobia,
3537 5253 3596 5304 et

1947 5340 2111 5394 ἾΞἾΟ,
2135 5330 2290 5400 quod
2322 5335 2409 5384 est
2441 5327 2646 5382 Scriba.

2020 5411 2095 5480 (b)
2131 5410 2262 5471 Ms.,
2285 5424 2506 5464 securus
2538 5408 2877 5462 intercedens
2906 5405 3234 5476 appellatur.

2019 5492 2088 5559 (ρ)
2123 5488 2283 5564 Malit
2311 5505 2444 5544 vero
2476 5488 2536 5564 i_n_
2569 5486 2785 5564 Erasini
2817 5485 3167 5564 sententiam
3188 5479 3590 5564 .prudens'lec-

1946 5553 2048 5688 ξιοὲῖ⁸
2069 5553 2398 5618 concedere.
2437 5559 2577 5615 Vide
2606 5576 2732 5631 quae
2765 5559 2870 5613 hac
2902 5557 2972 5613 de
3002 5573 3063 5613 re
3084 5553 3341 5612 diximus
3362 5553 3421 5609 in
3443 5553 3591 5609 Prie-

1971 5651 2005 5689 a
2037 5649 2186 5688 ione.
