3970 6390
363 338 537 419 me

1873 334 2292 405 APPENDIX.

3607 334 3796 407 θυι)

376 472 797 548 interpretatur
819 474 1153 549 praeparatio
1200 491 1219 531 :
1250 472 1310 530 in
1341 473 1828 549 Paralipomenon
1860 478 2022 541 Zara,
2054 475 2107 541 Α
2136 478 2252 543 tur,
2283 473 2423 548 quia
2463 474 2609 533 Abia
2647 475 2805 534 ﬁlius
2844 474 3153 543 Samuelis,
3183 473 3245 532 in
3282 474 3544 548 judicem
3570 475 3800 532 constie

376 565 530 637 quod
570 564 986 637 interpretatur
1033 567 1203 619 ortus.
1237 563 1375 620 Saul
1421 582 1575 632 vero,
1609 579 1782 636 quem
1822 564 2023 619 eodem

378 654 615 710 nomine
644 654 703 708 in
736 657 982 724 utroque
1036 652 1185 708 libro
1232 637 1673 721 commemorat,
1702 653 1798 708 hic
1840 653 2026 708 ﬁlium

374 742 733 799 Cananitidis
760 747 929 827 tpcet,
962 749 1021 799 et
1048 743 1345 799 vicinitate
1391 743 1629 798 fraterni
1670 742 1927 798 nominis
1959 758 2028 796 ex

372 836 538 899 Zara,
569 832 670 904 qui
701 831 1117 903 interpretatur
1144 842 1313 899 ortus,
1348 834 1600 888 decorat.
1648 832 1809 898 Quod
1860 831 2022 895 dicit,

372 943 401 971 «ι
435 925 525 976 Hie
557 920 825 977 civitates
853 938 1054 977 eorum
1088 939 1275 994 usque
1305 922 1379 977 ad
1410 938 1602 994 regem
1639 921 1886 988 David,»
1918 920 2026 975 hoc

369 1008 494 1064 vu‘lt
550 1008 822 1081 intelligi,
884 1011 1039 1082 quod
1098 1010 1353 1067 Sicelecb
1413 1016 1471 1065 et
1526 1010 1830 1076 Bersabee,
1894 1026 2024 1081 quae

370 1098 562 1155 tribus
607 1099 767 1153 ludas
818 1099 1074 1166 fuerunt,
1132 1104 1189 1155 et
1228 1117 1261 1155 a
1314 1099 1471 1155 tribu
1517 1101 1760 1169 Symeon
1810 1098 2021 1153 invasa:

371 1191 532 1254 sunt,
563 1205 598 1243 a
627 1187 803 1243 David
837 1188 1030 1243 denuo
1077 1187 1135 1242 in
1186 1188 1497 1260 pristinam
1528 1190 1691 1244 Juda:
1726 1187 2027 1244 redierunt

372 1276 788 1334 haereditatem.
817 1277 1243 1333 Ain-Remmon
1280 1277 1458 1333 unius
1489 1277 1635 1332 villae
1666 1293 1879 1332 nomen
1913 1281 2020 1343 est,

369 1381 499 1439 quae
528 1365 966 1437 interpretatur,
999 1366 1135 1421 Fons
1165 1366 1438 1421 malorum
1468 1374 1848 1435 gratuitorum.

440 1454 627 1527 (Vers.
670 1453 788 1524 33.)
823 1477 845 1502 ιι
880 1453 949 1509 Et
978 1453 1233 1510 universi
1285 1453 1456 1509 viculi
1507 1471 1708 1510 eorum
1762 1470 1865 1525 per
1912 1451 2021 1508 cir-

371 1544 595 1601 cuitum
627 1541 924 1597 civitatum
959 1542 1208 1599 istarum
1245 1561 1431 1616 usque
1463 1542 1797 1598 Baal.»Baal
1831 1542 1887 1597 in
1914 1541 2022 1599 hoc

366 1631 490 1690 loco
515 1632 644 1704 ipsa
675 1636 920 1704 est,quze
949 1633 1006 1686 in
1031 1632 1143 1688 alio
1176 1632 1300 1688 loco
1321 1632 1690 1689 Cariathbaal
1723 1631 2020 1699 scribitur,

367 1722 439 1778 de
471 1740 590 1794 qua
618 1721 889 1795 superius
917 1721 1140 1777 dictum
1172 1727 1280 1777 est.
1298 1723 1629 1778 Notandum
1655 1723 1727 1776 de
1759 1720 2021 1792 reliquiis

367 1810 647 1868 Amalech
679 1829 692 1867 :
725 1811 906 1866 Beera
934 1811 1093 1867 ﬁlius
1122 1811 1255 1867 Baal
1290 1813 1361 1867 de
1391 1811 1571 1883 stirpe
1619 1811 1849 1877 Ruben,
1896 1811 2021 1882 ipse

367 1904 458 1956 est
488 1905 658 1955 Pater
686 1899 844 1955 Osee;
878 1899 1197 1972 prophetae.
1241 1900 1572 1957 Notandum
1606 1901 1758 1972 quod
1788 1899 1917 1972 ipsa
1947 1900 2026 1955 sit

364 1989 621 2047 Cethura
652 2006 779 2061 quae
812 1992 871 2044 et
898 1996 1077 2061 Agar.

439 2080 599 2151 (Cap.
634 2077 699 2133 V.
736 2109 802 2118 —
828 2077 992 2134 Vere.
1025 2080 1138 2147 19.)
1167 2079 1313 2135 Nam
1347 2096 1481 2134 cum
1514 2078 1669 2134 dicat
1702 2078 2023 2134 Rubenitas

366 2172 425 2226 et
453 2167 737 2225 Gadditas
768 2172 827 2222 et
855 2167 1161 2223 dimidiam
1180 2168 1399 2223 tribum
1430 2168 1697 2224 Manasse
1728 2185 2022 2240 pugnasse

366 2274 503 2313 cum
550 2256 827 2329 Agarenis
862 2273 874 2311 ε
914 2257 1185 2328 sequitur
1215 2257 1535 2330 praebuisse
1581 2258 1668 2313 eis
1715 2257 2020 2326 auxilium,

366 2348 625 2411 ituraeos,
658 2345 965 2417 Napbaeos,
998 2351 1055 2401 et
1082 2346 1415 2420 Nodab,qui
1447 2347 1650 2419 utique
1678 2346 1780 2402 filii
1815 2346 2021 2402 Ismael

364 2437 621 2493 fuerunt.
659 2435 815 2491 idem
850 2435 909 2489 in
947 2435 1428 2507 Paralipomenon
1459 2436 1684 2501 Nodab,
1716 2435 1776 2491 in
1810 2436 2022 2492 Genesi

366 2528 507 2598 (cap.
535 2542 668 2592 xxv,
717 2540 856 2583 vers.
910 2524 1000 2596 15)
1050 2525 1266 2581 Cedma
1311 2531 1567 2581 vocatur.
1601 2526 1817 2582 Cedma
1847 2524 2023 2581 inter-

366 2620 631 2690 pretatur
660 2616 1043 2685 antiquorum,
1078 2615 1303 2682 Nodab,
1346 2619 1487 2671 uter.
1522 2615 1655 2671 Fuit
1702 2614 1858 2670 enim
1906 2614 2022 2670 bel-

366 2705 493 2763 lum
522 2702 753 2760 Domini
791 2718 804 2757 :
838 2701 977 2774 quia
1007 2703 1295 2760 Dominus
1317 2704 1597 2777 pugnavit
1626 2721 1759 2759 cum
1788 2703 1893 2760 eis.

435 2793 621 2866 (Vers.
665 2792 781 2861 26.)
834 2792 1134 2847 Transtulit
1183 2792 1684 2864 Theglatphalasar,
1734 2793 1921 2849 Ruben
1970 2797 2023 2848 et

366 2882 480 2941 Gud
506 2886 559 2938 et
587 2880 884 2937 dimidiam
913 2881 1123 2936 tribum
1151 2883 1420 2948 Manasse,
1451 2891 1503 2937 et
1539 2882 1776 2937 adduxit
1825 2899 1911 2938 eos
1962 2884 2023 2938 in

369 2974 535 3038 ﬂata,
565 2974 615 3029 et
646 2972 705 3026 in
733 2970 874 3025 Abor
901 2974 953 3025 et
982 2975 1156 3041 llam,
1192 2972 1322 3044 ipsa
1368 2975 1457 3027 est
1506 2972 1711 3044 Reges.
1744 2972 1805 3026 In
1842 2971 2023 3027 Mala-

365 3061 524 3120 chim
555 3076 687 3116 vero
718 3063 867 3114 Hara
904 3061 1394 3132 praetermittitur.

437 3151 592 3224 (Cap.
627 3148 719 3204 VI.
751 3178 819 3188 —
846 3147 1011 3204 Vere.
1069 3151 1179 3221 15.)
1221 3150 1506 3207 Josedech
1551 3150 1845 3221 sacerdos,
1895 3149 2020 3222 ipse

364 3223 457 3296 est
480 3239 676 3294 Ezras.
696 3237 1081 3294 Demonstrat.
1108 3239 1214 3295 hoc
1242 3238 1390 3294 liber
1420 3239 1684 3310 ejusdem
1718 3238 1887 3303 Ezraa,
1913 3238 2017 3294 ubi
2050 3223 2093 3289 C

366 3327 551 3386 dicit:
586 3332 659 3385 Et
691 3337 810 3402 post
859 3326 971 3384 hac
1020 3329 1183 3385 verba
1235 3330 1294 3383 in
1338 3343 1510 3398 regno
1551 3329 1832 3383 Artaxerit
1877 3329 2023 3397 regis

365 3424 662 3477 Persarum
710 3423 875 3476 Ezras
920 3420 1080 3490 ﬁlius
1134 3420 1356 3475 Samiae
1404 3417 1515 3488 ﬁlii
1566 3417 1782 3473 Arserit?
1839 3418 2019 3489 (Esdr.

366 3525 468 3576 \m,
500 3509 572 3580 l).
599 3509 710 3564 Sed
735 3509 793 3564 in
828 3509 975 3564 libro
1006 3524 1113 3563 suo
1147 3523 1208 3563 se
1242 3506 1639 3577 praetermittit
1670 3505 2023 3562 humilitatis

369 3614 567 3654 causa.
614 3599 775 3663 Quod
826 3616 959 3654 vero
1011 3595 1171 3665 dicit,
1199 3597 1415 3652 Joanan
1442 3596 1633 3665 genuit
1663 3594 1939 3661 Azariam,
1969 3598 2026 3650 et

369 3687 494 3759 ipse
525 3693 615 3742 est
649 3685 1017 3758 Azarias,qui
1050 3684 1369 3741 sacerdotio
1402 3684 1641 3739 functus
1660 3687 1748 3738 est
1769 3682 1827 3737 in
1851 3683 2025 3738 domo

370 3793 549 3849 quam
580 3776 885 3832 aedificavit
905 3775 1178 3833 Salomon
1222 3774 1278 3828 in
1322 3772 1684 3840 Jerusalem;
1738 3777 2027 3828 monstrat

368 3867 641 3923 eumdem
674 3866 937 3922 Azariam
981 3864 1267 3922 restitisse
1316 3862 1463 3919 Ozias
1495 3861 1637 3934 regi,
1670 3862 1907 3933 quando
1940 3862 2026 3916 in-

367 3954 542 4011 travit
570 3955 628 4009 in
659 3955 948 4027 templum
982 3952 1212 4010 Domini
1244 3968 1379 4007 cum
1413 3949 1738 4015 thuribulo,
1762 3954 1819 4005 et
1840 3953 2027 4004 terrae-

372 4048 567 4100 motus
602 4060 858 4117 magnus
889 4044 1078 4099 factus
1109 4046 1220 4099 est.
1253 4040 1519 4096 Tradunt
1548 4039 1721 4094 etiam
1753 4038 2026 4095 eumdem

371 4136 571 4189 Ezram
602 4149 733 4189 esse
759 4132 1103 4189 Malaohiam
1156 4130 1523 4203 prophetam,
1558 4128 1658 4200 qui
1713 4127 1771 4183 in
1816 4128 2031 4184 duode-

372 4221 486 4278 cim
520 4222 820 4294 prophetis
852 4222 1099 4278 ultimus
1130 4223 1237 4277 est.
1287 4218 1480 4290 Ipsius
1530 4216 1688 4273 filius
1724 4221 1814 4273 est
1856 4218 2029 4273 Jesus

373 4311 648 4377 sacerdos
681 4324 953 4386 magnus,
988 4311 1062 4368 de
1090 4327 1206 4381 quo
1232 4307 1503 4364 meminit
1531 4307 1839 4363 Zacharias
1891 4324 2027 4379 pro-

376 4400 570 4474 pheta.
604 4401 920 4457 Sciendum
975 4414 1119 4455 sane
1166 4397 1307 4470 quia
1349 4397 1562 4452 crebraa
1610 4395 2030 4468 appellationes

372 4507 756 4563 personarum
793 4494 851 4546 et
883 4486 1333 4544 immutationes
1361 4485 1669 4540 nominum
1718 4490 1775 4541 et
1820 4484 2027 4557 repeti-

371 4579 563 4636 tiones
592 4580 689 4652 (a),
723 4580 796 4635 ad
831 4594 1118 4652 magnum
1147 4574 1491 4649 mysterium
1525 4574 1831 4647 pertinent.

469 4668 780 4742 (Vers.22.)
806 4669 943 4725 Filii
994 4667 1165 4723 Chaat
1212 4664 1518 4722 Aminadab
1559 4665 1711 4737 ﬁlius
1751 4666 1887 4737 ejus.
1923 4666 2036 4721 Iste

374 4760 701 4818 Aminadab
732 4758 858 4832 ipse
889 4762 997 4826 est,
1031 4756 1132 4830 qui
1164 4756 1224 4812 in
1257 4753 1530 4811 Numeris
1559 4756 1792 4812 Jessaar
1828 4755 2036 4811 scribi-

371 4853 488 4918 tur,
523 4854 687 4921 pater
716 4851 878 4904 Core.
916 4847 1097 4903 Filius
1128 4844 1385 4911 Samuel,
1418 4843 1517 4916 qui
1564 4844 1624 4900 in
1669 4844 1889 4916 Regum
1924 4844 2028 4900 Jo-

370 4936 477 4995 hel‘.
496 4937 839 4995 nominatur
869 4954 883 4994 :
920 4938 979 4993 in
1012 4934 1500 5010 Paralipomenon
1549 4933 1796 4990 Vasseni
1831 4933 2033 4990 scribi-

448 5165 471 5226 εί
518 5154 831 5210 Hebraeum
878 5156 1050 5226 gente
1095 5150 1193 5207 hic
1238 5149 1617 5226 agnoscimus
1673 5154 1971 5226 auctorem
2019 5166 2033 5206 :

420 5225 517 5281 uia
552 5242 682 5282 mos
718 5222 1091 5282 Hebraeorum
1122 5226 1213 5279 est
1244 5222 1308 5277 ut
1338 5222 1696 5294 propinquos
1742 5222 2040 5294 appellent

406 5300 772 5440 nit{frigente
805 5368 1093 5440 scriptum
1127 5365 1343 5439 legitur
1372 5364 1430 5419 in
1462 5368 1632 5419 antea
1661 5362 1834 5422 editis
1868 5364 2037 5421 libris

450 5546 528 5617 (a)
552 5545 762 5614 Verba,
796 5549 1085 5602 nominum
1133 5553 1185 5602 et
1225 5545 1594 5617 repetitiones,
1647 5544 1705 5599 in
1759 5561 1888 5601 meo
1921 5563 2032 5602 ms.

387 5622 735 5762 Πίξῖἐιξὲῐέι
759 5688 909 5759 apud
938 5687 1168 5745 Latinos
1190 5686 1530 5758 hujusmodi
1552 5687 1818 5761 exempla
1839 5705 2035 5745 occur-

2137 568 2322 633 tutus,
2359 583 2670 622 munerum
2699 571 2968 639 acceptor
3003 569 3147 622 erat.
3192 565 3255 621 Et
3285 565 3423 637 quia
3461 564 3572 622 iste
3599 562 3795 631 Jobel,

2138 656 2238 726 qui
2284 660 2340 711 et
2388 655 2657 723 Vasseni,
2693 656 2915 712 sciebat
2969 656 3097 719 hoc,
3155 659 3214 710 et
3270 671 3384 711 non
3434 654 3797 726 corripiebat

2136 758 2270 799 eum
2306 762 2319 800 :
2354 744 2482 800 ideo
2514 745 2792 800 dicuntur
2831 749 3076 816 uterque
3111 744 3338 799 fecisse.
3392 745 3454 799 In
3501 743 3610 798 hoc
3657 758 3796 800 vero

2135 832 2262 889 loco
2292 834 2658 889 demonstrat
2686 850 2819 889 eum
2852 837 3189 905 separatum
3223 850 3257 889 a
3285 833 3460 888 fratre
3488 847 3618 897 suo,
3651 831 3799 904 quia

2135 927 2407 994 acceptor
2438 939 2748 978 munerum
2774 926 2917 978 erat.

2206 1011 2391 1082 (Vers.
2425 1012 2542 1082 34.)
2577 1035 2598 1059 ε
2646 1010 2786 1066 Eliel
2834 1014 3000 1083 pater
3040 1010 3274 1066 Jeroam
3325 1008 3483 1083 ﬁlius
3527 1009 3723 1075 Thou;
3760 1030 3790 1057 ν»

2132 1099 2193 1155 in
2216 1081 2449 1172 Regum
2482 1100 2605 1155 Eliu
2638 1081 2934 1155 scribitur.
2959 1099 3049 1154 Sic
3067 1099 3224 1155 enim
3258 1081 3559 1169 babes,'Et
3587 1113 3795 1153 nomen

2133 1190 2250 1259 ejus
2316 1191 2525 1246 Eleana
2595 1191 2744 1259 ﬁlius
2805 1192 3052 1254 Jeroam,
3110 1189 3222 1258 ﬁlii
3275 1188 3421 1255 Eliu,
3473 1189 3582 1258 ﬁlii
3641 1186 3795 1242 Thou

2132 1282 2180 1350 (Ι
2217 1281 2341 1349 Reg.
2380 1297 2418 1348 1,
2467 1279 2541 1348 i).
2572 1277 2714 1333 Eliel
2754 1278 3189 1349 interpretatur,
3240 1278 3376 1332 Deus
3422 1291 3574 1331 meus
3617 1275 3787 1341 Deus,

2135 1368 2284 1435 Elin,
2316 1370 2457 1423 Deus
2487 1384 2637 1423 meus
2679 1370 2813 1439 ipse.
2870 1370 2939 1420 Et
2984 1365 3077 1420 hic
3131 1364 3269 1421 Eliel
3320 1364 3551 1430 dicitur,
3582 1364 3639 1419 id
3673 1369 3792 1430 est,

2131 1458 2271 1513 Deus
2296 1474 2451 1513 meus
2478 1458 2620 1512 Deus
2651 1473 2670 1510 :
2704 1456 2763 1510 in
2808 1456 3032 1527 Regum
3082 1468 3237 1521 vero,
3270 1452 3371 1508 ubi
3420 1453 3673 1509 necdum
3711 1452 3790 1508 ad

2134 1546 2334 1617 templi
2390 1544 2782 1601 ministerium
2839 1544 3201 1615 designatur,
3270 1542 3371 1598 sed
3414 1540 3789 1597 solummodo

2131 1634 2484 1707 genealogis:
2516 1635 2657 1690 ordo
2690 1633 2924 1697 texitur,
2959 1632 3175 1688 dicitur
3219 1630 3366 1697 Eliu,
3405 1631 3463 1686 id
3511 1635 3601 1687 est
3647 1632 3789 1687 Deus

2131 1742 2282 1780 meus
2312 1727 2447 1796 ipse.
2476 1724 2639 1788 Quod
2690 1740 2823 1778 vero
2870 1721 3089 1777 dicitur
3136 1719 3317 1775 Eman
3367 1726 3569 1775 cantor
3624 1718 3791 1774 ﬁlius

2130 1814 2318 1883 Jobel,
2352 1819 2409 1869 et
2436 1812 2662 1884 expleta
2703 1810 3067 1884 genealogis,
3114 1807 3257 1865 dicit
3298 1808 3494 1880 Asaph
3542 1808 3784 1864 fratrem

2133 1904 2283 1973 ejus.
2303 1903 2403 1958 llic
2436 1903 2616 1958 frater
2645 1919 2758 1957 non
2794 1900 2970 1955 unius
2993 1899 3175 1972 patris
3196 1903 3297 1955 aut
3325 1898 3528 1955 matris
3545 1897 3785 1964 dicitur,

2133 1993 2235 2048 sed
2267 2010 2335 2048 eo
2370 1993 2544 2048 modo
2574 2007 2691 2063 quo
2723 1989 2986 2047 solemus
3025 1989 3386 2061 propinquos
3434 1988 3643 2043 fratres
3681 2000 3786 2059 ap-

2134 2081 2349 2154 pellare
2386 2082 2424 2135 ¹.
2467 2082 2627 2146 Quod
2677 2096 2812 2135 vero
2861 2077 3205 2151 genealogia
3250 2080 3438 2133 Aaron
3482 2075 3784 2149 repetitur,

2132 2176 2189 2228 et
2236 2188 2425 2243 usque
2478 2171 2549 2225 ad
2602 2168 2916 2225 Achimaas
2971 2167 3253 2239 pervenit,
3302 2170 3538 2239 putatur
3565 2165 3677 2221 hoc
3706 2164 3784 2220 ob

2131 2260 2364 2316 laudem
2411 2265 2469 2316 et
2512 2258 2859 2315 memoriam
2914 2256 3224 2313 Achimaas
3270 2255 3487 2311 factum
3533 2269 3683 2323 esse,
3713 2270 3783 2310 eo

2132 2350 2289 2422 quod
2322 2348 2570 2404 fideliter
2599 2364 2736 2420 erga
2756 2346 2937 2402 David
2972 2347 3031 2401 in
3066 2345 3341 2402 omnibus
3366 2344 3565 2417 egerit.

2203 2438 2390 2507 (Vers.
2422 2436 2538 2507 68.)
2569 2438 2925 2491 «Olecmaam
2966 2450 3103 2489 cum
3152 2432 3508 2489 suburbanis
3555 2431 3702 2488 suis.
3750 2453 3777 2484 ι

2130 2526 2450 2593 Jecmaam,
2485 2526 2545 2581 in
2578 2525 3080 2596 Paralipomenon,
3125 2540 3228 2595 per
3272 2526 3444 2589 Mem,
3486 2521 3641 2594 quod
3690 2520 3783 2577 in-

2130 2619 2499 2688 terpretatur,
2535 2614 2836 2671 vindicatio
2891 2607 3199 2685 populi'in
3253 2615 3429 2668 Josue
3477 2612 3620 2682 (cap.
3656 2627 3774 2678 xxx,

2140 2721 2277 2760 vers.
2301 2706 2390 2775 34)
2421 2704 2697 2760 scribitur
2730 2704 2805 2774 (a)
2855 2702 3117 2757 Jecnaan
3163 2702 3204 2765 ²,
3256 2717 3356 2772 per
3385 2700 3540 2766 Nun,
3575 2699 3632 2754 id
3667 2703 3779 2768 est,

2131 2796 2429 2866 acquisitio
2469 2793 2682 2866 populi.
2716 2793 2833 2848 Hac
2876 2790 3147 2846 videlicet
3202 2789 3445 2860 ratione,
3485 2788 3624 2861 quia
3670 2789 3773 2860 qui

2131 2883 2408 2957 primitus
2464 2882 2525 2937 in
2582 2880 2967 2937 custodienda
3015 2879 3140 2952 lege
3191 2879 3424 2934 fuerunt
3473 2877 3782 2950 acquisitio

2132 2971 2600 3046 p0puli,propter
2628 2974 2868 3044 peccata
2896 2985 3007 3025 sua
3027 2968 3178 3024 versi
3207 2971 3349 3024 sunt
3376 2967 3433 3022 in
3461 2966 3778 3023 vindictam

2133 3060 2357 3133 pnpuH.

2203 3151 2390 3222 (Vers.
2436 3151 2552 3221 70.)
2603 3172 2630 3200 ‹‹
2677 3154 2855 3205 Porro
2905 3163 2974 3203 ex
3020 3145 3268 3202 dimidia
3311 3144 3469 3200 tribu
3512 3147 3778 3200 Manasse

2133 3243 2307 3306 Aner,
2336 3244 2393 3295 et
2421 3239 2763 3296 suburbana
2793 3238 2940 3309 ejus.
2980 3257 3007 3286 »
3035 3237 3190 3291 Aner
3216 3251 3285 3290 ex
3313 3250 3430 3290 uno
3475 3233 3546 3288 de
3580 3233 3777 3305 pueris

2131 3330 2373 3397 Abrahae
2420 3344 2630 3385 nomen
2685 3326 2927 3399 accepit,
2980 3325 3081 3399 qui
3130 3324 3445 3380 vocabatur
3490 3326 3665 3389 Aner,
3710 3338 3776 3378 eo

2134 3419 2287 3490 quod
2321 3418 2399 3473 ibi
2450 3416 2748 3482 habitavit,
2798 3421 2855 3472 et
2903 3415 2981 3470 ibi
3030 3413 3295 3486 sepultus
3336 3417 3442 3468 est.
3496 3413 3557 3466 In
3599 3415 3777 3467 Josue

2132 3525 2266 3564 vero
2311 3509 2453 3580 (cap.
2499 3525 2615 3577 xix,
2652 3523 2791 3562 vers.
2840 3505 2931 3575 50)
2982 3502 3286 3560 Thaanath
3335 3505 3592 3556 vocatur.
3623 3501 3776 3556 Aner

2134 3598 2554 3669 interpretatur
2583 3597 2791 3651 lumen.
2825 3592 3158 3657 Thaanacb,
3192 3590 3483 3663 respondit.
3516 3591 3578 3645 In
3611 3589 3781 3644 Para-

2134 3687 2496 3760 lipomenon,
2547 3684 2783 3741 Balaam
2832 3689 2889 3739 et
2937 3681 3279 3739 suburbana
3304 3680 3431 3750 ejus
3465 3695 3476 3734 :
3510 3678 3568 3734 in
3596 3678 3777 3734 Josue

2135 3774 2401 3833 Giblaam
2451 3775 2746 3831 scribitur.
2796 3772 3086 3839 Giblaam,
3145 3769 3467 3826 inveteratio
3521 3768 3714 3839 papuli
3762 3784 3782 3822 :

2138 3865 2402 3930 Balaam,
2436 3865 2681 3919 turbatio
2701 3860 2919 3935 populi.

2213 3953 2399 4025 (Vers.
2438 3953 2549 4024 75.)
2581 3951 2829 4008 Ramoth
2860 3966 2995 4007 vero
3027 3947 3084 4003 in
3119 3946 3594 4018 Paralipomenon
3640 3944 3782 4001 scri-

2141 4044 2318 4099 bitur.
2357 4043 2517 4098 Unde
2564 4042 2800 4109 dicitur,
2850 4039 3086 4097 Ramoth
3137 4052 3348 4108 quoque
3392 4039 3444 4091 et
3478 4034 3789 4091 suburbana

2136 4133 2342 4203 ejus,et
2370 4132 2426 4186 in
2459 4131 2611 4187 tribu
2650 4129 2940 4186 Issachar.
2967 4125 3216 4183 Ramoth
3247 4141 3378 4180 vero
3407 4122 3785 4194 Galaad,qu:e

2138 4222 2199 4278 in
2253 4225 2489 4294 Regum
2558 4218 2837 4276 scribitur
2909 4218 3001 4291 (IV
3052 4217 3180 4285 Reg.
3238 4231 3314 4282 1x,
3380 4213 3451 4285 1),
3512 4211 3571 4266 in
3632 4210 3786 4266 tribu

2140 4311 2438 4384 Ephraim.

2208 4401 2396 4469 (Vers.
2427 4400 2632 4471 7/1.)ln
2665 4396 3177 4469 Paralipomenon,
3224 4417 3248 4442 υ
3306 4392 3387 4448 De
3431 4390 3585 4447 tribu
3621 4390 3783 4456 Aser,

2139 4489 2317 4547 Masal
2360 4506 2491 4545 cum
2523 4487 2882 4544 suburbanis
2912 4485 3057 4542 suis.
3094 4506 3122 4533 »
3152 4482 3256 4539 Hic
3315 4478 3497 4536 Masal
3520 4478 3786 4551 parabole

2069 4600 2115 4664 Ι)
2145 4580 2585 4652 interpretatur.
2620 4578 2683 4633 ln
2716 4577 2863 4633 libro
2895 4591 3027 4631 vero
3075 4574 3253 4630 Josue
3283 4569 3491 4664 Misaal‘
3505 4567 3785 4664 scribitur

2150 4670 2290 4742 (cap.
2324 4687 2419 4737 xx,
2455 4685 2591 4725 vers.
2624 4668 2736 4739 30),
2790 4665 2947 4739 quod
2995 4663 3406 4735 interpretatur
3434 4658 3784 4728 interrogatio

2146 4763 2401 4917 Diti/ere.
2433 4846 2549 4919 75.)
2588 4847 2651 4901 In
2685 4843 3167 4918 Paralipomenon
3200 4859 3249 4897 :«
3286 4844 3476 4895 Hucac
3504 4842 3563 4893 et
3587 4836 3786 4893 subur-

2144 4936 2299 4993 bana
2354 4932 2522 5008 ejus;
2582 4957 2611 4986 η
2669 4935 2728 4991 in
2786 4935 2964 4992 Josu‘e
3012 4948 3145 4988 vero
3195 4934 3338 5000 (cap.
3368 4934 3646 4996 unum.
3693 4924 3782 4998 3i)

2148 5154 2393 5208 Iecmaan
2427 5166 2531 5221 pro
2584 5154 2821 5205 Iecnaan
2853 5147 3031 5221 :_Nun
3058 5145 3238 5221 enim,
3269 5143 3341 5221 de
3378 5157 3491 5214 quo
3528 5137 3783 5221 loquitur

2148 5228 2350 5279 auctor
2379 5211 2488 5276 iste
2533 5222 2829 5285 Hebraeus,
2876 5219 2937 5274 in
2961 5217 3181 5292 __medio
3203 5211 3552 5292 _vo_cis:esse
3597 5211 3781 5292 debet,

2148 5312 2263 5351 non
2297 5294 2353 5350 in
2388 5295 2524 5359 fine,
2556 5298 2624 5348 ut
2653 5296 2939 5348 noverunt
2960 5288 3172 5363 linguae
3202 5285 3493 5344 Hebraicis
3522 5285 3710 5356 periti.

2148 5547 2305 5600 runt.
2338 5544 2483 5599 Vide
2514 5544 2712 5617 ipsum
2743 5537 3365 5617 Hieronymum_Libro
3406 5536 3607 5617 contra
3647 5530 3782 5617 ﬁel-

2144 5616 2392 5685 vidium,
2427 5603 2638 5673 hac‘de
2668 5631 2727 5670 re
2752 5603 3008 5671 maxim'e
3046 5630 3117 5670 ex
3165 5612 3599 5683 Scripturarum
3644 5603 3783 5662 idio-

2145 5693 2301 5746 mate
2330 5689 2521 5746 fusius
2551 5688 2959 5759 disserentem.
3506 5700 3510 5703 ·
