3970 6382
195 386 351 450 1441

1149 387 1454 458 QUIES'I‘.
1504 386 1870 450 HEBRAIO.
1919 388 1996 448 ΙΝ
2042 387 2190 450 LIB.
2238 386 2284 449 l.
2334 387 2696 452 PARALIP.

3448 377 3604 451 1449

195 525 440 582 Heleath
499 520 797 581 scribitur.
855 525 1050 576 Hucac
1107 521 1523 593 interpretatur
1576 523 1800 592 sculpsit
1830 540 1840 576 :
1875 528 1926 593 Α
1963 539 2133 577 nasse
2165 522 2387 596 peperit
2419 522 2637 579 Machir
2668 527 2889 596 patrem
2913 521 3157 590 Ualaad,
3208 523 3424 578 Ferunt
3452 521 3603 578 hanc

191 615 461 686 Helcath,
495 615 696 684 portio.

268 705 457 775 (Vers.
489 705 606 774 76.)
641 703 776 756 Duie
818 706 956 756 sunt
984 701 1162 754 Cedas
1192 718 1204 754 :
1258 716 1374 754 una
1420 700 1477 754 in
1513 700 1665 754 tribu
1699 701 1849 754 Issa-

191 793 358 864 char,
391 798 449 848 et
477 791 657 849 altera
685 791 741 844 in
778 789 930 844 tribu
965 787 1337 860 Nephthalim
1372 789 1428 842 in
1460 787 1717 855 Galilaaa,
1749 787 1849 842 ubi

196 882 315 938 fuit
369 881 591 938 Barach
639 879 797 934 filius
854 877 1192 933 Achinoem.
1231 877 1291 930 In
1343 876 1850 948 Paralipomenon,

197 974 413 1028 ﬂamen
456 987 580 1026 cum
631 969 962 1024 suburbanis
1020 968 1134 1021 suis
1162 984 1180 1020 :
1239 965 1297 1020 in
1343 969 1523 1021 Josue
1560 966 1698 1037 (cap.
1734 981 1849 1035 XXI,

193 1079 340 1118 vers.
371 1062 471 1130 32)
518 1058 902 1115 Hamathdor.
964 1057 1188 1110 Hamon
1239 1056 1677 1126 interpretatur,
1709 1055 1848 1110 cale-

199 1152 394 1223 factio.
452 1147 828 1215 Hamathdor,
884 1146 1166 1216 cale/actio
1213 1146 1599 1215 generationis.
1654 1144 1717 1199 In
1746 1143 1855 1199 Pa-

198 1238 630 1309 ralipomenon,
689 1233 1030 1289 Carialhaim
1083 1240 1134 1288 et
1178 1233 1498 1287 suburbana
1562 1233 1680 1302 ejus
1728 1249 1746 1286 :
1793 1231 1850 1284 in

198 1328 380 1382 Josue
423 1341 556 1382 vero
605 1328 744 1392 (cap.
786 1339 900 1390 XXI,
951 1338 1089 1376 vers.
1137 1322 1226 1391 34)
1274 1320 1550 1380 scribitur
1580 1320 1850 1375 Cartban.

197 1413 558 1470 Cariathaim
610 1412 1024 1482 interpretatur
1092 1410 1224 1464 urbs
1271 1413 1444 1464 maris
1505 1425 1518 1466 :
1578 1409 1852 1470 Carthan,

195 1504 330 1558 urbs
364 1519 377 1557 :
410 1502 468 1556 in
502 1501 1002 1572 Paralipomenon,
1056 1499 1127 1551 de
1175 1499 1335 1552 tribu
1383 1498 1504 1553 Gad
1540 1497 1767 1552 Ramoth
1796 1497 1858 1550 in

200 1590 419 1650 Galaad
477 1599 529 1646 et
583 1589 899 1646 suburbana
965 1588 1100 1658 ejus.
1179 1587 1426 1642 Ramoth
1497 1586 1736 1652 Galaad,
1795 1585 1856 1640 in

179 1683 426 1752 Regum
461 1695 642 1734 unum
693 1694 906 1733 nomen
938 1680 1045 1740 est,
1099 1681 1157 1731 et
1187 1679 1275 1731 est
1303 1676 1362 1730 in
1393 1676 1550 1730 tribu
1581 1673 1854 1748 Ephraim

156 1774 163 1780 '
199 1770 298 1842 (IV
326 1768 452 1840 Reg;
488 1785 563 1834 1x,
599 1768 670 1838 1).

277 1861 436 1928 (Cap.
469 1856 589 1910 VII.
623 1887 690 1895 —
720 1855 886 1910 Vers.
919 1854 996 1924 |.)
1021 1855 1082 1908 In
1113 1852 1622 1924 Paralipomenon,
1656 1875 1681 1900 ‹‹
1718 1855 1856 1906 Por-

427 1910 706 2000 lssachar
734 1942 919 1998 Thola
942 1910 1000 1998 et
1026 1947 1160 2009 Sua,
1194 1910 1373 1996 .lasub
1415 1945 1472 1996 et
1500 1910 1786 1994 Simeron.
1825 1959 1854 1987 »
1887 1910 1934 1977 B

202 2034 392 2090 Jasub
423 2033 482 2088 in
513 2032 718 2090 Genesi
751 2033 892 2104 (cap.
949 2049 1098 2098 XLVI,
1133 2047 1270 2085 vers.
1329 2031 1414 2101 13)
1444 2030 1552 2086 Job
1584 2028 1851 2084 nomina-

204 2129 326 2180 tur.
371 2123 482 2179 Job
535 2123 955 2194 interpretatur
1011 2121 1284 2178 ululatz'o;
1315 2119 1520 2186 Jasub,
1580 2133 1853 2175 revocans.

205 2212 500 2282 Simeron,
554 2227 766 2266 nomen
829 2209 1107 2276 hominis,
1166 2213 1222 2262 et
1279 2208 1582 2275 Samaron,
1645 2223 1855 2262 nomen

203 2301 479 2357 civitatis.
511 2301 796 2365 Simeron,
830 2299 929 2354 ubi
962 2315 1173 2354 nomen
1234 2302 1322 2353 est
1354 2296 1634 2364 hominis,
1667 2313 1771 2368 per
1799 2298 1858 2358 i;

205 2390 309 2446 ubi
343 2407 553 2446 nomen
583 2394 672 2446 est
702 2388 972 2458 civitatis,
1005 2405 1107 2460 per
1133 2405 1191 2443 a.

247 2499 249 2501 ί
277 2478 468 2551 (Vers.
500 2479 581 2551 3.)
615 2477 744 2534 Filii
790 2477 1013 2533 Jezraia
1061 2477 1119 2532 io
1171 2476 1656 2549 Paralipomenon
1688 2474 1860 2546 quin-

209 2585 331 2640 que
363 2568 639 2623 dicuntur
667 2583 812 2636 esse,
864 2571 921 2622 et
968 2583 1083 2622 non
1116 2571 1256 2621 sunt
1286 2565 1398 2623 nisi
1433 2571 1722 2637 quatuor;
1756 2562 1858 2618 sed

208 2661 639 2722 annumeratur
686 2673 819 2711 cum
874 2656 959 2712 eis
1012 2659 1178 2726 pater
1228 2671 1429 2710 eorum
1481 2653 1722 2722 .lezraia,
1759 2650 1858 2723 qui

207 2746 425 2804 unicus
447 2745 598 2818 patri
631 2762 737 2801 suo
768 2745 865 2800 Ozi
899 2745 1030 2812 fuit,
1063 2749 1119 2799 et
1149 2745 1299 2800 ﬁunt
1328 2744 1610 2816 quinque.

282 2835 472 2904 (Vers.
519 2835 600 2905 6.)
647 2836 708 2888 In
759 2833 1263 2905 Paralipomenon.
1323 2857 1342 2882 α
1400 2832 1525 2888 Filii
1558 2831 1862 2903 Benjamin

210 2923 351 2980 Bela
378 2928 435 2979 et
466 2923 706 2993 Bechar,
739 2927 794 2978 et
821 2921 1007 2979 Jadiel
1035 2940 1048 2989 ;
1115 2945 1134 2970 ι
1200 2923 1258 2977 in
1305 2922 1513 2978 Genesi
1545 2922 1682 2992 (cap.
1715 2937 1863 2987 XLVI,

214 3031 364 3070 vers.
395 3014 487 3086 2|)
545 3031 648 3086 pro
699 3012 884 3068 Jadiel
914 3010 1088 3066 Asbel
1120 3011 1416 3072 scribitur.
1467 3010 1654 3067 Jadiel
1685 3011 1865 3065 inter-

216 3108 487 3177 pretatur
541 3118 860 3174 cognoscens
917 3102 1085 3156 Deum
1134 3117 1152 3154 :
1184 3099 1383 3169 Asbel,
1443 3102 1690 3170 captivus
1745 3099 1863 3154 Dei.

292 3191 477 3265 (Vers.
511 3191 587 3263 8.)
621 3214 648 3241 «
681 3191 896 3246 Omnes
926 3189 1023 3244 isti
1058 3188 1161 3243 filii
1188 3188 1426 3244 Becher.
1464 3212 1492 3237 »
1523 3188 1868 3260 Ubicunque

1959 612 2162 682 Syram
2197 612 2375 667 ﬁliam
2408 613 2588 667 fuisse
2619 612 2722 667 ﬁlii
2764 613 2978 680 Laban,
3013 628 3139 683 quae
3190 611 3246 666 in
3292 612 3602 684 Egyptum

1960 700 2130 755 famis
2176 700 2372 774 inepia
2415 702 2482 754 ad
2535 702 2994 757 venundandum
3047 718 3079 756 a
3123 705 3285 773 patre
3333 701 3530 769 ducta,
3575 717 3608 756 a

1961 789 2252 854 Manasse,
2301 790 2397 860 qui
2434 790 2657 845 horreis
2689 795 2950 862 praeerat,
2989 790 3442 848 misericorditer
3470 807 3607 845 sus-

1960 883 2146 949 cepta,
2198 878 2348 950 patri
2399 879 2633 935 cibariis
2685 879 2860 947 datis,
2909 880 2980 934 ab
3012 879 3211 934 eodem
3247 879 3516 936 Manasse
3547 879 3609 934 in

1961 966 2300 1037 conjugium
2335 974 2572 1039 sumpta
2613 973 2702 1024 est
2735 986 2746 1024 :
2785 968 3126 1040 peperitque
3173 967 3224 1022 ei
3257 967 3481 1024 Machir
3509 985 3611 1040 pa-

1961 1059 2112 1110 trem
2143 1055 2380 1112 Galaad.

2033 1144 2219 1215 (Vers.
2263 1145 2366 1216 15,)
2403 1167 2430 1195 ‹‹
2463 1144 2590 1200 Filii
2625 1145 2850 1200 Machir
2882 1144 3135 1217 lluphim
3184 1147 3241 1200 et
3278 1143 3546 1216 Sophim.
3585 1167 3607 1194 ι

1963 1233 2220 1304 Huphim
2252 1239 2308 1289 et
2336 1234 2579 1305 Suphim
2612 1251 2794 1289 unum
2827 1251 3036 1288 nomen
3071 1237 3159 1293 est
3193 1250 3206 1288 :
3236 1238 3294 1288 et
3323 1238 3412 1289 est
3441 1249 3609 1288 soror

1962 1323 2089 1392 ejus
2111 1322 2368 1388 Maacha,
2404 1339 2579 1394 quam
2616 1323 2837 1393 accepit
2886 1323 3110 1387 Esrom,
3143 1323 3284 1378 dum
3317 1323 3617 1394 sexaginta

1965 1416 2120 1466 esset
2149 1428 2462 1478 annorum,
2521 1430 2589 1466 ex
2647 1430 2764 1484 qua
2817 1412 3077 1483 suscepit
3108 1413 3321 1484 Segub.
3357 1412 3612 1484 Hupbim

1967 1500 2380 1572 interpretatur
2408 1501 2718 1568 thalamus;
2753 1501 3024 1572 Suphim,
3056 1507 3264 1558 unctus.

2036 1590 2228 1661 (Ibid)
2261 1591 2480 1646 Nomen
2522 1596 2717 1647 autem
2772 1592 3011 1648 secundi
3071 1591 3358 1664 Zalphaad
3395 1610 3407 1648 :
3443 1597 3500 1648 et
3526 1594 3614 1649 id-

1967 1677 2118 1734 circo
2152 1679 2260 1734 iste
2292 1681 2588 1735 secundus
2637 1681 2995 1746 nominatur,
3029 1681 3168 1752 quia
3195 1681 3255 1735 hi
3309 1682 3424 1738 duo
3457 1683 3614 1754 prin-

1972 1767 2129 1838 cipes
2159 1772 2325 1821 erant
2347 1767 2403 1822 in
2436 1768 2590 1822 tribu
2619 1769 2912 1834 Manasse,
2936 1769 2992 1823 id
3021 1775 3109 1824 est
3138 1769 3527 1843 Hupbim,qui
3560 1774 3618 1826 et

1967 1855 2212 1926 Suphim
2245 1860 2301 1912 et
2329 1857 2642 1929 Zalphaad.

2037 1944 2220 2016 (Vers.
2265 1947 2466 2016 1718).
2509 1967 2537 1999 α
2567 1947 2742 2002 Soror
2795 1951 2990 2002 autem
3042 1948 3168 2018 ejus
3218 1947 3466 2020 Regina,
3501 1968 3523 1997 ι
3560 1946 3616 2002 id

1963 2038 2052 2089 est
2081 2034 2297 2089 Bedam
2348 2034 2450 2088 ﬁlii
2500 2035 2665 2090 Ulam
2728 2054 2740 2092 :
2798 2036 2930 2092 aliis
2985 2041 3074 2092 est
3130 2036 3239 2092 iste
3296 2037 3506 2100 Bedan,
3565 2041 3622 2092 et

1965 2121 2116 2178 alius
2144 2126 2232 2177 est
2262 2124 2540 2179 Bedanin
2573 2125 2794 2196 Regum
2828 2125 2880 2195 (ι
2911 2127 3042 2198 R'g.
3103 2143 3204 2193 x11,
3266 2126 3376 2196 11),
3433 2126 3488 2183 id
3536 2133 3626 2181 est

1965 2215 2228 2266 Samson.
2288 2214 2480 2267 Bedan
2536 2213 2955 2284 interpretatur
3012 2216 3066 2268 in
3119 2215 3256 2268 Dan.
3311 2215 3427 2268 Ista
3458 2231 3624 2269 soror

1969 2299 2191 2371 Regina
2219 2303 2304 2355 est
2335 2300 2597 2356 Debbora
2629 2319 2771 2356 uxor
2820 2301 3062 2368 Barach,
3097 2303 3194 2373 qui
3241 2301 3358 2357 alio
3385 2302 3622 2358 nomine

1973 2389 2298 2461 Laphidoth
2326 2396 2566 2445 vocatur
2597 2392 2674 2460 (a)
2707 2391 2918 2462 (Judic.
2963 2409 3036 2454 Iv,
3070 2391 3144 2461 4).

2043 2479 2228 2547 (Vers.
2262 2479 2375 2543 20).
2411 2478 2662 2534 Surhala
2693 2479 2847 2534 ﬁlius
2899 2479 3196 2550 Ephraim,
3247 2479 3451 2552 genuit
3481 2481 3622 2535 Ezer

1971 2571 2027 2621 et
2056 2566 2255 2632 Elaad,
2288 2567 2387 2638 qui
2419 2572 2771 2640 congregata
2803 2567 3180 2623 multitudine
3211 2569 3282 2623 de
3309 2567 3486 2624 Israel
3528 2585 3622 2624 as-

1972 2657 2214 2711 cendere
2246 2657 2356 2711 nisi
2391 2662 2528 2711 sunt
2575 2658 2646 2711 ad
2679 2661 2892 2712 terram
2927 2657 3416 2728 repromissionis,
3450 2662 3507 2713 et
3563 2657 3623 2713 in

1973 2745 2116 2800 Geth
2149 2745 2591 2802 Philistinorum
2638 2745 2929 2802 interfecti
2979 2751 3137 2802 sunt.
3194 2747 3423 2802 Fratres
3467 2763 3624 2814 vero,

1975 2834 2076 2906 qui
2116 2835 2184 2889 ad
2237 2834 2657 2890 consolandum
2707 2835 2986 2907 Ephraim
3035 2840 3337 2902 venerunt,
3388 2843 3488 2890 aut
3526 2851 3627 2892 eos

1975 2922 2249 2991 dicimus,
2283 2924 2382 2994 qui
2414 2924 2484 2978 de
2510 2923 2858 2995 patriarchis
2890 2929 3254 2996 supererant,
3278 2928 3386 2979 aut
3407 2940 3619 2996 cogna-

1975 3012 2191 3068 tionem
2223 3029 2400 3084 quam
2435 3013 2685 3068 fraterno
2727 3013 2883 3084 [Lege
2931 3013 3138 3068 fratres
3182 3020 3248 3068 ut
3295 3013 3487 3084 supra]
3519 3029 3621 3068 nov

1979 3101 2134 3156 mine
2166 3117 2316 3172 saape
2348 3101 2801 3157 nominavimus.

2049 3189 2232 3252 (Vers.
2264 3191 2376 3261 24.)
2410 3212 2438 3239 ‹‹
2474 3190 2621 3245 Filia
2650 3194 2844 3244 autem
2878 3189 3065 3256 Beria,
3101 3212 3128 3238 ››
3187 3190 3242 3244 id
3275 3193 3365 3245 est
3395 3213 3424 3239 «
3455 3189 3622 3257 Sara,

216 3283 281 3338 in
314 3280 440 3353 lege
469 3280 764 3349 scribitur,
788 3295 970 3334 omnes
1001 3279 1096 3332 isti
1125 3278 1253 3348 ﬁlii,
1286 3276 1601 3347 cujuslibet
1633 3281 1732 3331 aut
1763 3292 1868 3347 pro
1900 3282 1942 3346 C
1979 3294 2104 3348 qua:
2134 3277 2435 3333 aedificavit
2468 3278 2748 3333 Bethoron
2779 3277 3109 3333 inferiorem
3141 3283 3197 3333 et
3227 3278 3574 3334 Ozen-Sara.
3595 3301 3622 3342 ι)

216 3371 564 3425 meritorum
596 3367 954 3434 excellentia,
990 3370 1092 3420 aut
1120 3383 1224 3438 pro
1259 3366 1600 3420 meritorum
1629 3364 1870 3419 deterio-

219 3459 446 3514 ratione
477 3458 644 3512 ﬁunt.

291 3546 476 3616 (Vers.
511 3546 626 3616 10.)
661 3565 688 3597 α
720 3544 846 3599 Filii
878 3547 1071 3600 autem
1135 3543 1332 3608 Belan,
1365 3542 1546 3597 Jehus
1577 3546 1633 3596 et
1662 3541 1866 3612 Benja-

218 3636 344 3691 min
375 3641 433 3690 et
463 3635 610 3689 Aoth
645 3639 701 3689 et
728 3637 978 3688 Canana.
1019 3655 1044 3681 ››
1079 3632 1250 3698 Aoth,
1283 3633 1351 3686 de
1384 3633 1552 3700 cujus
1594 3629 1869 3702 progenie

223 3724 340 3780 fuit
403 3725 586 3796 judex
628 3723 800 3789 Aoth,
843 3722 941 3793 qui
990 3722 1046 3775 in
1099 3720 1372 3778 Judicum
1417 3719 1563 3775 libro
1606 3720 1747 3792 (cap.
1781 3736 1868 3790 III,

214 3830 361 3870 vers.
414 3814 502 3884 15)
551 3813 845 3868 scribitur.
904 3811 1139 3865 Canana
1190 3826 1324 3863 vero
1379 3809 1488 3864 iste
1545 3815 1634 3864 est
1681 3826 1714 3862 a
1754 3824 1867 3878 quo

215 3901 437 3974 egressi
469 3904 612 3956 sunt
644 3900 1000 3972 Benjamitae,
1035 3898 1134 3969 qui
1177 3900 1342 3954 nefas
1372 3899 1866 3969 perpetraverunt,

217 3997 459 4064 propter
497 3990 651 4062 quod
678 4006 902 4060 magnae
935 3991 1119 4043 caedes
1179 3988 1236 4040 in
1271 3985 1447 4042 Israel
1481 3992 1739 4058 tempore
1767 3987 1866 4042 Ju-

217 4081 420 4136 dicum
452 4079 615 4134 factae
642 4083 800 4133 sunt.

291 4169 478 4241 (Vers.
514 4168 627 4239 l8,)
688 4169 748 4222 In
787 4166 1283 4237 Paralipomenon.
1351 4185 1377 4213 ‹‹

213 4257 420 4326 Jasiel,
470 4260 526 4311 et
569 4256 740 4322 Guni,
773 4259 830 4309 et
857 4255 1040 4322 Jezer,
1102 4259 1158 4308 ct
1214 4252 1472 4319 Selium;
1508 4275 1536 4301 »
1571 4252 1629 4306 in
1659 4251 1864 4306 Genesi

213 4349 360 4420 (cap.
392 4362 539 4414 XLVI,
572 4359 711 4400 vers.
743 4345 834 4414 2i)
893 4343 1004 4398 iste
1050 4341 1292 4409 Selium,
1339 4339 1535 4396 Sillem
1568 4339 1862 4420 scribitur.

213 4414 439 4491 Sellum
472 4434 869 4506 iterpretatur,
898 4449 1012 4504 pax
1040 4451 1060 4486 ,ο
1091 4431 1290 4496 Silem,
1324 4446 1527 4486 recens.
1710 4414 1735 4437 ’

289 4524 449 4588 Quod
481 4540 612 4578 vero
646 4521 929 4593 sequitur,
961 4522 1071 4592 ﬁlii
1106 4521 1297 4587 Balaa,
1352 4537 1476 4590 qua:
1507 4517 1616 4573 fuit
1655 4535 1866 4573 concu-

216 4612 360 4669 bina
391 4612 571 4668 Jacob
607 4629 618 4666 ε
653 4610 895 4683 quidam
947 4609 1303 4682 putantideo
1326 4607 1487 4663 illam
1510 4607 1569 4662 in
1602 4607 1710 4662 hoc
1739 4607 1864 4662 loco

209 4702 294 4764 ab
325 4703 466 4757 Ezra
502 4700 888 4769 nominatam,
923 4697 1060 4770 quia
1083 4702 1214 4770 post
1242 4701 1491 4752 mortem
1516 4697 1694 4751 Jacob
1721 4695 1867 4769 lega-

213 4793 376 4848 tione
407 4792 605 4846 functa
638 4789 810 4844 fuerit
839 4789 989 4844 inter
1018 4787 1234 4858 Joseph
1270 4791 1325 4842 et
1355 4791 1589 4840 cieteros
1621 4786 1865 4857 patriar-

216 4881 382 4950 chas,
416 4897 531 4952 qua
558 4879 768 4951 precati
794 4882 933 4933 sunt
961 4893 1094 4933 eum
1119 4893 1190 4931 ne
1221 4876 1622 4930 recordaretur
1651 4874 1866 4946 peccati

218 4987 476 5128 cogisti.
538 5058 646 5128 |3.)
689 5060 750 5112 In
805 5056 1308 5127 Paralipomenon,
1343 5049 1576 5110 «'Porro
1609 5053 1709 5107 ﬁlii
1745 5054 1864 5109 Ma-

216 5165 394 5208 nasse
426 5146 634 5215 Asriel,
668 5146 1136 5216 concubitnaque
1163 5145 1292 5214 ejus
1322 5144 1482 5215 Syra.
1515 5165 1541 5190 ››
1566 5143 1720 5197 ldem
1755 5143 1867 5198 Ma-

1438 4163 1564 4218 Filii
1596 4162 1864 4234 Nepbtali

290 5311 627 5384 (a)Addunt
665 5309 1056 5384 Martianaaus,
1088 5304 1580 5384 a_liique___Vulgati
1630 5304 1861 5376 longam

217 5376 559 5454 huiusmodi
605 5381 930 5454 perricopen.
966 5403 993 5429 «
1025 5379 1132 5434 Sed
1161 5376 1226 5454 in
1286 5376 1433 5454 libro
1463 5392 1604 5454 suo__
1629 5393 1689 5454 se
1721 5395 1862 5454 prae-

212 5447 490 5511 terinittit
519 5447 869 5507 humilitatis
922 5467 1117 5505 causa.
1153 5449 1312 5511 Quod
1373 5464 1504 5503 vero
1552 5447 1691 5502 dicit
1722 5447 1734 5502 Ξ
1768 5453 1862 5503 Jo-

217 5528 428 5582 hannas
481 5525 680 5598 genuit
724 5525 1104 5598 Az.ariam,_et
1155 5520 1276 5598 ipse
1321 5525 1411 5574 est
1459 5519 1713 5598 Azarias:
1761 5520 1861 5598 qui

215 5591 544 5654 sacerdotio
588 5595 824 5658 functus
871 5591 1072 5649 estin
1137 5594 1308 5646 domo
1353 5607 1527 5661 quam
1561 5591 1865 5646 aediﬁcavit

212 5668 491 5729 Salomon
525 5668 580 5722 in
605 5665 931 5723 Jerusalem
959 5682 970 5720 :
995 5667 1283 5720 monstrat
1304 5663 1574 5727 eumdem
1597 5663 1862 5728 Azariam

211 5741 501 5809 restitisse
530 5736 676 5804 Ozias
706 5737 847 5814 regi,
897 5736 1130 5814 quando
1176 5733 1414 5794 intravit
1460 5733 1518 5792 in
1571 5732 1859 5812 templum

1896 4655 1944 4718 D

1979 3368 2182 3423 Virtus
2212 3367 2374 3422 illius
2399 3367 2625 3422 feminae
2655 3367 3023 3422 describitur.
3054 3367 3382 3423 Ozen-Sara
3413 3384 3627 3423 nomen

1977 3460 2066 3511 est
2098 3455 2229 3510 loci.

2049 3544 2231 3616 (Vers.
2283 3546 2396 3614 26.)
2447 3545 2699 3600 Elisama
2737 3545 2892 3600 filius
2943 3544 3178 3613 Amiud,
3229 3545 3352 3616 ipse
3403 3552 3489 3600 est
3520 3562 3629 3617 pa-

1977 3635 2232 3688 triarcha
2253 3635 2323 3688 de
2346 3634 2497 3688 tribu
2531 3633 2829 3706 Ephraim,
2864 3635 2961 3706 qui
2991 3635 3046 3688 in
3071 3634 3217 3689 libro
3238 3625 3626 3690 Numerorum

1979 3727 2118 3795 (cap.
2155 3741 2193 3791 I,
2225 3740 2361 3778 vers.
2398 3724 2464 3778 10
2495 3723 2789 3778 scribitur.

2048 3813 2234 3884 (Vers.
2266 3814 2383 3882 28.)
2418 3813 2532 3867 Ista
2557 3816 2646 3867 est
2685 3812 2933 3878 Sichem,
2987 3828 3164 3883 quam
3210 3818 3628 3883 percusserunt

1975 3901 2232 3974 Symeon
2283 3907 2339 3956 et
2398 3901 2545 3955 Levi.
2589 3906 2729 3955 Sara
2787 3900 2907 3954 {ilia
2964 3907 3108 3955 Aser
3137 3900 3348 3954 dicitur
3379 3901 3626 3972 prophe-

1976 3990 2120 4045 tissa
2147 3990 2347 4054 fuisse,
2379 3994 2436 4044 et
2458 3989 2798 4043 meritorum
2825 3988 3220 4060 praerogavitis
3252 3989 3624 4045 exuberasse.

2046 4078 2233 4148 (Vers.
2279 4079 2368 4132 3|.
2435 4100 2462 4125 ››
2496 4077 2757 4133 Berzaith
2808 4078 2878 4131 de
2936 4077 3210 4149 progenie
3267 4077 3552 4142 Melchiel,
3597 4101 3626 4128 »

1977 4167 2047 4222 de
2079 4166 2214 4221 ﬁliis
2271 4173 2434 4236 Aser,
2472 4166 2579 4220 fuit
2627 4166 2957 4222 ditissimus
3014 4167 3125 4222 olei
3175 4174 3232 4224 et
3288 4172 3627 4228 caeterarum

1977 4273 2177 4328 opum,
2210 4259 2266 4310 et
2298 4255 2432 4310 tulit
2461 4255 2751 4327 primitias
2808 4254 3009 4310 Eliszeo
3044 4257 3340 4329 prophetae
3370 4259 3469 4324 (IV
3495 4259 3622 4328 Reg.

1980 4361 2056 4410 Iv,
2087 4345 2198 4416 42.)
2233 4346 2294 4399 In
2326 4361 2391 4400 eo
2441 4345 2748 4416 impletum
2804 4345 3017 4412 ferunt,
3068 4348 3222 4418 quod
3281 4348 3506 4419 Moyses
3554 4345 3626 4400 de

1975 4436 2118 4489 Aser
2149 4433 2432 4502 ait,tingat
2461 4435 2519 4488 in
2550 4434 2663 4488 oleo
2692 4433 2883 4504 pedem
2909 4451 3068 4488 suum
3106 4435 3282 4506 (Deut.
3301 4435 3621 4505 xxxm,2/i).

2046 4523 2205 4594 (Cap.
2243 4523 2384 4578 VllI.
2420 4553 2486 4563 —-
2517 4522 2678 4578 Vers.
2741 4523 2816 4591 l.)
2876 4525 3020 4577 Aura
3077 4521 3233 4577 filius
3265 4522 3567 4592 Benjamin
3608 4539 3621 4578 :

1976 4611 2036 4667 in
2095 4611 2304 4667 Genesi
2342 4615 2483 4683 (cap.
2537 4628 2686 4677 XLVI,
2746 4627 2887 4666 vers.
2947 4611 3059 4681 2-1),
3121 4609 3398 4666 scribitur
3455 4610 3620 4679 Gera,

1976 4701 2128 4772 quod
2163 4701 2584 4772 interpretatur
2613 4700 2960 4770 peregrinus.
3013 4701 3073 4753 In
3118 4698 3620 4770 Paralipomenon,

1975 4793 2124 4844 Aara
2178 4791 2355 4859 [ναίει-
2403 4789 2604 4842 odoris.
2662 4792 2728 4841 Et
2784 4787 3106 4845 notandum
3140 4787 3293 4858 quod
3324 4787 3416 4842 hic
3445 4788 3619 4857 quin-

1977 4895 2089 4950 que
2122 4879 2192 4932 de
2223 4878 2358 4940 filiis
2391 4877 2691 4947 Benjamin
2727 4875 3167 4946 prietermiserit
3228 4893 3239 4929 :
3304 4877 3374 4930 de
3405 4875 3624 4945 quibus

1978 4969 2225 5023 necdum
2261 4966 2564 5038 progenies
2595 4970 2866 5019 creverat.

2047 5056 2233 5128 (Vera,
2256 5058 2333 5124 2.)
2364 5054 2604 5108 Nohaba
2623 5055 2679 5108 in
2708 5053 3209 5124 Paralipomenon,
3244 5052 3367 5124 ipse
3401 5057 3489 5108 est
3519 5054 3621 5125 qui

3177 5141 3454 5198 Naaman;
3508 5143 3621 5198 No-

1974 5147 2034 5201 in
2091 5145 2297 5200 Genesi
2381 5148 2502 5214 (cap
2573 5160 2720 5211 XLVI,
2792 5158 2932 5198 vers.
2988 5142 3103 5210 2|),

1976 5306 2204 5362 Domini
2256 5322 2387 5360 cum
2451 5303 2771 5371 thuribulo,
2832 5314 2888 5358 et
2938 5308 3300 5376 terramotus
3372 5321 3622 5376 magnus

1975 5380 2160 5433 factus
2193 5384 2299 5432 est.
2333 5400 2358 5424 ››
2392 5377 2525 5439 Quae
2556 5382 2612 5430 et
2641 5376 2912 5448 superius
2974 5375 3266 5446 leguntur,
3331 5381 3386 5431 et
3418 5375 3619 5448 perpe-

1975 5467 2094 5506 ram
2130 5450 2224 5504 hic
2254 5447 2432 5519 repeti
2467 5448 2734 5502 Martian.
2792 5447 2917 5518 ipse
2970 5454 3346 5518 querebatur.
3400 5447 3631 5508 Nos’ad;

1976 5539 2085 5577 ms.
2121 5522 2302 5575 nostri
2332 5519 2505 5574 ﬁdem
2538 5519 2674 5574 hinc
2704 5521 3050 5574 amovimus.

1969 5667 2002 5738 Γ
2045 5593 2118 5676 (b)
2178 5593 2340 5648 Meus
2394 5608 2503 5647 ms.
2538 5592 2676 5646 Bora
2706 5592 2859 5665 ﬁlius
2919 5593 3047 5647 Aser
3104 5593 3307 5648 dicitur
3351 5591 3617 5677 propheta

1998 5680 2162 5724 uisse.

1998 5680 2162 5724 111886.
