3970 6392
405 377 576 442 1443

1918 373 2312 439 APPENDIX
2323 421 2337 438 .

3671 374 3824 436 1444

410 513 583 584 haba,
617 513 829 583 requies
869 529 882 578 ;
936 514 1220 579 Nnainan,
1249 509 1681 581 pulcherrimus.
1718 509 1779 566 In
1844 509 2055 564 Parali-
2088 510 2138 575 Α
2173 511 2274 566 1611
2307 509 2715 565 custodiebant
2744 508 2960 565 ostium
2991 506 3354 564 tabernaculi
3403 507 3674 563 exterius.
3715 508 3818 565 Pa-

410 619 722 674 pomenon,
755 600 957 673 Rapha
1007 617 1018 654 :
1066 599 1124 654 in
1176 599 1383 654 Genesi
1435 598 1714 654 scribitur
1740 599 1871 665 Ahi,
1906 601 2060 671 quod

410 694 821 763 interpretatur
848 693 1023 760 frater
1048 705 1198 744 meus
1217 705 1237 749 ;
1268 688 1488 760 Rapba,
1519 688 1809 743 medicina.

477 804 660 877 (Vers.
705 807 784 874 6.)
813 828 839 854 ‹‹
875 803 943 860 111
992 808 1132 858 611111
1182 803 1285 858 ﬁlii
1319 803 1483 858 Abod
1519 802 1814 874 principes
1847 819 2059 874 cogna-

407 893 633 948 tionum
667 893 1058 948 habitantium
1108 892 1167 946 in
1217 891 1432 963 Gahaa,
1487 892 1588 962 qui
1622 891 1889 946 translati
1921 897 2063 947 sunt

408 983 466 1037 in
500 981 838 1038 Manabatb.
874 1003 901 1030 »
935 980 1250 1037 Manabath
1275 981 1698 1052 interpretatur
1725 981 2059 1052 sepulcrum.

408 1073 470 1128 In
505 1071 822 1128 Manabath
857 1070 1122 1126 translati
1156 1075 1317 1137 sunt,
1352 1070 1586 1141 quando
1616 1087 1719 1142 pro
1754 1069 1969 1125 scelere
1999 1067 2059 1123 in

409 1175 647 1215 uxorem
680 1159 862 1214 levita:
897 1163 1243 1231 perpetrato,
1269 1158 1463 1230 gladio
1495 1163 1862 1213 corruerunt.
1897 1159 2059 1221 Quod

405 1265 538 1305 vero
570 1248 836 1320 sequitur
869 1265 881 1303 :
918 1248 1178 1305 Naaman
1212 1252 1406 1304 autem
1444 1252 1502 1302 et
1530 1247 1672 1303 Ahia
1698 1251 1755 1302 et
1792 1247 1940 1302 Gera
1971 1247 2057 1318 ip-

405 1355 468 1394 se
501 1336 801 1393 transtulit
826 1353 945 1403 eos,
980 1337 1249 1408 designat
1279 1353 1377 1392 eos
1437 1337 1618 1393 fuisse
1677 1336 1972 1408 principes
2003 1343 2062 1392 et

404 1427 522 1482 illis
578 1426 899 1483 eminuisse
956 1426 1125 1482 Gera.
1190 1426 1346 1482 Unde
1404 1431 1460 1482 et
1490 1424 1777 1496 singulari
1813 1441 2059 1480 nurnero

403 1516 838 1578 describuntur,
896 1516 1021 1587 ipse
1077 1513 1376 1569 transtulit
1431 1532 1550 1569 eos.
1614 1514 1693 1570 De
1752 1515 1868 1569 isto
1912 1513 2060 1569 Gera

404 1605 689 1676 processit
721 1607 1025 1676 progenies
1054 1605 1222 1671 Gera,
1256 1604 1356 1675 qui
1395 1604 1504 1658 fuit
1536 1609 1696 1675 pater
1723 1604 1930 1658 Semei.

475 1721 662 1792 (Vere,
709 1722 787 1791 8.)
834 1720 1130 1775 Berachim
1183 1719 1409 1774 dimisit
1457 1736 1664 1774 uxores
1711 1735 1850 1774 suas
1897 1717 2056 1773 Uslm

402 1817 460 1865 et
492 1816 652 1876 Bara,
685 1815 740 1864 et
765 1810 915 1881 fugit
947 1809 1005 1863 in
1033 1815 1248 1863 terram
1273 1809 1458 1874 Moab,
1483 1814 1537 1863 et
1571 1808 1791 1880 accepit
1821 1823 2054 1862 uxorem

402 1899 575 1964 Odes,
609 1916 677 1954 ex
711 1916 827 1971 qua
858 1897 1118 1969 suscepit
1149 1897 1322 1964 111106,
1359 1897 1456 1969 qui
1494 1896 1586 1952 hic
1617 1897 1976 1952 scribuntur.

475 2005 661 2077 (Vers.
695 2006 807 2076 13.)
860 2027 886 2053 ‹‹
940 2005 1004 2059 111
1053 2004 1401 2076 fugaverunt
1433 2003 1786 2058 habitatores
1820 2001 1989 2069 Geth,
2026 2026 2053 2051 »

403 2100 460 2151 et
490 2095 595 2150 ulti
621 2099 761 2150 sunt
791 2095 996 2150 fratres
1030 2110 1166 2148 suos
1204 2093 1350 2148 ﬁlios
1386 2093 1685 2164 Epliraim,
1713 2092 1810 2164 qui
1845 2107 2048 2147 eorum

401 2183 731 2239 ceciderant
761 2182 974 2255 gladio.

471 2290 657 2362 (Vers.
687 2290 799 2360 40.)
832 2313 858 2337 ‹‹
894 2289 1153 2345 Fuerunt
1183 2292 1378 2343 autem
1437 2286 1540 2342 ﬁlii
1601 2287 1766 2342 Ulam
1798 2286 1901 2341 viri
1936 2287 2053 2341 for-

397 2380 614 2436 tissimi
643 2385 698 2434 et
730 2395 942 2448 magno
974 2379 1199 2447 robore,
1225 2378 1529 2433 tendentes
1561 2393 1784 2441 arcum,
1819 2383 1874 2430 et
1907 2375 2055 2431 mul-

309 2452 316 2460 ’
396 2474 485 2525 tos
535 2468 815 2525 habentes
861 2467 1011 2522 111106
1068 2484 1134 2522 ac
1194 2473 1454 2538 nepotes,
1489 2471 1722 2520 centum
1758 2464 2049 2536 quinqua-

397 2557 578 2630 ginta.
619 2582 638 2606 ι
671 2557 769 2612 Hic
791 2563 1026 2612 centum
1049 2555 1484 2628 quinquaginta
1507 2557 1767 2609 referunt
1801 2555 1870 2608 ad
1897 2553 2049 2608 ﬁlios

400 2647 588 2714 Ulam,
625 2653 690 2702 ut
720 2647 828 2701 iste
861 2647 939 2701 sit
976 2663 1222 2701 sensus:
1259 2646 1492 2700 fuerunt
1514 2651 1710 2699 autem
1745 2643 1846 2697 ﬁlii
1881 2641 2049 2698 Ulam

398 2741 635 2792 centum
668 2733 1115 2806 quinquaginta,
1150 2750 1252 2804 per
1283 2739 1517 2805 tropum
1551 2733 1651 2804 qui
1685 2737 1923 2788 vocatur
1955 2731 2054 2804 hy-

400 2824 702 2896 perbaton.

469 2930 635 3002 (Cap.
690 2930 776 2986 IX.
809 2959 878 2972 —
909 2929 1071 2985 Vere.
1103 2930 1182 2999 2.)
1239 2929 1559 2995 Nalhinnei,
1617 2929 1672 2984 id
1723 2932 1812 2984 est
1842 2930 2048 2986 donati.

397 3022 544 3075 Sunt
573 3021 729 3076 enim
762 3020 1118 3085 Gabaonitm,
1153 3036 1220 3074 eo
1250 3019 1404 3091 quod
1431 3020 1498 3074 ad
1525 3019 1897 3075 serviendum
1928 3020 2050 3075 dati

400 3115 540 3166 sunt
572 3111 641 3165 ad
674 3109 958 3181 templum
990 3108 1221 3164 Domini
1253 3127 1285 3164 a
1315 3107 1513 3164 Josue.

469 3220 656 3283 (Vers.
704 3217 816 3288 Η.)
866 3239 892 3266 ‹‹
949 3217 1184 3272 Azarias
1228 3233 1459 3288 quoque
1505 3215 1661 3270 ﬁlius
1713 3216 1983 3271 1161611161.
2018 3237 2044 3268 11

399 3307 514 3363 Iste
543 3311 632 3362 est
663 3304 928 3361 llelchias
959 3307 1231 3361 sacerdos
1264 3322 1534 3376 magnus,
1587 3304 1687 3376 qui
1723 3306 1934 3360 librum
1967 3305 2048 3361 16-

399 3395 490 3467 gis
521 3395 741 3449 invenit
772 3400 1034 3465 tempore
1065 3395 1261 3461 Josiae,
1320 3401 1377 3450 et
1425 3395 1643 3448 dicitur
1672 3394 1855 3450 fuisse
1888 3401 2052 3466 pater

398 3483 672 3540 Jeremize
706 3484 1018 3556 prOpbetas.

471 3589 656 3658 (Vers.
737 3592 842 3661 15.)
900 3591 1296 3659 Bachbachar,
1357 3591 1758 3662 carpentarius
1837 3591 2050 3647 idcirco

398 3680 770 3749 describitur,
813 3679 952 3752 quia
982 3681 1227 3736 artiﬁcio
1254 3697 1362 3735 suo
1395 3681 1746 3753 fungebatur
1777 3681 1833 3735 in
1874 3683 2049 3737 domo

399 3769 650 3836 Domini,
684 3774 741 3824 et
771 3774 896 3825 erat
935 3771 1004 3824 de
1036 3769 1192 3824 tribu
1227 3770 1378 3825 Levi.

469 3875 657 3948 (Vers.
691 3876 802 3947 16.)
826 3900 852 3925 «
880 3877 948 3932 Et
978 3877 1266 3932 Baracbias
1291 3876 1444 3932 ﬁlius
1467 3877 1787 3949 Asaph,ﬁlii
1815 3878 2046 3945 Eleana,

398 3968 498 4040 qui
531 3965 813 4021 habitavit
844 3966 902 4021 in
936 3965 1098 4021 atriis
1132 3965 1441 4038 thophati
1485 3984 1496 4021 :
1538 3989 1563 4015 ››
1605 3967 1913 4040 Netophati
1944 3985 2045 4023 no-

399 4069 532 4110 men
566 4053 673 4109 loci
707 4057 814 4119 est,
848 4055 948 4110 ubi
989 4053 1277 4110 habitavit
1328 4053 1513 4110 lleleel
1560 4055 1717 4111 ﬁlius
1768 4061 1943 4122 Bana,
1977 4058 2047 4112 de

397 4159 516 4216 quo
547 4144 818 4215 superius
849 4143 1070 4199 dictum
1129 4148 1237 4199 est.
1295 4145 1399 4212 Qui
1434 4149 1590 4200 erant
1619 4161 1829 4201 coronae
1859 4145 2048 4202 domus

394 4232 582 4290 Jacob.
616 4233 796 4289 Abdia
827 4233 982 4289 ﬁlius
1007 4233 1269 4300 Semeim,
1303 4232 1405 4288 ﬁlii
1436 4233 1620 4300 Gala],
1654 4234 1757 4289 ﬁlii
1786 4235 2021 4292 ldithun

400 4320 514 4382 Iste
535 4327 622 4378 est
653 4322 886 4378 ldithun
911 4327 1115 4378 cantor
1146 4322 1346 4377 David.
1372 4323 1769 4381 Observabant
1790 4325 1848 4380 in
1885 4329 2048 4397 porta

399 4411 575 4484 regis,
627 4412 697 4467 ad
743 4412 1028 4468 orientem
1079 4411 1148 4467 de
1198 4411 1335 4467 ﬁliis
1386 4412 1511 4468 Levi
1561 4429 1662 4485 per
1700 4415 1852 4470 vices
1884 4433 2044 4484 suas,

400 4501 498 4573 qui
528 4505 691 4557 erant
720 4506 1026 4562 cantores;
1057 4505 1113 4556 et
1142 4500 1366 4557 vicibus
1397 4502 1522 4558 suis
1571 4503 1641 4557 ad
1675 4504 2046 4574 psallendum

398 4607 532 4646 cum
568 4591 742 4646 David
775 4590 1100 4646 veniebant.

466 4697 653 4765 (Vers.
711 4699 886 4764 19-2.)
940 4719 968 4746 ‹‹
1026 4697 1245 4754 Sellum
1306 4715 1438 4754 vero
1491 4698 1649 4755 ﬁlius
1707 4704 1867 4768 Core,
1943 4701 2046 4756 ﬁlii

399 4783 712 4856 Abiasaph,
747 4783 852 4839 ﬁlii
899 4788 1058 4840 Core.
1120 4808 1146 4834 ››
1201 4786 1298 4841 1110
1352 4787 1510 4859 prior
1557 4792 1695 4843 Core
1737 4805 1838 4860 per
1865 4789 2046 4862 Aleph

398 4874 694 4942 scribitur,
736 4879 794 4928 et
823 4879 993 4930 sonat
1021 4879 1196 4942 Core;
1231 4878 1528 4932 secundus
1552 4894 1683 4932 vero
1717 4894 1816 4948 per
1837 4877 2049 4946 Hheth,

396 4969 453 5018 et
482 4969 654 5019 sonat
683 4963 924 5020 Corach.
972 4965 1134 5030 Core,
1181 4965 1430 5021 clamans
1461 4983 1481 5027 ;
1521 4967 1758 5034 Corach,
1815 4971 2000 5024 calvus
2035 4986 2047 5024 ε

397 5053 522 5126 ipse
569 5057 658 5108 est
706 5053 804 5126 qui
853 5054 911 5107 in
940 5053 1212 5111 Numeris
1259 5056 1536 5111 scribitur
1580 5056 1722 5127 (cap.
1757 5073 2045 5132 xv1,vers.

400 5143 583 5211 1-19;
635 5159 786 5210 xxvn,
831 5159 966 5199 vers.
1022 5143 1174 5214 9-1l)
1228 5162 1239 5200 :
1292 5145 1361 5200 lli
1427 5153 1557 5200 sunt
1621 5147 1821 5203 Corilc'e
1890 5163 2054 5220 super

397 5246 555 5301 Opera
593 5234 896 5289 ministerii
913 5235 1159 5290 custodes
1190 5233 1580 5291 vestibulorum
1610 5236 1977 5293 tabernaculi.

2173 604 2292 654 tres
2323 615 2454 653 vero
2505 615 2727 662 eorum,
2763 597 2863 670 qui
2914 597 3116 653 subter
3159 595 3516 664 scribuntur,
3547 602 3604 654 et
3633 596 3733 668 qui
3764 598 3818 652 in

2177 687 2454 743 Psalteris
2484 686 2686 743 titulos
2716 687 2954 753 habent,
3010 686 3121 759 ipsi
3169 686 3574 744 custodiebant
3605 685 3817 742 ostium

2177 776 2422 831 interius
2463 775 2828 832 tabernaculi
2862 775 3116 839 Domini,
3149 781 3206 831 et
3236 778 3401 830 erant
3429 779 3697 831 cantores
3727 792 3823 831 ca-

2175 870 2431 920 strorum
2467 865 2715 920 Domini.
2771 863 3238 920 Tabernaculum
3273 864 3431 933 dicit,
3495 863 3590 919 ubi
3627 865 3819 920 Domi-

2178 971 2287 1009 nus
2321 953 2742 1026 rcquiescebat.
2796 954 2896 1009 His
2958 958 3210 1025 quatuor
3247 952 3506 1008 excubiis
3565 952 3819 1008 creditus

2173 1048 2298 1098 erat
2320 1043 2514 1098 omnis
2546 1060 2830 1098 numerus
2852 1043 3178 1113 janitorum
3214 1057 3226 1095 :
3261 1045 3317 1096 et
3339 1045 3591 1112 quatuor
3606 1045 3822 1112 partes,

2171 1133 2388 1202 quibus
2434 1132 2821 1187 observabant
2879 1131 3152 1186 custodes
3184 1130 3394 1185 domus
3432 1128 3681 1196 Domini,
3712 1129 3811 1186 de-

2172 1220 2404 1292 scriptas
2437 1225 2579 1276 sunt
2609 1221 2668 1275 in
2701 1219 2850 1276 libro
2879 1219 3297 1276 Numemorum
3331 1221 3468 1290 (cap.
3501 1223 3608 1287 nl).
3641 1219 3818 1274 Erant

2171 1309 2326 1365 enim
2361 1310 2418 1365 in
2460 1326 2814 1381 unaquaque
2845 1314 3006 1380 parte
3028 1307 3457 1380 quinquaginta
3487 1312 3545 1362 et
3574 1306 3821 1379 tres,qui

2172 1399 2395 1455 iaciunt
2424 1399 2703 1455 ducentes
2734 1398 3043 1453 duodecim
3095 1416 3109 1453 :
3169 1398 3372 1452 Phines
3403 1397 3550 1466 ﬁlius
3580 1394 3820 1453 Eleazar

2168 1494 2286 1544 erat
2342 1488 2461 1543 diu:
2511 1505 2696 1545 eorum
2751 1505 2936 1543 eorum
3007 1488 3250 1543 Domino.
3302 1486 3403 1541 Hic
3464 1490 3823 1542 monstratur

2171 1578 2385 1633 Phinea
2415 1577 2607 1632 adhuc
2639 1577 2696 1632 in
2737 1595 2802 1632 eo
2854 1581 3115 1648 tempore
3165 1576 3373 1640 vivere,
3425 1581 3481 1630 et
3521 1575 3577 1630 in
3631 1574 3823 1630 taber-

2170 1665 2378 1722 naculo
2419 1666 2645 1722 vicibus
2703 1667 2828 1720 suis
2885 1666 3190 1720 excubare.
3257 1667 3345 1719 Ha:
3376 1668 3514 1719 sunt
3552 1664 3705 1719 vices
3733 1663 3820 1719 vi-

2167 1755 2313 1823 ginti
2346 1761 2620 1825 quatuor,
2679 1773 2806 1826 quae
2856 1756 2912 1810 in
2949 1755 3333 1826 sequentibus
3388 1753 3820 1818 describuntur,

2089 1881 2136 1945 B
2168 1861 2421 1914 quarum
2458 1845 2513 1898 in
2551 1844 2856 1915 Evangelio
2892 1847 2903 1879 '
2940 1845 3154 1899 mentio
3186 1850 3275 1899 est
3305 1844 3488 1914 (Lucas
3519 1844 3555 1911 ¹,
3587 1844 3621 1896 5
3647 1844 3822 1914 seqq.)

2166 1934 2236 1988 de
2269 1933 2391 1988 vice
2437 1933 2601 1988 Abia.

2235 2040 2420 2112 (Vers.
2476 2041 2590 2106 35.)
2675 2064 2700 2088 ‹‹
2759 2041 2822 2095 111
2877 2041 3077 2096 Gabon
3131 2045 3324 2096 autem
3377 2035 3820 2093 commemorati

2173 2135 2336 2197 sunt,
2373 2136 2536 2202 pater
2563 2130 2799 2184 Gabaon
2853 2129 2995 2184 Jaiel
3031 2135 3084 2183 et
3116 2146 3327 2185 nomen
3359 2128 3550 2182 uxoris
3583 2129 3659 2197 (ιι)
3693 2127 3823 2197 ejus

2164 2219 2424 2274 Maacha.
2462 2240 2488 2267 ››
2520 2218 2666 2273 Jaiel
2725 2219 2848 2290 ipse
2879 2223 2986 2284 est,
3021 2219 3118 2290 qui
3179 2219 3234 2272 in
3269 2217 3490 2288 Regum
3544 2214 3822 2270 scribitur

2161 2309 2322 2363 Abiel
2372 2314 2535 2380 pater
2580 2308 2720 2363 Chis
2767 2308 2948 2380 patris
3001 2307 3136 2362 Saul
3189 2309 3234 2377 (1
3284 2307 3409 2375 Reg.
3444 2322 3517 2369 Ix,
3551 2305 3624 2374 -l).
3659 2302 3818 2358 Abiel

2161 2397 2580 2467 interpretatur
2626 2401 2782 2467 paler
2835 2413 2984 2450 meus
3038 2398 3173 2451 Deus
3206 2412 3218 2450 :
3251 2395 3417 2460 Jaiel,
3449 2393 3688 2448 desertus
3713 2393 3811 2447 Dei

2160 2492 2398 2558 prepter
2430 2486 2768 2541 meritorum
2799 2485 3161 2541 distantiam.
3195 2485 3260 2539 Et
3294 2483 3635 2546 notandum,
3667 2480 3807 2553 quia

2161 2576 2312 2631 inter
2344 2575 2493 2630 ﬁlios
2538 2575 2706 2640 Jaiel,
2768 2577 2881 2631 Ner
2934 2581 2992 2631 et
3047 2575 3185 2632 Cbis
3241 2578 3519 2628 vocantur
3577 2573 3811 2635 fratres,

2161 2665 2315 2720 sicut
2343 2671 2397 2719 ct
2428 2669 2586 2728 sunt,
2619 2672 2675 2720 et
2714 2665 2769 2719 in
2807 2665 3029 2736 Regum
3091 2666 3173 2719 ita
3221 2663 3464 2718 habetur
3494 2662 3539 2730 (ι
3571 2661 3694 2729 Reg.
3727 2674 3808 2724 xx,

2165 2755 2238 2824 1).
2274 2756 2334 2809 ln
2369 2756 2750 2827 sequentibus
2781 2771 2912 2809 vero
2970 2753 3204 2817 dicitur,
3236 2753 3344 2808 Ner
3371 2751 3562 2820 genuit
3622 2747 3758 2804 Chi:
3791 2762 3805 2801 :

2162 2861 2275 2899 non
2308 2846 2461 2915 quod
2495 2862 2629 2899 eum
2661 2845 2943 2916 genuerit,
2977 2845 3074 2898 sed
3111 2843 3265 2914 quod
3297 2859 3430 2897 eum
3461 2835 3813 2903 educaverit,

2161 2934 2436 3003 genuisse
2477 2950 2609 2988 eum
2643 2933 2877 2988 dicitur.

2233 3048 2417 3118 (Vers.
2475 3050 2589 3119 38.)
2639 3073 2663 3097 ‹‹
2725 3049 2817 3103 1611
2871 3049 3274 3104 habitaverunt
3333 3066 3362 3102 e
3414 3049 3645 3119 regione
3693 3049 3809 3106 fra-

2160 3142 2317 3192 trum
2352 3155 2592 3193 suorum
2627 3138 2683 3193 in
2717 3139 3038 3193 Jerusalem
3088 3155 3220 3192 cum
3276 3138 3552 3192 fratribus
3593 3139 3740 3195 suis.
3775 3161 3808 3191 ι

2163 3227 2438 3290 Quamvis
2459 3227 2596 3282 toris
2619 3244 2817 3283 muros
2837 3226 3158 3283 Jerusalem
3187 3225 3817 3291 habitarent,dicuntur

2167 3320 2398 3388 propter
2447 3316 2801 3372 vicinitatem
2854 3321 3048 3371 tamen
3097 3320 3153 3370 et
3197 3321 3542 3370 conventum
3595 3316 3703 3372 loci
3733 3311 3812 3373 ’111

2160 3405 2486 3460 Jerusalem
2524 3406 2840 3461 habitasse.

2233 3521 2416 3594 (Vers.
2450 3521 2563 3592 39.)
2599 3544 2624 3569 «
2676 3521 3004 3576 Aminadab
3054 3519 3208 3575 ﬁlius
3240 3519 3398 3591 Saul,
3433 3543 3458 3570 »
3492 3521 3549 3576 in
3585 3521 3805 3578 Parali-

2163 3625 2500 3681 pomenon:
2551 3608 2612 3663 In
2675 3608 2898 3680 Regum
2949 3625 3101 3677 vero,
3155 3607 3251 3662 ubi
3301 3609 3527 3664 occisus
3558 3614 3647 3664 est
3677 3627 3813 3666 cum

2162 3703 2347 3770 patre,
2379 3699 2683 3753 Abinadab
2714 3703 2972 3767 vocatur,
3007 3698 3062 3752 id
3095 3701 3184 3753 cst
3213 3698 3376 3752 Pater
3425 3715 3574 3754 meus
3603 3703 3811 3755 votum.

2162 3788 2222 3842 ln
2257 3787 2388 3843 aliis
2419 3804 2548 3842 vero
2582 3786 2724 3842 locis
2753 3786 2937 3852 Jesbi,
2968 3786 3024 3840 id
3058 3791 3145 3841 est
3177 3791 3506 3858 coaequatus.

2231 3904 2429 3974 (lbid.)
2460 3926 2486 3951 «
2520 3902 2729 3958 Asbaal
2766 3903 2920 3958 filius
2951 3903 3105 3969 Saul,
3157 3924 3184 3952 »
3221 3903 3342 3974 ipse
3383 3909 3470 3957 est
3520 3902 3809 3958 Isboseth.

2160 3993 2366 4049 Esbaal
2403 3994 2822 4065 interpretatur
2873 3995 3022 4062 ignis
3077 3995 3336 4058 maritus,
3400 3991 3680 4056 lsuoseth,
3724 3994 3816 4047 vir

2158 4084 2520 4154 confusionis.

2233 4198 2629 4269 (Vers.110.)«
2675 4199 2854 4253 Filius
2900 4199 3208 4254 Jonatham
3262 4196 3554 4263 Meribaal,
3605 4197 3704 4269 qui
3755 4199 3814 4252 et

2161 4288 2539 4355 Meribabaal,
2576 4310 2602 4338 ››
2643 4288 2769 4360 1ρ66
2807 4294 2896 4344 661
2948 4287 3360 4361 Miphiboseth.
3414 4284 3687 4342 Meribaal
3719 4285 3814 4340 in-

2158 4382 2511 4450 terpretatur
2539 4378 2764 4448 Izligans
2779 4393 2902 4432 cum
2933 4379 3148 4433 marito.
3182 4374 3549 4442 Meribabaal,
3585 4375 3814 4446 liligans

2161 4470 2216 4523 in
2250 4485 2339 4523 ma
2349 4470 2540 4522 ritum.

2228 4587 2415 4656 (Vers.
2452 4585 2564 4656 43.)
2600 4584 2860 4655 Raphaia
2885 4589 2940 4639 et
2981 4583 3183 4656 Rapba
3216 4599 3399 4638 unum
3445 4598 3655 4638 nomen
3699 4585 3813 4650 est,

2158 4673 2314 4728 ﬁlius
2346 4673 2545 4739 Binaa,
2607 4673 2707 4728 ﬁlii
2769 4673 2949 4729 Mosa.
3013 4673 3214 4745 Rapha
3272 4673 3684 4744 interpretatur
3724 4669 3817 4725 de-

2156 4765 2331 4834 ﬂuens
2361 4764 2435 4834 (b)
2461 4781 2472 4829 ;
2512 4763 2772 4836 Raphaia
2803 4764 3072 4819 medicina
3105 4764 3218 4817 Dei.

2233 4879 2419 4950 (Vers.
2453 4881 2567 4946 44.)
2594 4879 2934 4936 Azaricham
2989 4880 3171 4935 Bocru
3229 4879 3404 4934 unius
3437 4876 3701 4932 hominis
3728 4881 3820 4932 est

2160 4986 2392 5024 nomen.
2436 4969 2617 5024 Bocru
2653 4970 3066 5039 interpretatur
3093 4969 3510 5039 primogenitae.
3545 4965 3819 5022 Tradunt

2159 5058 2316 5114 enim
2343 5075 2474 5113 eum
2501 5059 2858 5130 armigerum
2884 5058 3020 5113 Saul
3046 5056 3235 5112 Doech
3260 5057 3578 5111 ldumaaum
3606 5053 3816 5118 fuisse,

2161 5153 2218 5202 et
2247 5164 2492 5218 puerum
2526 5148 2625 5218 qui
2658 5147 2930 5202 diadema
2961 5151 3015 5202 et
3045 5145 3334 5201 armiliam
3367 5143 3462 5199 Sal
3494 5142 3709 5198 detulit
3744 5143 3816 5199 ad

2162 5237 2338 5292 David
2375 5235 2558 5291 filium
2595 5235 2780 5291 Doech
2841 5235 3100 5292 Idumaei.
3158 5235 3360 5308 Ipsum
3417 5233 3588 5289 etiam
3627 5230 3817 5290 Doech

401 5493 422 5526 ³
451 5491 698 5550 Noverat
728 5492 1001 5553 Hebraeus
1052 5504 1251 5556 noster
1295 5500 1741 5574 Evangeliorum
1773 5500 2093 5570 volumina,
2127 5506 2296 5560 antea
2331 5503 2610 5570 Matthaai,
2645 5507 2703 5559 et
2735 5503 2828 5558 hic
2863 5500 3045 5556 Lucae.

473 5729 508 5774 α
535 5716 647 5771 Pro
682 5711 893 5789 uxoris,
923 5713 983 5771 in
1013 5731 1140 5775 meo
1172 5735 1284 5776 ms.
1317 5724 1405 5779 est
1433 5722 1647 5780 matris.

2240 5719 2269 5782 b
2299 5722 2360 5782 In
2388 5737 2498 5780 ms.
2535 5735 2662 5781 meo
2693 5718 2898 5800 deﬂens
2929 5735 3030 5800 pro
3061 5717 3322 5798 deﬂuens.
