3970 6390
188 375 346 438 1445

1140 376 1444 451 QU/EST.
1494 372 1858 439 HEBRAIC.
1904 371 1995 433 IN.
2028 372 2179 436 LIB.
2227 374 2251 438 Ι
2295 378 2660 442 PARALIP.

3440 380 3601 449 {446

188 510 386 566 ferunt
414 525 664 583 puerum
698 510 837 569 Saul
871 511 1070 579 fuisse,
1104 514 1203 585 qui
1238 529 1369 568 cum
1403 529 1469 567 eo
1514 512 1845 584 porrexerat
1873 506 1928 573 Α
1959 508 2095 578 qnia
2123 514 2244 566 tam
2275 512 2453 568 fortes
2481 514 2636 570 viros
2664 514 2722 569 in
2756 513 2932 571 Israel
2981 514 3237 571 dederat.
3270 515 3342 572 Et
3387 519 3597 574 notan-

188 600 259 655 ad
284 599 668 673 requirendas
700 601 898 658 asinas
932 602 1114 674 patris
1146 602 1257 658 sui.

257 688 420 761 (Cap.
455 690 520 746 Χ.
560 690 819 747 -——Vers.
872 692 953 763 6.)
1011 715 1038 741 ‹‹
1098 690 1324 747 Interiit
1378 707 1516 761 ergo
1573 688 1730 753 Snul,
1784 692 1840 745 et

184 780 306 833 tres
335 777 439 833 ﬁlii
470 779 618 851 ejus,
652 784 710 836 et
739 780 930 835 omnis
962 780 1175 836 domus
1224 782 1352 852 ejus
1400 781 1617 852 pariter
1646 779 1839 835 conci-

185 866 354 922 dit.»
406 871 652 925 Domum
696 870 826 941 ejus
875 869 1092 941 pariter
1139 869 1465 925 concidisse
1512 869 1672 937 dicit,
1722 884 1838 923 non

148 987 156 996 -
185 958 251 1011 ut
281 971 397 1013 non
428 962 605 1026 esset,
637 959 708 1014 de
755 957 971 1031 quibus
1020 958 1131 1015 fuit
1181 958 1601 1026 Mardoehaeus,
1643 958 1743 1015 sed
1776 960 1842 1013 ut

183 1061 301 1101 non
332 1050 621 1120 regnaret.

254 1135 447 1208 (Vers.
508 1136 623 1208 40.)
667 1158 697 1187 ‹‹
747 1137 816 1193 Et
858 1139 1034 1209 caput
1081 1138 1209 1209 ejus
1256 1137 1565 1193 afﬁxerunt
1593 1137 1649 1192 in
1690 1141 1838 1194 tem-

181 1224 278 1299 plo
309 1224 528 1300 Dagon.
564 1248 593 1276 ››
624 1226 685 1281 Ιιι
718 1226 952 1283 Hebraeo
981 1243 1097 1282 non
1137 1231 1333 1300 caput,
1367 1227 1466 1282 sed
1516 1244 1708 1300 corpus
1733 1228 1837 1284 ha-

179 1314 372 1384 betur,
406 1315 546 1386 quia
574 1320 748 1387 caput
768 1315 894 1387 jam
944 1315 1227 1372 miserant
1271 1316 1341 1372 ad
1391 1316 1838 1373 circumducen-

181 1403 348 1460 dum.
381 1403 447 1459 In
479 1403 701 1477 Regum
734 1421 867 1460 vero
891 1404 1173 1461 scribitur
1194 1404 1254 1461 in
1276 1403 1550 1461 Betbsan.
1584 1405 1836 1462 Bethsan

180 1491 338 1549 enim
369 1492 611 1548 tradunt
639 1496 901 1549 vocatam
955 1494 1199 1549 domum
1246 1494 1471 1567 Dagon,
1502 1511 1628 1566 quae
1660 1494 1837 1551 inter-

180 1585 445 1654 pretatur
472 1581 662 1638 domus
689 1582 1036 1639 dormientis.
1085 1581 1216 1638 Alia
1260 1590 1347 1639 est
1377 1582 1534 1639 enim
1587 1582 1838 1640 Bethsan

178 1671 242 1727 in
271 1669 571 1742 Judicum,
606 1677 662 1727 ot
690 1671 749 1727 in
778 1674 980 1741 Josue,
1017 1688 1146 1745 quae
1178 1671 1614 1745 interpretatur,
1647 1672 1839 1729 domus

177 1761 517 1816 securitatis.

250 1849 391 1922 (Cap
442 1847 634 1939 XI.7-
663 1850 826 1907 Vere.
858 1849 938 1923 8.)
971 1874 1000 1902 (ς
1046 1850 1194 1907 Joab
1244 1854 1439 1907 autem
1484 1850 1710 1924 reliqua
1739 1869 1836 1907 ur-
1867 1875 1914 1939 Β

178 1938 272 1995 bis
303 1938 607 2007 exstruxit,
636 1961 658 1986 ιι
696 1939 754 1993 id
776 1944 884 2009 est,
911 1940 1295 2013 pereuntibus
1313 1939 1596 1996 Jebusaeis
1615 1939 1833 2013 gladio,

177 2028 230 2084 si
260 2027 360 2101 qui
394 2043 463 2086 ex
492 2026 769 2086 Israelitis
798 2028 953 2086 inter
980 2044 1079 2085 eos
1110 2028 1328 2085 inventi
1362 2028 1632 2099 fuissent,
1664 2029 1736 2084 ab
1767 2046 1833 2087 eo

175 2116 575 2175 salvabantur.

249 2205 436 2280 (Vers.
484 2205 598 2275 ll.)
649 2230 677 2258 «
724 2207 1000 2264 Jesbaam
1051 2206 1209 2263 filius
1256 2206 1617 2264 Achamonni
1669 2207 1832 2280 prin-

175 2311 318 2368 ceps
349 2294 454 2367 (Al.
489 2294 747 2368 ponitur)
778 2295 932 2352 inter
961 2296 1219 2369 triginta.
1257 2318 1285 2346 »
1337 2296 1613 2353 Jesbaam
1654 2296 1832 2352 inter-

175 2387 446 2458 pretatur
497 2383 685 2441 sedens
736 2386 793 2441 in
839 2385 1074 2458 populo:
1124 2384 1278 2442 filius
1324 2385 1712 2451 Achamonni,
1772 2385 1830 2441 id

173 2476 288 2541 est,
321 2473 779 2545 sapientissimus,
813 2474 939 2547 ipse
970 2479 1059 2531 est
1087 2474 1284 2532 David.
1321 2474 1438 2530 Hoc
1466 2479 1553 2531 est
1586 2475 1740 2546 quod
1770 2474 1831 2530 in

172 2564 398 2635 Regum
429 2563 742 2619 scribitur:
777 2563 935 2620 Sedet
989 2565 1048 2620 in
1085 2563 1341 2621 cathedra
1397 2565 1833 2637 sapientissimus

171 2653 250 2723 (II
280 2653 404 2723 Reg.
444 2669 610 2724 xxm,
640 2654 724 2725 8.)
773 2658 831 2710 et
881 2653 1173 2710 minuitur
1220 2654 1291 2710 de
1320 2652 1629 2727 sapientia,
1663 2653 1833 2725 quasi

170 2740 530 2799 vermiculus
589 2740 734 2816 ligni
793 2743 1148 2799 tenerrimus
1214 2746 1450 2816 propter
1504 2746 1830 2815 peceatum,

168 2831 331 2903 quod
361 2830 657 2887 commisit
711 2832 770 2887 in
819 2831 1038 2889 Uriam.
1093 2833 1160 2887 Et
1201 2849 1337 2889 eum
1386 2832 1446 2887 in
1480 2833 1701 2905 Regum
1733 2848 1831 2888 vo-

167 2919 397 2975 lumine
426 2919 583 2976 dicat
611 2919 978 2994 octingentos
1008 2920 1176 2977 illum
1229 2938 1345 2977 uno
1394 2921 1618 2995 impetu
1650 2921 1831 2977 inter-

166 3004 379 3065 fecisse
425 3008 583 3080 (Ibid.
619 3010 683 3081 ):
734 3009 794 3065 in
845 3009 1325 3083 Paralipomenon
1383 3009 1478 3065 hic
1526 3009 1666 3066 dicit
1712 3013 1831 3066 tre-

164 3101 372 3155 centos
392 3114 526 3154 eum
555 3097 913 3155 interfecisse
935 3099 1012 3171 (a)
1031 3103 1267 3172 propter
1288 3100 1481 3171 ipsum
1506 3103 1828 3170 peccatum.

168 3185 300 3243 Una
327 3186 451 3243 vice
501 3186 852 3261 intelligitur
897 3204 1015 3245 uno
1064 3188 1309 3261 impetu,
1358 3193 1418 3245 et
1465 3188 1831 3259 octingentos

168 3276 559 3333 interfecisse.
596 3276 758 3333 Unde
788 3282 845 3333 et
873 3278 932 3332 in
966 3278 1190 3350 Regum
1240 3277 1537 3346 scribitur,
1572 3294 1687 3332 uno
1720 3276 1827 3332 im-

167 3369 339 3438 petu.

239 3452 428 3526 (Vers.
463 3454 576 3522 12.)
604 3453 791 3511 Abohi
843 3455 1020 3511 frater
1072 3455 1182 3511 fuit
1231 3455 1343 3511 Isai
1388 3455 1572 3527 patris
1621 3454 1824 3523 David,

161 3542 344 3614 cujus
376 3542 532 3598 filius
563 3543 675 3597 fuit
704 3543 959 3609 Eleazar,
1011 3542 1111 3616 qui
1140 3543 1251 3599 fuit
1278 3544 1430 3599 inter
1459 3548 1578 3600 tres
1614 3544 1690 3615 (b)
1724 3560 1830 3616 po-

159 3630 557 3698 tentissimos,
583 3631 641 3686 id
664 3636 772 3697 est,
798 3633 1110 3688 Baanaiam
1139 3631 1321 3688 filium
1343 3632 1582 3701 Joiadaa,
1618 3638 1674 3688 et
1697 3633 1830 3687 Abi-

160 3721 253 3777 sai
288 3720 474 3775 filium
507 3721 721 3776 Sarviie
754 3721 991 3777 fratrem
1021 3722 1184 3777 Joab.

236 3810 431 3882 (Vers.
479 3808 594 3881 44.)
653 3831 682 3859 ‹‹
732 3810 1033 3865 Steterunt
1081 3809 1140 3865 in
1186 3811 1377 3866 medio
1427 3812 1574 3884 agri,
1608 3815 1666 3866 et
1694 3828 1829 3867 eum

161 3898 576 3955 defenderunt.
616 3920 644 3948 »
681 3898 862 3955 David
922 3899 1144 3956 scilicet
1203 3903 1261 3955 et
1310 3899 1565 3956 Eleazar.
1630 3902 1743 3956 Hoc
1771 3902 1829 3955 in

162 3986 698 4059 Paralipomenon:
734 3988 790 4043 In
826 3988 1049 4058 Regum
1080 4005 1215 4044 vero
1261 3988 1637 4060 singulariter
1667 3990 1830 4062 poni-

160 4081 267 4132 tur
297 4075 456 4149 (Ibid.
513 4078 643 4145 ιο.),
679 4081 743 4132 ut
772 4077 924 4148 regis
956 4076 1234 4132 fortitudo
1264 4082 1638 4133 monstretur.

240 4164 431 4233 (Vers.
476 4165 588 4233 15.)
630 4188 656 4214 ‹‹
710 4165 1145 4221 Descenderunt
1192 4169 1387 4220 autem
1443 4170 1557 4220 tres
1608 4166 1681 4221 de
1730 4166 1830 4221 tri-

160 4254 337 4329 ginta
366 4252 730 4325 principibus
762 4254 830 4308 ad
867 4258 1090 4325 petram
1122 4253 1182 4309 in
1214 4270 1332 4326 qua
1371 4258 1494 4309 erat
1544 4254 1718 4309 David
1754 4255 1827 4310 ad

161 4342 514 4416 speluncam
545 4341 829 4398 Odollam.
860 4364 886 4391 ››
913 4343 1056 4398 Tres
1080 4342 1197 4415 isti,
1217 4342 1276 4398 bi
1304 4346 1443 4399 sunt
1471 4359 1620 4415 quos
1650 4360 1832 4416 supra

164 4430 649 4487 memoravimus.

239 4518 432 4591 (Vers.
466 4521 580 4587 17.)
631 4542 660 4570 ‹‹
715 4518 1069 4576 Desidaverit
1116 4537 1253 4594 ergo
1304 4520 1481 4578 David
1529 4538 1826 4594 aquam,»

1913 3627 2055 3695 .vid,
2131 3650 2158 3677 υ

1949 597 2090 652 dum
2125 602 2275 671 quod
2307 600 2529 669 vinum,
2563 603 2715 675 quod
2752 602 2866 658 Deo
2896 603 2954 658 in
3007 603 3360 661 sacrificium
3394 607 3598 664 oﬂ‘ere~

1951 686 2141 751 batur,
2174 705 2325 761 aqua
2359 691 2603 747 mixtum
2636 696 2777 747 erat.

2020 775 2205 846 (Vers.
2239 780 2352 849 22.)
2386 803 2412 829 «
2447 780 2701 837 Baanaia
2730 780 2887 838 illius
2913 781 3151 850 Joiadae,
3204 783 3330 855 ipse
3358 800 3599 857 percus-

1950 863 2026 919 sit
2054 865 2203 922 duos
2228 866 2381 923 Ariel
2440 870 2629 925 Moab.
2668 893 2694 919 ››
2756 872 2815 926 In
2874 870 3095 943 Regum
3145 872 3423 930 scribitur
3450 875 3600 933 duos

1947 951 2144 1010 leones
2200 960 2364 1013 Moab
2421 958 2546 1032 ipse
2613 960 2921 1033 percussit,
2975 961 3031 1015 id
3094 967 3183 1017 est
3237 964 3387 1020 duos
3441 965 3600 1025 viros

1950 1042 2124 1100 fortes
2149 1045 2220 1101 de
2252 1047 2437 1103 Moab.
2475 1050 2632 1105 Idem
2665 1049 2949 1106 Baanaias
2980 1050 3161 1106 multa
3189 1068 3363 1124 opera
3393 1070 3599 1128 perpe-

1949 1132 2123 1188 travit
2152 1134 2224 1189 de
2255 1136 2509 1193 Cabseel.
2542 1138 2776 1193 Cabseel
2804 1155 3016 1195 nomen
3037 1137 3146 1194 loci
3170 1144 3277 1197 est.
3300 1141 3405 1199 Hic
3423 1159 3604 1217 opera

1948 1221 2075 1292 ejus
2110 1221 2326 1292 laudat,
2360 1225 2417 1280 id
2451 1231 2539 1282 est
2571 1227 2942 1299 sapientiam,
2991 1230 3131 1301 quia
3178 1247 3333 1288 unus
3376 1237 3500 1290 erat
3527 1235 3603 1292 de

1948 1313 2319 1385 septuaginta
2348 1315 2688 1371 Senioribus
2718 1317 2914 1373 Israel.
2966 1319 3225 1389 Cabseel,
3255 1326 3600 1397 congregatio

1948 1402 2061 1456 Dei.

2017 1488 2205 1560 (Vers.
2234 1493 2348 1560 27.)
2406 1493 2467 1548 In
2528 1494 3005 1567 Paralipomenon
3062 1497 3362 1556 Sammoth
3392 1501 3598 1559 Λιθοᾶὶ-

1947 1580 2055 1642 tes,
2089 1579 2212 1652 ipse
2244 1584 2330 1636 est
2360 1582 2459 1653 qui
2489 1582 2546 1637 in
2580 1583 2805 1657 Regum
2837 1585 3118 1641 scribitur
3147 1587 3405 1645 Samma.
3439 1590 3602 1646 Sam-

1949 1684 2045 1721 ma
2076 1658 2490 1741 interpretatur
2544 1673 2783 1740 ibidem;
2841 1675 3104 1743 Samoth,
3158 1680 3404 1735 nomina.
3447 1677 3600 1738 Elles

1948 1755 2105 1812 filius
2135 1757 2326 1814 Phalti
2360 1760 2431 1815 de
2459 1760 2631 1827 Jaito,
2666 1762 2818 1834 quod
2849 1762 2907 1817 in
2942 1763 3166 1835 Regum
3210 1766 3506 1836 scribitur,
3539 1768 3601 1824 in

1947 1844 2427 1919 Paralipomenon
2462 1849 2610 1906 Elles
2642 1849 2896 1907 Plonites
2928 1853 3221 1909 scribitur.
3264 1854 3367 1911 Hie
3397 1871 3601 1930 proge-

1945 1934 2097 1991 niem
2133 1937 2341 1992 matris
2385 1938 2673 2010 designat.
2726 1938 2893 1996 Ploni
2943 1940 3098 1997 enim
3149 1941 3259 1997 fuit
3300 1943 3603 2015 proximus

1943 2023 2109 2091 Booz,
2138 2025 2210 2080 de
2241 2042 2355 2097 quo
2386 2026 2601 2083 dicitur
2645 2028 2706 2084 in
2757 2029 2932 2098 Ruth,
2987 2034 3080 2087 Est
3121 2031 3343 2104 quidam
3370 2034 3604 2107 propin-

1941 2128 2120 2183 quior.

2011 2200 2194 2272 (Vers.
2227 2204 2343 2274 29.)
2401 2202 2463 2260 In
2524 2204 3003 2277 Paralipomenon
3063 2207 3602 2284 SibbochaiUpba-

1942 2290 2139 2359 thites,
2170 2291 2296 2364 ipse
2353 2297 2443 2348 est
2502 2293 2601 2367 qui
2658 2293 2716 2349 in
2777 2296 3002 2368 Regum
3060 2297 3340 2353 scribitur
3385 2297 3599 2356 Mobu-

1943 2379 2033 2433 nai
2061 2379 2133 2451 (II
2152 2382 2273 2453 Reg.
2298 2398 2454 2449 χχιιι,
2477 2383 2546 2438 23
2567 2383 3357 2456 ;)ἱηῐει·ρι’θῑιιῑιιῐδιτᾱίβεὶωη
3378 2403 3601 2451 meum;

1942 2468 2551 2534 Sibbocbai,irretitus.
2571 2473 2629 2527 In
2654 2472 3139 2545 Paralipomenon
3166 2472 3286 2530 Illai
3311 2475 3598 2546 Aotbites,

1941 2556 2064 2629 ipse
2095 2563 2185 2613 est
2215 2558 2313 2630 qui
2364 2558 2421 2614 in
2472 2563 2692 2634 Regum
2745 2561 3042 2632 scribitur,
3091 2560 3331 2619 Salmon
3362 2563 3436 2636 (II
3464 2565 3591 2637 Reg.

1938 2661 2099 2711 xxm,
2131 2648 2248 2719 28.)
2277 2647 2514 2704 Salmon
2563 2649 3001 2723 interpretatur,
3051 2650 3153 2706 sub
3200 2652 3416 2708 umbra.
3447 2651 3594 2723 Illai,

1939 2736 2234 2793 excitatus.
2266 2737 2528 2794 Aothites
2558 2737 2716 2795 ﬁlius
2747 2738 2918 2795 Aothi
2953 2739 3151 2796 fratris
3172 2740 3285 2798 Isai
3310 2745 3349 2796 ³.

2012 2825 2197 2898 (Vers.
2232 2827 2346 2899 30.)
2394 2826 2567 2883 l-leleb
2618 2826 2676 2883 in
2725 2827 3228 2902 Paralipomenon,
3261 2830 3361 2903 qui
3391 2831 3449 2886 in
3484 2831 3596 2889 Re-

1940 2932 2081 2988 gum
2134 2915 2413 2971 scribitur
2465 2916 2639 2973 Heled
2700 2918 2777 2989 (II
2835 2918 2956 2989 Reg.
3016 2935 3178 2991 xxm,
3231 2919 3349 2993 29.)
3403 2919 3603 2990 IIeleb,

1939 3005 2140 3076 adeps;
2174 3004 2371 3072 Hcled,
2403 3013 2570 3063 terra.
2666 3052 2671 3057 κ

2011 3093 2194 3163 (Vers.
2226 3094 2341 3165 32.)
2371 3094 2548 3150 Hurai
2594 3095 2653 3150 in
2701 3094 3208 3168 Paralipomenon,
3261 3096 3321 3154 in
3370 3100 3597 3171 Regum

1940 3181 2218 3236 scribitur
2247 3181 2426 3237 Hedai
2457 3183 2538 3253 (II
2564 3182 2690 3251 Reg.
2724 3199 2888 3251 XXIII,
2947 3184 3064 3251 30.)
3096 3184 3277 3241 Hurai
3310 3184 3594 3257 interpre-

1939 3274 2098 3325 tatur
2137 3274 2375 3342 fenestra
2436 3289 2591 3339 mea;
2654 3271 2832 3327 Hedai
2895 3272 3314 3345 interpretatur
3363 3290 3594 3331 acumen

1939 3376 2142 3414 meum.
2175 3358 2335 3415 Abiel
2369 3360 2424 3413 in
2459 3358 2961 3433 Paralipomenon,
3014 3361 3069 3416 in
3125 3362 3348 3435 Regum
3395 3362 3596 3418 Abialo

1940 3449 2052 3504 bon
2088 3450 2155 3520 (ll
2196 3449 2317 3520 Reg.
2376 3466 2535 3513 xxm,
2593 3449 2709 3520 3i.)
2767 3449 2952 3517 Abiel,
3006 3453 3166 3523 pater
3220 3467 3371 3507 meus
3428 3442 3592 3509 Deus.

1938 3536 2241 3604 Abialbon,
2273 3547 2434 3610 pater
2460 3554 2611 3594 meus
2659 3537 2830 3594 dolor.
2879 3570 2947 3580 —-
2992 3562 3021 3589 ‹‹
3053 3539 3256 3597 Eliada
3297 3540 3453 3597 filius
3484 3545 3599 3597 Da-

2234 3627 2293 3682 in
2379 3628 2623 3700 Regum,
2696 3634 2753 3684 et
2829 3629 2886 3685 in
2966 3629 3473 3702 Paralipomenon,
3535 3630 3597 3686 in

1940 3718 2127 3790 primo
2158 3716 2282 3772 loco
2336 3717 2675 3773 nominatur
2717 3718 2919 3773 eodem
2973 3718 3186 3773 modo:
3238 3718 3297 3773 in
3338 3718 3598 3775 secundo

1938 3824 2069 3862 vero
2125 3805 2381 3862 Baliada.
2442 3806 2644 3862 Eliada
2726 3807 3140 3878 interpretatur
3222 3807 3364 3861 Deus
3448 3822 3600 3863 meus

1937 3897 2210 3967 cognovit.
2253 3895 2504 3961 Bziliada,
2536 3898 2769 3950 maritus
2814 3896 3079 3964 cognovit.
3128 3894 3392 3950 Tradunt
3422 3911 3596 3969 prop-

1940 3991 2029 4040 ter
2052 3985 2574 4056 transgressionem
2600 3983 2801 4046 David,
2820 3983 2930 4038 boc
2952 3999 3163 4038 nomen
3186 3984 3591 4040 immutatum.

2011 4073 2194 4146 (Vers.
2225 4073 2341 4141 33.)
2372 4072 2433 4127 In
2468 4072 2714 4144 Regum,
2751 4070 2853 4126 filii
2883 4071 3080 4135 Jasen,
3105 4071 3397 4127 Jonathan
3426 4087 3440 4126 :
3475 4086 3595 4127 non

1939 4167 2029 4217 est
2060 4161 2385 4234 putandum
2417 4162 2571 4231 quod
2614 4159 2771 4216 filius
2800 4162 2928 4231 ejus
2961 4160 3056 4215 sit.
3090 4159 3403 4233 Sigillatim
3435 4160 3596 4217 enim

1941 4250 2177 4323 ponitur
2203 4248 2518 4317 Jonathan,
2551 4253 2607 4306 et
2636 4253 2726 4304 est
2756 4249 2912 4305 filius
2944 4250 3071 4321 ejus
3102 4249 3273 4323 Sagie
3296 4250 3354 4305 in
3381 4248 3596 4305 Parali-

1940 4355 2250 4413 pomenon.
2286 4338 2409 4395 Filii
2443 4355 2575 4394 vero
2616 4341 2789 4394 Asem
2842 4338 3065 4395 Gizoni.
3097 4338 3271 4395 Jasen
3312 4338 3599 4411 interpre-

1941 4434 2098 4485 tatur
2124 4429 2405 4484 dormitor.
2441 4429 2634 4494 Asem,
2667 4430 3002 4484 nominatus.

2011 4519 2196 4591 (Vers.
2241 4519 2356 4589 34.)
2412 4541 2439 4567 ‹‹
2472 4518 2678 4574 Aiham
2729 4517 2888 4573 filius
2936 4516 3176 4585 Sacbar,
3208 4538 3236 4566 ιι
3288 4515 3345 4571 in
3377 4513 3597 4572 Parali-

160 4608 273 4682 qui
307 4623 420 4664 non
453 4608 741 4664 desiderio
773 4625 937 4681 aquai
987 4608 1095 4665 hoc
1147 4610 1300 4678 fecit,
1348 4612 1449 4667 sed
1482 4612 1550 4666 ad
1586 4612 1832 4683 proban-
1864 4614 1909 4678 D
1941 4624 2251 4682 pomenon,
2284 4612 2340 4663 et
2370 4609 2790 4680 interpretatur
2816 4622 3054 4671 merces;
3106 4605 3166 4660 in
3199 4605 3421 4678 Regum
3451 4602 3596 4659 scri-

159 4700 316 4754 dum
350 4701 549 4754 utrum
580 4702 699 4753 tam
733 4696 1176 4755 fortesinveniri
1210 4700 1558 4772 potuissent,
1593 4701 1691 4774 qui
1723 4701 1832 4758 hoc
1943 4698 2102 4753 bitur
2155 4702 2296 4753 Saar
2350 4697 2424 4768 (II
2494 4698 2620 4767 Reg.
2681 4711 2841 4761 xxm,
2899 4694 3013 4764 32.)
3070 4695 3128 4748 et
3182 4692 3601 4764 interpretatur

158 4791 543 4844 attentarent.
577 4786 936 4844 Sacrificavit
956 4804 1084 4844 eam
1109 4787 1355 4845 Domino
1386 4791 1603 4862 gratias
1632 4807 1830 4864 agens,

1941 4795 2148 4845 cantor.

238 4945 626 5059 lAliter__ms.
677 4984 906 5059 codices
946 4983 1314 5059 Gorb_eiensis
1353 4990 1409 5041 et
1450 4986 1837 5055 Colbertinus,
1870 4986 1969 5059 qui
2033 4985 2140 5042 hoc
2200 4983 2372 5039 modo
2420 4982 2658 5054 legunt:
2707 4980 2874 5051 Hitai,
2923 4980 3204 5036 excitatus
3252 4980 3468 5035 Banaia
3495 4978 3595 5049 [u-

163 5058 438 5114 ratom'tes
466 5056 620 5126 ﬁlius
648 5056 829 5112 Ahodi
856 5058 1052 5127 fratris
1082 5057 1197 5112 Isai
1219 5059 1414 5126 Humi,
1449 5063 1558 5115 etc.

244 5270 327 5343 (a)
358 5272 496 5345 Quae
523 5269 661 5345 hinc
684 5271 1114 5328 subnectuntur
1140 5272 1315 5328 verba
1367 5289 1554 5345 usque
1585 5274 1654 5329 ad
1687 5273 1829 5331 alte-

1942 5279 2028 5329 tes
2058 5271 2339 5328 lectiones
2372 5288 2488 5326 non
2518 5269 2578 5326 in
2608 5271 2752 5326 istas
2785 5268 2977 5335 modo,
3012 5269 3110 5325 sed
3144 5273 3201 5325 et
3233 5267 3289 5324 in
3322 5268 3594 5340 superius

165 5340 317 5399 rum
368 5344 725 5418 interfecisse,
783 5348 954 5399 antea
1012 5340 1516 5418 desiderabantur,
1545 5416 1551 5418 _
1576 5346 1831 5418 exceptis
1922 5356 2180 5418 'excusas
2213 5343 2574 5418 Qumstiones
2613 5342 2672 5397 in
2722 5342 2944 5418 Regum
2978 5340 3176 5418 libros,
3208 5340 3362 5395 inter
3391 5340 3593 5418 adver-

159 5422 398 5496 propter
454 5412 633 5496 ipsum
696 5418 994 5496 peccatum,
1070 5433 1220 5496 quae
1271 5416 1555 5496 superiori
1614 5412 1829 5496 isoeolo
1939 5416 2095 5496 saria
2130 5432 2278 5496 mea,
2300 5415 2529 5496 aliique
2576 5412 3101 5496 gen-eris'scbedas
3151 5412 3460 5482 hucusque
3487 5413 3593 5496 de:-

153 5484 400 5559 jun'cta,
433 5484 518 5541 sic
548 5484 743 5560 tamen
798 5486 995 5560 luxata
1044 5484 1224 5543 videri
1282 5484 1566 5560 poterant.
1617 5489 1828 5545 Locum
1942 5489 2234 5547 litusrant.
2294 5484 2603 5542 Caeterum“
2632 5484 2800 5560 illum
2859 5484 3009 5560 scias
3067 5501 3101 5539 a
3146 5499 3285 5560 meo
3336 5500 3446 5540 ms.
3490 5488 3594 5541 aut

162 5557 417 5630 quoquo
442 5557 880 5630 modosupplet
926 5575 1093 5614 meus
1140 5576 1250 5614 ms.
1284 5557 1361 5614 'et
1410 5559 1509 5630 qui
1541 5576 1698 5616 nunc
1730 5561 1826 5616 de-

162 5628 344 5685 mum
370 5628 686 5697 succurrit,
724 5628 900 5687 unus
954 5630 1378 5693 Ambrosianus
1431 5628 1473 5686 ἰ)
1526 5630 1740 5698 littera,
1774 5638 1831 5687 et

162 5715 343 5768 num.
373 5699 465 5771 88,
498 5704 877 5775 praenotatos,
908 5718 942 5759 a
969 5717 1085 5777 quo
1135 5706 1382 5780 exceptae
1430 5701 1569 5760 olim
1599 5704 1828 5763 varian-

1940 5576 2263 5630 nunquam,
2299 5562 2401 5613 aut
2431 5574 2560 5612 raro
2591 5557 2909 5612 admodum
2937 5555 3266 5630 dissentire.

2009 5626 2205 5702 (biSic
2226 5630 2442 5685 habent
2464 5645 2648 5694 meus,
2673 5632 2857 5702 atque
2874 5626 3381 5702 Ambrosia_n._ms.
3405 5628 3590 5683 Antea

1937 5696 2073 5762 erat
2088 5702 2515 5777 potentissimus,
2568 5700 2723 5776 quod
2751 5696 3082 5760 referretur
3125 5700 3199 5759 ad
3227 5696 3585 5769 Eleazarum.
3626 5745 3639 5758 .
