3970 6380
386 353 557 423 μιν

458 487 645 559 (Vers.
677 486 795 557 35.)
830 506 858 535 ι(
891 482 1143 555 Eliphal,
1202 482 1363 541 Illius
1420 484 1520 551 Ur,
1572 508 1599 533 υ

389 592 640 632 menon:
675 574 734 629 in
766 575 986 646 Regum
1036 572 1325 644 Eliphclet
1379 573 1535 629 ﬁlius
1577 572 1755 630 Asbai
1811 575 1882 641 (II
1913 573 2041 643 Reg.

384 682 547 733 nm,
578 664 691 735 3i.)
724 661 945 735 Eliphal
1005 662 1428 735 interpretatur
1481 664 1623 719 Deus
1678 679 1829 718 meus
1867 664 2043 716 mira-

384 754 532 809 bilis.
567 751 662 819 Ur,
695 754 860 822 ignis.
893 750 1201 823 Eliphelet,
1238 757 1383 808 Deus
1432 768 1580 808 meus
1633 752 1909 809 liberabit.
1942 753 2044 806 As-

380 842 497 913 bai,
520 843 763 914 pepercit
791 842 953 897 mihi.

446 934 636 1002 (Vers.
667 931 783 1002 36.)
815 930 882 986 In
932 929 1438 1002 Paralipomenon,
1470 930 1663 1002 Epher
1701 926 2041 985 Meehorati-

376 1024 485 1078 tes.
521 1020 753 1093 Hepber
780 1020 906 1091 ipse
934 1024 1023 1074 est
1080 1018 1262 1075 Eliam
1314 1024 1478 1092 pater
1530 1019 1851 1075 Bethsabes
1880 1017 2041 1072 ﬁlius

370 1108 736 1183 Achitophel.
768 1108 1101 1176 Mechorati,
1154 1108 1519 1164 venundatus.
1565 1108 1774 1180 prer,
1802 1108 2036 1178 foveam.

369 1198 582 1268 Eliam,
610 1202 750 1258 Deus
777 1214 929 1254 meus
957 1197 1256 1254 mirabilis.
1286 1196 1652 1270 Achitophel,
1682 1198 1858 1268 frater
1884 1212 2038 1252 meus

607 1288 769 1357 item,
800 1290 975 1360 frater
1000 1303 1156 1342 meus
1187 1287 1487 1342 mirabilis.

443 1378 628 1450 (Vers.
661 1379 774 1449 37.)
806 1382 945 1434 Esrc
1000 1377 1061 1431 in
1120 1375 1631 1449 Paralipomenon,
1693 1376 2043 1448 interpreta-

370 1472 469 1523 tur
510 1469 716 1523 atrium
775 1468 910 1538 ejus.
971 1467 1032 1521 In
1094 1465 1318 1538 Regum
1380 1467 1450 1537 (II
1508 1466 1634 1533 Reg.
1698 1481 1867 1532 XXIII,
1922 1466 2009 1519 35.

369 1556 531 1615 Esrai
565 1556 1003 1628 interpretatur,
1032 1557 1244 1611 atrium
1276 1571 1483 1610 meum.
1532 1554 1594 1609 In
1647 1531 2034 1625 Paralipome)

368 1662 507 1715 non,
542 1645 751 1703 Noorai
784 1644 940 1700 ﬁlius
963 1644 1169 1701 Esbai:
1202 1644 1258 1699 in
1289 1645 1509 1716 Regum
1532 1641 1742 1698 Pharai
1767 1642 1837 1697 de
1872 1634 2036 1716 Arbii

366 1735 600 1801 Nocrai,
655 1751 793 1806 puer
851 1750 1022 1789 meus.
1084 1732 1279 1797 Esbai,
1343 1715 1608 1805 hyssopus
1649 1748 1794 1800 mea,
1827 1715 2035 1803 Pharai

365 1825 782 1897 interpretatur
809 1823 978 1894 gluto.
1034 1821 1192 1887 Arbi,
1228 1822 1455 1877 locusta.

437 1910 622 1980 (Vers.
654 1911 768 1982 38.)
831 1912 893 1966 In
954 1907 1460 1980 Paralipomenon,
1522 1907 1647 1963 Joel
1709 1908 1888 1963 frater
1916 1907 2026 1964 Na-

363 2000 545 2057 than:
580 2000 640 2056 in
696 2000 920 2073 Regum
971 1998 1247 2054 scribitur
1305 1996 1423 2070 lgal
1482 1996 1637 2052 ﬁlius
1695 1996 1922 2052 Nathan
1956 1998 2027 2069 (ll

360 2091 489 2160 Reg.
518 2107 681 2160 χχιιι,
713 2089 826 2159 36.)
881 2087 1027 2158 Joel,
1087 2086 1523 2159 interpretatur,
1567 2088 1827 2141 Dominus
1857 2092 2021 2142 Deus.

356 2179 504 2247 Joel,
536 2184 594 2235 et
620 2178 913 2236 Jonathan
968 2183 1024 2232 et
1084 2175 1311 2232 Nathan
1344 2175 1627 2248 propheta
1659 2181 1865 2232 fratres
1899 2177 2022 2231 fue-

358 2274 520 2337 runt,
551 2268 657 2324 ﬁlii
690 2268 968 2324 Sammaa
1000 2266 1200 2322 fratris
1232 2266 1428 2321 David.
1480 2264 1657 2337 lgaal,
1688 2266 2018 2337 redemptus.

356 2360 521 2426 Quod
549 2375 683 2414 vero
715 2358 773 2412 in
805 2355 1298 2427 Paralipomenon
1347 2354 1511 2410 Jovel
1558 2354 1736 2410 frater
1766 2354 2018 2422 Nathan,

354 2455 414 2506 et
442 2449 502 2503 in
535 2449 755 2521 Regum
789 2446 948 2502 ﬁlius
967 2444 1197 2501 Nathan
1222 2443 1520 2510 scribitur,
1546 2444 1668 2500 haec
1687 2461 1864 2499 causa
1890 2452 1978 2499 est
2002 2462 2015 2511 ;

356 2536 477 2594 illic
506 2537 745 2610 ponitur
772 2553 872 2609 pro
902 2534 1248 2590 educatione
1279 2538 1461 2605 pater,
1513 2533 1607 2589 hic
1652 2549 1754 2605 pro
1804 2538 2017 2588 natura

354 2626 555 2682 frater.
591 2624 1044 2681 Mibahar'ﬁlius
1074 2623 1266 2695 Agari,
1305 2623 1361 2677 in
1406 2621 1924 2694 Paralipomenon:
1959 2623 2017 2677 in

356 2716 603 2788 Regum,
639 2713 778 2769 Bani
809 2714 878 2769 de
909 2712 1092 2768 Gaddi
1127 2711 1332 2782 (Ibid).
1372 2711 1640 2766 Mibahar
1667 2712 2018 2783 interpreta-

354 2808 474 2869 tur,
503 2802 571 2858 de
610 2804 829 2859 electis:
891 2801 1087 2874 Agari,
1145 2800 1355 2855 advena
1410 2815 1581 2856 meus.
1644 2800 1804 2867 Bani,
1862 2801 2017 2871 ﬁlius

356 2908 515 2949 meus
537 2892 609 2948 de
639 2891 846 2957 Gaddi,
879 2891 987 2946 hoc
1017 2894 1125 2958 est,
1159 2890 1229 2945 de
1260 2890 1419 2945 tribu
1451 2888 1594 2945 Gad.

426 2980 614 3053 (Vers.
649 2981 761 3051 40.)
792 2979 929 3035 Hira
956 2978 1262 3048 Jethrzcus,
1295 2977 1461 3035 ﬁlius.
1488 2977 1689 3034 Jether
1734 2976 1918 3049 patris
1948 2978 2016 3032 A-

356 3087 552 3127 masis.
588 3069 724 3125 Uria
753 3069 984 3125 Ethaaus
1012 3069 1099 3124 vir
1119 3067 1457 3134 Bethsabee,
1489 3084 1524 3123 a
1555 3066 1679 3122 loco
1711 3067 1811 3139 qui
1844 3082 2010 3122 voca-

355 3164 455 3216 tur
483 3158 614 3230 Eth,
649 3158 877 3215 Ethaaus
907 3162 1147 3214 vocatus
1202 3162 1310 3213 est.
1367 3156 1433 3212 Hi
1493 3155 1731 3231 triginta
1781 3161 2008 3228 septem

1888 346 2310 419 APPENDIX.

1647 484 1703 538 in
1761 482 2046 555 Paralipo-
2076 483 2133 551 Α
2161 487 2250 539 tes
2280 484 2677 555 celebrandas,
2712 486 2831 542 sive
2862 486 2932 541 ad
2991 490 3234 544 cetera:
3290 492 3351 545 at
3404 488 3537 546 ida
3576 489 3803 546 dictum

3645 353 3807 417 ωε

2154 574 2331 628 estin
2391 574 2789 630 benedictione
2848 575 3147 633 Issachar:
3209 576 3501 650 Supposuit
3549 579 3806 636 humeros

2150 678 2296 728 suos,
2325 672 2378 718 et
2422 666 2601 735 factus
2649 673 2729 720 est
2773 665 2997 721 tributis
3043 668 3284 722 serviens
3327 667 3478 739 (Gen.
3508 676 3655 736 ius,
3694 670 3806 737 15.)

2223 753 2386 824 (Cap.
2447 754 2594 809 XIII.
2654 783 2724 794 --
2779 753 2944 811 Vers.
3011 756 3092 826 5.)
3149 778 3179 806 ‹‹
3235 757 3614 830 Congreg'avit‘
3666 766 3808 830 ergo

2155 841 2330 896 David
2372 848 2651 898 cunctum
2713 842 2913 911 Israel,
2973 860 3008 897 a
3062 844 3229 899 Sihor
3280 845 3529 917 Egypti.
3559 862 3588 895 η
3633 846 3809 902 Sihor

2148 928 2376 1002 zEgypti
2409 932 2623 987 ﬂuvius
2668 937 2758 988 est
2806 946 2840 987 a
2893 931 3020 989 Nilo
3069 933 3384 989 derivatus.
3432 935 3495 989 In
3525 934 3806 1002 Jeremia.

2148 1019 2295 1087 Quid
2338 1021 2445 1075 tibi
2490 1028 2569 1076 est
2612 1020 2687 1076 ad
2730 1022 2881 1075 viam
2924 1023 3170 1093 Aigypti,
3218 1028 3283 1078 ut
3330 1023 3481 1079 bibas
3516 1040 3684 1095 aquas
3711 1024 3807 1081 εδδ

2149 1107 2249 1162 hor
2279 1109 2497 1177 (Jerem.
2533 1126 2592 1174 ιι,
2627 1110 2742 1181 i8.)
2768 1110 2795 1164 ‘?
2844 1111 2907 1166 In
2954 1110 3134 1166 Josuc
3172 1111 3324 1184 (Cap.
3364 1128 3486 1178 xm,
3524 1118 3677 1168 Vers.
3707 1114 3745 1169 3
3779 1117 3801 1182 )

2146 1196 2222 1252 De
2265 1196 2448 1266 Sihor,
2508 1198 2604 1269 qui
2655 1202 2736 1254 est
2788 1214 2952 1271 super
3005 1202 3205 1270 faciem
3255 1203 3500 1273 AEgypti,
3532 1218 3700 1274 usque
3724 1203 3809 1259 ad

2145 1286 2411 1341 terminos
2448 1292 2714 1343 .4ccaron.

2218 1374 2401 1445 (Vers.
2442 1378 2525 1445 7.)
2583 1376 2888 1441 Abinadab,
2948 1376 3384 1449 interpretatur,
3432 1380 3596 1435 Pater
3645 1388 3807 1437 meus

2146 1470 2331 1519 votum
2360 1464 2438 1535 (α)
2459 1482 2478 1525 ,ι
2510 1465 2845 1528 Amz'nabml.
2879 1468 3113 1537 papulas
3139 1483 3290 1524 meus
3310 1471 3510 1524 votum.
3530 1469 3805 1526 Jusserat

2145 1552 2301 1607 enim
2349 1552 2502 1608 idem
2560 1554 2887 1610 Aminadab
2941 1555 3172 1612 duobus
3229 1556 3366 1612 ﬁliis
3422 1558 3546 1613 suis
3600 1557 3715 1614 Om
3744 1564 3811 1615 et

2146 1640 2317 1708 Abio,
2350 1646 2418 1697 ut
2464 1649 2764 1715 portarent
2820 1661 3016 1700 arcam
3066 1645 3301 1700 Domini
3360 1645 3623 1703 humeris
3652 1648 3801 1704 suis.

2148 1729 2216 1784 Et
2246 1730 2386 1802 quia
2417 1748 2605 1803 neque
2632 1732 2742 1805 ipsi
2785 1750 2913 1788 eam
2965 1738 3358 1805 portaverant,
3402 1748 3591 1808 neque
3617 1735 3805 1792 Ghan-

2147 1818 2271 1874 titis
2302 1820 2374 1875 ad
2397 1823 2753 1891 portandum
2782 1822 3089 1888 dederunt,
3114 1822 3329 1879 idcirco
3352 1823 3465 1879 Oza
3489 1822 3807 1881 mulctatus

2139 1912 2227 1962 est
2256 1914 2462 1965 morte.
2500 1910 2633 1965 Fuit
2660 1910 2817 1967 enim
2851 1917 3153 1983 peccatum
3205 1912 3261 1967 in
3317 1930 3431 1969 non
3473 1914 3799 1985 portando:

2136 1995 2197 2049 in
2246 1999 2595 2054 sustinendo
2640 2016 2862 2067 arcam,
2903 2001 3030 2071 jam
3081 2015 3250 2073 pinna
3296 2002 3531 2074 peccati.
3582 2000 3803 2058 Divisio

2135 2084 2292 2140 enim
2323 2089 2437 2142 Oza
2465 2086 2718 2143 traditur
2739 2089 2834 2160 (b),
2868 2089 3020 2160 quod
3052 2090 3303 2146 eruisset
3332 2090 3634 2147 brachium
3666 2094 3805 2163 ejus

2133 2175 2191 2226 et
2220 2170 2521 2245 humerus,
2556 2176 2655 2231 ubi
2687 2193 2820 2232 arca
2851 2175 3079 2232 Domini
3128 2179 3414 2250 portanda
3460 2185 3603 2248 erat,
3653 2185 3712 2235 et
3734 2179 3797 2235 in

2134 2259 2294 2316 illius
2324 2260 2452 2318 loco
2486 2263 2693 2321 divisio
2722 2266 2988 2338 quaedam
3024 2267 3177 2322 facta
3204 2272 3313 2323 est.

2205 2350 2396 2411 (Vers.
2442 2351 2523 2424 9.)
2574 2374 2600 2402 «
2653 2354 2797 2410 Cum
2840 2355 3242 2424 pervenissent
3280 2356 3351 2411 ad
3395 2372 3586 2413 arcam
3647 2357 3791 2415 Chi—

2130 2437 2268 2493 don.
2329 2465 2349 2488 ιι
2408 2440 2630 2496 Chidon
2710 2442 3129 2516 interpretatur
3205 2445 3448 2517 ciypeus.
3511 2446 3789 2503 Traditur

2128 2528 2285 2584 enim
2317 2530 2429 2586 iste
2485 2529 2647 2586 locus
2707 2549 2856 2598 esse,
2918 2533 3015 2588 ubi
3073 2533 3251 2589 Josue
3307 2535 3515 2601 stabat,
3549 2537 3787 2607 quando

2129 2616 2350 2673 dictum
2385 2626 2473 2675 est
2502 2620 2575 2686 ei,
2607 2621 2724 2677 leva
2754 2622 3009 2694 clypeum
3036 2632 3225 2679 contra
3258 2625 3449 2679 urbem
3474 2624 3580 2679 ΑΙιὶ
3606 2626 3791 2697 (Iosue

2123 2724 2249 2778 vui,
2284 2708 2399 2777 18.)

2198 2800 2387 2868 (Vers.
2427 2798 2536 2864 t3)
2570 2823 2595 2847 ‹‹
2630 2799 2848 2854 Avertit
2890 2816 3084 2855 arcam
3135 2800 3233 2857 Dei
3283 2802 3339 2856 in
3391 2802 3563 2858 domo
3590 2802 3783 2860 01)θά-

2126 2886 2329 2941 Edom.
2393 2911 2415 2939 ι
2480 2887 2851 2943 Obcd-Edom
2910 2887 3082 2945 levita
3139 2894 3311 2945 erat:
3368 2894 3426 2945 et
3482 2892 3785 2963 ignorabat

2124 2974 2301 3030 David
2329 2976 2401 3030 ob
2433 2993 2607 3048 quam
2641 2994 2878 3032 causam
2914 2978 3237 3050 indignatio
3281 2979 3380 3034 Dei
3430 2981 3682 3036 venisset
3720 2978 3780 3035 in

2123 3062 2319 3120 Ozam.
2368 3064 2683 3137 Postquam
2729 3083 2861 3121 vero
2910 3067 3179 3139 cognovit
3224 3084 3485 3139 causam,
3533 3085 3637 3139 pro
3667 3085 3785 3141 qua

2121 3155 2235 3208 Oza
2270 3170 2584 3226 percussus
2615 3159 2728 3224 est,
2750 3155 2933 3225 jussit
2961 3173 3087 3212 eam
3139 3157 3356 3229 portari
3387 3156 3447 3213 in
3488 3157 3774 3225 humeris,

357 3250 595 3306 fuerunt
624 3248 730 3320 [AL
764 3248 1060 3320 fugerunt]
1093 3263 1226 3303 cum
1258 3246 1433 3302 David
1466 3262 1598 3301 cum
1624 3246 1849 3318 fugeret
1885 3250 2019 3300 ante
2050 3231 2091 3298 C
2129 3244 2285 3299 sicut
2316 3244 2623 3317 sequentia
2643 3245 3069 3301 demonstrant.

358 3337 605 3498 suggere.
640 3426 753 3498 43.)
787 3424 1012 3481 Moecha
1044 3441 1255 3480 nomen
1304 3428 1393 3480 est
1440 3422 1613 3479 ofﬁcii
1649 3424 2006 3478 feminarum

350 3516 424 3573 de
453 3514 648 3572 causis
682 3513 1090 3570 muliebribus.
1137 3513 1400 3580 Maacha,
1453 3514 1758 3581 ingeniosa.
1804 3510 2008 3567 Selech

351 3604 738 3675 Ammonites,
772 3621 838 3659 eo
869 3604 1025 3674 quod
1056 3602 1114 3657 in
1146 3608 1399 3657 Ammon
1442 3601 1769 3657 ministerio
1804 3602 2007 3672 funge-

352 3699 533 3751 retur.
566 3693 803 3750 Gitbma
832 3692 1134 3759 Moabites,
1168 3709 1233 3747 eo
1265 3692 1421 3764 quod
1454 3690 1513 3745 in
1550 3690 1719 3745 Moab
1751 3689 2012 3745 ministe-

351 3784 438 3839 rio
477 3784 835 3856 fungeretur.
897 3781 1190 3837 Hactenus
1249 3779 1609 3850 Benjamitzn,
1669 3779 1903 3846 Elcana,
1954 3782 2012 3834 et

351 3871 532 3938 Jesia,
562 3876 619 3928 et
647 3869 867 3927 Azrael.
903 3870 1195 3943 Incipiunt
1215 3868 1439 3926 Levita.

423 3962 584 4034 (Cap.
614 3960 731 4016 XII.
765 3990 833 4000 —
858 3959 1026 4017 ,Vers.
1058 3960 1136 4029 8.)
1174 3983 1193 4008 ι
1230 3958 1342 4014 Sed
1375 3961 1437 4013 et
1461 3956 1532 4011 de
1589 3956 1773 4011 Gaddi
1818 3961 2009 4013 trans-

355 4050 636 4124 fugerunt
666 4049 737 4104 ad
764 4047 974 4117 David;
1001 4070 1030 4097 »
1052 4048 1123 4103 de
1142 4046 1350 4114 Gaddi,
1371 4045 1430 4101 id
1460 4052 1569 4112 est,
1592 4045 1661 4101 de
1682 4046 1840 4101 tribu
1863 4047 2006 4103 Gad.

425 4138 614 4211 (Vers.
646 4137 763 4209 2t.)
794 4161 822 4188 (ι
855 4137 924 4192 Hi
956 4137 1332 4209 praebuerunt
1385 4134 1671 4190 auxilium
1703 4135 1881 4191 David
1914 4136 2011 4191 ad-

349 4243 593 4285 versum:
644 4226 1044 4294 latrunculos;
1104 4248 1133 4277 ››
1194 4225 1251 4280 id
1308 4228 1419 4293 est,
1481 4224 1849 4297 Amalecitas,
1909 4226 2011 4297 qui

356 4315 598 4391 pradati
631 4320 770 4372 sunt
820 4331 1026 4371 uxores
1083 4315 1234 4385 ejus,
1291 4317 1348 4368 et
1391 4329 1593 4369 eorum
1636 4314 1735 4386 qui
1768 4331 1904 4370 cum
1944 4330 2011 4371 eo

360 4410 549 4463 erant.

427 4494 614 4567 (Vers.
644 4494 762 4564 22.)
800 4514 829 4543 ‹‹
862 4491 1058 4564 Usque
1088 4492 1228 4547 dum
1262 4492 1425 4549 ﬁeret
1462 4492 1702 4565 grandis
1732 4510 2014 4549 numerus

358 4583 849 4658 quasiexercitus
906 4582 1027 4637 Dei.
1069 4603 1097 4632 ››

358 4690 578 4741 merus,
610 4671 713 4745 qui
748 4671 820 4726 de
843 4672 1081 4744 Egyptc
1112 4670 1331 4744 egressi
1366 4677 1524 4727 sunt.
1547 4670 1754 4727 Joiada
1784 4687 2017 4744 quoque

356 4763 628 4836 princeps
662 4761 735 4816 de
788 4760 970 4832 stirpe
1024 4762 1235 4828 Aaron,
1296 4759 1490 4832 ipsum
1552 4760 1795 4816 tradunt
1838 4760 2022 4817 fuisse

357 4851 625 4921 Phineas,
656 4850 729 4906 ad
788 4850 959 4921 cujus
1016 4849 1535 4922 comparationem,
1595 4850 1818 4905 Sadoch
1876 4867 2020 4922 puer

355 4945 618 4997 vocatur.
652 4938 814 5006 Quod
850 4955 981 4994 vero
1010 4938 1151 4993 dicit
1174 4939 1468 5011 principes
1497 4955 1631 4993 cum
1661 4938 1743 4994 eis
1766 4940 2014 5005 venisse,

355 5029 415 5086 id
444 5034 551 5099 est,
585 5028 936 5085 sacerdotes.
994 5027 1074 5084 De
1123 5026 1261 5083 ﬁliis
1313 5027 1583 5084 Issachar
1631 5028 1738 5083 viri
1780 5028 2016 5096 eruditi,

356 5120 458 5191 qui
491 5123 709 5175 norunt
738 5116 972 5190 singula
1001 5122 1283 5190 tempora.
1338 5118 1453 5189 Ipsi
1495 5117 1653 5173 enim
1684 5122 1852 5173 erant
1883 5116 2016 5172 doc-

357 5211 535 5278 tores,
568 5212 1028 5281 computatores,
1074 5211 1130 5262 et
1162 5205 1451 5279 magistri,
1477 5205 1596 5261 sive
1626 5206 1696 5260 ad
1738 5204 2018 5261 festivita-

428 5405 507 5475 (a)
542 5403 711 5460 Falso
738 5404 1023 5461 hactenus
1053 5404 1309 5460 obtinuit
1337 5405 1476 5460 Deus
1515 5421 1689 5473 meus,
1721 5421 1825 5477 pro
1858 5404 2020 5460 Pater

358 5491 533 5539 meus,
565 5485 691 5541 un;
725 5478 826 5532 Abi
876 5477 1033 5531 enim
1090 5480 1311 5531 Patrem
1369 5493 1553 5531 meum
1609 5492 1818 5532 sonare
1846 5494 2018 5539 nemo

361 5546 583 5620 nescit:
617 5547 713 5600 Dei
741 5562 872 5620 vero
904 5562 1139 5610 nomen,
1191 5547 1302 5602 nisi
1352 5547 1401 5603 si
1453 5548 1807 5620 tropologice
1838 5550 2014 5620 (quod

362 5617 446 5694 sic
473 5622 670 5675 tamen
715 5617 854 5674 alibi
886 5619 1120 5694 iactura
1165 5617 2009 5694 scimus)interpreteris,'mi-

362 5689 522 5768 ptine
550 5704 620 5752 ex
647 5704 713 5751 eo
743 5687 1021 5751 vocabulo
1058 5690 1365 5753 extundas.
1393 5687 1585 5753 'Meus
1610 5687 1809 5754 autem
1839 5687 2018 5776 atque

2191 3333 2349 3405 (Cap.
2385 3333 2526 3388 XIV.
2571 3364 2635 3374 -—
2667 3332 2830 3388 Vers.
2867 3335 2979 3404 14.)
3032 3358 3058 3384 «ι
3092 3333 3261 3391 Venit
3306 3339 3507 3391 contra
3546 3334 3675 3391 illos
3706 3352 3776 3392 ex

2119 3422 2359 3477 adverso
2390 3423 2683 3478 flentium.
2720 3444 2747 3473 ››
2781 3423 3045 3479 Tradunt
3077 3423 3399 3480 Philistaaos
3430 3423 3646 3480 idolum
3679 3424 3777 3481 ha-

2120 3510 2340 3578 buisse,
2369 3511 2463 3566 cui
2495 3510 2553 3566 in
2586 3510 2861 3583 lacrymis
2894 3511 3199 3568 hominum
3235 3513 3587 3569 sacriﬁcium
3618 3529 3780 3585 para-

2120 3600 2311 3655 batur.
2346 3600 2491 3656 Huic
2531 3599 2612 3655 illi
2664 3617 2825 3656 more
2869 3619 2976 3657 suo
3027 3601 3302 3675 lacrymis
3348 3603 3783 3658 sacriﬁcabant.-

2118 3692 2186 3747 Et
2216 3690 2303 3745 eis
2332 3706 2400 3745 ex
2431 3690 2673 3745 adverso
2727 3690 2903 3745 David
2963 3692 3141 3758 venit,
3203 3691 3261 3746 in
3292 3708 3539 3762 quorum
3572 3691 3777 3763 capiti-

2119 3781 2231 3836 bus
2253 3780 2381 3850 jam
2432 3779 2595 3834 furor
2646 3779 2879 3834 Domini
2937 3781 3228 3849 saaviobat,
3288 3781 3521 3852 quando
3577 3780 3777 3836 adeas

2118 3874 2355 3926 ventum
2388 3871 2496 3923 est.
2529 3867 2662 3923 Ideo
2709 3868 3034 3924 timuerunt
3079 3873 3284 3941 gentes
3332 3869 3505 3924 David
3546 3875 3779 3941 propter

2118 3957 2341 4014 idolum
2380 3956 2766 4025 destructum,
2817 3956 2911 4012 cui
2959 3956 3236 4014 humanis
3282 3956 3554 4030 lacrymis
3596 3956 3772 4013 sacri-

2122 4049 2232 4103 ﬁca
2244 4046 2441 4102 batur.

2192 4136 2352 4209 (Cap.
2389 4134 2507 4190 XV.
2542 4166 2611 4175 -—
2662 4138 2824 4191 Vers.
2881 4136 2957 4208 1.)
3010 4135 3399 4208 Tetenditquc
3427 4135 3479 4191 ei
3509 4136 3775 4191 taberna-

2122 4225 2403 4281 culum.»
2438 4229 2547 4281 etc.
2608 4223 2783 4280 Aliud
2845 4242 3060 4281 novum
3117 4222 3558 4282 tabernaculum
3616 4224 3775 4289 fecit.

2123 4331 2237 4386 quo
2270 4314 2429 4370 istud
2462 4313 2573 4385 [ΑΖ.
2609 4310 2775 4386 illud]
2824 4314 2979 4385 quod
3031 4331 3067 4369 a
3106 4316 3296 4387 Moyse
3344 4314 3559 4370 factum
3590 4314 3777 4369 fuerat

2123 4404 2182 4458 in
2212 4418 2428 4471 eremo,
2463 4400 2808 4475 occperiret.

2195 4492 2383 4565 (Vers.
2419 4491 2533 4563 19.)
2573 4513 2601 4541 α
2639 4492 2699 4546 In
2733 4488 3018 4563 cymbalis
3048 4490 3224 4547 aeneis
3278 4494 3711 4563 concrepantes.
3744 4513 3774 4540 ιι

1158 4584 1577 4671 Sexcentorum
1625 4580 1880 4671 millium
1914 4600 2017 4638 nu-
2048 4605 2095 4671 Β
2128 4583 2189 4639 Ιη
2221 4579 2665 4671 Ηθὶιιξειιολξιεὼθῐ
2688 4584 2754 4671 in
2781 4580 3051 4671 cymbalis
3075 4582 3262 4671 aeneis
3287 4579 3359 4671 ad
3407 4578 3776 4671 audiendum,-

2128 4671 2269 4744 quia
2326 4668 2594 4725 videlicet
2648 4670 2721 4725 ab
2780 4669 2907 4741 ipso
2966 4668 3193 4742 psalmo
3250 4669 3621 4741 incipiebant,
3676 4668 3777 4741 qui

2127 4758 2304 4815 habet
2330 4758 2390 4815 in
2422 4758 2646 4831 capite:
2680 4758 2917 4826 Exaudi,
2970 4759 3212 4827 Domine,
3255 4760 3532 4831 justitiam
3574 4773 3773 4827 means,

2127 4849 2228 4921 qui
2259 4854 2350 4905 est
2379 4854 2577 4905 sextus
2608 4849 2895 4904 decimus.

2198 4938 2383 5010 (Vers.
2434 4938 2549 5009 20.)
2601 4961 2627 4987 ‹‹
2662 4938 2723 4992 In
2773 4936 2973 4993 Nablis
3020 4954 3233 4994 arcana
3275 4938 3606 4994 cantabant.
3642 4957 3669 4985 η
3710 4941 3773 4993 In

2127 5027 2365 5083 Hebraeo
2396 5027 2622 5091 habet,‘
2651 5042 2754 5099 pro
2800 5027 3219 5098 juventutibus;
3278 5027 3417 5099 quia
3471 5044 3509 5082 a'
3550 5025 3779 5098 psalmo

2127 5116 2582 5189 quadragesimo
2614 5116 2819 5189 quinto
2847 5117 3222 5190 incipiebant,
3254 5115 3354 5189 qui
3380 5116 3488 5172 hoc
3514 5115 3689 5173 habet
3714 5115 3771 5171 in

2126 5204 2318 5261 titulo.

2126 5406 2500 5462 Ambrosian.
2534 5422 2645 5462 ms.
2682 5403 3023 5462 restituunt.

2197 5480 2273 5559 (_b_)
2301 5479 2412 5533 Sed
2446 5494 2562 5559 non
2595 5495 2779 5559 usque
2798 5478 2954 5559 adeo
2979 5474 3506 5559 constanstraditio
3536 5480 3663 5559 esti:
3688 5474 3772 5559 si-

2127 5547 2362 5632 quidem
2394 5556 2602 5632 auctor
2640 5547 2987 5632 mirab‘ilium
3032 5550 3397 5632 suﬁ’ocatum.
3413 5564 3545 5603 eum
3578 5547 3773 5618 tradit,

2127 5621 2229 5678 alii
2260 5621 2503 5680 fulmine
2533 5623 2715 5681 ictum
2747 5622 2967 5693 volunt,
2998 5621 3097 5682 alii
3127 5621 3516 5680 contabuisse.
