3970 6384
210 332 380 425 H49

1174 332 1477 408 QUAES'I‘.
1524 334 1890 423 HEBRAIC.
1937 333 2015 396 IN
2059 333 2207 401 LIB.
2255 336 2277 397 I
2322 338 2683 400 PARALIP.

3472 339 3631 417 μεθ

237 522 243 531 ,
291 468 474 540 (Vere.
504 465 621 539 21.)
655 488 683 516 ι(
715 466 778 523 In
809 465 1053 525 citharis
1087 484 1188 540 pro
1221 473 1420 524 octava
1453 470 1801 536 cantabant;
1838 491 1857 517 ι
1894 470 1948 535 Α
2048 472 2234 537 (Vere.
2272 471 2377 540 l2.)
2410 493 2436 520 «
2470 471 2625 527 Fecit
2656 471 2829 527 David
2860 470 2973 528 sibi
3004 487 3217 533 nomen
3260 489 3395 529 cum
3437 489 3637 530 rever-

212 544 357 629 quia
386 575 420 612 a
451 560 610 612 sexto
644 554 870 627 psalmo
902 555 1279 628 incipiebant,
1316 558 1417 629 qui
1468 558 1575 612 hoc
1609 558 1782 612 habet
1811 556 1871 611 in

210 644 409 703 titulo.
446 649 552 700 Pro
584 649 785 699 octava
825 648 1041 712 autem,
1097 646 1334 718 quidam
1380 651 1589 719 putant
1628 663 1730 718 pro
1762 645 1871 700 cir-

206 733 571 807 cumcisione
603 733 702 805 (ιι).

224 884 229 887 _
285 823 473 895 (Vers.
507 824 622 893 22.)
655 846 681 871 ‹‹
716 821 1043 878 Chonenias
1092 828 1284 878 autem
1337 823 1607 895 princeps
1649 825 1870 880 Levita-

204 928 368 979 rum,
418 910 735 985 prophetiae
781 916 1024 983 prmerat
1070 911 1141 967 ad
1202 912 1635 983 prmcinendum
1692 914 1871 969 melo-

203 994 406 1069 diam;
446 1023 464 1047 η
510 1001 649 1072 quia
679 1000 802 1071 ipse
833 1001 916 1056 eis
948 999 1153 1069 Spiritu
1211 1000 1543 1071 prophetiae,
1589 1000 1870 1058 melodias

202 1094 266 1163 et
298 1090 475 1145 verba
505 1089 576 1144 ad
612 1089 958 1144 memoriam
994 1089 1317 1144 revocabat.

284 1179 471 1251 (Vers.
505 1178 620 1250 23.)
653 1199 680 1227 «
714 1177 1024 1233 Barachias
1047 1182 1101 1232 et
1122 1178 1633 1248 Eleanajanitores
1663 1196 1865 1234 arcae.»

201 1261 314 1320 Hic
336 1265 624 1336 janitores
657 1270 978 1337 portatores
1011 1266 1085 1337 (b)
1118 1273 1297 1321 vocat.

278 1355 467 1427 (Vers.
501 1356 615 1425 26.)
670 1358 993 1425 «Cumque
1052 1354 1371 1426 adjuvisset
1435 1357 1583 1411 Deus
1640 1355 1864 1422 levitas,

200 1437 308 1519 qui
341 1443 651 1517 portabant
709 1460 901 1498 arcam
963 1442 1213 1512 foederis,
1255 1466 1280 1490 ››
1341 1444 1616 1499 timentes
1661 1461 1864 1500 casum

202 1525 357 1587 Ozzie.

228 1604 438 1692 -,(Cap.
474 1620 617 1675 XVI.
652 1652 715 1662 —
746 1621 910 1675 Vere.
964 1620 1044 1681 δ.)
1093 1643 1117 1669 ‹‹
1153 1620 1546 1685 Obed-Edom,
1582 1625 1639 1676 et
1678 1619 1865 1676 Jeihel

199 1725 388 1788 super
418 1725 654 1781 organa.
693 1732 718 1758 »
751 1709 864 1766 Iste
913 1709 1113 1767 Jeihel.
1147 1713 1255 1773 est,
1286 1710 1356 1764 de
1388 1709 1559 1779 cujus
1590 1709 1866 1781 progenie

1983 562 2203 612 teretur
2258 564 2426 629 capta
2477 559 2660 630 Syria,
2718 559 2776 614 in
2835 560 2981 616 valle
3040 560 3396 631 Salinarum,
3459 563 3630 623 censis

1982 648 2179 701 decem
2212 652 2268 702 et
2297 655 2424 702 octo
2451 647 2729 705 millibus.
2759 672 2784 697 ››
2810 650 3022 705 Eodem
3046 650 3215 706 modo
3238 655 3294 705 et
3318 649 3377 706 in
3404 651 3629 723 Regum

1981 735 2262 807 scriptum
2300 740 2387 791 est
2417 737 2488 805 (II
2530 738 2653 809 Reg.
2700 753 2819 803 vm,
2866 738 2976 810 13.)
3022 737 3182 794 Multi
3215 738 3369 795 enim
3405 740 3634 796 duode-

1982 824 2092 877 cim
2129 822 2311 879 millia
2341 824 2575 892 habent,
2607 843 2799 882 errore
2829 827 3008 891 ducti,
3032 843 3097 882 eo
3128 827 3282 899 quod
3310 827 3366 882 in
3400 827 3630 900 psalmo

1981 911 2257 965 scribitur
2284 912 2560 968 duodecim
2590 914 2791 969 millia.
2816 916 2933 969 .Sed
2985 914 3102 969 illic
3150 915 3458 970 duodecim
3491 915 3636 971 mil-

1978 999 2056 1056 lia
2083 999 2228 1055 Joab
2259 999 2620 1057 interfecisse
2668 1002 3027 1074 perhibetur,
3060 1003 3152 1058 hic
3186 1004 3382 1059 decem
3416 1009 3473 1060 et
3500 1008 3634 1060 octo

1979 1088 2165 1144 millia
2195 1088 2392 1144 Abisai
2419 1106 2431 1143 :
2464 1095 2521 1145 et
2551 1095 2785 1163 propter
2814 1091 3024 1164 regalis
3074 1092 3332 1148 nominis
3367 1092 3630 1165 dignitas

1979 1181 2118 1244 tem,
2149 1177 2328 1233 David
2363 1178 2603 1233 victoria
2632 1180 2963 1235 ascribitur.
2998 1181 3099 1237 Est
3128 1181 3293 1236 enim
3316 1180 3374 1236 in
3407 1181 3628 1237 Parali‘

1978 1283 2263 1337 pomenon
2298 1266 2468 1338 plane
2495 1267 2802 1340 scriptum,
2860 1271 3012 1341 quod
3047 1270 3241 1325 Abisai
3274 1269 3394 1326 haec
3427 1271 3630 1328 decem

1975 1360 2029 1409 et
2060 1361 2186 1411 octo
2220 1355 2405 1410 millia
2438 1356 2813 1413 interfecerit.

2047 1444 2228 1514 (Vers.
2267 1445 2374 1515 15.)
2407 1445 2811 1514 Commentarii,
2844 1451 3360 1514 Commentatores,
3394 1448 3497 1520 qui
3528 1464 3633 1504 an-

1976 1532 2192 1588 notatis
2223 1534 2395 1588 rebus
2419 1537 2476 1588 et
2504 1534 2718 1603 causis,
2750 1535 2869 1607 regi
2913 1552 3011 1591 eas
3052 1537 3121 1591 ad
3166 1537 3511 1593 memoriam
3546 1553 3636 1594 re.

1978 1621 2260 1676 ferebant.

1999 1625 2002 1634 .
2099 1625 2132 1675 b
2248 1664 2260 1676 ι

1999 1625 2235 1782 (aliis:
2274 1710 2374 1782 I6.)
2406 1711 2737 1767 Abimelech
2783 1712 2938 1768 ﬁlius
2987 1712 3269 1769 Abiathar
3318 1713 3377 1768 in
3413 1713 3632 1770 Parali.

204 1798 321 1899 fuit
351 1797 517 1896 Ahiel
548 1798 877 1872 prophetes,
911 1797 1012 1869 qui
1059 1797 1118 1851 in
1164 1797 1372 1853 diebus
1414 1798 1693 1870 Josaphat
1732 1815 1862 1869 pro-
1897 1835 1945 1899 Β
1976 1814 2285 1899 pomenon,
2320 1799 2379 1853 in
2403 1804 2623 1871 Regum
2654 1799 3024 1857 Achimelech
3056 1800 3353 1857 scribitur.
3396 1802 3634 1858 Abime-

201 1872 487 1958 phetavit.

278 1973 471 2045 (Vers.
532 1975 646 2047 2t.)
706 1973 873 2028 «Sed
932 1972 1250 2046 increpavit
1306 1990 1407 2045 pro
1468 1974 1552 2029 eis
1612 1991 1802 2046 reges,
1838 1996 1866 2025 »

207 2048 567 2121 Rharaonem
600 2068 656 2119 et
685 2059 1041 2118 Abimelech.

278 2152 465 2223 (Vere.
499 2152 615 2220 39.)
646 2175 673 2202 «
707 2151 933 2207 Sadoch
958 2156 1152 2206 autem
1178 2151 1560 2217 sacerdotem,
1587 2156 1643 2206 et
1665 2152 1868 2208 fratres

200 2239 371 2295 illius
402 2240 729 2295 sacerdotes
761 2256 953 2294 coram
996 2237 1372 2294 tabernaculo
1420 2238 1649 2294 Domini
1680 2238 1737 2293 in
1771 2255 1866 2295 ex-

202 2328 387 2399 celso,
423 2328 521 2400 qui
551 2333 719 2383 erant
747 2326 806 2382 in
839 2328 1096 2383 Gabaon.
1131 2350 1158 2377 ››
1194 2328 1295 2382 llic
1328 2318 1587 2392 Gabaon,
1622 2328 1863 2399 quidam

203 2417 404 2471 locum
428 2414 738 2490 quemdam
764 2415 1123 2471 arbitrantur
1139 2433 1266 2471 esse
1296 2415 1354 2470 in
1385 2416 1732 2486 Jerusalem,
1767 2417 1864 2471 ubi

200 2522 238 2560 a
270 2505 449 2561 David
481 2504 926 2561 tabernaculum
961 2504 1213 2573 fmderis,
1261 2510 1317 2560 et
1364 2523 1499 2561 arca
1530 2505 1862 2561 testamenti

201 2594 439 2649 Domini
470 2592 748 2650 collocata
779 2597 933 2649 sunt.
969 2593 1204 2649 Gabaon
1240 2594 1655 2666 interpretatur
1678 2596 1858 2651 vallis.

206 2681 514 2738 Excelsum
537 2688 731 2738 autem
760 2687 992 2755 propter
1019 2681 1443 2737 sublimitatem
1467 2682 1661 2739 cultus
1682 2683 1861 2739 divini

206 2772 569 2828 existimant.
1218 2840 1223 2844 δ

275 2859 461 2932 (Vere.
497 2860 608 2932 43.)
640 2882 666 2909 ‹‹
703 2859 986 2915 Reversus
1037 2864 1127 2915 est
1172 2859 1352 2915 David
1402 2864 1465 2915 ut
1497 2860 1866 2917 benediceret

198 2948 407 3005 domui
438 2966 576 3004 suae.
610 2971 637 2998 ››
675 2948 920 3015 Quidam
955 2948 1416 3005 benedictionem
1457 2949 1551 3006 hic
1584 2967 1685 3023 per
1714 2950 1861 3005 anti-

197 3037 467 3110 phrasim
500 3037 714 3093 dictam
749 3041 976 3110 putant.
1017 3039 1259 3093 Domum
1286 3055 1416 3094 vero
1464 3039 1697 3106 Michol,
1732 3038 1862 3094 ﬁlias

195 3124 337 3182 Saul
366 3142 540 3198 quam
582 3126 899 3198 increpavit
957 3125 1155 3191 David,
1217 3143 1282 3181 eo
1342 3127 1495 3199 quod
1552 3127 1859 3199 indignata

1980 1886 2127 1954 lech,
2154 1890 2312 1958 pater
2340 1904 2492 1943 meus
2520 1905 2638 1944 rex.
2662 1888 3052 1955 Aehimelech,
3085 1891 3262 1959 frater
3308 1905 3462 1945 meus
3508 1906 3632 1945 rex.

1978 1974 2128 2030 Susa
2157 1976 2436 2031 scribitur
2474 1976 2978 2048 Paralipomenon,
3033 1978 3092 2032 in
3154 1978 3374 2049 Regum
3432 1978 3637 2034 Saraia

1978 2063 2051 2134 (11
2086 2064 2211 2134 Reg.
2246 2081 2367 2128 vm,
2425 2064 2526 2131 l7).
2586 2065 2752 2135 Susa,
2809 2067 3100 2137 gaudium.
3136 2067 3323 2137 Saria,
3376 2069 3635 2143 princeps

1976 2154 2215 2207 Domini.
2251 2152 2537 2207 Bahurim
2568 2154 3012 2225 interpretatur,
3060 2146 3377 2211 electorum.
3420 2154 3634 2225 Phalti,

1977 2241 2254 2296 liberatus.
2290 2240 2434 2308 Lais,
2460 2242 2611 2312 ﬁlius
2644 2242 2836 2298 leonis.

2047 2330 2230 2402 (Vers.
2264 2329 2388 2400 16.)
2415 2353 2441 2379 ‹‹
2476 2329 2643 2385 Venit
2673 2346 2858 2402 usque
2905 2331 2977 2386 ad
3019 2330 3325 2397 Bahurim,
3358 2355 3386 2381 ›ι
3440 2347 3630 2403 usque

1974 2418 2044 2471 ad
2078 2416 2270 2473 locum
2295 2418 2598 2473 doctorum
2650 2423 2709 2473 et
2764 2418 3102 2486 electorum,
3147 2434 3177 2474 e
3206 2419 3422 2491 quibus
3472 2437 3632 2476 unus

1974 2511 2116 2560 erat.
2172 2506 2421 2572 Cerethi,
2469 2508 2936 2563 exlerminatores.
2989 2506 3265 2575 Pheletai,
3313 2507 3632 2565 admirabi-

1974 2596 2067 2650 les.
2102 2596 2379 2650 Dicuntur
2408 2595 2564 2650 enim
2597 2595 2775 2651 fuisse
2806 2596 3180 2668 septuaginta
3216 2596 3454 2653 Judices
3503 2597 3631 2654 loco

1972 2701 2173 2740 eorum
2206 2684 2511 2753 substitut,
2546 2701 2693 2756 quos
2747 2685 2973 2757 Moyses
3023 2685 3083 2739 in
3134 2701 3349 2754 eremo,
3384 2686 3631 2741 Domino

1974 2773 2363 2846 przecipiente,
2408 2771 2722 2845 delegerat.
2776 2774 2837 2828 in
2890 2774 3131 2845 Regum,
3181 2773 3283 2828 ﬁlii
3324 2773 3504 2829 David
3536 2791 3633 2830 sa-

1972 2863 2234 2918 cerdotcs
2262 2862 2333 2933 (II
2371 2866 2500 2931 Reg.
2534 2879 2654 2932 VIII,
2689 2862 2809 2935 18);
2843 2862 2901 2916 in
2936 2862 3638 2936 Paralipomenon,primi

1971 2952 2040 3006 ad
2090 2968 2319 3007 manum
2368 2953 2511 3021 regis
2563 2951 2921 3007 scribuntur.
2972 2950 3057 3005 Ad
3090 2967 3273 3005 unum
3307 2952 3465 3007 enim
3492 2968 3632 3008 sen-

1974 3057 2107 3095 sum
2140 3044 2457 3111 utrumque
2479 3040 2782 3095 convenit:
2805 3038 3047 3111 quiahic
3078 3039 3219 3093 dicit
3249 3056 3348 3094 eos
3381 3040 3625 3111 primos,

1973 3134 2031 3183 et
2075 3128 2192 3183 illic
2238 3128 2587 3194 sacerdotes,
2621 3131 2857 3199 propter
2903 3126 3266 3182 nobilitatem
3315 3132 3373 3181 et
3408 3128 3631 3198 priora-

207 3216 310 3283 sit,
341 3232 476 3270 cum
506 3214 747 3270 vidisset
776 3231 906 3271 eum
943 3213 1346 3272 subsilientcm
1380 3230 1574 3269 coram
1615 3214 1859 3271 Domino
1892 3195 1935 3262 C
1976 3221 2124 3271 tum.
2156 3216 2223 3271 Hi
2248 3216 2402 3271 enim
2436 3220 2573 3272 sunt
2601 3215 2698 3287 qui
2731 3216 2784 3270 ei
2820 3215 2875 3269 in
2911 3215 3098 3269 Ebron
3133 3215 3253 3270 nati
3322 3220 3484 3272 sunt.

207 3308 345 3360 ante
376 3321 569 3359 arcam
603 3303 957 3358 testamenti.

280 3393 440 3465 (Cap.
475 3392 640 3448 XVII.
674 3425 739 3434 —
771 3396 935 3448 Vers.
960 3392 1038 3462 8.)
1077 3392 1401 3464 «Fecitque
1424 3391 1533 3448 sibi
1561 3409 1771 3448 nomen
1796 3393 1865 3466 (c)

203 3480 379 3553 quasi
412 3481 587 3536 unius
620 3482 930 3552 majorum,
975 3481 1072 3552 qui
1128 3480 1495 3536 celebrantur
1537 3482 1592 3535 in
1626 3486 1800 3536 terra.
1838 3504 1863 3530 ››

202 3569 395 3626 Unius
456 3570 769 3642 majorum,
830 3574 930 3624 aut
996 3569 1312 3635 Abraham,
1364 3574 1464 3624 aut
1522 3571 1700 3637 Isaac,
1764 3575 1866 3625 aut

202 3659 409 3715 Jacob.

276 3748 436 3820 (Cap.
495 3746 695 3803 XVIII.
757 3778 825 3786 —
884 3746 1046 3802 Vers.
1111 3746 1187 3817 1.)
1246 3746 1380 3801 «Ut
1432 3746 1659 3803 tolleret
1688 3748 1863 3803 David

199 3837 375 3902 Geth,
406 3839 462 3892 et
493 3835 644 3892 filias
693 3835 822 3905 ejus
879 3836 949 3891 de
1006 3852 1184 3890 manu
1237 3835 1702 3892 Philistinorum.
1738 3857 1763 3888 ιι
1800 3838 1863 3892 In

194 3930 426 3998 Regum
457 3925 770 3981 scribitur:
827 3924 967 3979 Tulit
1012 3926 1236 3995 frenum
1282 3925 1503 3992 tributi,
1544 3929 1610 3981 ut
1657 3926 1864 3982 dilata-

205 4017 298 4069 ret
326 4011 637 4084 imperium
670 4028 842 4067 suum
878 4028 1064 4082 usque
1110 4012 1180 4066 ad
1235 4011 1452 4067 ﬂumen
1507 4012 1862 4084 Euphraten.

206 4101 459 4168 Quidam
490 4105 700 4174 putant
729 4102 800 4156 de
848 4100 1141 4156 Adadezer
1172 4099 1415 4166 dictum,
1451 4117 1671 4155 necnon
1705 4106 1761 4156 et
1794 4101 1866 4156 de

205 4189 540 4247 Thibahath
573 4189 725 4245 etde
754 4188 943 4244 Chun.
994 4188 1054 4243 In
1114 4188 1334 4259 Regum
1386 4187 1565 4243 Betha
1606 4193 1663 4245 et
1693 4190 1864 4244 Bero-

205 4279 357 4335 thai.
391 4279 569 4334 Betha
602 4278 1038 4350 interpretatur,
1097 4278 1332 4349 requies.
1369 4276 1655 4343 Berothai,
1686 4279 1866 4348 fontes

208 4370 344 4425 mei.
408 4367 722 4436 Thibahat,
780 4368 1088 4422 macellum.
1165 4365 1350 4435 Chun,
1404 4382 1697 4438 percussus
1754 4365 1863 4437 [AL

208 4455 680 4530 compercussus]:
742 4460 975 4528 propter
1031 4454 1381 4511 derisionem
1439 4456 1592 4511 enim
1652 4456 1709 4510 in
1761 4456 1868 4512 hoc

213 4547 345 4602 loco
378 4544 709 4600 immutatio
739 4543 1045 4599 nominum
1082 4544 1230 4599 facta
1260 4550 1368 4600 est.

288 4633 477 4707 (Vers.
509 4633 589 4702 9.)
621 4656 649 4684 «
681 4633 847 4688 Thou
890 4649 987 4687 rex
1018 4631 1219 4687 Emath
1249 4650 1262 4699 ;
1298 4654 1325 4681 η
1376 4632 1435 4687 in
1489 4633 1872 4706 Paralipome-

217 4740 361 4793 non,
396 4723 453 4795 in
486 4721 709 4795 Regum
743 4720 889 4776 Thoi
919 4721 989 4793 (ll
1044 4722 1167 4791 Reg.
1209 4738 1333 4787 vm,
1391 4722 1467 4785 9.)
1521 4722 1683 4789 Thoi,
1717 4740 1876 4781 error

215 4829 412 4869 meus:
444 4810 629 4881 Thou,
689 4826 843 4866 error
896 4825 1123 4865 eorum:
1181 4809 1319 4882 quia
1384 4808 1569 4865 {ilium
1613 4828 1787 4868 suum
1817 4811 1877 4867 in

220 4901 360 4958 dolo
393 4900 464 4956 ad
496 4899 673 4956 David
703 4899 991 4955 mittebat.
1027 4898 1245 4953 Idcirco
1272 4899 1527 4955 nominis
1548 4899 1879 4956 immutatio

222 4991 383 5046 facta
412 4993 522 5045 est.

294 5083 484 5148 (Vers.
539 5080 649 5145 10.)
703 5097 732 5127 ‹‹
777 5075 935 5132 Misit
983 5077 1241 5131 Aduram
1293 5076 1478 5132 ﬁlium
1514 5080 1723 5145 suum;
1762 5101 1788 5127 ››
1821 5077 1878 5133 in

224 5170 475 5241 Regum,
507 5166 704 5223 Joram
736 5167 807 5238 (II
860 5167 982 5237 Reg.
1027 5183 1149 5233 vm,
1203 5166 1314 5238 10.)
1364 5166 1584 5236 Joram,
1620 5169 1755 5224 Deus
1784 5184 1880 5224 ex-

223 5258 426 5324 celsus,
460 5256 743 5321 Aduram,
772 5255 933 5311 decor
960 5255 1230 5311 excelsus.

306 5509 383 5583 (ᾳ)
418 5507 496 5565 Ex
527 5525 593 5565 eo
625 5506 865 5575 scilicet,
902 5513 965 5564 ut
996 5507 1637 5583 Pseudo-Iiieronymus
1664 5510 1719 5568 in
1753 5531 1885 5570 eum

232 5581 531 5659 psalmum
565 5584 744 5659 notat.
779 5582 929 5659 quod
963 5587 1145 5659 octavo
1174 5582 1262 5659 die
1279 5581 1752 5642 circumciduntur
1769 5588 1886 5659 pri-

230 5652 536 5726 mogenita,
566 5660 617 5709 el
638 5652 926 5709 immunda
959 5670 1074 5709 esse
1101 5655 1386 5711 desistunt.

568 5782 818 5842 [’A'raOL.
871 5783 1084 5843 XXIII.

2045 3307 2201 3378 (Cap.
2238 3304 2379 3359 XIX.
2411 3304 2658 3359 ——Vers.
2693 3307 2771 3371 2.)
2807 3327 2827 3354 ι
2881 3303 3111 3358 Faciam
3161 3303 3625 3361 misericordiam

1975 3412 2107 3450 cum
2142 3397 2303 3449 Anon
2355 3393 2473 3449 tilio
2523 3393 2695 3448 Naas.
2749 3392 3024 3448 Praestitit
3073 3393 3229 3448 enim
3282 3399 3450 3466 pater
3500 3396 3628 3465 ejus

1977 3484 2120 3539 mihi
2154 3483 2424 3556 gratiam.
2458 3504 2485 3533 ››
2526 3486 2677 3538 Naas
2708 3482 2816 3537 fuit
2845 3499 2941 3538 rex
2970 3484 3242 3549 Ammon,
3299 3484 3399 3554 qui
3432 3483 3489 3537 in
3522 3484 3627 3539 Re-

1975 3590 2112 3644 gum
2147 3572 2422 3628 scribitur
2452 3572 2523 3643 (ll
2544 3573 2664 3642 Reg.
2696 3589 2751 3638 Χ,
2776 3572 2852 3640 2),
2885 3587 3019 3627 cum
3050 3588 3164 3643 quo
3195 3572 3456 3642 primum
3488 3570 3627 3627 Saul

1976 3661 2033 3716 in
2065 3661 2461 3717 defensionem
2521 3661 2697 3717 Jabes
2745 3660 2985 3716 Galaath
3038 3660 3335 3732 pugnavit,
3387 3664 3443 3714 et
3494 3659 3630 3714 vicit

1975 3768 2130 3806 eum.
2165 3750 2311 3816 Quia
2339 3766 2474 3821 ergo
2515 3754 2639 3805 erat
2680 3749 2957 3804 inimicus
3013 3747 3170 3814 Saul,
3232 3748 3447 3803 idcirco
3492 3764 3627 3820 gra-

1974 3839 2113 3895 tiam
2150 3838 2460 3911 przestabat
2490 3837 2691 3902 David,
2723 3836 2773 3892 si
2805 3837 3038 3908 quando
3070 3837 3140 3891 ad
3170 3852 3305 3907 eum
3343 3836 3626 3892 veniebat.

1975 3928 2037 3984 In
2070 3928 2315 4000 Regum,
2356 3925 2662 3981 dimidiam
2713 3928 2938 3996 partem
2989 3925 3183 3980 barbae
3236 3924 3517 3997 praecidit,
3574 3927 3632 3980 et

1974 4021 2164 4071 vestes
2193 4030 2393 4071 eorum
2430 4013 2651 4070 medias
2677 4029 2863 4085 usque
2895 4013 2965 4068 ad
3011 4017 3177 4068 nates
3222 4012 3380 4085 (Ibid.
3435 4014 3512 4083 Α).
3562 4014 3630 4068 In

1976 4104 2476 4175 Paralipomenon,
2505 4100 2845 4168 decalvavit,
2878 4106 2934 4156 et
2965 4101 3230 4173 praecidit
3260 4101 3496 4157 tunicas
3543 4117 3633 4157 eo-

1976 4210 2105 4247 rum
2139 4191 2361 4247 medias
2392 4207 2580 4263 usque
2611 4191 2679 4245 ad
2732 4189 2994 4263 inguina.
3030 4190 3192 4254 Quod
3244 4190 3301 4245 in
3352 4207 3470 4247 uno
3503 4188 3631 4246 loco

1974 4281 2156 4345 deest,
2189 4279 2247 4334 in
2281 4279 2393 4334 alio
2423 4279 2706 4335 habetur:
2751 4279 2907 4334 unde
2964 4277 3257 4351 colligitur
3300 4294 3399 4334 eos
3446 4275 3637 4333 decal.

1975 4372 2136 4424 vatos
2169 4368 2370 4435 fuisse,
2406 4372 2463 4423 et
2511 4367 2723 4424 barbas
2754 4385 2920 4423 rasas
2950 4383 3049 4424 eos
3093 4365 3393 4434 habuisse,
3427 4370 3485 4422 et
3512 4382 3635 4421 ves-

1978 4458 2227 4513 timenta
2258 4457 2497 4528 praecisa
2527 4460 2658 4511 ante
2688 4461 2745 4512 et
2774 4461 2947 4513 retro.

2051 4546 2239 4616 (Vere.
2297 4546 2407 4617 16.)
2452 4545 2697 4617 Sophach
2743 4555 2927 4602 autem
2969 4547 3223 4617 princeps
3263 4544 3489 4601 militia}
3517 4545 3645 4619 erat;

1981 4635 2286 4692 Adadez-er.
2335 4635 2603 4707 Sophach
2668 4635 3102 4706 interpretatur,
3152 4637 3526 4689 evisceratus:
3575 4631 3635 4688 in

1987 4725 2208 4795 Regum
2240 4723 2510 4778 scribitur
2543 4722 2765 4778 Sobach
2798 4723 2872 4795 (II
2922 4724 3044 4794 Reg.
3098 4739 3153 4793 x,
3209 4722 3315 4793 16),
3359 4726 3416 4777 et
3456 4720 3633 4776 inter-

1986 4816 2268 4884 pretatur,
2299 4811 2649 4868 columbaris.

2059 4903 2217 4973 (Cap.
2250 4901 2360 4955 XX.
2403 4932 2471 4940 -—
2503 4900 2664 4956 Vers.
2715 4900 2792 4971 2.)
2842 4922 2869 4950 ‹‹
2920 4899 3079 4955 Tulit
3124 4904 3318 4955 autem
3362 4914 3634 4954 coronam

1992 4990 2168 5045 David
2200 4989 2485 5045 Melchom
2517 4989 2587 5044 de
2618 4989 2803 5061 capite
2835 4990 2981 5059 ejus.
3020 5010 3047 5038 »
3096 4988 3380 5043 Melchom
3414 4986 3635 5041 idolum

1990 5079 2457 5135 Ammonitarum
2478 5078 2549 5133 de
2570 5095 2683 5149 quo
2714 5078 2773 5133 in
2807 5079 3052 5151 Regum,
3082 5077 3215 5132 etin
3252 5076 3637 5149 Paralipome-

1994 5186 2130 5238 non,
2164 5167 2307 5224 etin
2339 5167 2635 5239 Sophonia
2679 5167 2970 5223 scribitur.
3020 5165 3302 5223 Melchom
3364 5166 3645 5238 interpre-

1996 5263 2172 5326 tatur,
2193 5274 2290 5313 re.z:
2318 5262 2608 5313 eorum.De
2638 5255 2950 5312 simulacro
2979 5254 3313 5312 enimillius
3337 5254 3476 5310 idoli
3509 5253 3644 5312 tulit

2067 5512 2144 5586 (b)
2178 5508 2547 5568 Martianmus
2576 5510 2784 5568 vitiose
2804 5513 3108 5581 peccatores
3140 5506 3655 5582 legerat.Ms.uter-

2003 5603 2116 5658 que
2148 5586 2412 5658 castigat.

2071 5657 2139 5725 (ε)
2182 5654 2466 5712 Victorius
2500 5656 2796 5729 rescripsit
2834 5655 3060 5728 Fceiquc
3088 5654 3192 5710 tibi
3217 5669 3434 5729 nomen,
3472 5655 3580 5709 etc.

3236 5714 3413 5867 ..θ
