  <div class='ocr_page' id='page_1' title='image "/cluster/home/n/w/nwhite01/storage/ocr_20150623/23/umn.31951d034773078/736.png"; bbox 0 0 3970 6394; ppageno 0'>
   <div class='ocr_carea' id='block_1_1' title="bbox 169 390 322 452">
    <p class='ocr_par' dir='ltr' id='par_1_1' title="bbox 169 390 322 452">
     <span class='ocr_line' id='line_1_1' title="bbox 169 390 322 452; baseline 0.02 -3"><span class='ocrx_word' id='word_1_1' title='bbox 169 390 322 452; x_wconf 79' lang='grc'>1453</span> 
     </span>
    </p>
   </div>
   <div class='ocr_carea' id='block_1_2' title="bbox 1112 389 2627 466">
    <p class='ocr_par' dir='ltr' id='par_1_2' title="bbox 1112 389 2627 466">
     <span class='ocr_line' id='line_1_2' title="bbox 1112 389 2627 466; baseline -0.001 -11"><span class='ocrx_word' id='word_1_2' title='bbox 1112 391 1414 466; x_wconf 66' lang='lat' dir='ltr'>QUIEST.</span> <span class='ocrx_word' id='word_1_3' title='bbox 1462 390 1829 452; x_wconf 82' lang='lat' dir='ltr'>HEBRAIC.</span> <span class='ocrx_word' id='word_1_4' title='bbox 1874 389 1952 450; x_wconf 86' lang='lat' dir='ltr'><strong>IN</strong></span> <span class='ocrx_word' id='word_1_5' title='bbox 1998 389 2141 451; x_wconf 89' lang='lat' dir='ltr'>LIB.</span> <span class='ocrx_word' id='word_1_6' title='bbox 2193 391 2215 451; x_wconf 92' lang='grc' dir='ltr'>Ι</span> <span class='ocrx_word' id='word_1_7' title='bbox 2262 392 2627 456; x_wconf 82' lang='lat' dir='ltr'>PARALIP.</span> 
     </span>
    </p>
   </div>
   <div class='ocr_carea' id='block_1_3' title="bbox 3409 387 3566 456">
    <p class='ocr_par' dir='ltr' id='par_1_3' title="bbox 3409 387 3566 456">
     <span class='ocr_line' id='line_1_3' title="bbox 3409 387 3566 456; baseline -0.013 -1"><span class='ocrx_word' id='word_1_8' title='bbox 3409 398 3432 455; x_wconf 80' lang='lat' dir='ltr'>l</span> <span class='ocrx_word' id='word_1_9' title='bbox 3446 387 3566 456; x_wconf 59' lang='lat'>451</span> 
     </span>
    </p>
   </div>
   <div class='ocr_carea' id='block_1_4' title="bbox 166 521 3568 598">
    <p class='ocr_par' dir='ltr' id='par_1_4' title="bbox 166 521 3568 598">
     <span class='ocr_line' id='line_1_4' title="bbox 166 521 3568 598; baseline 0.002 -22"><span class='ocrx_word' id='word_1_10' title='bbox 166 521 413 577; x_wconf 80' lang='lat' dir='ltr'>busdam</span> <span class='ocrx_word' id='word_1_11' title='bbox 445 523 518 578; x_wconf 91' lang='lat' dir='ltr'>ad</span> <span class='ocrx_word' id='word_1_12' title='bbox 556 524 855 594; x_wconf 75' lang='lat' dir='ltr'>ferventem</span> <span class='ocrx_word' id='word_1_13' title='bbox 883 525 1314 590; x_wconf 81' lang='lat' dir='ltr'>tantummodo,</span> <span class='ocrx_word' id='word_1_14' title='bbox 1356 539 1531 579; x_wconf 84' lang='lat' dir='ltr'>.error</span> <span class='ocrx_word' id='word_1_15' title='bbox 1571 527 1679 577; x_wconf 87' lang='lat' dir='ltr'>est.</span> <span class='ocrx_word' id='word_1_16' title='bbox 1742 523 1802 576; x_wconf 93' lang='lat' dir='ltr'>In</span> <span class='ocrx_word' id='word_1_17' title='bbox 1834 524 1886 589; x_wconf 80' lang='grc' dir='ltr'>Α</span> <span class='ocrx_word' id='word_1_18' title='bbox 1918 526 1975 577; x_wconf 90' lang='lat' dir='ltr'>et</span> <span class='ocrx_word' id='word_1_19' title='bbox 2003 521 2156 579; x_wconf 88' lang='lat' dir='ltr'>infra</span> <span class='ocrx_word' id='word_1_20' title='bbox 2184 523 2388 595; x_wconf 84' lang='lat' dir='ltr'>viginti</span> <span class='ocrx_word' id='word_1_21' title='bbox 2421 541 2626 594; x_wconf 90' lang='lat' dir='ltr'>annos,</span> <span class='ocrx_word' id='word_1_22' title='bbox 2672 524 2889 582; x_wconf 89' lang='lat' dir='ltr'>idcirco</span> <span class='ocrx_word' id='word_1_23' title='bbox 2934 525 3400 598; x_wconf 83' lang='lat' dir='ltr'>indignationem</span> <span class='ocrx_word' id='word_1_24' title='bbox 3454 525 3568 582; x_wconf 90' lang='lat' dir='ltr'>Do-</span> 
     </span>
    </p>
   </div>
   <div class='ocr_carea' id='block_1_5' title="bbox 169 610 1811 683">
    <p class='ocr_par' dir='ltr' id='par_1_5' title="bbox 169 610 1811 683">
     <span class='ocr_line' id='line_1_5' title="bbox 169 610 1811 683; baseline 0.001 -19"><span class='ocrx_word' id='word_1_25' title='bbox 169 610 400 666; x_wconf 69' lang='lat' dir='ltr'>Hebrmo</span> <span class='ocrx_word' id='word_1_26' title='bbox 430 628 545 667; x_wconf 89' lang='lat' dir='ltr'>non</span> <span class='ocrx_word' id='word_1_27' title='bbox 578 611 755 667; x_wconf 80' lang='lat' dir='ltr'>habet</span> <span class='ocrx_word' id='word_1_28' title='bbox 782 612 839 666; x_wconf 92' lang='lat' dir='ltr'>in</span> <span class='ocrx_word' id='word_1_29' title='bbox 859 612 968 669; x_wconf 82' lang='lat' dir='ltr'>hoc</span> <span class='ocrx_word' id='word_1_30' title='bbox 1001 612 1123 669; x_wconf 89' lang='lat' dir='ltr'>loco</span> <span class='ocrx_word' id='word_1_31' title='bbox 1152 614 1417 681; x_wconf 79' lang='lat' dir='ltr'>similam,</span> <span class='ocrx_word' id='word_1_32' title='bbox 1450 612 1589 683; x_wconf 87' lang='lat' dir='ltr'>quia</span> <span class='ocrx_word' id='word_1_33' title='bbox 1618 610 1811 666; x_wconf 84' lang='lat' dir='ltr'>simila</span> 
     </span>
    </p>
   </div>
   <div class='ocr_carea' id='block_1_6' title="bbox 156 698 1811 773">
    <p class='ocr_par' dir='ltr' id='par_1_6' title="bbox 156 698 1811 773">
     <span class='ocr_line' id='line_1_6' title="bbox 156 698 1811 773; baseline -0.001 -19"><span class='ocrx_word' id='word_1_34' title='bbox 156 699 278 770; x_wconf 89' lang='lat' dir='ltr'>jam</span> <span class='ocrx_word' id='word_1_35' title='bbox 312 698 485 771; x_wconf 91' lang='lat' dir='ltr'>paulo</span> <span class='ocrx_word' id='word_1_36' title='bbox 516 701 789 773; x_wconf 81' lang='lat' dir='ltr'>superius</span> <span class='ocrx_word' id='word_1_37' title='bbox 828 702 1131 758; x_wconf 89' lang='lat' dir='ltr'>nominata</span> <span class='ocrx_word' id='word_1_38' title='bbox 1181 708 1271 757; x_wconf 89' lang='lat' dir='ltr'>est</span> <span class='ocrx_word' id='word_1_39' title='bbox 1306 718 1317 756; x_wconf 96' lang='lat'><strong>:</strong></span> <span class='ocrx_word' id='word_1_40' title='bbox 1352 702 1451 757; x_wconf 88' lang='lat' dir='ltr'>sed</span> <span class='ocrx_word' id='word_1_41' title='bbox 1484 701 1561 755; x_wconf 78' lang='lat' dir='ltr'>ad</span> <span class='ocrx_word' id='word_1_42' title='bbox 1594 704 1811 754; x_wconf 84' lang='lat' dir='ltr'>torren-</span> 
     </span>
    </p>
   </div>
   <div class='ocr_carea' id='block_1_7' title="bbox 162 786 1811 862">
    <p class='ocr_par' dir='ltr' id='par_1_7' title="bbox 162 786 1811 862">
     <span class='ocr_line' id='line_1_7' title="bbox 162 786 1811 862; baseline 0 -21"><span class='ocrx_word' id='word_1_43' title='bbox 162 786 288 841; x_wconf 85' lang='lat' dir='ltr'>dum</span> <span class='ocrx_word' id='word_1_44' title='bbox 321 788 378 842; x_wconf 90' lang='lat' dir='ltr'>in</span> <span class='ocrx_word' id='word_1_45' title='bbox 416 789 649 845; x_wconf 60' lang='lat' dir='ltr'>Hebraeo</span> <span class='ocrx_word' id='word_1_46' title='bbox 680 789 936 862; x_wconf 83' lang='lat' dir='ltr'>ponitur,</span> <span class='ocrx_word' id='word_1_47' title='bbox 988 796 1055 845; x_wconf 90' lang='lat' dir='ltr'>ut</span> <span class='ocrx_word' id='word_1_48' title='bbox 1084 790 1406 846; x_wconf 79' lang='lat' dir='ltr'>subaudias</span> <span class='ocrx_word' id='word_1_49' title='bbox 1438 789 1654 860; x_wconf 82' lang='lat' dir='ltr'>spicas.</span> <span class='ocrx_word' id='word_1_50' title='bbox 1688 786 1811 843; x_wconf 86' lang='lat' dir='ltr'>Pri-</span> 
     </span>
    </p>
   </div>
   <div class='ocr_carea' id='block_1_8' title="bbox 163 874 1807 950">
    <p class='ocr_par' dir='ltr' id='par_1_8' title="bbox 163 874 1807 950">
     <span class='ocr_line' id='line_1_8' title="bbox 163 874 1807 950; baseline 0.002 -21"><span class='ocrx_word' id='word_1_51' title='bbox 163 874 338 931; x_wconf 66' lang='lat' dir='ltr'>mitias</span> <span class='ocrx_word' id='word_1_52' title='bbox 369 877 528 932; x_wconf 88' lang='lat' dir='ltr'>enim</span> <span class='ocrx_word' id='word_1_53' title='bbox 559 877 851 949; x_wconf 91' lang='lat' dir='ltr'>spicarum</span> <span class='ocrx_word' id='word_1_54' title='bbox 885 881 1122 950; x_wconf 85' lang='lat' dir='ltr'>quando</span> <span class='ocrx_word' id='word_1_55' title='bbox 1163 878 1591 944; x_wconf 72' lang='lat' dir='ltr'>deferebantur,</span> <span class='ocrx_word' id='word_1_56' title='bbox 1626 882 1807 932; x_wconf 90' lang='lat' dir='ltr'>torre-</span> 
     </span>
    </p>
   </div>
   <div class='ocr_carea' id='block_1_9' title="bbox 157 962 1806 1038">
    <p class='ocr_par' dir='ltr' id='par_1_9' title="bbox 157 962 1806 1038">
     <span class='ocr_line' id='line_1_9' title="bbox 157 962 1806 1038; baseline 0.001 -21"><span class='ocrx_word' id='word_1_57' title='bbox 157 962 391 1032; x_wconf 88' lang='lat' dir='ltr'>bantur,</span> <span class='ocrx_word' id='word_1_58' title='bbox 424 968 483 1020; x_wconf 93' lang='lat' dir='ltr'>et</span> <span class='ocrx_word' id='word_1_59' title='bbox 509 981 693 1037; x_wconf 90' lang='lat' dir='ltr'>grana</span> <span class='ocrx_word' id='word_1_60' title='bbox 722 968 1198 1023; x_wconf 84' lang='lat' dir='ltr'>comedebantur.</span> <span class='ocrx_word' id='word_1_61' title='bbox 1242 967 1403 1032; x_wconf 88' lang='lat' dir='ltr'>Quod</span> <span class='ocrx_word' id='word_1_62' title='bbox 1465 982 1651 1038; x_wconf 90' lang='lat' dir='ltr'>genus</span> <span class='ocrx_word' id='word_1_63' title='bbox 1692 964 1806 1021; x_wconf 89' lang='lat' dir='ltr'>cibi</span> 
     </span>
    </p>
   </div>
   <div class='ocr_carea' id='block_1_10' title="bbox 159 1051 849 1125">
    <p class='ocr_par' dir='ltr' id='par_1_10' title="bbox 159 1051 849 1125">
     <span class='ocr_line' id='line_1_10' title="bbox 159 1051 849 1125; baseline 0.006 -19"><span class='ocrx_word' id='word_1_64' title='bbox 159 1051 331 1125; x_wconf 87' lang='lat' dir='ltr'>vulgo</span> <span class='ocrx_word' id='word_1_65' title='bbox 359 1070 593 1124; x_wconf 84' lang='lat' dir='ltr'>graneas</span> <span class='ocrx_word' id='word_1_66' title='bbox 619 1059 849 1110; x_wconf 88' lang='lat' dir='ltr'>vocant.</span> 
     </span>
    </p>
   </div>
   <div class='ocr_carea' id='block_1_11' title="bbox 229 1140 1804 1215">
    <p class='ocr_par' dir='ltr' id='par_1_11' title="bbox 229 1140 1804 1215">
     <span class='ocr_line' id='line_1_11' title="bbox 229 1140 1804 1215; baseline 0.004 -22"><span class='ocrx_word' id='word_1_67' title='bbox 229 1140 414 1211; x_wconf 89' lang='lat' dir='ltr'>(Vers.</span> <span class='ocrx_word' id='word_1_68' title='bbox 471 1143 585 1214; x_wconf 91' lang='lat'>29.)</span> <span class='ocrx_word' id='word_1_69' title='bbox 645 1144 706 1198; x_wconf 90' lang='lat' dir='ltr'>In</span> <span class='ocrx_word' id='word_1_70' title='bbox 766 1143 1119 1215; x_wconf 88' lang='lat' dir='ltr'>quibusdam</span> <span class='ocrx_word' id='word_1_71' title='bbox 1177 1143 1479 1200; x_wconf 88' lang='lat' dir='ltr'>codicibus</span> <span class='ocrx_word' id='word_1_72' title='bbox 1508 1143 1804 1199; x_wconf 87' lang='lat' dir='ltr'>habetur:</span> 
     </span>
    </p>
   </div>
   <div class='ocr_carea' id='block_1_12' title="bbox 163 1230 1811 1304">
    <p class='ocr_par' dir='ltr' id='par_1_12' title="bbox 163 1230 1811 1304">
     <span class='ocr_line' id='line_1_12' title="bbox 163 1230 1811 1304; baseline 0.004 -24"><span class='ocrx_word' id='word_1_73' title='bbox 163 1253 181 1280; x_wconf 76' lang='grc' dir='ltr'><strong><em>α</em></strong></span> <span class='ocrx_word' id='word_1_74' title='bbox 217 1230 406 1302; x_wconf 91' lang='lat' dir='ltr'>Super</span> <span class='ocrx_word' id='word_1_75' title='bbox 442 1248 617 1287; x_wconf 91' lang='lat' dir='ltr'>omne</span> <span class='ocrx_word' id='word_1_76' title='bbox 647 1233 879 1304; x_wconf 91' lang='lat' dir='ltr'>pondus</span> <span class='ocrx_word' id='word_1_77' title='bbox 907 1237 965 1287; x_wconf 88' lang='lat' dir='ltr'>et</span> <span class='ocrx_word' id='word_1_78' title='bbox 994 1250 1334 1289; x_wconf 90' lang='lat' dir='ltr'>mensuram</span> <span class='ocrx_word' id='word_1_79' title='bbox 1371 1249 1383 1286; x_wconf 93' lang='lat'>:</span> <span class='ocrx_word' id='word_1_80' title='bbox 1418 1255 1445 1284; x_wconf 71' lang='grc' dir='ltr'>»ι</span> <span class='ocrx_word' id='word_1_81' title='bbox 1481 1233 1581 1287; x_wconf 87' lang='lat' dir='ltr'>sed</span> <span class='ocrx_word' id='word_1_82' title='bbox 1616 1233 1672 1287; x_wconf 88' lang='lat' dir='ltr'>in</span> <span class='ocrx_word' id='word_1_83' title='bbox 1709 1233 1811 1288; x_wconf 81' lang='lat' dir='ltr'>lle-</span> 
     </span>
    </p>
   </div>
   <div class='ocr_carea' id='block_1_13' title="bbox 160 1318 1809 1391">
    <p class='ocr_par' dir='ltr' id='par_1_13' title="bbox 160 1318 1809 1391">
     <span class='ocr_line' id='line_1_13' title="bbox 160 1318 1809 1391; baseline 0.002 -19"><span class='ocrx_word' id='word_1_84' title='bbox 160 1319 310 1373; x_wconf 66' lang='lat' dir='ltr'>braao</span> <span class='ocrx_word' id='word_1_85' title='bbox 341 1319 400 1374; x_wconf 89' lang='lat' dir='ltr'>in</span> <span class='ocrx_word' id='word_1_86' title='bbox 436 1319 541 1375; x_wconf 90' lang='lat' dir='ltr'>hoc</span> <span class='ocrx_word' id='word_1_87' title='bbox 564 1318 687 1375; x_wconf 94' lang='lat' dir='ltr'>loco</span> <span class='ocrx_word' id='word_1_88' title='bbox 714 1321 925 1391; x_wconf 85' lang='lat' dir='ltr'>pondus</span> <span class='ocrx_word' id='word_1_89' title='bbox 956 1338 1069 1376; x_wconf 90' lang='lat' dir='ltr'>non</span> <span class='ocrx_word' id='word_1_90' title='bbox 1105 1322 1298 1386; x_wconf 86' lang='lat' dir='ltr'>habet,</span> <span class='ocrx_word' id='word_1_91' title='bbox 1357 1322 1455 1377; x_wconf 82' lang='lat' dir='ltr'>sed</span> <span class='ocrx_word' id='word_1_92' title='bbox 1497 1338 1809 1376; x_wconf 80' lang='lat' dir='ltr'>mensuram</span> 
     </span>
    </p>
   </div>
   <div class='ocr_carea' id='block_1_14' title="bbox 156 1408 1806 1482">
    <p class='ocr_par' dir='ltr' id='par_1_14' title="bbox 156 1408 1806 1482">
     <span class='ocr_line' id='line_1_14' title="bbox 156 1408 1806 1482; baseline 0.001 -21"><span class='ocrx_word' id='word_1_93' title='bbox 156 1410 386 1462; x_wconf 85' lang='lat' dir='ltr'>tantum</span> <span class='ocrx_word' id='word_1_94' title='bbox 413 1408 708 1480; x_wconf 90' lang='lat' dir='ltr'>geminato</span> <span class='ocrx_word' id='word_1_95' title='bbox 740 1410 976 1466; x_wconf 88' lang='lat' dir='ltr'>nomine</span> <span class='ocrx_word' id='word_1_96' title='bbox 1009 1411 1281 1482; x_wconf 82' lang='lat' dir='ltr'>positam,</span> <span class='ocrx_word' id='word_1_97' title='bbox 1342 1410 1462 1465; x_wconf 88' lang='lat' dir='ltr'>sive</span> <span class='ocrx_word' id='word_1_98' title='bbox 1520 1426 1644 1465; x_wconf 90' lang='lat' dir='ltr'>eam</span> <span class='ocrx_word' id='word_1_99' title='bbox 1679 1426 1806 1480; x_wconf 76' lang='lat' dir='ltr'>qua:</span> 
     </span>
    </p>
   </div>
   <div class='ocr_carea' id='block_1_15' title="bbox 154 1496 1808 1563">
    <p class='ocr_par' dir='ltr' id='par_1_15' title="bbox 154 1496 1808 1563">
     <span class='ocr_line' id='line_1_15' title="bbox 154 1496 1808 1563; baseline 0.001 -13"><span class='ocrx_word' id='word_1_100' title='bbox 154 1496 411 1551; x_wconf 84' lang='lat' dir='ltr'>brachiis</span> <span class='ocrx_word' id='word_1_101' title='bbox 442 1502 544 1553; x_wconf 89' lang='lat' dir='ltr'>aut</span> <span class='ocrx_word' id='word_1_102' title='bbox 585 1498 878 1563; x_wconf 87' lang='lat' dir='ltr'>manibus,</span> <span class='ocrx_word' id='word_1_103' title='bbox 935 1504 1036 1553; x_wconf 89' lang='lat' dir='ltr'>aut</span> <span class='ocrx_word' id='word_1_104' title='bbox 1093 1498 1339 1554; x_wconf 89' lang='lat' dir='ltr'>funibus</span> <span class='ocrx_word' id='word_1_105' title='bbox 1393 1498 1652 1563; x_wconf 82' lang='lat' dir='ltr'>metitur,</span> <span class='ocrx_word' id='word_1_106' title='bbox 1688 1498 1808 1553; x_wconf 87' lang='lat' dir='ltr'>sive</span> 
     </span>
    </p>
   </div>
   <div class='ocr_carea' id='block_1_16' title="bbox 153 1586 654 1656">
    <p class='ocr_par' dir='ltr' id='par_1_16' title="bbox 153 1586 654 1656">
     <span class='ocr_line' id='line_1_16' title="bbox 153 1586 654 1656; baseline 0.002 -16"><span class='ocrx_word' id='word_1_107' title='bbox 153 1601 281 1641; x_wconf 90' lang='lat' dir='ltr'>eam</span> <span class='ocrx_word' id='word_1_108' title='bbox 317 1601 445 1656; x_wconf 70' lang='lat' dir='ltr'>quaa</span> <span class='ocrx_word' id='word_1_109' title='bbox 475 1586 654 1643; x_wconf 85' lang='lat' dir='ltr'>vasis.</span> 
     </span>
    </p>
   </div>
   <div class='ocr_carea' id='block_1_17' title="bbox 224 1673 1807 1748">
    <p class='ocr_par' dir='ltr' id='par_1_17' title="bbox 224 1673 1807 1748">
     <span class='ocr_line' id='line_1_17' title="bbox 224 1673 1807 1748; baseline 0.004 -20"><span class='ocrx_word' id='word_1_110' title='bbox 224 1673 387 1745; x_wconf 87' lang='lat' dir='ltr'>(Cap.</span> <span class='ocrx_word' id='word_1_111' title='bbox 446 1673 635 1729; x_wconf 83' lang='lat' dir='ltr'>XXIV.</span> <span class='ocrx_word' id='word_1_112' title='bbox 670 1706 733 1715; x_wconf 84' lang='lat'><strong>——</strong></span> <span class='ocrx_word' id='word_1_113' title='bbox 772 1674 928 1729; x_wconf 85' lang='lat' dir='ltr'>Vers.</span> <span class='ocrx_word' id='word_1_114' title='bbox 987 1676 1067 1747; x_wconf 86' lang='lat'>5.)</span> <span class='ocrx_word' id='word_1_115' title='bbox 1099 1698 1127 1726; x_wconf 93' lang='grc'>‹‹</span> <span class='ocrx_word' id='word_1_116' title='bbox 1190 1676 1487 1748; x_wconf 85' lang='lat' dir='ltr'>Principes</span> <span class='ocrx_word' id='word_1_117' title='bbox 1528 1682 1807 1735; x_wconf 89' lang='lat' dir='ltr'>sanctua-</span> 
     </span>
    </p>
   </div>
   <div class='ocr_carea' id='block_1_18' title="bbox 150 1761 1804 1836">
    <p class='ocr_par' dir='ltr' id='par_1_18' title="bbox 150 1761 1804 1836">
     <span class='ocr_line' id='line_1_18' title="bbox 150 1761 1804 1836; baseline 0.003 -19"><span class='ocrx_word' id='word_1_118' title='bbox 150 1763 245 1830; x_wconf 90' lang='lat' dir='ltr'>rii,</span> <span class='ocrx_word' id='word_1_119' title='bbox 280 1761 387 1817; x_wconf 85' lang='lat' dir='ltr'>ﬁlii</span> <span class='ocrx_word' id='word_1_120' title='bbox 413 1762 709 1831; x_wconf 87' lang='lat' dir='ltr'>Ithamar;</span> <span class='ocrx_word' id='word_1_121' title='bbox 744 1764 1037 1836; x_wconf 88' lang='lat' dir='ltr'>principes</span> <span class='ocrx_word' id='word_1_122' title='bbox 1068 1764 1188 1829; x_wconf 91' lang='lat' dir='ltr'>Dei,</span> <span class='ocrx_word' id='word_1_123' title='bbox 1231 1766 1302 1819; x_wconf 89' lang='lat' dir='ltr'>de</span> <span class='ocrx_word' id='word_1_124' title='bbox 1334 1765 1471 1820; x_wconf 90' lang='lat' dir='ltr'>ﬁliis</span> <span class='ocrx_word' id='word_1_125' title='bbox 1504 1765 1753 1821; x_wconf 86' lang='lat' dir='ltr'>Eleazari</span> <span class='ocrx_word' id='word_1_126' title='bbox 1791 1784 1804 1823; x_wconf 89' lang='lat'>:</span> 
     </span>
    </p>
   </div>
   <div class='ocr_carea' id='block_1_19' title="bbox 148 1851 1314 1925">
    <p class='ocr_par' dir='ltr' id='par_1_19' title="bbox 148 1851 1314 1925">
     <span class='ocr_line' id='line_1_19' title="bbox 148 1851 1314 1925; baseline 0.002 -19"><span class='ocrx_word' id='word_1_127' title='bbox 148 1851 447 1925; x_wconf 87' lang='lat' dir='ltr'>principes</span> <span class='ocrx_word' id='word_1_128' title='bbox 505 1852 875 1907; x_wconf 86' lang='lat' dir='ltr'>sacerdotum</span> <span class='ocrx_word' id='word_1_129' title='bbox 933 1853 1003 1907; x_wconf 92' lang='lat' dir='ltr'>de</span> <span class='ocrx_word' id='word_1_130' title='bbox 1062 1852 1314 1908; x_wconf 86' lang='lat' dir='ltr'>Eleazar.</span> 
     </span>
    </p>
   </div>
   <div class='ocr_carea' id='block_1_20' title="bbox 149 1939 1806 2012">
    <p class='ocr_par' dir='ltr' id='par_1_20' title="bbox 149 1939 1806 2012">
     <span class='ocr_line' id='line_1_20' title="bbox 149 1939 1806 2012; baseline 0.002 -18"><span class='ocrx_word' id='word_1_131' title='bbox 149 1939 446 2012; x_wconf 86' lang='lat' dir='ltr'>principes</span> <span class='ocrx_word' id='word_1_132' title='bbox 466 1939 566 1995; x_wconf 88' lang='lat' dir='ltr'>Dei</span> <span class='ocrx_word' id='word_1_133' title='bbox 598 1940 875 1995; x_wconf 91' lang='lat' dir='ltr'>dicuntur</span> <span class='ocrx_word' id='word_1_134' title='bbox 904 1940 1196 2012; x_wconf 89' lang='lat' dir='ltr'>principes</span> <span class='ocrx_word' id='word_1_135' title='bbox 1224 1942 1538 1997; x_wconf 78' lang='lat' dir='ltr'>sanctuarii</span> <span class='ocrx_word' id='word_1_136' title='bbox 1564 1942 1634 1997; x_wconf 89' lang='lat' dir='ltr'>de</span> <span class='ocrx_word' id='word_1_137' title='bbox 1660 1942 1806 1998; x_wconf 88' lang='lat' dir='ltr'>Itha-</span> 
     </span>
    </p>
   </div>
   <div class='ocr_carea' id='block_1_21' title="bbox 151 2027 1060 2100">
    <p class='ocr_par' dir='ltr' id='par_1_21' title="bbox 151 2027 1060 2100">
     <span class='ocr_line' id='line_1_21' title="bbox 151 2027 1060 2100; baseline -0.001 -17"><span class='ocrx_word' id='word_1_138' title='bbox 151 2045 302 2099; x_wconf 89' lang='lat' dir='ltr'>mar,</span> <span class='ocrx_word' id='word_1_139' title='bbox 335 2028 475 2100; x_wconf 86' lang='lat' dir='ltr'>quia</span> <span class='ocrx_word' id='word_1_140' title='bbox 502 2028 582 2083; x_wconf 90' lang='lat' dir='ltr'>ibi</span> <span class='ocrx_word' id='word_1_141' title='bbox 616 2027 1060 2084; x_wconf 87' lang='lat' dir='ltr'>ministrabant.</span> 
     </span>
    </p>
   </div>
   <div class='ocr_carea' id='block_1_22' title="bbox 216 2117 1803 2192">
    <p class='ocr_par' dir='ltr' id='par_1_22' title="bbox 216 2117 1803 2192">
     <span class='ocr_line' id='line_1_22' title="bbox 216 2117 1803 2192; baseline 0.004 -22"><span class='ocrx_word' id='word_1_142' title='bbox 216 2117 407 2189; x_wconf 88' lang='lat' dir='ltr'>(Vers.</span> <span class='ocrx_word' id='word_1_143' title='bbox 441 2117 549 2189; x_wconf 93' lang='lat'>16).</span> <span class='ocrx_word' id='word_1_144' title='bbox 587 2139 613 2166; x_wconf 90' lang='grc'><strong>‹‹</strong></span> <span class='ocrx_word' id='word_1_145' title='bbox 656 2117 946 2173; x_wconf 83' lang='lat' dir='ltr'>Vicesima</span> <span class='ocrx_word' id='word_1_146' title='bbox 976 2117 1239 2174; x_wconf 86' lang='lat' dir='ltr'>Ezechiel</span> <span class='ocrx_word' id='word_1_147' title='bbox 1271 2136 1283 2185; x_wconf 94' lang='lat'>;</span> <span class='ocrx_word' id='word_1_148' title='bbox 1316 2140 1343 2168; x_wconf 76' lang='grc' dir='ltr'><strong>η</strong></span> <span class='ocrx_word' id='word_1_149' title='bbox 1379 2135 1413 2173; x_wconf 90' lang='lat' dir='ltr'>a</span> <span class='ocrx_word' id='word_1_150' title='bbox 1443 2135 1559 2191; x_wconf 90' lang='lat' dir='ltr'>qua</span> <span class='ocrx_word' id='word_1_151' title='bbox 1590 2135 1803 2192; x_wconf 90' lang='lat' dir='ltr'>cogno-</span> 
     </span>
    </p>
   </div>
   <div class='ocr_carea' id='block_1_23' title="bbox 145 2205 1300 2279">
    <p class='ocr_par' dir='ltr' id='par_1_23' title="bbox 145 2205 1300 2279">
     <span class='ocr_line' id='line_1_23' title="bbox 145 2205 1300 2279; baseline 0.001 -18"><span class='ocrx_word' id='word_1_152' title='bbox 145 2222 281 2261; x_wconf 89' lang='lat' dir='ltr'>men</span> <span class='ocrx_word' id='word_1_153' title='bbox 313 2205 556 2262; x_wconf 90' lang='lat' dir='ltr'>sortitus</span> <span class='ocrx_word' id='word_1_154' title='bbox 589 2210 678 2262; x_wconf 88' lang='lat' dir='ltr'>est</span> <span class='ocrx_word' id='word_1_155' title='bbox 706 2205 966 2262; x_wconf 87' lang='lat' dir='ltr'>Ezechiel</span> <span class='ocrx_word' id='word_1_156' title='bbox 999 2209 1300 2279; x_wconf 87' lang='lat' dir='ltr'>propheta.</span> 
     </span>
    </p>
   </div>
   <div class='ocr_carea' id='block_1_24' title="bbox 214 2294 1801 2366">
    <p class='ocr_par' dir='ltr' id='par_1_24' title="bbox 214 2294 1801 2366">
     <span class='ocr_line' id='line_1_24' title="bbox 214 2294 1801 2366; baseline 0.002 -17"><span class='ocrx_word' id='word_1_157' title='bbox 214 2294 405 2366; x_wconf 89' lang='lat' dir='ltr'>(Vers.</span> <span class='ocrx_word' id='word_1_158' title='bbox 436 2296 552 2363; x_wconf 84' lang='lat'>22.)</span> <span class='ocrx_word' id='word_1_159' title='bbox 585 2318 611 2345; x_wconf 91' lang='grc'>‹‹</span> <span class='ocrx_word' id='word_1_160' title='bbox 673 2295 974 2351; x_wconf 90' lang='lat' dir='ltr'>Salomoth</span> <span class='ocrx_word' id='word_1_161' title='bbox 1032 2297 1103 2350; x_wconf 83' lang='lat' dir='ltr'>de</span> <span class='ocrx_word' id='word_1_162' title='bbox 1158 2295 1293 2351; x_wconf 90' lang='lat' dir='ltr'>ﬁliis</span> <span class='ocrx_word' id='word_1_163' title='bbox 1326 2296 1580 2353; x_wconf 89' lang='lat' dir='ltr'>lssahar.</span> <span class='ocrx_word' id='word_1_164' title='bbox 1619 2320 1646 2345; x_wconf 87' lang='grc'><strong><em>››</em></strong></span> <span class='ocrx_word' id='word_1_165' title='bbox 1694 2298 1801 2352; x_wconf 88' lang='lat' dir='ltr'>Su-</span> 
     </span>
    </p>
   </div>
   <div class='ocr_carea' id='block_1_25' title="bbox 143 2383 1802 2457">
    <p class='ocr_par' dir='ltr' id='par_1_25' title="bbox 143 2383 1802 2457">
     <span class='ocr_line' id='line_1_25' title="bbox 143 2383 1802 2457; baseline 0.001 -17"><span class='ocrx_word' id='word_1_166' title='bbox 143 2384 346 2456; x_wconf 90' lang='lat' dir='ltr'>perius</span> <span class='ocrx_word' id='word_1_167' title='bbox 375 2383 606 2457; x_wconf 87' lang='lat' dir='ltr'>generis</span> <span class='ocrx_word' id='word_1_168' title='bbox 636 2384 922 2440; x_wconf 82' lang='lat' dir='ltr'>feminini.</span> <span class='ocrx_word' id='word_1_169' title='bbox 956 2384 1261 2440; x_wconf 89' lang='lat' dir='ltr'>Salomoth</span> <span class='ocrx_word' id='word_1_170' title='bbox 1293 2402 1427 2441; x_wconf 88' lang='lat' dir='ltr'>vero</span> <span class='ocrx_word' id='word_1_171' title='bbox 1462 2386 1517 2441; x_wconf 91' lang='lat' dir='ltr'>in</span> <span class='ocrx_word' id='word_1_172' title='bbox 1551 2401 1802 2456; x_wconf 90' lang='lat' dir='ltr'>sequen-</span> 
     </span>
    </p>
   </div>
   <div class='ocr_carea' id='block_1_26' title="bbox 142 2473 930 2546">
    <p class='ocr_par' dir='ltr' id='par_1_26' title="bbox 142 2473 930 2546">
     <span class='ocr_line' id='line_1_26' title="bbox 142 2473 930 2546; baseline 0 -18"><span class='ocrx_word' id='word_1_173' title='bbox 142 2474 306 2529; x_wconf 85' lang='lat' dir='ltr'>tibus</span> <span class='ocrx_word' id='word_1_174' title='bbox 336 2473 567 2546; x_wconf 86' lang='lat' dir='ltr'>generis</span> <span class='ocrx_word' id='word_1_175' title='bbox 599 2473 930 2529; x_wconf 89' lang='lat' dir='ltr'>masculini.</span> 
     </span>
    </p>
   </div>
   <div class='ocr_carea' id='block_1_27' title="bbox 211 2562 1801 2634">
    <p class='ocr_par' dir='ltr' id='par_1_27' title="bbox 211 2562 1801 2634">
     <span class='ocr_line' id='line_1_27' title="bbox 211 2562 1801 2634; baseline 0.003 -17"><span class='ocrx_word' id='word_1_176' title='bbox 211 2563 406 2634; x_wconf 88' lang='lat' dir='ltr'>(Vers.</span> <span class='ocrx_word' id='word_1_177' title='bbox 436 2563 551 2633; x_wconf 90' lang='lat'>26.)</span> <span class='ocrx_word' id='word_1_178' title='bbox 588 2585 615 2614; x_wconf 85' lang='grc'>‹‹</span> <span class='ocrx_word' id='word_1_179' title='bbox 674 2562 798 2617; x_wconf 83' lang='lat' dir='ltr'>Filii</span> <span class='ocrx_word' id='word_1_180' title='bbox 858 2563 1065 2619; x_wconf 84' lang='lat' dir='ltr'>Merari</span> <span class='ocrx_word' id='word_1_181' title='bbox 1122 2562 1426 2619; x_wconf 89' lang='lat' dir='ltr'>Jaaziahu.</span> <span class='ocrx_word' id='word_1_182' title='bbox 1466 2587 1491 2612; x_wconf 88' lang='grc'><strong>››</strong></span> <span class='ocrx_word' id='word_1_183' title='bbox 1542 2565 1640 2619; x_wconf 84' lang='lat' dir='ltr'>Hic</span> <span class='ocrx_word' id='word_1_184' title='bbox 1664 2569 1801 2622; x_wconf 84' lang='lat' dir='ltr'>Jaa-</span> 
     </span>
    </p>
   </div>
   <div class='ocr_carea' id='block_1_28' title="bbox 136 2652 1796 2724">
    <p class='ocr_par' dir='ltr' id='par_1_28' title="bbox 136 2652 1796 2724">
     <span class='ocr_line' id='line_1_28' title="bbox 136 2652 1796 2724; baseline 0.002 -18"><span class='ocrx_word' id='word_1_185' title='bbox 136 2652 314 2707; x_wconf 88' lang='lat' dir='ltr'>ziahu</span> <span class='ocrx_word' id='word_1_186' title='bbox 352 2694 366 2719; x_wconf 95' lang='lat'>,</span> <span class='ocrx_word' id='word_1_187' title='bbox 426 2652 487 2707; x_wconf 88' lang='lat' dir='ltr'>in</span> <span class='ocrx_word' id='word_1_188' title='bbox 533 2652 810 2707; x_wconf 90' lang='lat' dir='ltr'>vicesima</span> <span class='ocrx_word' id='word_1_189' title='bbox 887 2657 1097 2724; x_wconf 88' lang='lat' dir='ltr'>quarta</span> <span class='ocrx_word' id='word_1_190' title='bbox 1154 2653 1454 2708; x_wconf 86' lang='lat' dir='ltr'>Maaziahu</span> <span class='ocrx_word' id='word_1_191' title='bbox 1499 2654 1796 2710; x_wconf 89' lang='lat' dir='ltr'>scribitur.</span> 
     </span>
    </p>
   </div>
   <div class='ocr_carea' id='block_1_29' title="bbox 136 2740 1797 2813">
    <p class='ocr_par' dir='ltr' id='par_1_29' title="bbox 136 2740 1797 2813">
     <span class='ocr_line' id='line_1_29' title="bbox 136 2740 1797 2813; baseline 0.001 -16"><span class='ocrx_word' id='word_1_192' title='bbox 136 2740 447 2798; x_wconf 87' lang='lat' dir='ltr'>Maaziahu</span> <span class='ocrx_word' id='word_1_193' title='bbox 480 2741 915 2813; x_wconf 86' lang='lat' dir='ltr'>interpretatur,</span> <span class='ocrx_word' id='word_1_194' title='bbox 964 2741 1030 2796; x_wconf 82' lang='lat' dir='ltr'>de</span> <span class='ocrx_word' id='word_1_195' title='bbox 1056 2743 1278 2798; x_wconf 67' lang='lat' dir='ltr'>auaritia</span> <span class='ocrx_word' id='word_1_196' title='bbox 1328 2744 1439 2797; x_wconf 85' lang='lat' dir='ltr'>Dei.</span> <span class='ocrx_word' id='word_1_197' title='bbox 1495 2742 1797 2811; x_wconf 89' lang='lat' dir='ltr'>Jaaziahu,</span> 
     </span>
    </p>
   </div>
   <div class='ocr_carea' id='block_1_30' title="bbox 134 2831 724 2888">
    <p class='ocr_par' dir='ltr' id='par_1_30' title="bbox 134 2831 724 2888">
     <span class='ocr_line' id='line_1_30' title="bbox 134 2831 724 2888; baseline 0 -1"><span class='ocrx_word' id='word_1_198' title='bbox 134 2832 425 2887; x_wconf 73' lang='lat' dir='ltr'>auxilium</span> <span class='ocrx_word' id='word_1_199' title='bbox 480 2831 724 2888; x_wconf 78' lang='lat' dir='ltr'>Domini.</span> 
     </span>
    </p>
   </div>
   <div class='ocr_carea' id='block_1_31' title="bbox 204 2919 1797 2992">
    <p class='ocr_par' dir='ltr' id='par_1_31' title="bbox 204 2919 1797 2992">
     <span class='ocr_line' id='line_1_31' title="bbox 204 2919 1797 2992; baseline -0.003 -16"><span class='ocrx_word' id='word_1_200' title='bbox 204 2921 376 2992; x_wconf 88' lang='lat' dir='ltr'>(Cap.</span> <span class='ocrx_word' id='word_1_201' title='bbox 408 2919 578 2975; x_wconf 83' lang='lat' dir='ltr'>XXV.</span> <span class='ocrx_word' id='word_1_202' title='bbox 610 2952 680 2961; x_wconf 90' lang='lat'>——</span> <span class='ocrx_word' id='word_1_203' title='bbox 713 2920 871 2977; x_wconf 81' lang='lat' dir='ltr'>Vers.</span> <span class='ocrx_word' id='word_1_204' title='bbox 902 2922 984 2989; x_wconf 90' lang='lat'>5.)</span> <span class='ocrx_word' id='word_1_205' title='bbox 1016 2943 1045 2972; x_wconf 87' lang='lat'><strong>«</strong></span> <span class='ocrx_word' id='word_1_206' title='bbox 1106 2921 1176 2977; x_wconf 88' lang='lat' dir='ltr'>Ut</span> <span class='ocrx_word' id='word_1_207' title='bbox 1235 2921 1447 2977; x_wconf 84' lang='lat' dir='ltr'>exaltet</span> <span class='ocrx_word' id='word_1_208' title='bbox 1503 2938 1706 2991; x_wconf 89' lang='lat' dir='ltr'>cornu,</span> <span class='ocrx_word' id='word_1_209' title='bbox 1768 2946 1797 2971; x_wconf 85' lang='grc'><strong>››</strong></span> 
     </span>
    </p>
   </div>
   <div class='ocr_carea' id='block_1_32' title="bbox 130 3009 1632 3082">
    <p class='ocr_par' dir='ltr' id='par_1_32' title="bbox 130 3009 1632 3082">
     <span class='ocr_line' id='line_1_32' title="bbox 130 3009 1632 3082; baseline -0.001 -16"><span class='ocrx_word' id='word_1_210' title='bbox 130 3010 189 3066; x_wconf 88' lang='lat' dir='ltr'>id</span> <span class='ocrx_word' id='word_1_211' title='bbox 224 3014 344 3079; x_wconf 88' lang='lat' dir='ltr'>est,</span> <span class='ocrx_word' id='word_1_212' title='bbox 376 3026 558 3065; x_wconf 91' lang='lat' dir='ltr'>cornu</span> <span class='ocrx_word' id='word_1_213' title='bbox 592 3009 787 3077; x_wconf 88' lang='lat' dir='ltr'>Israel,</span> <span class='ocrx_word' id='word_1_214' title='bbox 820 3010 938 3066; x_wconf 88' lang='lat' dir='ltr'>sive</span> <span class='ocrx_word' id='word_1_215' title='bbox 968 3027 1173 3078; x_wconf 91' lang='lat' dir='ltr'>cornu,</span> <span class='ocrx_word' id='word_1_216' title='bbox 1205 3026 1398 3082; x_wconf 87' lang='lat' dir='ltr'>regem</span> <span class='ocrx_word' id='word_1_217' title='bbox 1433 3010 1632 3066; x_wconf 89' lang='lat' dir='ltr'>David.</span> 
     </span>
    </p>
   </div>
   <div class='ocr_carea' id='block_1_33' title="bbox 196 3098 1796 3171">
    <p class='ocr_par' dir='ltr' id='par_1_33' title="bbox 196 3098 1796 3171">
     <span class='ocr_line' id='line_1_33' title="bbox 196 3098 1796 3171; baseline 0.001 -17"><span class='ocrx_word' id='word_1_218' title='bbox 196 3099 398 3168; x_wconf 89' lang='lat' dir='ltr'>(Vers.</span> <span class='ocrx_word' id='word_1_219' title='bbox 429 3100 545 3171; x_wconf 90' lang='lat'>27.)</span> <span class='ocrx_word' id='word_1_220' title='bbox 578 3121 606 3149; x_wconf 86' lang='lat'><strong>»</strong></span> <span class='ocrx_word' id='word_1_221' title='bbox 637 3099 701 3155; x_wconf 89' lang='lat' dir='ltr'>In</span> <span class='ocrx_word' id='word_1_222' title='bbox 732 3103 885 3155; x_wconf 88' lang='lat' dir='ltr'>sorte</span> <span class='ocrx_word' id='word_1_223' title='bbox 914 3099 1194 3154; x_wconf 87' lang='lat' dir='ltr'>vicesima</span> <span class='ocrx_word' id='word_1_224' title='bbox 1224 3100 1454 3165; x_wconf 83' lang='lat' dir='ltr'>Eliba,»</span> <span class='ocrx_word' id='word_1_225' title='bbox 1489 3100 1589 3171; x_wconf 91' lang='lat' dir='ltr'>qui</span> <span class='ocrx_word' id='word_1_226' title='bbox 1621 3098 1796 3171; x_wconf 90' lang='lat' dir='ltr'>paulo</span> 
     </span>
    </p>
   </div>
   <div class='ocr_carea' id='block_1_34' title="bbox 126 3187 1788 3262">
    <p class='ocr_par' dir='ltr' id='par_1_34' title="bbox 126 3187 1788 3262">
     <span class='ocr_line' id='line_1_34' title="bbox 126 3187 1788 3262; baseline -0.002 -17"><span class='ocrx_word' id='word_1_227' title='bbox 126 3189 415 3262; x_wconf 88' lang='lat' dir='ltr'>superius</span> <span class='ocrx_word' id='word_1_228' title='bbox 445 3187 671 3244; x_wconf 89' lang='lat' dir='ltr'>Eliatha</span> <span class='ocrx_word' id='word_1_229' title='bbox 720 3188 1060 3244; x_wconf 87' lang='lat' dir='ltr'>nominatus</span> <span class='ocrx_word' id='word_1_230' title='bbox 1103 3193 1209 3244; x_wconf 89' lang='lat' dir='ltr'>est.</span> <span class='ocrx_word' id='word_1_231' title='bbox 1244 3188 1469 3243; x_wconf 87' lang='lat' dir='ltr'>Eliatha</span> <span class='ocrx_word' id='word_1_232' title='bbox 1498 3189 1788 3261; x_wconf 90' lang='lat' dir='ltr'>interpre-</span> 
     </span>
    </p>
   </div>
   <div class='ocr_carea' id='block_1_35' title="bbox 120 3276 1526 3347">
    <p class='ocr_par' dir='ltr' id='par_1_35' title="bbox 120 3276 1526 3347">
     <span class='ocr_line' id='line_1_35' title="bbox 120 3276 1526 3347; baseline -0.001 -13"><span class='ocrx_word' id='word_1_233' title='bbox 120 3283 315 3345; x_wconf 85' lang='lat' dir='ltr'>tatur,</span> <span class='ocrx_word' id='word_1_234' title='bbox 352 3277 491 3332; x_wconf 75' lang='lat' dir='ltr'>Deus</span> <span class='ocrx_word' id='word_1_235' title='bbox 518 3293 670 3332; x_wconf 85' lang='lat' dir='ltr'>meus</span> <span class='ocrx_word' id='word_1_236' title='bbox 695 3281 753 3331; x_wconf 82' lang='lat' dir='ltr'>tu</span> <span class='ocrx_word' id='word_1_237' title='bbox 771 3294 792 3339; x_wconf 87' lang='lat'><em>;</em></span> <span class='ocrx_word' id='word_1_238' title='bbox 825 3276 1006 3347; x_wconf 86' lang='lat' dir='ltr'>Eliba,</span> <span class='ocrx_word' id='word_1_239' title='bbox 1039 3278 1177 3332; x_wconf 86' lang='lat' dir='ltr'>Deus</span> <span class='ocrx_word' id='word_1_240' title='bbox 1206 3293 1358 3332; x_wconf 86' lang='lat' dir='ltr'>meus</span> <span class='ocrx_word' id='word_1_241' title='bbox 1382 3279 1526 3332; x_wconf 84' lang='lat' dir='ltr'>veni.</span> 
     </span>
    </p>
   </div>
   <div class='ocr_carea' id='block_1_36' title="bbox 1382 1854 1884 1954">
    <p class='ocr_par' dir='ltr' id='par_1_36' title="bbox 1382 1854 1884 1954">
     <span class='ocr_line' id='line_1_36' title="bbox 1382 1854 1884 1954; baseline 0.016 -52"><span class='ocrx_word' id='word_1_242' title='bbox 1382 1877 1401 1902; x_wconf 73' lang='grc' dir='ltr'><strong><em>η</em></strong></span> <span class='ocrx_word' id='word_1_243' title='bbox 1581 1854 1804 1954; x_wconf 72' lang='lat' dir='ltr'>idcirco</span> <span class='ocrx_word' id='word_1_244' title='bbox 1838 1890 1884 1954; x_wconf 81' lang='grc' dir='ltr'><strong>Β</strong></span> 
     </span>
    </p>
   </div>
   <div class='ocr_carea' id='block_1_37' title="bbox 1922 610 2504 682">
    <p class='ocr_par' dir='ltr' id='par_1_37' title="bbox 1922 610 2504 682">
     <span class='ocr_line' id='line_1_37' title="bbox 1922 610 2504 682; baseline 0.002 -16"><span class='ocrx_word' id='word_1_245' title='bbox 1922 610 2066 666; x_wconf 91' lang='lat' dir='ltr'>mini</span> <span class='ocrx_word' id='word_1_246' title='bbox 2096 618 2367 682; x_wconf 83' lang='lat' dir='ltr'>expertus</span> <span class='ocrx_word' id='word_1_247' title='bbox 2397 616 2504 667; x_wconf 90' lang='lat' dir='ltr'>est.</span> 
     </span>
    </p>
   </div>
   <div class='ocr_carea' id='block_1_38' title="bbox 1990 699 3573 775">
    <p class='ocr_par' dir='ltr' id='par_1_38' title="bbox 1990 699 3573 775">
     <span class='ocr_line' id='line_1_38' title="bbox 1990 699 3573 775; baseline 0.006 -25"><span class='ocrx_word' id='word_1_248' title='bbox 1990 699 2181 769; x_wconf 88' lang='lat' dir='ltr'>(Vers.</span> <span class='ocrx_word' id='word_1_249' title='bbox 2224 701 2336 772; x_wconf 79' lang='grc'>14.)</span> <span class='ocrx_word' id='word_1_250' title='bbox 2357 723 2384 749; x_wconf 92' lang='grc'>‹‹</span> <span class='ocrx_word' id='word_1_251' title='bbox 2422 702 2483 756; x_wconf 84' lang='lat' dir='ltr'>In</span> <span class='ocrx_word' id='word_1_252' title='bbox 2517 701 2682 756; x_wconf 85' lang='lat' dir='ltr'>fastis</span> <span class='ocrx_word' id='word_1_253' title='bbox 2701 702 2853 775; x_wconf 90' lang='lat' dir='ltr'>regis</span> <span class='ocrx_word' id='word_1_254' title='bbox 2884 701 3057 757; x_wconf 85' lang='lat' dir='ltr'>David</span> <span class='ocrx_word' id='word_1_255' title='bbox 3088 720 3100 767; x_wconf 88' lang='lat'><strong>;</strong></span> <span class='ocrx_word' id='word_1_256' title='bbox 3136 725 3164 752; x_wconf 84' lang='lat'>»</span> <span class='ocrx_word' id='word_1_257' title='bbox 3195 702 3338 775; x_wconf 88' lang='lat' dir='ltr'>quia</span> <span class='ocrx_word' id='word_1_258' title='bbox 3362 719 3573 775; x_wconf 88' lang='lat' dir='ltr'>super-</span> 
     </span>
    </p>
   </div>
   <div class='ocr_carea' id='block_1_39' title="bbox 1919 788 3571 861">
    <p class='ocr_par' dir='ltr' id='par_1_39' title="bbox 1919 788 3571 861">
     <span class='ocr_line' id='line_1_39' title="bbox 1919 788 3571 861; baseline 0.004 -21"><span class='ocrx_word' id='word_1_259' title='bbox 1919 789 2182 844; x_wconf 90' lang='lat' dir='ltr'>veniente</span> <span class='ocrx_word' id='word_1_260' title='bbox 2242 788 2645 861; x_wconf 89' lang='lat' dir='ltr'>indignatione</span> <span class='ocrx_word' id='word_1_261' title='bbox 2692 791 2815 858; x_wconf 88' lang='lat' dir='ltr'>Dei,</span> <span class='ocrx_word' id='word_1_262' title='bbox 2867 792 3059 847; x_wconf 89' lang='lat' dir='ltr'>omnis</span> <span class='ocrx_word' id='word_1_263' title='bbox 3118 791 3228 847; x_wconf 87' lang='lat' dir='ltr'>iste</span> <span class='ocrx_word' id='word_1_264' title='bbox 3283 807 3571 849; x_wconf 88' lang='lat' dir='ltr'>numerus</span> 
     </span>
    </p>
   </div>
   <div class='ocr_carea' id='block_1_40' title="bbox 1919 878 3569 953">
    <p class='ocr_par' dir='ltr' id='par_1_40' title="bbox 1919 878 3569 953">
     <span class='ocr_line' id='line_1_40' title="bbox 1919 878 3569 953; baseline 0.003 -22"><span class='ocrx_word' id='word_1_265' title='bbox 1919 878 2302 933; x_wconf 87' lang='lat' dir='ltr'>conturbatus</span> <span class='ocrx_word' id='word_1_266' title='bbox 2332 883 2440 945; x_wconf 89' lang='lat' dir='ltr'>est,</span> <span class='ocrx_word' id='word_1_267' title='bbox 2469 882 2527 933; x_wconf 90' lang='lat' dir='ltr'>et</span> <span class='ocrx_word' id='word_1_268' title='bbox 2573 895 2689 934; x_wconf 92' lang='lat' dir='ltr'>non</span> <span class='ocrx_word' id='word_1_269' title='bbox 2723 880 2961 935; x_wconf 86' lang='lat' dir='ltr'>fuerunt</span> <span class='ocrx_word' id='word_1_270' title='bbox 2990 879 3290 936; x_wconf 89' lang='lat' dir='ltr'>distributi</span> <span class='ocrx_word' id='word_1_271' title='bbox 3326 896 3429 953; x_wconf 88' lang='lat' dir='ltr'>per</span> <span class='ocrx_word' id='word_1_272' title='bbox 3458 879 3569 936; x_wconf 89' lang='lat' dir='ltr'>mi-</span> 
     </span>
    </p>
   </div>
   <div class='ocr_carea' id='block_1_41' title="bbox 1919 964 2980 1039">
    <p class='ocr_par' dir='ltr' id='par_1_41' title="bbox 1919 964 2980 1039">
     <span class='ocr_line' id='line_1_41' title="bbox 1919 964 2980 1039; baseline 0.004 -20"><span class='ocrx_word' id='word_1_273' title='bbox 1919 964 2183 1032; x_wconf 88' lang='lat' dir='ltr'>nisteria,</span> <span class='ocrx_word' id='word_1_274' title='bbox 2215 983 2404 1038; x_wconf 89' lang='lat' dir='ltr'>neque</span> <span class='ocrx_word' id='word_1_275' title='bbox 2434 968 2507 1022; x_wconf 89' lang='lat' dir='ltr'>ad</span> <span class='ocrx_word' id='word_1_276' title='bbox 2538 966 2739 1039; x_wconf 90' lang='lat' dir='ltr'>aliqua</span> <span class='ocrx_word' id='word_1_277' title='bbox 2768 968 2980 1023; x_wconf 86' lang='lat' dir='ltr'>ofﬁcia.</span> 
     </span>
    </p>
   </div>
   <div class='ocr_carea' id='block_1_42' title="bbox 1989 1054 3570 1129">
    <p class='ocr_par' dir='ltr' id='par_1_42' title="bbox 1989 1054 3570 1129">
     <span class='ocr_line' id='line_1_42' title="bbox 1989 1054 3570 1129; baseline 0.003 -20"><span class='ocrx_word' id='word_1_278' title='bbox 1989 1054 2173 1125; x_wconf 90' lang='lat' dir='ltr'>(Vers.</span> <span class='ocrx_word' id='word_1_279' title='bbox 2207 1054 2323 1127; x_wconf 83' lang='lat'>25.)</span> <span class='ocrx_word' id='word_1_280' title='bbox 2355 1078 2383 1105; x_wconf 92' lang='grc'>‹‹</span> <span class='ocrx_word' id='word_1_281' title='bbox 2421 1055 2519 1111; x_wconf 82' lang='lat' dir='ltr'>His</span> <span class='ocrx_word' id='word_1_282' title='bbox 2550 1060 2746 1111; x_wconf 90' lang='lat' dir='ltr'>autem</span> <span class='ocrx_word' id='word_1_283' title='bbox 2802 1055 3122 1125; x_wconf 87' lang='lat' dir='ltr'>thesauris,</span> <span class='ocrx_word' id='word_1_284' title='bbox 3162 1056 3261 1129; x_wconf 86' lang='lat' dir='ltr'>qui</span> <span class='ocrx_word' id='word_1_285' title='bbox 3306 1060 3473 1113; x_wconf 90' lang='lat' dir='ltr'>crant</span> <span class='ocrx_word' id='word_1_286' title='bbox 3508 1057 3570 1112; x_wconf 88' lang='lat' dir='ltr'>in</span> 
     </span>
    </p>
   </div>
   <div class='ocr_carea' id='block_1_43' title="bbox 1918 1142 3571 1219">
    <p class='ocr_par' dir='ltr' id='par_1_43' title="bbox 1918 1142 3571 1219">
     <span class='ocr_line' id='line_1_43' title="bbox 1918 1142 3571 1219; baseline 0.003 -21"><span class='ocrx_word' id='word_1_287' title='bbox 1918 1142 2185 1200; x_wconf 90' lang='lat' dir='ltr'>urbibus.</span> <span class='ocrx_word' id='word_1_288' title='bbox 2222 1166 2249 1193; x_wconf 83' lang='lat'>»</span> <span class='ocrx_word' id='word_1_289' title='bbox 2282 1143 2617 1200; x_wconf 83' lang='lat' dir='ltr'>Thesauros</span> <span class='ocrx_word' id='word_1_290' title='bbox 2648 1145 2707 1199; x_wconf 90' lang='lat' dir='ltr'>in</span> <span class='ocrx_word' id='word_1_291' title='bbox 2754 1144 2862 1200; x_wconf 93' lang='lat' dir='ltr'>hoc</span> <span class='ocrx_word' id='word_1_292' title='bbox 2891 1145 3038 1212; x_wconf 92' lang='lat' dir='ltr'>loco,</span> <span class='ocrx_word' id='word_1_293' title='bbox 3073 1163 3188 1202; x_wconf 91' lang='lat' dir='ltr'>non</span> <span class='ocrx_word' id='word_1_294' title='bbox 3221 1145 3413 1202; x_wconf 90' lang='lat' dir='ltr'>solum</span> <span class='ocrx_word' id='word_1_295' title='bbox 3471 1162 3571 1219; x_wconf 88' lang='lat' dir='ltr'>pe-</span> 
     </span>
    </p>
   </div>
   <div class='ocr_carea' id='block_1_44' title="bbox 1916 1232 3374 1297">
    <p class='ocr_par' dir='ltr' id='par_1_44' title="bbox 1916 1232 3374 1297">
     <span class='ocr_line' id='line_1_44' title="bbox 1916 1232 3374 1297; baseline 0.003 -11"><span class='ocrx_word' id='word_1_296' title='bbox 1916 1233 2174 1297; x_wconf 90' lang='lat' dir='ltr'>cuniam,</span> <span class='ocrx_word' id='word_1_297' title='bbox 2207 1232 2307 1287; x_wconf 88' lang='lat' dir='ltr'>sed</span> <span class='ocrx_word' id='word_1_298' title='bbox 2332 1238 2387 1287; x_wconf 91' lang='lat' dir='ltr'>et</span> <span class='ocrx_word' id='word_1_299' title='bbox 2418 1249 2624 1289; x_wconf 90' lang='lat' dir='ltr'>omnes</span> <span class='ocrx_word' id='word_1_300' title='bbox 2654 1234 3055 1290; x_wconf 87' lang='lat' dir='ltr'>substantiam</span> <span class='ocrx_word' id='word_1_301' title='bbox 3088 1235 3374 1290; x_wconf 87' lang='lat' dir='ltr'>nominat.</span> 
     </span>
    </p>
   </div>
   <div class='ocr_carea' id='block_1_45' title="bbox 1987 1319 3569 1395">
    <p class='ocr_par' dir='ltr' id='par_1_45' title="bbox 1987 1319 3569 1395">
     <span class='ocr_line' id='line_1_45' title="bbox 1987 1319 3569 1395; baseline 0.006 -23"><span class='ocrx_word' id='word_1_302' title='bbox 1987 1319 2169 1390; x_wconf 86' lang='lat' dir='ltr'>(Vers.</span> <span class='ocrx_word' id='word_1_303' title='bbox 2227 1322 2341 1385; x_wconf 88' lang='grc'>32.)</span> <span class='ocrx_word' id='word_1_304' title='bbox 2390 1344 2419 1371; x_wconf 89' lang='grc'>‹‹</span> <span class='ocrx_word' id='word_1_305' title='bbox 2468 1321 2764 1378; x_wconf 87' lang='lat' dir='ltr'>Jonathan</span> <span class='ocrx_word' id='word_1_306' title='bbox 2816 1328 3013 1379; x_wconf 89' lang='lat' dir='ltr'>autem</span> <span class='ocrx_word' id='word_1_307' title='bbox 3092 1328 3338 1395; x_wconf 88' lang='lat' dir='ltr'>patruus</span> <span class='ocrx_word' id='word_1_308' title='bbox 3393 1324 3569 1381; x_wconf 89' lang='lat' dir='ltr'>David</span> 
     </span>
    </p>
   </div>
   <div class='ocr_carea' id='block_1_46' title="bbox 1916 1408 3571 1484">
    <p class='ocr_par' dir='ltr' id='par_1_46' title="bbox 1916 1408 3571 1484">
     <span class='ocr_line' id='line_1_46' title="bbox 1916 1408 3571 1484; baseline 0.004 -21"><span class='ocrx_word' id='word_1_309' title='bbox 1916 1408 2264 1465; x_wconf 89' lang='lat' dir='ltr'>consiliarus</span> <span class='ocrx_word' id='word_1_310' title='bbox 2320 1431 2348 1460; x_wconf 83' lang='lat'><strong>»</strong></span> <span class='ocrx_word' id='word_1_311' title='bbox 2398 1411 2523 1482; x_wconf 90' lang='lat' dir='ltr'>ipse</span> <span class='ocrx_word' id='word_1_312' title='bbox 2579 1415 2668 1466; x_wconf 89' lang='lat' dir='ltr'>est</span> <span class='ocrx_word' id='word_1_313' title='bbox 2696 1411 2924 1467; x_wconf 89' lang='lat' dir='ltr'>Nathan</span> <span class='ocrx_word' id='word_1_314' title='bbox 2982 1412 3283 1484; x_wconf 86' lang='lat' dir='ltr'>propheta.</span> <span class='ocrx_word' id='word_1_315' title='bbox 3317 1413 3571 1472; x_wconf 84' lang='lat' dir='ltr'>Patruus</span> 
     </span>
    </p>
   </div>
   <div class='ocr_carea' id='block_1_47' title="bbox 1916 1497 3388 1571">
    <p class='ocr_par' dir='ltr' id='par_1_47' title="bbox 1916 1497 3388 1571">
     <span class='ocr_line' id='line_1_47' title="bbox 1916 1497 3388 1571; baseline 0.003 -18"><span class='ocrx_word' id='word_1_316' title='bbox 1916 1514 2046 1553; x_wconf 86' lang='lat' dir='ltr'>vero</span> <span class='ocrx_word' id='word_1_317' title='bbox 2076 1497 2315 1554; x_wconf 88' lang='lat' dir='ltr'>honoris</span> <span class='ocrx_word' id='word_1_318' title='bbox 2345 1503 2401 1554; x_wconf 91' lang='lat' dir='ltr'>et</span> <span class='ocrx_word' id='word_1_319' title='bbox 2434 1500 2887 1571; x_wconf 84' lang='lat' dir='ltr'>propinquitatis</span> <span class='ocrx_word' id='word_1_320' title='bbox 2918 1518 3099 1557; x_wconf 90' lang='lat' dir='ltr'>causa</span> <span class='ocrx_word' id='word_1_321' title='bbox 3126 1506 3388 1558; x_wconf 88' lang='lat' dir='ltr'>vocatur.</span> 
     </span>
    </p>
   </div>
   <div class='ocr_carea' id='block_1_48' title="bbox 1987 1586 3569 1657">
    <p class='ocr_par' dir='ltr' id='par_1_48' title="bbox 1987 1586 3569 1657">
     <span class='ocr_line' id='line_1_48' title="bbox 1987 1586 3569 1657; baseline 0.004 -16"><span class='ocrx_word' id='word_1_322' title='bbox 1987 1586 2183 1657; x_wconf 91' lang='lat' dir='ltr'>(Ibid.)</span> <span class='ocrx_word' id='word_1_323' title='bbox 2216 1609 2243 1635; x_wconf 84' lang='lat'><strong>«</strong></span> <span class='ocrx_word' id='word_1_324' title='bbox 2277 1587 2466 1642; x_wconf 85' lang='lat' dir='ltr'>Jahiel</span> <span class='ocrx_word' id='word_1_325' title='bbox 2526 1589 2683 1645; x_wconf 81' lang='lat' dir='ltr'>titius</span> <span class='ocrx_word' id='word_1_326' title='bbox 2730 1588 3048 1645; x_wconf 89' lang='lat' dir='ltr'>Achamoni</span> <span class='ocrx_word' id='word_1_327' title='bbox 3107 1595 3232 1645; x_wconf 90' lang='lat' dir='ltr'>erat</span> <span class='ocrx_word' id='word_1_328' title='bbox 3261 1607 3396 1646; x_wconf 91' lang='lat' dir='ltr'>cum</span> <span class='ocrx_word' id='word_1_329' title='bbox 3429 1590 3569 1648; x_wconf 89' lang='lat' dir='ltr'>ﬁliis</span> 
     </span>
    </p>
   </div>
   <div class='ocr_carea' id='block_1_49' title="bbox 1919 1674 3568 1754">
    <p class='ocr_par' dir='ltr' id='par_1_49' title="bbox 1919 1674 3568 1754">
     <span class='ocr_line' id='line_1_49' title="bbox 1919 1674 3568 1754; baseline 0.005 -26"><span class='ocrx_word' id='word_1_330' title='bbox 1919 1674 2091 1747; x_wconf 89' lang='lat' dir='ltr'>regis.</span> <span class='ocrx_word' id='word_1_331' title='bbox 2129 1697 2154 1723; x_wconf 87' lang='grc'><strong>››</strong></span> <span class='ocrx_word' id='word_1_332' title='bbox 2181 1676 2291 1731; x_wconf 85' lang='lat' dir='ltr'>Iste</span> <span class='ocrx_word' id='word_1_333' title='bbox 2322 1675 2511 1732; x_wconf 88' lang='lat' dir='ltr'>Jahiel</span> <span class='ocrx_word' id='word_1_334' title='bbox 2541 1682 2631 1733; x_wconf 88' lang='lat' dir='ltr'>est</span> <span class='ocrx_word' id='word_1_335' title='bbox 2662 1677 2814 1733; x_wconf 86' lang='lat' dir='ltr'>ﬁlius</span> <span class='ocrx_word' id='word_1_336' title='bbox 2844 1678 3049 1749; x_wconf 89' lang='lat' dir='ltr'>David,</span> <span class='ocrx_word' id='word_1_337' title='bbox 3077 1678 3179 1750; x_wconf 91' lang='lat' dir='ltr'>qui</span> <span class='ocrx_word' id='word_1_338' title='bbox 3209 1679 3269 1735; x_wconf 90' lang='lat' dir='ltr'>in</span> <span class='ocrx_word' id='word_1_339' title='bbox 3302 1680 3568 1754; x_wconf 80' lang='lat' dir='ltr'>Regnum</span> 
     </span>
    </p>
   </div>
   <div class='ocr_carea' id='block_1_50' title="bbox 1915 1763 3571 1842">
    <p class='ocr_par' dir='ltr' id='par_1_50' title="bbox 1915 1763 3571 1842">
     <span class='ocr_line' id='line_1_50' title="bbox 1915 1763 3571 1842; baseline 0.005 -24"><span class='ocrx_word' id='word_1_340' title='bbox 1915 1763 2118 1820; x_wconf 91' lang='lat' dir='ltr'>Chilab</span> <span class='ocrx_word' id='word_1_341' title='bbox 2146 1766 2503 1821; x_wconf 86' lang='lat' dir='ltr'>nominatur.</span> <span class='ocrx_word' id='word_1_342' title='bbox 2545 1766 2888 1833; x_wconf 83' lang='lat' dir='ltr'>Achamoni,</span> <span class='ocrx_word' id='word_1_343' title='bbox 2918 1769 3364 1839; x_wconf 75' lang='lat' dir='ltr'>sapientissimus</span> <span class='ocrx_word' id='word_1_344' title='bbox 3396 1786 3409 1824; x_wconf 93' lang='lat'>:</span> <span class='ocrx_word' id='word_1_345' title='bbox 3444 1770 3571 1842; x_wconf 88' lang='lat' dir='ltr'>ipse</span> 
     </span>
    </p>
   </div>
   <div class='ocr_carea' id='block_1_51' title="bbox 1916 1852 2238 1908">
    <p class='ocr_par' dir='ltr' id='par_1_51' title="bbox 1916 1852 2238 1908">
     <span class='ocr_line' id='line_1_51' title="bbox 1916 1852 2238 1908; baseline 0.003 -2"><span class='ocrx_word' id='word_1_346' title='bbox 1916 1858 2007 1907; x_wconf 89' lang='lat' dir='ltr'>est</span> <span class='ocrx_word' id='word_1_347' title='bbox 2036 1852 2238 1908; x_wconf 87' lang='lat' dir='ltr'>David.</span> 
     </span>
    </p>
   </div>
   <div class='ocr_carea' id='block_1_52' title="bbox 1993 1941 3569 2015">
    <p class='ocr_par' dir='ltr' id='par_1_52' title="bbox 1993 1941 3569 2015">
     <span class='ocr_line' id='line_1_52' title="bbox 1993 1941 3569 2015; baseline 0.006 -21"><span class='ocrx_word' id='word_1_348' title='bbox 1993 1941 2151 2013; x_wconf 85' lang='lat' dir='ltr'>(Cap.</span> <span class='ocrx_word' id='word_1_349' title='bbox 2200 1941 2397 1997; x_wconf 87' lang='lat' dir='ltr'>XXIX.</span> <span class='ocrx_word' id='word_1_350' title='bbox 2430 1975 2497 1983; x_wconf 83' lang='lat'>-—</span> <span class='ocrx_word' id='word_1_351' title='bbox 2556 1944 2717 1999; x_wconf 88' lang='lat' dir='ltr'>Vers.</span> <span class='ocrx_word' id='word_1_352' title='bbox 2749 1944 2863 2015; x_wconf 91' lang='lat' dir='ltr'>2l.)</span> <span class='ocrx_word' id='word_1_353' title='bbox 2899 1966 2927 1994; x_wconf 85' lang='lat'><strong>«</strong></span> <span class='ocrx_word' id='word_1_354' title='bbox 2955 1945 3186 2001; x_wconf 87' lang='lat' dir='ltr'>Taurus</span> <span class='ocrx_word' id='word_1_355' title='bbox 3240 1946 3400 2003; x_wconf 89' lang='lat' dir='ltr'>mille</span> <span class='ocrx_word' id='word_1_356' title='bbox 3429 1961 3569 2002; x_wconf 88' lang='lat' dir='ltr'>cum</span> 
     </span>
    </p>
   </div>
   <div class='ocr_carea' id='block_1_53' title="bbox 1916 2029 3123 2092">
    <p class='ocr_par' dir='ltr' id='par_1_53' title="bbox 1916 2029 3123 2092">
     <span class='ocr_line' id='line_1_53' title="bbox 1916 2029 3123 2092; baseline 0.006 -9"><span class='ocrx_word' id='word_1_357' title='bbox 1916 2029 2301 2085; x_wconf 89' lang='lat' dir='ltr'>libaminibus</span> <span class='ocrx_word' id='word_1_358' title='bbox 2333 2031 2459 2087; x_wconf 90' lang='lat' dir='ltr'>suis</span> <span class='ocrx_word' id='word_1_359' title='bbox 2488 2050 2500 2087; x_wconf 90' lang='lat'>:</span> <span class='ocrx_word' id='word_1_360' title='bbox 2538 2054 2564 2081; x_wconf 67' lang='grc' dir='ltr'>ιε</span> <span class='ocrx_word' id='word_1_361' title='bbox 2596 2032 2653 2087; x_wconf 90' lang='lat' dir='ltr'>id</span> <span class='ocrx_word' id='word_1_362' title='bbox 2687 2037 2776 2088; x_wconf 91' lang='lat' dir='ltr'>est</span> <span class='ocrx_word' id='word_1_363' title='bbox 2804 2049 2939 2088; x_wconf 88' lang='lat' dir='ltr'>cum</span> <span class='ocrx_word' id='word_1_364' title='bbox 2968 2033 3123 2092; x_wconf 90' lang='lat' dir='ltr'>vino.</span> 
     </span>
    </p>
   </div>
   <div class='ocr_carea' id='block_1_54' title="bbox 1984 2118 3569 2191">
    <p class='ocr_par' dir='ltr' id='par_1_54' title="bbox 1984 2118 3569 2191">
     <span class='ocr_line' id='line_1_54' title="bbox 1984 2118 3569 2191; baseline 0.007 -21"><span class='ocrx_word' id='word_1_365' title='bbox 1984 2118 2171 2185; x_wconf 87' lang='lat' dir='ltr'>(Vers.</span> <span class='ocrx_word' id='word_1_366' title='bbox 2231 2120 2345 2191; x_wconf 92' lang='lat'>22.)</span> <span class='ocrx_word' id='word_1_367' title='bbox 2407 2142 2427 2168; x_wconf 75' lang='grc' dir='ltr'>α</span> <span class='ocrx_word' id='word_1_368' title='bbox 2494 2120 2791 2175; x_wconf 86' lang='lat' dir='ltr'>Unxerunt</span> <span class='ocrx_word' id='word_1_369' title='bbox 2851 2122 3109 2178; x_wconf 89' lang='lat' dir='ltr'>secundo</span> <span class='ocrx_word' id='word_1_370' title='bbox 3193 2122 3569 2180; x_wconf 88' lang='lat' dir='ltr'>Salomonem</span> 
     </span>
    </p>
   </div>
   <div class='ocr_carea' id='block_1_55' title="bbox 1914 2206 3565 2284">
    <p class='ocr_par' dir='ltr' id='par_1_55' title="bbox 1914 2206 3565 2284">
     <span class='ocr_line' id='line_1_55' title="bbox 1914 2206 3565 2284; baseline 0.005 -23"><span class='ocrx_word' id='word_1_371' title='bbox 1914 2206 2101 2262; x_wconf 88' lang='lat' dir='ltr'>ﬁlium</span> <span class='ocrx_word' id='word_1_372' title='bbox 2134 2206 2335 2262; x_wconf 88' lang='lat' dir='ltr'>David.</span> <span class='ocrx_word' id='word_1_373' title='bbox 2362 2229 2390 2257; x_wconf 82' lang='grc'><strong>››</strong></span> <span class='ocrx_word' id='word_1_374' title='bbox 2424 2207 2724 2264; x_wconf 82' lang='lat' dir='ltr'>Unxerunt</span> <span class='ocrx_word' id='word_1_375' title='bbox 2742 2213 2938 2264; x_wconf 89' lang='lat' dir='ltr'>autem</span> <span class='ocrx_word' id='word_1_376' title='bbox 2962 2226 3097 2265; x_wconf 91' lang='lat' dir='ltr'>eum</span> <span class='ocrx_word' id='word_1_377' title='bbox 3123 2212 3180 2266; x_wconf 91' lang='lat' dir='ltr'>in</span> <span class='ocrx_word' id='word_1_378' title='bbox 3214 2212 3565 2284; x_wconf 85' lang='lat' dir='ltr'>principem,</span> 
     </span>
    </p>
   </div>
   <div class='ocr_carea' id='block_1_56' title="bbox 1913 2295 3565 2372">
    <p class='ocr_par' dir='ltr' id='par_1_56' title="bbox 1913 2295 3565 2372">
     <span class='ocr_line' id='line_1_56' title="bbox 1913 2295 3565 2372; baseline 0.004 -22"><span class='ocrx_word' id='word_1_379' title='bbox 1913 2295 2172 2351; x_wconf 90' lang='lat' dir='ltr'>dicentes</span> <span class='ocrx_word' id='word_1_380' title='bbox 2206 2314 2219 2351; x_wconf 91' lang='lat'>:</span> <span class='ocrx_word' id='word_1_381' title='bbox 2254 2296 2615 2368; x_wconf 86' lang='lat' dir='ltr'>Quicumque</span> <span class='ocrx_word' id='word_1_382' title='bbox 2664 2303 2887 2370; x_wconf 87' lang='lat' dir='ltr'>regnet,</span> <span class='ocrx_word' id='word_1_383' title='bbox 2943 2302 3007 2353; x_wconf 92' lang='lat' dir='ltr'>tu</span> <span class='ocrx_word' id='word_1_384' title='bbox 3066 2299 3221 2355; x_wconf 89' lang='lat' dir='ltr'>Deus</span> <span class='ocrx_word' id='word_1_385' title='bbox 3249 2304 3469 2372; x_wconf 88' lang='lat' dir='ltr'>noster,</span> <span class='ocrx_word' id='word_1_386' title='bbox 3500 2304 3565 2358; x_wconf 90' lang='lat' dir='ltr'>tu</span> 
     </span>
    </p>
   </div>
   <div class='ocr_carea' id='block_1_57' title="bbox 1913 2384 2691 2455">
    <p class='ocr_par' dir='ltr' id='par_1_57' title="bbox 1913 2384 2691 2455">
     <span class='ocr_line' id='line_1_57' title="bbox 1913 2384 2691 2455; baseline 0.004 -17"><span class='ocrx_word' id='word_1_387' title='bbox 1913 2400 2144 2455; x_wconf 88' lang='lat' dir='ltr'>semper</span> <span class='ocrx_word' id='word_1_388' title='bbox 2172 2384 2255 2440; x_wconf 92' lang='lat' dir='ltr'>sis</span> <span class='ocrx_word' id='word_1_389' title='bbox 2288 2386 2441 2441; x_wconf 89' lang='lat' dir='ltr'>Deus</span> <span class='ocrx_word' id='word_1_390' title='bbox 2473 2391 2691 2442; x_wconf 90' lang='lat' dir='ltr'>noster.</span> 
     </span>
    </p>
   </div>
   <div class='ocr_carea' id='block_1_58' title="bbox 1983 2474 3568 2549">
    <p class='ocr_par' dir='ltr' id='par_1_58' title="bbox 1983 2474 3568 2549">
     <span class='ocr_line' id='line_1_58' title="bbox 1983 2474 3568 2549; baseline 0.005 -21"><span class='ocrx_word' id='word_1_391' title='bbox 1983 2474 2142 2545; x_wconf 90' lang='lat' dir='ltr'>(Cap.</span> <span class='ocrx_word' id='word_1_392' title='bbox 2178 2474 2423 2530; x_wconf 86' lang='lat' dir='ltr'>XXVIII.</span> <span class='ocrx_word' id='word_1_393' title='bbox 2456 2507 2521 2516; x_wconf 90' lang='lat'><strong><em>—</em></strong></span> <span class='ocrx_word' id='word_1_394' title='bbox 2556 2476 2712 2532; x_wconf 89' lang='lat' dir='ltr'>Vers.</span> <span class='ocrx_word' id='word_1_395' title='bbox 2746 2476 2823 2545; x_wconf 82' lang='lat' dir='ltr'>l.)</span> <span class='ocrx_word' id='word_1_396' title='bbox 2883 2500 2911 2527; x_wconf 86' lang='grc'>‹‹</span> <span class='ocrx_word' id='word_1_397' title='bbox 2970 2477 3077 2543; x_wconf 88' lang='lat' dir='ltr'>Qui</span> <span class='ocrx_word' id='word_1_398' title='bbox 3109 2483 3399 2549; x_wconf 76' lang='lat' dir='ltr'>praeerant</span> <span class='ocrx_word' id='word_1_399' title='bbox 3429 2479 3568 2536; x_wconf 84' lang='lat' dir='ltr'>sub-</span> 
     </span>
    </p>
   </div>
   <div class='ocr_carea' id='block_1_59' title="bbox 1911 2563 3566 2639">
    <p class='ocr_par' dir='ltr' id='par_1_59' title="bbox 1911 2563 3566 2639">
     <span class='ocr_line' id='line_1_59' title="bbox 1911 2563 3566 2639; baseline 0.005 -22"><span class='ocrx_word' id='word_1_400' title='bbox 1911 2563 2135 2617; x_wconf 83' lang='lat' dir='ltr'>stantiae</span> <span class='ocrx_word' id='word_1_401' title='bbox 2193 2563 2346 2636; x_wconf 91' lang='lat' dir='ltr'>regis</span> <span class='ocrx_word' id='word_1_402' title='bbox 2397 2580 2531 2619; x_wconf 91' lang='lat' dir='ltr'>cum</span> <span class='ocrx_word' id='word_1_403' title='bbox 2562 2564 2874 2621; x_wconf 89' lang='lat' dir='ltr'>eunuchis.</span> <span class='ocrx_word' id='word_1_404' title='bbox 2930 2589 2952 2617; x_wconf 71' lang='grc' dir='ltr'>ι)</span> <span class='ocrx_word' id='word_1_405' title='bbox 2992 2566 3181 2633; x_wconf 57' lang='lat' dir='ltr'>Quaeri</span> <span class='ocrx_word' id='word_1_406' title='bbox 3221 2573 3415 2639; x_wconf 91' lang='lat' dir='ltr'>potest</span> <span class='ocrx_word' id='word_1_407' title='bbox 3461 2585 3566 2625; x_wconf 90' lang='lat' dir='ltr'>cur</span> 
     </span>
    </p>
   </div>
   <div class='ocr_carea' id='block_1_60' title="bbox 1911 2651 3566 2726">
    <p class='ocr_par' dir='ltr' id='par_1_60' title="bbox 1911 2651 3566 2726">
     <span class='ocr_line' id='line_1_60' title="bbox 1911 2651 3566 2726; baseline 0.005 -21"><span class='ocrx_word' id='word_1_408' title='bbox 1911 2651 2004 2706; x_wconf 92' lang='lat' dir='ltr'>hic</span> <span class='ocrx_word' id='word_1_409' title='bbox 2033 2652 2289 2709; x_wconf 87' lang='lat' dir='ltr'>eunuchi</span> <span class='ocrx_word' id='word_1_410' title='bbox 2322 2653 2393 2709; x_wconf 91' lang='lat' dir='ltr'>ad</span> <span class='ocrx_word' id='word_1_411' title='bbox 2425 2658 2546 2709; x_wconf 90' lang='lat' dir='ltr'>tam</span> <span class='ocrx_word' id='word_1_412' title='bbox 2601 2655 2822 2726; x_wconf 90' lang='lat' dir='ltr'>grande</span> <span class='ocrx_word' id='word_1_413' title='bbox 2851 2654 3170 2711; x_wconf 90' lang='lat' dir='ltr'>concilium</span> <span class='ocrx_word' id='word_1_414' title='bbox 3212 2657 3399 2712; x_wconf 90' lang='lat' dir='ltr'>vocati</span> <span class='ocrx_word' id='word_1_415' title='bbox 3435 2673 3566 2714; x_wconf 88' lang='lat' dir='ltr'>esse</span> 
     </span>
    </p>
   </div>
   <div class='ocr_carea' id='block_1_61' title="bbox 1909 2739 3569 2815">
    <p class='ocr_par' dir='ltr' id='par_1_61' title="bbox 1909 2739 3569 2815">
     <span class='ocr_line' id='line_1_61' title="bbox 1909 2739 3569 2815; baseline 0.005 -21"><span class='ocrx_word' id='word_1_416' title='bbox 1909 2739 2202 2809; x_wconf 89' lang='lat' dir='ltr'>dicantur,</span> <span class='ocrx_word' id='word_1_417' title='bbox 2232 2757 2366 2796; x_wconf 91' lang='lat' dir='ltr'>cum</span> <span class='ocrx_word' id='word_1_418' title='bbox 2390 2741 2682 2799; x_wconf 89' lang='lat' dir='ltr'>lsraelitas</span> <span class='ocrx_word' id='word_1_419' title='bbox 2710 2743 2975 2799; x_wconf 89' lang='lat' dir='ltr'>abscindi</span> <span class='ocrx_word' id='word_1_420' title='bbox 3008 2743 3097 2799; x_wconf 88' lang='lat' dir='ltr'>lex</span> <span class='ocrx_word' id='word_1_421' title='bbox 3131 2745 3492 2815; x_wconf 88' lang='lat' dir='ltr'>prohiberet,</span> <span class='ocrx_word' id='word_1_422' title='bbox 3510 2750 3569 2803; x_wconf 84' lang='lat' dir='ltr'>et</span> 
     </span>
    </p>
   </div>
   <div class='ocr_carea' id='block_1_62' title="bbox 1907 2828 3562 2903">
    <p class='ocr_par' dir='ltr' id='par_1_62' title="bbox 1907 2828 3562 2903">
     <span class='ocr_line' id='line_1_62' title="bbox 1907 2828 3562 2903; baseline 0.004 -19"><span class='ocrx_word' id='word_1_423' title='bbox 1907 2828 2244 2902; x_wconf 70' lang='lat' dir='ltr'>alienigenae</span> <span class='ocrx_word' id='word_1_424' title='bbox 2304 2847 2417 2886; x_wconf 94' lang='lat' dir='ltr'>non</span> <span class='ocrx_word' id='word_1_425' title='bbox 2475 2830 2644 2888; x_wconf 87' lang='lat' dir='ltr'>facile</span> <span class='ocrx_word' id='word_1_426' title='bbox 2699 2838 2949 2903; x_wconf 89' lang='lat' dir='ltr'>possunt</span> <span class='ocrx_word' id='word_1_427' title='bbox 3018 2834 3250 2889; x_wconf 89' lang='lat' dir='ltr'>admitti</span> <span class='ocrx_word' id='word_1_428' title='bbox 3318 2835 3390 2890; x_wconf 86' lang='lat' dir='ltr'>ad</span> <span class='ocrx_word' id='word_1_429' title='bbox 3438 2838 3562 2891; x_wconf 91' lang='lat' dir='ltr'>tam</span> 
     </span>
    </p>
   </div>
   <div class='ocr_carea' id='block_1_63' title="bbox 1906 2918 3565 2995">
    <p class='ocr_par' dir='ltr' id='par_1_63' title="bbox 1906 2918 3565 2995">
     <span class='ocr_line' id='line_1_63' title="bbox 1906 2918 3565 2995; baseline 0.005 -23"><span class='ocrx_word' id='word_1_430' title='bbox 1906 2919 2127 2989; x_wconf 89' lang='lat' dir='ltr'>grande</span> <span class='ocrx_word' id='word_1_431' title='bbox 2180 2918 2495 2975; x_wconf 90' lang='lat' dir='ltr'>concilium</span> <span class='ocrx_word' id='word_1_432' title='bbox 2551 2921 2725 2991; x_wconf 85' lang='lat' dir='ltr'>(Deut.</span> <span class='ocrx_word' id='word_1_433' title='bbox 2758 2938 2922 2988; x_wconf 68' lang='grc' dir='ltr'>χχιιι,</span> <span class='ocrx_word' id='word_1_434' title='bbox 2983 2922 3008 2978; x_wconf 77' lang='grc'><strong>4</strong></span> <span class='ocrx_word' id='word_1_435' title='bbox 3074 2920 3233 2995; x_wconf 51' lang='grc' dir='ltr'>θεῷ),</span> <span class='ocrx_word' id='word_1_436' title='bbox 3295 2924 3565 2980; x_wconf 90' lang='lat' dir='ltr'>Tradunt</span> 
     </span>
    </p>
   </div>
   <div class='ocr_carea' id='block_1_64' title="bbox 1908 3006 3560 3083">
    <p class='ocr_par' dir='ltr' id='par_1_64' title="bbox 1908 3006 3560 3083">
     <span class='ocr_line' id='line_1_64' title="bbox 1908 3006 3560 3083; baseline 0.004 -22"><span class='ocrx_word' id='word_1_437' title='bbox 1908 3006 2127 3062; x_wconf 80' lang='lat' dir='ltr'>Hebraei</span> <span class='ocrx_word' id='word_1_438' title='bbox 2158 3007 2218 3063; x_wconf 94' lang='lat' dir='ltr'>in</span> <span class='ocrx_word' id='word_1_439' title='bbox 2250 3008 2359 3064; x_wconf 92' lang='lat' dir='ltr'>hoc</span> <span class='ocrx_word' id='word_1_440' title='bbox 2390 3007 2515 3064; x_wconf 91' lang='lat' dir='ltr'>loco</span> <span class='ocrx_word' id='word_1_441' title='bbox 2557 3009 2688 3065; x_wconf 90' lang='lat' dir='ltr'>illos</span> <span class='ocrx_word' id='word_1_442' title='bbox 2735 3010 2925 3066; x_wconf 91' lang='lat' dir='ltr'>vocari</span> <span class='ocrx_word' id='word_1_443' title='bbox 2972 3011 3298 3080; x_wconf 87' lang='lat' dir='ltr'>eunuchos,</span> <span class='ocrx_word' id='word_1_444' title='bbox 3330 3014 3452 3083; x_wconf 79' lang='lat' dir='ltr'>qui,</span> <span class='ocrx_word' id='word_1_445' title='bbox 3485 3012 3560 3068; x_wconf 90' lang='lat' dir='ltr'>ab</span> 
     </span>
    </p>
   </div>
   <div class='ocr_carea' id='block_1_65' title="bbox 1906 3096 3560 3167">
    <p class='ocr_par' dir='ltr' id='par_1_65' title="bbox 1906 3096 3560 3167">
     <span class='ocr_line' id='line_1_65' title="bbox 1906 3096 3560 3167; baseline 0.004 -18"><span class='ocrx_word' id='word_1_446' title='bbox 1906 3096 2182 3151; x_wconf 90' lang='lat' dir='ltr'>omnibus</span> <span class='ocrx_word' id='word_1_447' title='bbox 2211 3097 2441 3152; x_wconf 88' lang='lat' dir='ltr'>actibus</span> <span class='ocrx_word' id='word_1_448' title='bbox 2496 3097 2690 3152; x_wconf 69' lang='lat' dir='ltr'>smculi</span> <span class='ocrx_word' id='word_1_449' title='bbox 2730 3097 2925 3167; x_wconf 89' lang='lat' dir='ltr'>alieni,</span> <span class='ocrx_word' id='word_1_450' title='bbox 2960 3098 3208 3154; x_wconf 87' lang='lat' dir='ltr'>orationi</span> <span class='ocrx_word' id='word_1_451' title='bbox 3240 3103 3470 3154; x_wconf 85' lang='lat' dir='ltr'>tantum</span> <span class='ocrx_word' id='word_1_452' title='bbox 3502 3103 3560 3155; x_wconf 82' lang='lat' dir='ltr'>et</span> 
     </span>
    </p>
   </div>
   <div class='ocr_carea' id='block_1_66' title="bbox 1904 3183 3552 3254">
    <p class='ocr_par' dir='ltr' id='par_1_66' title="bbox 1904 3183 3552 3254">
     <span class='ocr_line' id='line_1_66' title="bbox 1904 3183 3552 3254; baseline 0.004 -17"><span class='ocrx_word' id='word_1_453' title='bbox 1904 3183 2137 3239; x_wconf 87' lang='lat' dir='ltr'>lectioni</span> <span class='ocrx_word' id='word_1_454' title='bbox 2168 3185 2452 3240; x_wconf 89' lang='lat' dir='ltr'>vacabant</span> <span class='ocrx_word' id='word_1_455' title='bbox 2485 3202 2497 3239; x_wconf 90' lang='lat'>:</span> <span class='ocrx_word' id='word_1_456' title='bbox 2533 3190 2589 3240; x_wconf 90' lang='lat' dir='ltr'>et</span> <span class='ocrx_word' id='word_1_457' title='bbox 2619 3202 2827 3241; x_wconf 84' lang='lat' dir='ltr'>uxores</span> <span class='ocrx_word' id='word_1_458' title='bbox 2888 3203 3002 3242; x_wconf 91' lang='lat' dir='ltr'>non</span> <span class='ocrx_word' id='word_1_459' title='bbox 3036 3203 3215 3242; x_wconf 90' lang='lat' dir='ltr'>causa</span> <span class='ocrx_word' id='word_1_460' title='bbox 3269 3186 3552 3254; x_wconf 89' lang='lat' dir='ltr'>libidinis,</span> 
     </span>
    </p>
   </div>
   <div class='ocr_carea' id='block_1_67' title="bbox 1819 3257 3551 3349">
    <p class='ocr_par' dir='ltr' id='par_1_67' title="bbox 1819 3257 3551 3349">
     <span class='ocr_line' id='line_1_67' title="bbox 1819 3257 3551 3349; baseline 0.006 -26"><span class='ocrx_word' id='word_1_461' title='bbox 1819 3257 1862 3323; x_wconf 85' lang='lat' dir='ltr'>C</span> <span class='ocrx_word' id='word_1_462' title='bbox 1900 3272 2001 3327; x_wconf 88' lang='lat' dir='ltr'>sed</span> <span class='ocrx_word' id='word_1_463' title='bbox 2059 3272 2445 3346; x_wconf 69' lang='lat' dir='ltr'>suscipiendae</span> <span class='ocrx_word' id='word_1_464' title='bbox 2501 3274 2682 3345; x_wconf 88' lang='lat' dir='ltr'>prolis</span> <span class='ocrx_word' id='word_1_465' title='bbox 2737 3274 2926 3346; x_wconf 87' lang='lat' dir='ltr'>gratia</span> <span class='ocrx_word' id='word_1_466' title='bbox 3002 3274 3312 3343; x_wconf 88' lang='lat' dir='ltr'>habebant,</span> <span class='ocrx_word' id='word_1_467' title='bbox 3400 3293 3551 3349; x_wconf 88' lang='lat' dir='ltr'>quos</span> 
     </span>
    </p>
   </div>
   <div class='ocr_carea' id='block_1_68' title="bbox 196 3360 3551 3445">
    <p class='ocr_par' dir='ltr' id='par_1_68' title="bbox 196 3360 3551 3445">
     <span class='ocr_line' id='line_1_68' title="bbox 196 3360 3551 3445; baseline 0 -22"><span class='ocrx_word' id='word_1_468' title='bbox 196 3370 369 3439; x_wconf 88' lang='lat' dir='ltr'>(Cap.</span> <span class='ocrx_word' id='word_1_469' title='bbox 403 3365 599 3421; x_wconf 86' lang='lat' dir='ltr'>XXVI.</span> <span class='ocrx_word' id='word_1_470' title='bbox 631 3397 699 3407; x_wconf 89' lang='lat'>—-</span> <span class='ocrx_word' id='word_1_471' title='bbox 727 3365 871 3423; x_wconf 90' lang='lat' dir='ltr'>Vers</span> <span class='ocrx_word' id='word_1_472' title='bbox 917 3366 1029 3437; x_wconf 77' lang='grc'>15.)</span> <span class='ocrx_word' id='word_1_473' title='bbox 1088 3389 1116 3417; x_wconf 72' lang='grc' dir='ltr'><strong>α</strong></span> <span class='ocrx_word' id='word_1_474' title='bbox 1176 3366 1553 3422; x_wconf 91' lang='lat' dir='ltr'>Obed-Edom</span> <span class='ocrx_word' id='word_1_475' title='bbox 1609 3365 1783 3439; x_wconf 87' lang='lat' dir='ltr'>plaga</span> <span class='ocrx_word' id='word_1_476' title='bbox 1887 3360 2179 3433; x_wconf 68' lang='lat' dir='ltr'>Iosephus</span> <span class='ocrx_word' id='word_1_477' title='bbox 2192 3364 2516 3419; x_wconf 85' lang='lat' dir='ltr'>secundum</span> <span class='ocrx_word' id='word_1_478' title='bbox 2529 3363 3010 3421; x_wconf 72' lang='lat' dir='ltr'>eorumhaeresim</span> <span class='ocrx_word' id='word_1_479' title='bbox 3024 3366 3551 3445; x_wconf 87' lang='lat' dir='ltr'>Essenos(b)vocat._</span> 
     </span>
    </p>
   </div>
   <div class='ocr_carea' id='block_1_69' title="bbox 116 3454 1779 3513">
    <p class='ocr_par' dir='ltr' id='par_1_69' title="bbox 116 3454 1779 3513">
     <span class='ocr_line' id='line_1_69' title="bbox 116 3454 1779 3513; baseline -0.001 0"><span class='ocrx_word' id='word_1_480' title='bbox 116 3455 419 3513; x_wconf 80' lang='lat' dir='ltr'>australis</span> <span class='ocrx_word' id='word_1_481' title='bbox 463 3458 521 3510; x_wconf 88' lang='lat' dir='ltr'>et</span> <span class='ocrx_word' id='word_1_482' title='bbox 562 3454 699 3510; x_wconf 85' lang='lat' dir='ltr'>ﬁliis</span> <span class='ocrx_word' id='word_1_483' title='bbox 744 3459 837 3511; x_wconf 90' lang='lat' dir='ltr'>est</span> <span class='ocrx_word' id='word_1_484' title='bbox 887 3455 1099 3510; x_wconf 91' lang='lat' dir='ltr'>domus</span> <span class='ocrx_word' id='word_1_485' title='bbox 1154 3454 1402 3510; x_wconf 91' lang='lat' dir='ltr'>concilii.</span> <span class='ocrx_word' id='word_1_486' title='bbox 1452 3478 1479 3503; x_wconf 90' lang='grc'><strong>››</strong></span> <span class='ocrx_word' id='word_1_487' title='bbox 1530 3454 1779 3511; x_wconf 91' lang='lat' dir='ltr'>Domum</span> 
     </span>
    </p>
   </div>
   <div class='ocr_carea' id='block_1_70' title="bbox 113 3543 1779 3617">
    <p class='ocr_par' dir='ltr' id='par_1_70' title="bbox 113 3543 1779 3617">
     <span class='ocr_line' id='line_1_70' title="bbox 113 3543 1779 3617; baseline -0.002 -14"><span class='ocrx_word' id='word_1_488' title='bbox 113 3545 365 3603; x_wconf 89' lang='lat' dir='ltr'>concilii</span> <span class='ocrx_word' id='word_1_489' title='bbox 396 3543 659 3616; x_wconf 89' lang='lat' dir='ltr'>plerique</span> <span class='ocrx_word' id='word_1_490' title='bbox 689 3543 937 3617; x_wconf 88' lang='lat' dir='ltr'>intelligi</span> <span class='ocrx_word' id='word_1_491' title='bbox 967 3543 1172 3600; x_wconf 90' lang='lat' dir='ltr'>volunt</span> <span class='ocrx_word' id='word_1_492' title='bbox 1193 3544 1406 3600; x_wconf 90' lang='lat' dir='ltr'>Sancta</span> <span class='ocrx_word' id='word_1_493' title='bbox 1421 3548 1779 3614; x_wconf 85' lang='lat' dir='ltr'>sanctorum,</span> 
     </span>
    </p>
   </div>
   <div class='ocr_carea' id='block_1_71' title="bbox 113 3622 1104 3707">
    <p class='ocr_par' dir='ltr' id='par_1_71' title="bbox 113 3622 1104 3707">
     <span class='ocr_line' id='line_1_71' title="bbox 113 3622 1104 3707; baseline -0.003 -18"><span class='ocrx_word' id='word_1_494' title='bbox 113 3635 176 3690; x_wconf 88' lang='lat' dir='ltr'>in</span> <span class='ocrx_word' id='word_1_495' title='bbox 216 3622 349 3707; x_wconf 86' lang='lat' dir='ltr'>quo</span> <span class='ocrx_word' id='word_1_496' title='bbox 379 3636 508 3688; x_wconf 90' lang='lat' dir='ltr'>erat</span> <span class='ocrx_word' id='word_1_497' title='bbox 537 3648 820 3688; x_wconf 89' lang='lat' dir='ltr'>arcanum</span> <span class='ocrx_word' id='word_1_498' title='bbox 851 3632 1104 3688; x_wconf 91' lang='lat' dir='ltr'>consilii.</span> 
     </span>
    </p>
   </div>
   <div class='ocr_carea' id='block_1_72' title="bbox 185 3720 1782 3796">
    <p class='ocr_par' dir='ltr' id='par_1_72' title="bbox 185 3720 1782 3796">
     <span class='ocr_line' id='line_1_72' title="bbox 185 3720 1782 3796; baseline -0.002 -16"><span class='ocrx_word' id='word_1_499' title='bbox 185 3724 364 3796; x_wconf 85' lang='lat' dir='ltr'>(Cap.</span> <span class='ocrx_word' id='word_1_500' title='bbox 398 3720 613 3777; x_wconf 88' lang='lat' dir='ltr'>XXVII.</span> <span class='ocrx_word' id='word_1_501' title='bbox 651 3753 715 3762; x_wconf 91' lang='lat'><em>—</em></span> <span class='ocrx_word' id='word_1_502' title='bbox 746 3721 911 3778; x_wconf 89' lang='lat' dir='ltr'>Vers.</span> <span class='ocrx_word' id='word_1_503' title='bbox 946 3723 1056 3793; x_wconf 90' lang='grc'>18.)</span> <span class='ocrx_word' id='word_1_504' title='bbox 1090 3744 1118 3771; x_wconf 90' lang='grc'>‹‹</span> <span class='ocrx_word' id='word_1_505' title='bbox 1179 3720 1351 3777; x_wconf 89' lang='lat' dir='ltr'>Elihu</span> <span class='ocrx_word' id='word_1_506' title='bbox 1392 3722 1572 3777; x_wconf 89' lang='lat' dir='ltr'>frater</span> <span class='ocrx_word' id='word_1_507' title='bbox 1602 3722 1782 3778; x_wconf 90' lang='lat' dir='ltr'>David</span> 
     </span>
    </p>
   </div>
   <div class='ocr_carea' id='block_1_73' title="bbox 107 3810 1784 3885">
    <p class='ocr_par' dir='ltr' id='par_1_73' title="bbox 107 3810 1784 3885">
     <span class='ocr_line' id='line_1_73' title="bbox 107 3810 1784 3885; baseline 0.001 -17"><span class='ocrx_word' id='word_1_508' title='bbox 107 3812 409 3884; x_wconf 87' lang='lat' dir='ltr'>princeps</span> <span class='ocrx_word' id='word_1_509' title='bbox 435 3810 624 3875; x_wconf 90' lang='lat' dir='ltr'>Juda;</span> <span class='ocrx_word' id='word_1_510' title='bbox 660 3832 689 3859; x_wconf 85' lang='grc'>››</span> <span class='ocrx_word' id='word_1_511' title='bbox 720 3810 778 3865; x_wconf 92' lang='lat' dir='ltr'>in</span> <span class='ocrx_word' id='word_1_512' title='bbox 814 3811 1035 3883; x_wconf 83' lang='lat' dir='ltr'>Regum</span> <span class='ocrx_word' id='word_1_513' title='bbox 1068 3810 1228 3866; x_wconf 87' lang='lat' dir='ltr'>Eliab</span> <span class='ocrx_word' id='word_1_514' title='bbox 1274 3816 1515 3867; x_wconf 91' lang='lat' dir='ltr'>vocatur</span> <span class='ocrx_word' id='word_1_515' title='bbox 1556 3813 1604 3883; x_wconf 87' lang='grc' dir='ltr'>(Ι</span> <span class='ocrx_word' id='word_1_516' title='bbox 1658 3814 1784 3885; x_wconf 82' lang='lat' dir='ltr'>Reg.</span> 
     </span>
    </p>
   </div>
   <div class='ocr_carea' id='block_1_74' title="bbox 106 3898 1790 3974">
    <p class='ocr_par' dir='ltr' id='par_1_74' title="bbox 106 3898 1790 3974">
     <span class='ocr_line' id='line_1_74' title="bbox 106 3898 1790 3974; baseline 0.001 -18"><span class='ocrx_word' id='word_1_517' title='bbox 106 3919 235 3974; x_wconf 77' lang='lat' dir='ltr'>xvr,</span> <span class='ocrx_word' id='word_1_518' title='bbox 270 3902 359 3963; x_wconf 84' lang='lat'>6).</span> <span class='ocrx_word' id='word_1_519' title='bbox 394 3898 575 3966; x_wconf 87' lang='lat' dir='ltr'>Eliab,</span> <span class='ocrx_word' id='word_1_520' title='bbox 641 3905 783 3956; x_wconf 86' lang='lat' dir='ltr'>Deus</span> <span class='ocrx_word' id='word_1_521' title='bbox 811 3915 964 3955; x_wconf 85' lang='lat' dir='ltr'>meus</span> <span class='ocrx_word' id='word_1_522' title='bbox 1016 3908 1192 3971; x_wconf 83' lang='lat' dir='ltr'>pater,</span> <span class='ocrx_word' id='word_1_523' title='bbox 1227 3900 1416 3965; x_wconf 86' lang='lat' dir='ltr'>Elihu,</span> <span class='ocrx_word' id='word_1_524' title='bbox 1465 3902 1605 3956; x_wconf 83' lang='lat' dir='ltr'>Deus</span> <span class='ocrx_word' id='word_1_525' title='bbox 1637 3918 1790 3958; x_wconf 86' lang='lat' dir='ltr'>meus</span> 
     </span>
    </p>
   </div>
   <div class='ocr_carea' id='block_1_75' title="bbox 107 3988 1245 4049">
    <p class='ocr_par' dir='ltr' id='par_1_75' title="bbox 107 3988 1245 4049">
     <span class='ocr_line' id='line_1_75' title="bbox 107 3988 1245 4049; baseline -0.001 -2"><span class='ocrx_word' id='word_1_526' title='bbox 107 3991 428 4049; x_wconf 86' lang='lat' dir='ltr'>Dominus.</span> <span class='ocrx_word' id='word_1_527' title='bbox 1235 3988 1245 4006; x_wconf 82' lang='lat'><strong><em>‘</em></strong></span> 
     </span>
    </p>
   </div>
   <div class='ocr_carea' id='block_1_76' title="bbox 182 4076 1789 4153">
    <p class='ocr_par' dir='ltr' id='par_1_76' title="bbox 182 4076 1789 4153">
     <span class='ocr_line' id='line_1_76' title="bbox 182 4076 1789 4153; baseline 0.001 -19"><span class='ocrx_word' id='word_1_528' title='bbox 182 4080 395 4153; x_wconf 88' lang='lat' dir='ltr'>(Vers.</span> <span class='ocrx_word' id='word_1_529' title='bbox 436 4078 603 4149; x_wconf 87' lang='lat'>23.)«</span> <span class='ocrx_word' id='word_1_530' title='bbox 634 4076 832 4133; x_wconf 87' lang='lat' dir='ltr'>Noluit</span> <span class='ocrx_word' id='word_1_531' title='bbox 886 4082 1081 4132; x_wconf 87' lang='lat' dir='ltr'>autem</span> <span class='ocrx_word' id='word_1_532' title='bbox 1131 4093 1230 4133; x_wconf 88' lang='lat' dir='ltr'>eos</span> <span class='ocrx_word' id='word_1_533' title='bbox 1273 4078 1447 4133; x_wconf 88' lang='lat' dir='ltr'>David</span> <span class='ocrx_word' id='word_1_534' title='bbox 1478 4094 1789 4135; x_wconf 90' lang='lat' dir='ltr'>numerare</span> 
     </span>
    </p>
   </div>
   <div class='ocr_carea' id='block_1_77' title="bbox 105 4165 1788 4241">
    <p class='ocr_par' dir='ltr' id='par_1_77' title="bbox 105 4165 1788 4241">
     <span class='ocr_line' id='line_1_77' title="bbox 105 4165 1788 4241; baseline -0.002 -16"><span class='ocrx_word' id='word_1_535' title='bbox 105 4185 143 4225; x_wconf 88' lang='lat' dir='ltr'>a</span> <span class='ocrx_word' id='word_1_536' title='bbox 173 4167 406 4241; x_wconf 84' lang='lat' dir='ltr'>viginti</span> <span class='ocrx_word' id='word_1_537' title='bbox 441 4168 457 4201; x_wconf 92' lang='grc'>¹</span> <span class='ocrx_word' id='word_1_538' title='bbox 491 4166 662 4222; x_wconf 90' lang='lat' dir='ltr'>annis</span> <span class='ocrx_word' id='word_1_539' title='bbox 691 4165 767 4237; x_wconf 89' lang='lat' dir='ltr'>(a)</span> <span class='ocrx_word' id='word_1_540' title='bbox 798 4165 1063 4222; x_wconf 88' lang='lat' dir='ltr'>inferius.</span> <span class='ocrx_word' id='word_1_541' title='bbox 1098 4188 1125 4217; x_wconf 85' lang='grc'><strong>››</strong></span> <span class='ocrx_word' id='word_1_542' title='bbox 1182 4165 1331 4220; x_wconf 83' lang='lat' dir='ltr'>Usus</span> <span class='ocrx_word' id='word_1_543' title='bbox 1361 4167 1518 4221; x_wconf 90' lang='lat' dir='ltr'>enim</span> <span class='ocrx_word' id='word_1_544' title='bbox 1550 4173 1675 4222; x_wconf 90' lang='lat' dir='ltr'>erat</span> <span class='ocrx_word' id='word_1_545' title='bbox 1703 4172 1788 4233; x_wconf 90' lang='lat' dir='ltr'>ut,</span> 
     </span>
    </p>
   </div>
   <div class='ocr_carea' id='block_1_78' title="bbox 102 4253 1790 4331">
    <p class='ocr_par' dir='ltr' id='par_1_78' title="bbox 102 4253 1790 4331">
     <span class='ocr_line' id='line_1_78' title="bbox 102 4253 1790 4331; baseline -0.002 -17"><span class='ocrx_word' id='word_1_546' title='bbox 102 4259 157 4314; x_wconf 88' lang='lat' dir='ltr'>si</span> <span class='ocrx_word' id='word_1_547' title='bbox 191 4256 455 4331; x_wconf 87' lang='lat' dir='ltr'>quando</span> <span class='ocrx_word' id='word_1_548' title='bbox 480 4259 886 4311; x_wconf 89' lang='lat' dir='ltr'>numeraretur</span> <span class='ocrx_word' id='word_1_549' title='bbox 916 4271 949 4309; x_wconf 93' lang='lat' dir='ltr'>a</span> <span class='ocrx_word' id='word_1_550' title='bbox 994 4253 1195 4326; x_wconf 88' lang='lat' dir='ltr'>viginti</span> <span class='ocrx_word' id='word_1_551' title='bbox 1252 4254 1424 4310; x_wconf 88' lang='lat' dir='ltr'>annis</span> <span class='ocrx_word' id='word_1_552' title='bbox 1479 4259 1536 4310; x_wconf 88' lang='lat' dir='ltr'>et</span> <span class='ocrx_word' id='word_1_553' title='bbox 1588 4271 1790 4327; x_wconf 90' lang='lat' dir='ltr'>supra,</span> 
     </span>
    </p>
   </div>
   <div class='ocr_carea' id='block_1_79' title="bbox 100 4343 1786 4416">
    <p class='ocr_par' dir='ltr' id='par_1_79' title="bbox 100 4343 1786 4416">
     <span class='ocr_line' id='line_1_79' title="bbox 100 4343 1786 4416; baseline -0.002 -12"><span class='ocrx_word' id='word_1_554' title='bbox 100 4348 589 4404; x_wconf 87' lang='lat' dir='ltr'>numerarentur</span> <span class='ocrx_word' id='word_1_555' title='bbox 615 4343 675 4399; x_wconf 93' lang='lat' dir='ltr'>hi</span> <span class='ocrx_word' id='word_1_556' title='bbox 706 4344 807 4415; x_wconf 90' lang='lat' dir='ltr'>qui</span> <span class='ocrx_word' id='word_1_557' title='bbox 842 4348 1109 4416; x_wconf 89' lang='lat' dir='ltr'>poterant</span> <span class='ocrx_word' id='word_1_558' title='bbox 1162 4343 1234 4399; x_wconf 87' lang='lat' dir='ltr'>ad</span> <span class='ocrx_word' id='word_1_559' title='bbox 1270 4343 1423 4400; x_wconf 92' lang='lat' dir='ltr'>bella</span> <span class='ocrx_word' id='word_1_560' title='bbox 1453 4344 1786 4416; x_wconf 90' lang='lat' dir='ltr'>procedere,</span> 
     </span>
    </p>
   </div>
   <div class='ocr_carea' id='block_1_80' title="bbox 100 4429 1791 4505">
    <p class='ocr_par' dir='ltr' id='par_1_80' title="bbox 100 4429 1791 4505">
     <span class='ocr_line' id='line_1_80' title="bbox 100 4429 1791 4505; baseline -0.002 -14"><span class='ocrx_word' id='word_1_561' title='bbox 100 4439 215 4491; x_wconf 89' lang='lat' dir='ltr'>aut</span> <span class='ocrx_word' id='word_1_562' title='bbox 245 4432 467 4504; x_wconf 88' lang='lat' dir='ltr'>aliquo</span> <span class='ocrx_word' id='word_1_563' title='bbox 499 4430 823 4486; x_wconf 89' lang='lat' dir='ltr'>ministerio</span> <span class='ocrx_word' id='word_1_564' title='bbox 856 4431 1039 4503; x_wconf 88' lang='lat' dir='ltr'>fungi.</span> <span class='ocrx_word' id='word_1_565' title='bbox 1075 4429 1220 4496; x_wconf 93' lang='lat' dir='ltr'>Quia</span> <span class='ocrx_word' id='word_1_566' title='bbox 1267 4448 1400 4487; x_wconf 91' lang='lat' dir='ltr'>vero</span> <span class='ocrx_word' id='word_1_567' title='bbox 1456 4432 1635 4488; x_wconf 89' lang='lat' dir='ltr'>David</span> <span class='ocrx_word' id='word_1_568' title='bbox 1695 4449 1791 4505; x_wconf 91' lang='lat' dir='ltr'>ge-</span> 
     </span>
    </p>
   </div>
   <div class='ocr_carea' id='block_1_81' title="bbox 99 4518 1790 4594">
    <p class='ocr_par' dir='ltr' id='par_1_81' title="bbox 99 4518 1790 4594">
     <span class='ocr_line' id='line_1_81' title="bbox 99 4518 1790 4594; baseline -0.001 -15"><span class='ocrx_word' id='word_1_569' title='bbox 99 4522 415 4581; x_wconf 87' lang='lat' dir='ltr'>neraliter</span> <span class='ocrx_word' id='word_1_570' title='bbox 435 4518 618 4591; x_wconf 88' lang='lat' dir='ltr'>jussit</span> <span class='ocrx_word' id='word_1_571' title='bbox 645 4535 852 4575; x_wconf 89' lang='lat' dir='ltr'>omnes</span> <span class='ocrx_word' id='word_1_572' title='bbox 874 4519 1190 4587; x_wconf 88' lang='lat' dir='ltr'>numerari,</span> <span class='ocrx_word' id='word_1_573' title='bbox 1222 4525 1281 4576; x_wconf 88' lang='lat' dir='ltr'>et</span> <span class='ocrx_word' id='word_1_574' title='bbox 1310 4536 1493 4593; x_wconf 89' lang='lat' dir='ltr'>supra</span> <span class='ocrx_word' id='word_1_575' title='bbox 1520 4521 1790 4594; x_wconf 89' lang='lat' dir='ltr'>vinginti,</span> 
     </span>
    </p>
   </div>
   <div class='ocr_carea' id='block_1_82' title="bbox 183 4678 1615 4755">
    <p class='ocr_par' dir='ltr' id='par_1_82' title="bbox 183 4678 1615 4755">
     <span class='ocr_line' id='line_1_82' title="bbox 183 4678 1615 4755; baseline -0.003 -15"><span class='ocrx_word' id='word_1_576' title='bbox 183 4688 200 4720; x_wconf 79' lang='grc' dir='ltr'>ι</span> <span class='ocrx_word' id='word_1_577' title='bbox 238 4678 841 4755; x_wconf 65' lang='lat' dir='ltr'>Maquscrip&#39;tilibri,</span> <span class='ocrx_word' id='word_1_578' title='bbox 871 4697 904 4735; x_wconf 87' lang='grc' dir='ltr'><em>α</em></span> <span class='ocrx_word' id='word_1_579' title='bbox 936 4682 1134 4755; x_wconf 83' lang='lat' dir='ltr'>viginti</span> <span class='ocrx_word' id='word_1_580' title='bbox 1162 4683 1326 4755; x_wconf 82' lang='lat' dir='ltr'>annis</span> <span class='ocrx_word' id='word_1_581' title='bbox 1353 4688 1411 4755; x_wconf 76' lang='lat' dir='ltr'>ei</span> <span class='ocrx_word' id='word_1_582' title='bbox 1426 4700 1615 4755; x_wconf 84' lang='lat' dir='ltr'>supra.</span> 
     </span>
    </p>
   </div>
   <div class='ocr_carea' id='block_1_83' title="bbox 178 4751 1793 4824">
    <p class='ocr_par' dir='ltr' id='par_1_83' title="bbox 178 4751 1793 4824">
     <span class='ocr_line' id='line_1_83' title="bbox 178 4751 1793 4824; baseline -0.001 -13"><span class='ocrx_word' id='word_1_583' title='bbox 178 4758 204 4793; x_wconf 77' lang='grc'>³</span> <span class='ocrx_word' id='word_1_584' title='bbox 235 4751 636 4823; x_wconf 81' lang='lat' dir='ltr'>Conjunctim</span> <span class='ocrx_word' id='word_1_585' title='bbox 667 4751 1363 4824; x_wconf 68' lang='lat' dir='ltr'>legunturQuzestiones,</span> <span class='ocrx_word' id='word_1_586' title='bbox 1401 4751 1524 4810; x_wconf 71' lang='lat' dir='ltr'>istis</span> <span class='ocrx_word' id='word_1_587' title='bbox 1558 4756 1616 4809; x_wconf 91' lang='lat' dir='ltr'>in</span> <span class='ocrx_word' id='word_1_588' title='bbox 1650 4771 1793 4811; x_wconf 89' lang='lat' dir='ltr'>mss.</span> 
     </span>
    </p>
   </div>
   <div class='ocr_carea' id='block_1_84' title="bbox 102 4822 1799 4893">
    <p class='ocr_par' dir='ltr' id='par_1_84' title="bbox 102 4822 1799 4893">
     <span class='ocr_line' id='line_1_84' title="bbox 102 4822 1799 4893; baseline -0.002 -9"><span class='ocrx_word' id='word_1_589' title='bbox 102 4822 470 4893; x_wconf 73' lang='lat' dir='ltr'>codicibus,</span> <span class='ocrx_word' id='word_1_590' title='bbox 504 4839 609 4878; x_wconf 89' lang='lat' dir='ltr'>nec</span> <span class='ocrx_word' id='word_1_591' title='bbox 640 4822 762 4879; x_wconf 77' lang='lat' dir='ltr'>ulla</span> <span class='ocrx_word' id='word_1_592' title='bbox 814 4823 871 4878; x_wconf 91' lang='lat' dir='ltr'>in</span> <span class='ocrx_word' id='word_1_593' title='bbox 914 4823 1033 4879; x_wconf 87' lang='lat' dir='ltr'>illis</span> <span class='ocrx_word' id='word_1_594' title='bbox 1081 4828 1173 4880; x_wconf 89' lang='lat' dir='ltr'>est</span> <span class='ocrx_word' id='word_1_595' title='bbox 1205 4825 1500 4881; x_wconf 87' lang='lat' dir='ltr'>distinctio</span> <span class='ocrx_word' id='word_1_596' title='bbox 1550 4826 1698 4882; x_wconf 89' lang='lat' dir='ltr'>inter</span> <span class='ocrx_word' id='word_1_597' title='bbox 1727 4826 1799 4881; x_wconf 88' lang='lat' dir='ltr'>li-</span> 
     </span>
    </p>
   </div>
   <div class='ocr_carea' id='block_1_85' title="bbox 103 4895 1801 4971">
    <p class='ocr_par' dir='ltr' id='par_1_85' title="bbox 103 4895 1801 4971">
     <span class='ocr_line' id='line_1_85' title="bbox 103 4895 1801 4971; baseline -0.001 -16"><span class='ocrx_word' id='word_1_598' title='bbox 103 4901 293 4957; x_wconf 85' lang='lat' dir='ltr'>brum</span> <span class='ocrx_word' id='word_1_599' title='bbox 334 4895 607 4971; x_wconf 87' lang='lat' dir='ltr'>primum</span> <span class='ocrx_word' id='word_1_600' title='bbox 639 4899 697 4951; x_wconf 91' lang='lat' dir='ltr'>et</span> <span class='ocrx_word' id='word_1_601' title='bbox 727 4896 1075 4951; x_wconf 91' lang='lat' dir='ltr'>secundum.</span> <span class='ocrx_word' id='word_1_602' title='bbox 1111 4901 1180 4953; x_wconf 80' lang='lat' dir='ltr'>At</span> <span class='ocrx_word' id='word_1_603' title='bbox 1223 4895 1589 4953; x_wconf 90' lang='lat' dir='ltr'>Colbertinus</span> <span class='ocrx_word' id='word_1_604' title='bbox 1621 4914 1801 4970; x_wconf 88' lang='lat' dir='ltr'>supra</span> 
     </span>
    </p>
   </div>
   <div class='ocr_carea' id='block_1_86' title="bbox 178 5036 1801 5113">
    <p class='ocr_par' dir='ltr' id='par_1_86' title="bbox 178 5036 1801 5113">
     <span class='ocr_line' id='line_1_86' title="bbox 178 5036 1801 5113; baseline 0.001 -17"><span class='ocrx_word' id='word_1_605' title='bbox 178 5044 267 5113; x_wconf 84' lang='lat' dir='ltr'>(a)</span> <span class='ocrx_word' id='word_1_606' title='bbox 304 5037 519 5096; x_wconf 88' lang='lat' dir='ltr'>Nostri</span> <span class='ocrx_word' id='word_1_607' title='bbox 552 5052 686 5093; x_wconf 91' lang='lat' dir='ltr'>vero</span> <span class='ocrx_word' id='word_1_608' title='bbox 708 5054 851 5093; x_wconf 89' lang='lat' dir='ltr'>mss.</span> <span class='ocrx_word' id='word_1_609' title='bbox 887 5036 1184 5109; x_wconf 69' lang='lat' dir='ltr'>impressa:</span> <span class='ocrx_word' id='word_1_610' title='bbox 1208 5038 1439 5095; x_wconf 89' lang='lat' dir='ltr'>lectioni</span> <span class='ocrx_word' id='word_1_611' title='bbox 1478 5041 1801 5097; x_wconf 90' lang='lat' dir='ltr'>rectissime</span> 
     </span>
    </p>
   </div>
   <div class='ocr_carea' id='block_1_87' title="bbox 108 5112 573 5187">
    <p class='ocr_par' dir='ltr' id='par_1_87' title="bbox 108 5112 573 5187">
     <span class='ocr_line' id='line_1_87' title="bbox 108 5112 573 5187; baseline -0.009 -13"><span class='ocrx_word' id='word_1_612' title='bbox 108 5134 138 5174; x_wconf 90' lang='lat' dir='ltr'>s</span> <span class='ocrx_word' id='word_1_613' title='bbox 150 5112 522 5187; x_wconf 58' lang='lat' dir='ltr'>uﬂ‘raganju</span> <span class='ocrx_word' id='word_1_614' title='bbox 531 5125 573 5165; x_wconf 79' lang='grc' dir='ltr'>ι’.</span> 
     </span>
    </p>
   </div>
   <div class='ocr_carea' id='block_1_88' title="bbox 182 5177 1799 5260">
    <p class='ocr_par' dir='ltr' id='par_1_88' title="bbox 182 5177 1799 5260">
     <span class='ocr_line' id='line_1_88' title="bbox 182 5177 1799 5260; baseline -0.002 -17"><span class='ocrx_word' id='word_1_615' title='bbox 182 5188 268 5260; x_wconf 84' lang='lat' dir='ltr'>(b)</span> <span class='ocrx_word' id='word_1_616' title='bbox 305 5177 398 5241; x_wconf 69' lang='lat' dir='ltr'>De</span> <span class='ocrx_word' id='word_1_617' title='bbox 430 5177 667 5260; x_wconf 60' lang='lat' dir='ltr'>Essenis</span> <span class='ocrx_word' id='word_1_618' title='bbox 686 5178 1278 5260; x_wconf 80' lang='lat' dir='ltr'>loquiturJosep_hus,</span> <span class='ocrx_word' id='word_1_619' title='bbox 1302 5180 1405 5237; x_wconf 90' lang='lat' dir='ltr'>lib.</span> <span class='ocrx_word' id='word_1_620' title='bbox 1431 5182 1503 5260; x_wconf 77' lang='lat' dir='ltr'>de</span> <span class='ocrx_word' id='word_1_621' title='bbox 1530 5183 1680 5260; x_wconf 68' lang='lat' dir='ltr'>Bello</span> <span class='ocrx_word' id='word_1_622' title='bbox 1704 5185 1799 5260; x_wconf 85' lang='lat' dir='ltr'>Ju-_</span> 
     </span>
    </p>
   </div>
   <div class='ocr_carea' id='block_1_89' title="bbox 1160 5253 1803 5326">
    <p class='ocr_par' dir='ltr' id='par_1_89' title="bbox 1160 5253 1803 5326">
     <span class='ocr_line' id='line_1_89' title="bbox 1160 5253 1803 5326; baseline 0.006 -18"><span class='ocrx_word' id='word_1_623' title='bbox 1160 5253 1343 5310; x_wconf 91' lang='lat' dir='ltr'>ieron.</span> <span class='ocrx_word' id='word_1_624' title='bbox 1405 5253 1576 5326; x_wconf 87' lang='lat' dir='ltr'>epist.</span> <span class='ocrx_word' id='word_1_625' title='bbox 1609 5258 1703 5325; x_wconf 91' lang='lat'>22,</span> <span class='ocrx_word' id='word_1_626' title='bbox 1732 5255 1803 5312; x_wconf 88' lang='lat' dir='ltr'>ad</span> 
     </span>
    </p>
   </div>
   <div class='ocr_carea' id='block_1_90' title="bbox 101 5250 1051 5326">
    <p class='ocr_par' dir='ltr' id='par_1_90' title="bbox 101 5250 1051 5326">
     <span class='ocr_line' id='line_1_90' title="bbox 101 5250 1051 5326; baseline -0.007 -10"><span class='ocrx_word' id='word_1_627' title='bbox 101 5250 303 5326; x_wconf 77' lang='lat' dir='ltr'>daieb,</span> <span class='ocrx_word' id='word_1_628' title='bbox 341 5268 490 5325; x_wconf 85' lang='lat' dir='ltr'>cap.</span> <span class='ocrx_word' id='word_1_629' title='bbox 521 5252 577 5307; x_wconf 91' lang='lat'>8.</span> <span class='ocrx_word' id='word_1_630' title='bbox 621 5250 804 5308; x_wconf 82' lang='lat' dir='ltr'>Verus</span> <span class='ocrx_word' id='word_1_631' title='bbox 856 5255 1051 5309; x_wconf 87' lang='lat' dir='ltr'>autem</span> 
     </span>
    </p>
   </div>
   <div class='ocr_carea' id='block_1_91' title="bbox 1963 3450 3552 3528">
    <p class='ocr_par' dir='ltr' id='par_1_91' title="bbox 1963 3450 3552 3528">
     <span class='ocr_line' id='line_1_91' title="bbox 1963 3450 3552 3528; baseline 0.006 -24"><span class='ocrx_word' id='word_1_632' title='bbox 1963 3450 2146 3521; x_wconf 84' lang='lat' dir='ltr'>(Vers.</span> <span class='ocrx_word' id='word_1_633' title='bbox 2178 3452 2259 3523; x_wconf 88' lang='lat'>2.)</span> <span class='ocrx_word' id='word_1_634' title='bbox 2284 3474 2312 3501; x_wconf 88' lang='lat'><strong>«</strong></span> <span class='ocrx_word' id='word_1_635' title='bbox 2348 3451 2563 3507; x_wconf 88' lang='lat' dir='ltr'>Audite</span> <span class='ocrx_word' id='word_1_636' title='bbox 2619 3468 2732 3520; x_wconf 90' lang='lat' dir='ltr'>me,</span> <span class='ocrx_word' id='word_1_637' title='bbox 2789 3454 2998 3509; x_wconf 84' lang='lat' dir='ltr'>fratres</span> <span class='ocrx_word' id='word_1_638' title='bbox 3033 3454 3147 3509; x_wconf 91' lang='lat' dir='ltr'>mei</span> <span class='ocrx_word' id='word_1_639' title='bbox 3207 3460 3264 3510; x_wconf 91' lang='lat' dir='ltr'>et</span> <span class='ocrx_word' id='word_1_640' title='bbox 3294 3457 3552 3528; x_wconf 90' lang='lat' dir='ltr'>populus</span> 
     </span>
    </p>
   </div>
   <div class='ocr_carea' id='block_1_92' title="bbox 1894 3540 3544 3616">
    <p class='ocr_par' dir='ltr' id='par_1_92' title="bbox 1894 3540 3544 3616">
     <span class='ocr_line' id='line_1_92' title="bbox 1894 3540 3544 3616; baseline 0.005 -22"><span class='ocrx_word' id='word_1_641' title='bbox 1894 3555 2079 3594; x_wconf 89' lang='lat' dir='ltr'>meus.</span> <span class='ocrx_word' id='word_1_642' title='bbox 2113 3562 2141 3591; x_wconf 85' lang='lat'><strong>»</strong></span> <span class='ocrx_word' id='word_1_643' title='bbox 2178 3542 2239 3595; x_wconf 88' lang='lat' dir='ltr'>In</span> <span class='ocrx_word' id='word_1_644' title='bbox 2266 3541 2375 3597; x_wconf 91' lang='lat' dir='ltr'>hoc</span> <span class='ocrx_word' id='word_1_645' title='bbox 2404 3540 2530 3597; x_wconf 91' lang='lat' dir='ltr'>loco</span> <span class='ocrx_word' id='word_1_646' title='bbox 2561 3546 2619 3597; x_wconf 91' lang='lat' dir='ltr'>et</span> <span class='ocrx_word' id='word_1_647' title='bbox 2668 3542 3089 3600; x_wconf 88' lang='lat' dir='ltr'>fraternitatem</span> <span class='ocrx_word' id='word_1_648' title='bbox 3137 3548 3194 3599; x_wconf 93' lang='lat' dir='ltr'>et</span> <span class='ocrx_word' id='word_1_649' title='bbox 3222 3544 3544 3616; x_wconf 89' lang='lat' dir='ltr'>prioratum</span> 
     </span>
    </p>
   </div>
   <div class='ocr_carea' id='block_1_93' title="bbox 1895 3629 2489 3686">
    <p class='ocr_par' dir='ltr' id='par_1_93' title="bbox 1895 3629 2489 3686">
     <span class='ocr_line' id='line_1_93' title="bbox 1895 3629 2489 3686; baseline 0.005 -3"><span class='ocrx_word' id='word_1_650' title='bbox 1895 3645 2073 3684; x_wconf 91' lang='lat' dir='ltr'>suum</span> <span class='ocrx_word' id='word_1_651' title='bbox 2105 3629 2489 3686; x_wconf 83' lang='lat' dir='ltr'>demonstrat.</span> 
     </span>
    </p>
   </div>
   <div class='ocr_carea' id='block_1_94' title="bbox 1966 3719 3545 3793">
    <p class='ocr_par' dir='ltr' id='par_1_94' title="bbox 1966 3719 3545 3793">
     <span class='ocr_line' id='line_1_94' title="bbox 1966 3719 3545 3793; baseline 0.004 -19"><span class='ocrx_word' id='word_1_652' title='bbox 1966 3750 2033 3758; x_wconf 85' lang='lat'>—</span> <span class='ocrx_word' id='word_1_653' title='bbox 2063 3720 2222 3792; x_wconf 92' lang='lat' dir='ltr'>(Cap.</span> <span class='ocrx_word' id='word_1_654' title='bbox 2255 3719 2445 3776; x_wconf 87' lang='lat' dir='ltr'>XXIX.</span> <span class='ocrx_word' id='word_1_655' title='bbox 2478 3719 2640 3776; x_wconf 90' lang='lat' dir='ltr'>Vers.</span> <span class='ocrx_word' id='word_1_656' title='bbox 2671 3721 2789 3793; x_wconf 89' lang='lat'>23.)</span> <span class='ocrx_word' id='word_1_657' title='bbox 2847 3744 2874 3771; x_wconf 87' lang='grc'><strong>‹‹</strong></span> <span class='ocrx_word' id='word_1_658' title='bbox 2936 3720 3213 3792; x_wconf 89' lang='lat' dir='ltr'>Seditque</span> <span class='ocrx_word' id='word_1_659' title='bbox 3269 3721 3545 3780; x_wconf 86' lang='lat' dir='ltr'>Salomon</span> 
     </span>
    </p>
   </div>
   <div class='ocr_carea' id='block_1_95' title="bbox 1896 3808 3545 3882">
    <p class='ocr_par' dir='ltr' id='par_1_95' title="bbox 1896 3808 3545 3882">
     <span class='ocr_line' id='line_1_95' title="bbox 1896 3808 3545 3882; baseline 0.004 -20"><span class='ocrx_word' id='word_1_660' title='bbox 1896 3824 2074 3881; x_wconf 89' lang='lat' dir='ltr'>super</span> <span class='ocrx_word' id='word_1_661' title='bbox 2126 3809 2405 3865; x_wconf 90' lang='lat' dir='ltr'>thronum</span> <span class='ocrx_word' id='word_1_662' title='bbox 2435 3808 2703 3877; x_wconf 90' lang='lat' dir='ltr'>Domini;</span> <span class='ocrx_word' id='word_1_663' title='bbox 2742 3831 2770 3858; x_wconf 90' lang='grc'>››</span> <span class='ocrx_word' id='word_1_664' title='bbox 2804 3814 3040 3882; x_wconf 87' lang='lat' dir='ltr'>propter</span> <span class='ocrx_word' id='word_1_665' title='bbox 3095 3810 3545 3869; x_wconf 89' lang='lat' dir='ltr'>similitudinem</span> 
     </span>
    </p>
   </div>
   <div class='ocr_carea' id='block_1_96' title="bbox 1897 3896 3400 3969">
    <p class='ocr_par' dir='ltr' id='par_1_96' title="bbox 1897 3896 3400 3969">
     <span class='ocr_line' id='line_1_96' title="bbox 1897 3896 3400 3969; baseline 0.003 -19"><span class='ocrx_word' id='word_1_666' title='bbox 1897 3896 2156 3965; x_wconf 89' lang='lat' dir='ltr'>leonum,</span> <span class='ocrx_word' id='word_1_667' title='bbox 2189 3897 2288 3969; x_wconf 92' lang='lat' dir='ltr'>qui</span> <span class='ocrx_word' id='word_1_668' title='bbox 2319 3898 2496 3953; x_wconf 92' lang='lat' dir='ltr'>etiam</span> <span class='ocrx_word' id='word_1_669' title='bbox 2529 3898 2589 3952; x_wconf 92' lang='lat' dir='ltr'>in</span> <span class='ocrx_word' id='word_1_670' title='bbox 2624 3896 2939 3952; x_wconf 89' lang='lat' dir='ltr'>Cheruhim</span> <span class='ocrx_word' id='word_1_671' title='bbox 2972 3897 3400 3956; x_wconf 90' lang='lat' dir='ltr'>describuntur.</span> 
     </span>
    </p>
   </div>
   <div class='ocr_carea' id='block_1_97' title="bbox 1970 3984 3549 4059">
    <p class='ocr_par' dir='ltr' id='par_1_97' title="bbox 1970 3984 3549 4059">
     <span class='ocr_line' id='line_1_97' title="bbox 1970 3984 3549 4059; baseline 0.004 -21"><span class='ocrx_word' id='word_1_672' title='bbox 1970 3984 2156 4057; x_wconf 89' lang='lat' dir='ltr'>(Vers.</span> <span class='ocrx_word' id='word_1_673' title='bbox 2188 3986 2302 4058; x_wconf 89' lang='lat'>29.)</span> <span class='ocrx_word' id='word_1_674' title='bbox 2333 4009 2361 4036; x_wconf 85' lang='lat'><strong>«</strong></span> <span class='ocrx_word' id='word_1_675' title='bbox 2396 3985 2570 4042; x_wconf 88' lang='lat' dir='ltr'>Gesta</span> <span class='ocrx_word' id='word_1_676' title='bbox 2599 3990 2795 4041; x_wconf 90' lang='lat' dir='ltr'>autem</span> <span class='ocrx_word' id='word_1_677' title='bbox 2827 3986 3007 4041; x_wconf 90' lang='lat' dir='ltr'>David</span> <span class='ocrx_word' id='word_1_678' title='bbox 3041 3987 3237 4059; x_wconf 90' lang='lat' dir='ltr'>priora</span> <span class='ocrx_word' id='word_1_679' title='bbox 3267 3993 3325 4044; x_wconf 91' lang='lat' dir='ltr'>et</span> <span class='ocrx_word' id='word_1_680' title='bbox 3352 3989 3549 4045; x_wconf 90' lang='lat' dir='ltr'>novis-</span> 
     </span>
    </p>
   </div>
   <div class='ocr_carea' id='block_1_98' title="bbox 1886 4073 3549 4147">
    <p class='ocr_par' dir='ltr' id='par_1_98' title="bbox 1886 4073 3549 4147">
     <span class='ocr_line' id='line_1_98' title="bbox 1886 4073 3549 4147; baseline 0.005 -20"><span class='ocrx_word' id='word_1_681' title='bbox 1886 4073 2069 4141; x_wconf 16' lang='lat' dir='ltr'>,sima.</span> <span class='ocrx_word' id='word_1_682' title='bbox 2130 4095 2159 4124; x_wconf 91' lang='grc'><strong>››</strong></span> <span class='ocrx_word' id='word_1_683' title='bbox 2214 4074 2430 4139; x_wconf 92' lang='lat' dir='ltr'>Priora,</span> <span class='ocrx_word' id='word_1_684' title='bbox 2492 4075 2726 4146; x_wconf 91' lang='lat' dir='ltr'>quando</span> <span class='ocrx_word' id='word_1_685' title='bbox 2814 4076 3079 4147; x_wconf 88' lang='lat' dir='ltr'>regnavit</span> <span class='ocrx_word' id='word_1_686' title='bbox 3132 4076 3191 4131; x_wconf 91' lang='lat' dir='ltr'>in</span> <span class='ocrx_word' id='word_1_687' title='bbox 3248 4077 3473 4134; x_wconf 88' lang='lat' dir='ltr'>llebron</span> <span class='ocrx_word' id='word_1_688' title='bbox 3533 4095 3549 4135; x_wconf 91' lang='lat'><strong>:</strong></span> 
     </span>
    </p>
   </div>
   <div class='ocr_carea' id='block_1_99' title="bbox 1902 4161 3552 4235">
    <p class='ocr_par' dir='ltr' id='par_1_99' title="bbox 1902 4161 3552 4235">
     <span class='ocr_line' id='line_1_99' title="bbox 1902 4161 3552 4235; baseline 0.004 -19"><span class='ocrx_word' id='word_1_689' title='bbox 1902 4161 2242 4227; x_wconf 89' lang='lat' dir='ltr'>novissima,</span> <span class='ocrx_word' id='word_1_690' title='bbox 2303 4163 2540 4233; x_wconf 90' lang='lat' dir='ltr'>quando</span> <span class='ocrx_word' id='word_1_691' title='bbox 2598 4163 2863 4235; x_wconf 90' lang='lat' dir='ltr'>regnavit</span> <span class='ocrx_word' id='word_1_692' title='bbox 2923 4164 2978 4219; x_wconf 92' lang='lat' dir='ltr'>in</span> <span class='ocrx_word' id='word_1_693' title='bbox 3038 4164 3386 4222; x_wconf 83' lang='lat' dir='ltr'>Jerusalem.</span> <span class='ocrx_word' id='word_1_694' title='bbox 3439 4166 3552 4223; x_wconf 90' lang='lat' dir='ltr'>No-</span> 
     </span>
    </p>
   </div>
   <div class='ocr_carea' id='block_1_100' title="bbox 1901 4250 3553 4327">
    <p class='ocr_par' dir='ltr' id='par_1_100' title="bbox 1901 4250 3553 4327">
     <span class='ocr_line' id='line_1_100' title="bbox 1901 4250 3553 4327; baseline 0.004 -22"><span class='ocrx_word' id='word_1_695' title='bbox 1901 4250 2147 4305; x_wconf 89' lang='lat' dir='ltr'>tandum</span> <span class='ocrx_word' id='word_1_696' title='bbox 2179 4250 2333 4321; x_wconf 91' lang='lat' dir='ltr'>quod</span> <span class='ocrx_word' id='word_1_697' title='bbox 2358 4252 2750 4324; x_wconf 86' lang='lat' dir='ltr'>quadraginta</span> <span class='ocrx_word' id='word_1_698' title='bbox 2778 4253 2949 4309; x_wconf 90' lang='lat' dir='ltr'>annis</span> <span class='ocrx_word' id='word_1_699' title='bbox 2980 4270 3255 4327; x_wconf 84' lang='lat' dir='ltr'>regnasse</span> <span class='ocrx_word' id='word_1_700' title='bbox 3281 4255 3553 4327; x_wconf 89' lang='lat' dir='ltr'>perhibe-</span> 
     </span>
    </p>
   </div>
   <div class='ocr_carea' id='block_1_101' title="bbox 1902 4338 3549 4416">
    <p class='ocr_par' dir='ltr' id='par_1_101' title="bbox 1902 4338 3549 4416">
     <span class='ocr_line' id='line_1_101' title="bbox 1902 4338 3549 4416; baseline 0.005 -24"><span class='ocrx_word' id='word_1_701' title='bbox 1902 4344 2016 4405; x_wconf 91' lang='lat' dir='ltr'>tur,</span> <span class='ocrx_word' id='word_1_702' title='bbox 2049 4345 2108 4394; x_wconf 89' lang='lat' dir='ltr'>et</span> <span class='ocrx_word' id='word_1_703' title='bbox 2136 4338 2196 4393; x_wconf 90' lang='lat' dir='ltr'>in</span> <span class='ocrx_word' id='word_1_704' title='bbox 2248 4339 2419 4395; x_wconf 92' lang='lat' dir='ltr'>Libro</span> <span class='ocrx_word' id='word_1_705' title='bbox 2441 4340 2676 4397; x_wconf 84' lang='lat' dir='ltr'>Samuel</span> <span class='ocrx_word' id='word_1_706' title='bbox 2707 4342 2965 4399; x_wconf 92' lang='lat' dir='ltr'>secundo</span> <span class='ocrx_word' id='word_1_707' title='bbox 2998 4342 3280 4399; x_wconf 88' lang='lat' dir='ltr'>scribitur</span> <span class='ocrx_word' id='word_1_708' title='bbox 3319 4350 3549 4416; x_wconf 89' lang='lat' dir='ltr'>septem</span> 
     </span>
    </p>
   </div>
   <div class='ocr_carea' id='block_1_102' title="bbox 1903 4426 3550 4498">
    <p class='ocr_par' dir='ltr' id='par_1_102' title="bbox 1903 4426 3550 4498">
     <span class='ocr_line' id='line_1_102' title="bbox 1903 4426 3550 4498; baseline 0.004 -18"><span class='ocrx_word' id='word_1_709' title='bbox 1903 4426 2072 4481; x_wconf 90' lang='lat' dir='ltr'>annis</span> <span class='ocrx_word' id='word_1_710' title='bbox 2110 4436 2164 4481; x_wconf 87' lang='lat' dir='ltr'>el</span> <span class='ocrx_word' id='word_1_711' title='bbox 2207 4444 2308 4482; x_wconf 84' lang='lat' dir='ltr'>sex</span> <span class='ocrx_word' id='word_1_712' title='bbox 2356 4428 2657 4484; x_wconf 88' lang='lat' dir='ltr'>mensibus</span> <span class='ocrx_word' id='word_1_713' title='bbox 2704 4430 2765 4485; x_wconf 90' lang='lat' dir='ltr'>in</span> <span class='ocrx_word' id='word_1_714' title='bbox 2808 4431 3056 4498; x_wconf 81' lang='lat' dir='ltr'>llebron,</span> <span class='ocrx_word' id='word_1_715' title='bbox 3114 4431 3173 4486; x_wconf 90' lang='lat' dir='ltr'>in</span> <span class='ocrx_word' id='word_1_716' title='bbox 3228 4430 3550 4488; x_wconf 84' lang='lat' dir='ltr'>Jerusalem</span> 
     </span>
    </p>
   </div>
   <div class='ocr_carea' id='block_1_103' title="bbox 1903 4514 2873 4587">
    <p class='ocr_par' dir='ltr' id='par_1_103' title="bbox 1903 4514 2873 4587">
     <span class='ocr_line' id='line_1_103' title="bbox 1903 4514 2873 4587; baseline 0.004 -19"><span class='ocrx_word' id='word_1_717' title='bbox 1903 4514 2145 4587; x_wconf 86' lang='lat' dir='ltr'>triginta</span> <span class='ocrx_word' id='word_1_718' title='bbox 2174 4519 2292 4572; x_wconf 86' lang='lat' dir='ltr'>tres</span> <span class='ocrx_word' id='word_1_719' title='bbox 2316 4517 2337 4550; x_wconf 84' lang='grc'>²</span> <span class='ocrx_word' id='word_1_720' title='bbox 2367 4517 2439 4587; x_wconf 92' lang='grc' dir='ltr'>(ιι</span> <span class='ocrx_word' id='word_1_721' title='bbox 2465 4517 2588 4587; x_wconf 84' lang='lat' dir='ltr'>Reg.</span> <span class='ocrx_word' id='word_1_722' title='bbox 2620 4534 2676 4587; x_wconf 83' lang='grc' dir='ltr'>ν,</span> <span class='ocrx_word' id='word_1_723' title='bbox 2709 4519 2763 4586; x_wconf 68' lang='grc'>4,</span> <span class='ocrx_word' id='word_1_724' title='bbox 2795 4520 2873 4586; x_wconf 83' lang='grc'>5).</span> 
     </span>
    </p>
   </div>
   <div class='ocr_carea' id='block_1_104' title="bbox 1901 4676 3548 4736">
    <p class='ocr_par' dir='ltr' id='par_1_104' title="bbox 1901 4676 3548 4736">
     <span class='ocr_line' id='line_1_104' title="bbox 1901 4676 3548 4736; baseline 0.002 -5"><span class='ocrx_word' id='word_1_725' title='bbox 1901 4676 2174 4733; x_wconf 82' lang='lat' dir='ltr'>laudatus</span> <span class='ocrx_word' id='word_1_726' title='bbox 2232 4677 2389 4733; x_wconf 91' lang='lat' dir='ltr'>hunc</span> <span class='ocrx_word' id='word_1_727' title='bbox 2446 4678 2655 4734; x_wconf 91' lang='lat' dir='ltr'>retinet</span> <span class='ocrx_word' id='word_1_728' title='bbox 2705 4676 2941 4733; x_wconf 91' lang='lat' dir='ltr'>titulum</span> <span class='ocrx_word' id='word_1_729' title='bbox 3000 4678 3259 4734; x_wconf 88' lang='lat' dir='ltr'>miniatis</span> <span class='ocrx_word' id='word_1_730' title='bbox 3288 4677 3548 4736; x_wconf 88' lang='lat' dir='ltr'>litteris:</span> 
     </span>
    </p>
   </div>
   <div class='ocr_carea' id='block_1_105' title="bbox 1904 4748 3543 4823">
    <p class='ocr_par' dir='ltr' id='par_1_105' title="bbox 1904 4748 3543 4823">
     <span class='ocr_line' id='line_1_105' title="bbox 1904 4748 3543 4823; baseline 0.003 -20"><span class='ocrx_word' id='word_1_731' title='bbox 1904 4751 2130 4823; x_wconf 68' lang='lat' dir='ltr'>Einiunt</span> <span class='ocrx_word' id='word_1_732' title='bbox 2181 4750 2517 4823; x_wconf 66' lang='lat' dir='ltr'>Quaestiones</span> <span class='ocrx_word' id='word_1_733' title='bbox 2566 4748 2630 4804; x_wconf 86' lang='lat' dir='ltr'>de</span> <span class='ocrx_word' id='word_1_734' title='bbox 2686 4749 2827 4805; x_wconf 81' lang='lat' dir='ltr'>libro</span> <span class='ocrx_word' id='word_1_735' title='bbox 2878 4751 3059 4821; x_wconf 85' lang='lat' dir='ltr'>primo</span> <span class='ocrx_word' id='word_1_736' title='bbox 3110 4752 3543 4823; x_wconf 79' lang='lat' dir='ltr'>Paralipomeni.</span> 
     </span>
    </p>
   </div>
   <div class='ocr_carea' id='block_1_106' title="bbox 1906 4821 2556 4889">
    <p class='ocr_par' dir='ltr' id='par_1_106' title="bbox 1906 4821 2556 4889">
     <span class='ocr_line' id='line_1_106' title="bbox 1906 4821 2556 4889; baseline 0 -14"><span class='ocrx_word' id='word_1_737' title='bbox 1906 4821 2183 4889; x_wconf 81' lang='lat' dir='ltr'>Incipiunt</span> <span class='ocrx_word' id='word_1_738' title='bbox 2211 4821 2279 4876; x_wconf 86' lang='lat' dir='ltr'>de</span> <span class='ocrx_word' id='word_1_739' title='bbox 2304 4821 2556 4876; x_wconf 79' lang='lat' dir='ltr'>secundo.</span> 
     </span>
    </p>
   </div>
   <div class='ocr_carea' id='block_1_107' title="bbox 1907 5034 3557 5120">
    <p class='ocr_par' dir='ltr' id='par_1_107' title="bbox 1907 5034 3557 5120">
     <span class='ocr_line' id='line_1_107' title="bbox 1907 5034 3557 5120; baseline 0.001 -30"><span class='ocrx_word' id='word_1_740' title='bbox 1907 5035 2157 5120; x_wconf 52' lang='lat' dir='ltr'>Eusfoeh.</span> <span class='ocrx_word' id='word_1_741' title='bbox 2187 5051 2355 5118; x_wconf 43' lang='lat' dir='ltr'>.num.</span> <span class='ocrx_word' id='word_1_742' title='bbox 2395 5037 2465 5090; x_wconf 87' lang='lat'>35</span> <span class='ocrx_word' id='word_1_743' title='bbox 2499 5051 2536 5120; x_wconf 40' lang='grc' dir='ltr'>ἐ</span> <span class='ocrx_word' id='word_1_744' title='bbox 2600 5058 2643 5120; x_wconf 34' lang='grc' dir='ltr'>«ν</span> <span class='ocrx_word' id='word_1_745' title='bbox 2687 5034 2856 5120; x_wconf 72' lang='lat' dir='ltr'>&#39;I‘ales</span> <span class='ocrx_word' id='word_1_746' title='bbox 2886 5036 2990 5107; x_wconf 91' lang='lat' dir='ltr'>(sc.</span> <span class='ocrx_word' id='word_1_747' title='bbox 3037 5036 3429 5120; x_wconf 66' lang='lat' dir='ltr'>continentes)</span> <span class='ocrx_word' id='word_1_748' title='bbox 3456 5035 3557 5120; x_wconf 79' lang='lat' dir='ltr'>Jo-</span> 
     </span>
    </p>
   </div>
   <div class='ocr_carea' id='block_1_108' title="bbox 1909 5106 3556 5236">
    <p class='ocr_par' dir='ltr' id='par_1_108' title="bbox 1909 5106 3556 5236">
     <span class='ocr_line' id='line_1_108' title="bbox 1909 5106 3556 5181; baseline 0.001 -18"><span class='ocrx_word' id='word_1_749' title='bbox 1909 5107 2127 5180; x_wconf 77' lang='lat' dir='ltr'>srphus</span> <span class='ocrx_word' id='word_1_750' title='bbox 2184 5107 2240 5161; x_wconf 93' lang='lat' dir='ltr'>in</span> <span class='ocrx_word' id='word_1_751' title='bbox 2300 5107 2557 5162; x_wconf 89' lang='lat' dir='ltr'>secunda</span> <span class='ocrx_word' id='word_1_752' title='bbox 2610 5106 2865 5163; x_wconf 70' lang='lat' dir='ltr'>Judaicaa</span> <span class='ocrx_word' id='word_1_753' title='bbox 2896 5106 3277 5181; x_wconf 82' lang='lat' dir='ltr'>captivitatis</span> <span class='ocrx_word' id='word_1_754' title='bbox 3308 5107 3556 5166; x_wconf 84' lang='lat' dir='ltr'>historia</span> 
     </span>
     <span class='ocr_line' id='line_1_109' title="bbox 1910 5180 2446 5236; baseline -0.006 -1"><span class='ocrx_word' id='word_1_755' title='bbox 1910 5180 2162 5236; x_wconf 88' lang='lat' dir='ltr'>Essenos</span> <span class='ocrx_word' id='word_1_756' title='bbox 2189 5180 2382 5234; x_wconf 81' lang='lat' dir='ltr'>refert.</span> <span class='ocrx_word' id='word_1_757' title='bbox 2418 5198 2446 5227; x_wconf 83' lang='grc'><strong>››</strong></span> 
     </span>
    </p>
   </div>
  </div>
