3970 6384
417 388 577 452 “55

1909 385 2330 450 APPENDIX.

3661 379 3821 445 “£56

416 515 3820 548 —_—__—_—_————_———_—-—_———_——

1063 633 1196 729 IN
1267 631 1745 728 LIBRUM
1815 631 1901 724 ΙΙ
1973 631 2072 724 P1

2202 628 3180 725 .ALIPOMENONJ‘“.

487 910 645 983 (Cap.
707 908 749 964 I.
807 940 878 952 —-
913 909 1078 967 Vers.
1111 910 1164 966 8.
1200 932 1227 961 «
1263 907 1473 966 Fecisti
1521 924 1656 966 cum
1709 912 1872 982 patre
1931 925 2060 964 meo
2089 910 2144 976 Α

2245 907 2428 980 (Vers.
2462 907 2553 973 24,
2597 907 2712 964 25.)
2767 907 2894 962 «Et
2949 923 3084 962 cum
3141 906 3428 978 deprecati
3485 906 3699 963 fuerint
3756 909 3815 964 in

414 998 883 1056 misericordiam
917 1014 1214 1072 magnam,
1247 1003 1304 1056 et
1353 998 1713 1054 constituisti
1747 1014 1838 1054 me
1871 1013 2065 1071 regem
2176 995 2301 1052 loco
2335 996 2468 1061 isto,
2529 995 2739 1051 exaudi
2791 997 2859 1051 de
2917 995 3096 1062 cmlo;
3131 1001 3188 1050 et
3217 995 3530 1068 propitiare
3582 1003 3820 1069 peccata

416 1104 521 1161 pro
551 1102 638 1143 eo.
675 1111 698 1141 ι
735 1087 883 1154 Quia
919 1087 1245 1142 secundum
1304 1085 1492 1158 legem
1552 1084 1913 1158 prohibitum
1945 1088 2070 1140 erat
2175 1101 2400 1150 eorum,
2432 1088 2489 1140 et
2519 1085 2698 1140 reduc
2729 1101 2828 1140 eos
2861 1085 2916 1139 in
2951 1091 3166 1140 terram
3194 1101 3367 1156 quam
3401 1085 3609 1141 dedisti
3640 1086 3822 1158 patri-

411 1188 490 1232 ‘ne
520 1175 654 1248 quis
700 1175 772 1230 de
801 1173 1042 1230 alterius
1095 1191 1270 1230 uxore
1317 1178 1632 1247 generatus
1689 1175 1931 1229 auderet
1979 1174 2067 1228 in-

417 1265 595 1321 troire
632 1262 950 1320 Ecclesiam
983 1263 1105 1319 Dei.

415 1380 420 1384 -
490 1352 677 1423 (Vers.
717 1352 825 1424 14.)
864 1375 891 1402 ‹‹
923 1352 988 1406 Et
1018 1351 1152 1407 fecit
1193 1367 1294 1407 eos
1348 1367 1476 1407 esse
1507 1351 1565 1405 in
1626 1350 1871 1407 urbibus
1927 1367 2070 1422 qua-

421 1443 749 1516 drigarum,
783 1445 840 1497 et
867 1457 1000 1497 cum
1033 1457 1164 1514 rege
1196 1441 1253 1496 in
1285 1440 1633 1497 Jerusalem.
1672 1464 1698 1490 ››
1723 1441 1908 1498 Urbes
1937 1457 2075 1513 qua-

427 1532 753 1605 drigarum,
785 1531 928 1587 dicit
954 1531 1200 1600 cortes‘,
1233 1547 1363 1602 quae
1410 1531 1468 1586 in
1527 1531 1856 1588 Jerusalem
1907 1535 2075 1587 erant

413 1622 715 1678 aedificatae
764 1620 836 1675 ad
868 1619 1177 1676 stationem
1218 1635 1498 1675 curruum
1529 1620 1683 1691 quod
1733 1625 1792 1676 et
1822 1635 2074 1692 sequen-

417 1711 504 1766 tia
532 1712 882 1779 monstrant,
915 1723 1052 1765 cum
1104 1707 1322 1764 dicitur
1353 1725 1368 1764 :
1409 1731 1436 1758 «
1470 1707 1540 1764 Et
1583 1724 1718 1764 cum
1751 1725 1883 1783 rege
1911 1710 2076 1766 Jeru-

427 1799 634 1857 salem.
673 1822 694 1848 ι

492 1889 681 1961 (Vers.
713 1887 826 1958 l6.)
858 1910 885 1937 «
921 1887 1065 1959 Equi
1096 1886 1168 1942 de
1195 1887 1438 1960 [Egypto
1468 1891 1525 1943 et
1552 1887 1622 1943 de
1652 1887 1826 1944 Choa.
1864 1911 1890 1936 ››
1922 1887 2078 1942 Choa

420 1977 524 2036 alii
555 1977 761 2034 dicunt
788 1973 1047 2031 insulam
1103 1992 1232 2032 esse
1289 1993 1466 2032 unam
1499 1977 1569 2033 de
1622 1976 1989 2049 Cycladibus,
2019 1977 2077 2030 in

425 2084 545 2140 qua
573 2065 684 2122 fuit
720 2063 1109 2137 fEsculapius.
1143 2065 1362 2120 Hebrmi
1386 2065 1673 2134 dicunt,et
1703 2065 1811 2121 hoc
1843 2065 2080 2122 nomine

421 2155 934 2228 congregationem
965 2153 1307 2226 signiﬁcari.

497 2245 658 2317 (Cap.
715 2242 784 2298 ll.
845 2274 912 2282 —
965 2240 1126 2298 Vers.
1160 2241 1273 2314 l3.)
1311 2241 1375 2299 In
1409 2242 1910 2315 Parabipomenon
1961 2242 2080 2299 Hu-

426 2349 578 2401 ram,
609 2333 763 2405 quod
797 2331 1214 2404 interpretatur
1245 2337 1387 2388 Deus
1433 2333 1677 2388 excelsus
1710 2351 1722 2388 :
1757 2333 1815 2387 in
1849 2333 2073 2404 Regum

429 2425 605 2480 liram
659 2423 730 2494 (11
759 2422 884 2491 Reg.
916 2421 1066 2490 v,li)
1096 2421 1251 2492 quod
1284 2421 1720 2494 interpretatur,
1762 2423 1898 2477 vivit
1927 2422 2074 2478 accl-

427 2530 542 2572 sus.
574 2512 801 2584 Misique
829 2511 933 2566 libi
962 2511 1169 2565 Hurain
1191 2517 1409 2581 patrem
1455 2527 1655 2566 meum.
1705 2511 1804 2566 llic
1856 2510 2074 2566 Huram

429 2603 588 2658 {ilius
619 2599 731 2656 fuit
758 2598 1024 2656 mulieris
1054 2600 1125 2654 de
1155 2597 1428 2671 progenie
1475 2598 1784 2667 Salomith,
1817 2599 1888 2655 de
1917 2599 2076 2654 tribu

425 2691 576 2760 Dan,
611 2689 712 2762 qui
742 2687 800 2744 in
843 2686 994 2743 libro
1049 2687 1438 2744 Numerorum
1497 2687 1785 2744 scribitur.
1848 2689 2075 2744 Patrem

422 2793 567 2837 'voro
594 2780 725 2851 ejus
752 2778 996 2833 tradunt
1022 2776 1242 2832 Hebraei
1276 2777 1458 2834 fuisse
1497 2778 1802 2834 llebrzeum
1852 2777 1923 2833 de
1952 2793 2080 2850 pro-

431 2867 600 2941 genie
629 2865 854 2937 Ooliab,
887 2863 959 2921 de
1013 2864 1169 2920 tribu
1225 2865 1374 2936 Dan,
1425 2866 1524 2937 qui
1581 2866 1640 2922 in
1701 2881 1895 2922 eremo
1944 2882 2077 2922 cum

431 2952 685 3014 Beseleel
708 2958 982 3028 operatus
1013 2958 1119 3010 est.
1179 2954 1339 3019 Quod
1374 2971 1507 3010 vero
1546 2955 1642 3010 hic
1691 2957 1916 3027 Tyrium
1943 2972 2078 3012 eum

429 3050 618 3117 Vocat,
651 3044 737 3100 illi
767 3044 974 3100 dicunt
1003 3043 1111 3100 hoc
1169 3043 1556 3100 translatione
1606 3045 1824 3100 factum
1876 3045 2077 3102 fuisse.

431 3135 597 3193 Zoori
645 3135 802 3190 enim
859 3133 1064 3206 lingua
1127 3149 1328 3189 eorum
1382 3134 1682 3206 plasmator
1712 3134 2076 3208 intelligitur.

433 3227 623 3300 Tyrus
655 3223 831 3288 enim,
865 3238 1044 3295 quam
1095 3221 1180 3277 illi
1210 3222 1312 3278 Sor
1361 3228 1590 3291 vocant,
1626 3223 1684 3279 in
1718 3224 2077 3296 quibusdam

432 3315 579 3372 ιοοίε
632 3315 909 3385 angustia,
968 3312 1027 3366 in
1081 3312 1437 3383 quihusdam
1482 3314 1778 3385 plasmatio
1834 3314 2085 3388 intelligi

435 3403 605 3462 nolet.
636 3403 855 3460 Idcirco
886 3405 1053 3458 vocat
1080 3397 1246 3458 illum
1279 3406 1502 3474 patrem
1559 3419 1756 3472 suum,
1800 3405 1960 3477 quia,
2011 3406 2082 3462 ad

440 3509 576 3550 eum
605 3493 674 3549 de
707 3497 862 3548 terra
897 3489 1073 3547 Israel
1129 3491 1200 3546 ad
1242 3491 1734 3565 peregrinandum
1767 3496 2084 3566 profectus,

437 3583 637 3641 docuit
665 3597 799 3638 eum
829 3581 1099 3636 timorem
1149 3581 1399 3649 Domini,
1459 3585 1516 3637 et
1573 3582 1817 3638 adduxit
1845 3601 1980 3640 eum
2013 3585 2084 3640 ad

435 3673 828 3748 cognitionem
861 3671 983 3742 [ms.
1017 3669 1547 3742 congregationem]
1580 3670 1701 3728 Dei.

507 3763 668 3836 (Cap.
702 3761 798 3816 III.
831 3790 900 3801 --
928 3759 1092 3815 Vers.
1127 3757 1206 3829 1.)
1238 3759 1418 3814 Moria
1447 3759 1868 3833 interpretatur
1896 3764 2033 3820 visio
2067 3781 2080 3820 :

434 3854 562 3926 ipse
583 3854 672 3908 est
691 3849 850 3906 enim
876 3847 1040 3904 locus
1071 3847 1142 3903 de
1173 3864 1288 3921 quo
1321 3847 1540 3904 dictum
1569 3854 1655 3906 est
1687 3851 1758 3906 ad
1789 3851 2083 3908 Abraham

441 3941 584 4000 Vade
611 3941 674 3996 in
703 3947 908 3996 terram
935 3939 1163 3994 visionis
1187 3937 1340 4009 (Gen.
1372 3953 1509 4006 xm,
1546 3940 1658 4010 14.)

505 4028 694 4104 (Vers.
728 4027 783 4100 3)
815 4051 842 4078 «
880 4029 940 4083 In
975 4042 1253 4083 mensura
1284 4026 1477 4100 prima
1517 4050 1568 4094 »,
1599 4028 1657 4084 id
1690 4032 1778 4085 est
1809 4045 2086 4088 mensura

433 4133 552 4194 qua
588 4122 813 4191 Moyses
845 4115 1287 4172 tabernaculum
1317 4117 1376 4171 in
1410 4133 1603 4173 eremo
1629 4135 1871 4175 mensus
1901 4124 2008 4175 est.

507 4209 694 4280 (Vers.
759 4205 872 4279 17.)
927 4204 1158 4262 Jachim
1218 4204 1635 4277 interpretatur
1682 4215 2021 4281 praeparator
2067 4223 2079 4263 ε

434 4299 592 4354 hunc
623 4295 826 4352 volunt
855 4293 1101 4368 intelligi
1127 4294 1322 4350 David.
1348 4293 1516 4363 Booz,
1540 4301 1777 4368 propter
1806 4297 2082 4353 virtutem

433 4385 746 4444 castitatis.

507 4477 666 4550 (Cap.
702 4474 795 4541 1V.
829 4472 992 4529 Vers.
1037 4472 1120 4541 7.)
1153 4495 1180 4524 «
1213 4473 1544 4529 Secundum
1590 4473 1845 4546 speciem
1903 4492 2081 4548 quam

424 4568 689 4639 jusserat
744 4562 906 4630 ﬁeri;
963 4586 988 4611 ››
1021 4561 1396 4630 subauditur,
1447 4562 1620 4619 Deus.
1653 4565 1819 4619 Boves
1850 4569 2087 4637 propter

435 4655 782 4722 memoriam
812 4651 975 4707 vituli
1010 4651 1067 4707 in
1098 4667 1292 4708 eremo
1315 4651 1872 4709 conditi.Basilicam
1904 4669 2084 4728 gran—

434 4742 569 4802 dem
604 4743 704 4799 ubi
737 4757 902 4815 reges
931 4741 1198 4796 orabant.

505 4835 663 4905 (Cap.
698 4830 793 4886 VI.
826 4861 894 4870 —
923 4830 1084 4886 Vers.
1108 4828 1184 4900 1.)
1216 4852 1242 4879 ‹‹
1282 4829 1560 4886 Dominus
1593 4829 1738 4886 dixit
1769 4836 1835 4887 ut
1863 4830 2086 4887 habita-

432 4923 608 4980 retin
640 4919 914 4994 caligine,
951 4941 978 4969 »
1007 4919 1244 4992 quando
1282 4919 1353 4975 ad
1386 4921 1616 4991 Moysen
1677 4920 1821 4976 dixit
1880 4939 1892 4978 :
1957 4922 2087 4977 Ecce

431 5029 532 5084 ego
560 5013 722 5068 venio
751 5009 821 5066 ad
851 5018 902 5064 te
931 5010 991 5064 iu
1019 5009 1274 5064 columna
1304 5009 1468 5064 nubis
1498 5008 1690 5079 (Exod.
1725 5025 1839 5079 xxx,
1871 5010 1948 5082 9).

505 5174 519 5206 ¹
553 5169 858 5242 Significat
899 5169 1024 5226 loca
1078 5167 1267 5226 cincta
1295 5169 1641 5242 parietibus,
1673 5171 1911 5242 quibus,
1957 5171 2082 5228 ani-

435 5242 958 5307 maliahabentur,
1017 5259 1132 5314 quo
1181 5259 1357 5298 sensu
1396 5247 1471 5314 et
1513 5242 1831 5299 Vitruvius.
1865 5243 1966 5299 lib.
2002 5261 2080 5311 v1,

436 5315 895 5386 boumicortesp
945 5312 1230 5370 nominat.
1308 5312 1502 5369 ltalice
1582 5331 1836 5386 quoque.
1920 5319 2080 5371 corti.

435 5388 619 5453 Atque
649 5385 768 5440 base
799 5384 1036 5456 quidem
1069 5386 1353 5458 expositio
1397 5384 1752 5458 praeferenda
1781 5385 1861 5440 illi
1886 5388 2083 5443 videa—

507 5511 528 5543 ²
561 5509 778 5582 HicLut
807 5526 1006 5580 supra,
1043 5510 1314 5575 Martian,
1349 5510 1514 5582 ponit
1547 5528 1559 5566 :
1595 5510 1872 5582 Incipiunt
1897 5511 2082 5578 Quaes-

437 5582 608 5636 iiones
667 5580 939 5652 llebraicw
984 5585 1162 5652 partis
1187 5580 1444 5638 secnu'daz
1474 5583 1610 5636 libri
1647 5580 2033 5638 [labre-lamin
2068 5601 2079 5637 :

437 5653 632 5736 hisque.
672 5650 933 5736 similiter
984 5650 1248 5736 appendit
1309 5654 1575 5736 patulam,
1609 5671 1797 5736 nquam
1846 5654 2007 5736 habes
2057 5671 2080 5736 ,ξ

440 5745 467 5776 α
499 5721 590 5781 Sic
619 5721 796 5787 habet
827 5736 990 5781 meus
1024 5721 1152 5781 'ms.
1202 5721 1572 5783 Ambrosian.
1604 5721 1856 5799 tantum,
1890 5727 2086 5804 Incipit

2179 1174 2291 1229 bus
2320 1188 2545 1229 eorum.
2581 1196 2607 1223 ››
2647 1174 2789 1228 [)um
2827 1173 2983 1228 enim
3017 1191 3115 1226 eos
3148 1173 3204 1226 in
3235 1172 3357 1228 loco
3391 1173 3514 1245 ipso
3554 1180 3822 1230 oraturos

2179 1261 2376 1316 dicat:
2415 1277 2516 1316 cur
2537 1261 2698 1328 dicit,
2731 1265 2785 1316 et
2815 1261 2989 1316 reduc.
3021 1278 3119 1315 eos
3176 1261 3233 1315 in
3266 1265 3478 1316 terram
3511 1277 3686 1333 quam
3718 1262 3821 1317 de-

2181 1351 2318 1405 disti
2350 1351 2614 1422 patribus
2646 1366 2867 1417 eorum,
2902 1350 3012 1404 nisi
3049 1351 3190 1406 forte
3218 1349 3273 1404 hi
3307 1352 3404 1422 qui
3438 1350 3514 1405 ibi
3548 1351 3616 1405 ad
3649 1368 3822 1407 orat:-

2181 1439 2323 1493 dum
2355 1438 2638 1505 venerint,
2673 1439 2932 1494 obtinere
2961 1437 3208 1504 valeant,
3251 1443 3312 1492 ut
3345 1438 3397 1492 hi
3421 1439 3520 1510 qui
3549 1438 3608 1494 in
3639 1439 3825 1512 capti-

2182 1528 2420 1582 vitalem
2450 1527 2610 1582 ducti
2634 1532 2793 1595 sunt,
2829 1527 3204 1583 reducantur.

2255 1633 2438 1704 (Vers.
2470 1633 2586 1705 26.)
2623 1657 2642 1683 ι
2681 1637 2745 1688 Et
2774 1633 3035 1689 conversi
3088 1650 3122 1690 a
3151 1635 3400 1706 peccatis
3460 1635 3604 1702 suis,
3654 1651 3830 1691 exau-

2185 1722 2312 1777 dias
2343 1739 2460 1777 eos.
2498 1744 2526 1770 »
2561 1722 3074 1795 Notandum,quod
3109 1739 3241 1779 cum
3273 1724 3344 1778 ad
3376 1724 3664 1780 orandum
3698 1742 3828 1797 per-

2185 1811 2362 1883 gitur,
2396 1828 2429 1866 a
2459 1812 2710 1883 peccatis
2742 1812 3189 1868 convertendum
3221 1817 3328 1868 est.
3378 1834 3406 1862 ‹‹
3439 1813 3829 1871 Sanctiﬁcavit

2185 1899 2462 1955 Salomon
2497 1899 2752 1955 medium
2788 1900 2921 1956 atrii
2953 1905 3084 1956 ante
3113 1901 3397 1973 templum
3421 1902 3648 1958 Domini
3675 1926 3701 1953 ››
3736 1904 3820 1974 (11

2184 1989 2372 2044 Paral.
2406 2005 2506 2055 v11,
2536 1990 2612 2059 7).
2634 1989 2798 2057 Quia,
2834 2007 2947 2061 prs:
2981 1989 3351 2047 multitudine
3385 1992 3828 2060 sacriﬁciorum,

2188 2077 2391 2134 hostia:
2451 2094 2566 2132 non
2622 2082 2888 2150 poterant
2945 2078 3137 2134 oll'erri
3196 2096 3398 2135 omnes
3432 2081 3489 2135 in
3529 2080 3718 2151 altari,
3775 2088 3831 2137 et

2191 2168 2318 2222 ideo
2351 2167 2603 2222 mediam
2662 2172 2886 2239 partem
2943 2168 3078 2224 atrii
3125 2169 3433 2235 dedicavit,
3485 2174 3548 2226 ut
3587 2176 3646 2227 et
3676 2171 3734 2227 in
3768 2187 3834 2228 ea

2113 2281 2156 2346 Β
2191 2257 2270 2313 ita
2301 2257 2627 2323 offerretur,
2660 2257 2812 2313 sicut
2841 2257 2900 2313 in
2932 2257 3124 2314 altari.

2257 2363 2418 2436 (Cap.
2454 2363 2572 2419 VII.
2634 2393 2700 2408 —-
2732 2363 2890 2419 Vers.
2921 2364 3001 2435 9.)
3053 2364 3322 2436 Fecitque
3351 2365 3443 2421 die
3473 2370 3678 2424 octava
3709 2367 3830 2424 col-

2184 2452 2418 2509 lectam.
2455 2474 2483 2502 »
2515 2454 2640 2508 llaec
2671 2458 2760 2508 est
2790 2453 3032 2509 collecta
3059 2470 3185 2526 quas
3236 2455 3292 2509 in
3352 2453 3497 2512 libro
3554 2456 3831 2514 Numero-

2185 2558 2318 2597 rum
2351 2542 2456 2613 [ΑΙ.
2490 2541 2747 2613 Levitici]
2777 2542 3076 2598 scribitur.
3144 2545 3262 2598 Dies
3317 2553 3535 2600 octavus
3579 2549 3685 2602 erit
3741 2563 3835 2603 vo-

2186 2632 2265 2687 bis
2295 2630 2694 2687 cebeberrimus
2722 2637 2889 2704 atque
2916 2633 3294 2688 sanctissimus
3323 2635 3503 2704 (Num.
3538 2652 3691 2701 χχχι,
3720 2636 3834 2706 35).

2185 2720 2274 2775 Est
2303 2722 2453 2776 enim
2479 2728 2649 2776 cactus
2679 2729 2839 2792 atque
2867 2722 3130 2788 collecta),
3165 2722 3399 2777 Duabus
3423 2723 3578 2778 enim
3607 2724 3835 2780 vicibus

2188 2808 2245 2862 in
2277 2825 2431 2864 anno
2463 2808 2549 2864 has
2571 2808 2821 2864 collectze
2842 2809 3286 2882 colligebantur,
3314 2811 3370 2866 id
3406 2815 3493 2867 est
3516 2811 3608 2868 die
3638 2817 3836 2869 octava

2188 2895 2443 2967 Paschae,
2477 2902 2535 2952 et
2563 2898 2658 2954 die
2687 2903 2888 2954 octavo
2919 2898 3475 2956 Tabernaculorum.
3532 2901 3600 2957 Et
3629 2906 3834 2958 notan-

2187 2986 2330 3041 dum
2362 2987 2514 3059 quod
2549 2987 2606 3042 in
2638 3002 2706 3042 ea
2735 3004 2860 3059 quas
2892 2987 2952 3042 in
3002 2987 3223 3044 Pascha
3267 2988 3689 3060 celebrabatur,
3747 2991 3834 3046 di-

2190 3076 2344 3130 citur
2387 3093 2398 3131 :
2445 3076 2809 3132 Celebrabitis
2865 3078 3144 3133 collectam
3199 3079 3426 3134 Domino
3484 3080 3595 3135 Deo
3649 3086 3835 3137 nostro

2189 3165 2366 3236 (Deut.
2399 3183 2511 3232 xvr,
2538 3166 2592 3236 8)
2631 3182 2644 3233 ;
2704 3166 2764 3220 in
2796 3182 2864 3221 ea
2890 3183 3024 3223 vero
3055 3184 3180 3239 qure
3213 3168 3272 3223 in
3321 3167 3689 3225 solemnitate
3729 3171 3836 3226 Ta-

2192 3255 2663 3322 bernaculorum,
2698 3255 3048 3312 Cclebrabilis
3075 3257 3356 3313 collectam
3387 3259 3549 3314 iobis.

2264 3364 2425 3434 (Cap.
2459 3362 2551 3417 Vl.
2589 3393 2655 3404 —
2713 3363 2875 3418 Vers.
2934 3364 3048 3432 42.)
3107 3387 3134 3414 ‹‹
3190 3369 3313 3420 Non
3372 3370 3594 3423 avertas
3623 3366 3831 3424 faciem

2194 3451 2409 3508 Christi
2453 3451 2537 3506 tui
2573 3470 2585 3519 ;
2620 3475 2645 3501 ››
2678 3451 2734 3507 id
2765 3457 2875 3522 est,
2909 3470 3022 3508 non
3053 3454 3327 3525 reprobes
3371 3455 3831 3527 deprecationem

2196 3557 2408 3597 meam.
2443 3541 2605 3597 Unde
2636 3546 2691 3596 et
2721 3540 2934 3597 dicitur
2964 3558 2976 3595 :
3012 3542 3257 3612 Suscepit
3297 3546 3494 3614 faciem
3523 3549 3674 3600 luam
3703 3547 3835 3615 (Bla-

2116 3652 2158 3719 ρ
2199 3630 2341 3685 (ach.
2375 3647 2413 3696 ῐ,
2447 3631 2524 3698 9).

2263 3738 2424 3810 (Cap.
2452 3737 2571 3793 VII.
2599 3769 2667 3779 ——
2689 3736 2854 3795 Vers.
2890 3740 3002 3808 10.)
3039 3759 3060 3787 ι
3082 3739 3362 3794 Lactantes
3391 3743 3562 3812 atque
3583 3743 3839 3813 gauden-

2193 3831 2282 3883 tes
2312 3843 2490 3899 super
2519 3827 2687 3883 bonis
2710 3845 2835 3900 qum
2859 3828 3071 3884 fecerat
3099 3829 3383 3884 Dominus
3405 3829 3577 3885 David
3602 3835 3659 3886 et
3680 3831 3839 3887 Salo-

2195 3931 2329 3972 mon
2361 3921 2418 3971 et
2449 3916 2624 3972 Israel
2657 3916 2871 3989 populo
2903 3935 3030 3973 suo.
3077 3939 3105 3967 »
3166 3917 3309 3984 Quia
3344 3917 3540 3987 David,
3591 3920 3835 3976 dimisso

2194 4011 2426 4078 peccato
2447 4004 2595 4061 Uria:
2629 4006 2828 4075 Ethaei,
2853 4023 3098 4078 regnum
3129 4007 3416 4063 concessit
3446 4007 3503 4062 in
3537 4009 3838 4081 sempiter-

2195 4111 2361 4150 num.
2392 4099 2456 4150 Et
2483 4093 2981 4168 Salomoni,quem
3003 4095 3095 4152 lex
3147 4096 3489 4168 prohibebat
3525 4097 3836 4156 Ecclesiam

2195 4184 2294 4239 Dei
2326 4184 2566 4252 intrare,
2601 4202 2714 4240 non
2739 4184 2927 4241 solum
2950 4185 3200 4253 veniam,
3252 4187 3351 4241 sed
3384 4187 3556 4242 etiam
3587 4197 3836 4260 regnum

2193 4274 2484 4331 concessit
2517 4291 2529 4330 :
2563 4278 2620 4331 et
2650 4273 2849 4341 Israel,
2876 4276 2973 4348 qui
3000 4279 3129 4348 post
3151 4275 3586 4331 multitudinem
3619 4293 3837 4348 praeva-

2193 4362 2568 4430 ricationum,
2589 4363 2876 4435 templum
2909 4363 2966 4418 in
2999 4380 3113 4436 quo
3136 4364 3444 4420 Dominum
3477 4365 3836 4437 invocarent,

2194 4452 2456 4523 requiem
2490 4456 2546 4507 et
2568 4451 2670 4507 Dei
2701 4451 2950 4523 gratiam
2982 4458 3339 4508 meruerunt.

2265 4561 2427 4633 (Cap.
2459 4560 2577 4616 VII.
2610 4593 2677 4600 —
2708 4560 2871 4617 Vers.
2906 4561 2985 4631 3.)
3018 4584 3044 4610 «
3087 4561 3358 4618 Civitates
3405 4578 3552 4635 quas
3597 4562 3838 4620 dederat

2198 4651 2391 4705 lliram
2439 4648 2732 4706 Salomoni
2793 4649 3176 4706 aedificavit.»
3220 4651 3330 4708 Eas
3375 4651 3657 4720 civitates,
3689 4669 3836 4724 quas

2189 4739 2457 4795 Salomon
2489 4739 2652 4795 dedit
2686 4739 2899 4809 lliram,
2933 4744 2990 4796 et
3040 4741 3148 4796 iste
3201 4741 3388 4796 noluit
3432 4756 3528 4797 eas
3558 4741 3834 4813 recipere,

2194 4829 2293 4884 sed
2328 4828 2551 4884 vocavit
2579 4833 2793 4883 terram
2827 4827 3072 4896 Chahul,
3107 4829 3264 4901 ipsas
3290 4830 3431 4884 dicit
3455 4830 3648 4885 Hiram
3681 4831 3835 4888 Salo-

2195 4917 2353 4974 moni
2383 4918 2637 4976 dedisse.

2265 5007 2457 5080 (Vers.
2515 5007 2595 5079 6.)
2629 5030 2655 5057 ‹‹
2689 5007 2898 5063 Omnia
2930 5024 3057 5080 qua:
3104 5007 3283 5062 voluit
3325 5007 3614 5074 Salomon,
3663 5011 3832 5081 atque

2190 5173 2309 5236 tur,
2343 5187 2469 5242 quae
2503 5168 2679 5224 tradit
2736 5168 2938 5224 urbem
2999 5169 3471 5242 Belhmarcabolh,
3516 5168 3572 5223 id
3602 5173 3712 5236 est,
3745 5169 3831 5223 do-

2191 5241 2679 5308 mum’curruum,
2729 5246 2784 5295 et
2835 5245 3013 5296 [laser
3061 5243 3221 5308 Susa,
3279 5241 3432 5312 quod
3484 5245 3572 5296 est
3613 5256 3832 5296 commo-

2191 5317 2334 5370 ratio
2359 5330 2644 5386 cquor-um,
2678 5312 2992 5385 designari.

2191 5511 2258 5568 de
2283 5509 2519 5565 secunda
2547 5513 2720 5580 parte.
2771 5511 2952 5563 Antea
2997 5512 3138 5575 erat,
3191 5509 3250 5563 In
3294 5508 3496 5562 librum
3547 5506 3825 5580 secundum

2194 5578 2669 5654 Paralipomenon.
2719 5581 3026 5654 Videiqua:
3058 5582 3128 5634 de
3161 5581 3369 5652 prioris
3408 5581 3590 5652 partis
3634 5578 3825 5636 inscri-

2195 5653 2393 5730 ptione
2421 5656 2794 5709 adnotamus.
2830 5669 2846 5706 ι
2878 5653 3035 5707 Eorr.
