3970 6376
177 363 332 436 M81

1109 368 1410 449 QUES'I‘.
1460 369 1827 436 HEIIRAIC.
1875 367 1955 435 IN
2001 367 2148 436 LIB.
2195 372 2246 438 II
2291 369 2655 440 PARALIP.

3423 373 3580 442 I458

179 505 489 580 disposuit,
523 506 827 564 aediﬁcavit
856 507 914 564 in
945 505 1274 566 Jerusalem
1328 508 1466 565 etin
1526 507 1760 564 Libano.
1791 529 1812 557 ι
1851 506 1906 574 Α
1936 507 2318 566 secrabantur
2362 526 2574 567 manus
2631 508 2812 580 illius,
2875 508 2976 585 qui
3025 509 3295 569 sacerdos
3343 509 3576 568 futurus

182 595 361 653 Hicin
424 597 638 653 Libano
676 597 962 670 templum
1024 599 1409 671 signiﬁcatur,
1459 598 1628 669 juxta
1675 595 1820 652 illud

191 684 539 742 Ezechielis:
577 709 604 736 «
643 687 834 759 Aperi,
871 689 1105 756 Libane,
1140 697 1336 760 portas
1366 693 1498 744 tuas
1540 687 1676 757 (Ima
1712 688 1820 742 Za-

179 777 329 832 char.
353 794 409 831 x1
446 778 522 848 1).
556 798 583 825 ››
611 776 673 831 In
709 775 1078 833 solemnitate
1131 777 1654 844 hebdomadarum,
1692 797 1719 825 »
1759 775 1818 830 id

185 869 271 921 est
296 865 678 921 Pentecostes.

247 954 407 1025 (Cap.
441 953 534 1010 IX.
566 985 632 994 ——-
659 957 818 1010 Vers.
853 955 1006 1026 29.)«
1033 954 1275 1026 Reliqua
1295 959 1487 1010 autem
1510 971 1684 1027 opera
1722 954 1821 1009 Sa-

179 1041 431 1098 lomonis
451 1041 710 1114 priorum
733 1045 789 1098 et
810 1042 1283 1097 novissimorum.
1303 1066 1328 1093 ››
1351 1043 1636 1109 Priorum,
1662 1046 1818 1097 ante-

174 1147 353 1202 quam
386 1135 797 1202 praavaricatus
827 1135 1018 1198 esset;
1052 1131 1465 1203 posteriorum,
1499 1135 1816 1204 postquam

176 1220 588 1293 praevaricatus
618 1224 723 1275 est.

245 1309 480 1381 (Ibid.):
561 1309 621 1364 In
680 1309 901 1364 visione
960 1326 1193 1381 quoque
1243 1309 1427 1364 Jaddo
1486 1308 1818 1364 videntis.»

174 1398 362 1455 Jaddo
395 1398 520 1470 ipse
549 1402 637 1452 est
676 1397 1006 1468 prophetes,
1030 1397 1130 1469 qui
1159 1398 1228 1452 ad
1266 1399 1630 1470 argueudum
1652 1397 1817 1452 Jero-

174 1487 348 1542 boam
388 1502 491 1558 pro
523 1484 689 1540 altari
721 1487 872 1557 quod
933 1486 1166 1555 fecerat,
1202 1503 1236 1542 a
1284 1486 1399 1542 Deo
1449 1486 1670 1542 missus
1729 1489 1820 1540 est

171 1574 230 1630 in
265 1574 610 1631 Samariam.

242 1685 274 1713 ‹‹
305 1663 472 1718 Pater
499 1666 639 1718 tuus
669 1662 988 1718 durissimo
1020 1663 1164 1734 jugo
1189 1680 1294 1719 nos
1317 1663 1606 1736 oppressit
1632 1680 1644 1718 :
1673 1685 1700 1712 »
1751 1679 1816 1720 eo

172 1753 330 1824 quod
361 1751 563 1824 viginti
591 1756 842 1824 quatuor
862 1751 1049 1807 millia
1079 1769 1179 1824 per
1200 1753 1354 1808 vices
1378 1752 1682 1809 mensibus
1697 1752 1817 1808 sin-

170 1841 328 1917 gulis
359 1841 738 1897 morabantur
766 1857 900 1896 cum
931 1857 1064 1912 rege
1095 1840 1154 1896 in
1185 1839 1530 1897 Jerusalem.

240 1931 430 2002 (Vers.
475 1929 551 2001 6.)
607 1953 634 1980 ‹‹
671 1929 806 1985 Iniit
870 1929 1183 1985 consilium
1246 1947 1380 1985 cum
1420 1930 1660 1986 senibus
1713 1929 1813 2001 qui

172 2023 456 2076 steterant
483 2034 677 2074 coram
710 2023 872 2090 patre
901 2020 1028 2090 ejus
1058 2018 1379 2086 Salomone,
1408 2041 1435 2067 »
1467 2018 1525 2074 id
1551 2023 1657 2090 est,
1681 2035 1817 2075 cum

173 2107 391 2164 Banaia
408 2107 526 2162 ﬁlio
555 2107 790 2178 Joiadze,
823 2111 879 2162 et
906 2107 1093 2163 Jahiel
1142 2106 1261 2162 ﬁlio
1316 2107 1657 2176 Achamoni,
1717 2107 1815 2179 qui

173 2197 286 2254 alio
319 2197 555 2252 nomine
585 2196 788 2251 Chilab
829 2201 1084 2252 vocatur.

241 2286 428 2357 (Vers.
461 2284 541 2355 8.)
575 2305 604 2334 «
641 2284 860 2340 Relicto
892 2284 1136 2341 consilio
1169 2301 1400 2353 senum,
1460 2300 1592 2340 cum
1646 2286 1814 2356 juve-

173 2375 350 2430 nibus
368 2377 614 2430 tractare
640 2373 833 2445 coepit,
863 2395 890 2422 »
948 2373 1008 2428 id
1069 2378 1195 2429 est:
1239 2373 1562 2442 Adhuram,
1610 2373 1710 2446 qui
1755 2374 1814 2429 in

171 2462 556 2536 sequentibus
586 2461 880 2534 lapidatus
902 2461 1270 2517 describitur.

238 2551 430 2622 (Vers.
466 2551 580 2623 16.)
614 2573 641 2600 ‹‹
676 2551 842 2605 Nunc
871 2555 1066 2606 autem
1097 2550 1226 2606 vide
1247 2552 1486 2606 domum
1511 2554 1672 2607 tuam
1703 2553 1813 2608 Da-

166 2640 279 2696 vid.
309 2661 339 2690 »
371 2639 535 2694 Nunc
568 2643 761 2694 autem
793 2638 987 2694 videat
1034 2639 1209 2709 Deus,
1259 2641 1398 2710 quia
1443 2641 1594 2712 quod
1647 2657 1751 2698 nos
1782 2660 1816 2697 a

170 2729 348 2785 domo
382 2727 562 2782 David
585 2727 930 2798 recedimus,
954 2731 1255 2799 peccatum
1278 2731 1366 2784 est
1386 2727 1642 2785 ﬁliorum
1665 2731 1812 2801 ejus,

175 2818 272 2890 qui
297 2834 410 2873 nos
439 2816 746 2887 abjiciunt.

237 2908 431 2978 (Vers.
476 2906 587 2976 18.)
620 2907 677 2960 In
700 2905 922 2977 Regum
956 2906 1055 2978 (111
1077 2907 1205 2975 Reg.
1239 2923 1339 2973 vn,
1398 2907 1508 2978 13),
1555 2908 1810 2964 Huram:

163 2994 222 3050 in
252 2994 762 3066 Paralipomenon,
793 2994 1113 3050 Adhuram.
1148 2995 1404 3051 Huram:
1442 2998 1662 3052 Flavius
1715 3013 1812 3052 ex-

165 3086 370 3141 citatus
392 3103 410 3140 :
431 3085 613 3139 Ruina
645 3085 905 3139 exultem.

234 3174 402 3245 (Cap.
465 3173 558 3227 XI.
589 3204 618 3212 -ε
647 3202 659 3212 -
689 3172 853 3228 Vers.
911 3174 991 3245 5.)
1035 3197 1063 3223 ‹‹
1100 3177 1164 3228 Et
1207 3173 1510 3229 aediﬁcavit
1549 3174 1809 3231 civitates

165 3268 455 3318 muratae.
483 3284 510 3312 ››
543 3267 730 3317 Causa
762 3261 894 3317 belli
925 3262 1229 3318 aediﬁcavit
1248 3262 1529 3319 civitates.

233 3352 424 3422 (Vers.
491 3350 599 3421 15.)
634 3371 662 3398 ‹‹
694 3351 1033 3405 Sacerdotes
1085 3349 1444 3405 exeelsorum
1497 3354 1554 3405 et
1600 3351 1810 3406 daemo-

161 3457 326 3497 num.
365 3462 394 3490 ››
419 3438 566 3505 Quia
593 3439 779 3494 sicubi
815 3439 990 3494 ﬁebat
1019 3438 1232 3510 imago,
1267 3439 1559 3494 daemones
1590 3441 1809 3496 dabant

159 3545 465 3602 responsa,
501 3532 558 3583 et
589 3527 1097 3583 constituebantur
1126 3529 1210 3582 eis
1242 3528 1592 3584 sacerdotes.

224 3623 421 3688 (Vers.
459 3618 571 3689 18.)
603 3639 629 3667 ››
667 3616 837 3672 Duxit
868 3621 1062 3672 autem
1088 3617 1344 3672 Roboam
1414 3635 1650 3674 uxorem
1699 3622 1812 3674 Ma-

156 3707 311 3776 laad,
347 3706 531 3762 ﬁliam
562 3706 832 3773 Jerimut,
868 3706 969 3760 ﬁlii
1002 3705 1201 3761 David.
1228 3725 1254 3756 ι
1289 3706 1400 3762 Iste
1419 3707 1672 3762 Jerimut
1696 3725 1806 3764 non

157 3796 460 3867 scribitur,
493 3811 684 3866 neque
713 3794 772 3850 in
805 3795 1053 3867 Regum,
1086 3812 1274 3867 neque
1306 3796 1364 3852 in
1426 3796 1808 3870 Paralipome-

157 3902 297 3953 non,
331 3885 476 3958 quia
505 3885 616 3940 fuit
645 3885 714 3939 de
757 3883 892 3940 ﬁliis
919 3885 1396 3942 concubinarum.

229 3976 422 4047 (Vers.
473 3975 588 4046 20.)
651 3973 937 4044 «Accepit
989 3974 1286 4030 Maacham
1337 3974 1516 4031 ﬁliam
1562 3977 1808 4033 Abessa-

160 4064 279 4134 lon,
305 4086 334 4115 »
360 4064 488 4120 Non
513 4067 603 4117 est
629 4061 740 4117 iste
761 4061 1088 4117 Abessalon
1112 4061 1266 4116 ﬁlius
1293 4061 1487 4128 David,
1512 4063 1610 4117 sed
1635 4061 1808 4132 alius,

161 4155 322 4226 quod
358 4152 421 4207 in
460 4151 684 4224 Regum
741 4149 1040 4205 volumine
1090 4149 1524 4205 demonstratur
1565 4150 1658 4222 (III
1682 4154 1808 4222 Reg.

169 4260 261 4313 xv,
295 4243 377 4314 2).

227 4332 396 4404 (Cap.
432 4330 553 4385 XII.
587 4361 654 4370 —
686 4329 851 4385 Vers.
884 4328 999 4398 15.)
1025 4351 1051 4377 «
1086 4327 1312 4400 Scripta
1356 4332 1495 4384 sunt
1550 4327 1610 4383 in
1662 4327 1810 4384 libro

155 4420 403 4476 Semeiaa
433 4417 732 4490 propheta:
763 4421 820 4473 et
849 4417 1014 4473 Addo
1067 4417 1338 4474 videntis.
1370 4440 1397 4467 ››
1435 4418 1596 4473 Ilunc
1651 4417 1811 4473 Addo

159 4508 440 4582 superius
468 4507 657 4563 Jaddo
688 4507 1029 4562 nominavit.

227 4598 396 4670 (Cap.
448 4596 589 4652 XIII.
659 4597 784 4653 Vers
825 4597 900 4668 4.)
953 4619 981 4646 ‹‹
1038 4597 1209 4652 Stetit
1257 4597 1402 4652 Abia
1441 4614 1618 4670 super
1647 4613 1812 4653 mon-

155 4690 274 4744 tem
305 4687 715 4744 Samaraim.»
763 4685 925 4742 Multi
986 4690 1196 4758 putant
1255 4686 1363 4742 hoc
1421 4687 1492 4742 de
1549 4686 1813 4742 Samaria

154 4777 410 4841 dictum,
445 4776 597 4848 quod
645 4792 761 4831 non
805 4779 992 4846 potest
1020 4792 1167 4832 esse.
1204 4776 1336 4831 Fuit
1364 4775 1518 4831 enim
1553 4791 1722 4832 mons
1753 4777 1812 4831 in

157 4865 462 4939 prraim,
497 4864 651 4920 haud
690 4864 952 4937 procula
981 4865 1267 4934 Carmelo,
1321 4865 1420 4920 ubi
1480 4866 1589 4920 fuit
1634 4865 1809 4921 Elias.

228 4955 423 5026 (Vers.
455 4953 534 5025 5.)
562 4975 582 5004 ι
624 4954 740 5026 Ipsi
799 4957 856 5009 et
911 4954 1049 5010 ﬁliis
1109 4955 1238 5025 ejus
1306 4959 1544 5025 pactum
1590 4953 1750 5010 salis.
1783 4979 1811 5005 ››

155 5042 408 5099 Pactum
440 5041 583 5098 salis
604 5042 663 5097 in
708 5043 1066 5114 quibusdam
1092 5042 1234 5098 locis
1267 5060 1369 5116 pro
1409 5042 1536 5117 lege
1557 5043 1814 5117 ponitur,

157 5149 288 5204 quae
319 5130 594 5188 omnium
631 5131 1070 5187 condimentum
1101 5136 1207 5202 est,
1240 5137 1297 5187 et
1326 5132 1385 5187 in
1415 5132 1523 5188 hoc
1554 5133 1678 5188 loco
1713 5150 1816 5206 pro

159 5221 336 5278 domo
377 5219 576 5290 David,
603 5221 704 5291 qui
729 5220 1191 5277 univcrsolsrael
1215 5221 1656 5277 condimentum
1682 5222 1812 5277 fuit.

238 5310 436 5379 (Vers.
466 5309 546 5378 7.)
580 5331 608 5358 «
642 5309 820 5366 Porro
854 5310 1110 5366 Roboam
1143 5314 1267 5366 erat
1309 5310 1474 5365 rudis
1533 5314 1590 5366 et
1644 5312 1818 5366 corde

161 5399 405 5472 pavido.
436 5419 463 5447 ››
499 5398 646 5462 Quia
676 5399 914 5454 Semeia:
948 5400 1240 5472 propheta:
1298 5400 1473 5455 verba
1529 5400 1816 5456 extimuit.

231 5487 435 5560 (Vers.
460 5487 542 5554 9.)
578 5509 599 5536 ι
647 5488 708 5543 In
738 5491 908 5543 tauro
940 5493 999 5544 et
1049 5488 1328 5544 arietibus
1369 5491 1589 5560 septem
1621 5511 1647 5538 ››
1681 5505 1818 5546 con-

1933 601 2082 653 erat.
2109 597 2274 655 Hunc
2295 598 2453 654 enim
2483 615 2705 656 morem
2721 599 3030 657 Jeroboam
3049 604 3282 674 ceperat
3296 600 3366 659 ad
3391 617 3577 658 sacer-

1930 685 2094 742 dotes
2127 686 2418 743 idolorum
2454 689 2900 745 consecrandos.

2003 774 2498 848 (Vers.17.)»Et
2546 781 2895 834 corruerunt
2948 777 3232 835 vulnerati
3285 795 3353 836 ex
3400 779 3578 838 Israel

1929 862 2363 937 quinquaginta
2387 865 2571 922 millia
2595 865 2851 922 virorum
2873 866 3129 923 fortium.
3156 889 3183 918 ιδ
3204 867 3272 923 Hi
3295 867 3576 924 nimirum

1928 952 2028 1024 qui
2061 954 2433 1010 anteidolum
2457 961 2847 1012 curvaverunt
2867 972 3058 1029 genua
3075 973 3202 1013 sua.
3219 961 3572 1030 Praeceptum

1928 1041 2084 1097 enim
2117 1046 2241 1098 erat
2271 1043 2329 1098 in
2360 1043 2504 1118 iege,
2541 1048 2606 1100 ut
2637 1045 2687 1101 si
2712 1045 2844 1117 quis
2871 1045 3093 1102 idolum
3123 1047 3412 1118 adoraret,
3443 1063 3572 1104 mo-

1925 1134 2171 1187 reretur.

1998 1219 2183 1289 (Vers.
2217 1221 2328 1289 19.)
2345 1242 2372 1271 «
2396 1222 2463 1277 Et
2485 1221 2636 1295 cepit
2652 1222 2844 1279 Bethel
2867 1227 2926 1280 et
2955 1222 3114 1280 ﬁlius
3135 1224 3288 1296 ejus.
3320 1245 3348 1274 »
3374 1223 3570 1282 Bethel

1927 1306 2056 1380 ipsa
2115 1309 2302 1364 estin
2383 1326 2502 1382 qua
2571 1315 2850 1383 posuerat
2910 1311 3220 1368 Jeroboam
3297 1313 3568 1369 vitulum.

1927 1397 2220 1540 goEIphron
2253 1415 2486 1471 quoque
2516 1404 2576 1456 et
2605 1399 2756 1458 ﬁlias
2785 1401 2935 1472 ejus.
2962 1422 2990 1451 »
3023 1401 3256 1475 Ephron
3309 1401 3439 1475 ipsa
3484 1406 3574 1460 est

1973 1501 2022 1540 ιο
2070 1501 2184 1540 em.

1973 1501 2184 1555 lenem,

1999 1591 2356 1664 (Cap.XV.—-
2376 1594 2542 1650 Vers.
2570 1599 2588 1650 1
2608 1595 2653 1667 .)
2671 1595 2943 1652 «Azarias
2964 1599 3161 1652 autem
3183 1595 3342 1653 ﬁlius
3362 1595 3566 1654 Odeth.

1927 1678 2112 1736 Odeth
2135 1680 2373 1753 ipsejest
2389 1682 2599 1753 Jaddo,
2633 1683 2735 1755 qui
2767 1684 2839 1739 ad
2872 1683 3179 1741 Jerohoam
3211 1684 3432 1743 missus
3460 1689 3567 1742 est.

1998 1787 2185 1856 (Vers.
2218 1789 2350 1857 5.)«
2378 1793 2448 1844 In
2479 1793 2742 1862 tempore
2789 1789 2887 1847 illo
2927 1807 3043 1847 non
3095 1790 3204 1847 erit
3256 1808 3368 1864 pax
3415 1808 3574 1866 egre-

1849 1881 1896 1946 B
1926 1875 2112 1930 dienti
2143 1879 2201 1931 et
2231 1877 2603 1949 ingredienti.
2630 1901 2658 1928 ››
2690 1879 2956 1935 Tradunt
2983 1879 3092 1936 hoc
3140 1881 3575 1953 quinquaginta

1925 1964 2151 2020 duobus
2195 1965 2368 2022 annis
2418 1970 2550 2038 post
2582 1969 2940 2023 eversionem
2988 1967 3193 2041 templi
3241 1968 3568 2042 impletum.

1925 2050 2006 2108 ita
2037 2057 2101 2108 ut
2132 2052 2190 2108 in
2223 2053 2316 2109 his
2350 2054 2779 2128 quinquaginta
2807 2057 3040 2113 duobus
3070 2057 3260 2125 annis,
3293 2075 3399 2114 nec
3448 2059 3571 2116 avis

1923 2140 2222 2210 volaverit,
2255 2159 2360 2198 nec
2390 2143 2581 2199 bestia
2609 2144 3009 2216 pertransierit
3057 2161 3159 2218 per
3203 2147 3566 2217 Jerusalem;

1924 2233 1980 2285 et
2012 2230 2187 2286 Israel
2213 2231 2321 2287 fuit
2345 2231 2564 2304 absque
2583 2249 2685 2306 spe
2716 2233 2754 2302 ¹,
2788 2236 2844 2289 et
2874 2249 3078 2291 omnes
3107 2237 3308 2308 gentes
3340 2235 3398 2291 in
3430 2253 3569 2293 con-

1923 2319 2278 2376 turbatione.

1994 2408 2180 2476 (Vers.
2215 2409 2312 2481 8.).
2347 2430 2374 2460 «
2405 2410 2474 2465 Et
2517 2409 2824 2466 aediﬁcavit
2866 2409 3048 2466 altare
3094 2410 3347 2480 Domini,
3409 2414 3565 2486 quod

1924 2501 2048 2553 erat
2077 2501 2209 2554 ante
2237 2497 2550 2569 porticum.
2572 2519 2602 2549 ››
2632 2497 2806 2566 Illud,
2840 2498 3085 2566 scilicet,
3130 2501 3286 2571 quod
3349 2517 3384 2558 a
3409 2501 3568 2558 Salo-

1925 2601 2096 2642 mone
2126 2590 2526 2642 constructum
2559 2587 2764 2657 fuerat,
2789 2587 3101 2643 renovavit.

1997 2675 2188 2746 (Vers.
2235 2676 2342 2746 15.)
2377 2697 2405 2726 «
2428 2680 2492 2731 In
2523 2692 2694 2732 omne
2753 2675 2909 2733 enim
2959 2677 3131 2733 corde
3179 2694 3285 2734 suo
3331 2679 3566 2750 jureve-

1926 2769 2080 2821 runt.
2108 2786 2135 2814 ››
2161 2766 2223 2822 In
2255 2765 2446 2830 corde,
2501 2765 2558 2820 iu
2608 2766 2856 2837 jejunio,
2905 2769 2962 2822 et
3002 2765 3062 2822 in
3121 2766 3457 2836 afflictione,
3506 2769 3565 2825 in

1923 2853 2242 2923 voluntate,
2277 2854 2333 2909 in
2357 2853 2744 2927 eleemosyna.

1995 2943 2179 3015 (Vers.
2216 2944 2327 3015 16.)
2363 2962 2384 2992 ι
2419 2943 2530 3000 Sed
2561 2949 2618 3000 et
2647 2943 2950 3001 Maacham
2981 2947 3229 3012 matrem
3259 2947 3374 3008 Asa
3390 2948 3562 3022 regis.

1925 3032 2148 3089 Idcirco
2180 3049 2293 3089 non
2327 3033 2476 3088 dixit
2504 3037 2755 3090 matrem
2789 3050 2979 3102 suam,
3015 3034 3153 3106 quia
3181 3051 3297 3091 non
3359 3037 3566 3094 ambu-

1920 3121 2024 3180 bat
2048 3121 2199 3177 viam
2233 3125 2476 3193 rectam,
2533 3121 2687 3178 sicut
2741 3121 2900 3178 ﬁlius
2947 3123 3092 3194 ejus.
3123 3145 3150 3173 α
3179 3124 3256 3179 Ex
3311 3129 3566 3199 angusto

1921 3209 2192 3280 deposuit
2219 3210 2464 3281 imperio
2489 3228 2502 3278 ;
2539 3232 2567 3260 »
2598 3210 2707 3266 hoc
2737 3215 2846 3278 est,
2876 3210 2947 3266 de
2964 3211 3309 3268 sacerdotio.
3343 3234 3373 3264 «
3392 3217 3558 3270 Com-

1920 3297 2139 3354 minuit
2165 3299 2550 3354 simulacrum
2570 3297 2785 3371 Priapi,
2807 3303 2864 3355 et
2883 3299 3208 3357 combussit
3223 3300 3282 3356 in
3305 3306 3560 3362 torrente

1916 3388 2137 3443 Cedron
2167 3406 2179 3444 :
2211 3409 2238 3436 ››
2269 3388 2450 3443 Aiunt
2479 3387 2901 3444 comminuisse
2931 3388 3112 3456 istud,
3145 3394 3203 3445 et
3257 3389 3410 3446 clam
3464 3409 3562 3449 vo-

1918 3477 2099 3538 luisse
2131 3477 2432 3550 projicere,
2468 3477 2622 3550 quod
2655 3477 2939 3534 Dominus
2972 3482 3036 3534 ut
3077 3480 3447 3551 patefaceret,
3499 3481 3557 3536 in

1917 3569 2172 3623 torrente
2203 3566 2422 3622 Cedron
2465 3583 2534 3622 ex
2564 3583 2717 3639 aqua
2740 3567 2894 3639 ignis
2925 3567 3227 3639 processit.

1989 3674 2153 3746 (Cap.
2190 3673 2334 3730 XVI.
2367 3673 2618 3730 -——Vers.
2652 3673 2766 3745 10.)
2798 3697 2826 3723 «
2858 3673 3044 3730 Jussit
3071 3691 3204 3730 eum
3235 3675 3292 3730 in
3317 3692 3563 3732 nervum

1921 3762 2073 3818 mitti
2107 3780 2173 3831 ς»
2208 3779 2274 3819 eo
2306 3763 2462 3834 quod
2502 3762 2733 3835 publice
2764 3778 2826 3818 se
2865 3762 3076 3834 arguit.

1991 3851 2176 3922 (Vers.
2219 3852 2324 3923 12.)
2358 3873 2385 3902 ‹‹
2417 3850 2612 3908 Doluit
2640 3852 2814 3924 pedes
2833 3852 2988 3918 Asa;
3025 3875 3047 3905 ι
3085 3851 3222 3924 quia
3251 3853 3561 3926 podagrico

1921 3940 2166 3996 humore
2219 3944 2524 4012 correptus
2575 3944 2682 3996 est.
2727 3940 3060 3996 Notandum
3121 3942 3274 4013 quod
3324 3942 3562 4014 regibus

1921 4045 2101 4085 causa
2132 4029 2463 4084 reverentia:
2522 4026 2935 4085 combusiones
2982 4027 3462 4086 vestimentorum
3507 4036 3567 4088 et

1923 4121 2257 4174 aromatum
2291 4117 2527 4174 ﬁebant.
2560 4117 2725 4173 Unde
2773 4115 3053 4188 dicitur,«
3087 4119 3160 4175 Et
3197 4119 3365 4191 juxta
3413 4137 3565 4178 com-

1927 4206 2229 4264 bustiones
2255 4207 2546 4278 majorum
2575 4206 2786 4263 facient
2806 4206 2932 4262 tibi.
2967 4229 2998 4258 »

1994 4314 2157 4387 (Cap.
2190 4314 2359 4370 XVII.
2395 4343 2462 4355 —
2491 4314 2636 4370 Vers
2659 4315 2752 4382 3.)
2783 4336 2812 4365 «
2847 4317 2915 4370 Et
2971 4314 3295 4371 ambulavit
3345 4315 3404 4372 in
3457 4316 3571 4375 viis

1925 4403 2104 4459 David
2137 4403 2342 4476 primis
2369 4447 2380 4472 ,
2415 4426 2442 4453 ››
2475 4402 2533 4458 id
2563 4407 2672 4474 est,
2705 4407 3020 4476 antequam
3047 4409 3346 4478 peccasset
3365 4404 3563 4461 David.

1995 4491 2185 4564 (Vers.
2221 4493 2333 4564 16.)
2351 4515 2378 4543 «
2415 4492 2551 4549 Post
2579 4492 2758 4550 istum
2813 4509 3046 4566 quoque
3095 4492 3362 4549 Amasias
3409 4491 3567 4548 ﬁlius

1924 4582 2086 4638 Zacri
2153 4587 2529 4638 consecratur
2574 4581 2858 4639 Domino:
2895 4605 2922 4632 ››
2981 4598 3048 4638 eo
3088 4582 3242 4653 quod
3293 4587 3449 4638 esset
3495 4581 3568 4637 de

1897 4659 2078 4727 tribu
2111 4671 2377 4728 Issachar
2403 4675 2462 4727 et
2488 4675 2645 4728 esset
2673 4672 2892 4728 doctor.

1993 4780 2152 4851 (Cap.
2213 4778 2404 4834 XVIII.
2441 4810 2504 4818 ——
2567 4778 2728 4835 Vers.
2796 4778 2911 4849 38.)
2960 4781 3196 4834 «Porro
3245 4794 3340 4834 rex
3389 4777 3577 4833 Israel

1924 4869 2117 4924 stabat
2145 4869 2203 4923 in
2237 4885 2412 4922 curru
2445 4883 2551 4922 suo
2584 4870 2785 4924 contra
2815 4869 3008 4939 Syros,
3065 4883 3254 4938 usque
3309 4867 3382 4922 ad
3439 4882 3567 4923 ves-

1925 4961 2226 5029 perum,et
2248 4961 2514 5012 mortuus
2537 4959 2626 5012 est
2649 4956 2946 5012 occidente
2968 4955 3108 5012 sole.
3139 4976 3166 5009 α
3187 4959 3432 5027 Accepto
3453 4954 3573 5010 vul-

1927 5062 2064 5103 nere
2095 5043 2346 5114 mortali,
2371 5044 2554 5116 jussit
2578 5061 2639 5100 se
2676 5044 2879 5112 teneri,
2911 5060 2983 5100 ne
3032 5043 3564 5118 deprehenderetur

1929 5135 2001 5190 ab
2032 5133 2325 5201 hostibus,
2359 5132 2510 5205 quod
2544 5131 2881 5189 vulneratus
2907 5137 3082 5200 esset,
3114 5138 3172 5189 et
3198 5131 3360 5189 illius
3388 5133 3561 5190 ruina

1926 5228 1984 5280 et
2021 5222 2294 5279 hostibus
2320 5221 2646 5290 victoriam,
2675 5225 2731 5278 et
2760 5220 2974 5294 populo
3034 5220 3353 5294 periculum
3423 5221 3573 5294 fugae

1930 5313 2234 5379 incuteret,
2296 5311 2602 5368 Occidente
2646 5311 2767 5368 sole
2810 5315 3075 5368 mortuus
3121 5314 3230 5378 est,
3279 5313 3344 5365 ut
3395 5311 3564 5367 docte

1933 5401 2272 5474 praesidium
2310 5401 2458 5473 fuga:
2488 5417 2605 5456 suae
2637 5401 2888 5473 populus
2909 5400 3164 5458 haberet.

2003 5492 2166 5563 (Cap.
2207 5490 2418 5546 XlX.-v
2480 5490 2638 5546 Vers.
2689 5493 2766 5561 2.)
2803 5513 2825 5542 α
2858 5490 3007 5547 Jehu
3067 5490 3224 5548 ﬁlius
3280 5489 3511 5559 Anani;
3545 5513 3569 5544 ι

235 5696 252 5731 ¹
288 5690 665 5751 Ambrosian.
699 5692 896 5764 codex,
929 5695 1114 5750 Fuerit
1142 5695 1344 5767 absque
1373 5695 1514 5767 ipsa.
1548 5693 1680 5762 Mox
1711 5710 1966 5770 quoque,
1994 5699 2060 5755 Et
2087 5695 2374 5768 dedicavit,
2407 5711 2508 5770 pro
2538 5695 2860 5767 ediﬁcavit.
