3970 6388
408 339 567 412 “69

1897 342 2320 412 APPENDlX.

3652 342 3810 411 1160

411 478 573 539 illius
603 481 873 539 videlicet
897 480 1212 555 prophetes,
1246 481 1347 555 qui
1379 482 1450 538 ab
1478 481 1596 539 Asa
1646 498 1779 555 rege
1807 481 1962 539 Juda
1989 480 2048 537 in
2081 481 2138 549 Α
2166 480 2331 555 ginta
2359 480 2557 540 annis:
2590 485 2648 539 et
2694 480 2840 538 dicit
2882 479 3069 538 ﬁlium
3124 477 3253 552 ejus
3306 476 3615 536 Achaziam
3662 493 3811 535 cum

413 587 703 627 carcerem
738 572 956 627 missus
986 578 1093 628 est.

480 677 635 750 (Cap.
668 678 782 734 XX.
816 710 884 720 —
930 678 1091 736 Vers.
1144 681 1221 749 1.)
1280 679 1408 735 Fiiii
1447 680 1612 736 Moab
1670 684 1728 736 et
1776 679 1877 734 ﬁlii
1915 682 2052 734 Am-

410 782 567 831 mon,
629 770 687 822 et
736 783 869 824 cum
925 767 1009 824 eis
1065 768 1137 827 de
1188 768 1564 823 Ammonitis.
1602 789 1629 817 »
1664 768 2050 835 Ammonitas,

411 854 699 912 Idumaeos
726 856 1130 930 vultintelligi,
1150 859 1289 930 quia
1313 859 1383 912 ob
1413 857 1793 913 reverentiam
1816 855 2053 912 fraterni

411 946 690 1013 nominis,
726 946 1003 1003 nolebant
1033 948 1093 1003 in
1117 948 1362 1019 pristino
1397 946 1602 1002 habitu
1635 964 1799 1002 arma
1827 962 2055 1002 movere

410 1040 613 1092 contra
640 1035 837 1103 Israel,
872 1037 968 1093 sed
1026 1036 1524 1109 transﬁgurabant
1579 1051 1642 1091 se
1685 1037 1744 1091 in
1785 1035 2051 1092 habitum

408 1124 900 1181 Ammonitarum.

481 1213 671 1285 (Vers.
697 1217 777 1282 2.)
813 1237 833 1264 ι
860 1216 936 1270 De
967 1214 1059 1269 his
1088 1213 1231 1271 locis
1261 1222 1387 1286 qn‘m
1416 1218 1580 1270 trans
1603 1230 1763 1269 mare
1811 1219 1950 1269 sunt
1981 1230 1994 1281 ;
2027 1235 2053 1262 »

410 1318 573 1358 mare
603 1302 935 1359 Salinarum
955 1307 1065 1369 est,
1107 1303 1205 1359 ubi
1236 1303 1509 1360 Jordanis
1541 1301 1754 1357 inﬂuit.

477 1408 658 1481 (Vers.
681 1410 761 1482 5.)
787 1432 813 1459 ‹‹
836 1412 984 1466 Ante
1004 1409 1215 1465 atrium
1241 1426 1477 1466 novum.
1502 1409 1814 1465 aAntrium
1841 1425 2053 1464 novum

404 1501 588 1566 vocat,
621 1497 678 1553 id
719 1503 825 1566 est,
850 1498 1259 1570 atrium,quod
1283 1499 1572 1571 peccando
1595 1502 1761 1555 vetus
1780 1498 2051 1569 fecerant,

405 1591 464 1645 et
492 1586 829 1659 paenitendo
861 1588 932 1643 ad
962 1587 1272 1665 pristinam
1321 1587 1630 1643 novitatem
1673 1588 2044 1665 reduxerant.

479 1658 667 1748 (Vers.
699 1678 774 1747 9.)
814 1658 1035 1733 Nomen
1093 1658 1249 1734 enim
1309 1680 1478 1733 tuum
1536 1676 1596 1732 in
1643 1677 1816 1732 domo
1871 1658 2002 1732 ista.
2028 1697 2054 1724 ››

406 1766 570 1832 Quod
603 1766 885 1838 scriptum
946 1766 1154 1822 eratin
1216 1767 1403 1822 fronte
1460 1765 1775 1838 pontiﬁcis,
1826 1764 1945 1820 sive
1994 1764 2053 1819 in

406 1855 753 1912 vestimento
788 1855 1008 1928 Ephod,
1040 1856 1197 1927 quod
1226 1855 1283 1911 in
1344 1854 1728 1927 sequentibus
1760 1858 2049 1911 monstra-
2085 1856 2133 1921 B

408 1946 527 2016 tur,
557 1944 711 2001 idem
738 1944 900 2002 locus
927 1943 1120 2001 Jeruel
1150 1948 1387 2001 vocatus
1416 1950 1506 2000 est
1534 1945 1608 2000 ab
1637 1960 1706 2000 ea
1734 1943 1848 2009 die,
1882 1943 1939 1999 id
1969 1948 2060 1999 est

411 2033 580 2089 timor
607 2035 731 2089 Dei.

480 2123 667 2195 (Vers.
700 2122 814 2195 20.)
863 2147 891 2174 ‹‹
923 2124 1152 2197 Egressi
1201 2126 1342 2179 sunt
1400 2139 1504 2196 per
1559 2123 1855 2179 desertum
1906 2122 2057 2178 The-

408 2227 536 2269 cue.
572 2234 601 2262 »
633 2213 797 2268 Unde
818 2211 928 2269 fuit
956 2212 1261 2269 Thecuites
1287 2212 1523 2269 femina.

477 2318 664 2391 (Vers.
692 2320 808 2388 21.)
854 2340 883 2369 ‹‹
915 2319 1287 2376 Conﬁtemini
1336 2319 1604 2387 Domino,
1665 2318 1948 2391 quoniam
1999 2319 2059 2374 in

407 2410 692 2465 aeternum
724 2408 1128 2465 misericordia
1157 2410 1307 2481 ejus.
1336 2433 1361 2459 ››
1384 2409 1605 2465 Idcirco
1654 2410 1817 2466 deest
1848 2410 2056 2477 bonus,

410 2496 550 2569 quia
579 2496 637 2552 in
665 2496 775 2554 hac
806 2513 867 2554 re
900 2514 1015 2553 non
1045 2497 1558 2554 mansuetudinem
1582 2514 1773 2564 suam,
1802 2515 1919 2570 qua
1940 2514 2060 2553 om-

412 2602 516 2643 nes
545 2584 773 2653 tolerat,
806 2587 909 2643 sed
927 2587 1218 2659 judicium
1250 2587 1527 2644 exercuit.

483 2675 672 2747 (Vers.
708 2676 824 2747 23.)
855 2698 876 2726 α
912 2680 1276 2733 Vocaverunt
1324 2675 1517 2733 locum
1563 2675 1728 2745 illum
1761 2674 1928 2732 vallis
1957 2679 2061 2731 Be-

413 2762 787 2820 nedictionis.
814 2786 842 2814 »
864 2763 1048 2822 Vallis
1085 2765 1536 2835 Benedictionis,
1571 2764 1696 2837 ipse
1726 2770 1817 2821 est
1842 2763 2057 2833 Jeruel,

414 2851 487 2909 de
516 2868 632 2924 quo
662 2869 843 2924 supra
871 2853 1093 2910 dictum
1128 2858 1240 2911 est.

482 2958 671 3031 (Vers.
718 2960 832 3032 3|.)
892 2961 1175 3018 «Nomen
1231 2961 1437 3017 matris
1485 2962 1613 3033 ejus
1672 2961 1892 3030 Azuba,
1941 2959 2063 3017 ﬁlia

412 3047 573 3105 Silai.
602 3070 630 3098 »
656 3049 797 3105 Silai
842 3049 1271 3122 interpretatur,
1305 3052 1523 3121 missus,
1565 3050 1689 3122 ipse
1736 3055 1827 3106 est
1877 3049 2061 3106 Anani

416 3137 748 3211 prophetes,
791 3138 947 3195 ﬁlius
974 3140 1184 3206 Jaddo,
1225 3140 1296 3195 de
1341 3157 1455 3211 quo
1514 3139 1786 3213 superius
1835 3140 2061 3195 dictum

2164 588 2406 646 regnare
2436 572 2726 644 coepisset,
2760 571 2943 628 fuisse
2972 569 3359 642 quadraginta
3405 569 3660 624 duorum
3710 585 3813 624 an-

2162 679 2392 718 norum.
2427 663 2587 726 Quod
2621 662 2670 717 si
2712 662 2793 717 ita
2835 665 2943 730 est,
2992 659 3225 716 duobus
3281 660 3466 714 annis
3503 662 3814 729 antequam

2163 751 2288 822 ipse
2310 756 2483 808 natus
2513 755 2621 815 est,
2654 751 2783 822 ipse
2813 749 2979 803 illum
3012 747 3235 821 genuit.
3266 746 3425 813 Quod
3460 746 3570 801 nisi
3616 745 3807 802 solva-

2160 843 2260 895 tur
2289 856 2468 911 qnam
2493 839 2571 894 sit
2600 838 2933 905 ridiculum,
2963 838 3140 892 etiam
3188 835 3438 908 simplex
3490 834 3670 891 lector
3705 836 3815 890 ad-

2160 929 2350 984 vertit.
2388 930 2516 1001 Ipse
2545 928 2703 983 enim
2730 928 2954 995 Joram,
3006 926 3105 998 qui
3138 925 3233 981 hic
3272 925 3660 997 quadraginta
3697 941 3807 980 an-

2163 1016 2256 1072 nis
2299 1016 2513 1073 vixisse
2564 1017 2942 1085 describitur,
2987 1020 3044 1070 et
3100 1020 3229 1070 octo
3286 1013 3457 1070 annis
3522 1028 3816 1085 regnasse,

2163 1105 2302 1161 vixit
2363 1122 2550 1161 annos
2609 1104 3021 1177 quadraginta,
3070 1109 3129 1160 et
3189 1102 3446 1174 regnavit
3500 1102 3706 1176 viginti
3761 1107 3822 1156 et

2162 1199 2312 1251 octo.
2345 1196 2484 1252 Octo
2515 1194 2672 1250 enim
2708 1194 2867 1263 anni,
2901 1192 2999 1265 qui
3032 1192 3081 1248 ei
3114 1193 3174 1247 in
3225 1208 3401 1265 regno
3447 1190 3814 1256 tribuuntur,

2161 1283 2273 1357 ipsi
2306 1289 2446 1340 sunt
2476 1288 2790 1355 antequam
2830 1283 3038 1337 fratres
3090 1281 3394 1347 occideret,
3426 1296 3560 1335 cum
3607 1279 3800 1336 adhuc

2161 1372 2502 1429 innocenter
2529 1373 2765 1428 viveret.
2799 1371 3016 1444 Viginti
3050 1387 3182 1426 vero
3222 1370 3379 1441 anni,
3442 1369 3657 1442 quibus
3712 1385 3805 1425 re-

2162 1463 2382 1536 gnavit,
2440 1462 2568 1518 ideo
2607 1480 2641 1519 a
2684 1477 2928 1517 numero
2977 1461 3106 1531 ejus
3146 1461 3509 1531 ant'eruntur,
3569 1458 3707 1529 quia
3751 1459 3813 1513 in

2165 1550 2445 1624 languore
2465 1555 2523 1605 et
2551 1550 2608 1605 in
2643 1548 3021 1604 tribulatione
3060 1547 3300 1603 deduxit
3328 1564 3464 1603 eos:
3519 1548 3645 1603 ideo
3685 1547 3817 1603 ﬁIio

2162 1640 2291 1712 ejus
2326 1640 2685 1707 tribuuntur,
2738 1638 2838 1709 qui
2890 1653 3005 1692 non
3057 1636 3313 1709 amplius
3376 1654 3553 1709 quam
3605 1635 3819 1709 viginti

2162 1729 2311 1785 duos
2361 1745 2547 1784 annos
2624 1728 2867 1794 habens,
2956 1742 3232 1798 regnasse
3308 1725 3663 1799 perhibetur,
3729 1742 3804 1781 ne

2163 1819 2236 1874 de
2268 1834 2647 1874 numerorum
2679 1833 2916 1873 summa
2943 1818 3331 1883 remanentes,
3365 1831 3620 1871 errorem
3641 1814 3818 1870 inda-

2167 1907 2287 1981 gini
2320 1912 2652 1979 temporum
2700 1906 2977 1962 facerent.
3010 1903 3291 1960 Achazias
3339 1904 3495 1960 enim
3544 1904 3687 1958 vixit
3732 1904 3817 1958 vi-

2165 1996 2314 2063 ginti
2346 1996 2538 2052 tribus
2566 1995 2756 2061 annis,
2790 2011 2906 2050 uno
2932 1997 3165 2049 tantum
3183 2010 3338 2049 anno
3371 1992 3647 2065 regnavit.
3685 1991 3816 2049 Col-

2167 2084 2305 2141 latio
2354 2086 2511 2142 enim
2551 2084 2817 2141 lectionis
2875 2082 3007 2139 libri
3057 2083 3279 2156 Regum
3329 2081 3464 2138 huic
3520 2082 3815 2138 solvenda

2167 2174 2475 2247 quaestioni
2501 2190 2778 2245 magnum
2805 2172 3020 2245 prabet
3046 2171 3358 2228 auxilium.

2238 2264 2397 2337 (Cap.
2449 2263 2616 2319 XXII.
2651 2295 2717 2305 —
2751 2261 2913 2317 Vers.
2969 2262 3047 2329 1.)
3096 2283 3117 2310 α
3155 2260 3338 2333 Igitur
3384 2259 3611 2317 Azarias
3659 2258 3817 2315 filius

2166 2351 2365 2409 Joram
2418 2369 2515 2408 rex
2554 2353 2728 2408 Juda.
2764 2373 2790 2400 »
2846 2351 2948 2406 Hic
2996 2350 3230 2405 Azarias
3296 2348 3466 2420 paulo
3539 2349 3813 2421 superius

2170 2442 2444 2498 Achazias
2485 2442 2824 2497 nominatus
2884 2446 2993 2496 est.
3044 2438 3326 2495 Achazias
3376 2438 3808 2511 interpretatur,

2167 2531 2580 2604 apprehendens
2636 2531 2964 2587 Dominum:
3022 2527 3259 2584 Azarias
3305 2527 3637 2598 adjutorium
3707 2528 3813 2583 Do-

2169 2622 2329 2676 mini.
2363 2622 2431 2676 Et
2461 2620 2589 2675 ideo
2622 2622 2885 2675 mutatur
2914 2618 2966 2674 ei
2999 2633 3211 2673 nomen
3245 2616 3303 2672 in
3355 2615 3566 2673 melius
3603 2617 3664 2672 in
3711 2616 3817 2673 hoc

2168 2708 2316 2778 loco,
2339 2726 2404 2765 eo
2437 2710 2618 2780 quod,
2641 2709 2814 2779 juxta
2843 2710 3194 2779 praeceptum
3245 2704 3496 2774 Domini,
3547 2705 3619 2762 ad
3660 2705 3818 2761 inﬁr-

2170 2815 2333 2855 mum
2362 2798 2722 2854 visitandum
2751 2797 3149 2852 descenderat.

2240 2887 2424 2960 (Vers.
2458 2887 2537 2959 8.)
2573 2908 2601 2937 ‹‹
2631 2888 2700 2942 Et
2728 2885 2881 2941 ﬁlios
2938 2888 3185 2940 fratrum
3233 2882 3512 2950 Achaziaa,
3552 2883 3652 2955 qui
3710 2883 3814 2939 mi-

2170 2976 2501 3036 nistrabant
2556 2977 2682 3031 ei.»
2731 2975 2907 3032 Filios
2949 2975 3195 3031 fratrum
3243 2972 3382 3029 dicit
3431 2972 3809 3030 consobrinos

2172 3070 2229 3122 et
2259 3065 2750 3139 consanguineos.

2246 3156 2406 3228 (Cap.
2459 3154 2649 3209 XXIII.
2694 3185 2762 3193 --
2806 3152 2969 3208 Vers.
3015 3152 3095 3223 5.)
3143 3174 3171 3202 ‹‹
3204 3152 3273 3206 Et
3336 3150 3508 3207 tertia
3555 3166 3690 3221 pars
3756 3150 3814 3205 in

416 3230 526 3283 est.
560 3227 933 3319 Qui_idcir_co
987 3228 1206 3285 missus
1246 3218 1492 3285 vocatus
1532 3234 1641 3319 est,
1667 3246 1753 3319 eo!
1783 3229 1950 3319 quod;
1992 3226 2064 3282 ad
2096 3229 2141 3297 α
2180 3218 2503 3319 po'na'quw
2536 3242 2864 3315 appellatur
2892 3218 3298 3297 pundgmenti,
3325 3262 3354 3289 υ
3386 3218 3812 3295 Porta—Fuluia-

419 3318 645 3388 patrem
675 3316 960 3389 Josaphat
986 3334 1265 3388 generum
1287 3334 1485 3384 suum,
1508 3318 1577 3374 ad
1593 3317 2065 3390 prophetandum

425 3405 647 3461 missus
676 3411 784 3461 est.

505 3492 671 3564 (Vere
691 3495 805 3566 37.)
828 3518 854 3544 ‹‹
889 3494 1258 3567 Prophetavit
1289 3495 1505 3551 Eliezer
1536 3496 1693 3553 ﬁlius
1749 3496 2011 3552 Dodahu.
2040 3518 2068 3546 »

427 3583 670 3728 fquahu
697 3582 1046 3657 intelligitur
1074 3585 1231 3640 ﬁlius
1292 3584 1562 3642 avunculi
1604 3589 1734 3656 ejus
1789 3585 2073 3657 Josaphat

458 3689 632 3728 uisse.

458 3689 632 3729 01588.

497 3764 657 3834 (Cap.
690 3762 922 3818 XXl.—
967 3762 1128 3819 Vers.
1178 3764 1256 3833 2.)
1323 3762 1588 3819 «Omnes
1634 3762 1694 3818 hi
1755 3763 1858 3818 ﬁlii
1902 3763 2069 3820 Josa-

424 3850 568 3923 phat
592 3852 746 3925 regis
773 3852 966 3919 Jnda;
999 3874 1024 3901 ›-
1061 3851 1201 3924 quia
1250 3852 1634 3907 imitabantur
1686 3869 1862 3924 opera
1916 3854 2068 3927 regis

420 3940 703 4012 Josaphal
736 3958 750 3996 :
786 3941 914 3997 ideo
944 3940 1279 4013 duplicatur
1311 3956 1446 3996 cum
1497 3940 1753 3997 dicitur:
1796 3963 1818 3991 α
1852 3942 2068 4000 Omnes

419 4027 517 4085 isti
554 4028 664 4084 ﬁlii-
684 4029 988 4103 Josaphat.
1019 4051 1045 4079 ››

492 4117 657 4188 (Vers
705 4120 784 4189 6.)
836 4141 862 4172 α
912 4118 1240 4175 Ambulavit
1293 4118 1493 4174 Joram
1546 4118 1604 4173 in
1662 4118 1772 4175 viis
1839 4137 2061 4193 regum,

421 4205 619 4273 Israel,
652 4206 807 4264 sicut
835 4214 1033 4281 egerat
1051 4208 1264 4264 domus
1290 4207 1473 4263 Ahab.
1499 4206 1642 4262 Filia
1661 4208 1880 4281 quippe
1899 4210 2063 4267 Ahab

418 4301 544 4353 erat
591 4315 735 4354 uxor
780 4300 982 4370 ejus.»
1033 4296 1261 4353 Athalia
1318 4302 1443 4352 erat
1482 4315 1644 4353 -uxor
1707 4300 1857 4369 ejus,
1935 4317 2062 4371 quae

417 4402 534 4442 non
565 4387 750 4455 Ahab,
784 4388 882 4443 sed
914 4386 1073 4442 Amri
1103 4385 1223 4441 ﬁlia
1241 4392 1385 4454 erat,
1418 4387 1520 4441 sed
1551 4385 1875 4444 imitatione
1905 4389 2063 4446 illius

417 4475 539 4531 ﬁlia
568 4481 767 4531 vocata
787 4474 1077 4551 est.Unde
1094 4480 1151 4529 ct
1174 4474 1231 4529 in
1257 4475 1476 4546 Regum
1503 4474 1718 4530 dicitur
1736 4476 1805 4530 de
1821 4476 2018 4533 Joram
2045 4494 2057 4534 :

2177 3334 2380 3401 menti,
2414 3338 2580 3404 porta
2607 3330 2942 3388 sanctuarii.
2976 3353 3003 3379 «
3040 3330 3108 3385 Et
3135 3343 3307 3384 omne
3346 3327 3677 3400 relinquam
3698 3325 3816 3382 vul-

2177 3441 2288 3497 gus
2317 3423 2579 3478 observet
2608 3418 2902 3475 custodias
2934 3416 3183 3483 Domini,
3216 3439 3244 3467 »
3275 3416 3335 3472 id
3392 3421 3500 3483 est,
3550 3414 3817 3488 quamvis

2179 3512 2491 3568 necessarii
2522 3511 2637 3566 sint
2668 3509 2739 3565 ad
2774 3507 3135 3580 implendum
3165 3523 3333 3578 opus,
3364 3506 3418 3561 id
3448 3509 3556 3569 est,
3578 3506 3649 3561 ad
3681 3520 3818 3559 con-

2180 3602 2537 3657 ﬁrmandum
2596 3614 2833 3671 regem:
2889 3597 3198 3653 observent
3254 3600 3448 3650 tamen
3524 3593 3820 3650 custodias

2180 3690 2434 3761 Domini,
2493 3707 2564 3746 ne
2620 3688 2754 3761 quis
2810 3692 3137 3743 exterarum
3196 3684 3554 3757 ingrediatur
3626 3683 3819 3738 locum

2181 3796 2355 3853 quem
2387 3780 2610 3852 ingredi
2643 3794 2757 3834 non
2790 3777 3022 3844 debent,
3056 3774 3170 3830 nisi
3219 3772 3546 3830 sacerdotes
3602 3777 3659 3828 et
3716 3771 3818 3827 Le-

2177 3870 2328 3925 vitae.

2250 3958 2433 4031 (Vers.
2476 3958 2578 4028 11.)
2621 3980 2648 4008 ‹‹
2701 3958 3113 4029 Imposuerunt
3160 3968 3336 4023 super
3372 3967 3505 4006 eum
3553 3950 3821 4006 diadema

2177 4052 2236 4104 et
2288 4048 2715 4113 testimdnium,
2746 4070 2772 4096 »
2833 4042 3263 4101 Testimonium
3324 4046 3489 4096 erant
3526 4038 3820 4112 phylacte-

2177 4137 2283 4205 ria,
2313 4155 2379 4193 eo
2409 4138 2566 4210 quod
2623 4137 2683 4192 in
2737 4136 2852 4192 illis
2909 4136 3106 4190 decem
3166 4131 3340 4187 verba
3389 4128 3539 4200 legis
3585 4136 3816 4185 essent:

2182 4250 2200 4276 α
2237 4227 2526 4298 Unmtque
2580 4243 2714 4283 cum
2770 4224 2975 4281 Joiada
3032 4222 3287 4295 pontifex
3341 4224 3397 4275 et
3453 4217 3551 4272 ﬁlii
3612 4218 3763 4288 ejus.
3792 4238 3818 4263 ι)

2172 4316 2508 4372 Zachariam
2540 4315 2700 4379 dicit,
2732 4314 2831 4385 qui
2868 4312 3147 4387 propheta
3175 4314 3317 4381 erat,
3381 4323 3552 4380 quem
3612 4310 3816 4377 postea

2172 4405 2328 4461 idem
2358 4406 2497 4461 Joas
2526 4405 2835 4473 interfecit,
2869 4408 2933 4458 ut
2965 4403 3035 4457 ad
3083 4416 3363 4474 magnum
3424 4394 3817 4453 damnationis

2171 4495 2300 4566 ej-us
2330 4495 2644 4567 pertineret
2673 4497 3055 4565 augmentum
3089 4492 3127 4557 ¹,
3160 4506 3293 4545 eum
3323 4486 3670 4553 interﬁcere,
3714 4484 3815 4556 qui

413 4566 547 4621 Erat
575 4567 773 4637 quippe
804 4580 979 4637 gener
1034 4563 1224 4619 domus
1281 4563 1432 4618 Ahab
1477 4564 1568 4634 (IV
1592 4564 1716 4635 Reg.
1773 4582 1893 4634 Vlll,
1945 4570 2056 4636 27).
2093 4598 2141 4665 D
2174 4563 2235 4642 δέ
2264 4563 2548 4656 ίη”ι.θεθω
2576 4563 2837 4638 auxerat.

485 4671 670 4743 (Vers.
734 4672 847 4741 11.)
896 4671 1140 4742 Insuper
1210 4669 1436 4726 excelsa
1511 4670 1831 4727 fabricatus
1899 4680 2058 4729 est.»

410 4760 681 4833 Plerique
713 4766 920 4833 putant
942 4760 1001 4815 in
1033 4761 1206 4816 domo
1240 4759 1467 4815 Domini
1496 4759 1664 4815 illum
1695 4761 1924 4818 excelsa
1970 4764 2055 4819 fa-

410 4850 700 4907 bricatum
752 4850 953 4917 fuisse,
1006 4867 1133 4922 qua:
1185 4849 1298 4905 sita
1342 4855 1430 4905 est
1487 4850 1546 4905 in
1604 4857 1801 4908 monte
1849 4853 2053 4923 Moria,

410 4941 567 5013 quod
598 4939 974 4996 manifestius
1004 4939 1062 4994 in
1115 4939 1296 5011 gestis
1346 4939 1617 4996 Manasse
1657 4941 1811 5013 regis
1859 4945 2054 4998 osten-

408 5028 589 5086 ditur.

478 5119 663 5189 (Vers.
696 5120 808 5192 17.)
837 5141 864 5169 ‹‹
882 5119 996 5175 Nec
1018 5117 1297 5174 remansit
1314 5116 1397 5173 eis
1421 5117 1579 5174 ﬁlius
1596 5118 1708 5174 nisi
1730 5118 2000 5176 Joaohaz.
2022 5142 2050 5171 η

402 5207 672 5275 Joachaz,
705 5209 831 5281 ipse
852 5214 941 5265 est
973 5208 1275 5274 Achazias,
1290 5217 1454 5279 pater
1472 5207 1630 5276 Joas,
1651 5208 1808 5266 ﬁlius
1828 5209 1860 5265 J
1865 5227 2051 5278 oram,

404 5299 572 5367 cujus
604 5315 769 5355 soror
804 5299 913 5354 fuit
941 5297 1241 5354 Jnsabeth.
1275 5296 1554 5352 Josabeth
1587 5314 1716 5354 vero
1779 5316 1891 5355 non
1943 5301 2053 5357 fuit

404 5384 523 5440 ﬁlia
557 5387 820 5454 Athaliae,
856 5389 956 5444 sed
988 5389 1058 5443 de
1090 5386 1207 5442 alia
1256 5403 1431 5441 uxore
1491 5387 1750 5460 suscepit
1787 5407 1915 5445 earn
1947 5391 2049 5446 Jo-

402 5487 548 5527 ram.
593 5477 844 5537 Quaestio
876 5476 1038 5531 valde
1073 5475 1342 5546 perplexa
1374 5476 1655 5529 oboritur.
1691 5477 1838 5532 Dicit
1894 5479 2047 5534 enim

400 5576 677 5633 regnasse
711 5563 907 5618 Joram
939 5574 1066 5619 octo
1097 5563 1289 5629 annis,
1324 5568 1380 5618 et
1414 5563 1626 5620 vixisse
1652 5582 1785 5620 eum
1803 5568 2051 5639 quadra-

2242 4674 2428 4747 (Vers.
2465 4674 2551 4744 13)
2577 4694 2603 4722 ‹‹
2635 4672 2796 4727 Vidit
2826 4687 3020 4743 regem
3051 4673 3305 4725 stantem
3339 4682 3517 4737 super
3563 4663 3811 4735 gradum

2166 4779 2343 4818 suum
2370 4779 2383 4817 :
2417 4784 2446 4811 ››
2466 4778 2644 4833 super
2664 4760 3004 4816 columnam
3024 4756 3315 4822 videlicet,
3341 4769 3516 4828 quam
3538 4750 3813 4808 Salomon

2164 4855 2590 4925 prseparaverat
2622 4850 2859 4923 regibus
2889 4851 2947 4905 in
2981 4846 3246 4904 basilica.

2234 4942 2424 5015 (Vers.
2468 4941 2580 5011 16.)
2613 4963 2641 4991 ‹‹
2678 4938 2903 5013 Pepigit
2930 4937 3138 4994 Joiada
3166 4935 3354 4991 foedus
3382 4932 3533 4988 inter
3563 4946 3625 4986 se
3683 4928 3813 4984 uni-

2161 5046 2514 5101 versumque
2548 5028 2830 5101 populum
2861 5034 2918 5084 et
2946 5042 3160 5100 regem.
3187 5047 3211 5075 ›.
3248 5027 3317 5079 Se
3373 5023 3433 5077 in
3491 5019 3614 5075 loco
3671 5018 3814 5091 legis

2162 5126 2220 5177 et
2248 5121 2370 5187 Dei,
2403 5118 2619 5192 quippe
2647 5117 2749 5190 qui
2788 5117 3058 5173 minister
3114 5115 3214 5172 Dei
3269 5117 3417 5180 erat,
3481 5108 3808 5165 collocans:

2161 5215 2216 5266 et
2238 5211 2407 5281 cujus
2438 5225 2651 5265 nomen
2676 5207 3112 5279 interpretatur,
3137 5205 3434 5262 Dominum
3452 5213 3808 5273 cognoscens.

2160 5300 2230 5355 Et
2261 5298 2544 5370 populum
2575 5302 2634 5352 et
2664 5313 2857 5369 regem
2884 5314 2897 5353 :
2932 5300 2997 5351 ut
3025 5301 3082 5351 et
3113 5293 3365 5368 populus
3394 5294 3445 5345 et
3481 5304 3578 5345 rex
3606 5285 3802 5342 obedi-

2162 5393 2292 5444 rent
2321 5392 2434 5443 Deo
2463 5391 2521 5443 et
2549 5386 2660 5459 legi
2702 5386 2851 5457 ejus,
2884 5390 2940 5441 et
2972 5383 3224 5457 populus
3244 5398 3382 5454 erga
3403 5393 3597 5450 regem
3629 5374 3805 5431 ﬁdeli-

2164 5484 2251 5533 ter
2279 5481 2495 5547 ageret,
2530 5481 2588 5531 et
2618 5493 2713 5531 rex
2744 5474 3027 5547 populum
3087 5490 3221 5529 cum
3272 5466 3507 5540 justitia
3564 5467 3802 5536 regeret.

2232 5564 2417 5637 (Vers.
2457 5566 2569 5634 18.)
2606 5585 2627 5613 ι
2662 5565 2783 5621 Sub
2819 5564 3094 5620 manibus
3124 5561 3493 5618 sacerdotum
3535 5559 3593 5610 ct
3649 5553 3801 5609 Levi-

475 5707 489 5741 ί
525 5704 688 5761 Meus
723 5718 856 5758 cum
886 5704 1255 5762 Ambrosiam.
1291 5722 1402 5763 ms.
1434 5705 1830 5765 detrimentum
1860 5727 1961 5783 pro
1992 5711 2282 5785 augmento
2314 5708 2562 5782 prafert.
