3970 6378
201 372 343 443 1461

1122 376 1424 455 ΟυιΕΞΤ.
1472 368 1840 439 HEBRAIC.
1886 369 1964 435 IN
2009 366 2154 438 LIB.
2201 368 2255 437 II
2301 368 2663 438 PARALIP.

3429 368 3586 436 1462

199 517 438 572 tarum.»
470 510 552 570 Ne
588 511 659 569 de
688 510 803 570 alia
853 511 1044 570 tribus
1084 514 1413 570 sacerdotes
1462 511 1682 579 tierent,
1719 507 1828 564 nisi
1861 509 1915 576 Α
2015 514 2203 581 (Vers.
2236 511 2350 583 26.)
2396 533 2425 563 «
2456 510 2721 568 Insidiati
2774 513 2913 568 sunt
2947 507 3000 568 ei
3030 509 3208 568 Zebat
3237 508 3397 567 filius
3423 506 3586 566 Sem-

198 605 264 662 de
303 604 446 660 Levi.

265 693 439 764 (Vers.
474 693 585 764 19.)
618 714 645 742 ‹‹
680 690 993 748 Constituit
1016 691 1544 764 quoquejanitores
1566 690 1624 744 in
1649 694 1831 761 portis

196 784 395 839 domus
429 780 677 848 Domini,
720 786 783 836 ut
815 797 924 835 non
959 780 1358 850 ingrederetur
1397 779 1741 834 immundus
1772 778 1829 832 in

195 871 345 929 omni
378 887 475 938 re;
503 893 530 920 »
564 870 621 925 id
652 875 760 937 est,
796 875 861 925 ut
892 868 1227 925 nullatenus
1264 868 1381 925 ulla
1410 867 1712 924 occasione
1741 867 1830 921 in-

192 960 524 1034 grederetur
552 959 612 1015 in
643 960 883 1014 domum
915 958 1147 1014 Domini
1175 958 1388 1030 aliquis
1415 959 1485 1012 de
1516 955 1828 1013 sacerdoti-

192 1049 297 1105 bus
326 1046 482 1104 Baal.

258 1136 440 1205 (Vers.
490 1135 606 1204 2t.)
645 1158 673 1185 «
708 1136 774 1189 Et
826 1136 967 1191 urbs
1006 1135 1259 1207 quievit;
1297 1158 1323 1184 »
1356 1135 1473 1191 sive
1506 1135 1644 1207 quia
1672 1139 1829 1190 eate-

195 1241 301 1281 nus
328 1223 614 1281 idolorum
674 1224 928 1280 cultibus
973 1229 1233 1296 tempore
1276 1224 1517 1279 Athalize
1569 1223 1831 1295 inquieta

193 1318 329 1382 erat,
360 1313 482 1369 sive
510 1313 650 1385 quia
679 1318 810 1385 post
838 1313 1159 1368 tumultum
1193 1330 1305 1385 quo
1334 1330 1429 1368 rex
1469 1317 1683 1368 unctus
1721 1316 1829 1378 est,

191 1402 413 1459 Athalia
442 1403 764 1466 interfecta,
799 1402 1047 1475 singulis
1079 1402 1149 1457 ad
1181 1404 1386 1458 domos
1418 1419 1555 1458 suas
1587 1417 1828 1474 pergen-

192 1491 365 1559 tibus,
394 1492 589 1547 omnis
616 1492 997 1547 tumultuatio
1024 1492 1377 1563 conquievit.

258 1581 413 1653 (Cap.
467 1580 656 1635 XXIV.
708 1612 776 1620 —-
816 1585 979 1637 Vers.
1043 1582 1119 1653 1.)
1174 1602 1201 1632 ‹‹
1234 1583 1302 1637 Et
1358 1598 1569 1637 nomen
1626 1578 1831 1635 matris

189 1670 312 1740 ejus
359 1669 552 1735 Sebia,
597 1670 667 1725 de
716 1669 1017 1725 Bersabee.
1056 1693 1081 1720 ι)
1115 1669 1332 1726 Idcirco
1382 1687 1593 1725 nomen
1649 1669 1831 1742 patris

188 1758 338 1814 illius
366 1775 484 1815 non
516 1757 813 1825 scribitur,
865 1759 1004 1831 quia
1051 1776 1164 1814 non
1199 1759 1308 1813 fuit
1338 1764 1455 1814 iam
1489 1759 1734 1824 celebre,
1769 1761 1833 1812 ut

188 1846 355 1904 scribi
389 1848 697 1921 potuisset.
730 1849 988 1911 Quorum
1022 1848 1177 1903 enim
1201 1848 1440 1903 nomina
1468 1848 1809 1903 scribuntur

189 1941 285 1992 aut
310 1935 663 2005 celebritate,
698 1940 800 1991 aut
830 1935 1105 2008 potentia,
1155 1941 1255 1991 aut
1282 1936 1667 2007 generositate
1696 1935 1826 1992 illo-

188 2041 313 2082 rum
346 2026 431 2081 ﬁt.

254 2116 440 2187 (Vers.
498 2114 578 2186 5.)
639 2137 666 2163 «
700 2113 1055 2184 Egredimini
1113 2115 1183 2169 ad
1242 2115 1503 2170 civitates
1557 2114 1727 2182 Juda,
1770 2119 1826 2170 et

188 2203 434 2275 colligite
465 2203 536 2257 de
569 2203 835 2258 universo
870 2203 1042 2259 Israel
1077 2203 1377 2273 pecuniam
1410 2205 1481 2259 ad
1515 2208 1828 2260 sartatecta

185 2291 386 2364 templi
436 2290 536 2346 Dei
586 2292 762 2347 vestri
815 2308 915 2363 per
963 2292 1228 2363 singulos
1272 2310 1474 2349 annos.
1515 2315 1534 2342 ι
1592 2295 1717 2348 Ιιωο
1739 2297 1828 2347 est

186 2379 430 2452 pecunia
458 2396 634 2452 quam
685 2380 741 2434 in
791 2379 916 2451 lege
964 2381 1087 2436 dari
1128 2385 1476 2453 praeceptum
1510 2385 1617 2447 est,
1650 2396 1825 2452 quam

186 2467 242 2525 in
273 2469 741 2525 dinumeratione
788 2467 975 2540 ipsius
1025 2485 1127 2541 per
1176 2469 1438 2541 singulos
1480 2485 1666 2525 annos
1692 2469 1829 2524 dare

187 2561 622 2625 consueverant,
656 2557 714 2611 id
747 2562 857 2625 est,
892 2557 1109 2630 singuli
1143 2558 1417 2614 dimidios
1447 2558 1642 2626 siclos,
1672 2559 1825 2631 quod

185 2647 473 2715 adiebus,
525 2662 593 2702 ex
645 2662 760 2718 quo
810 2646 1039 2703 Athalia
1086 2664 1329 2720 regnare
1378 2647 1667 2720 coepisset,
1711 2664 1827 2703 non

185 2735 480 2792 dederant.

258 2825 446 2897 (Vers.
484 2823 561 2896 7.)
599 2845 626 2873 «
657 2823 887 2880 Athalia
916 2823 1073 2880 enim
1104 2824 1457 2897 impiissima
1485 2828 1543 2881 et
1572 2825 1674 2880 lilii
1706 2826 1832 2896 ejus

191 2912 606 2970 destruxerunt
630 2913 870 2969 domum
903 2913 1154 2969 Domini.
1192 2936 1213 2964 ι
1254 2912 1426 2970 Filios
1459 2915 1606 2987 ejus,
1642 2931 1836 2970 sacer-

188 3002 349 3059 dotes
398 3002 691 3058 idolorum
739 3002 897 3070 dicit,
949 3002 1294 3075 plerumque
1355 3004 1513 3059 enim
1564 3005 1623 3059 in
1673 3021 1835 3059 sacro

186 3090 414 3164 eloquio
448 3090 550 3146 lilii
581 3107 695 3146 non
729 3092 1039 3159 nascendo,
1083 3093 1183 3148 sed
1215 3092 1499 3148 imitando
1531 3097 1831 3149 vocantur.

188 3184 603 3238 Destruxerant
648 3184 846 3236 autem
894 3181 1134 3236 domum
1193 3182 1314 3250 Dei,
1367 3181 1487 3237 sive
1531 3181 1833 3253 spoliando

183 3268 355 3326 istam
388 3270 772 3335 ornamentis,
801 3271 940 3339 sive,
966 3274 1029 3325 ut
1050 3270 1262 3337 ferunt,
1287 3275 1616 3326 terraemotu
1644 3271 1790 3326 facto
1815 3289 1829 3340 ;

184 3358 335 3414 sicut
389 3363 653 3432 tempore
711 3359 900 3414 Ozias:
935 3363 1000 3413 ut
1054 3359 1207 3415 sicut
1262 3359 1360 3414 illo
1413 3361 1663 3415 intrante
1695 3377 1829 3416 cum

181 3447 507 3515 thuribulo,
534 3448 613 3503 ita
628 3448 801 3503 etiam
826 3446 1055 3503 Athalia
1076 3447 1232 3504 idola
1254 3448 1311 3503 in
1340 3449 1577 3503 domum
1602 3448 1831 3504 Domini

180 3536 413 3593 mittere
445 3536 689 3601 nitente,
723 3541 1091 3593 terrazmotus
1124 3538 1314 3593 factus
1346 3538 1439 3593 sit.

252 3627 445 3697 (Vers.
478 3626 591 3697 I6.)
644 3647 672 3675 «
704 3626 780 3680 Eo
829 3626 985 3696 quod
1029 3626 1262 3682 fecisset
1292 3628 1511 3682 bonum
1542 3628 1599 3681 in
1633 3627 1833 3696 Israel,

183 3717 240 3769 et
290 3731 427 3770 cum
478 3715 595 3769 Deo
643 3718 701 3770 et
740 3731 873 3770 cum
905 3716 1078 3771 domo
1109 3718 1257 3786 ejus.
1292 3738 1320 3766 ››
1353 3716 1495 3771 Cum
1530 3717 1666 3786 Deo,
1699 3716 1837 3788 quia

186 3801 363 3868 idola,
396 3820 526 3874 quae
557 3803 626 3858 ad
661 3804 1128 3874 aspernationem
1165 3803 1259 3860 Dei
1294 3806 1443 3860 facta
1474 3812 1657 3873 erant,
1692 3806 1835 3860 sub-

181 3892 396 3959 vertit;
442 3908 575 3948 cum
624 3891 796 3948 domo
845 3893 996 3963 ejus,
1045 3893 1185 3964 quia
1240 3894 1441 3950 ruinas
1470 3900 1527 3950 et
1550 3895 1839 3951 scissuras

182 3979 539 4037 instauravit
586 3980 643 4035 in
695 3981 895 4047 Israel,
946 3982 1085 4053 quia
1131 3998 1374 4055 regnum
1416 3983 1625 4038 domus
1658 3983 1837 4038 David

181 4069 559 4137 instauravit,
585 4086 861 4127 amovens
890 4071 1021 4126 inde
1054 4071 1466 4135 idololatriam,
1490 4088 1615 4143 quae
1638 4088 1838 4144 pecca-

181 4157 260 4216 tis
295 4158 536 4215 illorum
568 4159 868 4215 dominata
906 4160 1116 4215 fuerat.

251 4249 445 4320 (Vers.
501 4248 617 4319 I7.)
681 4271 709 4299 ‹‹
742 4253 1060 4320 Postquam
1119 4249 1264 4304 obiit
1315 4248 1540 4317 .loiada,
1589 4249 1838 4321 ingressi

183 4341 326 4393 sunt
356 4337 661 4410 principes
689 4336 865 4405 Juda,
892 4343 948 4393 et
978 4339 1365 4394 adoraverunt
1393 4354 1606 4409 regem.
1646 4361 1673 4388 ››
1702 4339 1841 4393 Ado-

183 4429 465 4481 raverunt
516 4442 652 4481 eum
698 4430 764 4481 ut
793 4426 969 4482 deum
995 4444 1008 4482 :
1043 4431 1101 4483 et
1125 4426 1419 4498 acquievit
1443 4441 1643 4481 eorum
1675 4426 1840 4481 obse-

184 4514 341 4586 quiis
396 4514 701 4581 delinitus,
754 4520 818 4569 ut
859 4532 922 4571 se
979 4521 1045 4571 ut
1083 4516 1257 4572 deum
1316 4515 1426 4571 coli
1486 4515 1844 4589 permitteret

1914 2790 2080 2847 'Iiliis
2123 2790 2415 2864 Ephraim.
2454 2812 2475 2839 ιι

1941 616 2073 655 maa
2097 600 2443 655 Amanitidis
2474 605 2531 656 et
2574 600 2855 658 Jozabath
2907 599 3063 656 ﬁlius
3100 598 3394 656 Samarith
3427 598 3586 654 Moa-

1939 688 2160 744 bitidis.
2198 710 2223 737 »
2258 689 2473 744 Idcirco
2506 689 2661 744 enim
2692 707 2790 746 eos
2822 689 2962 745 dicit
3004 689 3157 745 ﬁlios
3185 686 3585 744 Amanitidum

1939 782 1997 833 et
2026 777 2430 846 Moabitidum,
2462 779 2534 833 ad
2576 779 3045 851 exaggerandum
3079 776 3361 833 malitiam
3401 777 3586 833 Israe-

1940 864 2200 931 litarum,
2258 867 2359 939 qui
2419 866 2622 923 ulcisci
2680 867 2995 923 noluerunt
3045 866 3405 922 sacerdotem
3468 865 3587 934 Dei,

1940 956 2094 1026 quod
2127 954 2210 1010 illi
2260 957 2520 1013 fecerunt
2571 956 2673 1028 qui
2702 956 2806 1012 ﬁlii
2839 955 3300 1029 alienigenarum
3330 956 3585 1010 fuerunt.

2012 1064 2199 1133 (Vers.
2231 1064 2345 1135 27.)
2405 1086 2432 1113 ‹‹
2468 1064 2642 1120 Porro
2686 1063 2790 1119 filii
2840 1064 2967 1134 ejus
2999 1064 3016 1097 ί
3057 1068 3113 1119 et
3150 1079 3385 1118 summa
3413 1077 3588 1133 pecu-

1940 1152 2049 1207 niae
2082 1152 2155 1224 (α)
2182 1171 2195 1222 ;
2222 1175 2249 1201 υ
2278 1152 2429 1209 filios
2449 1154 2598 1224 ejus,
2622 1153 2776 1225 quod
2802 1152 2930 1227 Syri
2953 1151 3371 1209 interfecerunt
3391 1166 3588 1207 coram

1939 1257 2026 1311 eo,
2063 1242 2335 1298 facientes
2361 1242 2421 1297 in
2451 1258 2586 1298 eum
2615 1242 3009 1315 ignominiosa
3029 1241 3276 1313 judicia,
3311 1240 3430 1296 sive
3450 1238 3589 1311 quia

1938 1334 2138 1402 turpes
2178 1332 2236 1386 in
2269 1347 2403 1387 eum
2434 1348 2526 1388 res
2555 1336 2818 1404 egerunt,
2856 1330 2976 1387 sive
3007 1329 3145 1403 quia
3175 1329 3586 1385 interficientes

1940 1418 2093 1475 ﬁlios
2130 1420 2260 1490 ejus
2304 1421 2779 1493 improperabant
2825 1419 2876 1475 ei
2925 1418 3138 1486 scelus,
3192 1418 3347 1491 quod
3388 1417 3499 1473 iste
3527 1416 3587 1472 in

1940 1508 2278 1565 Zachariam
2311 1513 2759 1582 perpetraverat,
2791 1508 2852 1564 in
2891 1508 3167 1565 Hebraeo:
3203 1531 3231 1559 «
3262 1509 3333 1563 Et
3374 1505 3589 1561 funda-

1942 1601 2204 1668 mentum
2259 1599 2467 1654 domus
2517 1598 2638 1665 Dei,
2674 1620 2701 1647 ››
2749 1614 2815 1653 eo
2846 1598 3000 1669 quod
3033 1596 3276 1669 sanguis
3303 1594 3590 1651 Zachariaa

1942 1702 2128 1758 usque
2152 1687 2222 1741 ad
2248 1688 2692 1743 fundamentum
2718 1686 2921 1759 templi
2944 1690 2998 1741 et
3019 1685 3220 1742 altaris
3242 1683 3589 1756 pervenerit.

2013 1792 2172 1864 (Cap.
2206 1793 2372 1848 XXV.
2407 1825 2466 1834 ——
2496 1797 2660 1849 Vers.
2684 1794 2719 1848 2
2748 1794 2763 1865 )
2788 1816 2814 1843 ‹‹
2842 1793 3113 1864 Fecitque
3138 1792 3358 1847 bonum
3380 1788 3439 1845 in
3463 1806 3595 1845 con-

1814 1889 1828 1915 ’
1862 1882 1910 1948 B
1940 1886 2141 1952 spectu
2165 1882 2411 1951 Domini,
2435 1890 2832 1938 verumtamen
2851 1898 2965 1937 non
2989 1881 3047 1935 in
3067 1881 3238 1935 corde
3266 1880 3540 1952 perfecto,
3563 1899 3592 1929 »

1935 1969 2075 2041 quia
2104 1987 2208 2042 pro
2236 1972 2538 2042 praesentis
2569 1970 2763 2027 saeculi
2795 1969 3099 2043 dignitate,
3137 1985 3253 2024 non
3277 1985 3379 2040 pro
3403 1967 3601 2022 futura

1940 2058 2129 2130 patria
2156 2059 2477 2115 laborabat.

2007 2148 2193 2218 (Vers.
2226 2149 2305 2221 3.)
2338 2171 2367 2198 «
2398 2148 2700 2221 Jugulavit
2741 2163 2937 2203 servos
2986 2146 3085 2218 qui
3134 2146 3469 2201 occiderant
3499 2159 3596 2199 re-

1938 2251 2065 2307 gem
2100 2242 2325 2309 patrem
2353 2253 2547 2293 suum.
2587 2259 2613 2285 ››
2644 2238 2988 2308 Quanquam
3020 2234 3105 2290 illi
3150 2233 3251 2290 Dei
3300 2233 3510 2289 timore
3538 2240 3599 2291 et

1936 2326 1994 2381 in
2025 2325 2246 2383 ultione
2288 2326 2574 2382 Zachariae
2618 2325 2788 2380 illum
2847 2323 3203 2381 occiderint:
3253 2327 3448 2378 tamen
3481 2322 3589 2393 [Αἱ.

1939 2416 2177 2486 idcirco]
2226 2416 2299 2471 ab
2351 2432 2416 2471 eo
2469 2414 2645 2471 occisi
2694 2418 2835 2469 sunt
2871 2411 3272 2485 judicialiter:
3308 2412 3446 2483 quia
3475 2427 3591 2467 non

1940 2522 2038 2562 ore
2104 2505 2418 2577 prophetas.
2476 2520 2581 2560 nec
2650 2502 2920 2560 consultu
2974 2500 3201 2558 Domini
3255 2519 3268 2568 ;
3330 2501 3431 2556 sed
3485 2517 3593 2556 sua

1940 2594 2394 2668 praesumptione
2425 2593 2591 2648 illum
2624 2593 2981 2649 occiderunt.

2012 2702 2196 2773 (Vers.
2227 2704 2306 2769 7.)
2360 2722 2386 2753 α
2414 2702 2539 2757 Non
2583 2704 2671 2756 est
2718 2705 2871 2755 Deus
2902 2714 3037 2754 cum
3067 2696 3245 2754 Israel
3282 2700 3340 2753 et
3368 2695 3597 2752 cunctis

2540 2790 2687 2856 Quia
2743 2805 2877 2845 cum
2939 2787 3070 2843 aliis
3125 2786 3403 2842 tribubus
3433 2788 3595 2841 erat:

1943 2899 2078 2937 cum
2128 2881 2284 2936 tribu
2329 2879 2606 2953 Ephraim
2656 2879 2810 2934 unde
2858 2892 3024 2952 reges
3070 2878 3259 2943 erant,
3304 2890 3419 2930 non
3451 2877 3597 2943 erat,

1946 2975 2181 3044 prepter
2224 2968 2759 3043 praevaricationem
2810 2967 3120 3023 Jeroboam
3167 2971 3225 3021 et
3257 2967 3598 3020 caeterorum

1946 3076 2201 3219 magis.
2253 3148 2363 3219 IO.)
2416 3169 2442 3197 ‹‹
2473 3144 2773 3218 Separavit
2814 3145 3012 3215 itaque
3058 3142 3328 3198 Amasias
3381 3139 3596 3196 exerci-

1864 3247 1906 3314 ρ
1946 3241 2092 3304 tum,
2127 3236 2227 3308 qui
2259 3239 2492 3291 venerat
2521 3234 2592 3289 ad
2645 3250 2776 3290 eum
2821 3249 2889 3288 ex
2938 3231 3234 3304 Ephraim,
3269 3231 3408 3302 quia
3438 3227 3595 3285 idola

1942 3342 2141 3381 secum
2174 3324 2485 3379 habebant.
2526 3344 2552 3371 ››
2587 3321 2850 3378 Amasias
2882 3323 3013 3393 post
3053 3319 3266 3375 caedem
3310 3318 3591 3373 Idumaeo-

1943 3432 2073 3469 rum
2106 3418 2161 3469 et
2207 3412 2415 3469 allatos
2461 3413 2601 3467 deos
2653 3408 2906 3465 filiorum
2955 3409 3097 3477 Seir,
3131 3406 3339 3463 statuit
3367 3405 3504 3461 illos
3530 3405 3589 3461 in

1943 3505 2083 3560 deos
2111 3504 2244 3560 sibi.
2300 3503 2447 3559 Cum
2497 3501 2651 3557 enim
2697 3499 3199 3573 praecipitarentur
3245 3496 3344 3551 illa
3388 3495 3591 3552 decem

1945 3592 2151 3658 millia,
2180 3591 2280 3647 illa
2310 3589 2484 3659 idola,
2518 3607 2644 3662 quae
2666 3605 2864 3645 secum
2897 3587 3209 3654 habebant,
3239 3598 3586 3657 responsum

1945 3682 2250 3748 dederunt,
2310 3681 2440 3737 ideo
2496 3678 2625 3735 illos
2680 3677 3033 3738 interfectos,
3093 3674 3231 3747 quia
3303 3674 3375 3728 de
3425 3671 3588 3726 cultu

1945 3787 2145 3827 eorum
2178 3769 2540 3843 negligentes
2572 3766 2840 3822 fuissent.
2887 3765 3106 3818 Videns
3136 3778 3273 3834 ergo
3304 3760 3402 3816 ille
3432 3758 3589 3815 idola

1947 3877 2228 3932 responsa
2276 3859 2439 3925 dare,
2487 3860 2543 3911 et
2590 3873 2623 3911 a
2660 3854 2831 3909 ruina
2878 3851 3044 3924 eripi,
3097 3850 3207 3906 hoc
3253 3864 3446 3905 errore
3493 3847 3595 3903 de-

1949 3954 2172 4021 ceptus,
2207 3946 2467 4003 adoravit
2496 3961 2582 4000 ea.

2020 4038 2200 4109 (Vers.
2243 4036 2355 4107 I5.)
2408 4033 2621 4089 «Misit
2667 4030 3009 4104 prOphetam
3074 4029 3145 4083 ad
3191 4044 3346 4082 eum.
3384 4049 3411 4075 »
3460 4026 3596 4082 Pro-

1948 4126 2123 4199 pheta
2170 4124 2264 4180 hic
2304 4123 2520 4179 Eliezer
2566 4125 2672 4189 est,
2723 4119 2880 4175 ﬁlius
2920 4118 3185 4185 Dodahu,
3216 4115 3276 4171 id
3308 4119 3395 4172 est
3425 4132 3600 4171 avun-

1950 4214 2063 4269 culi
2091 4214 2242 4284 ejus,
2295 4213 2366 4268 de
2395 4228 2510 4283 quo
2550 4209 2820 4282 superius
2850 4208 3073 4263 dictum
3100 4211 3206 4262 est.
3250 4206 3602 4276 Cessavitque

1948 4303 2235 4376 propheta,
2268 4305 2323 4358 et
2377 4301 2521 4356 dixit
2565 4302 2638 4369 (II
2684 4299 2872 4355 Paral.
2916 4314 3077 4366 xvm,
3109 4297 3189 4367 6.)
3218 4294 3492 4361 Cessavit,
3527 4293 3599 4349 ad

1952 4392 2144 4447 minas
2183 4391 2334 4463 regis
2360 4408 2372 4445 :
2404 4394 2461 4446 et
2493 4389 2657 4459 dixit,
2690 4389 2762 4444 ad
2795 4386 3108 4461 imperium
3139 4383 3391 4441 Domini.

2024 4498 2209 4570 (Vers.
2239 4498 2352 4569 I6.)
2384 4520 2412 4548 υ
2446 4496 2594 4561 Quia
2626 4494 2811 4552 fecisti
2856 4494 2965 4550 hoc
2998 4490 3239 4555 malum,
3273 4493 3332 4544 et
3359 4489 3603 4558 insuper

256 4602 449 4675 (Vers,
509 4603 621 4674 20.)
686 4577 870 4659 έΗίεε
925 4605 1067 4660 dicit
1122 4609 1273 4660 Deus
1331 4606 1439 4676 [A1,
1482 4577 1785 4678 bominus]
1821 4622 1833 4661 ε
1866 4611 1912 4677 D
1952 4605 2066 4644 non
2125 4585 2461 4678 acquievisti
2522 4583 2764 4678 consilio
2821 4598 2969 4678 meo.
3006 4602 3034 4630 »
3092 4577 3345 4678 Consilio
3401 4580 3597 4678 autem

185 4693 377 4759 Quare
406 4693 887 4766 transgredimini
920 4698 1270 4767 praeceptum
1304 4695 1585 4750 Domini?
1615 4718 1641 4745 ››
1674 4700 1753 4749 Ae
1779 4695 1827 4750 si

185 4786 389 4855 aperte
423 4781 618 4837 dicat:
675 4798 849 4853 quem
898 4800 1000 4839 vos
1048 4784 1230 4839 Deum
1262 4783 1476 4839 habere
1506 4784 1833 4856 destitistis,

186 4869 247 4925 in
280 4875 516 4926 tantum
563 4873 626 4925 ut
675 4869 790 4925 tale
841 4872 1003 4928 nefas
1048 4872 1324 4938 feceritis,
1358 4873 1510 4943 quod
1539 4890 1840 4945 nunquam

187 4963 323 5015 ante
354 4959 417 5014 in
450 4958 616 5015 vobis
647 4959 863 5015 factum
897 4964 1004 5017 est.
1029 4962 1096 5016 Et
1126 4962 1446 5017 notandum
1471 4962 1624 5033 quod
1648 4980 1762 5018 non
1784 4963 1843 5018 in

188 5046 303 5104 alio
335 5047 468 5104 loco
501 5047 816 5116 invenitur,
875 5051 1001 5108 Haec
1064 5051 1200 5106 dicit
1256 5052 1414 5117 Deus,
1456 5050 1567 5106 nisi
1603 5051 1691 5107 hic
1722 5056 1847 5107 tan-

186 5140 341 5194 tum.
394 5135 526 5193 Filii
580 5135 737 5193 enim
765 5138 1051 5195 Zachariae
1090 5157 1224 5196 cum
1255 5156 1321 5196 eo
1354 5139 1639 5195 interfecti
1672 5146 1846 5197 sunt:

191 5230 251 5283 et
278 5226 416 5282 ideo
450 5224 593 5281 dicit
620 5226 876 5283 filiorum
909 5229 1125 5286 Joiadae
1156 5229 1495 5285 sacerdotis.

263 5352 282 5385 ¹
319 5351 433 5427 Pro
464 5350 591 5427 illis
638 5351 830 5408 verbis
861 5356 1187 5427 contentus
1227 5352 1395 5427 sacri,
1427 5357 1479 5408 et
1518 5370 1733 5409 summa
1754 5372 1853 5427 pc-

1941 4679 2070 4749 ejus
2121 4676 2535 4748 acquiesceret,
2568 4673 2615 4729 si
2671 4689 2770 4727 eos
2824 4670 2958 4742 igne
2988 4667 3375 4732 combureret,
3406 4661 3599 4719 vesti-

1955 4771 2154 4822 menta
2175 4765 2586 4835 disrumperet,
2610 4760 2861 4816 cinerem
2884 4774 3059 4830 super
3074 4759 3250 4827 caput
3279 4755 3599 4825 spargeret,

1951 4861 2009 4912 et
2053 4860 2243 4910 totum
2301 4870 2362 4908 se
2420 4848 2772 4924 poenitentiae
2808 4849 3022 4903 daret:
3083 4844 3191 4900 hoc
3244 4841 3456 4899 ctenim
3515 4838 3602 4895 illi

1954 4944 2267 5002 consilium
2301 4941 2611 5015 prophetes
2641 4938 2901 4994 dederat.

2028 5051 2213 5124 (Vers.
2251 5049 2359 5121 18.)
2392 5046 2718 5103 «.Carduus
2754 5040 2977 5110 Libani,
3017 5038 3117 5113 qui
3148 5042 3238 5095 est
3266 5037 3325 5092 in
3364 5035 3602 5124 Libano,

1960 5122 2064 5197 Hic
2094 5139 2376 5196 carduum
2409 5134 2608 5191 Libani
2640 5136 2828 5200 vocat,
2853 5131 2925 5187 ob
2951 5127 3399 5204 generositatem
3420 5122 3604 5191 illius,
3678 5199 3687 5210 ἢ

1963 5230 2061 5302 qui
2095 5226 2361 5301 quamvis
2392 5223 2753 5296 negligenter
2772 5223 2986 5293 ageret,
3018 5216 3249 5289 magnis
3274 5217 3399 5271 erat
3416 5212 3608 5284 majo-

1967 5358 2237 5412 scxccnta
2274 5350 2388 5406 alia
2434 5345 2748 5420 depravata
2779 5344 3048 5420 retinent,
3095 5358 3221 5420 quas
3250 5337 3606 5420 lectori‘eru-

196 5425 405 5497 cautae,
456 5422 595 5478 editi
643 5428 812 5497 antea
849 5422 991 5497 libri
1039 5423 1342 5479 ridiculam
1382 5410 1506 5480 rem
1541 5410 1859 5497 posuerunt
1967 5410 2087 5483 dite
2117 5423 2466 5481 cachinnum
2502 5410 2756 5489 movent,
2789 5417 2928 5472 dum
2961 5410 3266 5493 imperitos
3296 5410 3605 5468 delectant.

192 5495 450 5559 scilicet,
497 5497 550 5549 et
599 5495 893 5550 multitudo
936 5496 1268 5568 praphotz'az.
1324 5495 1654 5568 Eodemque
1686 5500 1858 5555 modo

267 5638 290 5672 ²
322 5636 708 5715 Magnoque
739 5652 928 5715 meus,
961 5642 1138 5710 atque
1173 5653 1291 5694 una
1344 5637 1714 5695 Ambrosian.
1768 5658 1871 5715 pro
1922 5650 1974 5698 et
2025 5656 2239 5697 summa
2290 5633 2555 5710 pecunia,
2589 5648 2723 5688 eum
2754 5628 3003 5703 vulgatis
3035 5629 3208 5683 antea
3237 5622 3405 5682 libris
3434 5620 3612 5678 habet

203 5713 258 5767 et
292 5706 593 5765 multitudo
612 5706 944 5782 prophetiae.
