3970 6384
386 380 543 446 “63

383 518 548 578 ribus
574 526 907 594 procreatus
932 540 944 579 :
981 520 1196 596 quippe
1222 521 1322 596 qui
1353 524 1422 580 de
1443 522 1618 580 Israel
1643 522 1865 579 semine
1886 525 2027 578 erat.
2061 522 2116 591 Α

457 610 642 679 (Vers.
675 614 789 684 24.)
821 636 848 662 ‹‹
882 612 1065 669 Omne
1105 630 1333 686 quoque
1364 630 1571 669 aurum
1612 618 1667 668 et
1696 617 2026 685 argentum,

384 705 441 756 et
470 702 742 756 universa
772 718 898 773 qua:
930 706 1157 774 reperta
1188 708 1327 758 sunt
1348 703 1405 758 in
1428 702 1600 757 domo
1624 701 1851 756 Domini
1878 700 2030 771 apud

384 789 776 845 Obeb-Edom.
821 814 849 841 ››
899 791 1065 863 Apud
1115 792 1486 847 Obed-Edom
1527 809 1539 847 :
1589 790 1727 862 quia
1756 791 1883 860 ejus
1930 789 2032 844 filii

387 879 797 934 custodiebant
812 896 899 945 ea,
913 886 970 935 et
989 882 1062 936 ab
1080 896 1145 935 eo
1160 881 1451 952 descripta
1462 880 1571 935 sibi
1594 879 2028 951 permanebant.

453 967 619 1039 (Vers
650 969 765 1038 2‘2.)
798 991 825 1017 «
864 969 1015 1024 Vixit
1051 970 1318 1025 Amasias
1355 970 1512 1024 lilius
1549 970 1687 1024 Joas
1720 986 1837 1034 rex,
1870 971 2032 1039 post-

385 1073 562 1128 quam
607 1062 876 1113 mortuus
918 1063 1007 1113 est
1055 1059 1192 1114 Joas
1242 1058 1399 1114 filius
1445 1058 1663 1115 Johaaz
1702 1074 1799 1113 rex
1833 1057 2030 1123 Israel,

387 1144 720 1217 quindecim
745 1147 936 1201 annis.
967 1168 992 1195 δ)
1033 1148 1111 1202 Eo
1162 1152 1422 1219 tempore
1446 1148 1501 1202 in
1528 1153 1690 1202 utero
1714 1147 2036 1201 habebatur

384 1233 571 1304 Ozias,
606 1234 706 1306 qui
751 1240 953 1306 postea
999 1238 1263 1307 regnavit
1304 1237 1360 1290 in
1405 1235 1753 1291 Jerusalem.
1790 1234 1950 1290 Unde
1980 1238 2036 1289 et

384 1323 679 1389 scribitur,
718 1346 739 1374 ι
771 1324 1030 1379 Sedecim
1060 1341 1347 1380 annorum
1397 1329 1521 1380 erat
1559 1326 1749 1391 Ozias,
1780 1341 1913 1380 cum
1946 1340 2032 1378 re-

384 1428 562 1485 gnare
609 1413 896 1485 cmpisset.
937 1435 965 1462 ››
1024 1414 1106 1469 Ex
1152 1430 1217 1469 eo
1266 1419 1545 1486 tempore,
1598 1431 1714 1485 quo
1763 1412 2035 1468 discessit

383 1502 653 1557 Amasias
709 1519 743 1557 a
799 1502 1065 1569 Domino,
1127 1503 1442 1559 insurrexit
1493 1520 1671 1575 super
1726 1519 1861 1558 eum
1893 1518 2034 1555 con-

377 1591 599 1662 juratio
648 1592 707 1646 in
756 1591 1102 1647 Jerusalem.
1154 1592 1301 1657 Quia
1357 1609 1425 1647 ex
1470 1610 1536 1648 eo
1586 1598 1868 1663 tempore,
1920 1606 2035 1661 quo

385 1680 681 1752 prophetae
711 1679 1024 1737 consilium
1073 1698 1186 1737 non
1230 1681 1470 1748 audivit,
1506 1697 1692 1752 neque
1733 1681 1803 1735 ad
1835 1680 2035 1735 Domi«

385 1785 529 1825 num
560 1769 814 1825 converti
835 1768 1042 1836 voluit,
1066 1770 1410 1843 praeparatio
1432 1769 1853 1842 conjurationis
1878 1768 2036 1823 illius

1872 382 2293 448 APPENDIX.

3630 386 3788 450 1464

2217 520 2400 593 (Vers.
2461 521 2575 595 22.)
2627 542 2654 574 σι
2721 520 2966 596 Reliqua
3018 526 3209 579 autem
3260 537 3588 580 sermonem
3638 522 3787 579 Ozias

2144 610 2403 681 priorum
2436 615 2491 665 et
2540 612 3016 678 novissimorum,
3057 612 3260 668 scribit
3306 614 3488 668 Isaias
3539 613 3786 685 prophe-

2142 702 2221 754 ta.
2258 723 2286 749 »
2338 699 2518 755 Isaias
2564 705 2621 755 et
2667 702 2948 773 propheta
2996 702 3265 774 scripsit:
3318 725 3345 751 ‹‹
3384 702 3443 756 In
3490 719 3641 757 anno
3672 719 3787 774 quo

2146 794 2415 844 mortuus
2446 793 2533 845 est
2564 806 2661 844 rex
2692 790 2879 857 Ozias,
2912 791 3031 845 vidi
3080 791 3392 847 Dominum
3426 793 3727 846 sedentem
3760 814 3785 842 ››

2146 879 2357 947 (13am,
2384 880 2439 946 1)
2467 895 2479 932 :
2532 894 2599 934 eo
2627 895 2777 934 anno
2828 878 2993 934 illum
3028 884 3325 935 mortuum
3358 881 3536 936 fuisse
3564 880 3789 936 descri-

2142 967 2247 1036 bit,
2281 983 2395 1038 quo
2426 966 2587 1038 lepra
2625 984 2941 1039 percussus
2971 972 3077 1024 est.

2216 1058 2372 1127 (Cap.
2419 1057 2640 1111 XXVII.
2674 1089 2741 1096 —
2772 1056 2929 1112 Vers.
2979 1058 3058 1127 3.)
3116 1078 3137 1108 α
3172 1058 3236 1112 Et
3289 1057 3349 1112 in
3400 1075 3568 1113 muro
3606 1058 3789 1131 Ophel

2145 1145 2331 1199 multa
2388 1146 2794 1200 construxit.»
2869 1148 2927 1200 In
2993 1162 3159 1201 muro
3214 1146 3415 1219 Ophel,
3466 1148 3572 1203 hoc
3611 1156 3697 1203 est
3732 1148 3786 1201 in

2144 1250 2313 1289 muro
2344 1235 2579 1302 nebulae,
2613 1235 2764 1305 quod
2800 1234 3148 1308 intelligitur
3196 1236 3407 1292 Sancta
3434 1242 3789 1292 sanctorum.

2144 1323 2430 1379 Dominus
2460 1324 2613 1378 enim
2646 1323 2808 1389 dixit,
2845 1330 2909 1379 ut
2937 1324 3226 1380 habitaret
3256 1327 3315 1380 in
3347 1325 3573 1382 nebula.

2216 1415 2394 1483 (Vers.
2428 1413 2505 1483 8.)
2539 1435 2565 1461 «
2597 1412 2776 1468 Filius
2807 1413 3011 1486 viginti
3053 1415 3313 1487 quinque
3352 1432 3635 1471 annorum
3668 1424 3795 1473 erat

2143 1501 2438 1570 Joatham,
2473 1518 2604 1556 cum
2669 1519 2912 1575 regnare
2960 1504 3248 1575 ccepisset.
3286 1527 3312 1553 ››
3344 1504 3446 1561 Hic
3475 1509 3532 1560 et
3558 1506 3790 1562 initium

2146 1591 2306 1662 regni
2339 1592 2466 1662 ejus
2495 1596 2552 1646 et
2596 1591 2929 1647 innocentia
2977 1592 3358 1649 describitur:
3404 1598 3470 1648 ut
3498 1602 3791 1651 monstra-

2146 1684 2233 1735 ret
2277 1696 2413 1734 eum
2459 1679 2518 1733 in
2569 1680 2904 1736 innocentia
2962 1696 3381 1752 perseverasse,
3441 1700 3556 1755 qua
3597 1685 3788 1757 ccepit.

2218 1768 2378 1840 (Cap.
2440 1768 2638 1823 XXIII.
2673 1800 2738 1810 —
2774 1772 2937 1824 Vers.
2994 1773 3076 1839 7.)
3134 1771 3376 1826 Masiam
3434 1772 3618 1828 ﬁlium
3674 1777 3794 1829 Mo-

388 1858 541 1959 facta
599 1862 707 1924 est,
741 1862 798 1914 et
824 1863 1066 1957 eatenus
1097 1858 1298 1926 dilata,
1330 1860 1511 1915 donec
1542 1860 1613 1914 ad
1662 1874 2035 1914 consumma-
2072 1900 2116 1965 Β
2147 1857 2354 1965 Ioch,‘:
2394 1856 2453 1965 id
2484 1862 2575 1965 est
2604 1857 2794 1965 lilium
2845 1857 3018 1914 idolis
3048 1860 3336 1965 'Ammon,
3369 1861 3793 1965 quodpvocaba-

388 1946 607 2003 tionem
639 1947 982 2019 perveniret.

461 2036 648 2109 (Vers.
682 2036 796 2108 28.)
826 2059 853 2086 «
889 2040 1384 2109 lteportantesque
1418 2054 1595 2110 super
1637 2054 1840 2109 equos,
1870 2053 2039 2109 sepe-

392 2124 608 2182 lierunt
639 2142 795 2180 eum.
826 2149 852 2175 ‹‹
887 2126 1010 2180 Non
1042 2126 1195 2181 enim
1228 2128 1353 2182 sine
1380 2144 1557 2182 causa
1578 2127 1879 2198 Scriptura
1899 2126 2042 2181 dicit

389 2231 521 2271 eum
542 2231 717 2286 super
734 2231 933 2286 equos,
950 2220 1243 2286 portatum
1262 2234 1275 2283 ;
1291 2217 1390 2271 sed
1405 2216 1701 2288 colligitur
1722 2217 1849 2270 ideo
1873 2214 2041 2270 illum

390 2304 741 2377 portandum
774 2320 952 2376 super
982 2321 1162 2376 equos
1202 2305 1339 2376 quia
1386 2307 1523 2361 deos
1573 2306 1776 2372 Edom,
1831 2305 1930 2376 qui
1982 2305 2038 2358 in

388 2392 558 2464 equis
590 2392 994 2464 portabantur,
1024 2394 1367 2450 adoraverit.
1404 2395 1470 2449 Et
1510 2395 1729 2449 Idcirco
1762 2412 1876 2448 non
1910 2411 2040 2465 por-

388 2485 576 2538 tatum
627 2499 802 2553 super
867 2482 1181 2538 humeros:
1252 2483 1390 2555 quia
1451 2483 1781 2555 neglexerat
1828 2483 2041 2537 servire

389 2570 505 2627 Deo
538 2571 734 2637 Israel,
768 2572 938 2641 cujus
970 2572 1245 2644 mysteria
1282 2590 1459 2644 super
1506 2572 1783 2628 humeros
1812 2571 2039 2627 Chaati-

388 2665 581 2716 tarum
615 2661 829 2731 portari
860 2662 1136 2732 iusserat.

462 2749 622 2820 (Cap.
656 2748 847 2805 XXVI.
881 2781 949 2788 —
994 2750 1150 2805 Vers.
1204 2751 1282 2822 1.)
1330 2750 1497 2807 Ozias
1541 2750 1599 2804 in
1654 2749 2041 2821 Paralipome-

392 2844 546 2892 non:
580 2836 637 2890 in
697 2836 943 2909 Regum,
991 2837 1231 2894 Azarias
1274 2838 1551 2893 scribitur
1597 2837 1754 2894 lilius
1797 2837 2042 2893 Amasiae

393 2925 485 2997 (IV
511 2926 634 2997 Reg.
668 2943 783 2995 xw,
832 2926 947 2997 21.)
994 2926 1161 2980 Ozias
1210 2927 1363 2981 enim
1408 2928 1839 2998 interpretatur,
1872 2928 2045 2982 virtus

396 3016 512 3070 Dei.
549 3015 812 3083 Azarias,
859 3015 1137 3071 auxilium
1187 3017 1423 3071 Domini.
1477 3017 1695 3071 Idcirco
1742 3016 1897 3071 enim
1928 3015 2043 3070 vir-

391 3107 489 3159 tus
534 3103 766 3159 Domini
814 3109 1075 3170 vocatur,
1123 3104 1261 3176 quia
1310 3121 1523 3177 magna
1570 3106 1628 3159 in
1677 3122 1810 3160 eum
1858 3105 2043 3160 virtus

394 3190 625 3248 Domini
677 3197 912 3248 ostensa
962 3198 1049 3248 est
1098 3194 1470 3265 percussione
1519 3193 1710 3266 leprze,
1763 3198 1819 3249 et
1876 3199 2040 3250 terra:

396 3285 554 3337 motu
590 3283 758 3338 facto.

468 3371 654 3442 (Vers.
687 3373 765 3443 5.)
801 3393 827 3419 «
861 3372 1183 3443 Exquisivit
1213 3372 1396 3428 Deum
1427 3372 1483 3427 in
1508 3373 1715 3428 diebus
1737 3372 2044 3440 Zachariaz,

399 3457 782 3529 intelligentis
832 3465 886 3514 et
934 3461 1183 3517 videntis
1232 3462 1437 3516 Deum.
1469 3485 1496 3511 ››
1539 3462 1846 3518 Zacharias
1889 3461 2044 3516 ﬁlius

398 3547 706 3615 Zachariae,
742 3547 845 3602 lilii
874 3548 1108 3613 Joiadae,
1144 3550 1241 3620 qui
1276 3555 1406 3621 post
1444 3560 1686 3605 mortem
1732 3551 1911 3622 patris
1944 3568 2041 3605 na-

397 3640 515 3703 tus,
549 3636 902 3708 posthumus
953 3637 1133 3708 patris
1164 3654 1375 3693 nomen
1410 3638 1651 3695 sortitus
1682 3644 1788 3695 est.
1826 3638 2043 3695 Intelli-

2153 1952 2249 2002 tur
2300 1945 2548 2015 Moloch,
2608 1947 2665 2002 id
2724 1953 2814 2003 est
2868 1965 2986 2004 rex.
3048 1949 3264 2004 Idcirco
3293 1949 3448 2005 enim
3481 1949 3638 2005 ﬁlius
3666 1953 3795 2022 ejus

2152 2035 2387 2104 dicitur,
2418 2036 2574 2106 quod
2626 2035 2707 2089 illi
2760 2052 2927 2091 sacra
2973 2038 3316 2093 instituebat
3345 2043 3403 2094 et
3432 2038 3642 2094 cultus.
3676 2039 3795 2095 Hoc

2151 2129 2209 2180 et
2247 2125 2305 2179 in
2331 2124 2584 2180 Jeremia
2613 2124 2793 2181 habes
2825 2127 2895 2181 de
2931 2127 3191 2193 Ismaele,
3227 2127 3325 2199 qui
3356 2127 3705 2183 describitur
3724 2129 3797 2183 de

2151 2229 2363 2285 genere
2393 2214 2570 2286 regio,
2604 2230 2739 2269 cum
2772 2231 2886 2270 non
2920 2216 2991 2270 de
3033 2232 3240 2286 genere
3271 2216 3428 2289 regio
3467 2217 3659 2284 fuerit,
3692 2216 3794 2272 sed

2153 2302 2224 2357 de
2255 2302 2421 2369 Gera,
2455 2319 2621 2358 servo
2651 2303 2896 2376 zEgypto
2929 2304 3145 2375 (Jcrcm.
3179 2322 3289 2375 xu,
3336 2306 3360 2359 1
3393 2310 3580 2379 seqq)

2222 2390 2405 2462 (Vers.
2437 2392 2516 2461 9.)
2550 2420 2575 2441 α
2613 2392 2689 2446 Ea
2714 2395 3058 2464 tempestate
3088 2398 3211 2448 erat
3258 2393 3333 2448 ibi
3377 2394 3657 2466 propheta
3686 2412 3795 2450 no-

2154 2480 2312 2534 mine
2343 2481 2526 2536 Obeth
2562 2482 2656 2552 (b).
2695 2502 2721 2530 ››
2772 2486 2902 2554 Ipse
2950 2487 3040 2537 est
3083 2486 3246 2554 pater
3282 2482 3517 2553 Azariaa,
3550 2483 3649 2555 qui
3686 2488 3797 2540 Asa

2154 2568 2272 2640 regi
2307 2570 2787 2640 prophetavit.Ad
2834 2570 3298 2643 prophetandum
3336 2571 3491 2626 enim
3511 2572 3570 2627 in
3593 2572 3795 2629 Sama-

2153 2656 2297 2712 riam
2366 2662 2624 2724 venerat,
2684 2659 2823 2731 quia
2881 2659 2951 2714 de
3006 2659 3162 2715 Juda
3215 2665 3356 2716 erat.
3415 2661 3628 2716 Idcirco
3680 2679 3795 2717 non

2153 2746 2328 2802 dixit:
2370 2749 2498 2805 Haec
2544 2749 2674 2803 dicit
2721 2750 3032 2817 Dominus;
3084 2750 3223 2821 quia
3252 2767 3365 2806 non
3415 2755 3579 2806 erant
3632 2750 3790 2825 digni

2154 2851 2421 2892 sermone
2454 2837 2769 2909 prophetae.
2805 2837 2991 2893 Iratus
3020 2838 3176 2893 enim
3226 2845 3348 2894 erat
3378 2839 3528 2895 Deus
3557 2840 3694 2897 illis.
3732 2846 3794 2896 In

2154 2923 2263 2979 hoc
2295 2924 2416 2981 solo
2453 2925 2576 2981 loco
2607 2927 2795 2982 Achaz
2827 2934 3064 2982 vocatur
3117 2943 3214 2983 rex
3247 2928 3417 2984 Israel
3449 2945 3462 2982 :
3496 2946 3608 2985 non
3639 2930 3794 3002 quod

2154 3031 2331 3086 super
2360 3032 2590 3070 omnem
2647 3015 2823 3072 Israel
2873 3017 3216 3087 regnaverit,
3250 3018 3349 3073 sed
3398 3018 3534 3089 quia
3566 3025 3800 3075 secutus

2154 3104 2231 3159 sit
2260 3120 2436 3175 opera
2469 3121 2671 3176 regum
2725 3104 2933 3160 Israel:
2987 3105 3043 3160 in
3093 3108 3321 3161 tantum
3355 3110 3412 3161 et
3440 3105 3636 3163 nullus
3667 3111 3798 3164 ante

2153 3210 2288 3248 eum
2320 3194 2389 3249 de
2422 3194 2656 3265 regibus
2688 3195 2935 3267 nequior
2981 3194 3173 3250 fuerit.
3212 3195 3369 3251 Unde
3399 3199 3455 3251 et
3485 3195 3701 3251 dicitur
3728 3200 3799 3254 de

2071 3275 2113 3336 C
2152 3294 2238 3346 eo,
2273 3282 2427 3354 quod
2462 3284 2744 3339 nudasset
2775 3283 2987 3339 Judam
3013 3284 3313 3356 praeceptis
3349 3289 3407 3339 et
3439 3284 3651 3340 auxilio
3675 3285 3794 3355 Dei,

2157 3371 2309 3427 sicut
2336 3372 2407 3427 de
2436 3374 2624 3427 Aaron
2657 3372 2953 3443 scribitur,
2986 3374 3140 3445 quod
3187 3374 3465 3429 nudasset
3494 3374 3797 3447 populum,

2155 3461 2327 3515 Auxit
2360 3466 2760 3533 contemptum
2794 3463 2863 3533 (ιτ)
2885 3462 3009 3535 ipse
3030 3479 3128 3517 rex
3161 3462 3367 3517 Achaz.
3393 3463 3552 3529 Quod
3575 3462 3801 3518 videtur

2156 3549 2323 3621 quasi
2357 3550 2743 3621 superﬂuum.
2777 3551 2937 3616 Quod
2962 3551 3103 3606 dicit
3124 3550 3266 3622 ipso,
3291 3567 3467 3606 causa
3486 3551 3799 3608 notationis

2154 3638 2262 3694 hoc
2296 3640 2450 3693 facit.
2484 3640 2656 3695 Notat
2709 3639 2862 3695 enim
2913 3641 3041 3711 ejus
3073 3639 3381 3704 malitiam,
3414 3640 3564 3696 sicut
3591 3645 3647 3696 et
3676 3657 3797 3697 cre-

394 3742 539 3799 gens
569 3726 724 3782 enim
754 3732 810 3782 et
837 3726 1039 3781 videns
1070 3727 1386 3782 dicebatur.
1422 3726 1777 3800 Intelligens,
1812 3732 2047 3801 propter
2156 3729 2259 3783 bro
2290 3728 2347 3783 in
2378 3728 2612 3783 laudem
2648 3728 2756 3784 hoc
2789 3730 2863 3801 (d)
2896 3746 3214 3801 pronomen
3249 3730 3383 3800 poni
3416 3729 3581 3786 solet.

393 3815 816 3883 sacerdotium;
849 3816 1073 3880 videns,
1105 3822 1341 3888 propter
1369 3816 1756 3889 prophetiam.

463 3904 757 3976 (\iers.7.)
815 3906 1086 3962 «Contra
1144 3908 1384 3975 Arabes,
1444 3906 1545 3979 qui
1584 3905 1927 3962 habitabant
1982 3906 2039 3961 in

388 3993 661 4048 Gurbaal.
700 4020 726 4042 υ
760 3996 892 4066 Ipsa
941 4000 1029 4051 est
1077 3996 1312 4062 Gerara,
1364 3996 1422 4050 in
1463 4012 1580 4067 qua
1636 3994 2041 4066 peregrinatus

388 4088 478 4137 est
504 4083 818 4138 Abraham.

457 4172 642 4243 (Vers.
675 4176 756 4240 9.)
789 4196 817 4223 ‹‹
848 4175 1170 4231 ,βΕάἰίῑοθνίι
1200 4175 1367 4231 Ozias
1410 4181 1597 4231 turres
1630 4175 1686 4230 in
1711 4174 2035 4230 Jerusalem

386 4276 566 4331 super
596 4265 819 4332 portam
854 4262 1080 4334 Anguli,
1122 4268 1179 4318 et
1208 4280 1386 4335 super
1415 4268 1639 4337 portam
1674 4264 1878 4333 Vallis,
1914 4281 2037 4336 por-

384 4354 502 4404 tam
535 4349 825 4419 civitatis;
859 4368 892 4405 a
936 4355 1103 4423 porta
1141 4353 1439 4424 Ephraim,
1474 4370 1661 4425 usque
1694 4353 1762 4408 ad
1809 4357 2033 4425 portam

382 4439 638 4511 Anguli;
690 4457 867 4512 quam
915 4440 1053 4497 Joas
1103 4459 1199 4495 rex
1241 4442 1415 4497 Israel
1476 4443 1861 4509 destruxerat,
1914 4443 2035 4514 ipse

381 4528 748 4584 instauravit.
784 4552 811 4578 ››
842 4529 1073 4585 Portam
1107 4530 1259 4584 enim
1285 4530 1582 4602 Ephraim,
1602 4536 1828 4602 portam
1849 4531 2034 4588 Vallis

380 4617 663 4673 nominat.
701 4618 764 4673 In
794 4618 1134 4674 zediﬁcando
1166 4618 1355 4674 noluit
1394 4620 1521 4690 ejus
1552 4637 1761 4676 nomen
1796 4638 2029 4693 ponere,
2063 4643 2108 4707 Β

378 4707 535 4778 quod
568 4708 625 4761 in
667 4707 1022 4763 destruendo
1056 4713 1347 4779 posuerat.
1381 4707 1495 4764 Nec
1528 4710 1855 4766 immerito:
1890 4710 2031 4782 quia

377 4795 475 4865 qui
516 4793 689 4851 idolis
722 4794 1084 4864 immolabat,
1139 4803 1194 4851 et
1234 4797 1524 4869 particeps
1565 4798 1625 4853 in
1676 4799 2028 4855 destruendo

375 4880 582 4949 fuerat,
614 4881 673 4935 in
705 4882 1083 4938 aediﬁcatione
1114 4884 1345 4956 pr0prio
1378 4886 1614 4941 nomine
1667 4903 1778 4941 non
1813 4887 2027 4943 meruit

373 4971 725 5042 nuncupari,
772 4972 874 5027 sed
927 4972 1161 5028 nomine
1225 4973 1393 5029 vallis
1450 4980 1743 5045 censetur,
1793 4981 2027 5049 propter

372 5057 863 5116 humiliationem.

442 5147 624 5217 (Vers.
683 5152 797 5223 21.)
856 5152 919 5208 In
971 5151 1144 5207 domo
1201 5158 1491 5225 separata,
1536 5155 1708 5226 juxta
1761 5156 1914 5227 quod
1960 5154 2018 5211 in

374 5237 619 5293 Levitico
649 5240 945 5298 scribitur.

441 5432 913 5513 (u)Ambrosian,
975 5442 1141 5511 Cujus
1194 5443 1505 5497 ministeria
1558 5460 1721 5513 super
1766 5445 2015 5500 humeros

367 5502 745 5585 {.‘haaliiafum
773 5502 989 5576 portare
1020 5502 1160 5573 iu‘sa
1192 5517 1349 5567 erant
1374 5532 1393 5573 ;
1426 5515 1515 5568 cui
1551 5502 1860 5585 postremis
1892 5522 2013 5571 tan-

364 5576 711 5654 tum‘vel‘bjs
745 5594 904 5654 meus
938 5599 1170 5654 quoque
1203 5585 1475 5639 concinit.

436 5645 508 5730 ((2')
542 5646 921 5730 Ambrosiam
945 5645 1312 5712 msfnomine
1339 5656 1527 5723 Eded.';
1571 5664 1627 5713 et
1657 5658 1830 5730 paulo
1881 5664 2010 5730 post

363 5713 434 5771 de
458 5715 650 5773 Judam
678 5733 779 5789 pro
816 5720 977 5778 Iuda.

2221 3816 2407 3884 (Vers.
2460 3819 2576 3888 27.)
2637 3840 2663 3868 ‹‹
2695 3819 2761 3873 Et
2821 3817 3176 3891 sepelierunt
3231 3816 3477 3873 eum‘in
3508 3818 3793 3874 civitatem

2149 3905 2474 3961 Jerusalem
2502 3925 2515 3975 ;
2550 3930 2576 3956 ‹‹
2612 3908 2754 3979 quia
2785 3924 2895 3962 non
2921 3905 3276 3979 sepelierunt
3297 3923 3429 3961 eum
3454 3906 3510 3961 in
3532 3907 3796 3979 sepulcro

2150 4011 2378 4066 regum,
2410 3997 2507 4051 sed
2544 3995 2603 4050 in
2635 3995 2959 4051 Jerusalem
2995 3994 3227 4050 civitate
3253 3995 3309 4049 in
3335 3994 3446 4051 alio
3467 3995 3609 4051 loco.
3635 3998 3796 4063 Quod

2148 4100 2282 4140 vero
2312 4084 2485 4139 dicit:
2525 4107 2553 4135 «
2584 4085 2711 4140 Non
2756 4089 3100 4157 receperunt
3142 4100 3273 4140 eum
3316 4084 3372 4140 in
3406 4084 3670 4156 sepulcro
3704 4102 3791 4141 re-

2148 4188 2287 4245 gum
2342 4173 2541 4241 Israel,
2580 4196 2607 4223 »
2656 4178 2825 4231 sonat
2870 4174 2930 4228 in
2975 4174 3249 4230 Hebraeo:
3303 4173 3454 4245 quod
3487 4174 3655 4246 quasi
3681 4175 3788 4247 ipsi

2147 4279 2280 4317 eum
2345 4280 2457 4317 non
2517 4264 2859 4335 receperint,
2917 4264 3017 4335 qui
3080 4263 3155 4318 ibi
3218 4263 3430 4334 sepulti
3478 4265 3787 4319 suntzsed

2146 4352 2423 4423 quoniam
2451 4351 2661 4407 melius
2680 4351 2925 4424 intelligi
2948 4352 3172 4423 debeat,
3201 4358 3301 4407 aut
3325 4352 3397 4406 ab
3418 4350 3662 4423 aedituis,
3687 4353 3786 4425 qui

2146 4444 2347 4497 eadem
2380 4441 2651 4513 sepulcra
2681 4442 3110 4509 custodiebant,
3165 4440 3521 4514 prohibitum
3548 4446 3655 4507 est,
3688 4449 3788 4498 aut

2142 4529 2254 4585 alio
2287 4530 2483 4602 aliquo
2514 4531 2710 4594 modo,
2753 4529 3049 4586 voluntate
3087 4534 3281 4586 tamen
3316 4530 3432 4585 Dei.

2210 4621 2368 4690 (Cap.
2421 4619 2615 4675 XXIX.
2648 4620 2898 4675 —Vers.
2950 4620 3028 4692 l.)
3081 4643 3101 4670 ι
3137 4619 3358 4674 Nomen
3409 4620 3612 4675 matris
3659 4622 3783 4690 ejus

2140 4708 2301 4773 Abia,
2326 4730 2352 4757 »
2382 4708 2500 4763 lilia
2521 4709 2808 4765 Zacharize
2831 4708 3150 4780 posthumi.
3176 4706 3460 4764 Zachariae
3490 4707 3781 4780 propheta:

2137 4800 2194 4851 et
2224 4798 2568 4866 sacerdotis,
2602 4797 2702 4870 qui
2735 4815 2768 4853 a
2796 4802 2904 4853 Joa
2933 4813 3063 4871 rege
3093 4796 3431 4853 interfectus
3459 4802 3602 4853 erat.

2207 4887 2386 4952 (Vers.
2420 4888 2498 4959 3.)
2531 4911 2557 4936 ‹‹
2594 4889 2722 4960 Ipse
2770 4887 2829 4941 in
2883 4903 3036 4942 anno
3085 4891 3143 4943 et
3172 4903 3373 4942 mense
3404 4886 3588 4959 primo
3617 4888 3774 4961 regni

2134 4975 2249 5031 sui.
2286 4998 2312 5025 »
2342 4977 2405 5031 In
2446 4976 2679 5032 Hebreas
2717 4975 2931 5048 lingua:
2983 4975 3277 5043 idiomatc,
3328 4978 3501 5032 etiam
3552 4977 3774 5049 primus

2133 5064 2257 5120 dies
2288 5066 2451 5137 regni
2481 5067 2609 5136 ejus
2642 5066 2701 5121 in
2732 5065 2841 5120 hac
2872 5065 3259 5138 descriptione
3290 5065 3653 5122 subauditur.

2202 5154 2388 5222 (Vers.
2444 5154 2520 5225 5.)
2571 5178 2597 5204 ‹‹
2650 5155 2886 5210 Aulerte
2935 5171 3171 5210 omnem
3218 5153 3651 5209 immunditiam
3703 5154 3770 5210 de

2130 5243 2482 5313 sanctuario,
2520 5266 2542 5295 ι
2579 5244 2634 5299 id
2658 5248 2767 5310 est,
2791 5243 2946 5300 idola
2963 5261 3087 5316 quae
3113 5243 3307 5300 Achab
3331 5245 3619 5316 posuerat,
3645 5259 3767 5314 quae

2197 5444 2266 5513 ((3)
2299 5442 2565 5503 Martian.
2601 5442 2815 5513 aliique
2846 5442 3006 5508 editi,
3030 5446 3354 5513 pecculum;
3388 5439 3767 5513 renitentibus

2126 5511 2256 5569 ms."
2287 5532 2316 5569 e
2366 5516 2582 5582 quibus
2631 5511 2999 5568 Ambrosiam.
3031 5511 3206 5568 idumit
3256 5518 3529 5585 praeterea
3576 5511 3764 5580 habet,

2121 5602 2224 5657 pro
2253 5589 2435 5643 auxit.

2190 5658 2269 5729 (d)
2302 5659 2475 5713 Addit
2504 5657 2896 5714 Ambrosiam.
2939 5658 3036 5712 hoc
3062 5655 3236 5713 modo.
