3970 6384
155 405 312 472 1465

1080 403 1384 480 QUIEST.
1433 397 1798 464 HEBRAIG.
1842 397 1919 463 IN
1967 398 2114 462 LIB.
2160 398 2209 461 ll
2260 397 2619 461 PARALIP.

3399 391 3422 458 4
3437 395 3555 461 466

156 543 215 600 in
246 543 486 598 modum
519 540 786 599 mulieris
818 542 1191 597 menstruatzs
1223 543 1280 594 et
1312 536 1531 610 polluta
1561 539 1727 591 erant
1743 538 1798 590 et
1827 536 1881 602 Α
1915 535 1974 591 in
2007 534 2269 607 reliquiis
2301 552 2445 591 arcae
2477 533 2596 591 Noe
2636 533 2923 590 culturam
2947 534 3394 592 habuisse.Cum
3418 551 3555 608 ergo

157 631 514 706 polluebant.

228 725 412 791 (Vers.
445 723 572 791 6.)«
638 723 986 776 Averterunt
1035 719 1211 774 iacies
1260 735 1398 772 suas
1449 733 1482 771 a
1536 717 1805 770 taberna-

157 809 284 866 culo
316 809 570 877 Domini,
601 815 657 866 et
687 810 1058 882 praebuerunt
1087 808 1348 862 dorsum.
1375 828 1402 854 ιι
1442 805 1603 870 Quod
1639 803 1808 877 plene

160 898 437 954 scribitur
466 899 524 952 in
558 897 834 966 Ezechiel,
869 896 968 951 ubi
1017 895 1248 963 dicitur,
1307 895 1523 962 Viginti
1570 894 1809 964 quinque

157 1003 302 1043 vzros
322 987 583 1042 habentes
639 987 798 1044 dorsa
846 985 914 1040 ad
963 985 1242 1056 templum,
1300 988 1348 1039 et
1407 983 1693 1038 adorantes
1741 982 1809 1037 ad

157 1080 337 1131 ortum
364 1077 497 1131 solis
522 1076 733 1147 (Ezeeh.
769 1093 893 1141 vm,
928 1074 1035 1144 16).

229 1165 414 1237 (Vers.
447 1165 562 1235 2|.)
595 1187 622 1214 ‹‹
659 1163 860 1219 Hircos
888 1170 1111 1234 septem
1147 1179 1249 1234 pro
1284 1167 1538 1234 peccato.
1600 1184 1626 1210 ››
1659 1165 1804 1215 Con-

160 1260 250 1310 tra
278 1270 502 1309 morem
535 1253 594 1308 in
627 1253 736 1308 hoc
783 1253 905 1308 loco
966 1253 1180 1306 factum
1241 1257 1348 1306 cst.
1410 1252 1470 1305 In
1532 1251 1810 1306 omnibus

163 1343 318 1399 enim
351 1341 496 1398 locis
525 1359 678 1398 unus
711 1358 812 1414 pro
843 1347 1074 1413 peccato
1106 1340 1302 1395 hircus
1346 1340 1538 1395 oII‘erri
1584 1340 1810 1395 solebat

163 1433 354 1501 (Leuit.
417 1449 492 1500 ιν,
551 1433 779 1499 23;1x,
839 1449 1003 1496 xxm,
1064 1433 1169 1501 19).
1232 1430 1338 1484 Sed
1416 1430 1556 1501 quia
1628 1429 1814 1484 multa

165 1526 331 1577 erant
359 1526 618 1593 peccata,
655 1521 784 1575 ideo
818 1526 1039 1592 septem
1076 1518 1224 1574 hirci
1260 1520 1451 1574 oﬂ‘erri
1483 1519 1816 1574 debuerunt

167 1609 388 1666 Idcirco
454 1609 574 1664 Gad
659 1608 930 1664 videntem
1012 1613 1196 1675 vocat,
1289 1607 1427 1679 quia
1512 1608 1816 1678 prophetia

167 1714 268 1770 per
295 1697 487 1754 visum
517 1698 566 1753 ei
598 1698 886 1753 veniebat.
922 1697 1046 1752 Mos
1075 1702 1200 1752 erat
1231 1697 1460 1759 Levitis,
1495 1702 1559 1750 ut
1601 1696 1680 1751 illi
1717 1698 1812 1752 de-

168 1787 465 1842 traherent
495 1785 673 1858 pelles
723 1786 1197 1842 holocaustorum
1233 1804 1246 1854 ;
1281 1790 1338 1840 ct
1389 1785 1812 1851 sacerdotibus,

170 1880 232 1931 ut
255 1876 492 1948 quando
518 1892 618 1948 pro
643 1881 876 1946 peccato
906 1876 1078 1930 [iebat
1101 1875 1815 1942 sacriﬁcium,sacerdotes

171 1964 564 2020 detraherent.
597 1969 664 2019 Et
693 1964 906 2019 idcirco
937 1965 1266 2020 sacerdotes
1317 1965 1372 2018 in
1406 1964 1514 2018 boc
1566 1963 1689 2018 loco
1721 1965 1818 2019 de-

172 2053 482 2109 trahebant
512 2053 695 2125 pelles
726 2071 738 2121 ;
765 2053 900 2125 quia
921 2070 1023 2126 pro
1055 2058 1287 2123 peccato
1311 2052 1667 2108 sacriﬁcium
1696 2058 1820 2108 erat

173 2143 241 2197 Et
269 2141 408 2214 quia
439 2143 808 2197 sacerdotum
843 2158 1125 2196 numerus
1157 2159 1270 2196 non
1303 2143 1428 2212 [ms.
1456 2142 1674 2211 minus]
1705 2141 1822 2196 suf-

176 2231 372 2287 ficiens
425 2237 550 2286 erat
597 2231 666 2286 ad
719 2231 826 2286 hoc
883 2231 1300 2302 peragendum,
1371 2229 1510 2300 quia
1559 2233 1819 2302 tempore

174 2319 360 2376 Achaz
391 2319 566 2391 regis,
599 2319 847 2391 dispersi
879 2320 1128 2375 necdum
1183 2319 1394 2374 reversi
1444 2323 1610 2374 erant
1637 2337 1656 2373 :
1689 2319 1818 2374 ideo

169 2408 449 2479 juverunt
488 2425 588 2464 eos
632 2409 840 2463 fratres
892 2424 1092 2463 eorum
1150 2408 1374 2474 Levztze,
1425 2407 1564 2479 quia
1614 2407 1820 2462 Levitis

178 2497 390 2554 rectius
423 2503 548 2552 erat
577 2498 647 2552 ad
681 2496 1137 2552 sacrificandum
1170 2497 1276 2563 uti,
1328 2513 1505 2568 quam
1553 2497 1821 2552 sacerdo-

179 2585 332 2642 tibus
364 2603 378 2641 :
417 2603 482 2642 eo
515 2586 670 2657 quod
701 2591 961 2658 tempore
989 2585 1199 2650 Achaz,
1248 2589 1306 2639 et
1355 2585 1464 2656 ipsi
1511 2601 1819 2640 consense-

179 2679 358 2744 runt;
398 2675 615 2747 quippe
677 2674 814 2746 quia
861 2674 1156 2746 exemplar
1203 2674 1404 2730 altaris
1453 2673 1818 2743 Damasccni,

182 2763 322 2820 Uriaa
356 2763 615 2836 pontiﬁci
647 2763 898 2818 missum
927 2768 1034 2818 est.

248 2857 404 2925 (Cap.
443 2851 574 2908 XXX
629 2883 700 2893 —-
729 2853 892 2907 Vers.
930 2851 1008 2923 l.)
1054 2873 1079 2901 α
1131 2850 1374 2922 Scripsit
1421 2868 1653 2922 quoque
1702 2851 1820 2922 epi-

182 2940 358 2998 stolas
381 2942 453 2996 ad
490 2941 768 3014 Ephraim
803 2946 860 2996 et
891 2941 1252 2996 Manassc.—
1277 2940 1420 2995 Cum
1453 2943 1610 2995 omni
1647 2939 1820 2996 Israel

181 3029 406 3102 publice
438 3029 699 3086 misisset
720 3029 979 3092 nuntios,
1014 3029 1278 3084 Manasse
1331 3034 1385 3083 et
1424 3029 1696 3100 Ephraim
1740 3029 1821 3084 Ia-

179 3122 364 3174 tenter
394 3117 576 3183 misit,
609 3118 680 3172 ad
731 3134 829 3173 eos
888 3134 1036 3190 quos
1079 3117 1296 3172 sciebat
1353 3134 1694 3172 conversum
1751 3116 1823 3172 iri

182 3221 348 3278 posse
381 3221 485 3278 per
505 3205 901 3278 epistolas.llli
923 3205 1078 3261 enim
1109 3203 1479 3276 superbiores
1501 3210 1821 3276 erant,pro-

183 3277 308 3368 pter
336 3277 557 3367 regiam
588 3294 1093 3367 dignitatemque:
1112 3298 1234 3348 erat
1255 3293 1313 3348 in
1345 3294 1516 3348 domo
1549 3293 1819 3365 Ephraim
1853 3277 1895 3342 Ο

252 3382 436 3454 (Vers.
473 3383 588 3454 48.)
617 3407 643 3434 ‹‹
692 3383 900 3455 Magna
947 3382 1103 3438 enim
1151 3399 1285 3454 pars
1321 3381 1523 3454 populi
1572 3382 1827 3438 comedit

184 3471 688 3542 Phase,nonjuxta
709 3473 861 3543 quod
889 3472 1174 3543 scriptum
1197 3476 1340 3525 est.»
1359 3471 1650 3542 Scriptum
1669 3471 1824 3526 enim

188 3565 327 3626 erat,
361 3565 428 3616 ut
457 3560 555 3632 qui
591 3561 778 3633 primo
810 3577 1009 3615 mense
1042 3577 1152 3616 non
1188 3565 1453 3631 poterant
1503 3561 1824 3616 comedere.

189 3650 444 3705 secundo
501 3651 889 3705 comederent.
951 3649 1122 3704 Venit
1149 3649 1302 3705 enim
1331 3649 1586 3720 plurima
1625 3649 1828 3704 multi-

185 3739 345 3804 tudo,
377 3755 504 3810 que:
535 3737 842 3810 puriticata
874 3755 987 3793 non
1018 3743 1142 3793 erat
1185 3738 1243 3792 in
1295 3754 1497 3793 mense
1546 3741 1824 3809 secundo,

190 3831 244 3881 et
272 3827 409 3898 quia.
441 3827 502 3882 in
533 3827 703 3882 tertio
737 3844 936 3882 mense
984 3827 1258 3882 illicitum
1306 3833 1428 3881 erat
1484 3827 1628 3883 illud
1664 3845 1828 3900 pera-

188 3931 336 3987 gere.
371 3916 430 3970 in
465 3916 720 3970 secundo
753 3922 1119 3989 peregerunt.
1172 3917 1280 3971 Pro
1321 3915 1413 3971 his
1464 3917 1648 3972 oravit
1694 3918 1827 3972 Eze-

189 4004 367 4072 chias,
403 4021 578 4076 quem
611 4005 905 4061 exaudivit
954 4005 1256 4073 Dominus,
1303 4011 1360 4059 et
1419 4005 1683 4076 placatus
1741 4011 1832 4062 est

194 4093 402 4166 populo
445 4111 572 4149 suo.
623 4094 821 4159 Aiunt,
876 4094 1171 4149 neminem
1221 4092 1510 4165 pollutum
1571 4095 1831 4166 potuisse

192 4180 374 4240 Phase
435 4183 761 4250 comedere,
825 4186 965 4255 quin
1003 4181 1198 4238 statim
1233 4186 1640 4246 moreretur,et
1681 4183 1739 4236 in
1763 4199 1829 4238 eo

184 4269 476 4340 placatum
511 4272 820 4327 Dominum
855 4270 1422 4344 cognoverunt,quia
1453 4271 1824 4326 comcdcntes

183 4360 448 4416 exstincti
481 4376 596 4414 non
628 4377 692 4416 su
702 4366 786 4416 nt.
1047 4384 1060 4396 ο

249 4450 407 4522 (Cap.
442 4449 952 4504 XXXII.—-Vers.
1014 4449 1128 4520 Ἠ.)
1191 4473 1217 4498 ››
1279 4449 1680 4520 Rcversusquc
1737 4454 1826 4503 est

185 4552 310 4592 cum
345 4537 668 4611 ignominia
706 4538 763 4593 in
813 4543 1028 4594 terram
1085 4554 1276 4593 suam.
1313 4559 1342 4588 »
1395 4538 1660 4594 Tradunt
1709 4541 1823 4593 l-le-

1915 630 2258 696 quereretur
2287 624 2392 698 [Αι.
2427 626 2804 696 quaereretur]
2835 625 3175 696 deprecans,
3209 641 3314 680 cur
3341 641 3404 680 se
3439 642 3555 682 non

1915 713 2256 784 adjuvissct,
2310 712 2412 785 qui
2456 715 2628 768 etiam
2681 713 2832 768 filios
2883 730 3022 770 suos
3065 713 3449 770 Adramelech
3503 721 3560 772 et

1917 803 2160 858 Sarasar
2191 801 2300 858 sibi
2333 803 2584 869 oil'erret,
2619 803 2665 858 si
2699 803 2806 858 hoc
2837 803 2932 858 ille
2963 808 3156 859 ratum
3211 805 3560 872 duceret,llli

1925 891 2035 946 hoc
2063 892 2366 948 audientes
2397 897 2527 964 post
2559 897 2639 947 tot
2667 892 2882 958 clndes,
2935 893 3156 959 ruinas,
3207 898 3264 949 et
3310 894 3560 967 ignomi-

1919 981 2068 1048 nias,
2105 981 2378 1036 timentes
2408 982 2480 1036 ab
2507 999 2572 1037 eo
2603 981 3020 1037 interfecerunt
3049 999 3205 1037 eum.

1989 1070 2174 1139 (\‘ers.
2209 1070 2323 1138 3|.)
2354 1093 2380 1118 ‹‹
2420 1075 2492 1126 De
2524 1074 2796 1142 portento
2840 1072 2992 1142 quod
3045 1071 3336 1127 acciderat
3382 1090 3562 1146 super

1917 1162 2155 1221 terram,
2194 1180 2214 1207 ι
2253 1158 2322 1212 de
2353 1159 2494 1216 solis
2526 1160 2712 1215 reditu
2747 1159 3053 1232 perlineas
3084 1161 3304 1216 decem.
3338 1161 3422 1216 Ad
3457 1162 3564 1218 hoc

1924 1263 2108 1301 unum
2142 1248 2484 1318 mysterium
2515 1248 2955 1320 inquirendum,
2989 1249 3162 1322 legati
3195 1250 3348 1321 regis
3378 1251 3564 1325 Baby-

1920 1335 2089 1391 loniae
2123 1343 2424 1393 venerunt.
2455 1361 2483 1388 «
2519 1338 2775 1410 Reliquit
2810 1356 2944 1394 eum
3008 1341 3156 1396 Deus
3204 1345 3269 1395 ut
3310 1345 3568 1398 tentare-

1922 1432 2017 1479 tur
2051 1444 2063 1493 ;
2103 1449 2129 1473 ››
2164 1427 2300 1497 quia
2333 1444 2447 1482 non
2480 1427 2779 1500 prohibuit
2807 1429 2854 1485 ei
2891 1445 2992 1500 per
3014 1429 3352 1502 prsphetam
3376 1436 3568 1487 osten-

1921 1515 2055 1570 dere
2083 1515 2393 1572 thesauros
2425 1534 2584 1585 suos,
2611 1519 2710 1573 sed
2743 1518 3052 1576 thesauros
3087 1519 3300 1576 domus
3330 1519 3565 1576 Domini

1924 1603 2080 1658 unde
2107 1611 2161 1658 et
2195 1610 2396 1674 postea
2426 1606 2497 1660 ab
2526 1607 2729 1661 eodem
2761 1607 3043 1678 propheta
3073 1609 3420 1681 objurgatus
3457 1613 3566 1666 est.

1997 1693 2182 1760 (Vers.
2218 1694 2333 1763 33.)
2367 1717 2392 1742 «
2427 1695 2496 1748 Et
2527 1695 2883 1766 sepelierunt
2911 1713 3045 1752 eum
3076 1713 3254 1769 super
3304 1697 3572 1770 sepulcra

1925 1779 2181 1835 filiorum
2221 1781 2414 1836 David.
2451 1803 2478 1833 ››
2513 1783 2584 1838 Et
2614 1783 2723 1839 hoc
2751 1785 3073 1840 notandum
3127 1786 3266 1857 quia
3290 1786 3574 1843 excelsius

1932 1869 2268 1941 sepulcrum
2302 1871 2524 1928 cazteris
2559 1872 2694 1928 {iliis
2725 1873 2904 1929 David
2936 1874 3144 1932 habuit
3163 1875 3576 1947 meritipraero-

1932 1957 2122 2030 gativa
2133 2001 2145 2013 .

2003 2047 2164 2118 (Cap.
2204 2047 2445 2104 XXXIII.
2480 2081 2548 2090 —
2589 2050 2751 2106 Vers.
2783 2051 2860 2123 3.)
2921 2075 2947 2101 ‹‹
3010 2053 3077 2107 Et
3131 2052 3394 2108 adoravit
3451 2069 3575 2108 om-

1930 2151 2064 2190 nem
2104 2135 2375 2192 militiam
2425 2137 2572 2193 cmli.
2629 2160 2657 2188 »
2709 2139 3024 2194 Duodecim
3083 2141 3274 2212 signa,
3332 2157 3459 2213 quae
3518 2141 3575 2195 in

1929 2224 2164 2280 zodiaco
2196 2231 2356 2290 sunt,
2393 2231 2456 2281 ut
2486 2227 2746 2282 tradunt.

2001 2313 2188 2383 (Vers.
2223 2314 2302 2385 3.)
2337 2335 2364 2364 «
2394 2315 2712 2371 Editicavil
2745 2320 2940 2372 autem
2973 2333 3040 2372 ea
3069 2322 3275 2372 cuncto
3297 2317 3575 2374 exercitui

1929 2400 2072 2467 caeli,
2109 2424 2136 2449 »ι
2165 2402 2218 2456 id
2247 2409 2354 2468 est,
2399 2405 2507 2458 sub
2561 2404 2798 2460 nomine
2841 2404 3141 2460 stellarum
3188 2406 3572 2476 daemonibus,

1929 2491 1989 2544 in
2020 2489 2166 2545 valle
2198 2491 2488 2558 Benenon,
2525 2509 2656 2564 qua:
2688 2492 2800 2549 alio
2823 2493 2946 2550 loco
2977 2495 3296 2551 Gehennon
3337 2494 3571 2561 dicitur,

1933 2578 1990 2632 id
2019 2584 2127 2645 est,
2163 2603 2189 2628 ‹‹
2221 2579 2390 2636 vallis
2435 2581 2694 2636 filiorum
2735 2583 2961 2638 Ennon.
3018 2604 3046 2632 »
3096 2585 3198 2640 Est
3246 2583 3400 2639 enim
3453 2583 3575 2639 haec

1931 2665 2086 2720 haud
2122 2667 2319 2739 procul
2336 2669 2407 2724 ab
2428 2669 2852 2737 Jerusalem,de
2873 2689 2990 2743 qua
3012 2671 3068 2727 in
3088 2671 3571 2745 Jeremia(Jerem.

1929 2771 2030 2810 vn.
2063 2759 2176 2822 32),
2211 2758 2354 2812 etin
2398 2759 2619 2831 Regum
2673 2761 2826 2830 (Reg.
2876 2778 3016 2828 xxn,
3070 2762 3156 2832 10)
3211 2760 3360 2818 libro
3408 2761 3577 2834 plene

1933 2845 2234 2901 scribitur.
2268 2847 2356 2902 Ab
2382 2864 2450 2902 ea
2493 2847 2648 2903 enim
2697 2849 2919 2920 origine
2957 2848 3178 2922 accepit
3216 2866 3427 2906 nomen
3464 2854 3576 2906 Gc—

1933 2931 2144 2989 henna.

2003 3023 2184 3094 (Vers.
2219 3026 2331 3097 40.)
2364 3049 2382 3074 σ
2421 3027 2788 3098 Locutusque
2819 3032 2908 3083 est
2939 3028 3222 3083 Dominus
3251 3027 3324 3082 ad
3362 3044 3496 3084 eum
3521 3031 3580 3084 et

1932 3113 2002 3166 ad
2036 3113 2319 3184 populum
2345 3115 2495 3185 ejus,
2528 3121 2585 3170 et
2610 3116 2904 3171 attendere
2937 3115 3251 3172 noluerunt
3292 3119 3350 3170 in
3396 3133 3576 3172 manu

1932 3200 2088 3256 Isaia:
2127 3203 2437 3274 prophetae.
2489 3226 2508 3252 ιι
2560 3205 2828 3259 Tradunt
2865 3204 3088 3260 Hebraei
3131 3205 3406 3261 eumdem
3456 3206 3579 3260 Ma-

1936 3307 2147 3346 nassen
2180 3291 2367 3346 {ilium
2399 3292 2577 3347 fuisse
2609 3292 2741 3348 ﬁliae
2777 3295 2934 3350 Isaia
2968 3294 3064 3364 (τι),
3106 3298 3162 3350 et
3191 3294 3319 3350 ideo
3367 3294 3428 3349 in
3469 3293 3578 3350 hoc

1935 3378 2082 3446 loco,
2118 3397 2456 3452 quanquam
2508 3383 2713 3438 matris
2763 3383 3075 3453 scribatur,
3138 3383 3324 3456 patris
3379 3388 3577 3439 tamen

1933 3467 2096 3523 illius
2128 3486 2240 3523 non
2285 3470 2560 3526 scribitur
2606 3473 2745 3543 quia
2787 3472 3066 3543 indignus
3113 3477 3238 3529 erat
3278 3474 3580 3544 profamus

1936 3573 2032 3612 rex
2057 3562 2214 3614 tanto
2245 3577 2371 3615 avo.
2404 3561 2666 3616 Tradunt
2695 3563 2767 3632 (b)
2801 3562 3041 3627 Hebraei,
3075 3562 3290 3618 idcirco
3321 3562 3578 3618 occisum

1939 3647 2170 3714 Isaiam,
2205 3666 2270 3704 eo
2302 3651 2454 3721 quod
2480 3665 2578 3706 eos
2597 3650 2975 3722 appellaverit
2998 3651 3288 3722 principes
3305 3651 3581 3706 Sodomo-

1938 3754 2069 3792 rum
2097 3742 2155 3792 ct
2185 3738 2540 3794 Gomorrhae.
2577 3745 2644 3795 Et
2693 3740 2830 3811 quia
2885 3739 3030 3794 dixit
3061 3757 3074 3794 :
3114 3740 3235 3795 Vidi
3289 3741 3582 3794 Dominum

1937 3826 2204 3882 sedentem
2234 3830 2358 3895 (Isa.
2393 3845 2468 3892 v1,
2503 3829 2554 3896 4)
2591 3846 2604 3896 ;
2637 3845 2771 3883 cum
2801 3845 2902 3898 per
2930 3833 3160 3899 Moysen
3185 3827 3397 3883 dixerit
3428 3828 3581 3883 :Non

1937 3919 2083 3970 enim
2115 3917 2314 3971 videbit
2342 3933 2430 3971 me
2478 3917 2633 3972 homo
2689 3926 2739 3972 et
2769 3919 2908 3972 vivet
2960 3917 3149 3987 (Exod.
3209 3933 3410 3981 xxxm,
3465 3917 3578 3987 20).

1939 4004 2011 4058 Et
2039 4004 2177 4075 quia
2202 4003 2346 4058 dixit
2379 4021 2390 4060 :
2429 4004 2594 4060 Addet
2626 4007 2766 4060 Deus
2811 4005 2880 4060 ad
2935 4005 3051 4060 dies
3103 4013 3220 4060 tuos
3271 4006 3584 4076 quindecim

1938 4109 2111 4147 annos
2139 4093 2228 4162 (IV
2258 4095 2386 4162 Reg.
2420 4111 2512 4164 xx,
2543 4095 2598 4162 6)
2627 4111 2648 4156 ;
2677 4112 2745 4150 ex
2783 4095 2939 4166 quod
2993 4112 3096 4166 per
3127 4095 3359 4166 Moysen
3419 4094 3582 4150 dixe-

1939 4180 2016 4234 rit
2065 4183 2173 4236 τιςι
2223 4199 2516 4237 numerum
2561 4183 2777 4239 dierum
2825 4188 3045 4240 tuorum
3091 4185 3342 4256 implebis
3390 4185 3585 4254 (Exod-

1938 4286 2096 4336 xxm,
2128 4271 2239 4342 26).
2274 4272 2342 4326 Et
2372 4273 2511 4343 quia
2541 4272 2752 4344 diyerit
2784 4289 2797 4327 :
2831 4274 3070 4342 Qua’rite
3122 4277 3416 4331 Dominum
3451 4274 3583 4330 dum

1939 4359 2183 4415 inveniri
2209 4369 2376 4432 potest
2413 4381 2424 4426 ;
2457 4365 2702 4417 invocata
2740 4379 2863 4418 eum
2919 4364 3052 4418 dum
3105 4380 3271 4436 prolie
3328 4372 3404 4418 est
3458 4364 3581 4436 (Isa.

1939 4464 2027 4514 LV,
2057 4450 2135 4521 6),
2168 4467 2303 4506 cum
2339 4451 2570 4507 dicatur
2603 4469 2615 4506 :
2647 4454 2778 4521 Quis
2807 4461 2888 4509 est
2916 4463 3025 4509 lam
3055 4456 3415 4526 propinquus,
3449 4469 3582 4524 quo-

1936 4540 2102 4594 modo
2163 4541 2426 4596 Dominus
2481 4543 2624 4597 Deus
2681 4553 2880 4611 noster,
2931 4541 3146 4614 quando
3192 4557 3318 4598 eum
3366 4542 3582 4598 invoca-

186 4623 318 4681 brzei
350 4626 436 4682 illi
485 4632 662 4698 caput
709 4631 766 4682 et
811 4627 1053 4682 barbam
1111 4642 1308 4682 rasam
1369 4628 1442 4681 ab
1503 4626 1704 4696 angelo
1761 4627 1820 4681 in
1857 4633 1899 4698 ι]
1933 4643 2058 4682 mus
2091 4629 2268 4699 (Deut.
2303 4647 2377 4692 ιν,
2411 4633 2486 4696 7).

183 4713 587 4786 ignominiam,
631 4721 687 4770 et
731 4715 838 4770 hoc
893 4715 1075 4770 fuisse
1125 4716 1278 4787 quod
1330 4731 1432 4787 per
1479 4715 1823 4788 prophetam

185 4801 398 4860 Isaiam
431 4804 656 4860 dictum
688 4810 778 4860 est
808 4824 822 4874 ;
858 4809 919 4860 In
949 4805 1039 4860 die
1067 4806 1168 4859 illa
1181 4805 1332 4860 radet
1358 4805 1636 4860 novacula
1663 4812 1826 4862 acuta

185 4893 447 4949 conducta
479 4895 538 4949 in
569 4911 696 4962 rege
723 4895 1075 4966 Assyriorum
1129 4903 1291 4965 caput
1345 4903 1398 4948 et
1429 4893 1676 4964 barbam,
1711 4901 1821 4962 etc,

181 4981 306 5051 (Isa,
335 5000 438 5051 v11,
469 4985 560 5038 20.
595 4985 775 5048 Quem
812 5000 946 5038 cum
987 4983 1191 5038 eadem
1253 4982 1578 5053 ignominia
1625 4999 1823 5056 pervc-

180 5069 332 5128 nisse
363 5073 436 5129 ad
468 5071 756 5144 templum
797 5073 898 5130 Dei
947 5071 1038 5128 sui
1083 5071 1352 5139 Nesrath,
1408 5089 1581 5144 quem
1623 5073 1826 5129 dicunt

247 5286 323 5358 (α)
354 5289 534 5346 Abest
561 5291 694 5360 ﬁlia:
725 5307 758 5346 a
789 5306 920 5346 meo
937 5306 1046 5345 ms.
1085 5289 1216 5356 ;sed
1236 5288 1472 5358 gravius
1492 5291 1673 5346 multo
1697 5298 1820 5348 tum

181 5355 314 5428 ipse
337 5355 975 5432 cumrA'mbrosianus.
1031 5355 1369 5432 vulgatique
1427 5362 1555 5416 libri
1613 5365 1822 5421 deinde

217 5445 412 5506 eccare
449 5431 724 5506 videntur
751 5434 810 5488 in
841 5433 1080 5488 vocibus
1108 5431 1404 5506 patriaac
1448 5438 1823 5506 1natris,qims

219 5499 266 5554 ie
298 5502 552 5575 putarim
590 5507 996 5576 lranspositas,
1031 5499 1436 5571 ac'legemlum
1467 5522 1495 5558 e
1529 5499 1822 5562 contrario

178 5586 487 5648 quanquam
543 5592 742 5632 nomen
797 5580 993 5648 patris,
1028 5577 1324 5644 scribatur,
1384 5580 1580 5648 matris
1641 5583 1822 5634 tamen

185 5642 344 5700 illius
374 5661 486 5702 non
515 5642 810 5703 scribitur:
847 5646 1136 5702 Nimirum
1184 5642 1660 5703 nonnomiuatur
1701 5654 1821 5705 Ma-

185 5718 370 5776 nassis
401 5723 611 5790 mater,
645 5737 774 5792 quae
805 5719 924 5777 tilia
953 5719 1170 5775 dicitur
1197 5718 1380 5776 lsaim.
1438 5723 1567 5791 quia
1602 5722 1820 5795 indigus

2008 4717 2195 4789 (Vers.
2227 4719 2340 4788 I3.)
2377 4745 2395 4767 α
2432 4721 2499 4774 Et
2535 4719 2798 4792 cognovit
2830 4719 3131 4776 Mauasses
3179 4720 3332 4792 quod
3381 4719 3584 4776 Domi-

1935 4824 2046 4861 nus
2079 4808 2202 4878 ipse
2235 4814 2325 4862 est
2366 4809 2540 4863 Deus.
2603 4832 2628 4857 ››
2693 4813 2839 4864 Dum
2903 4810 3058 4864 enim
3119 4809 3177 4864 in
3228 4807 3584 4880 Babylonem

1935 4895 2145 4950 ductus
2171 4895 2399 4960 fuisset,
2432 4901 2489 4950 ct
2535 4895 2593 4950 in
2637 4911 2773 4950 vase
2811 4912 2966 4952 aeneo
3008 4897 3293 4968 perforato
3341 4894 3580 4961 missus,

1935 4986 2172 5040 admoto
2218 4984 2362 5056 igni,
2415 4983 2704 5040 invocavit
2755 4983 2952 5040 omnia
2999 4985 3238 5040 nomina
3281 4983 3574 5040 idolorum

1934 5091 2060 5146 quae
2096 5073 2321 5130 colebat
2345 5093 2359 5143 ς
2383 5077 2440 5129 et
2469 5089 2601 5128 cum
2628 5090 2740 5128 non
2775 5074 2983 5130 fuisset
3013 5073 3084 5129 ab
3111 5075 3196 5130 eis
3242 5073 3576 5142 exauditus,

1931 5302 2050 5349 erat
2096 5292 2374 5364 profanus
2405 5307 2504 5364 rex
2553 5297 2703 5344 tanto
2750 5305 2868 5364 aro,
2923 5287 3142 5364 scilicet
3191 5287 3358 5342 Isaia.
3413 5286 3580 5364 Pater

1930 5382 2063 5420 vero
2096 5358 2224 5433 ejus
2264 5361 2542 5418 Ezechias
2587 5366 2710 5415 tum
2771 5362 2865 5416 hic
2915 5359 3268 5430 nominatur,
3325 5364 3452 5414 tum
3506 5358 3581 5414 IV

1932 5437 2176 5503 Regum,
2211 5451 2328 5488 xm.
2697 5502 2700 5503 ν
2877 5501 2884 5503 Α
3365 5457 3370 5466 ’

2003 5501 2075 5576 (b)
2107 5507 2313 5560 Confer
2351 5509 2659 5559 Auctorem
2691 5502 2820 5556 libri
2853 5501 2919 5556 de
2950 5503 3237 5576 Prophetis
3267 5503 3420 5576 apud
3452 5501 3582 5576 Epi-

1931 5573 2242 5650 phanium,
2305 5581 2362 5631 S.
2426 5592 2658 5648 quoque
2715 5573 3134 5647 Augustinum,
3189 5592 3258 5632 ac
3306 5573 3578 5630 Theodo~

1932 5657 2142 5706 return.
