3970 6390
429 357 586 422 1467

436 585 633 638 crebro
684 585 946 639 audierat
999 601 1008 638 :

429 1029 715 1084 deductus
747 1031 932 1084 fuerat
963 1031 1019 1085 in
1053 1032 1422 1102 Babylonem.

486 1118 672 1186 (Vera.
706 1119 820 1188 44.)
849 1143 874 1166 ‹‹
912 1120 1306 1174 Circumdedit
1335 1121 1536 1192 Ophel,
1575 1145 1599 1168 υ
1635 1123 1688 1175 id
1713 1127 1818 1188 est,
1847 1123 2062 1177 instau-

417 1207 564 1261 ravit
594 1207 905 1262 tediﬁcium
937 1211 1126 1264 Sancti
1161 1216 1494 1264 sanctorum
1531 1212 1682 1282 quod
1737 1229 1836 1282 pro
1891 1212 2060 1265 idolis

422 1301 847 1352 construxerat.
881 1298 958 1352 Att
999 1300 1323 1354 arridente-in
1354 1305 1520 1366 Gron,
1550 1300 1605 1354 id
1639 1305 1784 1362 est,a
1812 1305 2064 1354 torrente

416 1386 569 1440 (ἱεοη
608 1387 895 1442 :edificare
928 1388 1088 1440 cmrit
1133 1407 1320 1460 usque
1371 1391 1440 1442 ad
1495 1394 1718 1459 portam
1781 1389 2057 1456 Piscium,

412 1489 537 1544 qua:
571 1480 660 1529 est
693 1481 854 1554 porta
885 1478 956 1530 de
993 1482 1152 1547 parte
1173 1480 1404 1549 .Ioppes.

483 1563 666 1634 (Vere.
703 1565 812 1636 l9.)
848 1589 872 1614 ‹‹
909 1567 1134 1637 Scripta
1166 1573 1304 1620 sunt
1337 1569 1392 1620 in
1426 1568 1795 1623 sermonibus
1837 1567 1989 1622 Ozai.
2029 1591 2055 1615 ››

409 1651 512 1707 Hic
545 1654 675 1707 Ozai
709 1655 946 1726 quidam
999 1655 1206 1710 Isaiam
1273 1657 1598 1728 intelligere
1633 1657 1859 1710 volunt.
1921 1657 2054 1711 Ozai

413 1742 570 1797 enim
605 1745 1040 1814 interpretatur,
1075 1747 1209 1799 risio
1241 1762 1378 1800 mea.
1443 1751 1507 1798 lat
1563 1745 1688 1799 ideo
1747 1747 2054 1800 immutate

411 1833 646 1886 nomine
725 1833 1136 1899 introducitur,
1199 1835 1348 1904 quod
1435 1835 1840 1888 manifestatur
1885 1834 2054 1904 longe

411 1919 588 1976 istius
627 1921 837 1976 merita
867 1922 938 1976 ab
969 1921 1129 1976 illius
1179 1923 1402 1977 meritis
1459 1923 1695 1988 distare,
1755 1924 1854 1994 qui
1914 1939 2048 1978 eum

409 2009 716 2064 interfecit.

482 2101 640 2170 (Cap,
677 2099 916 2156 XXXIV.
951 2129 1018 2138 -
1068 2101 1230 2155 Vers.
1265 2102 1342 2170 9.)
1377 2123 1400 2150 ››
1461 2102 1550 2156 Ab
1609 2101 1764 2156 omni
1825 2118 2055 2172 quoque

411 2187 565 2242 Juda
597 2195 652 2242 et
685 2189 1006 2258 Benjamin,
1053 2195 1106 2242 et
1167 2190 1590 2245 habitatoribus
1646 2191 1992 2245 Jerusalem.
2025 2215 2050 2239 ››

411 2275 779 2333 Ilabitatores
808 2278 1128 2332 Jerusalem
1165 2279 1468 2333 dimidiam
1505 2280 1722 2334 tribum
1785 2280 2054 2334 Manasse

419 2366 580 2435 dicit,
616 2371 712 2437 qui
759 2366 1103 2438 plerumque
1151 2367 1208 2422 in
1263 2369 1418 2423 tribu
1471 2369 1772 2438 Bcujamin
1813 2385 2053 2440 compu-

411 2459 628 2510 tantur.

485 2545 671 2612 (Vers.
703 2547 820 2612 2.2.)
865 2567 892 2592 ‹‹
928 2545 1012 2599 Ad
1061 2545 1304 2600 lloldam
1355 2564 1481 2617 qua:
1533 2547 1830 2602 habitabat
1867 2548 1924 2601 in
1958 2565 2052 2602 se-

403 2637 619 2688 cunda.
657 2657 682 2682 ››
719 2633 902 2689 Dolda
933 2651 1075 2690 uvor
1115 2635 1225 2689 fuit
1255 2634 1498 2702 Scllum,
1544 2637 1812 2690 avunculi
1869 2637 2052 2708 patris

401 2723 692 2788 Jeremiae,
742 2729 798 2778 et
843 2723 1022 2794 patris
1069 2724 1348 2778 Ananeel.
1413 2747 1438 2774 ‹‹
1485 2725 1799 2780 Habitabat
1851 2725 1908 2779 in
1960 2741 2048 2779 se-

406 2813 620 2867 cunda.
653 2837 670 2859 n
709 2813 893 2867 Locus
926 2812 1080 2866 enim
1116 2819 1238 2867 erat
1267 2815 1684 2886 Hierosolymis
1724 2819 1884 2869 extra
1918 2831 2049 2870 mu-

407 2917 563 2968 rum,
601 2901 656 2954 id
688 2905 778 2955 est
805 2901 958 2956 inter
989 2919 1224 2956 murum
1266 2903 1512 2958 civitatis
1562 2908 1618 2958 et
1666 2904 2046 2972 antemurale,

405 2990 506 3062 qui
539 2992 855 3045 vocabatur
901 2992 1205 3056 secunda;
1241 2994 1408 3062 cujus
1467 2994 1684 3047 mentio
1739 2995 1800 3046 Iit
1847 2994 1902 3046 in
1945 2995 2046 3047 So-

401 3079 623 3151 phonia
655 3079 938 3152 prOpheta
968 3083 1222 3151 (Sep/ton.
1257 3099 1295 3149 1,
1331 3083 1439 3150 IO),
1469 3085 1528 3136 In
1563 3081 2044 3154 Paralipomenon

402 3169 506 3224 ﬁlii
550 3169 784 3238 Tocaat,
828 3169 928 3223 tilii
983 3170 1168 3225 Hasra
1219 3187 1231 3225 :
1285 3172 1342 3226 in
1399 3173 1642 3242 Regum,
1703 3173 1882 3228 'l‘icua
1927 3172 2046 3227 ﬁlia

1935 363 2359 430 APPENDIX.

443 509 633 565 neque
667 493 1338 561 liberatus,recordatum
1363 497 1543 552 fuisse
1573 497 1646 569 (α)
1674 497 1825 569 quod
1851 515 1884 554 a
1917 504 2076 570 patre
2107 507 2160 572 Α

1063 585 1197 640 Cum.
1257 589 1528 642 inroraris
1583 604 1666 642 me
1723 589 1782 641 in
1837 589 2071 642 tribula-

429 675 598 738 tione,
631 679 680 728 et
706 690 991 728 conversus
1017 677 1208 744 fueris,
1241 678 1534 730 artiuttittm
1564 681 1635 740 te,
1673 679 1736 730 ut
1773 677 1830 730 in
1865 677 2068 732 Dente-

431 763 672 816 rononio
705 763 980 817 scribitur
1011 765 1183 834 (Deut.
1213 769 1381 832 1v,39)
1417 784 1428 820 :
1462 766 1918 837 exauditumque
1941 784 2068 820 esse

425 867 456 905 a
487 851 751 918 Domino,
797 859 852 906 et
899 853 1208 908 liberatum
1251 859 1308 909 et
1357 855 1658 909 reductum
1713 857 1770 909 in
1819 873 2064 924 regnum

425 956 622 1006 suum,
655 947 711 994 et
743 941 798 994 in
833 942 1070 996 modum
1107 943 1375 998 llabacuc
1407 945 1417 976 ¹
1457 945 1758 998 reductum
1789 943 1938 998 sicut
1971 944 2065 998 ille

3673 369 3826 434 1468

2261 501 2443 573 (Vers.
2479 503 2592 574 -l5.)
2637 527 2664 554 ‹‹
2719 505 2962 561 Stabant
3020 505 3078 560 in
3138 505 3340 563 ordine
3389 507 3556 579 juxta
3613 523 3822 579 praece-

2183 595 2346 662 ptum
2383 593 2560 648 David
2593 595 2856 666 etAsaph
2891 599 2946 650 et
2969 595 3232 662 Eman,et
3255 596 3509 652 Idithum
3541 597 3820 668 propheta

2181 698 2308 734 rum
2346 683 2495 753 regis
2551 705 2575 732 ››
2603 684 2731 738 Ideo
2767 685 3059 755 propheta:
3092 686 3244 758 regis
3276 687 3650 756 vocabantur,
3685 687 3820 758 quia

2189 786 2320 824 cum
2357 771 2531 826 David
2566 788 2697 843 rege
2728 773 3060 828 cantabant.

2247 877 2433 946 (Vers.
2471 877 2612 946 48.)‹‹
2643 879 2766 933 Non
2801 879 2906 932 fuit
2939 879 3120 934 Phase
3153 880 3346 936 simile
3377 880 3512 936 huic
3553 883 3610 936 in
3645 882 3814 938 Israel

2176 983 2208 1018 a
2239 965 2444 1020 diebus
2474 967 2760 1021 Samuelis
2817 967 3108 1038 prophetae
3161 987 3173 1034 ;
3213 991 3239 1016 ››
3273 969 3410 1041 quia
3471 987 3672 1026 omnes
3719 971 3816 1042 qui

2176 1053 2390 1108 inventi
2427 1059 2562 1109 sunt
2593 1055 2652 1109 in
2685 1055 2786 1110 illa
2835 1056 3164 1125 festivitate,
3215 1057 3295 1111 ibi
3343 1062 3564 1129 septem
3613 1059 3815 1115 diebus

2173 1145 2512 1198 commorati
2559 1151 2734 1201 sunt:
2787 1149 2845 1199 et
2891 1162 3095 1200 omnes
3147 1147 3480 1202 sufficenter
3537 1148 3607 1202 de
3667 1150 3816 1222 regis

2171 1233 2523 1301 substantia,
2564 1239 2620 1289 et
2654 1235 2722 1289 de
2755 1233 2848 1289 his
2879 1251 3006 1305 quze
3061 1252 3240 1307 supra
3293 1241 3613 1292 memorata
3655 1245 3810 1306 sunt,

2169 1322 2384 1391 epulati
2419 1327 2574 1393 sunt,

2240 1411 2424 1480 (Vers.
2460 1413 2573 1482 21.)
2607 1435 2633 1458 ι‹
2670 1412 2882 1466 Contra
2917 1412 3090 1468 aliam
3135 1429 3327 1486 pugno
3357 1415 3596 1469 domum
3633 1433 3646 1480 ;
3685 1439 3704 1462 -
3753 1415 3808 1468 id

2167 1507 2272 1568 est,
2303 1506 2503 1556 contra
2537 1502 2691 1556 Adad
2729 1503 3014 1556 liemmon
3051 1503 3204 1573 regis
3235 1501 3336 1556 filii
3369 1502 3810 1575 Tabrimon,qui

2167 1591 2426 1658 regnavit
2483 1590 2540 1644 in
2599 1589 2936 1644 Charcamis
2989 1608 3001 1656 ;
3057 1607 3232 1661 quem
3309 1607 3376 1645 ea
3449 1595 3811 1662 tempestate,

2165 1679 2398 1746 quando
2429 1679 2649 1734 Josiam
2687 1697 2782 1733 rex
2831 1680 3060 1734 Nechao
3113 1679 3418 1735 interfecit.
3475 1681 3676 1736 Factus
3723 1687 3812 1736 est

2163 1768 2316 1821 enim
2353 1767 2619 1838 planctus
2651 1785 2901 1838 magnus
2925 1768 2982 1822 in
3015 1769 3292 1840 Mageddo
3317 1785 3329 1823 :
3357 1768 3525 1838 cujus
3547 1769 3810 1824 meminit

2085 1883 2132 1946 Β
2165 1856 2474 1910 Zacharias
2507 1857 2810 1928 propheta.

2237 1963 2420 2030 (Vers.
2445 1965 2560 2034 22.)
2599 1987 2618 2012 ιι
2657 1963 2854 2018 Noluit
2883 1964 3251 2034 acquiescere
3281 1964 3648 2020 sermonibus
3697 1965 3806 2020 Ne-

2167 2050 2310 2105 ehao
2340 2067 2408 2105 ex
2439 2069 2535 2106 ore
2557 2052 2655 2106 Dei
2690 2069 2702 2118 ;
2740 2075 2766 2101 ››
2803 2051 2940 2123 quia
2967 2069 3068 2123 per
3105 2051 3418 2108 Jeremiam
3467 2052 3805 2124 prophetam

2167 2139 2628 2210 prophetaverat,
2663 2141 2814 2212 quod
2844 2139 2940 2194 ille
2973 2157 3324 2196 ascensurus
3363 2145 3486 2196 erat
3531 2142 3588 2196 in
3631 2141 3806 2197 Char-

2163 2229 2430 2299 camis,et
2459 2230 2700 2284 victoria
2731 2229 3024 2301 potiturus
3059 2247 3070 2284 :
3107 2247 3234 2302 qua:
3255 2230 3558 2302 prophetia
3579 2232 3804 2288 Nechao

2166 2335 2358 2386 regem
2389 2318 2608 2373 ninime
2657 2319 2848 2373 latuit.
2897 2319 3058 2374 Unde
3111 2323 3166 2373 et
3214 2319 3505 2390 Rapsaces
3551 2320 3689 2376 dicit
3735 2322 3804 2376 de

2165 2409 2558 2464 Sennaelierib
2593 2425 2724 2479 rege
2749 2409 3116 2479 Assyriorum
3173 2409 3470 2463 :Dominus
3517 2411 3688 2479 jussit
3713 2427 3799 2466 me

2162 2498 2449 2553 ast'emlrrc
2482 2498 2550 2552 ad
2583 2501 2786 2552 terram
2819 2500 2977 2552 istam
3009 2498 3118 2568 (IV
3139 2501 3264 2568 Reg.
3299 2515 3458 2564 xvm,
3507 2499 3617 2568 25).
3659 2499 3804 2563 Quia

2154 2586 2276 2656 jam
2321 2587 2614 2658 prephetze
2653 2586 2822 2642 Israel
2853 2587 3339 2658 prophetaverant
3367 2587 3492 2656 hoc,
3525 2589 3676 2659 quod
3705 2587 3804 2643 ille

2163 2692 2516 2730 ascensurus
2551 2683 2722 2742 esset,
2757 2677 2910 2746 quod
2943 2692 3076 2732 eum
3109 2675 3352 2732 minime
3383 2675 3570 2732 latuit.

2231 2782 2418 2854 (Vers.
2451 2783 2564 2852 25.)
2601 2805 2626 2830 ‹‹
2664 2783 2880 2837 Omnes
2940 2785 3267 2838 cantatores
3327 2787 3381 2838 et
3437 2783 3802 2850 cantatrices,

2160 2889 2346 2938 usque
2379 2871 2438 2926 in
2465 2877 2808 2942 przesentem
2839 2871 3012 2940 diem,
3051 2894 3076 2920 »
3109 2887 3174 2926 eo
3206 2871 3359 2943 quod
3391 2871 3670 2942 scriptum
3711 2879 3802 2928 est

2159 2960 2216 3013 in
2269 2961 2701 3016 Lamentatione
2757 2961 3020 3015 Jeremite
3055 2977 3067 3016 :
3101 2961 3348 3031 Spiritus
3395 2962 3506 3016 oris
3559 2961 3796 3016 Domini.

2159 3051 2404 3104 Christus
2439 3052 2696 3104 Dtmzinus
2726 3051 2956 3118 (Thr-cn.
2995 3067 3068 3115 IV,
3099 3051 3212 3118 ΞΟ).

2228 3159 2412 3228 (Vers.
2447 3157 2560 3226 27.)
2595 3179 2619 3204 ι(
2658 3157 2842 3226 Opera
2871 3157 2999 3226 ejus
3049 3154 3237 3226 prima
3283 3158 3339 3211 et
3387 3153 3722 3209 novissima.
3769 3177 3795 3202 υ

399 3261 578 3314 Araaz
628 3261 726 3328 (IV
775 3261 896 3329 Reg.
965 3278 1103 3328 xxii,
1187 3261 1287 3330 14).
1356 3263 1572 3316 Tocaat
1631 3261 2044 3333 interpretatur

2169 3247 2486 3302 Novissima
2517 3246 2574 3300 in
2609 3245 2718 3299 hoc
2749 3244 2871 3299 loco
2903 3261 2970 3300 ea
3000 3243 3140 3298 dicit
3173 3261 3184 3298 :
3219 3259 3284 3298 eo
3311 3243 3462 3315 quod
3511 3259 3626 3298 non
3659 3260 3797 3298 eon-

397 3349 620 3416 stritlor,
655 3348 856 3414 Ilasra,
889 3349 1201 3414 diminutio,
1237 3351 1436 3416 Ticua,
1467 3368 1605 3421 spes.
1641 3353 1840 3412 Araaz,
1879 3369 2040 3420 nego-

399 3439 584 3493 tiator.
621 3437 866 3492 Custodis
898 3439 975 3508 (tt)
1009 3443 1257 3507 restium,
1301 3439 1438 3510 quia
1483 3439 1774 3512 templum.
1811 3441 2040 3496 Domini

399 3529 684 3580 servabat.

468 3615 627 3686 (Cap.
670 3615 893 3670 XXXV.
945 3613 1012 3655 -7-
1065 3620 1225 3673 Vers.
1281 3619 1360 3686 3.)
1421 3637 1441 3664 α
1483 3618 1684 3672 Ponite
1730 3635 1924 3672 arcam
1983 3619 2038 3672 in

395 3706 730 3760 sanctuario
757 3704 982 3776 templi,
1031 3707 1182 3776 quod
1231 3706 1536 3760 aedificavit
1579 3705 1848 3760 Salomon
1883 3707 2040 3762 filius

393 3793 570 3850 David
603 3813 700 3849 rex
737 3795 928 3850 Israel.
969 3819 988 3846 ι)
1040 3796 1370 3850 Notandum
1427 3797 1580 3866 quod
1631 3813 1764 3850 arca
1812 3796 2036 3850 Domini

393 3883 542 3938 elata
575 3885 644 3940 de
676 3885 892 3954 templo
927 3885 1054 3952 fuit,
1089 3902 1264 3955 quam
1299 3885 1471 3940 modo
1513 3885 1568 3938 in
1614 3885 1896 3956 templum
1950 3903 2036 3940 re-

393 3973 526 4027 duci
548 3973 738 4027 Josias
771 3973 1060 4044 praecepit.
1093 3974 1375 4045 Tempore
1397 3973 1552 4027 enim
1585 3975 2036 4045 Achaz,quando

394 4061 784 4116 simulaerain
821 4062 1038 4132 templo
1073 4063 1256 4117 missa
1305 4067 1464 4126 sunt,
1509 4062 1654 4116 elata
1709 4069 1796 4117 est
1829 4065 1960 4118 inde
1981 4071 2036 4119 et

392 4151 572 4206 ducta
603 4152 657 4204 in
690 4153 927 4205 domum
964 4151 1204 4220 Sellum,
1231 4151 1332 4205 viri
1361 4151 1553 4204 lluldte
1587 4153 1850 4206 avum'uli
1883 4158 2034 4208 Jere-

395 4239 547 4305 mite,
581 4241 674 4294 ubi
721 4241 1044 4312 permansit
1075 4257 1262 4311 usque
1294 4242 1362 4295 ad
1407 4245 1636 4312 tempus
1687 4243 1876 4296 Josiai.
1923 4243 2034 4297 Nec

393 4329 548 4384 enim
575 4335 796 4400 poterat
825 4347 960 4383 arca
991 4329 1085 4384 Dei
1115 4346 1241 4383 esse
1289 4330 1344 4383 in
1397 4329 1520 4385 loco
1573 4331 1670 4384 ubi
1719 4331 2032 4386 simulacra

415 4419 726 4472 ntrodueta
767 4419 1018 4484 fuerant,
1053 4423 1108 4472 et
1137 4417 1460 4488 gentilitius
1493 4437 1634 4474 usus
1657 4423 1712 4473 et
1741 4419 1888 4474 ritus
1935 4437 2005 4474 ne

391 4506 778 4562 fandissimus
811 4506 1248 4562 observabatur.

461 4675 813 4748 ‘l-listoriam
865 4675 1116 4729 Abacuci
1148 4745 1161 4748 Α
1195 4690 1413 4748 νείκει-φῖ
1457 4675 1720 4748 agnoscit
1786 4677 2034 4748 scriptor

391 4747 685 4810 Hebraeus,
712 4747 864 4801 sicut
885 4751 940 4801 et
969 4763 1096 4800 eam
1136 4745 1416 4801 Catholici
1469 4747 1620 4801 inter
1667 4745 2031 4804 authenticas

390 4821 726 4890 Scripturas
760 4817 1066 4889 recipiunt.

461 4892 674 4956 ’Etliti,
709 4893 822 4945 Non
876 4891 1224 4946 tmulctn'tis...
1284 4907 1446 4960 super
1503 4895 1800 4950 mortuum.
1861 4908 2034 4961 neque

393 4965 650 5032 stigmata
682 4964 913 5034 [tttrz'etz's,
947 4969 1058 5030 etc,

459 5037 479 5070 ³
509 5033 1022 5105 Mss.exemplaria
1051 5033 1349 5104 siclegunt
1369 5038 1498 5104 post
1515 5035 1736 5088 Inventa
1756 5043 1915 5090 sunt:
1943 5039 2034 5090 Est

463 5209 540 5276 (tt)
579 5209 711 5260 Mss.
749 5207 1062 5260 I'C’t'OI‘tltt/HS
1092 5207 1264 5274 fuisse
1293 5204 1664 5274 tlz't"z'tur,quml
1694 5209 2030 5276 ηραν-(Ἀρία.

467 5279 538 5344 (Ir,
569 5282 674 5332 I’ro
708 5281 953 5344 restium,
987 5278 1139 5349 quod
1173 5277 1412 5330 verbum
1447 5276 1694 5330 restituit
1727 5294 1893 5332 meus
1921 5295 2030 5332 ms.

393 5347 700 5418 Scripturm
729 5355 968 5406 textum.
1003 5347 1177 5402 antea
1207 5353 1328 5402 erat
1360 5351 1565 5417 templi.

465 5431 530 5482 tr)
561 5426 690 5472 Mss.
724 5425 884 5488 ruput
928 5427 1182 5474 res/rum.
1233 5425 1534 5482 Ca'lt‘rum,
1581 5437 1752 5488 quem
1805 5419 1860 5474 in
1911 5421 2033 5476 suis

395 5497 552 5544 notat
587 5491 952 5545 {\lartiana-us
983 5509 1259 5560 UI'I'UI'CIII,
1295 5493 1472 5544 nostri
1507 5509 1616 5544 non
1649 5497 1861 5544 errant.

465 5562 518 5631 (tl
551 5561 846 5614 Sentit-hat.
877 5563 1197 5616 et-outrario
1253 5563 1658 5633 Ilicrouymus,
1709 5562 1866 5617 Nubo
1923 5581 2032 5618 non

397 5629 532 5686 idali
571 5649 958 5706 nomenesse,
995 5636 1090 5688 sed
1127 5635 1374 5689 civitatis
1410 5653 1420 5688 :
1457 5629 1688 5688 tametsi
1743 5634 1974 5706 longius
2003 5653 2036 5690 a

395 5718 526 5760 vero
558 5705 686 5772 ejus
719 5703 979 5758 videatur
1011 5707 1296 5761 sententia
1336 5707 1557 5762 abesse.
1617 5707 1674 5760 ln
1725 5703 2034 5763 Com—men-

2153 3335 2338 3390 suluit
2367 3335 2706 3396 Dominum,
2761 3339 2958 3388 utrum
3021 3349 3256 3405 pergere
3313 3332 3545 3388 deberet
3597 3335 3799 3387 contra

2153 3426 2402 3480 Nechao.

2222 3515 2376 3585 (Cap.
2400 3511 2636 3567 XXXVI.
2671 3543 2737 3552 —
2771 3511 2930 3565 Vers.
2961 3511 3040 3580 8.)
3083 3533 3111 3560 (ι
3143 3509 3385 3582 Reliqua
3431 3515 3624 3565 autem
3659 3527 3786 3565 ver-

2151 3603 2359 3658 borum
2389 3601 2656 3657 .loaehim
2689 3605 2745 3654 et
2776 3599 3276 3654 abominationum
3311 3600 3460 3670 ejus,
3484 3615 3628 3670 quas
3660 3616 3792 3672 ope-

2149 3697 2309 3748 ratus
2338 3697 2443 3757 est,
2477 3697 2532 3746 et
2561 3707 2687 3761 quae
2747 3691 2978 3744 inventa
3009 3693 3146 3744 sunt
3177 3689 3234 3742 in
3263 3705 3384 3745 eo.»
3421 3690 3788 3746 Intercmtera

2149 3781 2304 3836 mala
2336 3799 2463 3852 qua:
2539 3781 2738 3852 gessit,
2771 3779 2948 3834 etiam
2979 3777 3088 3833 hoc
3123 3779 3256 3832 fecit
3299 3777 3356 3832 in
3399 3793 3630 3849 corpore
3661 3795 3790 3850 suo,

2147 3871 2300 3942 quod
2344 3871 2629 3925 Dominus
2661 3867 2978 3940 prohibuit,
3012 3868 3154 3922 dum
3211 3867 3426 3922 diceret
3458 3883 3470 3920 :
3501 3869 3618 3922 Non
3669 3876 3788 3922 ton-

2145 3962 2321 4015 acutis
2355 3960 2422 4030 (c)
2453 3963 2634 4028 rapite
2669 3967 2838 4012 rostra
2871 3959 2891 3990 ³
2921 3960 2981 4012 in
3027 3957 3346 4022 rotundum,
3399 3973 3571 4027 neque
3626 3973 3791 4028 super

2143 4058 2371 4114 mortuo,
2405 4064 2574 4118 neque
2601 4050 2802 4115 sligma
2847 4049 3067 4116 [‘tt-t'iatis
3098 4049 3155 4101 in
3211 4045 3524 4116 corporibus
3597 4049 3788 4100 vestris

2146 4141 2340 4210 (Leuit,
2375 4155 2486 4208 xix,
2521 4139 2609 4202 27,
2641 4137 2752 4207 28).
2786 4139 2920 4201 Quae
2951 4144 3258 4208 poslquam
3291 4139 3558 4190 mortuus
3580 4139 3686 4202 est,
3725 4135 3782 4190 in

2145 4245 2382 4300 corpore
2414 4229 2540 4298 ejus
2569 4228 2802 4280 inventa
2834 4231 2972 4280 sunt
3001 4227 3039 4278 ³.

2215 4335 2402 4404 (Vers.
2439 4335 2552 4404 tu.)
2587 4358 2612 4382 ‹‹
2649 4333 2809 4387 Nabo
2843 4333 3162 4404 prophetia.
3225 4355 3252 4382 ››
3308 4332 3406 4386 Est
3461 4331 3614 4386 enim
3677 4348 3786 4386 no-

2145 4443 2274 4480 men
2309 4423 2448 4479 idoli
2481 4424 2578 4492 (tt),
2611 4423 2700 4478 eui
2739 4423 2890 4477 idem
2917 4422 3075 4478 Nabo
3103 4421 3407 4478 serviebat.
3436 4421 3788 4476 Chodonasur

2159 4517 2382 4585 capiens
2410 4514 2622 4584 plasma
2653 4515 2865 4566 riuum.

2142 4687 2290 4739 enim
2319 4699 2518 4738 nomen.
2544 4682 2702 4748 idoli,
2731 4683 2822 4736 cui
2851 4682 2998 4735 idem
3037 4681 3282 4737 Joachim
3327 4681 3614 4748 serviebat,
3648 4680 3786 4736 Cho-

2141 4757 2396 4822 ttonat-cr,
2432 4755 2571 4826 quod
2603 4757 2993 4826 interpretatur
3025 4754 3252 4826 plasma
3309 4755 3514 4826 rinu1n._
3544 4754 3784 4826 capiens.

2143 4823 2472 4882 Notandum
2507 4823 3098 4895 autem,’seriptorem
3149 4825 3448 4879 Hebraeum
3501 4823 3608 4878 hoc
3659 4823 3786 4878 loco

2145 4916 2356 4971 ponere
2385 4896 3078 4971 etymologiam-nominis
3107 4897 3786 4967 Nabuchodonosor,sepa—

2145 4969 2280 5026 rans
2329 4969 2475 5025 Natio
2533 4987 2565 5024 a
2624 4969 3096 5024 Chortonaterzet
3154 4971 3573 5039 consequenter
3625 4983 3788 5023 erro-

2147 5060 2266 5098 rem
2299 5059 2426 5098 esse
2459 5043 2518 5096 in
2548 5041 2850 5096 codicibus
2884 5039 3323 5112 manuscriptis.

2145 5205 2307 5260 tariis
2348 5204 2406 5258 in
2469 5202 2699 5269 Isaiam,
2755 5201 2856 5256 lib.
2918 5218 2972 5268 ν,
3036 5217 3161 5269 cap.
3221 5201 3311 5269 45,
3373 5201 3446 5255 ad
3503 5215 3652 5255 vers.
3707 5201 3782 5254 2:

2145 5299 2172 5326 ‹‹
2209 5281 2444 5341 Domus,
2483 5275 2690 5345 inquit,
2723 5274 2898 5344 regia,
2933 5277 2990 5327 et
3037 5269 3176 5327 urbs
3237 5273 3416 5328 Dibon
3475 5271 3558 5345 ad
3603 5269 3780 5345 idola,

2145 5367 2269 5420 quae
2303 5349 2358 5402 in
2393 5343 2577 5420 editis
2597 5343 2982 5420 positaﬁsunt,
3003 5345 3268 5420 ascendit
3293 5360 3466 5420 super
3513 5343 3696 5420 Nabo,
3731 5347 3786 5397 et

2146 5415 2322 5491 super
2347 5415 3180 5491 Medabainuliileseivitates,
3213 5415 3464 5491 ululabit
3499 5415 3782 5491 universa

2145 5486 2459 5564 provincia.
2501 5493 2558 5544 In
2592 5490 2751 5564 Nubo
2783 5488 2938 5544 enim
2972 5493 3095 5564 erat
3123 5488 3372 5564 Chamos
3401 5486 3625 5564 idolum
3651 5503 3786 5564 c_on-

2147 5557 2460 5626 secratum,
2491 5562 2644 5633 quod
2680 5561 2790 5616 alio
2827 5561 3060 5615 nomine
3087 5561 3454 5633 rapppelatur
3500 5557 3781 5630 Beelphe-

2147 5653 2270 5708 ger.
2301 5660 2320 5688 υ
2367 5632 2598 5690 Videbis
2635 5633 2787 5704 quod
2823 5633 2878 5687 in
2903 5633 3058 5688 hunc
3085 5632 3274 5688 locum
3306 5633 3674 5688 adnotamus.
