3970 6388
198 364 357 431 1469
1153 361 1572 429 EXPOSI'I‘IO
1616 360 2226 427 INTEltLINEARIS
2269 361 2476 427 LIBRI
2520 360 2682 427 JOB.
3452 356 3606 421 1470

271 499 460 575 (Vere.
492 501 608 569 22.)
639 522 668 551 ‹‹
719 501 884 557 Anno
933 500 1120 572 primo
1162 499 1290 572 Cyri
1324 500 1401 571 (a)
1451 497 1604 571 regis
1649 498 1847 554 Persa-
1878 505 1932 572 Α
1963 498 2226 556 dixerat:
2265 501 2389 556 Haec
2454 499 2587 555 dicit
2654 498 2911 553 Dominus
2975 495 3180 552 chrislo
3239 512 3358 551 meo
3425 495 3602 568 Cyro:

201 608 356 657 rum,
389 591 460 647 ad
495 590 850 663 explendum
891 605 1219 646 sermonem
1270 588 1498 644 Domini
1555 605 1728 659 quem
1763 588 1845 644 lo-
1957 606 2114 661 cujus
2152 590 2484 661 apprehendi
2548 605 2775 643 manum
2806 588 2854 659 (1
2880 587 3035 642 Esdr.
3106 588 3165 656 ι).
3202 587 3374 642 Ezras
3413 586 3608 641 scriba

199 685 374 738 cutus
406 679 597 735 fuerat
645 696 743 752 per
791 696 856 734 os
900 677 1187 746 Jeremize,
1232 677 1534 733 suscitavit
1570 678 1849 734 Dominus
1959 679 2010 734 ei
2045 680 2163 734 haec
2191 678 2353 751 legit,
2421 684 2477 733 et
2508 678 2722 732 idcirco
2790 677 2935 731 dixit
2965 676 3075 731 sibi
3107 693 3142 731 a
3206 676 3453 731 Domino
3495 674 3605 731 hoc

202 769 478 843 spiritum
510 768 638 841 Cyri
672 767 824 839 regis
858 768 1185 832 Persarum,
1220 767 1321 837 qui
1345 767 1529 837 jussit
1550 768 1848 838 prcedicari
1962 774 2316 840 praeceptum
2348 769 2420 822 de
2449 767 2679 822 cunctis
2721 766 2959 838 regibus
3008 770 3316 820 terrarum.
3371 763 3437 818 Hi
3485 765 3601 818 duo

202 858 267 915 in
301 858 571 914 universo
602 872 781 929 regno
813 874 939 927 suo,
991 856 1167 912 etiam
1219 873 1319 927 per
1364 855 1727 927 Scripturam
1758 856 1851 910 di-
1964 875 2065 929 per
2092 857 2462 929 prophetiam
2528 860 2839 927 antequam
2910 859 3304 922 nascerentur,
3347 853 3598 925 propriis

201 963 383 1004 cens:
415 948 545 1003 Hac
577 946 919 1018 dicitCyrus
942 963 1039 1001 rex
1061 946 1367 1000 Persarum
1394 963 1405 1001 :
1431 945 1640 999 Omnia
1672 962 1854 1017 regna
1965 946 2305 1001 nominibus
2335 945 2519 1000 vocati
2552 951 2710 1010 sunt,
2746 945 2801 998 id
2835 949 2922 998 est
2950 944 3137 999 Josias
3168 948 3224 997 et
3270 944 3475 1014 Cyrus.
3506 942 3607 997 Jo-

201 1042 371 1093 terra:
402 1037 562 1093 dedit
590 1035 736 1091 mihi
776 1036 1056 1090 Dominus
1086 1035 1239 1089 Deus
1270 1034 1417 1104 cmli,
1450 1039 1506 1089 et
1546 1034 1669 1105 ipse
1706 1051 1852 1105 praa-
1965 1035 2102 1102 sias,
2140 1038 2205 1089 ut
2234 1035 2560 1089 destrueret
2590 1033 2764 1095 idola,
2808 1038 2865 1087 et
2894 1031 3119 1087 cultum
3153 1032 3252 1087 Dei
3280 1035 3601 1087 renovaret.

203 1127 364 1198 cepit
392 1125 536 1181 mihi
594 1129 659 1180 ut
714 1125 1066 1181 zediticarem
1132 1124 1182 1178 ei
1211 1124 1449 1178 domum
1517 1122 1577 1177 in
1610 1124 1851 1179 Jerusa-
1964 1125 2166 1196 Cyrus,
2199 1128 2264 1178 ut
2295 1122 2712 1194 ruinastempli
2744 1122 3096 1177 instauraret
3119 1121 3213 1191 (b).

199 1214 341 1272 lem.
379 1237 401 1264 ι
459 1213 741 1269 Audierat
768 1213 926 1268 enim
993 1204 1358 1284 prophetiam
1428 1211 1608 1282 Isaiae,
1642 1212 1702 1267 in
1737 1229 1853 1283 qua

284 1375 364 1447 (a)
393 1375 538 1430 Tota
568 1373 769 1430 istbaec
791 1372 955 1447 sacri
979 1376 1172 1447 textus
1196 1371 1460 1443 pericope
1484 1377 1706 1447 septem
1742 1374 1858 1428 fere
1966 1372 2058 1426 Sic
2090 1373 2306 1447 habent
2338 1388 2526 1438 meus,
2559 1375 2733 1447 atque
2774 1370 3143 1447 Ambrosiam
3225 1386 3335 1447 ms.
3388 1370 3613 1447 In_meo

204 1441 487 1502 versuum
518 1461 707 1518 usque
739 1444 808 1499 ad
841 1444 1091 1509 verba,et
1122 1441 1237 1518 ipse
1264 1441 1519 1518 praecepit
1550 1441 1714 1518 ini/ei,
1747 1448 1856 1499 etc.
1969 1449 2165 1518 autem
2200 1445 2663 1518 subsequuntur,
2698 1444 2764 1518 in_
2805 1443 3052 1496 Habacuc
3100 1441 3415 1518 prophetam
3451 1441 3613 1518 Quae-

207 1519 272 1574 in
306 1535 435 1573 meo
463 1535 573 1573 ms.
610 1511 757 1571 ‘non
791 1522 898 1582 est,
972 1511 1160 1586 neque
1224 1511 1282 1568 in
1355 1514 1735 1569 Ambrosiam)
1763 1532 1774 1570 :
1806 1519 1862 1569 et
1969 1517 2187 1570 stiones.
2223 1511 2572 1585 Hieronymo
2620 1514 2909 1586 ascriptis.
2967 1511 3215 1583 quarum
3240 1511 3356 1586 hoc
3385 1518 3472 1567 est
3502 1511 3613 1586 ini-

206 1590 417 1646 abesse
447 1588 684 1660 quidem
717 1588 954 1660 rectius,
989 1584 1201 1641 nedum
1227 1587 1449 1657 absque
1481 1586 1862 1657 expositionis
1972 1587 2119 1641 tium
2154 1603 2165 1640 :
2203 1584 2515 1660 Ubicunque
2546 1601 2678 1660 onus
2707 1585 2858 1639 verbi
2880 1584 3614 1660 Domiuiponitur,gravedo

205 1655 484 1717 subnexa}
515 1658 824 1729 dispendio
861 1664 1075 1729 potest.
1358 1655 1370 1657 ἡ
1558 1655 1571 1657 ἡ
1734 1728 1737 1729 ν
1973 1660 2034 1712 in
2089 1658 2401 1729 pmphclirc
2426 1655 2581 1729 λίιιφ
2618 1658 2889 1720 signatur.
2959 1656 3065 1710 Sed
3099 1655 3613 1729 Hieronymianum

284 1734 360 1804 (b)
392 1732 518 1803 (Hic
568 1726 829 1804 addens:
862 1726 1201 1804 'Explzciunt
1250 1730 1584 1797 Quzestiones
1634 1731 1693 1783 in
1723 1728 1864 1785 libro
1975 1726 2197 1804 nomen,
2224 1727 2459 1783 mentiri
2524 1727 2759 1782 illarum
2826 1732 3148 1793 auctorem,
3190 1726 3333 1781 nihil
3365 1731 3454 1782 est
3509 1728 3616 1781 du-

214 1800 632 1869 Ddbi'eLJamin,
661 1800 913 1867 Vallars,
934 1800 1231 1857 submittit
1253 1805 1451 1855 notam
1477 1804 1864 1871 sequentem.)
1979 1801 2164 1856 bium.

205 2100 2320 2138 —I—_—————,31——'__—___—_—-

209 2130 2315 2157 Ψ

1503 2378 2326 2478 ADMONITIO

999 2645 1068 2700 IN
1104 2644 1666 2709 SUBSEQUENTEM
1689 2640 2213 2698 EXPOSITIONEM
2246 2636 2828 2693 lN'l‘ERLlNEAREM

1558 2870 1738 2995 IN
1863 2860 2278 2997 JOB.

290 3380 497 3438 Nullos
525 3380 585 3436 in
616 3380 829 3437 Jobum
865 3380 1328 3437 Commentarios
1358 3381 1747 3454 Hieronymus
1778 3380 1971 3437 cudit:
2007 3382 2117 3437 nisi
2153 3381 2201 3439 si
2233 3382 2380 3438 forte
2419 3398 2553 3438 cum
2587 3383 2921 3452 Quaestiones
2975 3382 3265 3439 Hebraicas
3310 3382 3367 3437 in
3397 3380 3632 3437 univer-

208 3489 347 3530 sam
380 3471 741 3543 Scripturam
774 3471 1177 3536 meditaretur,
1209 3488 1354 3543 quas
1388 3476 1606 3540 tamen,
1641 3472 1895 3542 exceptis
1927 3489 2053 3544 qua:
2086 3472 2141 3527 in
2175 3473 2445 3529 Genesim
2479 3478 2636 3540 sunt,
2670 3478 2893 3549 mutato
2934 3473 3199 3540 consilio,
3243 3475 3344 3529 aut
3394 3470 3626 3544 penitus

209 3559 557 3632 dereliquit,
591 3563 693 3616 aut
717 3559 873 3616 intra
904 3560 1254 3616 domesticos
1289 3560 1538 3632 parietes
1576 3561 1759 3634 perire
1790 3561 2020 3630 maluit,
2056 3562 2115 3617 in
2162 3562 2374 3619 Jobum
2401 3579 2633 3636 quoque
2679 3563 2812 3618 licia
2845 3555 3111 3635 quaedam
3157 3579 3223 3618 ac
3264 3559 3634 3633 subtegmina

204 3650 468 3708 texendo
499 3648 661 3722 operi
690 3648 1052 3721 praeparavit.
1085 3653 1206 3705 Hoc
1239 3656 1429 3707 ratum
1463 3655 1803 3724 certumque
1836 3657 1897 3707 ut
1926 3653 2021 3724 sit,
2055 3651 2243 3724 longis
2275 3654 2333 3708 in
2364 3658 2675 3726 utramque
2699 3657 2921 3725 partem
2944 3651 3441 3724 disputationibus
3461 3666 3627 3704 exsu-

222 3741 355 3797 lare
373 3738 586 3810 jussis,
618 3755 737 3793 una
765 3737 886 3793 haec
916 3738 1155 3793 demum
1189 3755 1365 3796 causa
1396 3740 1718 3813 praevaleat.
1752 3742 2065 3814 Nunquam
2120 3742 2407 3814 ejusmodi
2441 3742 2850 3798 Commentarii
2885 3745 2985 3796 aut
3037 3740 3302 3795 meminit
3353 3740 3630 3811 Hierony-

210 3845 361 3886 mus
389 3828 563 3884 verbo
592 3830 785 3894 tenus,
819 3831 920 3882 aut
950 3844 1101 3899 pone
1132 3834 1463 3884 secutorum
1498 3834 1824 3902 temporum
1858 3831 2191 3887 testimonia
2223 3848 2423 3886 eorum
2459 3832 2557 3903 qui
2588 3829 2850 3901 legerint,
2894 3834 2993 3884 aut
3040 3828 3290 3885 viderint
3319 3836 3633 3886 occurrunt

203 3918 366 3985 ulla,
398 3916 448 3972 si
478 3916 692 3972 Bedam
725 3915 1016 3988 excipias:
1053 3921 1154 3972 aut
1184 3918 1436 3990 denique
1466 3918 1793 3991 fragmenta
1859 3917 1979 3974 ulla
2009 3923 2109 3974 aut
2141 3918 2395 3990 reliquiae
2463 3922 2800 3989 supersunt,
2835 3934 2961 3988 quae
2990 3917 3190 3989 γνήσια
3256 3916 3377 3972 sint
3406 3934 3471 3973 ac
3503 3935 3632 3975 vere

201 4005 694 4079 Hieronymiana.
727 4005 955 4061 Criticis
975 4008 1167 4061 autem
1201 4007 1395 4079 magni
1422 4008 1676 4063 nominis
1698 4007 1979 4080 imposuit
2001 4008 2267 4064 falsaloci
2289 4008 2595 4078 cujusdam
2618 4007 3183 4062 Commentariorum
3206 4006 3264 4062 S.
3285 4006 3548 4063 Doctoris
3571 4007 3629 4061 in

204 4094 417 4154 Amosi
451 4112 578 4167 cap.
612 4111 646 4149 v
673 4093 866 4162 lectio,
902 4111 1030 4166 quae
1062 4095 1284 4149 dudum
1318 4096 1552 4164 ferebat,
1586 4096 1767 4152 Nahas
1799 4099 1854 4151 in
1885 4098 1979 4153 Job
2002 4099 2313 4169 appellatur
2333 4097 2635 4152 chialhan
2654 4097 2716 4151 de
2736 4098 3130 4168 rujusnatura,
3152 4099 3203 4150 et
3225 4105 3432 4152 terrore
3452 4098 3635 4153 mulli-

198 4185 360 4259 plici
382 4184 600 4256 plenius
630 4185 745 4254 ipso
776 4184 1054 4238 volumine
1081 4183 1347 4251 diximus,
1373 4200 1506 4239 cum
1533 4184 1766 4257 penitus
1787 4185 2014 4241 diverso
2042 4203 2241 4252 sensu,
2264 4186 2522 4242 discimus
2544 4186 2841 4258 scripserit
2866 4185 2945 4240 ibi
2966 4186 3022 4240 S.
3049 4186 3216 4241 Pater
3237 4203 3338 4257 pro
3368 4186 3632 4259 diximus,

201 4272 725 4347 quemadmodum
759 4276 813 4327 et
845 4272 1220 4327 Martianaeus
1250 4289 1277 4328 e
1309 4274 1539 4329 duobus
1570 4290 1712 4329 mss.
1749 4275 2021 4342 restituit,
2056 4279 2113 4330 et
2142 4293 2248 4331 nos
2278 4293 2307 4331 e
2339 4274 2604 4346 pluribus
2634 4273 2785 4340 aliis,
2836 4279 3009 4346 atque
3056 4275 3126 4331 iis
3176 4291 3314 4330 sane
3343 4276 3634 4347 antiquis-

201 4360 416 4426 simis,
449 4376 565 4416 uno
595 4360 653 4415 S.
686 4360 886 4416 Crucis
918 4360 980 4415 in
1009 4360 1335 4418 Jerusalem
1367 4362 1438 4418 de
1467 4361 1618 4417 Urbe
1648 4363 1800 4417 circa
1831 4380 2050 4419 annum
2082 4364 2665 4437 septingentesimum
2699 4364 2933 4436 scripto,
2967 4364 3199 4419 duobus
3232 4363 3637 4420 Palatino-Va-

197 4449 433 4508 ticanis
461 4448 636 4522 paulo
668 4450 957 4522 sequioris
989 4450 1290 4523 temporis,
1323 4456 1496 4524 atque
1525 4451 1678 4519 aliis,
1724 4469 1868 4524 quos
1899 4452 1967 4508 ad
2002 4469 2136 4508 eum
2184 4452 2379 4508 locum
2426 4453 2819 4517 laudabimus,
2866 4469 2968 4525 pro
3016 4458 3169 4508 certe
3217 4452 3536 4507 asserimus
3579 4457 3637 4508 et

202 4538 671 4598 conﬁrmamus.
715 4539 1044 4595 Germanus
1075 4540 1182 4595 loci
1214 4542 1341 4613 ejus
1372 4559 1580 4598 sensus
1611 4542 1705 4596 hic
1736 4546 1859 4598 est:
1891 4560 1960 4597 ex
1989 4542 2116 4614 ipso
2147 4542 2278 4599 Jobi
2307 4542 2621 4611 volumine,
2666 4542 2771 4597 hoc
2818 4547 2903 4596 est
2953 4541 3138 4613 capite
3185 4540 3635 4612 quadragesimo

200 4632 274 4686 et:
307 4628 599 4700 sequenti,
631 4645 805 4702 posse
835 4645 942 4685 nos
975 4630 1045 4684 de
1076 4634 1283 4686 natura
1312 4635 1647 4704 terroreque
1691 4630 1998 4703 multiplici
2051 4632 2364 4687 Leviathan
2414 4649 2480 4688 ac
2529 4631 2799 4688 Beemoth
2849 4630 3078 4702 plenius
3120 4628 3339 4701 aliquid
3391 4629 3633 4696 discere,

198 4715 469 4775 minime
492 4734 626 4773 vero
657 4717 903 4785 editum,
938 4719 1057 4775 sive
1089 4718 1495 4776 elucubratum
1531 4721 1634 4777 abs
1665 4721 2012 4793 Hieronymo
2042 4720 2101 4774 in
2130 4721 2236 4776 Job
2267 4720 2784 4777 Commentariun].

286 4806 426 4862 Haec
454 4822 587 4861 cum
620 4807 702 4863 ita
731 4824 792 4863 se
822 4807 1103 4880 habeant,
1135 4827 1320 4866 unum
1354 4810 1644 4883 reliquum
1677 4816 1786 4882 est,
1820 4811 1890 4866 de
1923 4827 2124 4867 eorum
2176 4811 2276 4883 qui
2327 4812 2437 4867 sub
2484 4810 2819 4882 Hieronymi
2872 4809 3107 4864 nomine
3154 4807 3640 4863 circumferentur

194 4894 790 4954 Commentariorum
824 4897 882 4953 in
916 4914 1049 4953 eum
1082 4897 1298 4955 librum
1330 4904 1564 4956 auctore
1596 4899 1948 4972 perquirere.
1979 4902 2102 4966 Qua
2132 4900 2191 4955 in
2223 4916 2283 4956 re
2315 4899 2457 4955 illud
2489 4915 2619 4954 cum
2654 4898 2860 4970 primis
2904 4903 2991 4953 est
3033 4895 3634 4966 animadvertendum,

192 4982 517 5058 ejusmodi
549 4984 740 5057 operis
773 4990 1024 5058 quatuor
1050 4990 1473 5061 propemodum
1525 5007 1671 5057 esse,
1708 4994 1772 5044 ut
1835 5005 1939 5063 ego
1972 4990 2205 5063 quidem
2275 4989 2497 5062 opinor,
2533 4988 2708 5043 unius
2775 4986 3108 5059 scriptionis
3174 4982 3542 5056 exemplaria,
3577 4988 3641 5040 ut

191 5072 398 5146 vulgo
431 5076 625 5129 autem
659 5075 1020 5143 existimant,
1052 5077 1279 5134 diversa
1310 5083 1698 5152 syntagmata.
1732 5079 2018 5147 Primum,
2051 5081 2204 5151 quod
2240 5078 2823 5151 llieronymianorum
2858 5077 3107 5147 Operum
3143 5079 3433 5148 postremo
3481 5078 3638 5130 torno

193 5164 380 5220 inter
407 5161 662 5220 ascititia
693 5171 1030 5222 recensetur
1059 5167 1206 5240 (suis
1232 5169 1389 5225 enim
1422 5171 1885 5243 unumquodque
1916 5170 2070 5226 notis
2115 5170 2420 5242 designare
2471 5171 2740 5241 oportet),
2770 5172 3025 5223 Joannes
3071 5164 3387 5221 Sichardus
3435 5180 3466 5219 e
3505 5163 3637 5225 Fui-

196 5249 396 5309 densi
426 5250 783 5310 bibliotheca
812 5255 984 5322 eruit,
1015 5257 1388 5331 vulgavitque
1418 5259 1669 5315 Basilaeze
1702 5278 1796 5315 an.
1824 5262 1981 5326 1527,
2016 5258 2277 5329 illudque
2326 5256 2571 5329 Pilippo,
2605 5257 2703 5327 qui
2759 5258 2815 5312 S.
2866 5254 3197 5326 Hieronymi
3251 5252 3501 5325 insignis
3533 5269 3637 5309 au-

191 5339 380 5398 ditor
410 5338 541 5404 fuit,
574 5358 682 5398 nec
714 5342 884 5416 plene
914 5344 1231 5416 immerito,
1266 5349 1596 5414 ascribitur,
1629 5351 1858 5404 tametsi
1895 5349 2099 5404 alienis
2132 5348 2422 5403 interdum
2459 5347 2829 5418 glossematis
2878 5342 3212 5415 interpolari
3262 5343 3637 5413 perspicuum

182 5430 307 5487 sit.
347 5426 635 5486 Alterum.
671 5432 720 5486 si
754 5434 924 5488 modo
957 5452 988 5489 a
1024 5436 1213 5507 priore
1247 5455 1431 5509 usque
1462 5440 1606 5493 adeo
1639 5438 1931 5494 diversum
1966 5443 2074 5505 est,
2113 5438 2167 5490 in
2205 5438 2368 5491 Berlze
2401 5436 2652 5508 Operum
2687 5433 3029 5488 collectione
3072 5436 3227 5486 torno
3260 5430 3330 5485 IV
3348 5431 3642 5486 invenitur

188 5514 491 5575 Nectario
524 5518 782 5588 cuidam,
819 5527 918 5577 aut
950 5524 1229 5592 Vecterio,
1262 5526 1380 5580 sive
1411 5526 1628 5591 abbati,
1663 5525 1781 5583 sive
1823 5526 2094 5598 episcopo
2146 5526 2513 5597 inscriptum,
2565 5524 2795 5578 auctius
2826 5521 3185 5588 Ili-relatione,
3225 5519 3639 5591 nonnullisque

195 5606 271 5663 in
316 5601 447 5675 ipso
481 5623 653 5677 opere
695 5626 763 5666 ex
819 5611 983 5667 Bedes
1014 5612 1248 5683 ingenio
1280 5617 1660 5671 assumentis.
1694 5616 1952 5671 Tertium
1986 5615 2384 5671 Martianaeum
2416 5613 2801 5687 appellamus,
2835 5617 3039 5683 estque
3058 5611 3179 5667 haec
3212 5611 3339 5683 ipsa
3360 5628 3485 5681 quae
3508 5610 3641 5664 sub-

188 5691 503 5759 nectitur,
536 5695 915 5757 Interlinearis
942 5703 1244 5771 Expositio,
1279 5720 1455 5775 quam
1492 5705 1750 5777 primum
1782 5705 1880 5762 ille
1910 5721 1941 5761 e
1976 5703 2307 5762 Corbeiensi
2342 5704 2594 5775 quodam
2627 5718 2739 5757 ms.
2776 5698 2958 5757 edidit
3005 5704 3063 5757 et
3110 5699 3344 5758 laudato
3375 5695 3639 5769 Philippo
