3970 6420
428 362 577 437 tm
1915 374 2169 439 sprae
2183 373 2330 440 DIX.
3510 356 3519 359 ’
3668 386 3828 452 im

425 508 780 577 S.£Doctoris
813 508 993 564 nostri
1023 506 1311 581 discipulo
1341 512 1638 581 acceptam
1667 506 1990 565 certissime
2020 511 2194 566 refert
2218 526 2285 566 ex
2319 526 2385 567 eo
2435 512 2591 584 quod
2639 511 2916 573 librarius
2971 517 3156 575 codici
3197 518 3443 578 attexuit
3471 520 3821 596 bujusmodi

422 600 793 655 testimonio:
828 601 955 655 Haec
986 600 1359 670 interpretatio
1403 601 1659 671 excerpta
1688 608 1765 654 est
1800 598 1865 653 de
1894 600 2240 669 Expositione
2285 600 2554 673 Philippi.
2605 603 2887 669 Quartum
2935 607 3189 681 denique
3238 614 3329 665 est
3358 610 3823 668 Meibomianum

424 689 494 744 de
527 690 760 744 nomine
793 688 969 744 Marci
1001 689 1312 756 Meibomii,
1345 690 1403 744 in
1436 689 1604 759 cujus
1634 687 1989 743 bibliotheca
2036 690 2300 745 exstabat
2352 693 2602 763 Trajecti
2654 694 3022 769 Batavorum,
3074 700 3229 770 quod
3279 699 3376 757 ille
3417 718 3520 774 pro
3566 700 3824 775 genuino

426 778 755 849 Hieronymi
785 778 899 832 fetu
931 778 1287 847 venditabat,
1320 783 1377 833 et
1398 778 1739 850 priusquam
1769 778 2063 848 specimen
2087 795 2154 833 ex
2204 797 2270 834 eo
2324 780 2380 835 in
2435 780 2644 853 vulgus
2688 786 2963 855 prodiret,
3018 804 3117 858 pro
3167 805 3445 861 germano
3474 790 3822 846 habebatur.

495 866 774 931 Diximus,
810 884 921 921 non
956 868 1075 921 haec
1105 867 1284 922 videri
1318 867 1489 922 nobis
1519 866 1810 922 variorum
1843 870 2149 921 auctorum
2183 867 2569 940 ὑπομνήματα,
2622 874 2720 927 sed
2772 890 2839 929 ex
2888 892 3004 931 uno
3053 893 3224 948 opere
3262 878 3421 933 varia
3448 878 3822 935 consarcina-

417 960 609 1011 torum
642 964 929 1029 excerpta,
961 958 1060 1028 qui
1094 974 1196 1028 pro
1229 956 1411 1012 lubito
1443 961 1545 1011 aut
1575 955 1761 1011 fusius
1792 956 2084 1027 descripta
2116 958 2499 1021 imminuunt,
2532 964 2636 1015 aut
2665 977 2793 1032 quas
2839 964 3032 1019 sobrie
3074 964 3233 1021 dicta
3285 965 3648 1031 videbantur,
3680 983 3822 1023 am-

416 1044 697 1117 pliﬁcant.
732 1046 811 1101 De
841 1048 1072 1101 duobus
1104 1064 1227 1117 quae
1252 1046 1437 1118 primo
1471 1047 1591 1101 loco
1624 1045 2023 1111 nominamus,
2056 1045 2199 1101 nihil
2233 1053 2323 1102 est
2347 1048 2615 1119 dubium,
2649 1050 2699 1105 si
2730 1051 2977 1107 invicem
3010 1054 3277 1110 conferas
3302 1073 3315 1110 :
3340 1054 3578 1110 totidem
3603 1071 3820 1126 nempe

416 1135 633 1190 nedum
667 1136 988 1197 sententiae,
1015 1137 1113 1191 sed
1150 1137 1263 1190 fere
1294 1140 1432 1190 sunt
1458 1134 1516 1189 in
1550 1140 1797 1205 utroque
1828 1136 2042 1201 verba;
2075 1153 2107 1189 a
2137 1136 2325 1207 capite
2377 1142 2572 1193 autem
2624 1157 2732 1195 xxx
2784 1141 2856 1196 ad
2904 1142 3078 1198 tinem
3125 1160 3308 1213 usque
3358 1144 3557 1199 eadem
3591 1142 3816 1200 utrobi-

413 1240 527 1296 que
560 1227 617 1278 et
647 1225 839 1288 verba,
877 1240 945 1278 ne
978 1224 1248 1279 coronide
1281 1225 1517 1296 quidem
1551 1225 1762 1294 operis,
1798 1229 1862 1278 ut
1887 1222 2157 1279 Valesius
2188 1225 2286 1294 ait,
2322 1228 2731 1297 praetermissa.
2765 1228 2925 1292 Quod
2980 1230 3025 1285 si
3080 1230 3365 1302 ampliora
3409 1231 3699 1287 interdum
3750 1231 3814 1287 in

413 1312 595 1368 altero
627 1320 940 1369 occurrunt
970 1319 1333 1378 assumcnta,
1366 1314 1474 1367 hoc
1507 1314 1783 1367 nimirum
1821 1313 1985 1367 Bedre
2016 1313 2252 1382 ingenio
2286 1314 2547 1369 dandum
2586 1321 2695 1382 est,
2728 1317 2822 1371 cui
2854 1318 3040 1374 multa
3067 1320 3449 1375 vetustiorum
3480 1320 3711 1393 scriptis
3741 1320 3816 1376 de

411 1420 517 1459 suo
545 1407 795 1458 attexere
828 1402 1087 1459 solemne
1119 1404 1264 1458 fuit:
1301 1403 1637 1473 falliturque
1667 1403 1809 1456 adeo
1843 1401 2146 1474 splendide
2178 1402 2495 1469 Victorius,
2527 1403 2625 1474 qui
2661 1405 2815 1475 quod
2849 1405 3120 1478 Philippo
3150 1407 3449 1479 tribuitur,
3484 1408 3642 1463 Bedze
3682 1425 3811 1464 ma-

409 1490 520 1545 luit
548 1492 1040 1564 ascribere,atque
1072 1509 1102 1547 o
1132 1509 1429 1559 converso,
1470 1492 1620 1563 quod
1652 1491 1805 1545 Beda
1833 1490 2274 1556 consarcinavit,
2316 1490 2582 1563 Philippo
2610 1492 2832 1548 tribuit.
2887 1495 3146 1551 Tertium
3198 1495 3342 1568 ipsa,
3396 1513 3524 1568 quas
3556 1496 3808 1569 apponi-

408 1583 504 1635 tur
533 1580 776 1635 studiosi
811 1587 970 1644 nota,
1004 1582 1052 1636 si
1084 1586 1288 1637 cietera
1318 1582 1588 1636 deessent
1615 1584 1982 1653 argumenta,
2037 1596 2066 1634 e
2097 1579 2349 1650 Philippi
2403 1581 2843 1637 commentariis
2874 1582 3123 1638 derivari
3189 1584 3519 1656 persuadet.
3553 1583 3709 1640 Idem
3743 1584 3807 1641 in

405 1668 623 1732 Quarto
656 1671 1110 1742 deprehendisse
1135 1672 1278 1725 mihi
1311 1672 1471 1725 visus
1504 1687 1658 1739 sum,
1692 1670 1926 1724 tametsi
1960 1673 2145 1724 totum
2179 1670 2235 1722 in
2270 1685 2335 1724 eo
2369 1669 2540 1724 fuerit
2575 1672 3062 1727 consarcinatoris
3093 1673 3221 1743 ejus
3251 1673 3531 1729 studium.
3559 1680 3641 1740 ut,
3674 1690 3807 1729 mu-

402 1756 542 1813 tatis
573 1757 879 1830 paululum
910 1760 1121 1825 verbis,
1154 1759 1379 1821 lateret,
1413 1759 1820 1821 Heumantius,
1855 1758 1952 1829 qui
1988 1758 2045 1812 in
2078 1758 2232 1812 Actis
2265 1758 2556 1814 Eruditor.
2593 1759 2902 1830 Lipsiens.,
2937 1778 3089 1816 anno
3124 1761 3256 1817 17H
3310 1766 3573 1835 excerpta
3619 1777 3689 1817 ex
3738 1780 3807 1819 eo

404 1847 671 1916 quaedam
702 1847 976 1919 vulgavit,
1010 1848 1311 1920 ingenium
1340 1847 1399 1902 in
1433 1864 1498 1902 eo
1532 1848 1752 1903 Rabani
1786 1846 1970 1901 Mauri
2004 1846 2114 1900 sibi
2148 1845 2307 1901 visus
2340 1850 2428 1901 est
2479 1846 2953 1920 deprehendisse,
2987 1853 3045 1903 et
3101 1864 3236 1905 cum
3297 1850 3505 1921 primis
3553 1848 3684 1922 styli
3738 1867 3806 1906 ac

405 1936 662 1991 methodi
696 1953 988 1991 summam
1025 1937 1507 2001 convenientiam,
1543 1936 1693 2007 quod
1730 1935 1932 1989 multis
1967 1935 2022 1988 in
2059 1935 2249 1989 medio
2274 1935 2545 1991 adductis
2570 1935 2712 1990 locis
2735 1943 2981 1992 conatur
3001 1938 3325 1994 ostendere.
3348 1939 3585 1995 Minime
3605 1943 3803 1995 autem

401 2023 527 2096 ipse
558 2026 841 2080 difﬁtetur
870 2025 1202 2097 scriptionis
1232 2025 1569 2092 exilitatem,
1603 2030 1666 2079 ut
1701 2042 1811 2078 non
1849 2040 2198 2095 magnOpere
2229 2024 2299 2078 de
2332 2024 2554 2096 Repub.
2618 2023 2904 2081 litteraria
2935 2027 3278 2082 meriturum
3312 2044 3443 2083 eum
3498 2028 3616 2083 fore
3646 2028 3803 2083 dicat

402 2113 502 2184 qui
537 2113 699 2169 illam
730 2115 788 2169 in
821 2114 1005 2169 lucem
1041 2116 1323 2186 producat
1377 2114 1684 2184 integram,
1722 2113 1949 2185 plenam
2008 2113 2223 2185 quippe
2254 2112 2525 2179 indoctis,
2558 2119 2613 2169 et
2642 2114 2905 2171 ridiculis
2957 2116 3132 2171 etiam
3178 2116 3798 2188 interpretationibus:

400 2202 734 2274 rectiusque
764 2203 948 2258 multo
981 2204 1268 2258 facturum
1302 2203 1455 2274 quod
1490 2208 1546 2255 et
1576 2202 1744 2256 nobis
1776 2201 2015 2273 placuit,
2049 2202 2147 2271 qui
2175 2218 2242 2257 ex
2266 2201 2364 2257 illo
2402 2204 2791 2275 sterquilinio,
2825 2206 2978 2277 quod
3014 2204 3157 2261 utile
3202 2204 3515 2276 videretur,
3558 2206 3799 2281 collige-

398 2295 504 2361 ret,
539 2309 603 2347 ac
629 2309 892 2347 seorsum
926 2293 1139 2359 ederet,
1172 2292 1225 2346 id
1264 2293 1417 2363 quod
1453 2309 1569 2346 una
1598 2290 1685 2346 vel
1717 2290 1898 2346 altera
1930 2289 2155 2362 pagella
2184 2291 2597 2363 comprehendi
2632 2293 2839 2364 potuit.

466 2408 572 2463 Sed
606 2413 745 2464 sunt
775 2415 1054 2481 praeterea
1087 2410 1202 2464 duo
1261 2426 1402 2464 mss.
1438 2409 1683 2473 codices,
1741 2408 1837 2479 qui
1877 2406 2305 2480 ilieronymi'ani
2367 2408 2624 2464 nominis
2656 2411 3096 2483 praerogativam
3129 2411 3240 2467 sibi
3294 2411 3616 2483 vendicent,
3648 2429 3796 2485 quos

406 2500 600 2553 tamen
634 2504 832 2569 utpote
865 2499 1008 2553 nihil
1045 2500 1194 2554 inter
1215 2516 1273 2553 se
1326 2498 1607 2566 diversos,
1628 2488 1723 2553 isic
1750 2514 1930 2552 unum
1990 2497 2264 2569 idemque
2291 2514 2423 2552 cum
2481 2497 2867 2554 Meibomiano
2898 2516 3025 2555 esse
3082 2498 3496 2555 contenderim.
3532 2499 3793 2557 Alterum

402 2585 824 2654 Romanurum,
850 2586 1095 2644 alterum
1124 2588 1543 2642 Duboisianum
1571 2585 1867 2657 exemplar
1884 2602 2046 2652 voco,
2073 2587 2227 2658 quod
2259 2586 2315 2639 in
2342 2585 2752 2642 bibliothecam
2780 2588 3253 2643 Duboisianama
3272 2586 3342 2643 cl.
3368 2588 3648 2661 Bignonio
3672 2588 3794 2646 illa-

392 2677 518 2730 tum
557 2678 726 2731 annis
758 2677 967 2732 abbinc
999 2678 1178 2733 ferme
1208 2678 1406 2732 decem
1438 2677 1592 2746 Haja:
1625 2676 1968 2731 distractum
2004 2676 2270 2730 auctione
2311 2679 2417 2730 cst.
2471 2676 2608 2745 Ejus
2653 2676 3071 2748 praestantiam,
3124 2682 3188 2732 ut
3235 2676 3638 2747 licitatoribus,
3666 2678 3790 2750 opi-

392 2779 518 2830 nor,
551 2767 1047 2834 commcndarcnt,
1081 2766 1177 2838 qui
1211 2765 1551 2837 Catalogum
1581 2766 1924 2830 instruxere,
1959 2765 2212 2819 rationes
2246 2764 2325 2819 ibi
2359 2766 2646 2835 quasdam
2700 2766 3007 2832 adnetunt,
3043 2766 3409 2838 quibusjure
3440 2766 3616 2821 tribui
3643 2766 3786 2822 illud

391 2872 540 2927 opus
572 2854 918 2927 Hieronymo
952 2873 1123 2927 posse
1147 2856 1363 2911 dicant.
1399 2856 1546 2910 Sunt
1576 2872 1708 2910 vero
1738 2853 1850 2909 illa;
1873 2872 1939 2909 ex
1970 2854 2155 2925 ipsius
2189 2853 2546 2908 continentia
2603 2853 2734 2909 libri
2766 2854 2980 2927 petitae,
3010 2859 3075 2910 ut
3130 2853 3395 2927 quamvis
3425 2871 3558 2910 cum
3599 2854 3786 2912 oculis

391 2961 677 3016 usurpare
712 2962 825 3000 non
858 2944 1106 3010 licuerit,
1139 2944 1343 3000 exinde
1373 2948 1567 2999 tamen
1600 2944 1774 2999 certis
1801 2944 1969 3014 quasi
2003 2942 2155 2998 notis
2186 2941 2481 3014 colligeret
2513 2942 2699 3010 liccat,
2762 2945 3031 2999 eumdem
3066 2943 3236 3016 plane
3283 2960 3409 2999 esse
3438 2960 3571 2999 cum
3602 2944 3782 3001 altero

388 3031 509 3088 sive
544 3034 824 3100 Romano,
858 3050 1026 3104 quem
1062 3033 1254 3088 Romae
1286 3032 1564 3087 arbitratu
1599 3048 1725 3087 meo
1758 3031 2041 3102 inspicere
2072 3048 2137 3086 ac
2165 3031 2527 3102 pervolutare
2561 3033 2913 3103 permissum
2936 3038 3042 3088 est.
3067 3032 3669 3105 Delineandusitaque
3695 3039 3784 3089 est

385 3122 589 3193 paucis
621 3122 917 3177 Romanus
950 3123 1055 3177 iste
1089 3140 1198 3177 ms.
1236 3122 1382 3177 liber
1411 3139 1585 3193 quem
1618 3120 2055 3193 perhumaniter
2084 3121 2250 3174 nobis
2282 3120 2582 3175 obtulitcl.
2604 3121 2894 3176 Vaticana:
2915 3120 3278 3177 Bibliotheca:
3298 3126 3493 3177 custos
3513 3124 3779 3178 Assema-

386 3211 521 3267 nius
546 3228 558 3266 :
594 3215 659 3267 ut
687 3212 901 3283 quibus
932 3212 1294 3285 argumentis
1327 3229 1427 3266 seu
1450 3210 1642 3265 verius
1668 3209 1812 3265 fucis
1836 3210 1955 3264 haec
1978 3209 2087 3263 sibi
2111 3208 2395 3264 hactenus
2417 3209 2883 3281 comparaverint
2903 3210 3270 3283 dignitatem,
3297 3210 3354 3266 in
3380 3209 3587 3284 vulgus
3614 3212 3781 3283 prod-

383 3304 495 3355 eat.
530 3302 627 3355 Est
669 3300 816 3356 liber
844 3301 951 3357 iste
1011 3301 1266 3373 quadrae,
1301 3317 1476 3371 quam
1537 3303 1765 3363 vocant,
1804 3299 2020 3367 formis,
2080 3296 2233 3351 foliis
2263 3311 2331 3351 ex
2385 3298 2649 3352 membra
2678 3302 3019 3370 compactus
3075 3298 3304 3354 circiter
3335 3298 3459 3368 430,
3518 3302 3574 3354 et
3603 3299 3774 3355 credo

378 3389 650 3461 equidem
682 3407 899 3462 paucos
929 3395 1061 3446 ante
1092 3391 1389 3446 inventam
1421 3386 1923 3460 TypOgraphicam
1955 3391 2140 3441 artem
2172 3402 2358 3441 annos
2387 3392 2678 3454 exaratos,
2710 3388 2865 3459 quod
2912 3388 3263 3461 subelegans
3294 3388 3619 3444 litterarum
3642 3405 3778 3444 con-

380 3478 651 3535 formatio
681 3479 956 3534 ostendit.
991 3478 1158 3533 Initia
1192 3478 1440 3550 priorem
1472 3475 1805 3548 Hieronymi
1838 3474 2236 3529 Praefationem
2268 3474 2327 3528 in
2360 3474 2597 3541 Jobum,
2631 3490 2699 3529 ex
2730 3474 3009 3531 Hebraica
3039 3476 3276 3531 veritate
3307 3475 3774 3548 interpretatum,

379 3567 657 3625 describit
685 3585 719 3623 a
749 3568 956 3639 primis
987 3567 1196 3633 verbis,
1235 3569 1402 3638 Cogor
1426 3582 1524 3638 per
1551 3566 1798 3633 singulos
1826 3565 2031 3619 divime
2062 3564 2357 3635 Scriptura:
2417 3563 2582 3618 libros
2613 3562 3060 3619 adversariorum
3118 3563 3449 3633 respondere
3473 3564 3776 3619 maledictis

377 3658 447 3714 ad
508 3657 629 3713 ha=c
663 3674 885 3730 usque:
945 3659 1123 3727 Eligat
1152 3658 1516 3727 unusquismte
1572 3654 1711 3725 quod
1742 3654 1855 3708 vult
1909 3658 1960 3707 et
1988 3652 2289 3707 studiosum
2342 3668 2429 3708 me
2455 3654 2633 3721 magis
2689 3670 2857 3724 quam
2910 3653 3235 3709 malivolum
3262 3653 3470 3724 probet.
3502 3651 3603 3708 His
3629 3657 3771 3708 atte-

374 3747 458 3801 xit
486 3747 763 3802 continua
814 3748 961 3803 serie
992 3746 1165 3802 aliam
1214 3764 1281 3801 ex
1310 3745 1532 3815 integro
1568 3742 1897 3814 Hieronymi
1930 3741 2333 3796 Praefationem
2370 3741 2427 3795 in
2459 3743 2730 3797 eumdem
2760 3742 2891 3798 Jobi
2922 3740 3139 3798 librum
3163 3741 3637 3815 exSeptuaginta,
3670 3741 3772 3797 ad-

373 3834 513 3891 ditis
570 3835 773 3903 obelis,
833 3840 888 3891 et
946 3834 1260 3899 asterisc'rs,
1322 3849 1357 3887 a
1412 3848 1472 3886 se
1532 3830 1907 3885 restitutum:
1964 3828 2023 3882 Si
2051 3837 2235 3885 autem
2262 3829 2526 3898 ﬁscellam
2569 3831 2728 3895 iunco
2760 3839 3015 3894 tacerem,
3050 3830 3123 3885 ad
3155 3832 3329 3886 tinem
3362 3845 3565 3901 usque,
3598 3832 3771 3898 magis

371 3926 510 3981 utile
537 3926 672 3996 quid
698 3942 766 3981 ea:
794 3928 902 3981 otio
936 3941 1053 3979 meo
1087 3924 1290 3979 Christi
1318 3922 1569 3978 Ecclesiis
1599 3924 1917 3975 eventurum
1946 3927 2118 3986 ratus,
2150 3936 2314 3990 quam
2342 3936 2411 3973 ac
2440 3920 2679 3975 aliorum
2709 3921 2942 3989 negotio.
2979 3920 3059 3974 Ex
3088 3919 3360 3992 genuinis
3414 3919 3610 3991 itaque
3639 3918 3768 3974 Hie-

372 4014 596 4087 ronymi
632 4016 1077 4080 I’refationibus,
1113 4030 1238 4085 quze
1272 4012 1398 4065 dum
1422 4016 1561 4065 sunt
1601 4010 1657 4063 in
1687 4009 1814 4064 Jobi
1848 4008 2040 4080 ipsum
2075 4008 2311 4075 librum,
2338 4026 2449 4062 non
2477 4008 2638 4063 illum
2660 4010 2900 4079 quidem
2923 4007 3352 4064 Commentario
3382 4006 3768 4074 illustratum,

371 4106 706 4183 cujusmodi
747 4103 975 4160 nullum
1006 4120 1135 4159 esse
1164 4100 1440 4167 diximus,
1476 4100 1571 4154 sed
1608 4098 1865 4171 primum
1898 4116 1965 4152 ex
1995 4098 2277 4153 Hebraica
2308 4097 2546 4152 veritate
2600 4114 2966 4165 conversum,
3000 4101 3127 4153 tum
3159 4097 3229 4152 ad
3282 4098 3545 4153 Griecum
3578 4111 3766 4152 exem-

369 4200 500 4273 plar
528 4198 925 4261 emendatum,
958 4194 1234 4265 pleraque
1264 4189 1460 4245 omnia
1495 4188 1931 4243 consarcinator
1988 4186 2301 4257 descripsit
2360 4186 2601 4241 totidem
2632 4186 2845 4253 verbis,
2880 4202 3169 4257 suamque
3215 4185 3273 4240 in
3305 4201 3429 4241 rem
3454 4183 3768 4242 transtulit.

369 4290 512 4345 Eam
531 4288 663 4343 dem
700 4286 870 4358 plane
903 4298 1032 4338 esse
1061 4280 1277 4335 codicis
1329 4276 1669 4334 Duboisiani
1709 4277 1968 4331 l'randem
2000 4274 2373 4347 perspicuum
2432 4279 2538 4329 est.
2599 4273 2743 4329 Nam
2776 4274 2873 4345 qui
2932 4290 3066 4330 cum
3098 4291 3200 4345 pro
3256 4290 3531 4346 germano
3560 4274 3618 4330 S.
3666 4277 3769 4330 Do-

370 4378 548 4437 ctoris
580 4378 696 4432 fetu
730 4374 971 4430 student
1000 4370 1330 4438 obtrudere,
1381 4368 1439 4422 in
1498 4384 1563 4423 eo
1595 4366 1778 4433 aiunt,
1844 4364 2175 4436 Hieronymi
2209 4369 2448 4436 gustum
2505 4364 2736 4425 referre,
2772 4363 2926 4434 quod
2990 4369 3208 4419 Auctor
3234 4378 3389 4418 nunc
3443 4362 3515 4419 de
3545 4361 3767 4419 aemulis

369 4468 635 4540 queritur
662 4463 846 4520 labori
879 4480 985 4517 suo
1043 4458 1376 4516 clanculum
1432 4455 1914 4511 detrahentibus:
1977 4470 2131 4509 nunc
2163 4453 2435 4524 antiquos
2494 4452 2859 4523 interpretes,
2921 4450 3222 4524 Aquilam,
3266 4451 3679 4524 Symmachum
3713 4458 3768 4508 et

366 4556 820 4614 Theodotionem
853 4554 923 4607 de
953 4549 1190 4606 nomine
1219 4548 1420 4603 laudat
1448 4562 1460 4600 :
1497 4544 1748 4616 denique
1780 4542 2066 4598 nonnulla
2126 4541 2339 4614 ingerit
2369 4542 2440 4597 de
2500 4540 2981 4612 interpretatione
3037 4558 3105 4596 ex
3159 4540 3457 4598 Hebraico.
3490 4541 3764 4613 Equidem

368 4647 490 4703 haec
514 4645 751 4718 prepria
779 4639 1112 4713 Hieronymi
1142 4638 1317 4693 verba
1344 4640 1483 4691 sunt
1510 4652 1522 4690 :
1561 4634 1728 4705 Cogor
1754 4650 1850 4705 per
1877 4633 2121 4701 singulos
2180 4633 2484 4701 Scriptura:
2513 4630 2681 4685 libros
2738 4630 3183 4686 adversariorum
3238 4630 3573 4702 respondere
3600 4631 3765 4686 male-

366 4738 525 4793 dictis
556 4755 568 4792 :
600 4736 699 4806 qui
756 4730 1269 4803 interpretationem
1322 4742 1524 4790 meam,
1584 4724 2058 4795 reprehensionem
2113 4723 2468 4792 Septuaginta
2526 4720 2889 4791 lnlcrprctum
2943 4721 3346 4775 criminantur:
3402 4721 3559 4791 quasi
3584 4729 3767 4776 nonet

366 4829 510 4900 apud
542 4826 770 4890 Graecos,
800 4823 1018 4894 Aquila,
1051 4820 1406 4891 Symmachus
1434 4821 1485 4870 et
1517 4813 1815 4879 ΤΙιεθιίοιίο,
1848 4814 1927 4867 rel
1960 4814 2181 4867 vcihum
2210 4828 2238 4866 c
2269 4812 2423 4865 verbo
2452 4811 2535 4865 vel
2564 4827 2783 4865 sensum
2811 4826 2840 4864 e
2896 4826 3079 4877 sensu,
3114 4810 3200 4865 vel
3254 4825 3323 4864 ea:
3350 4813 3585 4880 utroque
3618 4825 3763 4865 com-

366 4896 610 4986 mistum,
668 4921 718 4969 et
771 4911 966 4967 mediae
997 4915 1351 4980 tcinpcratum
1405 4921 1573 4974 genus
1602 4903 1983 4957 translationis
2037 4902 2425 4972 expresserim.
2461 4901 2528 4954 Et
2588 4896 2765 4971 paulo
2796 4902 2930 4969 post
2991 4897 3089 4969 qui
3124 4897 3285 4953 locus
3341 4914 3475 4953 cum
3528 4915 3562 4954 a
3616 4897 3763 4954 Beda

366 5005 724 5069 laudaretur,
759 5000 978 5057 multos
1008 5000 1066 5053 in
1107 5014 1239 5053 cum
1271 5010 1524 5050 errorem
1558 4991 1811 5063 impulit,
1845 4996 1908 5046 ut
1937 5006 2277 5063 expressum
2310 4988 2569 5060 putarint
2590 5005 2658 5044 ex
2683 4987 3019 5059 Hieronymi
3042 4985 3467 5043 Commentario
3491 5003 3505 5042 :
3529 4986 3761 5042 demum

365 5113 497 5151 cum
529 5099 586 5150 et
617 5094 673 5148 in
706 5090 1061 5147 Duboisiano
1093 5086 1169 5142 sit
1200 5103 1309 5141 ms.
1346 5082 1605 5157 palmare
1636 5085 2046 5153 argumentum
2079 5097 2182 5152 pro
2213 5080 2405 5149 operis
2436 5076 2820 5149 germanitate
2849 5077 2933 5132 eis
2965 5075 3320 5148 suppeditat,
3378 5076 3479 5147 qui
3512 5090 3760 5147 precon-

365 5189 529 5256 cepta
561 5182 660 5237 illa
691 5181 961 5252 opinione
993 5177 1357 5233 innituntur:
1393 5174 1652 5244 Obliquus
1680 5172 1828 5226 enim
1881 5173 2050 5225 etiam
2079 5170 2232 5240 apud
2263 5171 2505 5224 Hebraeos
2560 5170 2702 5256 totus
2727 5166 2883 5256 liber
2914 5165 3065 5237 (Job)
3114 5167 3299 5256 fertur
3324 5168 3376 5220 et
3407 5164 3668 5256 lubricus,
3709 5167 3759 5219 et

369 5252 512 5342 quod
543 5270 716 5326 erci
746 5271 985 5324 rhetores
1014 5270 1203 5323 vocant
1237 5260 1742 5337 ἐπ’[ημχῒισμένοςζ
1778 5260 2016 5331 dumque
2068 5260 2223 5314 aliud
2258 5258 2523 5329 loquitur,
2582 5253 2739 5309 aliud
2767 5254 2928 5323 agit;
2958 5260 3017 5307 ut
3072 5254 3121 5307 si
3146 5253 3278 5308 velis
3307 5252 3635 5342 anguilliam
3671 5260 3761 5309 aut

371 5338 735 5415 mitrzenulam
763 5361 965 5413 strictis
996 5367 1177 5411 tenere
1205 5352 1479 5415 numihns,
1537 5353 1739 5421 quanto
1768 5350 1968 5418 fortius
2018 5350 2279 5420 presseris
2308 5350 2458 5401 tanto
2506 5346 2673 5400 citius
2748 5343 3009 5398 elabitur.
3040 5347 3170 5399 Haec
3226 5338 3497 5411 αὐτολέξει
3527 5340 3759 5415 replicat

376 5447 814 5519 pseudonynius
847 5452 1067 5513 auctor,
1101 5445 1302 5513 sicque
1332 5440 1539 5495 nititur
1571 5438 1703 5492 iidci
1736 5438 2021 5493 lectorum
2053 5438 2371 5509 imponere.

444 5554 575 5606 Jam
607 5556 662 5605 et
693 5568 824 5605 cum
860 5552 1245 5606 Meibomiano
1278 5565 1430 5602 unus
1464 5544 1706 5600 Romani
1739 5544 1957 5599 codicis
2001 5546 2367 5615 subsequens
2399 5544 2702 5597 contextus
2758 5543 2865 5595 est.
2899 5541 3231 5595 Succedunt
3288 5538 3557 5595 undecim
3589 5537 3752 5594 Tituli

374 5656 626 5714 quorum
660 5638 887 5710 primus
913 5640 975 5694 de
1002 5641 1157 5695 modo
1185 5636 1491 5707 exponendi
1522 5632 1759 5703 incipit:
1796 5634 2056 5701 Quantam
2084 5634 2367 5698 Historicc,
2399 5632 2487 5687 hic
2515 5630 2794 5698 dicuntur,
2827 5637 2882 5685 et
2910 5628 3219 5699 Allegorice
3270 5633 3324 5685 et
3350 5629 3620 5685 Moraliter
3652 5631 3750 5684 etc.

376 5734 735 5795 Postremus,
796 5727 895 5799 qui
940 5729 1009 5784 de
1068 5726 1272 5784 morali
1330 5722 1697 5795 expositione
1755 5728 1863 5789 est,
1922 5722 2216 5779 Innumero
2273 5721 2433 5778 turba
2485 5719 2904 5791 cogitationum,
2966 5720 3128 5790 quasi
3176 5718 3417 5790 ancilla,
3469 5716 3684 5774 destina
3707 5724 3753 5773 et
