3970 6402
210 382 372 446 ωε

1164 380 1578 445 EXPOSITIO
1621 379 2233 443 INTERLINEARIS
2280 377 2486 439 LIBRI
2530 376 2692 440 JOB.

3454 377 3610 443 HM

209 518 426 573 ratione
453 515 691 588 absente,
724 532 857 590 opus
888 515 1163 581 deserunt,
1196 520 1329 584 etc.,
1385 531 1515 587 qum
1572 515 1630 570 in
1680 515 1977 586 Excerptis
2024 514 2178 568 infra
2230 512 2591 568 exhibemus.
2644 510 2902 583 Denique
2956 510 3082 582 ipse
3138 512 3610 571 Commentarius

212 603 426 678 triplex
452 604 644 661 tribus
676 605 879 661 itidem
902 604 1192 661 columnis
1224 604 1555 671 distinctus,
1582 604 1663 659 sic
1695 604 1900 675 incipit
1933 622 1945 658 :

303 718 532 781 Timens
616 722 826 784 Deum.
927 722 1274 783 Salomon:

218 800 342 876 Qui
390 802 551 861 timet
608 803 796 864 Deum
880 801 1036 862 nihil
1092 799 1280 879 negl:-

212 881 333 961 git.
404 879 697 944 Recedens
777 902 815 944 a
881 882 1062 943 malo.
1126 884 1277 942 item

212 960 558 1023 Salomon:
614 963 734 1038 Qui
799 965 859 1023 in
927 982 1039 1022 uno
1097 962 1277 1039 o/[en-

215 1039 332 1115 dit,
385 1039 573 1101 multa
633 1044 784 1105 bona
819 1041 1284 1123 perdetnPrius

218 1138 491 1201 persona
603 1129 754 1203 apta
821 1121 830 1123 “
882 1121 1282 1194 describitur,

218 1219 412 1279 quam
446 1218 660 1280 pugna
704 1203 837 1279 ejus
895 1203 1160 1274 dicatur,
1214 1205 1286 1261 ut

221 1282 365 1342 talis
397 1298 574 1361 posse
617 1286 813 1344 vicem
874 1283 1131 1343 reddere
1170 1280 1269 1361 Vvi-

217 1360 470 1423 deatur.
514 1362 775 1425 Necesse
832 1370 947 1433 est,
1005 1368 1076 1423 ut
1133 1360 1280 1421 sim-

217 1442 565 1522 plicitatem
625 1442 936 1505 columba
996 1442 1061 1503 in
1117 1440 1285 1500 bono

219 1524 459 1583 astutia
523 1523 1159 1604 serpentisinstruat,
1225 1526 1287 1582 et

220 1604 519 1664 astutiam
590 1603 957 1684 simplicitas
1042 1608 1285 1679 tempe-

219 1687 342 1745 ret.
376 1720 387 1733 ί

290 2078 492 2129 Desinit
518 2078 604 2129 his
628 2092 641 2128 :

310 2158 618 2240 Numquid
630 2238 641 2240 _
656 2176 1025 2240 conjungere
1065 2156 1291 2240 valebis

219 2238 507 2301 micantes
534 2238 726 2299 stellas
750 2238 781 2296 ?
827 2242 1104 2307 Constat,
1171 2238 1290 2297 hoc

222 2321 473 2381 nullum
534 2319 856 2379 hominem
906 2336 1125 2397 posse;
1180 2318 1289 2378 sed

223 2420 372 2462 cum
398 2398 517 2462 Job
548 2399 625 2460 de
682 2399 777 2459 his
832 2400 1289 2476 interrogatur,

231 2487 309 2542 ut
364 2480 617 2541 humilis
671 2481 749 2540 ad
807 2497 952 2542 eum
1028 2479 1297 2557 refugiat

230 2560 349 2640 qui
379 2562 554 2622 solus
597 2567 806 2639 posset
843 2560 984 2633 hoc,
1017 2560 1296 2619 ostendi-

232 2649 363 2703 tur.

1389 718 1444 767 ld
1469 723 1549 767 est
1595 724 1731 770 terra
1770 719 2073 778 Gentilium,
2119 718 2183 766 ad
2234 718 2446 766 laudem

1386 782 1486 854 .iob
1516 783 1604 854 qui
1634 782 1807 854 bonus
1839 784 1975 854 inter
2005 781 2185 854 malos.
2220 780 2332 853 fuit.
2373 786 2450 854 ,ιιι

1390 845 1482 892 Lot
1537 843 1591 892 in
1647 846 1935 893 Sodomis:
1995 845 2069 891 sic
2117 844 2283 892 lilium
2312 843 2451 891 inter

1388 908 1589 968 spinas,
1622 908 1715 965 sic,
1747 910 1842 955 etc.

1389 967 1453 1029 In
1491 976 1656 1031 terra
1686 973 1815 1030 llus
1873 967 2125 1027 nomine
2183 967 2326 1040 Job,
2389 972 2453 1024 et

1866 1046 2216 1097 Mansuetudo
2242 1046 2452 1109 justitia

1812 1111 1917 1171 ille
2033 1111 2298 1189 simplex
2391 1116 2454 1168 et

1394 1190 1716 1253 principalis.
1732 1191 1987 1239 Ettimere
2014 1190 2287 1249 Deum,est
2307 1189 2453 1238 nulla

1394 1259 1601 1313 rectus
1656 1273 1729 1314 ac
1799 1255 2024 1313 timens
2117 1258 2332 1325 Deum,
2392 1259 2452 1311 et

1435 1347 1513 1381 ure
1545 1337 1669 1381 sunt
1699 1332 1938 1381 facienda
1967 1332 2256 1394 praeterire.

1435 1347 1513 1381 ure
1545 1347 1669 1381 sunt
1699 1347 1938 1381 lactentia
1967 1347 2256 1394 praeterire.

1394 1347 1527 1453 gnta
1559 1395 1711 1443 malis
1735 1395 1893 1443 mixta
1932 1408 2041 1443 non
2073 1396 2200 1442 sunt
2232 1393 2451 1442 Domino

1396 1458 1693 1518 recedens
1723 1476 1761 1517 a
1794 1458 1981 1530 malo,
2014 1465 2132 1517 etc.

1398 1540 1615 1601 accepta
1646 1538 1808 1587 bona.

1390 1116 1526 1171 erat
1609 1111 1703 1171 vir

1400 2167 1715 2248 Numquid
1762 2166 2144 2295 conjgnlgelie
2227 2166 2460 2226 valebis

1940 2260 2081 2294 cnice
2138 2259 2236 2295 820

1940 2259 2108 2294 Clllcel.
2138 2259 2236 2308 ego

1403 2310 1704 2371 micantes
1742 2309 1953 2369 stellas
2010 2308 2298 2369 Pleiadas
2353 2314 2461 2368 aut

1409 2408 1629 2470 tyrum
1677 2391 1904 2470 iActuri
1964 2390 2197 2470 poteris
2264 2389 2458 2470 pdissi-

1525 2468 2056 2526 Moraliter.Quotidie
2074 2470 2247 2517 elucet
2262 2468 2464 2517 Lucifer

1406 2534 1604 2610 pare?
1636 2532 1952 2609 Numquid
2003 2532 2309 2610 produces
2342 2535 2461 2591 Lu-

1406 2613 1637 2672 bonis,et
1649 2612 1888 2674 reprobis
1901 2624 2178 2673 vesperum
2201 2610 2343 2674 quod
2358 2624 2464 2659 ser-

1409 2677 1666 2736 cit‘erum
1726 2675 1787 2733 in
1866 2680 2148 2753 tempore
2204 2693 2345 2747 suo,
2404 2679 2467 2734 et

1408 2769 1497 2803 mo
1526 2754 1737 2803 Domini
1758 2757 1996 2810 testatur,
2028 2758 2122 2802 etc.

1410 2835 1734 2898 vesperum
1824 2836 2012 2896 super
2068 2816 2228 2877 ﬁlios
2284 2822 2466 2876 terrae

1410 2897 1787 2975 consurgere
1843 2898 2029 2958 facies
2043 2898 2072 2955 ?
2152 2899 2351 2975 Numq
2365 2897 2467 2956 uid

1411 2978 1571 3040 nosti
1616 2977 1899 3039 ordinem
1964 2977 2106 3037 coeli
2156 2982 2219 3037 et
2276 2996 2469 3054 pones

2060 3056 2117 3104 In
2147 3057 2340 3105 nebula
2370 3057 2466 3105 im-

1412 3120 1716 3180 rationem
1751 3117 1886 3196 ejus
1916 3118 1978 3177 in
2022 3121 2241 3178 terra?
2278 3124 2462 3178 Num-

1410 3200 1575 3262 plevit
1598 3198 1814 3262 domum
1835 3198 2058 3262 Domini,
2074 3197 2125 3246 id
2142 3198 2469 3262 est,Prophe-

1412 3262 1565 3340 quid
1621 3261 1894 3340 elevabis
1958 3262 2022 3320 in
2081 3261 2310 3321 nebula
2357 3280 2467 3321 vo-

1415 3339 1512 3400 tas,
1547 3344 1598 3390 et
1627 3339 1956 3401 Sacerdotes,
1985 3342 2077 3388 etc.

1408 3423 1541 3465 cem
1576 3411 1775 3464 tuam.

2558 717 2925 795 Allegorice.
2973 717 3086 776 Job
3144 717 3362 779 dolens
3416 717 3613 778 inter-

2562 805 2842 877 pretatur
2897 798 3076 857 Jcsus
3142 798 3444 872 Christus,
3507 800 3616 876 qui

2558 878 2806 938 dolores
2839 884 3081 938 nostros
3112 881 3405 955 portavit.
3456 879 3612 941 Hus.

2561 958 2951 1018 Consiliator.
2988 961 3244 1020 Terram
3286 978 3434 1037 ergo
3486 962 3616 1020 Hus

2563 1039 2825 1105 habitat,
2918 1044 2979 1098 et
3070 1040 3261 1099 corda
3343 1040 3619 1100 consiliis

2552 1118 2721 1195 justo.
2756 1118 2984 1179 dedita.
3022 1120 3199 1180 Unde
3254 1120 3613 1198 Sapientia:

2565 1198 2697 1276 Ego
2756 1199 2818 1257 in
2869 1200 3114 1258 concilio
3161 1199 3385 1259 habito.
3448 1200 3615 1259 Sim-

2555 1279 2782 1359 plex»!
2814 1290 3024 1336 rect-IS.
3082 1282 3206 1339 Nos
3268 1298 3378 1358 per
3429 1280 3617 1357 justi-

2560 1358 2711 1418 tiam
2781 1360 3218 1425 mansuetmlin
3261 1378 3319 1419 m
3393 1369 3455 1421 et
3510 1378 3622 1439 per

2565 1440 3106 1498 mansuetudinem
3153 1440 3460 1517 justitiam
3521 1458 3618 1500 re-

2562 1518 2943 1596 linquimus:
2985 1522 3142 1578 Deus
3194 1521 3381 1580 homo
3440 1520 3622 1600 plene

2565 1605 2904 1668 utrumque
2989 1601 3279 1660 servavit.
3392 1601 3622 1662 Timens

2569 1679 2774 1738 Deum.
2867 1680 3041 1741 Unde
3134 1681 3394 1758 replevit
3477 1699 3619 1741 eum

2567 1759 2788 1837 spiritu
2814 1759 3052 1819 timoris
3071 1761 3338 1820 Domini.
3403 1764 3622 1821 Reces-

2567 1842 2647 1897 sit
2673 1857 2925 1917 quoque
2956 1859 2993 1899 a
3028 1840 3214 1910 malo,
3270 1859 3395 1900 non
3455 1841 3627 1919 quod

2570 1919 2856 1979 faciendo
2908 1920 3238 1997 contingit,
3293 1920 3402 1980 sed
3459 1921 3630 1999 quod

2568 1999 2891 2060 inveniens
2908 2000 2969 2059 in
2990 2000 3224 2060 mundo
3247 2001 3626 2079 reprobavit.

2567 2176 2882 2257 Numquid
3004 2180 3363 2256 conjungere
3483 2183 3632 2244 vale-

2571 2258 2711 2318 bis?
2740 2265 2857 2317 etc.
2915 2268 2951 2319 Α
3000 2260 3360 2336 pluralitate
3395 2272 3631 2323 vocata

2571 2344 2738 2405 sunt,
2774 2338 2943 2416 quod
2984 2345 3046 2398 et
3102 2339 3218 2398 sibi
3271 2341 3509 2413 vicinae,
3569 2349 3633 2404 et

2572 2418 2786 2477 divisae
2843 2425 3010 2478 sunt.
3090 2425 3351 2480 Sanctus
3416 2440 3632 2484 omnes

2573 2498 2924 2569 denuntiat,
2960 2498 3069 2577 qui
3102 2500 3265 2560 inter
3290 2511 3630 2579 praesentes

2573 2580 2715 2662 vitm
2742 2580 3045 2662 tenebras
3107 2580 3378 2662 Spiritus
3437 2584 3630 2662 septi-

2576 2658 2790 2719 formis
2831 2660 3050 2736 gratiae
3110 2678 3215 2720 eos
3271 2658 3526 2731 lumine'
3563 2664 3633 2722 il-

2575 2739 2821 2813 lustrat,
2858 2739 3033 2821 quia
3092 2740 3306 2800 mundi
3362 2743 3630 2821 origine,

2578 2826 2775 2898 usque
2807 2821 2883 2879 ad
2918 2819 3052 2897 ejus
3109 2819 3485 2897 terminum,
3535 2824 3631 2883 di-

2576 2902 2771 2982 versis
2838 2900 3224 2979 temporibus
3275 2904 3466 2975 missi,
3526 2904 3633 2982 qui

2577 2980 2875 3057 disjuncti
2955 2987 3123 3053 sunt,
3173 2988 3235 3042 et
3317 2980 3635 3060 conjuncti

2580 3078 2690 3139 per
2741 3061 3151 3120 intentionem
3237 3065 3461 3122 mentis
3516 3065 3634 3124 Do-

2581 3141 2817 3219 minum
2847 3160 3038 3219 unum
3100 3142 3463 3219 praedicant,
3523 3153 3631 3203 etc.

2578 3218 2890 3300 Numquid
2944 3218 3190 3282 elevabis
3255 3223 3320 3281 in
3375 3222 3591 3284 nebula

308 3528 522 3585 Verum
543 3542 612 3583 ex
641 3525 909 3583 universo
940 3543 1113 3599 opere
1146 3527 1424 3600 Excerpta
1456 3532 1585 3601 post
1615 3526 2051 3583 Interlinearem
2081 3528 2512 3600 Expositionem
2542 3530 2907 3597 exhibemus,
2936 3549 3120 3605 eaque
3151 3551 3330 3606 supra
3372 3534 3641 3608 Lipsien-

231 3633 363 3674 sem
390 3614 703 3672 editionem
736 3614 1003 3671 nonnihil
1033 3616 1294 3672 auctiora
1325 3636 1338 3684 ;
1369 3634 1524 3673 nunc
1556 3618 1790 3689 quando
1821 3617 1940 3672 haec
1972 3618 2099 3689 ipsa
2128 3617 2483 3690 glossemata
2513 3637 2581 3675 ex
2612 3620 2860 3694 Philippi
2891 3624 3335 3679 Commentariis
3366 3625 3641 3696 primitus

228 3704 486 3762 derivari
517 3704 1253 3777 constituimus,quisnam
1284 3723 1416 3762 vero
1450 3707 1606 3762 omni
1639 3711 1889 3778 exparte
1930 3708 2221 3779 genuinus
2250 3710 2376 3779 ejus
2425 3710 2679 3765 auctoris
2722 3711 2872 3766 fetus
2929 3711 3235 3767 habendus
3291 3712 3387 3779 sit,
3449 3714 3640 3770 dicere

228 3811 353 3852 non
381 3797 471 3859 est
498 3794 860 3866 expeditum,
891 3811 1078 3866 pauca
1108 3795 1376 3867 quaedam
1410 3797 1825 3851 subnectemus
1858 3796 2183 3869 fragmenta
2211 3799 2339 3867 ejus
2383 3799 2595 3870 operis,
2629 3816 2755 3869 quae
2786 3816 2854 3854 ex
2901 3798 3311 3868 antiquissima
3341 3804 3555 3857 Catena
3582 3803 3641 3859 in

231 3880 513 3941 Genesim
546 3883 606 3939 in
635 3883 1020 3939 Ambrosiano
1055 3900 1164 3955 ms,
1190 3883 1385 3940 saeculi
1418 3886 1649 3941 circiter
1674 3885 1931 3959 septimi,
1987 3887 2041 3940 Ρ.
2073 3885 2264 3942 littera
2309 3893 2365 3941 et
2412 3904 2575 3957 num,
2607 3888 2678 3942 60
2734 3892 3069 3958 praenotato,
3123 3889 3543 3960 expressimus,
3576 3909 3645 3964 ut

227 3972 497 4046 periculo
528 3972 793 4028 faciendo
825 3973 1166 4029 inserviant.

310 4063 373 4117 Et
401 4061 543 4117 divit
572 4062 730 4128 Deus,
758 4061 858 4131 ﬁat
886 4063 1002 4117 huc.

312 4132 702 4207 PHILIPPUS.
729 4132 887 4207 Deus
918 4134 1011 4207 hic
1043 4132 1303 4204 loquitur
1328 4149 1459 4207 cum
1493 4134 1814 4189 efﬁcientia:
1844 4134 1971 4203 ejus
2003 4150 2095 4189 res
2139 4134 2504 4207 intelligitur,
2556 4136 3053 4207 quemadmodum
3104 4138 3174 4192 ad
3232 4142 3501 4193 sanctum
3532 4140 3637 4196 Job

232 4207 370 4282 ipse
405 4205 682 4282 Dominus
712 4204 857 4282 dixit
887 4221 917 4282 :_
937 4204 1040 4258 Aut
1064 4214 1225 4282 putas
1252 4220 1340 4282 me
1375 4206 1543 4260 aliter
1570 4206 1672 4260 tibi
1700 4207 1960 4273 locutum,
1991 4208 2104 4261 nisi
2130 4215 2190 4261 ut
2219 4204 2719 4277 appareresjzistus.
2758 4209 3041 4263 Locutum
3086 4226 3148 4264 se
3195 4210 3343 4265 dixit
3392 4228 3493 4282 pro
3541 4211 3639 4268 illa

231 4275 642 4341 tribulatione,
672 4291 790 4346 qua
818 4275 949 4331 fecit
974 4281 1039 4330 ut
1069 4280 1409 4331 tentaretur.

307 4347 465 4403 Nihil
495 4349 555 4402 in
583 4351 732 4403 terra
759 4348 879 4403 sine
909 4363 1075 4403 causa

1108 4348 1187 4417 ﬁt,
1220 4351 1272 4404 et
1299 4348 1364 4403 de
1398 4348 1560 4403 humo
1585 4363 1696 4403 non
1717 4350 1897 4403 oritur
1924 4348 2077 4403 dolor
2106 4349 2241 4419 (Job.
2273 4365 2326 4415 v,
2348 4349 2424 4414 6).

315 4424 392 4491 De
420 4417 633 4491 humo,
655 4418 712 4473 id
741 4422 832 4474 est
860 4419 931 4474 de
962 4424 1190 4491 natura,
1224 4420 1385 4475 omni
1415 4424 1580 4475 terrae
1614 4435 1726 4474 non
1759 4419 1870 4475 erit
1895 4417 2141 4487 malum,
2170 4437 2306 4477 cum
2336 4421 2395 4474 in
2426 4424 2580 4475 terra
2602 4418 2745 4474 nihil
2774 4421 2901 4476 sine
2932 4422 3034 4478 Dei
3062 4423 3297 4491 justitia
3348 4424 3470 4478 fiat.
3526 4425 3641 4480 [loc

234 4490 458 4545 dicitur
487 4490 642 4561 quod
665 4506 837 4562 omne
866 4489 1086 4545 malum
1121 4491 1524 4562 naturalcnon
1555 4491 1650 4559 sit,
1683 4508 1856 4562 quem
1890 4491 1983 4546 hic
2032 4492 2289 4547 dolorem
2345 4496 2529 4557 vocat,
2586 4493 2686 4547 sed
2719 4510 2892 4547 omne
2953 4489 3173 4549 motum
3232 4494 3499 4550 accidens
3555 4501 3644 4551 est

235 4566 464 4636 natura:
492 4563 673 4617 bonas.
696 4561 773 4636 Et
801 4567 891 4617 est
920 4562 1079 4617 aliud
1114 4561 1447 4636 malum,_i_d
1487 4568 1576 4617 est
1607 4561 1893 4636 vindictae,
1931 4580 2058 4634 qua:
2092 4568 2323 4636 prepter
2362 4569 2690 4636 peccatum;
2726 4581 2760 4618 a
2812 4565 2925 4619 Deo
2988 4565 3232 4620 infertur
3280 4566 3638 4623 hominibus.

239 4632 463 4714 Maium
490 4637 581 4714 est
609 4632 859 4714 quidem
877 4639 1210 4714 peccatum._
1237 4632 1554 4714 sedilibero
1577 4634 1817 4714 arbitrio
1845 4632 2065 4714 maium
2092 4632 2415 4714 'est'Lqucitl
2473 4634 2731 4714 hominis
2773 4636 3080 4714 voluntate
3136 4636 3541 4714 committitur.
3577 4639 3645 4693 Et

238 4703 469 4781 mnium
501 4708 591 4760 est
621 4703 927 4781 retributio
986 4704 1145 4773 mali,
1196 4704 1904 4781 id‘estpeccatitquando
1950 4703 2492 4781 irrogat_Dominus
2539 4705 2827 4781 supplicia
2865 4707 3308 4781 peccatoribus,
3346 4708 3461 4781 Hoc
3504 4724 3640 4781 ergo

235 4775 479 4843 dicitur,
512 4775 666 4847 quod
698 4775 843 4831 nihil
874 4776 1083 4831 horum
1117 4775 1506 4848 accidentium
1540 4775 1825 4832 malorum
1860 4777 1985 4832 sine
2005 4775 2227 4846 judicio
2260 4778 2359 4833 Dei
2390 4779 2507 4832 ﬁat.
2544 4775 2671 4833 Non
2700 4779 2783 4832 ita
2830 4775 3095 4833 naturale
3152 4786 3241 4834 est
3296 4779 3543 4848 homini,
3570 4775 3642 4835 ut

238 4866 276 4904 a
307 4848 424 4924 I_)_eo
454 4852 715 4924 creatum
746 4852 1034 4924 putetur;
1064 4853 1120 4902 et
1150 4848 1277 4905 ideo
1309 4847 1566 4924 dicitur;
1600 4851 1666 4903 Et
1694 4848 1951 4924 debumo
1974 4865 2080 4924 non
2108 4853 2286 4905 oritur
2314 4849 2486 4916 dolor,
2540 4850 2596 4904 id
2643 4854 2750 4915 est,
2803 4866 2916 4904 non
2968 4855 3210 4919 natura),
3267 4852 3367 4906 sed
3431 4850 3636 4924 culpm.

312 4920 477 4991 Homo
506 4918 574 4991 ad
599 4919 838 4991 laborem
866 4921 1126 4991 nascitur,
1159 4924 1210 4974 et
1240 4922 1358 4974 avis
1388 4919 1455 4973 ad
1478 4920 1714 4974 volatum
1741 4922 1875 4987 (Job.
1911 4938 1962 4985 v,
1988 4922 2066 4991 7),

312 4990 376 5045 1d
410 4994 517 5060 est,
552 4989 716 5045 labor
744 4990 1039 5063 hominem
1074 4995 1270 5046 manet
1294 4991 1734 5063 (For/eimonet),
1758 4996 1822 5045 ut
1844 4992 1918 5046 ab
1949 4989 2222 5047 omnibus
2254 4993 2408 5047 vitiis
2439 4992 2760 5063 castigatus
2788 4991 3038 5047 incedat.
3066 4993 3132 5047 Et
3163 4993 3225 5046 fit
3256 4993 3324 5048 ad
3358 4993 3477 5048 haec
3516 4998 3637 5050 tam

236 5066 636 5136 experrectus,
672 5066 735 5117 ut
757 5061 912 5117 velut
943 5061 1084 5131 avis,
1118 5079 1246 5134 quae
1278 5061 1620 5117 naturaliter
1635 5062 1885 5118 volatum
1922 5063 2144 5135 arripit,
2177 5063 2258 5117 ita
2287 5070 2343 5118 et
2371 5064 2465 5118 hic
2522 5061 2623 5135 per
2669 5080 2885 5135 agones
2924 5064 3055 5119 vita:
3115 5065 3415 5136 praesentis
3453 5064 3640 5121 evolet

238 5134 314 5191 ad
351 5148 623 5205 superna.

315 5204 507 5279 (ferent
533 5204 649 5279 dies
677 5206 873 5279 indque
900 5206 1064 5279 natus
1094 5221 1236 5279 sum,
1271 5208 1323 5279 et
1351 5220 1464 5279 ηοω
1492 5205 1550 5259 in
1577 5221 1685 5276 qua
1713 5204 1924 5260 dictum
1953 5208 2051 5274 est,
2084 5212 2364 5278 conceptus
2394 5214 2472 5260 est
2502 5206 2656 5261 homo
2684 5207 2819 5276 (Job.
2853 5224 2940 5273 ιιι,
2966 5209 3042 5279 2).

313 5277 382 5331 Et
410 5276 688 5332 .Ieremias
717 5275 860 5331 dicit
891 5292 903 5330 :
944 5276 1234 5333 Maledicta
1261 5276 1375 5331 dies
1407 5278 1462 5329 in
1491 5275 1597 5346 qua
1628 5280 1790 5332 natus
1819 5294 1960 5332 smn.

311 5347 560 5422 Quidam
591 5347 795 5403 dicunt
824 5352 1088 5422 tempore
1117 5347 1437 5403 nativitatis
1468 5347 1757 5413 humanm,
1788 5366 1914 5421 quae
1947 5347 2361 5422 praeterierunt,
2388 5366 2509 5422 non
2542 5366 2711 5422 posse
2736 5350 3021 5405 maledici.
3047 5351 3209 5405 Certe
3240 5368 3307 5406 ex
3338 5350 3633 5422 superfluo

237 5418 859 5494 maledicuntur,_quze
890 5418 1013 5474 suis
1037 5419 1159 5489 jam
1195 5425 1334 5494 sunt
1362 5425 1599 5494 peracta
1625 5418 2081 5494 transcursibus.
2116 5421 2310 5494 Sancti
2346 5420 2399 5474 hi
2432 5418 2616 5475 inflati
2658 5422 2860 5494 spiritu
2919 5422 3231 5493 prophetiae
3279 5418 3639 5480 maledicunt

233 5491 394 5566 diem
438 5490 1107 5566 nativitatishumanui;
1142 5493 1295 5566 quod
1330 5491 1563 5566 quidem
1600 5508 1711 5566 non
1745 5493 1870 5547 sine
1904 5492 2275 5566 tribulatione
2307 5494 2655 5566 su_al'acii1nt.
2691 5490 2704 5559 ξ
2739 5490 2999 5547 sentiunt
3028 5490 3243 5566 quippe
3267 5495 3322 5549 in
3357 5513 3437 5565 se,
3472 5514 3635 5552 com-

232 5562 729 5688 patiendogeneri
761 5562 1041 5629 humano,
1067 5561 1299 5631 justitia
1334 5561 1427 5616 Dei
1460 5564 1804 5619 sententiam
1833 5565 2036 5617 mortis
2068 5564 2310 5618 illatam.
2343 5564 2465 5617 Non
2502 5564 2696 5636 itaque
2753 5561 3063 5630 existimo;
3097 5561 3249 5620 diem
3300 5561 3498 5632 istum,
3532 5568 3637 5640 qui

232 5632 463 5688 homini
498 5634 511 5686 i
589 5634 976 5688 ministerium
1009 5635 1211 5687 datum
1244 5638 1390 5688 est.a
1421 5636 1637 5688 sanctis
1681 5640 1839 5688 tanta
1869 5636 2260 5688 exsecratione
2292 5635 2579 5688 maledici.
2631 5637 2919 5688 'l‘ronirdm
2950 5654 3086 5688 erno
3134 5638 3285 5688 diem
3341 5656 3472 5688 enm
3532 5655 3637 5688 sua

230 5632 463 5690 homini
498 5634 511 5686 i

589 5634 976 5707 ministerium
1009 5635 1211 5707 datum
1244 5638 1390 5703 est,a
1421 5636 1637 5689 sanctis
1681 5640 1839 5690 tanta
1869 5636 2260 5690 exsecratione
2292 5635 2579 5707 maledici.
2605 5634 2919 5707 ’Τιθορίρᾶης
2950 5654 3086 5706 ergo
3134 5638 3285 5693 diem
3341 5656 3473 5693 cum
3532 5634 3640 5695 sua

235 5710 411 5781 nocte
439 5705 551 5760 dici
574 5706 1108 5781 itunenoverimus.
1144 5705 1276 5781 Dies
1306 5722 1557 5781 namque
1580 5712 1639 5781 et
1666 5723 1775 5761 nox
1806 5707 2074 5781 diabolus
2106 5713 2161 5781 et
2195 5706 2524 5781 mortalitas
2552 5705 2797 5781 possunt
2830 5705 3075 5779 intelligi
3113 5727 3124 5765 :
3160 5727 3272 5764 non
3305 5711 3456 5781 quod
3490 5710 3634 5780 dies,

230 5783 293 5835 et
326 5776 523 5832 lumen
556 5777 824 5832 diabolus
854 5778 952 5847 sit,
986 5776 1229 5832 resendo
1261 5793 1294 5831 a
1326 5793 1456 5831 vero
1500 5776 1739 5849 lumine,
1772 5781 1872 5834 sed
1909 5798 1927 5833 (
1954 5780 2061 5833 uod
2095 5778 2217 5833 dies
2252 5778 2423 5833 fuerit
2453 5776 2792 5845 alituando,
2842 5798 2974 5835 cum
3010 5776 3301 5836 habitaret
3325 5776 3469 5835 'cum
3519 5776 3634 5837 Deo

231 5855 454 5907 interno
484 5846 728 5907 lumine.
763 5848 919 5906 sicut
950 5848 1179 5905 Lucifer
1209 5863 1278 5905 ex
1305 5864 1515 5907 aurora
1544 5849 1811 5907 diluculi.
1841 5856 1899 5907 et
1925 5798 2074 5907 ianis
2105 5849 2411 5907 snlendore
2437 5797 2686 5907 rutiians
2737 5852 2793 5907 in
2841 5853 3112 5907 naradiso
3163 5853 3276 5907 Dei.
3326 5851 3428 5907 Vel
3477 5853 3633 5907 ouod

231 5855 454 5908 eterno
484 5846 728 5919 lumine,
763 5846 1179 5906 sicut'Lucifer
1209 5863 1278 5905 ex
1305 5864 1515 5907 aurora
1544 5846 1811 5916 diluculi,
1841 5856 1899 5909 et

1949 5850 2074 5936 apis
2105 5849 2686 5936 splendore‘rutilan‘s
2737 5852 2812 5936 in.
2841 5853 3112 5936 paradiso
3163 5853 3276 5911 Dei.
3326 5851 3436 5936 Vel
3477 5853 3633 5936 quod

230 5920 438 6001 impiis
467 5924 701 5999 etpecca
727 5920 974 5995 toribus,
1010 5920 1067 5979 in
1093 5920 1203 5981 hac
1223 5921 1606 5998 prosperitate
1635 5927 1692 5980 et
1723 5920 2003 5984 felicitate
2044 5920 2224 5998 hujus
2271 5922 2466 5981 saeculi
2515 5920 2934 6001 gaudentibus,
2994 5925 3119 5985 dies
3172 5941 3299 5985 esse
3345 5920 3630 6001 videatur,
