3970 6384
404 363 562 423 “75

1901 358 2329 420 APPENDIX.

3656 360 3683 418 l
3693 358 3811 418 476

404 494 483 553 De
520 511 636 565 quo
671 493 886 571 dicitur
916 510 929 548 :
963 494 1255 571 Auferelur
1278 493 1346 547 ab
1388 493 1573 563 impiis
1632 493 1732 571 lii-.2:
1786 508 1910 571 suo:
1943 491 2009 545 Et
2066 490 2673 571 Salomon,__L‘un_ien,_.
2705 488 2916 571 inquit,
2954 489 3274 571 impiorum
3301 491 3703 571 exstinguelur.
3744 489 3813 544 Et

418 560 607 622 ternm
643 583 655 619 :
682 565 944 635 Splendor
985 560 1283 635 impiorum
1310 560 1606 627 peccatum.
1640 562 1787 617 Nam
1814 568 1869 617 et
1900 562 2008 616 hoc
2042 566 2228 632 potest
2257 563 2329 617 de
2357 560 2589 615 diabolo
2621 561 2758 625 dici,
2790 560 2919 631 ’qui
2950 560 3216 616 inventor
3237 565 3327 616 est
3353 560 3590 633 peccati.

461 664 522 717 Et
551 662 816 734 formavit
846 660 1148 734 hominem,
1176 660 1352 734 Vides
1383 677 1519 734 ergo
1553 664 1774 731 quanta
1804 658 2133 734 differentia
2164 658 2242 734 sit
2274 660 2534 727 factum,
2559 663 2616 714 et
2666 657 3092 734 plasmationis.
3144 659 3311 734 Quod
3354 659 3487 734 fecit
3514 657 3690 734 Deus,
3734 658 3804 713 ad

388 728 706 805 imaginem
742 749 912 786 suam
948 732 1099 805 fecit,
1130 731 1191 805 id
1223 736 1313 787 est
1342 728 1650 805 animam:
1677 737 1734 785 et
1765 732 1917 805 quod
1956 731 2284 805 plasmavit,
2319 747 2530 805 corpus
2553 736 2641 805 est
2665 728 2740 805 de
2791 736 2965 805 terra,
3026 746 3203 800 quam
3261 728 3567 785 viviﬁcavit
3594 729 3806 805 anima:

390 800 793 884 inspiratione,
844 804 997 884 quod
1034 804 1203 884 fecit:
1228 805 1448 884 .Imagu
1508 803 1578 884 ad
1609 800 2335 884 immortalitenrpertinet
2365 819 2378 856 :
2406 802 2510 884 Dei
2544 800 2868 884 similitudo
2894 802 2963 856 ad
2999 805 3369 884 potes-tatem,
3428 806 3485 857 et
3520 800 3805 883 operatio-

383 872 537 941 nem,
584 879 648 929 ut
679 872 1026 946 naturalitus
1049 872 1709 946 possideretimaginem
1745 872 2205 929 immortalitatis
2236 873 2335 928 Dei
2366 878 2424 928 et
2446 872 2899 928 similitudinem
2927 873 3233 944 potestatis
3258 889 3434 945 super
3453 872 3648 928 omnia
3679 888 3806 944 qua

377 951 712 1017 creaverat,
749 952 807 1001 et
836 945 949 1018 piis
984 945 1258 1018 operibus
1288 946 1621 1001 imitaretur
1651 951 1855 1001 Deum.

451 1044 629 1099 Semel
667 1046 911 1115 loquitur
938 1044 1084 1099 Deus
1112 1051 1162 1098 et
1182 1043 1425 1115 secundo,
1454 1044 1690 1115 idipsum
1722 1059 1831 1098 non
1863 1044 2057 1115 repetit
2087 1059 2100 1096 :

450 1117 534 1170 Ab
567 1115 694 1187 ipso
728 1110 1012 1187 principio
1047 1115 1271 1187 mundi,
1300 1120 1364 1187 et
1398 1110 1673 1185 deinceps
1706 1110 1940 1186 semper
1970 1113 2198 1187 locutus
2229 1118 2318 1167 est
2338 1112 2501 1187 Deus
2533 1112 2889 1187 hominibus,
2923 1116 3009 1187 et_
3039 1111 3235 1187 semel
3276 1112 3662 1169 nihilominus
3708 1110 3801 1187 lo-

378 1183 629 1259 quitur";
663 1183 763 1242 sed
796 1187 893 1259 ubi
921 1183 1262 1259 frequenter
1294 1183 1703 1259 loquiﬂdieitur
1732 1183 2032 1259 Dominus,
2065 1184 2147 1259 vel
2180 1184 2267 1259 lex
2287 1186 2425 1259 ejus
2458 1183 2765 1259 multiple}
2788 1190 2895 1247 est,
2927 1184 3014 1238 vel
3044 1183 3368 1259 Propheta;
3440 1189 3497 1239 et
3551 1183 3799 1259 manda-

377 1254 570 1313 torum
604 1260 730 1327 ejus
762 1254 1068 1313 diversitas
1100 1254 1408 1312 iudicatur.
1446 1257 1550 1312 Ubi
1583 1274 1716 1312 vero
1748 1257 1924 1312 semel
1960 1256 2115 1327 loqui
2148 1256 2530 1326 significatur,
2575 1254 2833 1310 stabilita
2891 1272 2993 1309 nec
3026 1254 3264 1327 deﬁnita
3321 1256 3448 1327 ejus
3503 1254 3791 1327 sententia

374 1326 829 1384 demonstratur.
858 1330 1037 1400 Loqui
1072 1331 1227 1383 enim
1264 1330 1446 1383 Deum
1480 1329 1806 1384 el'ﬁcientize
1837 1330 1964 1397 ejus
1994 1326 2359 1399 intelligitur.
2389 1327 2893 1400 Quemadmodum
2924 1332 2986 1400 et
3012 1328 3082 1380 ad
3118 1326 3315 1400 S,__Job

3402 1325 3636 1398 ominus
3664 1326 3789 1398 ipse

374 1401 456 1455 ait
489 1419 501 1455 :
547 1403 648 1455 Aut
674 1404 839 1471 [ultas
864 1397 1143 1455 ine—aliler
1172 1401 1276 1454 tibi
1305 1402 1549 1455 loculum
1580 1402 1782 1455 nisiut
1810 1416 2107 1471 appareres
2127 1397 2349 1471 justus.
2386 1399 2664 1452 Loeutum
2716 1414 2776 1453 se
2825 1397 2964 1452 dicit
2988 1414 3110 1471 iper
3158 1397 3314 1471 illam
3358 1397 3797 1471 tribulationem

373 1490 490 1544 qua
523 1468 683 1533 fecit,
714 1479 774 1526 ut
809 1476 1151 1544 tentaretur.
1187 1473 1254 1526 Et
1284 1471 1501 1526 ideirco
1536 1472 1643 1525 hoc
1672 1478 1763 1526 est
1794 1468 1956 1526 illius
1982 1468 2169 1544 loqui,
2203 1470 2358 1541 quod
2388 1471 2607 1544 facere.
2638 1472 2732 1544 _Ait
2788 1485 2949 1544 ergo
2986 1469 3146 1523 Heliu
3203 1469 3280 1523 ita
3313 1470 3536 1544 dicens
3568 1468 3793 1544 :_Semel

372 1538 608 1614 liv/uitur
627 1545 790 1605 Deus,
822 1552 874 1599 et
900 1543 1134 1598 secundo
1166 1543 1409 1614 illipsum
1439 1558 1549 1597 non
1582 1545 1800 1613 repetit,
1835 1543 1997 1613 quod
2032 1538 2336 1597 locutu—rus
2370 1540 2603 1611 dicitur,
2636 1541 2747 1595 hoc
2778 1538 2888 1610 est,
2934 1538 3213 1595 immutat
3267 1540 3379 1596 nisi
3437 1541 3546 1596 hoc
3599 1540 3796 1612 ipsum

374 1616 501 1670 vita:
536 1620 747 1671 nostra:
776 1614 1109 1670 immutatio
1143 1615 1506 1685 deposceret.

441 1712 634 1767 Omnes
666 1713 911 1768 homines
941 1712 1123 1767 vident
1156 1728 1304 1774 cum,
1336 1713 1716 1782 unusquisque
1748 1712 1995 1765 intuetur
2020 1711 2232 1782 procul.

444 1786 545 1838 Per
575 1790 794 1839 naturze
829 1801 945 1838 sure
979 1785 1197 1838 bonum
1234 1783 1443 1837 notitia
1472 1779 1762 1837 Creatoris
1797 1783 1946 1836 inest
1987 1779 2264 1837 cordibus
2297 1781 2602 1836 hominum
2640 1799 2652 1836 :
2704 1785 2760 1834 et
2803 1780 3071 1852 quamvis
3127 1779 3441 1852 quisquam
3489 1783 3606 1835 tam
3663 1796 3793 1852 pra-

374 1872 481 1911 vus
512 1856 588 1910 sit
616 1861 672 1909 et
699 1856 971 1927 frigidus,
1009 1860 1069 1908 nt
1098 1854 1328 1909 alienus
1359 1870 1485 1927 esse
1518 1854 1749 1927 studeat
1778 1870 1809 1927 a
1843 1855 2108 1927 Creatore
2142 1870 2248 1927 suo
2286 1871 2298 1907 :
2334 1853 2749 1927 nullustamen
2782 1851 2868 1907 eet
2900 1851 3005 1927 qui
3050 1868 3111 1927 se
3150 1851 3504 1927 ’abSCOndat
3542 1868 3576 1906 a
3604 1851 3791 1907 calore

370 1928 584 1997 ejus,et
610 1927 737 1981 ideo
774 1922 1180 1997 unusquisque
1212 1926 1568 1993 mortalium,
1604 1926 1737 1979 licet
1770 1925 1839 1979 de
1864 1925 2053 1996 iunge,
2087 1924 2284 1988 sentit,
2316 1930 2372 1978 et
2402 1924 2673 1997 intelligit
2706 1922 3606 1997 Deum.‘Dissimilitermquidem
3663 1939 3790 1977 om-

373 1994 540 2066 nino,
573 1999 728 2069 quod
758 2015 874 2052 non
900 1994 1051 2053 sicut
1082 1994 1291 2068 corpus
1321 2015 1353 2052 a
1384 1997 1601 2069 Spiritu
1635 2002 1890 2069 creatum
1927 1994 2007 2050 ita
2045 1996 2220 2051 sentit
2243 2012 2371 2069 esse
2420 1994 2780 2069 Dominum;
2810 1996 2898 2069 sd_
2936 1994 3050 2050 alio
3097 1994 3373 2069 ineflabili
3433 1995 3624 2069 modo,
3672 2010 3789 2065 quo

377 2072 526 2125 Deus
556 2066 681 2125 acie
715 2070 928 2125 mentis
961 2075 1043 2124 est
1071 2066 1548 2124 intuendus—Ubi
1584 2069 1639 2122 in
1674 2068 1798 2140 ipso
1830 2070 2035 2123 obtutu
2071 2069 2262 2124 cordis
2294 2066 2671 2139 intelligendo
2702 2068 2858 2122 videt
2888 2066 3081 2133 homo,
3141 2067 3296 2138 quod
3354 2083 3531 2138 supra
3590 2066 3789 2137 ipsum

377 2146 469 2196 est
494 2140 668 2196 Deus.

451 2270 585 2320 Haec
616 2265 663 2319 si
699 2264 959 2320 studiose
990 2265 1057 2320 ad
1092 2281 1223 2319 eum
1256 2265 1520 2320 conferas
1551 2263 2070 2331 Commentarium,
2104 2280 2279 2335 quem
2315 2262 2543 2336 proprie
2571 2262 2826 2318 diximus
2861 2250 3125 2335 liliilippo
3155 2262 3387 2325 ascribi,
3421 2262 3472 2317 id
3516 2262 3630 2317 fere
3660 2278 3788 2334 per-

368 2354 594 2410 videbis
630 2356 909 2409 interesse
939 2352 1318 2420 discriminis,
1375 2354 1529 2424 quod
1564 2353 1811 2409 studiosi
1844 2353 2247 2424 epitomatoris
2280 2352 2579 2425 ingenium
2614 2352 2826 2407 invexit
2857 2370 2869 2407 :
2907 2356 2969 2407 ut
2997 2369 3334 2423 quanquam
3403 2351 3475 2406 ab
3523 2367 3636 2405 uno
3684 2350 3786 2406 illo

366 2444 543 2512 varia,
578 2461 702 2515 quae
731 2442 1010 2498 hactenus
1028 2441 1450 2512 recensuimus,
1490 2442 2022 2513 interpretamenta
2052 2442 2348 2514 descripta
2380 2441 2524 2507 sint,
2557 2442 2751 2512 ipsum
2778 2445 2972 2496 tamen
2995 2442 3121 2512 ejus
3144 2440 3634 2496 Commentarium
3669 2456 3786 2495 non

364 2550 602 2606 prorsus
618 2549 745 2587 esse
758 2532 828 2587 ab
841 2530 1088 2587 aliorum
1106 2531 1703 2599 autassumentis,aut
1729 2530 1965 2586 mulctis
2000 2530 2081 2586 im
2096 2531 2577 2603 munem,suique
2599 2530 2789 2585 nativa
2811 2529 3192 2601 germanitate
3215 2530 3504 2601 integrum
3527 2528 3783 2585 fatearis.

950 2884 1849 3019 EXPOSITIO
1967 2850 3219 3016 lNTEBLINEARlS

1540 3160 2073 3285 LIBRI
2173 3158 2601 3286 JOB.

904 3542 1134 3597 CAPUT
1174 3542 1463 3598 PRIMUM

440 3614 453 3646 ¹
476 3610 749 3661 Virdictus
766 3612 831 3662 de
852 3614 1046 3663 virtute
1060 3614 1243 3672 animi,
1256 3628 1360 3677 qua
1373 3616 1629 3663 tentation
1639 3628 1694 3662 es
1709 3613 2013 3676 superabat.

1111 3676 1304 3726 Chus"
1333 3683 1385 3727 et
1416 3678 1515 3726 Bus
1543 3678 1629 3725 ﬁlii
1662 3676 1884 3725 fuerunt
1915 3677 2014 3725 Na-

372 3736 512 3801 chor_
529 3737 706 3801 fratris
727 3737 1013 3788 Abraham.
1035 3740 1192 3788 Terra
1218 3741 1360 3789 Chus
1390 3744 1720 3801 assumptum
1744 3740 2015 3788 hominem

372 3813 439 3848 ex
466 3799 630 3849 Maria
660 3800 937 3863 signiﬁcat.
968 3802 1302 3852 Consiliatrix
1336 3799 1845 3912 interpretaturum!)
1874 3864 1895 3897 3
1925 3863 1957 3911 ὁ

1778 3876 1845 3913 01)
1874 3876 1895 3897 δ
1925 3876 2016 3911 αο-

371 3924 486 3974 lens
506 3925 903 3989 interpretatur.
925 3926 1130 3989 Typum
1162 3926 1349 3976 Christi
1380 3926 1602 3975 ferebat.

452 3988 469 4021 ¹
507 3988 614 4048 Vir
644 3996 778 4049 erat
810 3991 875 4049 in
921 3988 1085 4049 terra
1131 3993 1258 4050 llus
1289 3990 1333 4063 ³,
1382 3990 1634 4049 nomine
1684 3989 1803 4049 Job
1849 3990 1910 4062 3;
1958 3995 2019 4048 et

777 4073 835 4118 ut
864 4070 1147 4132 Apostolus
1178 4070 1198 4103 ⁴
1228 4070 1331 4118 ait:
1373 4069 1489 4117 Volo
1519 4084 1604 4117 vos
1633 4070 1887 4132 sapientes
1915 4083 2019 4132 esse

371 4128 423 4194 in
457 4127 603 4194 bono,
634 4128 887 4193 simplices
907 4127 1075 4181 autem
1117 4134 1167 4180 in
1190 4133 1344 4181 malo.
1376 4133 1617 4191 Quatuor
1645 4132 1728 4179 his
1784 4130 2020 4194 pollebat

368 4190 675 4240 virtutibus.
727 4190 743 4193 ’
1404 4190 1407 4191 ⁷
1637 4190 1799 4243 Deuui
1833 4194 2017 4242 timere

371 4260 507 4313 erat
539 4254 628 4334 vir
657 4255 762 4314 ille
808 4257 829 4289 ‘
872 4257 1161 4334 simplex,
1209 4262 1271 4316 et
1340 4262 1565 4327 rectus,
1642 4277 1715 4317 ac
1786 4258 2016 4318 timens

371 4337 473 4388 est,
500 4333 648 4382 nulla
676 4348 795 4398 quae
828 4333 1072 4385 facienda
1100 4340 1227 4386 sunt
1255 4336 1395 4384 bona
1430 4337 1734 4399 praeterire:

371 4400 593 4470 Deum,
642 4405 703 4457 et
766 4400 1063 4460 recedens
1132 4418 1169 4459 a
1243 4400 1470 4460 malo:
1546 4402 1802 4478 natique
1874 4403 2021 4458 sunt

370 4480 575 4587 septem
604 4478 747 4527 dona
777 4478 1007 4541 Spiritus
1035 4479 1221 4540 sancti,
1250 4479 1436 4542 Legem
1470 4480 1826 4541 Prophetiam,
1850 4479 2019 4527 Evan-

370 4552 430 4587 αθ
457 4552 577 4587 lum.
1546 4542 1815 4587 Perfectus
1835 4554 2019 4587 nume-

369 4542 577 4602 gelium.
1546 4542 1815 4591 Perfectus
1835 4554 2019 4589 nume-

371 4602 425 4663 ei
472 4608 713 4681 septem
761 4603 897 4674 ﬁlii,
975 4609 1035 4662 et
1104 4609 1229 4663 tres
1299 4603 1464 4663 filiae.
1545 4606 1619 4665 Et
1692 4606 1808 4665 fuit
1873 4624 2019 4682 pos-

372 4695 462 4730 rus
482 4682 775 4744 perfectam
800 4682 1050 4731 Ecclesia:
1071 4684 1232 4733 vitam
1258 4683 1573 4746 signiﬁcant,
1604 4683 1809 4746 plebem
1833 4684 2023 4733 Christi

372 4746 571 4806 sessio
643 4745 800 4823 ejus,
873 4751 1109 4824 septem
1196 4745 1392 4806 millia
1463 4745 1694 4807 ovium.
1774 4753 1836 4807 et
1907 4747 2025 4806 tria

366 4824 940 4891 signiﬁcantgentilem
957 4826 2027 4891 populum.Judzeorumetgcntiumpopu-

384 4888 1061 4969 milliaﬂcamelorum,
1136 4890 1483 4968 quingenta
1554 4888 1806 4969 quoque
1860 4888 2029 4968 'jnga

367 4968 452 5032 lus
466 4968 796 5031 signiﬁcatur
809 4970 1176 5032 quasimuuda
1190 4971 1534 5019 etimmunda
1547 4968 1798 5020 animalia
1813 4970 2029 5019 domum

372 5031 589 5104 boum,
676 5038 738 5093 et
829 5031 1200 5110 quingentae:
1307 5033 1520 5104 asinae,
1612 5052 1683 5094 ac
1788 5033 2026 5093 familia

368 5110 610 5161 Ecclesia:
633 5112 1041 5175 multiplicatam
1068 5113 1123 5162 in
1150 5113 1250 5160 title
1275 5112 1341 5162 de
1365 5113 1585 5162 diversis
1616 5114 1799 5176 gratiis
1826 5112 2025 5176 signiﬁ-

1013 5179 1095 5224 cat
1119 5191 1130 5223 :
1154 5176 1370 5252 divitior
1400 5189 1559 5252 super
1590 5172 1776 5225 omnes
1808 5172 1896 5252 qui
1934 5177 2024 5224 ha-

377 5234 577 5318 multa
648 5238 854 5308 nimis,
931 5246 1189 5318 eratque
1262 5239 1356 5299 vir
1399 5234 1504 5300 ille
1550 5234 2026 5317 magnus-inter

376 5313 621 5364 bitabant
650 5317 703 5366 in
737 5318 968 5382 Oriente.
1090 5313 1105 5318 ’
1196 5318 1256 5367 Et
1286 5322 1438 5382 pater
1467 5320 1615 5368 dives
1640 5313 1912 5378 d'icitur,et
1934 5318 2023 5368 ﬁlii

376 5395 605 5461 omnes
636 5381 1003 5442 Orientales.
1054 5383 1128 5442 Et
1172 5381 1349 5442 ibant
1410 5383 1523 5443 lilii
1566 5383 1723 5461 ejus,
1797 5388 1859 5442 et
1928 5383 2022 5442 fa-

374 5456 682 5523 cpnpordes,
716 5461 880 5523 patris
910 5461 1199 5512 dividenda
1220 5460 1359 5512 inter
1378 5475 1468 5511 eos
1490 5456 1789 5512 substantia
1821 5461 2021 5521 aderat,

373 5518 621 5604 ciebant
719 5518 1016 5586 convivia
1117 5544 1227 5604 per
1323 5526 1567 5598 domos,
1684 5518 2021 5604 unusquis¥

371 5598 533 5650 corda
561 5602 1012 5652 tamenomniuui
1040 5598 1267 5653 indivisa
1298 5606 1526 5656 charitas
1556 5607 1842 5656 retinebat.

373 5681 496 5742 que
540 5662 603 5723 in
650 5666 748 5726 die
793 5686 926 5727 suo.
979 5671 1051 5727 Et
1123 5669 1441 5730 mittentes
1512 5671 1824 5731 vocabant
1898 5675 2023 5728 tres

378 5761 626 5808 sorores
668 5765 836 5819 suas,
884 5753 953 5807 ut
996 5749 1398 5809 comederent
1440 5757 1502 5810 et
1545 5751 1835 5811 biberent
1877 5767 2019 5810 cum

1073 5825 1284 5888 Septem
1317 5828 1427 5878 dies
1457 5829 1799 5891 ﬁniebantur,

384 5886 492 5949 eis.
537 5890 821 5969 Cumque
867 5890 926 5947 in
974 5886 1189 5951 orbein
1241 5892 1607 5954 transissent
1676 5886 1807 5955 dies
1879 5911 2025 5954 con—

2047 3553 2097 3616 A

2060 4926 2108 4990 Β
2138 4917 2256 4988 Qui
2327 4915 2736 4995 respondens,

2224 3556 2289 3591 ex
2321 3543 2420 3591 hoc
2450 3543 2606 3591 etiam
2637 3540 2967 3590 sanctitatem
2998 3543 3051 3588 et
3078 3537 3385 3600 religionem
3410 3546 3572 3600 suam
3586 3536 3741 3600 esten
3762 3558 3785 3570 -

2132 3606 2298 3678 vivii,
2350 3606 2637 3665 mittebat
2681 3605 2757 3665 ad
2822 3623 2927 3664 eos
2995 3601 3139 3673 Job,
3177 3595 3271 3661 "et
3340 3595 3773 3678 sanctiﬁcabat

2127 3686 2226 3743 dit,
2258 3676 2385 3749 quia
2424 3687 2497 3734 ita
2550 3685 2700 3747 cupit
2743 3697 2853 3743 eos,
2904 3684 3040 3749 sicut
3080 3681 3441 3749 semetipsum,
3479 3677 3599 3749 _De_o
3644 3676 3773 3749 irre-

2128 3739 2291 3818 illos,
2362 3739 2870 3876 consui'g'ensque
2939 3745 3214 3806 diluculo
3273 3739 3585 3804 'oﬁ‘erebat
3637 3739 3768 3828 Oho-

2128 3828 2517 3876 ni-ebeusibiles
2546 3828 2766 3876 exhiber
2804 3864 2814 3873 .
2852 3828 2910 3875 In
2939 3825 3040 3875 hoc
3079 3828 3299 3876 apparet
3342 3822 3767 3876 promogenitum

2128 3828 2517 3892 prehensibiles
2546 3822 2814 3892 exhibere.
2852 3828 2910 3892 In
2939 3825 3299 3892 liocapparet
3342 3822 3767 3892 promogenitum

2130 3882 2417 3952 locausta
2486 3910 2597 3970 per
2667 3890 2970 3968 singulos.
3004 3882 3303 3970 “Dicebat
3344 3882 3357 3884 “
3384 3884 3564 3970 enim
3593 3882 3714 3970 Job
3748 3901 3763 3943 :

2128 3972 2308 4029 fuisse,
2342 3970 2433 4033 qui
2462 3961 2855 4019 Holocaustn'et
2883 3967 3194 4033 sacriﬁcium
3226 3963 3496 4033 oﬁerebat.
3535 3961 3768 4033 Scriptor

2131 4038 2216 4095 Ne
2288 4026 2450 4094 forte
2521 4033 2918 4112 peccaverint
2990 4031 3099 4090 ﬁlii
3185 4031 3327 4112 mei,
3428 4032 3489 4087 et
3564 4026 3765 4112 _bene-

2130 4114 2355 4163 mutavit
2384 4104 2619 4162 sensum.
3289 4108 3516 4157 Securus
3547 4104 3613 4153 de
3643 4117 3771 4165 ope-

2126 4186 2400 4245 dixerint
2441 4188 2570 4246 Deo
2625 4184 2687 4243 in
2743 4182 3039 4244 cordibus
3107 4182 3254 4242 suis.
3330 4180 3432 4241 Sic
3501 4174 3768 4237 faciebat

2125 4266 2274 4320 ribus
2304 4265 2425 4314 ideo
2456 4264 2626 4314 corda
2657 4262 2969 4313 mandabat.

2124 4338 2247 4399 .lob
2291 4337 2532 4397 eunetis
2576 4334 2821 4395 diebus.
2876 4332 3161 4404 Quadam
3213 4336 3420 4392 autem
3465 4327 3585 4398 die,
3631 4343 3771 4386 cum

2346 4425 2461 4473 Non
2495 4423 2666 4472 solum
2702 4425 2779 4473 An
2822 4422 2933 4471 elos
2960 4422 3073 4479 Dei,
3106 4420 3199 4470 sed
3229 4419 3386 4469 etiam
3415 4427 3599 4467 omnes
3635 4414 3768 4462 San-

2346 4497 2447 4545 ent
2488 4486 2711 4545 Annali
2752 4436 2963 4545 (ἵίαίω
3011 4484 3174 4545 Filiil
3217 4483 3348 4545 Dei.
3397 4487 3462 4540 ut
3530 4477 3768 4538 assiste-

2129 4487 2447 4548 venissent
2488 4486 2711 4564 Angeli
2752 4477 2963 4564 (Vulg.
3011 4477 3174 4561 Filii)
3217 4483 3348 4564 Dei,
3397 4487 3480 4564 ut_
3530 4477 3776 4564 assiste-

2131 4572 2243 4617 ctos
2265 4557 2637 4629 intelligamus.
2734 4557 3022 4629 Permissus
3042 4568 3121 4629 est
3137 4557 3191 4629 se
3214 4563 3447 4611 inserere
3467 4559 3522 4607 in
3541 4557 3773 4629 medium

2133 4638 2271 4691 rent
2313 4621 2523 4690 coram
2568 4629 2856 4701 Domino,
2906 4628 3106 4687 adfuit
3170 4628 3333 4686 inter
3402 4641 3508 4683 eos
3576 4621 3764 4680 etiam

2130 4712 2425 4761 Justorum.
2445 4710 2559 4757 Non
2580 4708 2877 4773 ignorantia
2901 4707 2989 4756 Dei
3009 4706 3289 4773 exprimitu
3299 4702 3437 4773 etsed
3457 4701 3568 4750 vias
3589 4713 3648 4748 su
3658 4712 3775 4773 per:

2134 4777 2422 4835 Satanas.
2469 4761 2795 4835 Cuivdixit
2866 4761 3227 4831 Dominus:
3306 4767 3477 4829 Unde
3544 4761 3774 4823 venis?

2136 4854 2238 4901 bina
2262 4853 2460 4902 diaboli
2482 4852 2726 4901 nesciens
2753 4850 3145 4900 damuavit.Per
3164 4848 3264 4898 hoc
3307 4847 3456 4896 labor
3474 4842 3672 4892 diaboli
3700 4841 3776 4890 di-

2820 4914 2956 4975 ait:
3028 4911 3297 4973 Circuivi
3393 4917 3645 4979 terram,
3715 4910 3777 4965 et

2139 4997 2430 5060 gnoscitur,
2461 4995 2701 5057 adeoque
2731 4997 2980 5056 quantus.

2138 5046 2573 5139 perambulavi
2618 5046 2631 5057 ’
2682 5046 2845 5117 eam.
2936 5054 3228 5133 Dixitque
3309 5050 3609 5139 Dominus
3690 5046 3770 5139 ad

2412 5148 2465 5196 in
2489 5146 2621 5197 coelo
2638 5150 2775 5195 stare
2796 5143 3200 5207 contempsit...
3221 5142 3417 5191 electos
3437 5151 3564 5187 suos
3578 5134 3772 5200 justiti-

2136 5238 2327 5281 eum:
2378 5219 2700 5298 Numquid
2770 5215 3191 5298 considerasti
3232 5228 3521 5298 puerum
3567 5225 3771 5267 meum

2134 5300 2334 5350 cand...
2366 5294 2619 5349 nimirum
2649 5296 2889 5361 apostola
2919 5295 3142 5360 angelus
3170 5294 3375 5345 fuisset.

2135 5373 2256 5435 Job
2288 5373 2458 5452 quod
2502 5389 2627 5432 non
2673 5357 2753 5429 sit
2795 5369 2851 5428 ei
2912 5357 3131 5429 similis
3190 5367 3252 5427 in
3324 5369 3512 5433 terra,
3586 5357 3772 5419 homo

2355 5460 2498 5510 Idem
2531 5459 2675 5522 quod
2696 5471 2880 5520 supra.

2135 5524 2401 5603 simplex
2443 5530 2506 5585 et
2548 5519 2777 5595 rectus,
2825 5526 2887 5580 et
2918 5601 2927 5603 4
2956 5519 3184 5581 timens
3251 5519 3613 5603 Deumuac
3686 5527 3773 5569 re-

2136 5595 2362 5665 cedens
2433 5624 2471 5665 a
2514 5604 2739 5664 malo?
2823 5601 2935 5662 Cui
3020 5597 3419 5679 respondens_
3465 5595 3767 5679 __Satapas.

2136 5699 2195 5733 ac
2219 5686 2261 5734 si
2288 5689 2468 5749 aperte
2498 5684 2640 5749 dicat
2661 5698 2673 5731 :
2690 5682 2792 5749 Qui
2824 5685 2903 5731 tot
2920 5680 3060 5749 bona
3083 5671 3139 5729 in
3158 5685 3300 5749 terra
3318 5671 3654 5749 r‘ecipitquid
3676 5671 3768 5718 mi-

2135 5749 2269 5809 ait:
2320 5739 2652 5828 Numquid,
2679 5739 2909 5828 frustra
2956 5745 3133 5806 timet
3171 5741 3513 5828 JobDeum
3543 5739 3573 5798 ?
3615 5752 3768 5825 non-

2134 5842 2252 5879 rum
2285 5832 2383 5885 est,
2409 5829 2449 5876 si
2482 5821 2578 5893 pro
2602 5827 2686 5893 eis
2715 5839 2829 5876 sese
2860 5825 3175 5893 innocenter
3203 5821 3378 5893 gerit?

2136 5912 2212 5958 ne
2259 5900 2322 5956 tu
2367 5889 2617 5956 vall'asti
2660 5909 2828 5965 eum,
2874 5907 2947 5953 ac
2990 5889 3247 5952 domum
3293 5889 3450 5967 ejus,
3525 5889 3766 5944 univer-
