3970 6380
388 395 542 496 1'487
1880 437 1922 492 Α
1937 427 2297 492 PPENDIX.
3641 417 3811 492 1488‘

996 567 1258 630 CAPUT
1300 568 1405 629 IX.
2064 569 2120 634 Α
2301 626 2316 634 _
2365 626 2379 634 _
2519 632 2525 634 Α
2893 565 3037 634 hunc
3065 563 3361 629 probando,
3466 632 3472 634 _
3521 523 3797 634 illuman

442 727 734 776 Notaverat
753 725 950 776 Baldad
975 729 1220 776 sanctum
1241 727 1508 790 Job,quod
1531 726 1631 775 sibi
1650 726 1715 775 de
1735 724 2034 788 sanctitate,

463 798 869 876 Respondeas
950 798 1094 876 Job,
1182 799 1314 858 ait:
1360 799 1512 858 Fere
1566 797 1694 856 sico
1739 795 1906 876 quod
1951 796 2039 856 ita

384 879 436 926 et
459 875 773 927 innocentia
800 875 1151 938 blandiretur;
1171 881 1225 926 et
1246 877 1311 926 ab
1340 877 1442 926 hoc
1467 879 1541 925 ita
1561 877 1608 925 ei
1637 875 1736 926 Job
1758 875 1943 938 incipit
1961 889 2039 924 re-

383 941 486 1008 sit,
531 941 705 1020 quod
776 959 901 1001 non
966 916 1417 1018 justiiicabitur
1499 940 1690 1020 homo
1735 916 2040 1018 comlposi-

386 1019 672 1082 spondere,
705 1021 1018 1084 suppositus
1051 1020 1157 1069 Deo
1184 1020 1444 1084 justitiam
1476 1019 1678 1082 recipit,
1712 1020 2040 1080 compositus

386 1089 484 1142 tus
553 1086 708 1146 Deo.
760 1085 826 1146 Si
867 1084 1136 1144 voluerit
1180 1083 1558 1144 contendere
1601 1100 1743 1142 cum
1767 1099 1862 1154 eo,
1913 1100 2037 1142 non

386 1162 596 1212 amittit.
1058 1175 1154 1225 pro
1183 1163 1530 1213 universitate
1559 1161 1838 1211 hominum
1869 1162 2037 1224 ponit.

385 1227 616 1305 poterit
669 1226 1050 1306 respondere
1134 1227 1190 1286 ei
1276 1245 1469 1286 unum
1533 1226 1612 1306 de
1684 1225 1876 1284 mille.
1923 1228 2039 1306 Sa-

1506 1305 1626 1366 quis
1657 1309 1843 1354 contra
1863 1305 2037 1353 Domi-

385 1368 563 1446 piens
633 1368 822 1428 corde
883 1373 999 1442 est,
1057 1373 1118 1428 et
1164 1367 1342 1428 fortis
1402 1369 1647 1441 robore,
1685 1369 1824 1445 quis
1870 1368 2043 1428 resti-

387 1461 518 1525 num
531 1459 830 1525 agens,non
847 1448 946 1497 sibi
963 1447 1159 1525 bellum
1182 1449 1270 1525 irae
1289 1449 1406 1525 ejus
1419 1448 2044 1525 commpvit‘tSuperbi‘et

389 1512 465 1590 tit
547 1510 604 1572 ei
687 1520 748 1572 et
831 1529 1053 1590 pacem
1139 1510 1406 1571 habuit?
1490 1511 1639 1582 Quis
1726 1510 2045 1571 transtulit

389 1589 541 1640 elataa
571 1591 783 1649 mentis,
814 1589 905 1654 qui
930 1591 1232 1640 nescientes
1252 1592 1433 1648 Deum,
1456 1605 1553 1654 pro
1571 1590 1882 1640 inﬁdelitate
1918 1590 2040 1639 sub-

392 1660 662 1727 montes,
748 1660 812 1715 et
880 1655 1240 1716 nescierunt
1322 1654 1408 1728 hi,
1499 1673 1656 1732 quos
1740 1654 2046 1713 subvertit

388 1734 529 1782 versi
559 1738 702 1783 sunt.
1392 1732 1702 1783 Judzeorum
1742 1733 1948 1795 plebem
1979 1733 2044 1783 de

388 1806 455 1866 in
539 1805 749 1866 furore
829 1823 967 1865 suo.
1055 1804 1172 1876 Qui
1255 1811 1610 1864 commovet
1693 1811 1922 1866 terram
1969 1805 2046 1864 de

431 1884 565 1934 atria
583 1898 697 1934 sua.
921 1882 1249 1942 Sacerdotes,
1281 1883 1364 1933 vel
1393 1883 1623 1934 Judices.

417 1965 534 2009 oco
617 1966 755 2020 suo,
842 1951 904 2006 et
986 1948 1296 2008 columnae
1380 1948 1515 2025 ejus
1577 1947 2122 2019 concutiuntur.B

579 2035 896 2084 adveniente
925 2039 1100 2084 nocte.
1734 2034 2050 2084 adveniente

391 2097 511 2170 Qui
569 2099 860 2178 praecipit
943 2099 1084 2174 soli,
1130 2103 1193 2158 et
1275 2115 1401 2158 non
1446 2098 1685 2168 oritur;
1734 2105 1795 2158 et
1837 2099 2052 2158 stellas

392 2178 497 2228 die.
559 2239 594 2241 μ
837 2240 843 2241 γ
1015 2239 1024 2241 A
1116 2187 1122 2193 ‘
1170 2239 1176 2241 Α
1407 2240 1410 2241 ν
1565 2180 1623 2227 ln
1655 2178 1736 2226 his
1758 2178 2052 2241 potentiam

391 2239 630 2302 claudit
672 2240 868 2320 quasi
935 2239 1050 2301 sub
1135 2239 1484 2320 signaculo.
1572 2242 1690 2314 Qui
1762 2239 2047 2302 extendit

389 2320 656 2370 Creatoris
684 2319 935 2370 ostendit.

393 2385 588 2446 caelos
659 2384 853 2458 solus,
941 2388 1004 2442 et
1087 2382 1376 2460 graditur
1418 2402 1606 2462 super
1652 2383 1881 2444 ﬂuctus
1927 2402 2054 2444 ma-

398 2465 459 2513 ln
472 2463 555 2513 bis
569 2463 778 2513 stellam
797 2462 1000 2512 indicat
1012 2475 1225 2512 omnem
1239 2462 1480 2512 militiam
1497 2468 1763 2513 astrorum
1782 2463 1847 2512 ad
1863 2464 1956 2513 Dei
1973 2477 2054 2512 re-

395 2529 503 2588 ris.
590 2527 706 2599 Qui
789 2526 941 2587 facit
1041 2528 1400 2599 Arcturum,
1508 2534 1570 2587 et
1652 2526 1908 2598 Oriona,
1994 2531 2057 2586 et

430 2608 573 2670 imen
591 2605 1160 2670 pertinere.lnteriores
1179 2605 1502 2670 Angelorum
1517 2606 1727 2656 choros.
1746 2607 1907 2655 Nullis
1939 2606 2053 2670 qui-

456 2669 674 2748 yadas,
789 2675 859 2748 et
957 2669 1286 2748 interiora:
1371 2671 1592 2730 austri.
1705 2671 1823 2741 Qui
1907 2669 2058 2735 facit

401 2747 527 2798 dem
543 2753 684 2799 retro
708 2747 913 2799 saeculis
935 2748 1248 2811 suspicabile
1270 2747 1384 2807 fuit,
1418 2753 1477 2797 ut
1491 2749 1895 2808 homo,terra,et
1924 2749 2059 2804 cinis

411 2830 644 2890 magna
724 2819 786 2874 et
867 2811 1529 2890 incomprehensibilia
1613 2818 1674 2873 et
1716 2812 2056 2893 mirabilia,

405 2899 732 2964 Angelorum
754 2900 978 2950 ccetibus
1001 2902 1335 2962 aggregetur.
1351 2899 1675 2964 Nonvidebo
1697 2900 2060 2964 corporalibus

407 2963 676 3042 quorum
722 2983 848 3024 non
892 2969 985 3023 est
1051 2981 1372 3023 numerus.
1421 2963 1486 3023 Si
1528 2963 1768 3024 venerit
1809 2964 1888 3024 ad
1934 2982 2054 3039 me,

404 3043 1078 3120 oculis,quis_spiritus.esta
1094 3042 1137 3118 si
1156 3057 1288 3120 mete
1306 3044 1606 3120 prmsentiaa
1629 3057 1739 3120 pou
1764 3057 1818 3092 se
1840 3044 2058 3106 prmbet.

403 3126 530 3168 non
573 3105 840 3168 videbo:
928 3107 979 3166 si
1022 3105 1245 3166 abierit
1305 3126 1431 3166 non
1494 3105 1856 3184 intelligam
1888 3126 2053 3168 eum.

403 3186 456 3237 Si
471 3187 648 3236 subito
667 3188 921 3251 provocat
934 3199 1031 3235 nos
1053 3185 1117 3234 ad
1127 3185 1653 3248 judicium,creatura
1666 3188 2057 3241 contremiscet.

401 3259 468 3322 Si
513 3265 770 3338 repente
839 3259 1206 3336 interroget,
1274 3258 1414 3338 quis
1499 3259 1906 3348 respondebit.
1951 3260 2059 3320 ei?

1696 3344 1789 3387 Per
1817 3344 1946 3388 iram
1975 3354 2059 3388 se-

1697 3354 1789 3387 rer
1817 3354 1946 3388 iram
2037 3367 2057 3378 ·

399 3401 506 3481 νει
544 3400 685 3481 quis
727 3401 933 3461 dicere
997 3406 1227 3478 potest,
1276 3419 1387 3461 cur
1429 3401 1628 3481 facis?
1674 3405 1837 3462 Deus
1878 3354 2057 3481 cujstfs

399 3479 597 3530 veritas
627 3480 1038 3544 demonstratur.
1479 3480 1578 3539 Qui
1601 3495 1755 3531 curas
1777 3479 2058 3544 praesentis

402 3543 689 3624 resistere
744 3543 854 3604 ira:
939 3561 1123 3603 nemo
1194 3547 1424 3624 potest,
1454 3551 1550 3624 Aet
1593 3545 1708 3605 sub
1752 3543 1878 3624 quo
1923 3565 2058 3606 cur-

401 3623 580 3674 sasculi
613 3624 858 3682 tolerant,
891 3626 1182 3671 curvantur
1211 3622 1524 3674 deﬁciendo.

401 3695 632 3750 vantur
713 3686 822 3766 qui
905 3691 1162 3765 portant
1243 3685 1484 3747 orbem.
1571 3688 1854 3758 Quantus
1905 3707 2054 3766 ergo

1541 3767 1640 3826 Qui
1669 3768 1832 3817 verba
1860 3769 2055 3818 vermis

401 3848 542 3892 sum
587 3848 704 3920 ego
749 3828 860 3958 qui
929 3829 1342 3908 respondeam
1405 3829 1510 3890 ei?
1553 3837 1614 3891 et
1646 3830 1870 3910 loquar
1912 3851 2049 3892 ver-

401 3914 454 3958 et
483 3909 678 3958 cineris
719 3925 750 3958 a
815 3908 998 3958 divina
1017 3909 1276 3958 eloauia?

401 3914 454 3960 et
483 3908 678 3960 cineris
719 3908 785 3958 ad
815 3908 998 3960 divina
1017 3909 1232 3972 eloquia
1250 3910 1276 3956 7

402 3974 499 4035 bis
583 3974 738 4034 meis
821 3991 964 4034 cum
1048 3963 1166 4034 eo'?
1241 3971 1358 4044 Qui
1441 3963 1686 4033 etiamsi
1769 3973 2051 4036 habuero

1149 4066 1259 4102 non
1294 4052 1360 4102 de
1383 4065 1504 4102 mea
1527 4053 1733 4116 justitia
1762 4053 2048 4116 gloriabor,

401 4114 745 4196 quippiam
807 4112 1101 4196 _justum,
1190 4134 1316 4176 non
1438 4112 1854 4196 respondebo,
1942 4119 2051 4180 sed

400 4193 494 4244 sed
522 4193 703 4243 meum
728 4193 964 4256 judicem
995 4194 1322 4258 deprecabor
1345 4198 1406 4243 ut
1435 4193 1696 4260 propitius
1716 4196 1799 4246 sit.

401 4284 610 4327 meum
689 4265 969 4346 judicem
1042 4266 1476 4346 deprecabor"
1566 4269 1640 4327 Et
1725 4286 1866 4328 curn
1951 4269 2050 4329 in-

1241 4347 1312 4394 De
1342 4345 1521 4395 futuro
1557 4346 2048 4412 judicioiloquitur,

397 4415 736 4490 vocantem
815 4408 1166 4490 exaudierit
1249 4427 1368 4482 me,
1435 4408 1572 4470 non‘
1647 4411 1833 4471 credo
1861 4408 2048 4490 'quod

397 4489 454 4539 in
477 4503 583 4554 quo
614 4493 667 4538 et
695 4488 842 4539 electi
875 4488 1240 4552 trepidabunt.
1430 4489 1682 4538 Diabolus
1715 4488 2045 4554 intelligitur.

397 4553 666 4614 audierit
707 4571 924 4614 vocem
1013 4570 1238 4613 meam.
1285 4554 1356 4614 In
1401 4554 1650 4614 turbine
1693 4554 1856 4614 enim
1904 4553 2042 4616 cona

1371 4646 1536 4694 super
1553 4633 1775 4682 materia
1804 4633 2047 4684 diabolus

2150 626 2321 715 quod
2364 626 2611 688 locutus
2653 646 2816 703 sum,
2877 635 2939 690 et
2980 626 3375 691 innocentem
3419 632 3484 689 et
3525 626 3794 706 impium

2145 706 2684 848 ilpgedoconsumit.
2759 772 2823 832 Si
2885 771 3188 848 ﬂagellat,
3260 769 3509 832 occidat
3575 769 3793 841 semel,

2239 849 2512 926 diabolum
2542 850 2714 898 ridere
2741 853 3143 926 nonpatiatur.‘
3368 913 3380 925 _
3409 913 3423 926 .
3514 918 3524 926 _
3603 849 3794 926 _‘Caro

2147 917 2376 992 etnon
2439 912 2514 971 de
2589 913 2790 992 pugnis
2859 912 3262 975 innocentum
3333 913 3556 973 rideat.
3603 915 3798 974 Terra

2148 991 2265 1054 ejus
2287 991 2610 1049 adversario,
3110 1055 3113 1056 ν
3144 993 3456 1056 sapientiam
3484 991 3795 1056 obumbrat;

2147 1055 2294 1115 data
2339 1061 2431 1114 est
2512 1058 2572 1114 in
2620 1073 2886 1128 ,manus
2971 1055 3168 1133 impii,
3205 1054 3466 1116 wvultum
3505 1054 3792 1133 judicum

2147 1147 2214 1182 ne
2259 1140 2553 1197 agnoscant
2559 1136 2577 1197 j
2589 1134 2767 1184 udices
2785 1140 2935 1184 terra;
2949 1134 3541 1184 veritatem.Deussolus
3557 1134 3798 1184 adversa-

2666 1200 2843 1270 Quod
2929 1199 2979 1257 si
3083 1218 3206 1258 non
3291 1199 3416 1271 ille,
3463 1197 3602 1276 quis
3644 1215 3795 1275 ergo

2844 1279 2964 1327 Dies
2995 1276 3262 1328 felicitatis
3283 1291 3432 1338 mem,

2495 1339 2702 1418 esse]?
2745 1341 2886 1402 Dies
2971 1341 3093 1401 mei
3163 1341 3503 1401 velociores
3546 1340 3799 1399 fuerunt

3026 1420 3340 1470 meritorum
3369 1419 3795 1469 retributionem.

2152 1500 2445 1553 cursore;
2511 1483 2808 1559 fugerunt
2890 1488 2952 1542 et
2994 1502 3118 1544 non
3203 1483 3494 1544 viderunt
3533 1483 3793 1542 bonum.

2151 1561 2250 1636 Qui
2276 1575 2433 1636 poma
2447 1562 2760 1636 portat,_aliis
2772 1563 2949 1636 cibum
2963 1563 3184 1621 vehit,et
3195 1563 3294 1612 sibi
3305 1563 3470 1613 odore
3481 1561 3800 1636 tantumuti-

2152 1626 2656 1685 Pertransierunt
2737 1627 2918 1704 quasi
2974 1645 3163 1687 naves
3224 1644 3412 1704 poma
3457 1630 3797 1704 portantes,

2153 1708 2257 1754 tur.
2322 1706 2400 1754 Ita
2428 1704 2652 1755 felicitas
2671 1718 2792 1754 mea
2819 1707 3054 1756 recessit.
3120 1705 3482 1769 Reprehendit
3501 1718 3557 1754 se
3587 1705 3802 1769 incaute

2153 1769 2314 1828 sicut
2355 1769 2570 1846 aquila
2651 1770 2868 1830 volans
2911 1769 2992 1830 ad
3075 1768 3302 1830 escam.
3338 1770 3490 1829 Cum
3546 1768 3799 1828 dixero:

2153 1847 2218 1896 de
2243 1848 2482 1896 obscuris
2511 1847 2676 1910 loqui.
3224 1849 3406 1898 Tristis
3435 1846 3804 1910 amaritudinis

2155 1909 2594 1989 Nequaquam’
2674 1911 2764 1972 ita
2844 1911 3090 1990 loquar,
3178 1918 3498 1973 commuto
3580 1909 3803 1990 faciem

2153 1991 2318 2041 verba
2346 1990 2676 2054 depromam.
2934 1989 2948 1990 ί
3331 1991 3593 2050 Quoniam
3621 2003 3708 2038 om
3717 1989 3806 2054 nia

2163 2053 2425 2125 meam,’
2475 2060 2537 2114 et
2579 2054 2796 2114 dolore
2880 2061 3198 2132 torqueor.
3272 2054 3550 2115 Verebar
3590 2053 3806 2114 omnia

2160 2134 2367 2183 incerta
2394 2133 2751 2183 servabuntur
2779 2133 2831 2182 in
2863 2133 3062 2183 futuro.

2160 2215 2354 2277 opera
2399 2215 2558 2269 mea,
2646 2197 2845 2277 sciens
2880 2276 2889 2277 ί
2927 2197 3096 2274 quod
3141 2215 3266 2277 non
3350 2213 3638 2277 parceres
3692 2194 3804 2277 de-

2412 2277 2520 2326 Hoc
2541 2278 2636 2334 est,
2669 2277 2710 2325 si
2743 2276 2806 2324 ad
2843 2273 3059 2339 plenum
3083 2289 3167 2325 me
3197 2273 3517 2339 investigare
3553 2273 3802 2332 volueris,

2163 2339 2492 2418 linquenti.
2583 2340 2644 2399 Si
2731 2347 2940 2400 autem
3027 2345 3089 2399 et
3170 2340 3257 2400 sic
3340 2339 3570 2417 impius
3639 2355 3800 2409 sum,

2163 2417 2761 2488 immundusinveniar.
2801 2481 2816 2488 _
2866 2481 2881 2488 _
3067 2480 3079 2488 .
3113 2481 3138 2488 Α
3253 2481 3308 2488 __
3383 2417 3807 2488 velinnocentim

2163 2501 2358 2560 quare
2468 2484 2697 2542 frustra
2801 2480 3140 2542 laboravi?
3249 2481 3312 2542 Si
3383 2480 3546 2541 lotus
3627 2481 3805 2560 fuero

2164 2559 2357 2637 nitore,
2377 2561 2459 2611 vel
2488 2561 2848 2637 gratim..Quia
2868 2561 3106 2637 quandiu
3137 2560 3237 2637 hac
3257 2561 3596 2637 corruptione
3629 2559 3805 2609 indui-

2167 2626 2346 2704 quasi
2407 2625 2586 2704 aquis
2647 2625 2826 2696 nivis,
2887 2630 2949 2684 et
3017 2625 3304 2684 fulserint
3382 2625 3551 2685 velut
3621 2641 3803 2683 mun-

2168 2719 2303 2764 mur,
2335 2718 2444 2754 non
2474 2704 2632 2768 plene
2663 2704 2849 2753 mundi
2881 2717 3082 2754 sumus.

2167 2769 2436 2830 dissimm
2475 2764 2707 2829 'manus
2791 2787 2973 2840 meae,
3047 2774 3254 2828 tamen
3299 2765 3583 2856 sordibus
3625 2764 3812 2825 intin-

2941 2861 3134 2910 COI‘pUS
3162 2859 3339 2896 meum
3363 2852 3693 2910 immundum
3725 2859 3810 2893 me

2168 2929 2276 2990 ges
2363 2929 2499 2982 me;
2587 2915 2649 2970 et
2716 2909 3259 2990 abominabunturi
3304 2927 3401 2969 me
3442 2909 3809 2990 vestimenta

2169 2987 2308 3039 fecit.
3130 2991 3212 3038 Ille
3245 2989 3384 3037 Deus
3412 2992 3507 3048 est,
3531 3002 3630 3051 ego
3647 2987 3810 3037 homo

2170 3073 2330 3115 mea.
2408 3055 2620 3131 Neque
2694 3052 2858 3112 cnim
2913 3053 3068 3125 viro,
3116 3053 3224 3131 qui
3268 3052 3483 3111 similis
3526 3051 3656 3131 mei
3688 3057 3806 3125 est,

2697 3133 3007 3195 Quiajudex
3037 3129 3228 3182 melior
3254 3136 3432 3192 esteo,
3451 3132 3542 3194 qui
3565 3129 3807 3195 judican-

2169 3195 2584 3275 respondebo.
2659 3194 2874 3276 Neque
2943 3197 3050 3275 qui
3134 3214 3376 3256 mecum
3460 3196 3521 3254 in
3567 3194 3818 3276 judicio

2169 3274 2397 3325 dus'est.
2775 3274 2790 3276 ’
2887 3317 2908 3334 _,
2969 3274 3263 3325 ’Potentem
3296 3276 3458 3324 Deum
3490 3274 3607 3337 quis
3636 3276 3811 3336 potest

2170 3359 2247 3401 ex
2292 3358 2473 3418 sequo
2545 3339 2740 3417 possit
2791 3329 3014 3399 audiri.
3091 3341 3224 3399 Non
3289 3329 3810 3418 estiqu'iuut'rum-

2167 3415 2388 3482 arguere
2419 3415 2572 3482 quasi
2602 3418 2843 3482 iniquum
2865 3421 2888 3466 ?
3381 3417 3510 3474 Quia
3538 3415 3622 3465 ille
3651 3417 3811 3466 homo

2167 3502 2290 3562 que
2391 3483 2617 3562 valeat
2699 3500 2983 3560 arguere,
3090 3492 3152 3542 et
3235 3499 3466 3562 ponere
3521 3498 3807 3562 Jma‘num

2168 3559 2222 3612 et
2251 3561 2700 3638 Deusapparuit.‘
2771 3559 2795 3638 ξ
2974 3626 2987 3638 ι
3060 3624 3084 3638 Α
3194 3561 3404 3638 plagam
3425 3559 3805 3636 castigationis.

2166 3645 2344 3686 suam
2428 3624 2492 3686 in
2577 3624 2911 3686 ambobus.
2956 3624 3215 3685 Auferat
3287 3643 3325 3684 a
3408 3641 3504 3682 me
3560 3624 3800 3700 virgam

3446 3703 3593 3752 Tunc
3621 3706 3810 3765 potero

2165 3786 2368 3841 suam,
2402 3774 2464 3828 et
2492 3786 2688 3847 pavor
2734 3768 2869 3845 ejus
2925 3785 3048 3826 non
3095 3785 3194 3826 me
3267 3771 3520 3847 terreat.
3555 3767 3811 3844 Loquar

2163 3844 2510 3910 respondere,
2527 3847 2571 3895 si
2593 3847 2708 3896 hinc
2728 3844 2834 3897 duo
2857 3861 2890 3896 a
2907 3860 2990 3896 me
3011 3859 3280 3905 amoveas,
3301 3844 3352 3894 id
3373 3851 3691 3905 est,manum
3714 3859 3809 3908 po-

2163 3918 2225 3972 et
2293 3930 2417 3972 non
2490 3911 2724 3971 timebo
2807 3929 2974 3979 eum,
3047 3927 3249 3988 neque
3314 3910 3477 3970 enim
3549 3928 3803 3988 possum

2163 3991 2365 4040 testatis
2397 3994 2467 4050 ,et
2494 3991 2693 4053 virgam
2715 3989 3094 4054 castigationis.

2163 4061 2445 4116 metuens
2488 4056 2888 4133 respondere.

2795 4187 3051 4249 CAPUT
3096 4189 3144 4248 X
3159 4231 3172 4245 .

2221 4287 2294 4335 De
2323 4285 2426 4334 hoc
2453 4284 2712 4334 versiculo
2741 4285 2939 4334 dictum
2972 4288 3051 4333 est
3083 4283 3347 4346 superius.
3550 4281 3654 4341 Qui
3677 4294 3808 4331 con-

2237 4351 2454 4410 Taedet
2520 4349 2797 4409 animam
2872 4366 3075 4408 meam
3134 4345 3276 4407 vitae
3352 4363 3555 4418 meae;
3602 4345 3808 4406 dimit-

2160 4433 2242 4478 tra
2274 4431 2436 4478 Deum
2454 4428 2708 4492 loquitur,
2731 4428 2986 4478 adversus
3004 4441 3060 4492 se
3093 4427 3344 4492 loquitur.
3647 4426 3804 4476 Ama-

2158 4499 2284 4553 tam
2371 4491 2701 4552 adversum
2789 4509 2887 4551 me
2970 4491 3328 4569 eloquium,
3372 4504 3604 4569 meum.
3690 4492 3805 4548 Lo-

2153 4572 2331 4620 ritudo
2344 4572 2534 4643 puniat
2544 4571 2802 4643 quidquid
2818 4572 2997 4643 lingua
3010 4568 3306 4643 per_mentis
3313 4568 3572 4632 judicium
3589 4573 3802 4643 accusat

2158 4632 2361 4715 quari
2407 4636 2471 4694 in
2529 4632 2949 4715 amaritudine
3011 4632 3242 4715 animae
3288 4649 3523 4715 _meae;
3597 4632 3802 4715 dicam

2147 1199 2283 1286 ejus
2321 1199 2578 1286 .Operit.

2150 1278 2254 1326 rios
2283 1278 2464 1336 vincit,

2150 1346 2242 1400 est
2286 1345 2355 1416 [Α
2367 1341 2403 1400 Ι.

399 4701 557 4778 teret
604 4714 724 4768 me,
771 4701 833 4756 et
881 4695 1324 4778 multiplicabit
1377 4692 1643 4778 vulnera
1655 4715 1820 4778 mea
1862 4699 2049 4759 etiam
2081 4692 2126 4756 D
2165 4692 2319 4764 “iis;
2344 4692 3583 4778 ἀυέὶῖιῑῶἶιίὲέἡᾶιῖἐίέιίὶιοέ‹.1ἰοῑι,ᾳυὶδοᾳιιιῃῇω
3602 4705 3804 4778 Βθίρμιτ

396 4775 544 4826 addit
569 4789 802 4839 pmnam.
998 4777 1106 4824 Prw
1137 4776 1366 4838 quadam
1421 4775 1739 4839 aegritudine
1772 4776 1868 4825 hoc
1891 4779 1937 4826 ei
1965 4793 2054 4828 ac-

395 4839 527 4900 sine
570 4859 782 4900 causa.
860 4841 993 4900 Non
1081 4839 1368 4900 concedit
1434 4839 1822 4918 requiescere
1865 4841 2050 4919 spiri-

395 4919 542 4968 cidit.
962 4981 973 4984 _
1098 4981 1109 4984 _
1553 4981 1563 4984 _
1666 4981 1702 4984 __
1761 4920 1859 4984 “Ut
1887 4935 2050 4984 supra

392 4987 525 5042 tum
573 5001 807 5054 meum,
855 4986 918 5043 et
958 4981 1180 5059 implet
1226 4999 1325 5041 me
1369 4981 1918 5044 amaritudinibus.
1955 4981 2049 5047 _Si

391 5061 546 5127 dicit:
569 5063 735 5127 Cujus
765 5063 857 5111 ira:
890 5061 1135 5127 resistere
1157 5073 1318 5127 nemo
1349 5065 1540 5127 potest.

390 5124 691 5188 fortitudo
789 5125 1118 5205 qumritur,
1226 5124 1694 5186 robustissimus
1779 5132 1894 5187 est.
1982 5127 2048 5188 Si

1604 5205 1728 5269 quia
1757 5205 1844 5255 ille
1865 5207 2048 5256 omnia

391 5267 654 5348 aequitas
729 5267 979 5348 judicii,
1026 5286 1210 5348 nemo
1295 5286 1410 5346 pro
1496 5286 1594 5328 me
1621 5267 1828 5329 audet
1871 5273 2044 5332 testi-

390 5347 555 5411 novit.
1153 5347 1286 5405 Quia
1315 5349 1430 5397 sine
1450 5349 1790 5411 corruptione
1808 5362 1966 5399 nemo
1986 5353 2043 5401 in

392 5410 671 5469 monium
756 5411 984 5472 dicere.
1073 5411 1139 5472 Si
1214 5411 1563 5490 justiﬁcare
1607 5410 1705 5472 me
1757 5413 2037 5487 voluero,

388 5501 550 5537 carne
581 5489 726 5539 vivit.
1220 5489 1229 5490 “
1395 5493 1401 5500 ’
1451 5492 1492 5539 si
1526 5505 1608 5541 me
1642 5492 1921 5541 innoxium
1951 5497 2040 5545 de-

389 5569 458 5610 os
504 5571 707 5613 meum
782 5553 1227 5615 condemnabit
1313 5572 1447 5626 me;
1495 5556 1545 5614 si
1637 5555 2037 5620 innocentem

387 5634 536 5693 puto.

387 5695 736 5770 ostendere,
828 5713 1090 5772 pravum
1178 5715 1276 5758 me
1361 5698 1838 5776 comprobabit;
1885 5696 2038 5759 etsi

884 5776 1008 5838 quia
1036 5776 1124 5826 ille
1156 5777 1323 5839 magis
1343 5778 1510 5827 novit.

387 5836 653 5918 simplex
697 5836 915 5918 fuero;
973 5840 1091 5899 hoc
1160 5836 1383 5918 ipsum
1436 5841 1754 5918 ignorabit
1823 5842 2036 5904 anima

603 5929 700 5979 pro
728 5915 1013 5981 afflictione
1033 5915 1311 5979 pressantis
1340 5915 1507 5981 plaga:

388 5995 551 6051 mea,
583 5978 644 6040 et
669 5978 926 6041 taedebit
1009 5978 1106 6042 me
1192 5978 1356 6044 vitae
1421 5978 1598 6044 mete.
1687 5988 1897 6049 Unum
1929 5990 2024 6047 est

2161 4775 2360 4840 Deoz'
2418 4780 2559 4838 Noli
2671 4797 2769 4837 me
2851 4779 3309 4838 condemnare:
3397 4775 3604 4834 indica
3647 4775 3802 4834 mihi

2160 4856 2354 4907 dicium
2378 4859 2617 4908 nondum
2638 4858 3006 4921 cognoscebat.
3042 4858 3150 4905 Hoc
3180 4855 3373 4921 est,qui
3394 4853 3495 4921 _hic
3523 4853 3594 4902 ita
3624 4854 3800 4921 punis,

2160 4939 2270 4981 cur
2353 4941 2452 4983 mc
2519 4923 2608 4982 ita
2671 4916 2956 4996 judices?
3012 4916 3326 4998 Numquid
3394 4916 3802 4998 bonumgtibi

2157 5001 2379 5050 ostende
2403 5001 2550 5059 mihi,
2571 5004 2630 5050 ut
2646 5001 2749 5049 illic
2769 5014 2987 5049 securus
3017 4995 3225 5048 vadani.
3240 4999 3355 5048 Non
3367 4997 3644 5047 confirmat
3657 4995 3802 5047 hunc

2157 5078 2392 5123 sensum,
2422 5065 2514 5114 sed
2546 5063 2878 5114 discutiendo
2900 5069 2953 5111 et
2982 5062 3330 5126 subnegando
3353 5060 3602 5109 inﬁrmat.

2157 5121 2401 5189 videtur
2477 5127 2528 5188 si
2625 5127 3022 5188 calumnieris
3116 5121 3236 5202 me,
3337 5130 3399 5185 et
3483 5121 3801 5202 opprimas

3380 5203 3790 5262 Demoniorum,

2157 5288 2254 5331 me
2329 5289 2489 5350 opus
2599 5288 2856 5330 manum
2969 5275 3241 5340 tuarum,
3342 5273 3403 5328 et
3469 5264 3794 5326 consilium

2152 5350 2234 5398 vel
2265 5351 2554 5399 amicorum
2575 5350 2695 5399 Job.

2151 5413 2490 5493 impiorum
2563 5412 2872 5490 adjuves?
2956 5411 3275 5490 Numquid
3339 5408 3524 5493 _oculi
3591 5407 3796 5493 carnis

3339 5491 3455 5538 Non
3484 5491 3626 5537 errat
3655 5487 3795 5548 judi-

2153 5555 2362 5635 [Vulg.
2411 5555 2644 5633 carnei]
2735 5554 2846 5614 tibi
2927 5559 3093 5635 sunt,
3182 5559 3293 5635 aut
3353 5553 3550 5635 _rsicut
3631 5551 3794 5635 videt

2148 5631 2321 5684 cium'
2352 5639 2519 5697 tuum,
2555 5631 2692 5684 sicut
2747 5636 2968 5683 bonum.
3023 5633 3290 5696 Numquid
3337 5633 3452 5697 dies
3482 5631 3792 5697 mternitatis

2149 5699 2363 5771 homo,
2436 5693 2516 5759 et'
2580 5705 2645 5759 tu
2696 5698 2980 5757 videbis?
3076 5693 3395 5776 Numquid
3450 5695 3610 5755 sicut
3664 5693 3791 5753 dies

2147 5781 2251 5828 tuae
2281 5778 2540 5829 ﬁniuntur
2564 5780 2699 5829 sicut
2728 5777 3003 5828 hominum
3026 5779 3049 5826 ?

2146 5841 2416 5904 hominis
2503 5843 2634 5904 dies
2721 5843 2833 5914 tui,
2923 5848 2986 5902 et
3067 5840 3219 5901 anni
3288 5838 3379 5900 tui
3448 5837 3605 5898 sicut
3673 5834 3788 5896 hu-

3105 5933 3313 5972 summo
3343 5917 3521 5969 studio
3551 5916 3784 5979 requiras

2144 6004 2329 6049 mana
2414 5992 2561 6049 sunt
2645 5991 2951 6068 tempora,
3042 5992 3108 6048 ut
3191 6001 3438 6068 quaeras
3489 5979 3782 6062 iniquita-
