3970 6380
397 319 554 387 uss
585 313 672 410 χ

396 529 731 666 gglhetipso
763 587 1021 665 lugebit.

999 749 1255 813 CAPUT
1300 752 1428 812 XV.

475 855 1184 937 Respondensautem
1273 858 1530 937 Eliphaz
1611 859 2040 933 Themanites,

576 936 827 984 Sanctum
855 935 956 1001 Job
987 937 1261 1001 redarguit
1292 939 1342 986 in
1374 935 1628 1000 superbia
1658 953 1792 987 vana
1823 939 2049 1001 loquen-

395 997 590 1058 dixit:
682 999 1000 1077 Numquid
1088 997 1335 1079 sapiens
1406 997 1808 1080 respondebit
1864 997 2043 1080 quasi

395 1081 519 1127 tem.
1795 1083 2044 1132 Animum

392 1148 650 1222 ventum
714 1140 918 1222 [Vulg].
978 1143 1040 1202 in
1101 1144 1376 1221 ventum]
1452 1144 1736 1222 loquens,
1810 1151 1870 1204 et
1927 1146 2041 1204 im-

395 1221 511 1288 ejus
525 1221 962 1288 volui‘tindicare,
979 1222 1334 1288 quiadversus
1349 1225 1512 1272 Deum
1530 1221 1783 1287 tanquam
1801 1239 2046 1288 coaequa-

394 1283 499 1334 lem
532 1284 681 1332 irasci
718 1285 1132 1346 praisumpserit.

557 1346 675 1394 felle
709 1346 1017 1395 iracundiae.

390 1409 591 1490 plebit
671 1410 896 1469 ardore
980 1409 1380 1470 stomachum
1493 1430 1677 1471 suum
1703 1414 2046 1502 ?_“Arguis

388 1551 597 1613 verbis
651 1569 796 1612 eum
855 1551 963 1630 qui
1020 1571 1146 1632 non
1195 1559 1287 1612 est
1343 1552 1604 1632 aequalis
1645 1491 2045 1626 tuil'jlselellli)If

389 1632 700 1694 increpatur
728 1632 915 1681 beatus
938 1632 1038 1682 Job
1067 1631 1132 1680 ab
1164 1632 1398 1694 Eliphaz.
1424 1631 1427 1632 ⁷
1619 1633 1842 1682 Tantum
1875 1634 2045 1684 elatus

392 1695 602 1774 queris
659 1697 828 1773 quod
901 1695 1015 1755 tibi
1071 1715 1196 1755 non
1273 1695 1546 1774 expedit.
1607 1697 1921 1767 Quantum
1979 1699 2042 1757 in

392 1789 467 1834 es,
501 1779 558 1824 ut
577 1776 768 1824 timore
799 1775 993 1839 divino?
1013 1775 1082 1823 sis
1107 1789 1326 1839 vacuus.
1430 1778 1482 1822 et
1512 1775 1816 1839 dedigneris
1838 1778 2043 1839 precari

1889 328 2306 397 APPENDIX.

395 455 556 538 habet
587 463 641 512 in
671 461 1342 526 semetipsogaudium,sed
1363 462 1658 515 inDomino
1689 463 2032 529 gaudendum
2063 473 2116 538 Α
2147 471 2288 538 dicit.

3633 336 3804 400 *1496

2389 473 2523 541 Quia
2541 474 2786 526 diabolus
2806 475 2904 526 scit
2917 473 3178 540 judicium
3198 473 3626 541 perditionisipibi
3645 475 3796 541 futu-

2150 536 2305 614 ejus.
2361 539 2617 600 Sonitus
2673 536 2935 602 terroris
2989 541 3085 621 [In
3143 536 3312 621 Vulg.
3371 539 3793 621 desideratur],

2152 630 2272 666 rum
2295 633 2308 666 :
2999 620 3005 621 ⁷
3257 620 3262 621 ⁷
3412 621 3506 670 Hic
3533 620 3795 679 diabolus,

2152 679 2287 757 ejus
2344 699 2592 760 semper
2645 682 2709 741 in
2780 683 3037 743 auribus
3112 683 3297 755 illius,
3351 690 3414 744 et
3468 703 3610 744 cum
3669 703 3794 762 pax

2152 764 2204 826 et
2233 773 2392 826 omne
2422 775 2613 826 corpus
2643 762 2758 824 ejus
2787 763 3118 825 intelligitur.
3309 764 3508 825 Impius
3529 763 3792 826 desperat,

2153 823 2250 894 sit,
2287 825 2392 906 ille
2423 823 2681 906 insidias
2700 823 3074 904 suspicatur.
3120 829 3253 886 Non
3284 823 3481 888 credit
3508 823 3674 906 quod
3707 847 3799 888 re-

2153 904 2296 966 quod
2327 904 2392 954 ad
2424 905 2791 966 paenitentiam
2823 907 3009 956 reverti
3040 907 3223 968 possit.

2155 969 2327 1050 verti
2357 969 2655 1050 possitde
2689 970 2959 1050 tenebris
2993 967 3183 1048 Vulg.
3215 967 3386 1030 addit
3427 969 3503 1028 ad
3537 969 3790 1050 lucem],

2155 1047 2287 1096 Hinc
2317 1047 2440 1096 inde
2472 1048 2567 1097 sibi
2599 1049 2913 1110 prmstolans
2941 1047 3186 1098 martem.
3549 1047 3796 1100 Peccator

2153 1111 2684 1189 circumspectans
2762 1112 3039 1190 undique
3123 1111 3422 1191 gladium.
3493 1113 3643 1172 Cum
3729 1132 3795 1173 se

2153 1191 2218 1238 ad
2251 1191 2574 1252 stipendium
2603 1192 2726 1240 vita:
2757 1192 3053 1254 praesentis.
3263 1191 3478 1240 Diabolo
3498 1191 3629 1240 nihil
3649 1192 3793 1241 aliud

2157 1255 2420 1314 moverit
2475 1257 2552 1314 ad
2624 1255 3030 1327 quaerendum
3093 1272 3342 1332 panem,
3401 1255 3572 1314 novit
3622 1258 3794 1332 quod

2153 1334 2384 1398 occurrit
2406 1335 2602 1390 animo,
2622 1349 2782 1398 quam
2805 1341 3016 1397 tempus
3037 1333 3366 1398 illudjudicii
3390 1334 3478 1382 Dei
3510 1333 3795 1398 horribilis.

2153 1409 2262 1459 quo
2293 1397 2388 1472 sibi
2422 1397 2914 1472 pugnasperpetuas
2943 1397 3252 1472 irrpgandas
3280 1397 3598 1472 e‘xpavescit.

2156 1465 2413 1538 paratus
2483 1467 2546 1520 et
2604 1461 2670 1520 in
2719 1459 2909 1521 manu
2981 1459 3120 1538 ejus
3172 1459 3566 1520 tenebrarum
3633 1459 3789 1520 dies.

2157 1539 2420 1603 Pressuris
2452 1541 2811 1589 coarctabitur
2838 1554 2946 1602 prae
2975 1552 3175 1603 pavore
3201 1551 3503 1603 poenarum.

2153 1602 2438 1663 Terrebit
2486 1621 2629 1663 eum
2702 1601 3045 1674 tribulatio,
3119 1601 3519 1681 etiangustia
3589 1601 3791 1662 valla-

2524 1682 2801 1732 Diabolum
2833 1682 3112 1745 signiticet,
3143 1681 3228 1730 vel
3257 1681 3476 1744 impium
3504 1681 3795 1731 hominem.

2153 1743 2486 1824 bitieum,
2555 1745 2717 1806 sicut
2791 1743 3000 1823 regem
3075 1745 3184 1823 qui
3253 1743 3643 1824 praeparatur
3715 1745 3795 1804 ad

393 1823 467 1900 i6
510 1823 647 1912 est,
685 1823 1002 1898 evacuasti
1034 1916 1043 1918 Α
1082 1838 1396 1918 timorem,
1455 1844 1517 1898 et
1578 1823 2036 1918 tu‘listivprecwes

2154 1823 2244 1886 ηυί
2275 1823 2419 1874 θθηα
2445 1823 3483 1918 νίιίοξεηξιςξῖεξτξξιέῑίξξεέξξξξίηυῖ

394 1919 700 1969 Dominum.

393 1995 456 2031 os
484 1980 733 2044 loquitur.

393 2041 607 2106 coram
666 2046 814 2104 Deo.
875 2041 1100 2102 Docuit
1171 2041 1470 2119 iniquitas
1544 2048 1653 2102 tua
1709 2061 1777 2103 os
1834 2050 2034 2120 tuum,

741 2123 1227 2184 Blasphemautium
1259 2123 1425 2171 Deum
1457 2121 1747 2184 discipulus
1778 2137 1852 2172 es.

395 2192 458 2249 et
516 2185 782 2246 imitaris
837 2186 1118 2264 linguam
1195 2186 1798 2312 blasphemantiurﬂ.
1837 2189 2040 2315 .lCon-

1750 2283 1752 2288 ’
1776 2281 1848 2315 eri
1879 2281 1908 2316 8
1937 2281 2040 2315 δοτ-

399 2328 723 2390 demnabit
804 2332 863 2387 te
947 2345 1014 2389 os
1088 2334 1262 2388 tuum
1325 2333 1387 2387 et
1462 2344 1586 2386 non
1651 2346 1790 2407 ego.
1851 2331 2044 2390 Labia

401 2422 625 2459 monum
656 2412 872 2457 tuorum
894 2407 1134 2470 recipies.
1177 2468 1208 2471 η
1247 2470 1252 2471 ί
1325 2407 1423 2465 Qui
1444 2409 1654 2456 terrena
1675 2409 1831 2471 sapis,
1855 2423 1949 2458 cur
1979 2410 2043 2458 de

399 2477 511 2534 tua
594 2468 1064 2550 reSpondebunt
1147 2468 1280 2530 tibi.
1396 2468 1751 2548 Numquid
1807 2474 2045 2550 primus

401 2551 617 2602 aeternis
645 2549 912 2613 loqueris?
1103 2549 1239 2599 Ante
1263 2562 1450 2598 omnes
1471 2554 1740 2600 creaturas
1760 2549 2045 2613 angelicas.

403 2615 596 2675 homo
627 2612 940 2674 tu’natus
995 2631 1080 2686 es,
1141 2619 1202 2672 et
1249 2619 1393 2672 ante
1452 2613 1642 2674 colles
1689 2612 2045 2676 formatus?

403 2694 762 2758 Vehementer
774 2692 1448 2758 increpavitsanctuniJob,
1465 2693 1606 2758 quod
1623 2707 1676 2758 se
1691 2697 1903 2758 putaret
1923 2709 2048 2744 con-

407 2757 726 2827 Numquid
813 2755 1139 2816 consilium
1226 2756 1333 2815 Dei
1417 2755 1709 2827 audistif
1756 2764 1818 2817 et
1899 2760 2050 2819 infe-

407 2835 586 2900 silium
601 2833 693 2884 Dei
710 2835 923 2900 habere,
937 2839 989 2882 et
1002 2834 1229 2900 inferior
1240 2847 1306 2900 eo
1318 2833 1384 2882 sit
1403 2833 1584 2900 divina
1595 2836 1871 2900 sapientia.
1885 2839 2051 2900 Magis

404 2899 537 2959 rior
618 2903 680 2958 te
763 2898 880 2958 erit
962 2897 1096 2974 ejus
1178 2898 1485 2975 sapientia
1531 2899 1560 2956 ?
1643 2897 1803 2969 Quid
1887 2897 2051 2960 nosti

407 2982 630 3054 noverat
643 2977 816 3054 ipsum
837 2977 1116 3054 Christum,
1136 2980 1187 3026 et
1199 2977 1449 3054 mj’steria
1459 2990 1554 3054 per
1565 2977 1806 3052 spiritum
1821 2979 2049 3054 videbat.

408 3042 579 3122 quod
645 3040 1086 3122 ignoremus__?_
1129 3040 1279 3122 quid
1362 3040 1656 3122 intelligis
1715 3043 1883 3120 quod
1939 3062 2046 3104 ne-

672 3121 896 3170 Multum
919 3119 970 3168 hi
990 3119 1245 3169 differunt
1263 3120 1317 3168 in
1340 3120 1558 3185 scientia
1579 3119 1932 3185 quam’patres
1954 3124 2050 3182 tui,

860 1916 1085 1976 Quando
1115 1932 1174 1966 ex
1207 1917 1346 1966 mala
1361 1918 1445 1964 via
1471 1917 1768 1979 concipitur
1786 1916 1927 1982 quod
1948 1936 2041 1984 per

408 3185 682 3246 sciamus
715 3186 743 3243 ?
815 3190 876 3244 et
944 3202 1121 3244 senes
1149 3191 1264 3282 ‘ent‘.
1311 3184 1556 3262 antiqui
1593 3193 1778 3282 .suunt.
1810 3186 1873 3245 in
1932 3207 2044 3248 no-
2079 3220 2122 3282 ρ

405 3277 634 3328 quorum
665 3277 840 3313 mores
871 3277 1080 3327 pravos,
1112 3267 1170 3312 ut
1199 3263 1335 3312 ﬁlius
1363 3277 1562 3326 pravus
1590 3264 1828 3314 imitaris.

404 3327 520 3403 bis,
581 3329 779 3388 multo
827 3328 1197 3388 vetustiores
1244 3345 1434 3405 quam
1466 3333 1676 3404 patres
1705 3329 1816 3388 tui.
1852 3331 2049 3389 Num-

930 3407 984 3456 Si
1013 3405 1393 3472 professionem
1427 3406 1546 3455 ﬁdei
1578 3408 1884 3468 corrigeres,
1913 3407 2048 3472 jam-

451 3469 554 3528 uid
611 3469 850 3547 grande
907 3476 1000 3529 est
1056 3476 1126 3528 ut
1171 3470 1528 3530 consoletur
1577 3477 1637 3530 te
1691 3469 2048 3532 Deus‘Tsed

442 3549 606 3598 udum
637 3548 846 3611 ﬂagella
875 3548 1198 3597 desinerent.

399 3612 592 3674 verba
639 3610 752 3673 tua
782 3630 975 3691 prava
1034 3611 1152 3671 hoc
1200 3610 1554 3691 prohibent.
1619 3612 1776 3684 Quid
1829 3619 1886 3673 te
1918 3613 2044 3674 ele-

935 3691 1209 3739 lntellectu
1242 3694 1296 3739 et
1324 3690 1642 3752 cogitatione
1674 3691 1891 3742 denotat
1921 3707 2043 3742 eum

395 3761 503 3816 vat
549 3773 658 3815 cor
706 3756 957 3834 tuum?
1010 3760 1071 3814 et
1127 3753 1337 3832 quassi
1395 3773 1624 3832 magna
1679 3755 2045 3834 excogitans

395 3835 628 3898 superba
659 3838 710 3884 et
738 3848 878 3898 vana
907 3833 1233 3898 loquentem.

395 3895 695 3959 attonitos
752 3897 947 3958 habes
981 3895 1227 3958 ‘oculos
1257 3896 1286 3955 ?
1338 3895 1498 3969 Quid
1573 3901 1773 3957 tumet
1823 3903 2042 3958 contra

394 3981 591 4039 Deum
677 3977 932 4058 spiritus
1015 3977 1211 4040 tuus?
1284 3984 1351 4037 ut
1436 3977 1717 4058 proferas
1799 3977 1876 4038 de
1934 3997 2042 4040 ore

1421 4055 1665 4106 Offensus
1694 4056 1806 4105 Ι]ωο
1837 4057 2043 4108 locutus

393 4125 504 4180 tuo
561 4119 996 4198 hujuscemodi
1053 4119 1425 4180 sermones?
1482 4120 1640 4191 Quid
1697 4128 1792 4180 est
1848 4122 2039 4183 homo

393 4203 490 4276 est,
505 4199 739 4276 quiaJob
761 4200 1007 4276 superius
1019 4199 1178 4276 disit:
1215 4200 1265 4276 Si
1299 4199 1750 4276 fucr‘ojudicutus,
1771 4201 1876 4276 scio
1894 4202 2036 4264 quod

394 4269 464 4342 ut
519 4261 962 4342 immaculatus
1019 4264 1120 4334 sit,
1182 4270 1244 4322 et
1295 4261 1504 4340 justus
1561 4273 1866 4342 appareat
1910 4261 2036 4326 _na-

385 4341 567 4406 justus
597 4341 856 4391 inveniar.
1002 4405 1010 4406 ί
1074 4343 1206 4400 Quia
1235 4342 1288 4390 in
1319 4341 1582 4406 prioribus
1608 4341 1814 4405 angelis
1845 4346 2040 4406 reperit

392 4405 492 4465 tus
544 4406 621 4466 de
699 4405 1019 4466 muliere?
1098 4408 1252 4466 Ecce
1334 4405 1498 4485 inter
1569 4414 1817 4466 sanctos
1899 4405 2036 4485 ejus

389 4485 726 4548 pravitatem.
982 4547 1007 4548 η
1457 4484 1637 4548 Sancti
1667 4485 1720 4534 in
1753 4485 1868 4548 ejus
1891 4484 2039 4536 cem-

389 4547 575 4610 nemo
661 4547 1095 4621 immutabilis,
1157 4553 1220 4608 et
1288 4564 1432 4607 ecce
1483 4547 1627 4607 coeli
1710 4547 1834 4608 non
1891 4557 2037 4612 sunt

387 4630 708 4700 paratip‘nea
1119 4695 1128 4700 _
1307 4688 1318 4700 .
1517 4626 1784 4700 §anctt1m
1814 4629 1838 4678 J
1847 4630 1913 4679 ob
1943 4643 2034 4700 ea-

387 4694 607 4753 mundi
695 4693 757 4751 in
843 4695 1180 4769 conspectu
1267 4693 1422 4769 ejus.

385 4771 739 4835 probatquasi
753 4768 1161 4835 abominabilem
1178 4768 1485 4835 etinutilem
1509 4769 1740 4835 Deo‘sine
1759 4768 2029 4835 operibus.

385 4832 975 4916 abominabilishet
1060 4832 1377 4916 mutabilis
1459 4832 1720 4916 _[Vulg._
1767 4832 2026 4916 inutilis]

381 4913 585 4964 Stultus
601 4915 714 4963 sine
736 4912 1082 4962 meditatione
1104 4915 1302 4974 peccat,
1320 4912 1471 4974 quasi
1493 4917 1677 4975 potum
1691 4913 1965 4974 deglutiet.

384 4977 602 5049 homo,
677 4977 785 5057 qui
863 4977 1021 5038 bibit
1081 4976 1261 5054 quasi
1333 4994 1530 5057 aquas
1616 4977 2024 5055 iniquitates!

1329 5055 1479 5114 Quod
1509 5055 1718 5120 loquar,
1749 5059 2029 5120 agnovisse

381 5121 718 5181 Ostendam
809 5119 922 5180 tibi
992 5118 1140 5179 audi
1212 5137 1357 5191 me;
1432 5118 1602 5197 quod
1683 5118 1809 5180 vidi
1879 5141 2026 5183 nar-

381 5205 466 5250 me
496 5200 729 5250 noveris.
758 5201 875 5250 Non
907 5198 1212 5249 defundunt
1240 5198 1459 5263 seipsos,
1493 5212 1724 5263 suosque
1753 5203 1931 5262 patres
1961 5202 2030 5250 si-

380 5263 534 5342 rabo
616 5264 752 5325 tibi.
840 5264 1170 5342 Sapientes
1270 5261 1668 5342 conﬁtentur,
1756 5261 1833 5324 et
1904 5284 2026 5325 non

379 5341 533 5406 miles
553 5343 655 5406 sui.
928 5340 947 5342 “
1277 5342 1350 5390 De
1385 5340 1648 5392 haereticis
1677 5341 1825 5401 dicit,
1853 5345 1942 5406 qui
1971 5359 2027 5394 se

380 5405 774 5485 abscondunt
842 5413 1054 5485 patres
1139 5423 1308 5465 suos.
1387 5405 1624 5476 Quibus
1707 5405 1885 5468 data,
1933 5415 2029 5469 est

381 5484 525 5533 solos
554 5484 777 5550 credunt
806 5484 1060 5550 mysteria
1090 5499 1266 5550 nosse.

692 5545 878 5597 Sancti
898 5549 1051 5598 alieni
1082 5549 1147 5597 ab
1177 5545 1787 5610 bmreticisintelligendi
1819 5553 1960 5599 sunt.

378 5611 568 5683 terra,
656 5617 718 5671 et
788 5631 911 5671 non
980 5611 1267 5672 transivit
1337 5610 1604 5689 alienus
1701 5631 1811 5689 per
1893 5631 2022 5673 eos.

1093 5705 1288 5752 pravus
1317 5688 1521 5749 doctor,
1555 5691 1664 5738 sive
1695 5688 1958 5741 diabolus.

377 5751 629 5812 Cunctis
700 5753 921 5813 diebus
977 5751 1108 5812 suis
1157 5753 1384 5830 impius
1443 5753 1742 5830 superbit,
1807 5763 1868 5816 et
1917 5776 2026 5814 nu-

1403 5831 1468 5880 de
1501 5834 1750 5895 superbia
1783 5835 1897 5897 ejus
1927 5835 2026 5884 hoc

377 5904 587 5952 merus
687 5909 995 5954 annorum
1105 5895 1377 5954 incertus
1479 5902 1571 5955 est
1673 5895 2024 5975 tyrannidis

1512 4690 1757 4770 Quanto
1835 4694 2034 4770 magis
2083 4709 2090 4716 '

2589 1889 2646 1936 In
2678 1886 2927 1944 elatione.
2949 1889 3060 1937 sive
3091 1889 3417 1950 expansione
3449 1898 3654 1944 manus,
3688 1886 3793 1935 Deo

2153 1948 2466 2028 praelium.
2497 1953 2791 2012 Tetendit
2833 1951 2998 2012 enim
3045 1948 3346 2011 adversus
3415 1953 3609 2010 Deum
3665 1967 3798 2009 ma-

2150 2029 2486 2078 resisteutem
2514 2031 2764 2081 ostendit.
2788 2032 2886 2080 Pro
2907 2031 3106 2080 meritis
3136 2029 3467 2079 contumacia
3488 2028 3792 2078 roboratum

2152 2111 2304 2172 num
2362 2112 2565 2166 suam,
2599 2102 2663 2155 et
2719 2102 2938 2155 contra
2988 2093 3491 2172 Omnipotentem
3536 2092 3793 2152 robara-

2149 2171 2294 2220 dicit.
2396 2234 2405 2236 _
2484 2175 2736 2223 Diabolus
2762 2174 3086 2236 velimpius,
3115 2171 3317 2236 eaquae
3344 2171 3619 2235 displicent
3667 2172 3793 2232 Deo,

2152 2248 2273 2284 cum
2307 2234 2526 2284 audacia
2549 2241 2856 2300 perpetrare
2887 2234 3120 2286 festinat.

2151 2304 2252 2358 tus
2307 2307 2421 2359 est.
2460 2295 2746 2361 Cucurrit
2777 2301 3074 2361 adversus
3147 2316 3292 2359 eum
3347 2302 3550 2358 erecto
3605 2295 3793 2373 collo,

2216 2379 2286 2427 Su
2293 2379 2752 2440 perabundantem
2768 2380 3070 2442 superbiam
3084 2377 3298 2428 indicat.
3365 2376 3590 2426 Mentem
3601 2377 3794 2442 animm

2153 2448 2218 2502 et
2273 2439 2490 2520 pingui
2549 2445 2789 2504 cervice
2837 2439 3154 2504 'armatus
3217 2447 3330 2502 est.
3389 2439 3647 2518 Operuit
3711 2440 3798 2520 fa-

2154 2522 2445 2571 obscurant
2474 2527 2688 2584 peccata
2716 2537 2830 2572 sua.
3086 2520 3288 2570 Diaboli
3311 2520 3564 2584 ministri,
3595 2531 3661 2568 ex
3675 2519 3794 2582 qui-

2157 2585 2314 2644 ciem
2371 2582 2506 2662 ejus
2578 2585 2948 2654 crassitudo,
3011 2590 3073 2644 ct
3158 2585 3236 2644 de
3309 2582 3604 2643 lateribus
3659 2600 3797 2660 ejus

2156 2664 2257 2713 bus
2278 2661 2474 2726 pendet
2493 2665 2650 2714 elatio
2680 2667 2892 2715 mentis.
2924 2665 3078 2727 Apud
3107 2661 3794 2727 cogitationesiniquorum.

2157 2724 2376 2788 arvina
2406 2729 2714 2806 dependet
2778 2724 3099 2789 Habitabit
3148 2727 3209 2787 in
3239 2724 3596 2787 civitatibus
3623 2724 3798 2806 deso-

2329 2805 2777 2871 Congregationes
2806 2809 3093 2871 impiorum
3127 2807 3352 2856 desertas
3376 2806 3645 2871 dicuntur,
3671 2805 3798 2868 quia

2158 2869 2324 2940 latis,
2385 2869 2465 2930 eti
2500 2869 2562 2930 in
2620 2869 2910 2932 domibus
2965 2871 3224 2932 desertis
3280 2888 3422 2948 quse
3475 2869 3536 2928 in
3595 2873 3797 2928 tumu-

2159 2949 2509 3000 habitatorem
2529 2952 2692 3000 Deum
2722 2964 2834 3000 non
2846 2949 3059 3000 habent.
3077 2951 3211 3000 Dum
3234 2947 3416 3012 utique
3431 2947 3797 3011 perituracono

2161 3013 2290 3072 lum
2331 3020 2512 3102 _spnt
2540 3015 2854 3102 .redactai.
2894 3019 3052 3102 .Non
3107 3013 3428 3102 ditabi‘tur,
3481 3028 3607 3102 nec
3645 3028 3794 3102 per-

2161 3098 2365 3155 gregat.
2381 3094 2766 3157 Ouoniamipse
2779 3093 3082 3157 puniendus
3103 3093 3202 3142 erit
3221 3093 3460 3141 festinus.
3481 3091 3791 3157 viventium,

2158 3154 2468 3217 severabit
2550 3154 2897 3218 substantia
2980 3159 3138 3235 ejus,
3240 3173 3353 3235 nec
3449 3155 3673 3235 mittet
3731 3154 3792 3212 in

2161 3237 2471 3286 memoriam
2494 3241 2553 3286 ut
2572 3239 2956 3300 speretiutura.
3014 3232 3096 3285 'De
3117 3234 3425 3300 inﬁdelitate
3446 3233 3510 3284 ad
3522 3232 3793 3300 paeniten-

2163 3306 2394 3360 terram
2431 3297 2704 3360 radicem
2738 3319 2939 3361 suam.
2992 3303 3127 3360 Non
3185 3298 3432 3358 recedet
3500 3297 3576 3356 de
3635 3302 3794 3356 tene-

2160 3380 2308 3455 tiam.
2395 3380 2670 3455 §equaces
2692 3395 2816 3455 suos
2839 3385 2893 3429 et
2912 3379 3052 3455 mala
3069 3392 3245 3455 opera.
3265 3375 3657 3455 Iribulationis.
3679 3376 3794 3455 Nnon

2156 3442 2306 3502 bris.
2393 3439 2623 3504 Ramos
2706 3443 2840 3522 ejus
2895 3439 3190 3504 arefaciet
3263 3442 3540 3501 ﬂamma.
3605 3439 3794 3522 {tute-

2156 3523 2490 3584 permanebit
2514 3519 2790 3573 consiliuin
2828 3523 2998 3586 ejus.~
3172 3585 3207 3586 Π
3286 3583 3299 3586 _
3509 3581 3546 3586 __
3626 3519 3794 3586 Homo

2157 3581 2329 3646 retur
2401 3588 2656 3665 spiritus
2739 3581 2872 3647 oris
2948 3584 3083 3662 ejus
3168 3583 3359 3664 [ναις.
3431 3581 3572 3711 sui}.
3660 3583 3793 3642 Non

2157 3665 2352 3711 imnius
2372 3667 2520 3711 nullo
2535 3667 2706 3711 pretio
2731 3663 3076 3711 redimendus
3097 3664 3348 3711 erit:sive
3369 3662 3526 3711 diabo
3549 3674 3608 3710 us
3629 3660 3694 3710 de
3715 3660 3793 3710 in-

2156 3665 2352 3728 impius
2372 3660 2520 3716 nullo
2535 3667 2706 3729 pretio
2731 3660 3076 3716 redimendus
3097 3660 3348 3714 eri't:sive
3369 3660 3694 3729 diabolus‘de
3715 3660 3794 3710 In-

2154 3724 2370 3789 credat
2409 3724 2644 3790 frustra
2702 3748 2910 3790 errore
2967 3729 3284 3806 deceptus,
3347 3724 3794 3806 quodnaliquo

2155 3809 2312 3857 teritu
2346 3809 2676 3871 perditionis.
3061 3804 3194 3858 Ante
3216 3804 3558 3871 diem’judicii
3588 3804 3796 3871 praesci-

2153 3866 2362 3950 pretio
2413 3872 2812 3933 redimendus
2882 3872 2982 3932 sit.
3057 3866 3408 3949 Antequam
3473 3866 3605 3928 dies
3657 3866 3792 3946 ejus

2152 3956 2236 3999 tus
2268 3951 2321 4000 in
2345 3952 2813 4014 praedestinatione
2845 3950 3054 4014 peribit.

2148 4011 2551 4095 impleantur,
2615 4011 2888 4095 peribit;
2949 4021 3288 4095 et_manus
3335 4011 3471 4095 ejus
3522 4013 3779 4095 arescet.

2149 4087 2264 4143 Vita
2285 4087 2589 4158 iniquorum
2612 4087 2720 4144 non
2738 4093 3047 4153 crescit,sed
3069 4094 3242 4158 calore
3259 4087 3540 4158 superbire,
3562 4090 3676 4158 sive
3691 4087 3781 4137 fri-

2149 4153 2438 4218 Leedetur
2512 4159 2692 4238 quasi
2749 4159 2930 4218 vinea
2981 4158 3044 4218 in
3105 4153 3517 4236 primo’ﬂore
3565 4153 3781 4213 botrus

2147 4251 2269 4301 gore
2301 4238 2571 4288 charitatis
2605 4240 2693 4288 Dei
2725 4240 2931 4287 arescit.

2186 4301 2334 4374 l’lebs
2346 4302 2372 4351 ,Ι
2381 4302 2655 4374 admoram
2668 4301 2933 4374 Christum
2947 4297 3210 4374 repellens
3221 4296 3566 4374 castissimum
3581 4295 3759 4343 ﬂorem
3769 4330 3780 4340 .

2146 4365 2304 4444 ejus,
2364 4371 2427 4425 et
2480 4365 2660 4444 quasi
2716 4364 2882 4426 oliva
2931 4361 3776 4444 projiciensuﬂorem-suum.

2143 4435 2443 4506 Rapturem,
2475 4435 2946 4508 simulatoremque
2961 4435 3396 4508 his'sermonibus
3414 4441 3655 4508 sanctum
3682 4435 3782 4508 Job

2144 4501 2562 4585 congregatio
2661 4501 2867 4567 enim'
2930 4505 3274 4585 hypocritse
3337 4501 3637 4585 _sterilis.
3679 4505 3784 4585 ___et

2066 4590 2111 4654 D
2143 4578 2361 4654 denotat
2382 4578 2658 4654 fallaciter,
2691 4591 2743 4636 et
2763 4586 2888 4635 dicit
2910 4578 3052 4650 qu'od
3075 4585 3203 4634 nihil
3222 4581 3497 4647 proderint
3520 4581 3569 4630 ei
3586 4578 3781 4654 divitias

2143 4661 2207 4698 ex
2238 4649 2515 4712 iniquitate
2545 4642 2896 4711 congregatis.
2927 4642 2940 4650 ’
3063 4709 3075 4712 _
3222 4642 3237 4647 ’
3564 4642 3780 4712 _Huma-

2140 4713 2302 4789 ignis
2332 4705 2679 4774 devorabit'
2716 4705 3123 4772 tabernacula
3182 4726 3424 4780 eorum,
3476 4705 3778 4789 quihmu-

2141 4785 2240 4841 n‘as
2269 4792 2451 4842 laudes
2479 4793 2592 4842 vult
2622 4791 2861 4854 intelligi.
3064 4789 3198 4854 cum
3225 4801 3476 4854 perversa
3496 4785 3714 4854 cogitat.

2143 4860 2289 4916 nera
2358 4857 2624 4916 libenter
2696 4849 3032 4934 accipiunt.
3107 4849 3405 4934 Con-cepit
3475 4849 3777 4934 dolorem,

2201 4936 2331 4985 Cum
2354 4937 2568 4999 explere
2592 4927 2943 4984 contenderit.
3013 4933 3160 4996 lmpii
3193 4927 3424 4981 hominis
3449 4941 3599 4999 mens
3629 4927 3780 4976 intel-
3832 4971 3866 4994 ο

2139 5005 2200 5079 et
2258 4993 2499 5079 peperit
2553 4999 2975 5079 iniquitatem,
3038 4993 3106 5056 et
3155 5002 3369 5079 uterus
3425 4993 3558 5072 ejus
3613 5005 3776 5070 pree-

2138 5078 2227 5142 ligi
2257 5073 2450 5142 potest,
2483 5092 2602 5142 quas
2633 5073 2829 5128 desinit
2858 5087 3159 5142 praeparare
3192 5073 3362 5124 dolos.

2139 5160 2214 5222 pa
2227 5144 2386 5204 ravit
2416 5143 2618 5204 dolos.
3279 5144 3288 5154 ‘

2739 5379 2992 5443 CAPUT
3037 5379 3195 5441 XVI.
3286 5383 3288 5386 ’

3374 5535 3479 5585 Aut
3504 5534 3570 5584 ab
3598 5534 3774 5584 amicis

2218 5606 2620 5686 Respondeas
2661 5609 2882 5686 autem
2934 5602 3054 5686 _J_ob
3122 5601 3316 5686 dixit:
3380 5599 3603 5686 Audivi
3651 5599 3772 5658 fre-

2135 5689 2263 5746 suis,
2296 5678 2388 5737 aut
2417 5687 2482 5736 ab
2513 5685 2631 5753 aliis
2660 5682 2966 5753 hujusmodi
2995 5680 3344 5731 contumelias
3371 5678 3593 5753 accepit.

2135 5758 2398 5832 quenter
2473 5749 2604 5832 alia
2649 5747 3177 5832 ;__consol_atores
3261 5747 3507 5832 onerosi
3561 5757 3776 5802 omnes

2289 5831 2470 5880 Finem
2501 5829 2652 5888 dixit,
2683 5827 2734 5876 id
2767 5832 2865 5886 est,
2895 5826 2981 5876 vel
3014 5824 3254 5884 modum,
3283 5823 3367 5888 vel
3396 5822 3655 5872 rationem
3684 5834 3771 5888 va-

2134 5913 2244 5956 vos
2327 5893 2496 5956 estis.
2557 5883 2875 5970 Numquid
2935 5889 3258 5952 habebunt
3332 5887 3522 5949 ﬁnem
3583 5883 3772 5946 verba
