3984 6374
164 402 320 469 1509

740 539 997 602 CAPUT
1037 538 1223 600 XXV:

224 642 508 693 Convictus
536 642 752 704 Baldad,
784 644 943 693 dixit:
973 645 1087 693 Non
1115 643 1226 707 jam
1258 643 1673 707 facitjudicium,
1704 645 1796 695 sed

239 657 508 693 JOBVICIUS
536 657 752 704 58108.0,
784 657 943 693 lell:
973 657 1087 693 non
1142 657 1226 692 am
1258 657 1673 707 IECIIJUOICIUID,
1704 657 1793 695 880

239 707 642 785 Respondeas
699 713 905 767 autem
985 657 1223 767 Baldad
1299 709 1526 779 Suites,
1587 709 1744 767 dixit
1779 728 1793 768 :

158 783 398 834 diﬂertin
409 790 702 849 posterum,
716 791 766 835 et
780 787 918 849 apud
936 801 989 835 se
1004 787 1292 848 repositum
1316 791 1477 835 tenet.
1492 789 1607 849 lpse
1621 793 1797 837 tamen

155 849 435 909 Potestas
490 856 553 910 et
610 856 811 909 terror
884 850 1053 928 apud
1119 868 1261 909 eum
1322 856 1416 909 est
1488 851 1597 928 qui
1654 851 1801 912 facit

156 940 340 990 pacem
370 928 425 977 in
456 929 672 988 sanctis,
696 930 779 978 vel
810 929 866 977 in
896 928 1100 992 angelis
1128 929 1240 978 suis
1262 928 1795 1041 jugitelruggsagemlt.

1454 1005 1582 1039 unm
1780 1018 1798 1029 -

158 1051 559 1133 concordiam
640 1054 704 1112 in
774 1053 1161 1133 sublimibus
1245 1005 1445 1113 suis.l
1481 1005 1800 1133 Νυὲῗῖιῖῗά

160 1144 337 1181 merus
366 1136 447 1181 est
474 1132 704 1181 militum
736 1132 868 1195 ejus.
1232 1133 1346 1194 lpse
1376 1133 1517 1182 enim
1539 1132 1803 1184 illuminat

157 1200 249 1254 est
304 1213 603 1276 numerus
634 1194 901 1255 militum
962 1194 1155 1276 ejus?
1210 1201 1273 1255 et
1325 1214 1557 1276 supper
1613 1216 1799 1276 quem

160 1286 371 1324 omnem
402 1275 676 1324 hominem
706 1276 1007 1324 venientem
1040 1275 1092 1322 in
1118 1275 1262 1323 hunc
1291 1275 1571 1326 mundum.

161 1355 284 1397 non
344 1338 544 1416 fulget
598 1339 811 1399 lumen
869 1338 1005 1417 ejus
1064 1338 1253 1417 [ναις.
1303 1342 1529 1416 Surget
1586 1340 1800 1399 lumen

409 1419 526 1467 Non
556 1417 746 1466 Baldad
774 1417 1065 1480 respondet
1094 1417 1158 1465 ad
1190 1429 1255 1465 ea
1283 1430 1401 1480 quas
1427 1419 1560 1468 dixit
1588 1423 1803 1469 sanctus

160 1478 397 1561 illius]?
430 1480 762 1561 Numquid
806 1478 1136 1561 iustiﬁcari
1167 1478 1375 1561 potest
1405 1481 1596 1561 homo
1629 1500 1802 1542 com-

160 1557 276 1617 Job,
302 1557 395 1608 sed
418 1560 575 1623 juxta
593 1557 741 1623 illum
757 1557 974 1610 sensum
998 1557 1315 1622 dicit,quem
1339 1560 1473 1609 etilli
1497 1560 1804 1623 stepzedixe-

157 1622 619 1702 paratus’Deo?
667 1629 777 1683 aut
824 1640 1125 1702 apparere
1175 1624 1446 1684 mundus
1496 1622 1679 1684 natus
1726 1627 1803 1685 de

160 1701 471 1762 muliere?
533 1705 688 1763 Ecce
744 1701 930 1763 etiam
991 1703 1142 1762 luna
1189 1721 1314 1763 non
1373 1704 1679 1782 splendet,
1742 1710 1805 1765 et

160 1783 302 1846 runt.
316 1781 501 1844 Angeli
514 1785 567 1832 et
582 1795 828 1845 supernae
842 1786 1125 1845 potestates
1141 1795 1249 1831 non
1262 1781 1485 1845 possunt
1505 1783 1803 1846 comparari

163 1845 358 1925 stellae
417 1864 539 1905 non
598 1852 744 1906 sunt
802 1847 1049 1905 mundae
1102 1846 1163 1925 in
1243 1853 1577 1925 conspectu
1631 1845 1795 1925 ejus.

163 1923 291 1972 Deo.
310 1925 404 1973 Pro
425 1937 490 1974 eo
503 1924 644 1988 quod
663 1926 802 1988 sicut
820 1926 1013 1974 vermis
1028 1939 1090 1974 ex
1109 1901 1447 1988 corruptioure
1470 1901 1720 1977 nascitu'ia
1738 1926 1810 1975 ita
1839 1901 1886 1966 B

162 1987 407 2116 ﬁnierat:
465 1988 665 2067 magis
724 1987 913 2049 homo
987 1987 1283 2067 putredo,
1349 1995 1412 2049 et
1468 1990 1632 2049 ﬁlius
1688 1989 1804 2051 ho-

167 2130 350 2190 minis
380 2129 646 2191 vermis!

734 2271 990 2334 CAPUT
1035 2272 1245 2333 XXVI.

168 2398 392 2448 Sanctus
403 2395 504 2446 Joh
517 2395 699 2444 amicis
714 2395 825 2445 suis
838 2408 1074 2458 nunqam
1101 2409 1285 2459 aspere
1298 2396 1583 2459 sespondit
1602 2410 1720 2446 cum
1739 2397 1810 2447 illi

248 2460 655 2539 Respondens
692 2465 921 2539 autem
973 2458 1113 2530 Job,
1172 2458 1333 2519 dixit
1375 2458 1407 2539 εξ
1436 2460 1640 2539 Cujus
1697 2461 1809 2521 ad-

170 2541 215 2589 ei
228 2544 441 2603 apertas
453 2538 526 2602 inj
537 2538 1345 2603 uriasirrogarentznuncautem
1358 2538 1545 2588 videns
1561 2542 1663 2589 Deo
1675 2540 1813 2603 inju-

161 2601 334 2682 jutor
394 2601 865 2682 es,’numquid
923 2601 1305 2661 imbecillis?
1376 2608 1438 2662 et
1503 2601 1815 2665 sustentes

167 2680 295 2747 riam
311 2682 443 2747 ﬁeri.
456 2682 475 2745 j
486 2685 603 2747 usta
614 2680 978 2747 indignatione
991 2685 1288 2747 commotus
1301 2684 1379 2730 cst
1392 2686 1443 2747 et
1455 2682 1630 2747 verbis
1641 2684 1815 2747 arguit

168 2744 379 2803 Baldad,
398 2743 542 2807 quod
565 2743 637 2792 ita
650 2744 974 2806 loqueretur,
994 2746 1251 2806 tanquam
1264 2744 1402 2792 Deus
1419 2744 1504 2792 inti
1514 2758 1590 2793 rm
1600 2759 1658 2792 us
1671 2743 1815 2804 si’t,et

170 2806 496 2869 brachium
555 2806 692 2884 ejus
746 2807 854 2884 qui
913 2824 1038 2866 non
1096 2814 1189 2865 est
1261 2807 1486 2866 fortis?
1543 2809 1642 2868 cui
1700 2809 1809 2869 de-

170 2891 349 2947 egeret
374 2886 588 2936 auxilio.
730 2947 737 2948 ί
780 2885 969 2934 Beatus
1000 2885 1100 2935 Job
1123 2886 1322 2934 mirans
1352 2888 1621 2948 quomodo
1653 2902 1815 2938 ausus

171 2951 312 3011 disti
369 2947 747 3010 consilium?
798 2949 1082 3028 Forsitan
1142 2949 1234 3009 illi
1290 2947 1400 3028 qui
1453 2968 1577 3010 non
1624 2950 1816 3013 habet

171 3030 327 3080 fuerit
348 3029 538 3079 docere
569 3042 689 3077 eum
720 3041 751 3077 a
780 3042 887 3091 quo
918 3031 999 3076 est
1027 3026 1132 3076 ille.

171 3093 601 3173 sapientiam?
667 3098 726 3152 et
783 3092 1182 3173 prudentiam
1258 3097 1451 3173 tuam
1489 3093 1815 3173 ostendisti

174 3167 534 3253 plurimam.
622 3167 818 3253 Quem
888 3172 1122 3253 docere
1162 3171 1458 3253 _voluisti
1494 3171 1524 3229 ?
1604 3192 1814 3253 nonne

478 3251 532 3300 id
553 3254 647 3308 est.
680 3252 858 3300 anima
884 3251 1032 3300 itam.
1064 3250 1332 3314 Diabolus,
1360 3250 1441 3299 vel
1472 3252 1685 3314 superbi
1714 3252 1811 3301 ho-

168 3334 307 3377 enm
342 3315 452 3394 qui
505 3315 662 3394 fecit,
694 3315 1017 3394 spiramen
1068 3313 1293 3374 tuum?
1340 3316 1495 3374 Ecce
1524 3313 1811 3393 gigantes

168 3396 337 3445 mines
363 3393 464 3444 sub
480 3393 707 3456 terra,id
732 3397 813 3442 est
840 3393 895 3442 in
919 3394 1130 3442 inferno
1160 3406 1347 3442 omnes
1367 3394 1525 3442 simul
1553 3395 1813 3444 inﬁdeles.

168 3464 429 3537 gemunt
482 3458 620 3537 sub,
656 3458 858 3537 aquis,
921 3465 982 3515 et
1038 3457 1146 3534 qui
1190 3456 1479 3537 habitant
1528 3476 1666 3517 cum
1701 3459 1808 3519 eis.

229 3538 519 3588 Scientiam
535 3536 625 3586 Dei
648 3535 780 3585 nihil
797 3536 957 3585 latere
982 3539 1172 3599 potest.
1196 3597 1225 3599 η
1257 3535 1506 3586 Diabolus
1519 3549 1626 3586 non
1642 3541 1818 3599 potest

168 3602 385 3662 Nudus
440 3606 533 3661 est
585 3599 864 3660 infernus
922 3597 1133 3659 ceram
1191 3597 1300 3658 illo
1351 3617 1365 3673 ;
1453 3606 1515 3659 et
1570 3597 1814 3661 nullum

169 3695 222 3730 se
250 3678 582 3731 abscondere
612 3692 644 3728 a
666 3680 903 3741 potentia
931 3678 1227 3742 majestatis
1255 3678 1345 3727 Dei
1386 3677 1816 3742 Septentrionem

170 3750 263 3804 est
344 3743 805 3822 operimentum
901 3741 1258 3821 perditioni.
1339 3741 1468 3822 Qui
1538 3744 1820 3805 extendit

171 3823 315 3875 dicit.
347 3820 413 3873 eo
444 3821 589 3886 quod
640 3820 1061 3884 impenetrabilis
1092 3824 1188 3880 est,
1221 3825 1273 3886 e_t
1300 3822 1355 3886 in
1384 3820 1555 3886 longo
1584 3830 1819 3873 remotus

173 3886 407 3935 silentio.
464 3884 476 3886 “
1228 3884 1363 3941 Quia
1391 3898 1457 3933 ex
1487 3885 1653 3934 nihilo
1682 3888 1820 3937 facta

174 3949 533 4028 aquilonem
591 3964 795 4028 super
834 3965 1139 4028 vacuum,
1204 3954 1267 4028 et
1336 3947 1639 4027 appendit
1692 3956 1818 4011 ter-

174 3966 533 4028 aquilonem
591 3966 779 4075 ΒυῗθΓ
850 3966 1139 4019 vacuum,
1204 3966 1267 4008 el.
1336 3966 1639 4027 appendit
1692 3966 1818 4011 [81‘-

174 4033 271 4091 est,
302 4029 416 4077 sive
446 4028 573 4091 quia
601 4040 672 4075 nu
697 4026 744 4075 lo
776 4025 1087 4076 fulcimento
1117 4026 1427 4076 sustinetur.

673 4088 829 4137 Modo
859 4088 1111 4138 dicuntur
1138 4088 1332 4139 ligatis.
1363 4089 1487 4139 auia
1515 4102 1625 4139 non
1661 4089 1820 4139 simul

897 4104 1111 4138 ιοιιῐηῑιι·
1139 4104 1332 4145 ιιεζειιω,
1363 4104 1487 4145 αυιᾶ
1515 4104 1625 4139 non
1661 4104 1797 4139 Slmll

673 4102 829 4137 moao
859 4102 1111 4138 dicuntur
1139 4102 1332 4151 ngawe,
1363 4103 1487 4152 quia
1515 4102 1625 4139 non
1661 4102 1820 4139 Slmtll

173 4170 307 4240 ram
339 4171 530 4240 super
559 4151 781 4240 nihilo.
825 4152 941 4240 Qui
969 4153 1373 4240 _ligat_aquas
1403 4152 1488 4240 _in
1542 4152 1820 4240 nubibus

176 4230 531 4283 eﬁ’nnduntur
560 4231 615 4281 in
640 4236 827 4291 terras,
852 4231 986 4280 sicut
1015 4231 1068 4278 in
1094 4230 1292 4279 diluvio
1316 4230 1511 4281 factum
1542 4231 1783 4292 legimus.

172 4297 319 4371 suis,
397 4302 468 4355 ut
551 4313 675 4355 non
760 4300 1094 4372 erumpant
1176 4295 1412 4372 pariter
1493 4295 1813 4356 deorsum.

172 4375 503 4427 Sententiam
536 4378 696 4438 atque
726 4377 981 4424 terrorem
992 4374 1180 4436 judicii
1206 4373 1307 4424 sui.
1403 4374 1816 4424 Occultationem

170 4438 283 4510 Qui
343 4439 545 4498 tenuit
608 4437 858 4498 vultum
945 4438 1084 4497 solii
1138 4437 1284 4517 sui,
1371 4444 1434 4498 et
1519 4438 1820 4517 expandit

170 4532 340 4578 suam,
367 4519 494 4581 quia
508 4518 613 4567 rari
633 4517 808 4566 sciunt
824 4520 1031 4581 secreta
1059 4516 1167 4565 Dei.
1234 4517 1349 4565 Non
1373 4517 1512 4581 sinet
1534 4516 1673 4567 Deus
1694 4530 1816 4567 san-

166 4580 588 4662 super’illum
648 4580 944 4641 nebulam
1006 4598 1216 4662 suam.
1275 4580 1813 4662 Terminnmjcir-

1112 402 1527 468 EXPOSITIO
1570 400 2182 467 IN'l‘ERLINEARIS
2228 401 2436 466 LIBRI
2478 400 2641 467 JOB.

3403 400 3563 465 1510

1827 540 1878 605 Α
1914 543 2092 617 parte
2151 536 2317 597 dicta
2393 542 2539 598 sunt
2596 536 2854 617 viarum
2895 534 3102 617 _ejus,_
3135 540 3202 617 et
3253 553 3394 617 cum
3425 536 3559 617 ~vix

2141 617 2418 665 Hominem
2443 618 2773 678 assumptum
2805 614 2947 679 dicit.
2971 614 3059 677 qui
3091 614 3144 662 in
3176 615 3390 679 Danielc
3418 615 3559 679 lapis

1907 678 2116 727 excisus
2159 679 2367 728 dicitur.
2390 679 2497 727 Hoc
2515 676 2655 726 enim
2676 679 2830 726 dicit:
2855 677 2905 726 Si
2929 676 3261 739 assumptum
3284 676 3556 727 hominem

1906 755 2015 789 non
2034 740 2187 802 plene
2202 741 2563 803 intelligimus,
2579 741 2665 803 qui
2684 740 2747 788 ad
2771 741 3560 803 comparationemassumentis

1908 755 2015 789 non
2034 755 2187 802 plene
2202 755 2563 849 ιηιειιιςζιιηηει,
2579 755 2665 803 qtll
2684 755 2747 788 an
2771 755 3218 802 comparationem
3236 755 3556 789 assumenus

1908 804 1998 851 Dei
2014 804 2154 851 stilla
2172 817 2369 865 perium
2396 804 2474 851 ica
2496 807 2592 860 est,
2608 802 2822 865 quando
2837 802 3001 865 magis
3015 802 3181 863 ipsum
3196 801 3527 851 divinitatem
3545 806 3556 852 ι

1909 884 2167 944 parvam
2230 868 2459 925 stillam
2521 884 2878 926 sermonum
2959 866 3093 940 ejus
3146 865 3554 939 audierimus,

1909 946 2041 1002 Quia
2061 945 2310 994 divinitas
2338 946 2577 993 tonitruo
2604 948 2957 1007 comparatur,
2991 944 3131 1008 quod
3155 944 3218 1008 de
3248 944 3382 993 ccelo
3405 946 3560 994 terris

1910 1009 2049 1087 quis
2123 1008 2355 1086 poterit
2427 1008 2775 1086 tonitruum
2864 1007 3311 1085 magnitudinis
3391 1007 3559 1069 illius

1909 1087 2161 1136 intonuit.

1909 1150 2183 1210 intueri?

2463 1274 2720 1334 CAPUT
2763 1273 3006 1333 XXVII.

1974 1386 2240 1452 Signiﬁcat
2269 1387 2413 1451 quod
2446 1399 2526 1446 ea,
2559 1387 2853 1452 qumprius
2883 1386 3107 1444 dixerat,
3129 1399 3225 1450 per
3252 1387 3560 1450 parabolam

1992 1450 2251 1512 Addidit
2288 1450 2559 1528 quoque
2612 1450 2732 1510 Job
2799 1466 3124 1509 assumens
3189 1452 3557 1527 parabolam

1912 1530 2136 1594 maxime
2150 1530 2360 1594 diceret.
2389 1528 2809 1594 llocjunamento
2822 1532 3006 1594 postea
3025 1529 3111 1577 ubi
3128 1531 3559 1594 suntprophetie.

1915 1593 2050 1663 Dum
2080 1591 2482 1663 permittitpnti,
2505 1590 2733 1640 auferre.
2755 1591 2854 1649 Qui
2886 1591 3009 1663 facit
3025 1590 3421 1663 quod’voluerit
3442 1594 3563 1644 sub-

2032 1652 2291 1717 judicium
2315 1652 2458 1702 dicit.
2869 1652 3102 1717 auditur,
3137 1654 3282 1703 vivit.

2991 1716 3250 1777 Tempore
3281 1715 3563 1768 abstulisse

1910 1796 2114 1850 suam,
2193 1783 2251 1837 et
2335 1777 2542 1836 dixit:
2613 1777 2779 1836 Vivit
2845 1781 3025 1849 Deus,
3114 1779 3222 1856 qui
3306 1780 3566 1841 abstulit

1912 1856 2056 1916 dicit,
2090 1857 2231 1919 quod
2263 1857 2327 1906 ad
2352 1856 2803 1919 dispensationem
2830 1856 2958 1917 justi
2985 1856 3171 1919 judieii
3200 1859 3449 1920 pertinet.

1909 1920 2217 1999 judicium
2327 1927 2731 2000 meumjyet
2813 1920 3212 2000 omnipotens
3294 1923 3402 2000 qui
3484 1923 3581 1989 ad,

1922 2000 2187 2049 Miseriam
2219 2003 2506 2061 prtesentm
2537 1998 2682 2057 dicit,
2713 2012 2819 2061 qua
2848 1999 3086 2061 repletus
3118 2005 3221 2049 est.

1922 2061 2406 2123 amaritudinem
2465 2061 2727 2122 adduxit
2773 2063 3050 2123 animam
3121 2068 3347 2123 meam.
3411 2063 3570 2136 Quia

1919 2141 2116 2190 halitus
2140 2140 2249 2204 jam
2277 2145 2581 2191 attenuatus
2611 2145 2693 2189 est
2722 2142 2776 2189 in
2806 2154 2909 2189 me.
3040 2140 3139 2198 Qui
3155 2142 3467 2193 corroborat
3481 2156 3568 2193 me

1920 2207 2120 2265 donec
2150 2211 2434 2283 superest
2467 2204 2697 2264 halitus
2744 2204 2807 2263 in
2841 2222 2960 2283 me.
3019 2211 3082 2264 et
3136 2205 3392 2283 spiritus
3452 2207 3564 2267 Dei

1921 2288 1980 2335 ut
2002 2281 2292 2334 sustineam
2319 2284 2417 2331 hos
2437 2284 2719 2332 cruciatus.
2782 2345 2791 2346 ί
2849 2286 2909 2332 ut
2920 2281 3095 2345 justos
3120 2281 3214 2332 vos
3234 2297 3351 2333 esse
3372 2284 3567 2346 dicam,

1919 2347 1981 2407 in
2039 2347 2293 2407 naribus
2354 2347 2529 2419 meis,
2592 2365 2717 2407 non
2779 2345 3120 2425 loquentur
3184 2347 3354 2407 labia
3428 2366 3569 2409 mea

1922 2428 2364 2506 iniquitatem:
2452 2445 2566 2487 nec
2642 2426 2859 2503 lingua
2940 2444 3080 2487 mea
3163 2428 3571 2489 meditabitur

1924 2508 2340 2567 mendacium.
2400 2506 2577 2567 Absit
2630 2525 2668 2567 a
2714 2524 2814 2566 me
2870 2511 2941 2565 ut
3005 2508 3212 2584 justos
3270 2526 3380 2568 vos
3437 2527 3570 2569 esse

2736 2598 2898 2648 quam
2928 2598 3021 2634 vos
3052 2588 3199 2649 quasi
3225 2585 3571 2650 blasphemiis

1920 2648 2217 2728 judicem.
2264 2650 2472 2708 Donec
2546 2648 2856 2720 deficiam,
2944 2667 3070 2709 non
3128 2648 3416 2710 recedam
3491 2651 3571 2711 ab

1921 2727 2054 2777 meis
2071 2742 2153 2776 me
2169 2728 2399 2776 asseritis
2413 2727 2720 2789 perdidisse.
2738 2729 2918 2791 Donec
2930 2728 3123 2787 vivam,
3134 2728 3152 2791 j
3163 2729 3571 2779 ustiﬁcationem

1920 2791 2280 2852 innocentia
2403 2809 2565 2851 mea.
2702 2790 3223 2852 Justiﬁcationem
3335 2811 3567 2853 meam.

1922 2885 2096 2920 meam
2127 2884 2234 2920 non
2266 2870 2526 2919 deseram.
3110 2871 3219 2920 Hoc
3249 2871 3365 2922 loco
3398 2873 3574 2921 omnis

1924 2953 2115 3013 quam
2174 2934 2625 3013 ccepirtenere,
2690 2951 2813 3013 non
2848 2933 3172 3009 deseram;
3234 2954 3349 2995 nec
3407 2937 3572 2995 enim

1926 3012 2303 3077 vita,praasens
2323 3012 2439 3077 ejus
2460 3014 2569 3061 vita
2590 3012 3049 3077 intelligendaest,
3072 3018 3311 3077 tempore
3330 3028 3435 3077 quo
3461 3013 3579 3064 bmc

1925 3076 2150 3139 dicebat,
2182 3076 2307 3139 quia
2336 3076 2471 3123 male
2494 3075 2838 3139 suadentibus
2860 3079 2913 3123 et
2931 3075 3315 3136 blasphemiam
3346 3075 3570 3139 prophe-

1922 3138 1990 3186 tis
2018 3136 2356 3186 hortantibus
2376 3149 2484 3186 non
2519 3136 2805 3185 consensit.

1924 3200 2329 3290 reprehendit
2385 3217 2483 3259 me
2540 3217 2662 3288 cor.
2690 3216 2913 3290 .meum
2945 3198 3007 3257 in
3040 3199 3213 3290 omni
3243 3199 3374 3290 vita
3404 3218 3568 3290 mea.

1840 3292 1882 3359 ρ
1923 3278 2113 3343 spiritu
2132 3279 2233 3328 hoc
2246 3278 2420 3328 dicere
2432 3279 2601 3341 magis
2614 3278 2841 3334 videtur,
2860 3290 3021 3388 quitum;
3042 3278 3570 3388 ἒῗὶῑὲῃιῗὲξὲἰὲῗεῖξὲ

2936 3353 3021 3390 me
3054 3342 3210 3390 etiam
3243 3342 3345 3391 ﬁde
3374 3340 3575 3391 discre-

1923 3403 2099 3465 Sicut
2154 3403 2384 3481 impius
2440 3402 2729 3463 inimicus
2785 3421 2985 3475 meus,
3043 3409 3107 3463 et
3177 3404 3574 3466 adversarius

1923 3487 2032 3547 pat,
2048 3483 2453 3547 quiinihiopere
2472 3496 2579 3531 non
2603 3482 2910 3543 concordat,
2933 3483 2985 3531 id
3008 3486 3088 3532 est
3102 3483 3250 3534 ﬁctos
3280 3491 3332 3534 et
3359 3484 3574 3535 dolosos

1926 3565 2102 3606 meus
2160 3548 2345 3624 quasi
2422 3547 2696 3624 iniquus.
2764 3551 2935 3626 Quae
3020 3547 3186 3607 enim
3256 3554 3351 3609 est
3432 3567 3574 3626 spes

1925 3627 1979 3675 in
2000 3625 2250 3675 amicitia.
2409 3627 2568 3686 Quasi
2590 3624 2824 3674 avaritiae
2836 3625 2975 3674 sitim
3000 3626 3274 3687 patiamini
3295 3624 3568 3675 interitum
3586 3678 3599 3683 ,

1925 3690 2296 3768 hypocritas,
2378 3691 2431 3749 si
2488 3707 2674 3750 avare
2714 3689 2971 3768 irapiat,
3052 3696 3294 3768 etJnon
3351 3689 3574 3750 liberet

1925 3766 2122 3827 meum,
2147 3769 2189 3817 si
2213 3782 2322 3817 non
2356 3768 2689 3832 acquiescitis
2708 3767 2833 3826 Deo,
2858 3772 2916 3832 ut
2939 3780 3033 3832 vos
3054 3766 3238 3832 inhac
3254 3768 3358 3832 vita
3388 3781 3571 3832 emen-

1928 3831 2055 3881 dare
2077 3832 2290 3880 curetis.
2436 3829 2453 3832 ’
2654 3831 2799 3878 Tunc
2829 3830 2970 3877 enim
2999 3829 3147 3881 impii
3176 3830 3243 3878 ad
3273 3830 3439 3879 Deum
3466 3831 3574 3881 cla-

1930 3843 2055 3881 dare
2077 3843 2290 3880 curetis.
2654 3843 2799 3878 'i'unc
2829 3843 2970 3877 enim
2999 3843 3070 3878 ιω
3116 3843 3146 3877 ll
3176 3843 3243 3878 δα
3273 3843 3439 3879 ueum
3466 3843 3574 3881 Cla-

1930 3897 2094 3955 Deus
2124 3895 2396 3955 animam
2449 3892 2585 3973 ejus
2604 3890 2642 3973 ?_
2690 3891 3008 3973 Numquid
3039 3843 3378 3952 cremorem
3439 3894 3577 3973 ejus

1928 3986 2073 4023 mare
2093 3971 2601 4036 incipient,_quando
2632 3971 2780 4036 locus
2801 3984 2909 4019 non
2931 3971 3033 4036 erit
3052 3972 3377 4036 exaudiendi
3400 3971 3512 4036 eos.

2206 4032 2427 4093 Quando
2456 4033 2633 4095 impiis
2662 4032 2793 4081 ultio
2821 4033 3015 4093 veniet,
3039 4033 3244 4083 nullum
3273 4035 3572 4086 remedium

1928 4097 2142 4158 audiet
2198 4101 2383 4169 Dens,
2462 4096 2906 4156 cum'venerit
2962 4115 3152 4175 super
3206 4097 3385 4157 illum
3457 4117 3571 4159 an-

1929 4177 2063 4250 erit._
2078 4240 2090 4250 _
2116 4177 2239 4250 Isnin
2258 4178 2363 4250 Deo
2377 4175 2625 4250 delectari
2642 4178 2831 4250 potest,
2847 4175 3160 4250 etinvocare
3174 4189 3315 4250 eum,
3330 4178 3420 4250 qui
3433 4192 3489 4250 se
3502 4182 3576 4250 ta-

1928 4240 2184 4316 gustia?
2213 4247 2323 4299 aut
2365 4240 2593 4318 poterit
2638 4240 2702 4298 in
2760 4240 3191 4318 omnipotente
3248 4240 3573 4314 delectari,

1928 4320 2030 4367 lem
2045 4318 2327 4381 exibuerit,
2348 4323 2407 4368 ut
2428 4318 2918 4381 quolibcttempore
2934 4324 3202 4369 mereatur
3221 4321 3416 4370 audiri.
3442 4320 3579 4370 Dicit

1928 4388 1990 4443 et
2019 4383 2308 4444 invocare
2365 4384 2558 4442 Deum
2610 4381 2671 4440 in
2704 4382 2873 4441 omni
2929 4385 3270 4461 tempore?
3326 4383 3576 4445 Docebo

1928 4462 2015 4511 illa
2043 4475 2163 4525 quae
2190 4461 2352 4511 habet
2363 4462 2502 4511 Deus
2523 4462 2579 4510 in
2598 4464 2857 4523 potestate
2876 4476 3116 4525 sua,qnze
3128 4463 3286 4511 etiam
3308 4463 3384 4511 eis
3396 4462 3576 4525 cupiat

1928 4543 2038 4586 vos
2092 4544 2205 4604 per
2274 4543 2527 4585 manum
2589 4525 2736 4584 Dei:
2798 4543 2939 4603 quae
2997 4526 3394 4604 omnipotens
3451 4526 3567 4585 ha-

1929 4603 2312 4661 demonstrare,
2566 4603 2701 4662 Quia
2730 4604 2783 4652 in
2814 4617 2987 4653 meam
3018 4603 3299 4667 personam
3320 4603 3436 4654 hinc
3456 4604 3573 4654 uni-

164 4658 417 4712 οιοῑευοε
437 4674 598 4725 supra
628 4658 1811 4729 ωθηευιζαιζηιζίδιὶιδτίδροῐὲἒιιίβίιὲθάθξίέλω·
1843 4664 1889 4729 Ι)
1922 4669 2067 4729 beat
2123 4687 2247 4729 non
2301 4658 2714 4728 abscondam.
2776 4668 2933 4727 Ecce
3010 4658 3120 4728 vos
3173 4686 3390 4728 omnes
3452 4686 3572 4728 no—

826 4722 961 4781 Quia
990 4722 1045 4770 in
1075 4720 1181 4770 ﬁne
1212 4720 1398 4771 mundi
1430 4723 1681 4773 desinunt
1707 4723 1808 4773 ista

160 4785 483 4847 cumdedit
558 4785 760 4864 aquis,
837 4803 1035 4864 usque
1092 4784 1271 4864 dum,
1318 4785 1619 4847 ﬁniantur
1702 4786 1812 4847 lux

160 4864 233 4939 ita
254 4866 486 4939 variare.
620 4863 636 4864 ί
659 4865 867 4939 ΑΑιξεειί
898 4863 995 4928 pro
1024 4864 1217 4939 decore
1248 4863 1390 4939 dicti.

162 4933 224 4989 et
276 4928 583 4990 tenebris.
653 4927 976 4989 Columnae
1053 4928 1196 4989 coeli
1250 4927 1692 4989 intremiscunt
1747 4935 1812 4989 et

161 5009 506 5083 praesentiam
535 5008 827 5083 conditoris
841 5008 1587 5083 sui_venera_ntnrl._mobeatus
1607 5008 1706 5057 Job
1716 5021 1811 5083 po-

162 5079 398 5149 pavent
484 5072 826 5131 adventum
882 5070 1040 5149 ejus.
1128 5073 1195 5130 In
1253 5070 1621 5131 fortitudine
1676 5070 1811 5149 ejus

164 5152 386 5201 tentiam
403 5150 679 5201 Deinarrat
690 5150 978 5211 Baldad,ne
992 5163 1047 5199 se
1061 5149 1123 5198 ad
1127 5149 1358 5213 jutorem
1401 5150 1491 5199 Dei
1504 5151 1809 5199 aestimaret.

1387 5212 1688 5263 Diabolum.
1719 5214 1809 5263 aui

1433 5226 1688 5263 zanomm.
1719 5227 1809 5263 αυι

1387 5227 1446 5260 Ui
1523 5227 1668 5262 onum
1794 5228 1809 5261 l

164 5282 424 5367 repente
474 5276 678 5367 maria
702 5281 1113 5367 _congr_egata
1167 5227 1811 5367 s‘unt,net?ruden?iia

162 5354 402 5418 dejectus
422 5360 502 5406 est
517 5356 582 5405 de
599 5356 813 5406 sublimi
837 5355 1092 5405 caelorum
1115 5355 1259 5405 sede.
1341 5354 1571 5417 Spiritus
1592 5361 1810 5405 sanctus

163 5419 299 5497 ejus
358 5420 668 5547 percussit
736 5419 1120 5499 superbiam.
1181 5418 1450 5497 Spiritus
1513 5420 1646 5496 ejus
1704 5439 1807 5480 or-

163 5502 359 5547 Anosto
383 5513 441 5547 os
471 5499 777 5547 doctoribus
828 5498 1247 5547 parturientibus
1271 5499 1403 5547 ﬁlios
1444 5499 1584 5547 ﬁdei.
1615 5499 1807 5547 pietate

160 5498 441 5561 Apostolos
471 5499 777 5548 doctoribus
816 5498 1247 5562 parturientibus
1271 5499 1403 5547 ﬁlios
1444 5499 1584 5562 ﬁdei,
1615 5499 1809 5561 pietate

164 5560 261 5610 sua
289 5562 547 5611 Dominus
576 5562 812 5625 adjuvat,
831 5560 904 5611 ‘ut
931 5560 1239 5623 hujusmodi
1265 5562 1401 5609 fetus
1424 5561 1607 5625 edant.

813 5626 975 5673 Nocet
996 5622 1105 5672 suis
1133 5625 1339 5672 Sanctis
1360 5623 1546 5672 callida
1565 5622 1754 5680 bestia,
1779 5637 1810 5672 a

160 5684 357 5747 quibus
386 5685 699 5746 excluditur,
714 5689 774 5736 ut
794 5687 846 5735 in
877 5688 952 5735 eis
965 5685 1099 5735 ultra
1119 5699 1229 5735 non
1250 5685 1446 5735 habeat
1475 5690 1805 5749 potestatem.

160 5749 336 5828 navit
411 5750 629 5822 cmlos,‘
703 5757 766 5811 et
849 5749 1294 5813 obstetricante
1379 5768 1571 5810 manu
1645 5748 1804 5828 ejus,

158 5827 227 5893 In,
249 5841 360 5893 quo
391 5829 523 5878 nihil
552 5833 631 5879 est
657 5833 879 5880 rectum.
1223 5828 1320 5886 Qui
1347 5828 1403 5877 in
1443 5827 1808 5891 superioribus

159 5892 425 5953 eductus
473 5899 565 5953 est
612 5893 867 5953 coluber
920 5900 1256 5955 tortuosus.
1323 5894 1477 5953 Ecce
1535 5893 1671 5954 haec
1731 5913 1806 5954 ex

160 5969 323 6024 dicit:
347 5970 483 6032 Quia
509 5971 691 6028 nullus
718 5972 898 6027 omnia
925 5971 1377 6042 comprehendere
1408 5973 1622 6040 poterit.

1919 4761 2075 4797 versa
2103 4747 2441 4811 depromitis.
2542 4808 2553 4811 _
2579 4746 2844 4795 rationem
2872 4758 2981 4795 non
3016 4746 3285 4796 habentia.

1920 4812 2030 4871 stis
2084 4829 2097 4883 ;
2175 4808 2243 4871 'et
2298 4808 2450 4888 quid
2508 4808 2641 4869 sine
2697 4826 2888 4869 causa
2943 4828 3105 4871 vana
3180 4808 3572 4888 loquimini?

1919 4892 1992 4940 Ac
2003 4890 2047 4939 si
2065 4890 2264 4940 diceret
2282 4905 2293 4940 :
2313 4891 2452 4948 Hmc,
2468 4902 2587 4951 qua:
2606 4891 2922 4952 sequuntur,
2948 4889 3095 4952 impii
3116 4903 3178 4939 ac
3198 4888 3573 4949 violenti,.non

1920 4955 2066 5013 Haec
2122 4961 2214 5014 est
2246 4972 2389 5032 pars
2442 4950 2739 5032 hominis
2771 4950 2950 5032 impii
3000 4950 3167 5031 apud
3225 4953 3475 5032 Deum,_
3511 4957 3575 5011 et

1919 5033 2098 5106 modo,
2111 5034 2204 5106 sed
2221 5029 2273 5081 in
2295 5035 2474 5106 futuro
2482 5031 2682 5106 judicio
2696 5030 2762 5079 ab
2776 5029 3144 5094 omnipotente
3158 5034 3265 5106 Deo
3280 5029 3578 5106 percipient

1919 5096 2254 5157 haereditas
2334 5096 2782 5166 violentorum,
2854 5113 3042 5173 quam
3129 5096 3209 5155 ab
3280 5096 3572 5172 omnipo-

2476 5175 2534 5222 ln
2556 5173 2677 5223 ﬁliis
2710 5177 2763 5222 et
2793 5174 3079 5237 nepotibus
3109 5187 3321 5223 omnem
3347 5173 3571 5237 posteri-

1919 5243 2088 5298 tente
2144 5237 2508 5315 suscipiant.
2585 5238 2652 5299 Si
2709 5235 3109 5315 multiplicati
3165 5235 3398 5297 fuerint
3456 5235 3570 5297 ﬁlii

1921 5321 2086 5367 tatem
2109 5318 2258 5367 malm
2277 5317 2636 5380 generationis
2661 5317 2884 5378 aspexit.
3044 5317 3176 5375 Quia
3205 5331 3236 5366 a
3265 5316 3571 5379 cognitione

1919 5383 2077 5453 eius,
2137 5382 2199 5441 in
2255 5381 2465 5457 gladio
2523 5385 2725 5450 erunt,
2789 5387 2849 5439 ct
2918 5387 3176 5457 nepotes
3249 5380 3385 5456 ejus
3441 5384 3566 5441 non

1920 5461 2155 5509 veritatis
2177 5464 2303 5509 sunt
2321 5460 2493 5510 alieni.
2688 5458 2986 5508 lmitatores
3005 5460 3265 5508 malorum
3290 5464 3570 5522 parentum

1918 5523 2372 5584 saturabuntur
2455 5541 2617 5601 pane
2669 5539 2682 5592 ;
2744 5528 2804 5581 et
2888 5523 2996 5601 qui
3054 5523 3279 5600 reliqui
3337 5523 3569 5584 fuerint

1918 5602 2239 5652 damnantur
2276 5606 2443 5652 morte
2475 5601 2672 5650 futura.
3162 5604 3275 5651 Non
3309 5601 3572 5652 habentes

1920 5685 1993 5725 ex
2054 5686 2151 5740 eo,
2236 5665 2616 5746 sepelientur
2672 5664 2743 5746 in
2819 5664 3166 5746 interitum,
3255 5672 3316 5727 et
3364 5666 3569 5746 vidum

1920 5746 2105 5810 utique
2128 5743 2381 5810 temporis
2402 5745 2633 5810 copiam.
2699 5743 3011 5810 Magnitudo
3028 5745 3570 5810 avarititeimpiornm

1918 5807 2054 5887 ejus
2129 5807 2255 5869 non
2310 5807 2670 5889 plorabunt.
2732 5807 2795 5868 Si
2850 5808 3312 5888 computaverit
3387 5807 3569 5889 quasi

1918 5894 2073 5939 terrea
2108 5894 2158 5939 ct
2186 5890 2281 5939 luti
2313 5887 2544 5938 materias
2568 5891 2910 5951 comparatur
2923 5895 3141 5952 propter
3160 5887 3569 5938 immensitatem

1917 5959 2149 6018 terram
2208 5959 2561 6036 argentum,
2622 5958 2685 6015 et
2750 5952 2914 6017 sicut
2991 5954 3195 6018 lutum
3251 5968 3573 6036 praepara-
