3984 6384
448 353 602 417 1515

1933 353 2357 416 APPENDIX.

3693 351 3849 414 1516

1304 487 1464 565 Viam‘
1479 487 1699 564 justitite
1720 500 1852 536 meae
1873 491 2088 565 eontur-
2118 493 2172 558 Α
2203 487 2534 565 denigrata
2562 491 2656 547 est
2684 505 2751 545 su
2765 504 2872 562 per
2904 503 3021 559 me,
3041 489 3122 565 iet
3147 504 3290 547 ossa
3342 503 3483 547 mea
3533 491 3848 547 aruerunt

450 548 745 609 ﬂuctibus
817 547 1057 609 semitis
1161 547 1312 610 suis.

449 629 732 689 baverunt,
955 627 1266 678 insidiantes
1288 630 1436 677 mibi.

451 708 605 752 nera
635 708 811 771 mea:
873 690 1156 752 insidiati
1215 699 1361 754 sunt
1417 691 1596 766 mihi,
1641 698 1707 753 et
1751 693 2093 771 praevalue-

450 769 770 834 negantibus
786 771 1042 833 proximis
1053 772 1187 821 meis
1199 772 1618 821 consolationem
1631 772 1699 820 im
1709 769 1939 834 pendere
1949 773 2090 820 .Tam

450 839 621 914 runt,
655 838 720 914 et
774 852 901 914 non
947 835 1068 896 fuit
1123 836 1231 914 qui
1288 837 1478 896 ferret
1522 835 1852 896 auxilium.
1903 835 2093 906 Quasi

450 911 638 972 veloci,
661 912 854 976 inquit,
871 913 1075 977 impetu
1097 911 1349 978 prmdicta
1369 914 1506 964 mala
1525 928 1685 978 super
1695 927 1780 964 me
1802 915 2090 973 irruerunt,

451 980 638 1104 rupto
688 994 893 1066 muro,
954 983 1017 1038 et
1070 985 1288 1058 aperta
1335 979 1536 1057 janua
1612 979 1931 1040 irruerunt
1986 997 2091 1038 su-

451 1069 526 1104 nu
566 1069 597 1104 ο
620 1059 924 1104 resistente.

450 1055 597 1104 nullo
620 1055 924 1107 resistente.

451 1137 566 1198 per
591 1136 716 1193 me,
749 1125 810 1181 et
841 1119 919 1181 ad
960 1137 1132 1180 meas
1219 1119 1501 1180 miserias
1555 1120 1835 1180 devoluti
1919 1123 2086 1180 sunt.

1021 1199 1339 1248 desiderium
1368 1201 1813 1250 remunerationis
1841 1203 1964 1255 tum,
1999 1212 2084 1260 pa-

455 1260 767 1322 Redactus
820 1280 955 1322 sum
1014 1263 1078 1322 in
1154 1263 1356 1334 nihili,
1419 1270 1482 1323 et
1537 1263 1852 1324 abstulisti
1908 1263 2089 1334 quasi

451 1340 583 1390 riter
597 1354 717 1390 cum
731 1341 1072 1406 s_alute,quasi
1086 1342 1231 1391 venti
1249 1343 1470 1404 impetu,
1485 1343 1697 1406 etquasi
1712 1340 2088 1391 transvolantis

455 1409 676 1465 ventus
728 1403 1104 1466 desiderium
1188 1403 1421 1476 meum,
1503 1403 1578 1466 et
1637 1406 1811 1466 velut
1892 1406 2088 1464 nubes

451 1483 612 1561 nubis
641 1481 906 1561 celeritate
938 1485 1178 1561 rapuisti,
1202 1487 1326 1548 quia
1341 1485 1522 1561 abripi
1553 1485 1858 1561 permisisti:
1979 1500 2004 1520 ο

448 1548 868 1636 Ρρηςειηεῇνίι.
909 1549 1292 1636 sal-nemos.
1341 1552 1521 1636 Nunc
1564 1554 1786 1636 autem
1842 1548 1906 1608 in
1957 1566 2088 1607 me-

450 1625 505 1674 id
535 1629 630 1690 est,
655 1640 686 1676 a
705 1625 900 1690 vigoris
930 1628 1012 1676 sui
1041 1628 1337 1676 intentione
1359 1627 1682 1676 dissolvitur.

454 1689 722 1770 metipso
751 1689 978 1752 arescit
1030 1691 1242 1770 (Vulg.
1281 1691 1626 1768 marcescit)
1685 1690 1896 1749 anima
1929 1705 2090 1760 mea,

1635 1769 1785 1817 Ouod
1815 1769 1880 1817 de
1902 1769 2090 1816 vermi-

1635 1769 1785 1826 Quod
1815 1769 1880 1817 de
1902 1769 2093 1816 vermi-

453 1836 520 1894 et
590 1830 913 1910 possident
989 1850 1089 1893 me
1172 1833 1304 1892 dies
1353 1831 1731 1893 afﬂictionis.
1780 1835 1969 1892 Nocte
2025 1851 2096 1891 os

1423 551 1896 630 Dissipaverunt
1985 550 2090 610 iti-

2203 564 2490 633 pateretur.
2684 566 3000 633 Felicitatem
3023 564 3228 633 dierum
3251 579 3485 633 suorum,
3509 569 3562 616 et
3577 565 3846 633 laetitiam,

2205 628 2332 712 pro».
2388 635 2707 712 caumate.
2765 630 2948 712 Versa
2997 635 3090 688 est
3144 632 3208 690 in
3279 629 3556 712 luctum“
3594 628 3847 712 cithara

2203 707 2252 762 et
2279 711 2667 774 jucunditatcm
2695 709 2749 756 in
2781 709 2978 756 luctum
3013 722 3128 756 esse
3159 722 3474 758 conversam
3505 707 3649 774 dieit.

2206 771 2364 847 mea,
2399 781 2462 834 et
2516 791 2823 850 organum
2885 791 3095 832 meum
3151 774 3218 832 in
3276 791 3491 833 vocem
3552 771 3842 834 ﬂentium

2771 960 3026 1022 CAPUT
3070 960 3286 1021 XXXI.

2262 1103 2519 1165 Egoﬁnqu
2531 1103 2541 1149 i
2551 1106 2582 1161 ι,
2592 1101 2769 1149 animo
2784 1114 2844 1149 cu
2854 1114 2904 1148 m
2918 1099 2998 1148 his
3009 1099 3283 1165 obtutibus
3297 1099 3615 1165 carnismeaa
3628 1100 3846 1151 deﬁnivi

2279 1163 2498 1246 Pepigi
2601 1165 2802 1246 foedus
2839 1243 2848 1246 Α
2885 1183 3022 1222 rum
3100 1164 3295 1224 oculis
3327 1244 3337 1246 _
3369 1163 3540 1236 meis,
3622 1173 3704 1246 ut,
3738 1184 3850 1246 ine

2204 1263 2263 1298 ac
2286 1243 2464 1319 statui,
2485 1250 2541 1293 ut
2561 1243 2925 1319 nihilomnino
2941 1248 3091 1319 tu‘rpe
3113 1247 3268 1319 atque
3292 1244 3600 1319 obscoenum
3619 1244 3849 1319 mihijn-

2197 1311 2538 1388 cogitarem
2633 1307 2884 1384 quidem
2924 1385 2934 1388 Α
2971 1307 3047 1388 de
3103 1307 3621 1388 virgine._Quam
3675 1307 3846 1370 enim

2197 1385 2459 1440 tritisecus
2472 1387 2782 1436 nuntiarent
2795 1385 2938 1448 quod
2954 1386 3302 1435 delectatione
3317 1385 3598 1449 voluptatis
3611 1387 3752 1437 intra
3763 1400 3848 1437 me

2195 1460 2438 1534 partem
2471 1451 2733 1534 haberet
2759 1452 2922 1534 Deus
2963 1450 3028 1534 in
3089 1449 3663 1534 me_r_d_esuper,_gtr
3728 1450 3851 1512 ωε-

2201 1529 2395 1595 iniquis
2412 1529 2818 1595 cogitationibus
2832 1529 2916 1578 vol
2927 1531 3149 1595 utarem.
3165 1529 3226 1577 Et
3240 1529 3432 1595 idcirco
3447 1543 3500 1595 se
3513 1529 3704 1595 virtute
3718 1543 3845 1595 conf

2200 1591 2532 1658 reditatem
2570 1593 2970 1670 omnipotens
3026 1592 3102 1651 de
3159 1591 3416 1672 excelsis
3474 1593 3846 1672 ?l\’umquid

2201 1676 2444 1726 liuentia:
2466 1673 2832 1736 praecinxerat,
2855 1672 3049 1736 timens
3067 1671 3277 1720 oculum
3304 1672 3541 1736 Dei,cum
3563 1672 3673 1736 ipse
3697 1671 3844 1722 scru-

2203 1759 2326 1798 non
2385 1735 2656 1817 perditio
2713 1743 2808 1796 est
2863 1735 3104 1817 iniquo,
3164 1739 3242 1794 et-
3307 1735 3608 1817 alienatio
3691 1754 3845 1815 ope-

2204 1824 2344 1868 tator
2374 1813 2546 1866 cordis
2565 1816 2648 1873 sit,
2681 1819 2732 1863 et
2762 1828 2948 1862 omnes
2977 1814 3091 1862 vias
3120 1813 3541 1862 conversationis
3575 1813 3842 1874 humanas,

456 1873 558 1960 3;.
587 1873 1304 1974 assesasses?
1325 1873 1969 1974 ρῑῑξέεςῑιῖιιίῖσ·νέ;ιξξξῖ
2010 1873 2100 1973 ξιξ
2129 1873 2177 1936 B
2210 1883 2503 1974 ramibuse
2524 1877 3846 1974 Αίηᾗξξειῇξίξιξξᾎ-Ῐξῌῌλεξξξτξεξρξεμεριιείάθναι

459 1991 671 2034 meum
716 1975 1080 2053 perforatur
1135 1975 1506 2047 doloribus;
1565 1981 1628 2034 et
1684 1976 1791 2052 qui
1848 1993 1947 2033 me
2003 1992 2102 2035 co-

460 2065 648 2104 carnes
678 2052 792 2116 ejus
813 2053 1180 2114 comedebant,
1212 2059 1394 2104 noctes
1423 2054 1688 2102 ducebant
1707 2054 2006 2116 pervigiles.

677 2121 681 2125 ’
708 2115 717 2116 ί
1327 2117 1653 2166 Seatentium
1683 2115 1942 2164 vermium
1969 2115 2100 2164 mul-

460 2177 743 2250 medunt,
833 2196 958 2238 non
989 2178 1332 2239 dormiunt.
1391 2183 1460 2240 1n
1535 2180 1937 2240 multitudine
1995 2197 2099 2240 eo-

457 2256 648 2317 titudo,
679 2271 890 2320 semper
908 2271 964 2307 se
986 2272 1344 2318 commovens,
1377 2259 1502 2309 dum
1533 2273 1630 2322 per
1657 2273 1741 2308 me
1770 2273 1957 2322 repere
1990 2271 2100 2308 non

459 2324 649 2381 cessat,
679 2324 882 2370 vestem
905 2321 1122 2372 attrivit.

458 2402 595 2444 rum
694 2384 1086 2445 consumitur
1183 2385 1620 2444 vestimentum
1715 2403 1947 2455 meum,
2039 2389 2102 2443 et

458 2463 712 2528 quoniam
741 2467 910 2513 totum
928 2463 987 2528 in
1015 2477 1185 2528 unum
1213 2464 1391 2514 vultus
1446 2465 1740 2525 redactum,
1797 2463 2100 2514 incessabili

459 2525 553 2576 esu
581 2525 895 2590 haustuque
911 2526 1209 2575 discruciat.

458 2589 639 2670 quasi
715 2589 1015 2670 capitium
1101 2589 1328 2649 tunicae
1412 2589 1499 2649 sic
1584 2590 1917 2648 cinxerunt
2001 2606 2101 2670 me

496 2668 673 2748 Vulg.
761 2668 992 2748 capitio
1077 2670 1303 2730 tunicae
1415 2669 1860 2730 suceinxerunt
1952 2669 2097 2748 me).

509 2748 544 2798 d
554 2747 819 2798 summam
827 2747 1080 2812 vilitatem
1093 2749 1406 2812 perductum
1425 2763 1478 2797 se
1491 2748 1780 2812 dicit,quod
1793 2747 2103 2798 vulneribus

460 2815 513 2860 et
541 2812 688 2860 sanie
718 2811 855 2860 sicut
882 2811 1056 2861 lutum
1087 2811 1551 2874 computrescerct.

461 2877 875 2955 Comparatus
903 2893 1041 2934 sum
1101 2873 1256 2955 luto,
1317 2873 1814 2955 etpassimilatus
1872 2873 2099 2934 favillm

679 2954 1033 3004 lntentionem
1063 2954 1263 3004 orantis
1295 2955 1361 3003 ad
1394 2954 1556 3003 Deum
1588 2953 1838 3002 ostendit.

460 3022 523 3079 et
577 3016 796 3078 cineri.
844 3018 1060 3078 Clamo
1105 3017 1184 3078 ad
1246 3024 1328 3092 te,
1384 3023 1443 3077 et
1502 3035 1627 3076 non
1668 3016 1928 3076 exaudis
1961 3035 2096 3090 me;

458 3097 910 3147 Perseverantiam
942 3099 1008 3148 ad
1039 3098 1203 3146 Deum
1235 3096 1660 3145 indeclinabilem
1693 3109 1748 3144 se
1779 3097 1973 3145 habere
2021 3095 2099 3144 di-

1143 3161 1231 3208 cit.
1262 3160 1408 3208 Pium
1440 3164 1491 3208 ct
1521 3159 1914 3208 misericordem
1937 3161 2101 3208 Deum

458 3228 580 3294 sto,
611 3229 674 3284 et
721 3241 846 3284 non
886 3221 1142 3302 respicis
1198 3241 1320 3283 me.
1366 3225 1640 3282 Mutatus
1701 3242 1766 3282 es
1823 3223 1977 3282 mihi
2035 3224 2097 3282 in

461 3303 561 3351 sibi
579 3302 740 3351 fuisse
760 3303 817 3351 in
837 3303 1106 3365 prosperis
1126 3302 1272 3361 dicit,
1302 3308 1352 3351 et
1383 3303 1437 3350 in
1479 3302 1714 3351 adversis
1745 3303 1920 3352 subito
1955 3316 2098 3350 com-

461 3369 748 3414 mutatum.
772 3365 1034 3414 Potestate
1048 3369 1140 3428 tua
1161 3379 1375 3428 prunam
1399 3365 1616 3427 irrogas.
1632 3365 1756 3428 quia
1796 3365 2097 3426 permisisti.

459 3428 802 3500 crudelem,
862 3437 924 3488 et
977 3429 1040 3487 in
1107 3427 1342 3488 duritia
1417 3427 1661 3488 manus
1695 3435 1817 3487 tua:
1875 3429 2096 3488 adver-

609 3509 826 3557 Terreni
853 3507 1074 3558 honoris
1101 3507 1269 3569 gloria
1296 3521 1380 3556 me
1393 3507 1812 3570 sublimasti,qua
1829 3521 1858 3555 a
1873 3521 1958 3557 me
1975 3507 2090 3556 sub-

451 3569 609 3650 saris
679 3571 856 3630 mihi.
945 3571 1220 3632 Elevasti
1300 3589 1422 3642 me,
1506 3580 1569 3631 et
1653 3569 1832 3648 quasi
1909 3590 2098 3650 super

446 3649 704 3710 ducta,ita
714 3650 875 3701 elisus
892 3650 1194 3710 sum,veluti
1208 3664 1369 3713 supra
1379 3655 1598 3700 ventum
1612 3664 1695 3698 me
1717 3651 1958 3714 posueris
1976 3649 2097 3700 Post

441 3721 699 3804 ventum
777 3733 1045 3804 ponens,
1089 3714 1364 3804 "elisisti
1446 3732 1546 3804 me
1599 3714 1864 3804 _valide.
1956 3715 2098 3776 Scio

435 3790 686 3844 delictum
722 3790 880 3859 primi
915 3793 1153 3859 parentis
1185 3794 1430 3842 infernus
1467 3793 1744 3859 hominum
1766 3793 2095 3859 domuscon-

439 3859 590 3936 quia
685 3857 873 3920 morti
920 3857 1167 3918 ’trades
1222 3876 1372 3936 rme,
1438 3857 1546 3916 ubi
1605 3857 1947 3916 constituta
2005 3863 2099 3919 est

439 3935 628 3987 stituta
647 3942 730 3988 est
749 3952 760 3986 :
784 3938 857 3988 ibi
879 3951 962 3987 me
982 3938 1127 3987 abire
1146 3935 1884 3986 voluisti.Reconciliationem
1901 3937 2090 3987 mundi

438 4000 666 4060 domus
741 4002 913 4062 omni
999 4001 1250 4061 viventi.
1311 4001 1759 4060 Verumtamen
1819 4019 1943 4060 non
2003 4002 2082 4062 ad

434 4078 492 4128 in
510 4080 717 4143 Cbristo
733 4080 1072 4143 praphetavit
1084 4080 1336 4143 futuram.
1355 4081 1486 4143 Post
1515 4079 1961 4142 redemptionem,
1982 4094 2088 4143 qua

437 4155 532 4204 per
545 4141 703 4191 fidem
717 4141 771 4214 in
780 4141 988 4214 _Christo
1002 4142 1336 4200 salvamur,si
1352 4142 1543 4214 iterum
1567 4157 1665 4214 per
1677 4141 1948 4214 peccatum
1966 4141 2086 4193 rue-

438 4207 986 4294 consumptionem
1029 4223 1247 4294 eorum
1305 4207 1552 4294 emittes
1606 4205 2082 4294 (Vulg.._meam

441 4283 555 4348 rint,
570 4282 836 4343 homines,
863 4297 1026 4336 manu
1067 4285 1279 4348 pietatis
1306 4285 1670 4348 elevante,pcr
1711 4282 2081 4348 pinnitentiam

437 4347 694 4431 emittis)
728 4367 1011 4431 _manu_r_n
1069 4347 1266 4418 tuam,
1317 4349 1476 4431 etsi
1517 4347 1890 4431 corruerint,
1950 4351 2086 4431 ipse

438 4427 552 4491 ipse
583 4428 827 4478 salvabis.
926 4429 1074 4478 Flere
1106 4442 1162 4477 se
1184 4441 1279 4490 pro
1302 4428 1509 4477 afﬂictis
1531 4429 1674 4478 dicit.
1956 4445 1961 4450 ι

439 4492 740 4554 salvebis.
799 4492 1054 4554 Flebam
1112 4492 1458 4573 quondam
1496 4570 1508 4573 Δ
1542 4511 1731 4573 super
1817 4511 1891 4554 eo
1974 4493 2083 4573 qui

1046 4572 1232 4635 utique
1262 4570 1586 4621 condolebat
1615 4570 1828 4621 misero.

435 4634 730 4709 afﬂictus,
783 4641 935 4709 erat,
1001 4641 1062 4696 et
1108 4624 1615 4714 compatiebatur
1670 4636 1884 4696 anima
1942 4624 2158 4698 meaD

932 4715 1189 4765 Beneﬁcia
1220 4714 1274 4764 di
1314 4715 1424 4764 ina.

432 4777 726 4858 pauperi.
814 4779 1240 4858 Expectabam
1325 4779 1549 4858 bona,
1603 4783 1666 4838 et
1773 4785 2082 4841 venerunt

434 4857 657 4907 miseria
683 4857 978 4921 plagarum.
1001 4859 1216 4908 Factum
1235 4861 1330 4916 est,
1348 4862 1517 4920 utpro
1540 4857 1661 4906 luce
1694 4859 2076 4920 prosperitatis,

433 4921 682 4972 tenebras
712 4924 1098 4970 tormentorum
1130 4922 1454 4970 incurrerem
1463 4957 1474 4967 .

432 4985 830 5064 mihimala:
866 4983 1296 5064 prmstolaban
1329 4985 1554 5064 lucem,
1619 4988 1680 5043 et
1735 4990 2080 5064 eruperunt

586 5063 721 5115 Suas
751 5063 1002 5126 exprimit
1033 5077 1236 5128 pmnas,
1270 5063 1464 5126 quibus
1495 5063 1610 5125 ejus
1633 5064 1838 5113 viscera
1860 5063 2077 5113 inferno

430 5128 735 5208 tenebrae.
798 5129 1105 5189 Interiora
1166 5145 1304 5187 mea
1363 5129 1790 5189 eilerbuerunt
1837 5129 2076 5208 absque

429 5206 638 5258 fervore
669 5208 1056 5270 coquebantur.

429 5270 562 5350 ulla
617 5269 858 5350 requie.
915 5275 1366 5332 Prmvenerunt
1420 5289 1518 5330 me
1596 5269 1726 5330 dies
1779 5269 2075 5332 afﬂictio-

429 5347 563 5455 guia
582 5347 756 5412 βαξοὼ
789 5353 1036 5402 meritum
1060 5350 1382 5409 nesciebam,
1416 5355 1468 5398 et
1497 5354 1672 5398 tamen
1706 5351 1820 5400 sine
1870 5351 2075 5401 iracun-

467 5423 517 5455 18.
535 5426 697 5455 eram-

467 5423 517 5459 ιιι
535 5426 697 5462 eram.

427 5474 544 5534 nis.
600 5478 868 5536 Maerens
951 5477 1330 5550 incidebam,
1419 5475 1550 5534 sine
1610 5476 1856 5546 furore;
1919 5494 2068 5537 con-

425 5551 598 5604 Animi
631 5555 823 5604 virtute
853 5556 918 5605 ad
949 5571 1116 5620 spem,
1141 5556 1356 5620 publica.
1383 5556 1741 5620 satisfactione
1771 5556 2008 5620 exoravi.

1022 5647 1033 5655 -
1145 5618 1158 5620 ⁷
1477 5619 1770 5668 Derelictus
1805 5619 1870 5667 ab
1902 5618 2074 5668 homi-

423 5699 697 5762 surgens
743 5678 857 5762 in__
895 5681 1080 5762 turba
1161 5681 1450 5742 clamavi.
1513 5683 1879 5762 Fraterﬁfui
1934 5683 2072 5742 dra-

418 5759 594 5822 nibus,
626 5759 728 5810 illis
758 5759 944 5809 avibus
975 5760 1292 5811 assimilatus
1321 5775 1456 5809 sum.
1572 5762 1678 5812 Hoc
1709 5761 1771 5810 ad
1795 5762 2071 5812 cumulum

413 5839 671 5898 conum,
736 5827 799 5882 et
880 5822 1084 5882 socius
1140 5825 1591 5884 struthionum.
1680 5826 1855 5887 Cutis
1932 5843 2075 5888 mea

419 5914 698 5968 pceparum
721 5901 837 5964 ejus
859 5900 1178 5968 pertinebat,
1192 5907 1259 5968 nt
1280 5903 1334 5968 in
1354 5907 1584 5968 stercore
1607 5905 1947 5964 constitutus,
1973 5919 2072 5968 per

415 5963 580 6015 multa
606 5962 848 6030 tempore
869 5962 999 6014 solis
1019 5962 1420 6014 ardentissimos
1449 5965 1629 6016 radios
1650 5981 1820 6032 usque
1853 5968 1920 6019 ad
1938 5962 2070 6019 ossa

2213 1968 2544 2022 cunctosque
2578 1971 2791 2020 gressus
2819 1962 3034 2005 actuum
3059 1956 3333 2004 hominum
3365 1957 3585 2006 noverit.

2211 2027 2344 2086 vias
2399 2020 2594 2093 meas,
2655 2029 2717 2080 et
2764 2028 3019 2080 cunctos
3076 2038 3322 2096 gressus
3366 2037 3538 2080 meos
3564 2020 3845 2082 dinume-

2399 2118 2494 2166 pro
2525 2099 2939 2166 elevationebic
2968 2100 3174 2166 vanitas
3193 2098 3428 2166 ponitur.

2216 2167 2361 2226 rat?
2399 2160 2516 2227 Ἐἰ
2591 2165 2643 2224 si
2727 2163 3046 2223 ambulavi
3127 2160 3516 2234 in_vauitate,
3552 2170 3614 2222 et
3666 2160 3842 2222 festi-

2554 2243 2781 2292 Sanctus
2808 2243 2908 2292 Job
2939 2244 3113 2291 certus
3144 2242 3209 2290 de
3245 2241 3492 2304 aequitate
3508 2240 3728 2304 justitiaa
3749 2241 3844 2291 Dei

2213 2307 2389 2368 navit
2441 2308 2502 2368 in
2564 2309 2708 2365 dolo
2764 2324 2878 2383 per
2932 2323 3139 2379 meus;
3202 2305 3518 2384 appendat
3569 2323 3697 2384 grue
3773 2305 3842 2366 in

2211 2388 2535 2436 manifeslari
2569 2401 2622 2434 se
2645 2389 2793 2448 optat
2821 2385 3145 2434 hominibus.
3179 2383 3320 2434 Scire
3351 2385 3508 2434 faciat
3535 2383 3683 2448 alios.

2211 2459 2438 2512 statera
2509 2447 2702 2529 justa,
2783 2455 2844 2509 et
2907 2449 3074 2529 sciat
3144 2451 3306 2529 Deus
3377 2447 3839 2529 simplicitatem

2553 2543 2713 2592 Opera
2743 2542 2861 2577 mea
2889 2527 2954 2576 de
2983 2529 3067 2592 via
3095 2526 3464 2577 mandatorum
3495 2526 3604 2576 Dei.

2213 2611 2439 2654 meam.
2497 2589 2672 2654 Et'si
2701 2591 3037 2652 declinavit
3087 2609 3333 2669 gressus
3390 2609 3576 2669 meus
3608 2589 3686 2650 de
3740 2590 3844 2652 via

2211 2674 2378 2722 Corde
2402 2687 2510 2721 non
2535 2673 2779 2721 consensi
2802 2668 3264 2733 concupiscentiae,
3288 2683 3448 2733 quam
3467 2668 3606 2719 oculi
3633 2670 3839 2721 obtule-

2211 2740 2382 2812 ejus;
2417 2745 2480 2796 et
2511 2739 2559 2796 si
2593 2742 2842 2796 secutus
2875 2741 2968 2794 est
2997 2736 3215 2794 oculus
3242 2753 3414 2805 meus
3441 2751 3548 2794 cor
3602 2751 3836 2806 meum,

2212 2821 2332 2865 runt
2349 2817 2629 2879 .Opcribus
2643 2816 2772 2864 meis
2789 2815 2933 2863 nulla
2956 2815 3150 2879 peccati
3170 2812 3656 2879 maculaadltmrere
3666 2814 3842 2876 potuit

2211 2881 2360 2942 etin
2404 2877 2693 2940 inanibus
2745 2880 2894 2938 meis
2947 2878 3202 2937 adlnesit
3269 2877 3534 2937 macula.
3593 2879 3837 2952 Seram,

2272 2973 2391 3008 cum
2421 2959 2647 3022 quadam
2665 2957 2953 3021 juramcnti
2983 2956 3340 3022 exsecratione
3363 2956 3654 3006 conﬁrmat.

2210 3029 2273 3084 et
2303 3018 2461 3083 alius
2516 3018 2826 3094 comedat,
2888 3028 2949 3079 et
2995 3021 3324 3100 progenies
3380 3038 3518 3080 mea
3567 3018 3843 3080 eradice-

2211 3110 2333 3189 t_ur.
2376 3104 2441 3165 Si
2495 3105 2828 3189 deceptum
2889 3110 2983 3189 est
3038 3120 3144 3189 eor
3201 3119 3424 3189 meum.
3459 3117 3645 3189 super
3701 3118 3842 3189 mu-

2229 3184 2246 3192 '
2491 3179 2792 3232 Secundum
2824 3185 3027 3230 naturai
3056 3181 3256 3244 bonum
3286 3181 3387 3230 hoc
3412 3179 3663 3244 loquitur,
3687 3183 3754 3244 Aut
3782 3180 3841 3228 in

2210 3245 2375 3294 'l‘obia
2405 3247 2658 3307 scriptum
2692 3251 2802 3294 est:
2833 3244 2978 3305 Quod
3004 3243 3098 3292 tibi
3126 3258 3225 3292 non
3257 3246 3330 3292 vis
3355 3241 3497 3306 ﬁeri;
3543 3241 3697 3292 αἰτεῖ-ἰ
3739 3255 3840 3291 παι

2208 3310 2394 3373 feceris
2421 3309 2562 3370 (Tob.
2596 3323 2664 3373 iv,
2691 3310 2790 3369 16).
2923 3350 2964 3373 Δ,

2209 3366 2446 3444 lierem,
2482 3379 2545 3433 et
2579 3366 2767 3432 si'ad
2821 3366 3049 3431 ostium
3099 3369 3274 3429 inimi
3331 3367 3453 3430 mei
3506 3366 3840 3428 insidiatus

2468 3459 2740 3514 scortum
2810 3450 2890 3512 sit
2963 3449 3218 3510 alterius
3301 3467 3460 3509 uxor
3528 3466 3691 3521 mea,
3775 3454 3840 3508 et

3277 3529 3398 3578 "ch
3425 3529 3632 3577 funesta
3656 3541 3719 3576 ac
3748 3527 3838 3577 de-

2205 3614 2394 3673 super
2450 3596 2621 3655 illam
2705 3595 3114 3654 incurventur
3146 3592 3294 3673 alii.
3335 3594 3464 3673 Hoc
3518 3591 3685 3673 enim
3736 3608 3839 3673 ne-

2204 3670 2465 3724 testabilia
2494 3676 2725 3738 cogitare
2757 3675 2840 3722 vel
2870 3675 3060 3722 facere.
3103 3735 3114 3738 _
3281 3671 3528 3738 lgnisest
3554 3670 3835 3720 incentiva:

2203 3739 2298 3798 fas
2323 3747 2437 3812 est,
2471 3747 2532 3798 et
2563 3735 2886 3816 iniquitas
2953 3735 3248 3796 maxima.
3307 3735 3474 3814 Ignis
3521 3740 3584 3796 et
3635 3752 3838 3814 usque

2200 3817 2434 3866 libidinis
2463 3819 2641 3866 omnia
2670 3817 2922 3866 virtutum
2951 3817 3091 3866 bona
3119 3828 3459 3866 consumens.

2203 3883 2282 3941 ad
2316 3883 2729 3960 perditionem
2775 3883 3106 3952 devorans,
3139 3879 3458 3960 et‘omnia
3511 3875 3836 3960 eradicans

2995 3971 3189 4023 magna
3216 3957 3491 4008 humilitas
3511 3955 3678 4006 sancti
3705 3956 3832 4007 Viri.

2201 4024 2544 4102 genimina.
2597 4024 2662 4084 Si
2711 4023 3059 4102 contempsi
3141 4023 3350 4083 subire
3433 4039 3580 4102 cum
3653 4037 3832 4081 servo

2201 4099 2341 4166 meo
2385 4105 2718 4184 judicium,
2751 4111 2814 4166 et
2851 4099 3078 4184 ancilla
3107 4120 3267 4184 mea,
3310 4121 3468 4184 eum
3501 4099 3831 4184 discepta-

2953 4182 3144 4245 Magna
3162 4182 3322 4232 futuri
3349 4181 3534 4246 judicii
3563 4180 3829 4244 cogitatio,

2197 4255 2338 4308 rent
2393 4248 2724 4308 adversum
2786 4265 2905 4307 me.
2960 4247 3119 4318 Quid
3185 4245 3361 4307 enim
3404 4245 3628 4306 faciam
3688 4261 3833 4304 cum

2195 4342 2313 4389 qua:
2338 4331 2396 4376 ut
2417 4342 2628 4390 semper
2641 4327 2794 4391 corin
2809 4325 3106 4376 humilitate
3137 4324 3399 4391 deprimat
3413 4335 3747 4391 nequaquam
3775 4323 3832 4372 in

2194 4388 2546 4451 aur-rexerit
2591 4391 2670 4450 ad
2746 4390 3161 4467 judicandum
3208 4388 3221 4391 ⁷
3256 4388 3475 4450 Deus?
3525 4388 3616 4467 Et
3687 4404 3830 4467 cum

2194 4471 2392 4520 eisdem
2409 4471 2618 4520 famulis
2637 4466 2914 4532 conSpicit,
2933 4469 3077 4534 quod
3099 4469 3197 4519 sibi
3221 4473 3388 4519 status
3412 4470 3495 4534 est
3509 4466 3703 4530 dispar,
3737 4466 3830 4517 sed

2193 4535 2337 4596 quod
2367 4539 2557 4583 natura
2588 4530 2903 4582 communis.
2949 4530 2964 4534 ⁷
3101 4595 3111 4596 7
3166 4595 3171 4596 ν
3364 4593 3374 4596 Α
3403 4530 3644 4596 ςιιῐίξιοιι
3672 4543 3826 4596 usque

2189 4589 2530 4726 quaesierit,
2615 4597 2768 4675 quid
2848 4595 3240 4673 respondebo
3323 4593 3377 4654 ei
3408 4594 3439 4654 Ἰ
3511 4589 3828 4672 Numquid

2227 4677 2446 4726 cbemus
2463 4679 2517 4726 in
2534 4676 2821 4726 cuiuslibet
2840 4689 2956 4726 nem
2969 4676 3037 4724 itii
3061 4675 3254 4726 iudicio
3271 4673 3579 4726 discuti.uui
3597 4685 3826 4726 percon-

2227 4677 2446 4726 cbemus
2463 4679 2517 4726 in
2534 4673 2821 4740 cujuslibet
2840 4689 2956 4738 neg.
2969 4676 3037 4724 ιιὶί
3055 4675 3254 4737 judicio
3271 4673 3478 4740 discuti,
3489 4673 3579 4737 qui
3597 4685 3826 4736 percon-

2208 3471 2388 3524 sum;

2191 4759 2316 4800 non
2374 4741 2439 4800 in
2497 4737 2676 4800 utero
2733 4740 2880 4800 fecit
2920 4737 3056 4810 me,
3113 4740 3222 4817 qui
3280 4742 3342 4798 et
3393 4737 3569 4798 illum
3605 4753 3826 4817 opera-

2189 4820 2374 4869 ditoris
2405 4821 2695 4884 potentiam
2727 4833 2911 4869 sumus
2933 4815 3400 4884 mqualitenfacti?
3562 4817 3690 4884 APer
3709 4815 3824 4884 haec

2190 4891 2287 4944 tus
2317 4878 2431 4956 est,
2465 4891 2526 4944 ct
2557 4885 2850 4943 formavit
2877 4902 2974 4941 me
2998 4878 3084 4941 'in
3127 4879 3317 4940 vulva
3373 4897 3534 4940 unus
3559 4879 3590 4939 ?
3646 4881 3724 4940 Et
3772 4878 3826 4939 si

2187 4964 2324 5012 dicta
2345 4965 2424 5012 vir
2445 4969 2663 5012 sanctus
2686 4963 3002 5018 ostenditur,
3022 4975 3128 5010 non
3149 4960 3320 5010 solum
3343 4958 3408 5008 ad
3436 4959 3670 5023 inopiam
3693 4971 3826 5023 pau-

2188 5029 2411 5100 negavi
2441 5028 2613 5107 quod
2674 5028 2984 5107 volebant,
3026 5024 3432 5107 pauperibus,
3492 5021 3556 5107 et
3605 5021 3821 5107 oculos

2184 5109 2418 5170 peribus,
2443 5101 2534 5156 sed
2563 5108 2720 5156 etiam
2750 5106 2815 5155 ad
2846 5101 3133 5170 adhibendi
3158 5101 3485 5170 desiderium
3515 5101 3820 5170 deserviise.

3087 5167 3182 5216 Pro
3214 5166 3359 5215 omni
3389 5165 3639 5216 alimento
3671 5163 3820 5224 dixit,

2184 5232 2388 5293 viduae
2419 5238 2780 5309 exspectare
2815 5231 2952 5291 feci.
3005 5230 3068 5290 Si
3125 5229 3365 5290 comedi
3419 5229 3494 5290 de
3550 5227 3816 5309 panibus

2185 5313 2413 5375 implens
2445 5313 2568 5360 illud
2593 5328 2602 5360 :
2638 5314 2838 5373 Frange
2867 5309 3111 5359 esurienti
3135 5324 3317 5375 panem
3349 5311 3508 5375 t_uum_.

2184 5369 2388 5456 (Vit/(1.
2478 5397 2590 5435 non
2674 5369 2844 5434 habet
2918 5376 2994 5434 de
3106 5369 3414 5456 panibus)_
3475 5369 3814 5456 buccellam

2185 5448 2387 5516 meum
2420 5458 2610 5531 solus,
2643 5465 2698 5516 et
2735 5477 2858 5515 non
2919 5448 3191 5515 comedit
3222 5448 3495 5533 pupillus
3551 5471 3653 5533 ex_
3683 5470 3756 5512 ea
3783 5448 3814 5512 ?

2185 5539 2260 5586 Ad
2277 5537 2484 5586 laudem
2501 5530 2791 5585 conditoris
2816 5540 2995 5584 narrat
3017 5536 3081 5583 ab
3113 5530 3592 5597 ipso’accepissemt
3605 5530 3724 5595 pius
3735 5543 3814 5597 es-

2181 5603 2330 5680 quia
2388 5602 2466 5661 ab
2542 5603 2810 5661 infantia
2881 5618 3027 5680 mea
3107 5594 3302 5680 crevit
3374 5594 3625 5680 mecum
3695 5594 3808 5680 mi-

2182 5675 2310 5736 set,a
2333 5695 2438 5744 quo
2455 5682 2657 5744 accepit
2676 5685 2732 5744 ut
2754 5682 2890 5728 esset
2913 5696 2923 5705 ·
2940 5678 3219 5744 quia_sicut
3243 5691 3340 5744 suo
3378 5689 3536 5740 opere
3560 5675 3630 5744 _in
3661 5679 3808 5744 utero

2180 5737 2422 5792 conditus
2444 5757 2551 5792 non
2581 5737 2692 5801 fuit,
2718 5743 2788 5792 ita
2811 5755 2906 5790 nec
2929 5737 3224 5790 siiavirtute
3249 5741 3314 5790 ab
3343 5737 3495 5790 utero
3522 5738 3640 5802 pius
3664 5737 3780 5786 fuit.

2180 5808 2429 5881 seratio,
2467 5813 2524 5868 et
2567 5809 2644 5868 de
2703 5811 2880 5868 utero
2940 5804 3154 5865 matris
3211 5823 3364 5865 mere
3423 5818 3667 5882 egressa
3711 5804 3809 5882 est

2240 5888 2400 5938 Juxta
2431 5886 2558 5937 illud
2579 5902 2589 5937 :
2609 5886 2666 5936 Si
2693 5885 2886 5936 videris
2906 5882 3121 5947 nudum,
3152 5884 3293 5950 operi
3319 5881 3638 5950 eumJgnotg
3653 5881 3807 5937 etiam

2181 5969 2452 6015 mecum.
2486 5951 2554 6015 Si
2582 5951 2840 6036 despexi
2887 5945 3276 6032 pereuntem,
3338 5966 3412 6014 eo
3457 5945 3624 6034 quod
3681 5963 3806 6014 non
