3984 6394
279 391 434 456 153⁸7

1291 387 1703 451 EXCERPTA
1745 382 1847 449 EX
1890 385 2297 452 COMMENT.
2344 386 2423 448 ΙΝ
2466 383 2627 450 JOB.

3523 381 3682 446 ωδε

1422 1117 2545 1253 CONCLUSIO.

1580 1425 1864 1486 GLORIA
1913 1429 2068 1488 T181
2117 1429 2397 1500 PATER,

1128 1526 1417 1588 GLORlA
1459 1525 1911 1597 UNIGENITO,
1952 1527 2113 1586 CUM
2160 1527 2465 1587 SANCTO
2512 1528 2848 1600 SPlRlTU,

1474 1623 1550 1682 IN
1599 1623 2109 1684 SEMPITERNA
2156 1623 2504 1686 SECULA.

359 2081 574 2133 Beatus
603 2092 736 2132 vero
766 2076 878 2131 Job
910 2093 978 2132 ex
1018 2075 1142 2131 suis
1197 2075 1388 2130 verbis
1441 2077 1497 2130 et
1544 2073 1939 2147 passionibus,
1971 2077 2026 2142 Α
2057 2076 2232 2130 ﬁdem
2266 2077 2335 2131 ad
2367 2076 2663 2132 Christum
2709 2079 3069 2134 venientium
3101 2079 3300 2134 offeret
3339 2079 3389 2135 ei
3419 2079 3696 2136 innocen-

285 2165 510 2222 Christi
570 2165 855 2237 expressit
928 2164 1265 2237 imaginem.
1343 2163 1566 2233 Conjux
1622 2178 1754 2217 vero
1813 2165 1941 2233 ejus

283 2253 614 2311 carnalium
655 2258 860 2327 typum
915 2253 1202 2324 designat,
1265 2252 1363 2324 qui
1415 2251 1572 2307 intra
1622 2251 1940 2307 Ecclesiam

284 2343 492 2417 positi,
523 2343 702 2399 vitam
733 2342 1132 2416 spiritualium
1174 2342 1436 2397 moribus
1486 2340 1609 2396 suis
1654 2339 1944 2396 scandali-

285 2436 445 2488 zant.
476 2431 667 2487 Amici
698 2431 826 2502 ejus
858 2433 1107 2504 ﬁguram
1157 2431 1561 2486 hazreticorum
1613 2431 1943 2502 designant.

285 2520 420 2576 Eliu
449 2537 583 2577 vero
610 2520 955 2594 gentilitatis
986 2520 1193 2576 habuit
1233 2519 1572 2592 imaginem.
1626 2520 1736 2574 Sed
1788 2535 1945 2574 nunc

285 2610 582 2667 exstincta
636 2609 958 2682 gentilitate
1016 2614 1190 2682 atque
1249 2608 1488 2676 abolita,
1559 2607 1812 2663 haeretici
1873 2608 1944 2662 ad

292 2699 592 2754 Christum
625 2715 659 2753 a
697 2703 811 2754 Deo
842 2698 1299 2770 praemittuntur,
1347 2702 1402 2752 et
1432 2714 1536 2768 per
1566 2696 1946 2752 mediatorem

290 2789 416 2845 Deo
475 2786 903 2843 reconciliatur.
978 2787 1041 2842 In
1117 2787 1456 2842 holocausto
1525 2803 1657 2842 vero
1725 2790 1947 2857 septem

295 2883 608 2934 taurorum
639 2881 696 2932 et
725 2875 998 2946 arietum,
1028 2877 1355 2932 orationum
1409 2880 1583 2947 atque
1627 2875 1948 2947 eleemosy-

301 2983 515 3022 narum
600 2965 1000 3022 satisfactione
1060 2965 1401 3037 poenitentia
1474 2966 1946 3020 demonstratur.

297 3055 465 3122 Quod
522 3059 717 3111 autem
776 3055 874 3121 ait,
946 3056 1209 3110 Dominus
1272 3057 1507 3125 suscepit
1572 3056 1770 3124 faciem
1833 3053 1948 3120 Job,

297 3149 362 3200 et
417 3143 686 3216 reliqua;
740 3147 804 3199 ut
852 3143 1109 3198 Joannes
1158 3143 1273 3198 ait:
1335 3145 1452 3215 Ipse
1506 3145 1584 3196 est
1635 3143 1953 3214 propitiatio

297 3233 452 3306 apud
480 3237 720 3288 Patrem.
773 3231 866 3289 Sic
919 3233 1113 3304 itaque
1158 3232 1334 3287 facies
1374 3231 1691 3286 Salvatoris
1720 3248 1754 3285 a
1783 3231 1951 3285 Patre

298 3322 643 3394 suscipitur,
677 3323 818 3377 dum
849 3326 906 3377 et
944 3321 1068 3393 ipse
1124 3321 1359 3376 exaudit
1410 3324 1466 3375 et
1514 3321 1825 3375 exauditur
1851 3335 1952 3391 pro

2054 2163 2197 2219 tiam
2271 2181 2461 2233 suam,
2548 2166 2881 2238 mentisque
2948 2167 3360 2223 obedientiam.
3439 2169 3703 2224 Dominus

2057 2257 2237 2308 autem
2285 2256 2596 2310 novissimis
2645 2257 2740 2311 Job
2791 2255 3068 2311 benedixit
3111 2257 3288 2325 magis
3329 2273 3493 2328 quam
3538 2260 3698 2327 prin-

2054 2345 2196 2414 cipio
2227 2344 2361 2414 ejus.
2398 2342 2686 2416 Principia
2716 2343 2931 2400 Christi
2963 2343 3064 2399 Dei
3112 2349 3169 2400 et
3215 2345 3445 2400 Domini
3493 2346 3700 2416 nostri,

2055 2431 2199 2503 legis
2229 2431 2408 2503 Moysi
2439 2433 2674 2488 exordia
2703 2448 2831 2488 esse
2875 2433 3188 2505 significat,
3222 2434 3539 2491 novissima
3565 2452 3700 2491 vero

2058 2521 2187 2591 ejus
2217 2519 2595 2593 Evangelium
2629 2537 2757 2577 esse
2788 2526 3097 2592 monstrat,
3137 2527 3195 2578 et
3223 2522 3428 2579 melior
3456 2529 3544 2580 est
3574 2541 3697 2580 ma-

2064 2608 2359 2664 nifestatio
2394 2609 2655 2666 veritatis
2678 2610 2734 2665 in
2754 2610 3266 2683 Evangelio,quam
3291 2611 3702 2685 allegoriarum

2059 2697 2270 2753 umbra
2301 2698 2360 2753 in
2407 2697 2598 2753 Veteri
2649 2699 3044 2755 Testamento.
3087 2700 3272 2764 Quam
3303 2717 3434 2756 vero
3475 2699 3702 2774 signiﬁ-

2060 2786 2348 2842 cationem
2403 2785 2748 2843 animalium
2796 2787 3076 2844 vocabula
3133 2788 3194 2844 in
3237 2805 3300 2844 se
3350 2789 3704 2858 contineant,

2061 2874 2119 2929 in
2153 2874 2436 2946 principio
2469 2875 2648 2946 hujus
2681 2875 2872 2948 operis
2921 2875 3138 2932 dixisse
3185 2894 3280 2933 me
3309 2878 3570 2934 memini.
3605 2880 3703 2934 Se-

2061 2969 2221 3036 ptem
2256 2963 2359 3018 ﬁlii
2397 2964 2797 3036 septiformem
2839 2966 3088 3037 gratiam
3131 2965 3383 3038 Spiritus
3409 2968 3614 3035 sancti,
3651 2972 3708 3023 et

2062 3057 2182 3108 tres
2212 3053 2342 3108 filiae
2375 3053 2583 3125 legem,
2620 3053 2952 3126 prophetas,
3007 3060 3063 3109 et
3107 3055 3486 3127 Evangelium
3529 3057 3708 3128 signi-

2065 3141 2258 3196 ficant.
2293 3141 2541 3196 Nomina
2571 3140 2824 3196 filiarum
2853 3142 3001 3212 ejus,
3036 3144 3181 3208 Dies,
3217 3142 3423 3214 Cassia,
3471 3143 3702 3199 Cornus-

2064 3230 2222 3285 tibia.
2262 3231 2390 3285 Dies
2431 3245 2567 3300 ergo
2618 3227 2707 3284 lex
2759 3228 2859 3284 Dei
2908 3234 3016 3298 est,
3068 3247 3194 3302 quae
3244 3232 3316 3286 ad
3347 3232 3705 3304 agnitionem

2063 3318 2345 3384 veritatis,
2392 3323 2618 3373 noctem
2687 3318 2960 3374 humanae
3006 3320 3344 3391 ignorantiae
3393 3321 3706 3378 illuminat.

302 3411 495 3468 nobis.
527 3412 590 3466 Et
638 3411 840 3482 adjecit
890 3412 1168 3478 Dominus,
1220 3414 1276 3465 et
1322 3409 1566 3480 reliqua.
1619 3408 1752 3507 ‘Illa'
1777 3409 1955 3507 igitur
1985 3443 2032 3507 Β
2067 3408 2251 3463 Cassia
2300 3411 2510 3507 sanctis
2547 3406 2842 3507 unctionis
2904 3409 3144 3507 domum
3201 3414 3308 3465 est.
3360 3411 3709 3466 Cornustzbia

298 3501 501 3557 addita
533 3504 674 3556 sunt
701 3500 931 3556 Christo
963 3500 1232 3569 Domino,
1281 3515 1415 3554 cum
1461 3497 1674 3570 populo
1720 3498 1950 3554 Judaeo-

298 3605 456 3660 rum,
489 3589 755 3662 gentium
787 3588 1102 3644 multitudo
1136 3587 1390 3644 additur.
1436 3587 1629 3643 Omnes
1675 3589 1876 3658 fratres
1903 3595 1955 3642 et

295 3693 529 3734 sorores.
591 3677 795 3733 Omnis
867 3677 1134 3748 cognatio
1189 3675 1387 3749 pepuli
1461 3676 1822 3742 Judaeorum,
1882 3675 1953 3731 de

299 3782 555 3838 quorum
590 3765 812 3821 familia
840 3765 1103 3821 Christus
1134 3770 1309 3821 natus
1341 3769 1447 3821 est.
1500 3765 1626 3821 Sive
1668 3763 1952 3837 generali-

300 3860 394 3912 ter
460 3855 726 3911 omnium
779 3855 1040 3927 gentium
1108 3854 1551 3910 multitudinem
1631 3854 1955 3927 intelligere

302 3961 645 4017 possumus.
680 3944 786 4012 Qui
808 3947 966 4016 prius
996 3949 1258 4001 noverant
1283 3945 1651 4001 eum.0mnes
1681 3944 1865 4000 sancti
1899 3949 1955 4000 et

305 4033 599 4106 prephetze
629 4033 730 4105 qui
761 4035 1031 4089 eumdem
1075 4034 1350 4090 videbant
1396 4033 1454 4088 in
1503 4033 1743 4106 Spiritu,
1777 4049 1950 4104 quem

311 4123 492 4178 etiam
544 4122 603 4178 in
664 4139 838 4178 carne
890 4127 1203 4178 venturum
1264 4121 1670 4178 enuntiabant.
1703 4122 1950 4177 Comcdc-

293 4219 435 4266 runt
461 4227 583 4267 cum
631 4228 714 4270 eo.
767 4210 930 4268 Nunc
978 4212 1034 4266 in
1086 4212 1260 4267 domo
1309 4209 1574 4266 Ecclesiae
1615 4209 1949 4278 Salvatoris,

297 4315 504 4356 omnes
535 4300 736 4356 ﬁdeles
783 4301 1214 4371 Scripturarum
1263 4298 1765 4355 exhortationibus
1817 4300 1948 4355 refi-

293 4389 554 4445 ciuntur.
600 4392 674 4445 Et
741 4399 1028 4446 moverunt
1100 4406 1264 4462 super
1319 4405 1442 4446 eum
1497 4397 1682 4460 caput.
1735 4389 1950 4444 Omnes

295 4479 485 4534 sancti
517 4477 882 4535 exsultantes
912 4479 1066 4550 quod
1100 4478 1379 4551 spiritalis
1421 4483 1478 4534 et
1526 4477 1674 4534 sacri
1734 4477 1949 4534 Christi

294 4567 542 4624 convivii
593 4567 776 4624 effecti
819 4572 959 4624 sunt
1010 4567 1342 4641 participes.
1390 4569 1454 4624 Et
1497 4566 1773 4625 consolati
1823 4577 1950 4624 sunt

293 4673 422 4712 eum
451 4677 470 4712 :
524 4656 884 4714 Salvatorem
931 4661 1200 4714 nostrum
1234 4675 1347 4713 non
1398 4658 1770 4714 mediocriter
1812 4674 1948 4713 con-

293 4745 541 4816 solatur,
572 4747 726 4818 quod
760 4763 862 4818 per
891 4747 1018 4817 ejus
1049 4748 1383 4818 passionem
1436 4747 1694 4802 mundus
1722 4745 1946 4802 redem-

2063 3497 2597 3568 competentissime
2681 3495 3040 3569 Evangelicis
3123 3500 3306 3570 copiis
3379 3505 3705 3572 coaptatur.

2062 3587 2250 3642 Cornu
2327 3603 2460 3641 vero
2534 3585 2605 3640 ad
2679 3585 3024 3657 dignitatem
3101 3587 3370 3643 Ecclesiae
3436 3589 3704 3660 pertinet.

2063 3676 2569 3740 Quemadmodum
2601 3692 2734 3730 vero
2765 3675 2973 3730 beatus
3003 3675 3112 3730 Job
3144 3682 3277 3746 post
3304 3677 3587 3731 damnum
3621 3677 3709 3732 di-

2062 3769 2220 3821 tatus
2263 3769 2352 3821 est
2380 3765 2437 3819 in
2471 3763 2630 3833 filiis,
2666 3765 2744 3818 ita
2787 3768 2845 3819 et
2875 3763 3138 3819 Salvator
3164 3769 3296 3835 post
3326 3765 3704 3821 amissionem

2063 3853 2388 3909 inﬁdelium
2419 3853 2776 3916 Judzeorum,
2807 3852 3028 3907 ditatus
3059 3857 3147 3907 est
3177 3853 3236 3907 in
3267 3853 3563 3926 gentibus.
3591 3856 3709 3912 Non

2061 3951 2191 3999 sunt
2218 3951 2401 3999 autem
2432 3943 2671 3997 inventm
2699 3941 2957 3997 mulieres
2994 3943 3268 4012 speciosae,
3320 3942 3459 4014 quia
3504 3943 3708 4000 electo-

2061 4049 2193 4087 rum
2229 4032 2435 4087 anima:
2467 4047 2639 4086 omne
2671 4031 2820 4102 quod
2870 4031 2928 4085 in
2961 4035 3115 4086 terra
3161 4037 3553 4100 conversatur,
3587 4049 3706 4090 sum

2059 4119 2515 4192 pulchritudinis
2539 4121 2741 4175 decore
2762 4119 3481 4194 transcendunt.Dedilque
3507 4124 3585 4177 eis
3606 4139 3704 4194 pa-

2061 4217 2144 4264 ter
2165 4226 2315 4278 suus,
2349 4214 2404 4264 et
2435 4209 2923 4280 reliqua.Sorores
2955 4225 3086 4265 cum
3121 4210 3398 4267 fratribus
3430 4212 3501 4268 ad
3532 4211 3707 4268 haere-

2060 4299 2301 4355 ditatem
2333 4298 2595 4367 veniunt,
2629 4299 2766 4371 quia
2795 4299 3013 4354 inﬁrmi
3046 4300 3104 4354 in
3149 4317 3395 4373 regnum
3442 4303 3540 4357 Dei
3571 4317 3704 4358 cum

2062 4387 2312 4444 fortibus
2370 4387 2779 4444 admittuntur.
2830 4390 2893 4443 Et
2941 4390 3074 4444 vidit
3102 4391 3247 4461 ﬁlios
3296 4406 3442 4446 suos.
3493 4389 3707 4447 Sancta

2060 4477 2314 4533 Ecclesia
2339 4477 2492 4532 videt
2529 4476 2678 4533 filios
2729 4495 2890 4545 suos,
2944 4495 3076 4533 cum
3131 4479 3380 4550 primam
3440 4477 3702 4536 ﬁdelium

2059 4565 2316 4622 sobolem
2373 4567 2695 4638 conspicit:
2741 4567 2893 4622 videt
2936 4567 3086 4622 filios
3130 4566 3403 4637 filiorum,
3457 4584 3588 4624 cum
3628 4568 3701 4625 ab

2058 4656 2277 4711 eisdem
2309 4654 2582 4712 fidelibus
2613 4655 2756 4712 alios
2787 4655 2976 4728 gignit
3017 4654 3239 4711 ﬁdeles.
3285 4657 3354 4712 Et
3384 4656 3555 4730 plena
3581 4658 3702 4714 die-

2059 4761 2189 4800 rum
2235 4745 2501 4810 moritur,
2552 4745 2688 4816 quia
2737 4761 2838 4815 per
2867 4744 2984 4799 haec
3023 4747 3390 4802 transeuntis
3416 4751 3703 4820 tempora,

292 4840 433 4909 ptus
480 4816 606 4892 est:
642 4816 932 4892 Intulissei
977 4816 1170 4891 autem
1231 4835 1373 4892 dicit
1420 4835 1562 4892 Filio
1609 4852 1714 4890 suo
1760 4837 1944 4892 Deum
1977 4816 2020 4883 C
2059 4838 2332 4906 operatur
2371 4833 2523 4905 quod
2573 4833 2822 4889 transire
2872 4851 2986 4889 non
3037 4835 3269 4906 poterit,
3321 4836 3459 4907 quia
3499 4816 3700 4894 fideles

291 4924 523 4981 Patrem
557 4925 776 4981 malum
810 4924 1101 4997 passionis
1138 4930 1194 4981 et
1223 4925 1449 4993 mortis,
1491 4928 1556 4980 ut
1584 4925 1666 4980 ait
1694 4929 1944 4997 Aposto-

288 5014 424 5070 lus:
461 5015 569 5083 Qui
591 5016 818 5086 proprio
849 5015 997 5070 Filio
1040 5031 1137 5070 suo
1193 5031 1302 5070 non
1353 5013 1613 5086 pepercit.
1663 5017 1731 5070 Et
1785 5014 1946 5070 dede-

288 5111 426 5160 runt
455 5105 512 5160 ei
539 5106 911 5177 unusquisque
956 5119 1106 5160 orem
1142 5119 1333 5160 unam.
1395 5101 1814 5176 Unusquisque
1843 5119 1947 5176 per

2053 4923 2320 4979 Ecclesia:
2354 4927 2410 4979 et
2454 4940 2629 4996 opera
2672 4924 2824 4980 bona
2870 4940 3004 4980 cum
3051 4924 3278 4981 Christo
3315 4924 3375 4982 in
3415 4929 3698 4984 aeternum

2054 5018 2446 5086 perseverant.
