3984 6384
353 347 510 410 1539

1845 349 2264 412 APPENDIX.

3594 353 3751 416 1540

1541 876 2556 1037 EXCERPTA

1143 1332 1322 1440 EX
1411 1334 2340 1443 COMMENTABIO
2439 1337 2555 1438 IN
2656 1333 3077 1443 JOBUM

711 1720 832 1795 Qui
856 1720 1320 1800 manuscriptum
1349 1717 1779 1780 Amstelodami
1804 1720 1864 1778 in
1898 1717 2242 1780 bibliotheca
2273 1719 2348 1780 cl.
2395 1719 2528 1780 Viri
2551 1720 2756 1781 MABCI
2789 1720 3088 1780 MEIBOMII
3119 1717 3386 1779 exstabat

1425 1961 1513 2014 ET
1553 1959 1886 2017 PUTATUR
1926 1959 2096 2016 ESSE
2137 1960 2195 2015 S.
2239 1958 2665 2027 HIERONYMI,

419 2193 554 2254 Huc
582 2193 842 2276 primum
875 2191 1199 2273 (Vallarsio
1230 2192 1542 2273 loquente)
1571 2191 1820 2331 adscitp,
1846 2211 2066 2254 necnon
2097 2191 2328 2286 aliquot
2357 2192 2494 2253 locis
2523 2203 2722 2268 aucta,
2754 2202 2932 2274 atque
2963 2191 3267 2254 emendata
3296 2209 3370 2251 ea:
3397 2191 3662 2252 Romano
3719 2253 3731 2267 ,

1719 2293 1755 2331 a
1787 2283 1906 2331 tero
1935 2283 2354 2331 manuscrmto.

1719 2283 1906 2333 altero
1935 2283 2354 2354 manuscripto.

828 2733 987 2820 EX
1062 2731 1633 2821 PROOEMIO
1692 2731 1836 2818 AD
1896 2729 2216 2822 HUNC
2280 2730 3241 2821 COMMENTARIUM.
3323 2715 3334 2728 ’

1572 3234 1674 3294 DE
1719 3233 1938 3295 MODO
1983 3235 2432 3295 EXPONENDI
2459 3235 2500 3293 ¹.

395 3715 671 3782 Quaedam
729 3714 1005 3771 historice
1047 3714 1143 3770 hic
1191 3715 1487 3781 dicuntur,
1539 3719 1595 3771 et
1643 3715 1968 3787 allegorice,
1999 3715 2055 3781 Α
2083 3715 2481 3786 confunditur,
2506 3716 2770 3789 exemplo
2830 3715 3066 3773 maximi
3127 3715 3402 3784 hominis,
3446 3715 3571 3770 sine
3603 3711 3730 3785 lege

323 3811 380 3864 et
428 3805 744 3862 moraliter.
795 3806 1068 3870 Quaedam
1120 3808 1422 3877 nequeunt
1468 3805 1539 3860 ad
1589 3804 1840 3860 litteram
1893 3821 1980 3860 ac-

326 3895 461 3968 cipi,
496 3895 635 3967 quia
661 3910 904 3950 erronea
935 3898 1153 3962 essent,
1204 3893 1292 3949 vel
1339 3891 1733 3966 impossibilia
1753 3895 1794 3964 ’,
1827 3893 1913 3949 vel
1947 3912 1980 3949 a

323 4002 385 4041 se
442 3983 688 4039 invicem
741 3983 1175 4052 discordantia;
1229 3987 1292 4039 ut
1335 3984 1436 4038 sub
1496 3999 1598 4054 quo
1655 3992 1978 4052 curvantur,

321 4076 418 4146 qui
445 4077 666 4144 portant
695 4073 909 4128 orbem:
943 4073 1110 4145 quasi
1140 4073 1408 4145 gigantes
1440 4073 1724 4128 mundum
1743 4073 1978 4140 vehant,

322 4163 393 4218 Et
421 4178 434 4216 :
469 4163 645 4232 Elegit
674 4162 1031 4233 suspendium
1060 4163 1250 4217 anima
1280 4178 1400 4218 mea
1420 4179 1440 4224 ;
1484 4161 1651 4233 quasi
1703 4166 1822 4216 tam
1878 4179 1976 4234 pa-

324 4250 479 4307 tiens
508 4249 647 4305 velit
677 4250 994 4321 suspendio
1025 4251 1204 4306 vitam
1244 4251 1428 4306 linire.
1480 4253 1549 4306 Et
1583 4269 1594 4306 :
1644 4253 1836 4308 Pereat
1865 4252 1978 4307 dies

322 4342 382 4396 in
414 4357 524 4411 qua
552 4347 716 4394 nat-us
735 4356 883 4407 sum,
912 4343 1022 4394 etc.
1055 4339 1382 4410 Aliquando
1415 4341 1517 4411 qui
1548 4357 1786 4396 sensum
1819 4339 1978 4395 litte-

322 4447 398 4485 rae
456 4427 722 4501 negligit,
761 4427 1026 4484 veritatis
1070 4427 1267 4483 lumen
1322 4428 1432 4484 sibi
1474 4429 1799 4496 abscondit,
1833 4429 1977 4484 dum

326 4517 687 4575 intrinsecus
719 4517 879 4573 aliud
911 4517 1244 4589 quaerendo,
1277 4518 1431 4590 quod
1463 4523 1550 4574 est
1581 4519 1741 4584 foris,
1765 4519 1974 4590 perdit:

321 4609 464 4664 dum
492 4607 562 4662 de
603 4607 1019 4664 misericordia:
1077 4607 1352 4680 operibus
1409 4607 1581 4663 dicit:
1643 4607 1701 4663 Si
1756 4609 1974 4677 negavi,

323 4697 463 4769 quod
491 4697 758 4765 volebant,
788 4697 1145 4769 pauperibus.

393 4787 636 4843 Divinus
666 4803 878 4855 sermo,
911 4786 1062 4843 sicut
1093 4786 1424 4859 mysteriis3
1464 4785 1779 4857 prudentes
1811 4802 1975 4842 exer-

322 4881 447 4933 cet:
482 4876 564 4932 ita
605 4875 913 4948 superﬁcie
962 4874 1260 4948 simplices
1303 4875 1538 4944 refovet,
1589 4875 1725 4946 quia
1771 4880 1861 4932 est
1911 4879 1976 4932 ut

322 4965 536 5022 ﬂuvius
561 4965 776 5038 planus
806 4971 862 5021 et
893 4965 1068 5035 altus,
1103 4965 1162 5019 in
1194 4981 1306 5037 quo
1337 4981 1525 5036 equus
1560 4964 1841 5032 ambulet,
1867 4965 1977 5022 ele-

322 5056 470 5128 phas
500 5061 676 5112 natet.

391 5145 620 5201 Erranti
667 5145 894 5202 homini
952 5143 1088 5200 data
1139 5147 1228 5200 est
1279 5143 1414 5200 lex:
1470 5143 1810 5200 inobediens
1857 5143 1970 5216 legi

397 5341 411 5424 ξ
450 5341 604 5424 Hanc
635 5341 866 5412 prafert
895 5341 1142 5423 Roman.
1191 5357 1330 5424 nis.-
1355 5339 1735 5424 epigraphen,
1771 5341 1885 5424 ‘qui
1917 5345 1974 5424 et

326 5413 516 5465 totum
541 5410 716 5466 hocce
744 5413 1094 5484 prooemium
1125 5410 1406 5468 undecimi
1440 5410 1606 5484 quasi
1656 5410 1844 5468 titulis
1875 5418 1974 5468 aut

327 5481 619 5539 capitibus
647 5483 973 5539 distinguit.

327 5487 619 5554 capitibus
647 5487 973 5565 distinguit.

345 5558 354 5585 ‘
397 5627 408 5635 '
443 5553 796 5635 Condamus
828 5572 886 5609 in
922 5557 1186 5635 _ltoman_.
1223 5571 1360 5624 ms.,
1410 5555 1560 5623 Quod
1606 5571 1832 5612 erronea
1860 5558 1975 5611 sint

327 5627 408 5681 vel
433 5624 831 5698 impossibilia,
853 5627 934 5680 vel
955 5644 988 5682 a
1017 5644 1089 5695 se,
1123 5633 1233 5684 etc.

395 5699 417 5736 ³
447 5692 582 5756 Erat
611 5712 679 5753 ex
707 5692 1093 5756 Meibomiano
1124 5699 1251 5758 cod.
1278 5699 1626 5770 ministeriis,
1677 5700 1830 5774 quod
1862 5699 1972 5757 Ro-

2001 5110 2048 5173 B

2090 3805 2190 3877 qui
2222 3804 2484 3878 legaliter
2512 3806 2669 3861 vixit.
2703 3805 2884 3873 Unde,
2912 3807 3162 3861 erubesce
3191 3805 3376 3872 Sidon,
3410 3804 3466 3859 id
3497 3807 3584 3860 est
3613 3806 3730 3858 sta-

2088 3894 2286 3950 bilitas
2317 3894 2373 3948 in
2408 3893 2534 3966 lege
2556 3895 2878 3967 positorum
2906 3913 2919 3963 ;
2969 3897 3050 3951 ait
3079 3911 3252 3962 mare,
3300 3893 3356 3948 id
3389 3897 3476 3949 est
3502 3889 3730 3964 gentili-

2088 3987 2198 4053 tas,
2234 3999 2360 4055 quae
2391 3984 2533 4040 dum
2565 3983 2751 4057 legem
2805 3984 3083 4050 custodit,
3135 3983 3428 4040 auditores
3467 3980 3611 4053 legis
3640 3995 3729 4034 re-

2089 4072 2340 4144 darguit.

2161 4160 2383 4217 Dicitur
2413 4163 2602 4218 Moses
2642 4162 2762 4218 hzec
2812 4163 2881 4218 de
2924 4162 3126 4228 Jacob,
3186 4161 3354 4234 quasi
3402 4161 3472 4215 de
3503 4160 3729 4214 antece-

2087 4253 2260 4307 dente
2287 4251 2616 4325 scripsisse,
2651 4252 2787 4324 quia
2839 4253 2897 4306 in
2951 4250 3156 4308 Genesi
3205 4249 3420 4323 legitur
3446 4247 3626 4305 Jobab
3658 4247 3730 4302 de

2086 4341 2238 4396 Esau
2297 4340 2700 4408 descendisse,
2746 4346 2803 4396 et
2843 4341 2982 4396 Bela
3032 4339 3149 4395 ﬁlio
3195 4344 3339 4395 Beor
3387 4339 3444 4394 in
3488 4351 3730 4408 regnum

2087 4430 2461 4486 successisse.
2488 4431 2598 4486 Sed
2630 4447 2757 4486 mos
2788 4434 2877 4486 est
2897 4430 3044 4486 sacri
3078 4428 3324 4501 Eloquii,
3357 4427 3415 4482 in
3442 4424 3731 4498 prioribus

2086 4519 2351 4591 patribus
2382 4519 2631 4576 breviter
2664 4518 2834 4592 longe
2866 4522 2996 4591 post
3020 4523 3293 4574 secutura
3321 4515 3728 4590 perstringere,

2085 4608 2228 4663 dum
2255 4608 2327 4664 ad
2377 4608 2489 4664 alia
2538 4612 2827 4681 properat.
2880 4609 3006 4665 Non
3064 4607 3245 4681 igitur
3300 4606 3409 4662 fuit
3459 4605 3564 4661 Job
3597 4607 3730 4658 ante

2085 4696 2294 4770 legem,
2354 4698 2454 4754 sed
2531 4703 2792 4771 tempore
2838 4698 3137 4754 Judicum.
3195 4697 3302 4762 Qui
3359 4695 3482 4768 ipse
3538 4691 3730 4749 verius

2083 4786 2337 4842 creditur
2366 4792 2531 4862 gesta
2559 4788 2807 4844 victoriae
2830 4789 2852 4822 ‘
2894 4805 3011 4844 sua:
3059 4786 3385 4860 scripssise.
3415 4783 3529 4839 Nec
3565 4783 3733 4838 nocet

2085 4876 2240 4948 quod
2273 4877 2390 4932 ait:
2441 4877 2587 4932 dixit
2613 4877 2699 4932 vel
2759 4878 2888 4948 fecit
2944 4877 3054 4933 hoc
3081 4876 3228 4932 Job:
3290 4873 3430 4948 quia
3485 4887 3610 4927 mos
3639 4874 3731 4926 est

2084 4965 2290 5034 sancti,
2321 4967 2391 5021 de
2433 4983 2494 5023 se
2543 4966 2710 5038 quasi
2760 4968 2830 5023 de
2879 4965 3012 5023 aliis
3061 4964 3242 5038 loqui.
3295 4962 3544 5036 Spiritus
3573 4959 3730 5016 enim

2084 5059 2172 5111 est
2215 5055 2312 5128 qui
2371 5055 2632 5128 loquitur
2688 5056 2746 5110 in
2802 5054 2920 5111 illis
2977 5056 3046 5111 de
3094 5054 3262 5126 ipsis,
3296 5053 3446 5109 sicut
3474 5051 3544 5106 de
3576 5048 3725 5105 aliis.

2082 5143 2244 5201 Unde
2273 5145 2517 5217 angelus
2549 5145 2693 5202 Mosi
2724 5145 2897 5200 modo
2947 5142 3189 5216 angelus
3229 5141 3460 5208 dicitur,
3503 5137 3601 5211 qui
3630 5152 3726 5192 ex-

2083 5357 2240 5413 man.
2302 5342 2597 5410 emendat,
2655 5344 2829 5412 atque
2885 5339 3010 5413 ipse
3066 5339 3276 5413 horum
3320 5338 3728 5413 Excerptorum

2084 5411 2280 5488 Editor
2322 5414 2380 5468 in
2438 5406 2596 5468 Actis
2653 5406 2864 5488 erudit.
2908 5406 3343 5488 "Lipsiensibus
3391 5406 3529 5488 anni
3575 5406 3725 5488 .171‘1

2083 5484 2471 5561 castigaverat
2556 5485 2711 5556 quod
2799 5477 3202 5561 perspicuum_
3260 5482 3355 5561 sit,
3424 5478 3587 5534 innui
3657 5477 3729 5561 ab

2083 5552 2262 5626 hujus
2315 5557 2508 5629 operis
2565 5552 2816 5612 auctore
2855 5552 3092 5612 sensum
3168 5553 3475 5626 Scriptura:
3528 5552 3730 5621 mysti-

2083 5644 2237 5683 cum.

2154 5701 2176 5734 ⁴
2207 5699 2342 5774 Leg.
2376 5701 2642 5760 historiae.
