3984 6382
406 350 571 411 1643

1904 346 2326 413 ΛΡΡΒΝΠΙΧ.

3656 340 3822 420 ita

1624 619 1728 680 EX
1772 618 1950 682 IPSO
1994 620 2603 686 COMMENTARIO.

1028 907 1108 963 Ad
1139 907 1271 980 Cap.
1302 910 1343 965 1.
1381 909 1434 964 1.

469 995 719 1052 Necesse
741 998 832 1051 est
881 999 947 1052 ut
1003 996 1438 1070 simplicitatem
1489 995 1774 1053 columba:
1840 999 2058 1056 astutia

399 1086 690 1158 serpentis
719 1086 1013 1157 instituat,
1046 1093 1103 1142 et
1133 1087 1412 1144 astutiam
1444 1086 1795 1159 simplicitas
1827 1092 2054 1161 tempe-

397 1180 506 1232 ret.
542 1175 707 1232 Unde
732 1175 1000 1233 Christus
1029 1176 1090 1231 in
1137 1176 1411 1233 columba
1439 1181 1495 1233 et
1543 1176 1678 1249 igne
1732 1178 2007 1250 apparuit
2037 1194 2051 1233 :

399 1265 540 1338 quia
571 1264 728 1336 pleni
768 1264 868 1320 illo
900 1264 982 1321 sic
1033 1265 1472 1322 mansuetudini
1523 1264 1924 1337 simplicitatis
1955 1267 2054 1323 de-

394 1352 677 1423 serviunt,
709 1355 771 1408 ut
805 1357 1009 1409 contra
1047 1353 1203 1409 mala
1249 1353 1371 1411 zelo
1427 1354 1795 1411 rectitudinis
1845 1371 2055 1411 accen-

392 1441 629 1497 dantur.
669 1442 885 1498 Timens
915 1443 1087 1498 Deum
1108 1442 1147 1498 ί.
1180 1442 1452 1499 Salomon
1480 1459 1492 1499 :
1533 1444 1642 1511 Qui
1673 1445 1829 1500 timet
1860 1445 2052 1512 Deum,

390 1530 536 1585 nihil
568 1529 826 1601 negligit.
860 1531 1125 1587 Recedens
1154 1549 1188 1588 a
1210 1534 1379 1588 malo.
1416 1532 1558 1587 Item
1593 1531 1907 1589 Salomon:
1943 1534 2053 1602 Qui

393 1621 453 1675 in
482 1636 591 1675 uno
621 1620 873 1691 oﬂendil.
924 1621 1106 1677 multa
1153 1622 1292 1680 bona
1334 1621 1537 1694 perdit.
1586 1621 1756 1677 Prius
1805 1639 2056 1694 persona

391 1713 528 1783 apta
557 1709 933 1781 describitur,
966 1726 1146 1783 quam
1180 1727 1379 1784 pugna
1408 1713 1537 1783 ejus
1568 1710 1822 1779 dicatur,
1862 1715 1928 1767 ut
1964 1716 2052 1767 ta-

388 1797 461 1854 lis
496 1814 669 1871 posse
692 1798 879 1855 vicem
910 1799 1151 1856 reddere
1180 1799 1465 1857 videatur.

982 1888 1061 1943 Ad
1091 1888 1220 1961 Cap.
1254 1890 1348 1958 ιιι,
1380 1890 1433 1949 8.

457 1976 785 2033 Maledicunt
812 1978 884 2047 ei,
933 1979 1031 2049 qui
1073 1978 1408 2034 maledicunt
1464 1978 1594 2035 diei.
1627 1978 1943 2035 Moraliter.
1982 1979 2047 2034 In

386 2065 565 2122 veteri
616 2066 1018 2123 translatione.
1092 2066 1380 2124 Maledicat
1426 2085 1568 2137 eam,
1623 2070 1717 2139 qui
1770 2068 2049 2124 maledicit

386 2154 552 2222 diem,
587 2156 683 2227 qui
706 2163 967 2228 capturus
1009 2159 1085 2211 est
1114 2158 1331 2227 grande
1375 2162 1572 2215 celum.
1607 2157 1910 2228 Diabolus,
1947 2158 2047 2230 qui

387 2244 560 2300 modo
613 2260 746 2310 nox,
806 2244 865 2300 in
898 2248 1012 2300 ﬁne
1057 2245 1167 2301 erit
1194 2245 1359 2301 visus
1388 2246 1535 2312 dies,
1570 2262 1704 2302 cum
1736 2245 2050 2302 extolletur

384 2349 569 2405 supra
595 2349 769 2389 omne
799 2332 859 2388 id
891 2334 1047 2405 quod
1098 2333 1314 2389 dicitur
1356 2339 1530 2402 Deus,
1579 2334 1666 2390 vel
1700 2336 1857 2406 quod
1910 2333 2045 2391 coli-

383 2426 499 2477 tur.
520 2421 632 2477 Sed
667 2422 840 2478 modo
863 2422 1149 2478 malitiam
1184 2425 1314 2494 ejus
1345 2423 1632 2479 destruit:
1676 2424 1776 2495 qui
1828 2424 1886 2478 in
1936 2424 2050 2480 ﬁne

385 2510 637 2566 adventu
659 2527 765 2566 suo
786 2510 1107 2582 potentiam
1150 2511 1280 2582 ejus
1303 2512 1600 2568 destruet:
1637 2512 1738 2585 qui
1772 2513 1831 2567 in
1878 2513 2050 2585 aquis

389 2599 578 2655 sancti
624 2598 906 2670 baptismi
954 2599 1177 2670 grande
1228 2603 1443 2667 cetum,
1491 2599 1550 2655 id
1604 2606 1695 2657 est
1754 2601 2049 2657 fortitudi-

388 2703 524 2743 nem
583 2687 736 2757 ejus,
795 2687 1132 2759 exstinguit.
1195 2689 1279 2743 Vel
1337 2688 1676 2745 maledicunt
1732 2691 1804 2761 ei,
1854 2689 1913 2746 id
1960 2693 2050 2746 est

390 2774 569 2846 nocti,
604 2776 873 2831 tenebras
900 2776 1236 2833 damnando
1270 2777 1612 2834 nuntiantes
1634 2777 1798 2835 electi
1833 2778 2045 2852 angeli.

391 2865 506 2933 Qui
533 2863 871 2919 maledicunt
898 2864 1032 2932 diei,
1064 2864 1123 2920 id
1155 2870 1264 2933 est,
1298 2866 1396 2937 qui
1428 2867 1624 2922 ﬁctam
1657 2868 1786 2937 ejus
1816 2867 2047 2924 clarita-

393 2958 535 3022 tem,
570 2969 686 3025 qua
715 2953 1092 3026 praesumpsit
1121 2953 1365 3026 aequalis
1392 2955 1506 3011 Deo
1531 2956 1675 3019 ﬁeri.
1719 2956 2049 3028 despicien-

389 3042 527 3098 dam
580 3047 929 3098 monstrant.
985 3044 1090 3112 Qui
1133 3047 1323 3115 parati
1349 3049 1479 3101 sunt
1523 3046 1806 3112 suscitare,
1853 3046 1911 3101 id
1960 3050 2051 3102 est

392 3130 671 3198 relaxare,
724 3136 787 3187 ut
825 3131 964 3188 totis
1006 3131 1227 3188 viribus
1274 3139 1476 3189 contra
1525 3126 1842 3190 Ecclesium
1891 3139 2046 3208 agat.

396 3221 558 3275 Modo
592 3220 807 3293 ligatus
840 3225 1070 3277 tenetur
1099 3221 1158 3277 in
1210 3224 1421 3295 abysso
1466 3229 1523 3279 et
1570 3240 1829 3296 pressus,
1862 3230 1918 3280 et
1949 3224 2048 3296 qui

394 3310 685 3381 superbus
727 3327 841 3382 prie
890 3310 1023 3366 aliis
1068 3328 1129 3367 se
1180 3312 1405 3379 extulit,
1463 3314 1799 3369 substratus
1843 3314 2050 3370 ditioni

391 3414 595 3454 eorum
645 3399 980 3467 succubuit,
1015 3405 1080 3456 ut
1137 3402 1309 3457 modo
1356 3402 1444 3458 eis
1494 3403 1783 3458 ministris
1833 3402 2049 3475 ligatus

395 3486 591 3543 lateat.
626 3488 733 3544 etsi
764 3487 822 3542 in
857 3488 971 3544 fine
1002 3488 1228 3545 solutus
1258 3494 1458 3561 aperte
1488 3490 1641 3546 bella
1668 3497 1853 3563 gerat.

924 3577 1004 3633 Ad
1036 3578 1164 3650 Cap.
1197 3578 1285 3647 IV,
1311 3580 1398 3646 ιι),
1426 3580 1513 3635 ιι.

463 3670 784 3739 Postquam
835 3666 1152 3723 clementer
1208 3667 1456 3735 monuit,
1515 3672 1712 3741 aperte
1759 3668 2041 3742 increpat.
2078 3657 2119 3723 (Σ

395 3758 626 3828 Rugilus
671 3756 865 3828 leonis,
915 3756 975 3812 id
1025 3761 1133 3822 est,
1188 3757 1469 3814 severitas
1522 3763 1577 3813 et
1634 3763 1819 3813 terror
1862 3758 2049 3831 ipsius

390 3846 522 3902 Job.
562 3847 671 3901 Vox
719 3847 936 3912 leaena},
993 3845 1317 3919 loquacitas
1366 3847 1681 3919 conjugis:
1725 3847 1911 3903 dentes
1960 3866 2050 3904 ca-

393 3936 658 4000 tulorum,
691 3935 949 3991 edacitas
1000 3934 1277 4004 ﬁliorum,
1311 3936 1610 3991 destructa
1640 3940 1746 3993 est.
1783 3936 1884 3993 His
1916 3936 2052 4010 rigi-

393 4025 505 4079 dus
535 4021 774 4094 insulat,
811 4024 981 4096 quasi
1030 4024 1089 4080 in
1150 4041 1210 4081 re
1270 4025 1565 4080 damnata.
1619 4025 1827 4094 Tigridi
1874 4026 2048 4082 etiam

391 4111 501 4167 Job
533 4117 852 4184 comparat,
887 4129 989 4185 pro
1024 4113 1272 4169 maculis
1300 4113 1715 4171 simulationis.
1741 4115 2052 4188 Hypocrita

395 4200 555 4255 enim
586 4200 687 4271 qui
717 4205 911 4257 rectus
942 4202 1191 4271 videtur,
1252 4202 1429 4259 habet
1457 4203 1700 4260 latentia
1727 4204 1887 4271 vitia,
1921 4222 2048 4277 qua:

394 4288 711 4360 aliquando
742 4291 1111 4361 erumpentia
1139 4280 1390 4347 colet’em
1439 4293 1685 4349 variant.
1737 4295 1937 4351 Praeda
1962 4297 2051 4351 est

385 4380 683 4451 justorum
736 4377 942 4451 gloria,
988 4395 1166 4451 quam
1212 4380 1324 4437 sibi
1372 4382 1595 4453 arripit.
1650 4386 1873 4439 Putans
1913 4400 2049 4456 ergo

392 4467 504 4523 iste
534 4471 807 4523 sanctum
838 4468 947 4524 Job
996 4469 1167 4535 bona,
1229 4486 1356 4541 quae
1410 4471 1466 4524 in
1521 4487 1587 4526 eo
1636 4475 1893 4538 noverat,
1949 4489 2053 4544 per

393 4556 727 4630 hypocrisin
763 4556 1044 4625 tenuisse,
1098 4558 1284 4614 dicit:
1339 4560 1516 4628 Tigris
1558 4562 1746 4631 periit,
1799 4560 1908 4617 hoc
1939 4565 2047 4630 est,

392 4645 646 4703 varietas
680 4645 1077 4703 simulationis
1105 4650 1218 4703 tua:
1269 4647 1556 4704 exstincta
1589 4655 1696 4718 est,
1731 4649 1872 4721 quia
1902 4651 2053 4706 adu-

392 4736 533 4792 latio
563 4734 756 4792 laudis
785 4735 997 4792 ablata.
1033 4741 1142 4792 Pro
1168 4738 1374 4811 tigride
1410 4736 1503 4793 hic
1535 4740 1690 4811 apud
1725 4739 1869 4795 LXX
1898 4757 2052 4813 myr-

390 4824 658 4881 micoleon
689 4823 919 4897 legitur,
954 4826 1108 4897 quod
1165 4826 1362 4883 Latine
1410 4826 1623 4882 dicitur
1674 4828 2046 4885 formicarum

393 4914 505 4984 leo,
537 4913 627 4970 vel
658 4913 1011 4986 expressius,
1072 4916 1314 4971 formica
1363 4915 1470 4972 leo.
1524 4918 1625 4972 Est
1677 4923 1870 4974 autem
1925 4936 2052 4991 par-

391 5003 821 5096 vumanimal,
875 5006 1061 5096 quod,
1099 5005 1287 5096 latens
1340 5005 1398 5096 in
1456 5006 1703 5096 pulverei
1737 5008 2052 5064 insidiatur
2081 5030 2129 5096 D

394 5094 679 5159 formicis,
711 5110 810 5150 eas
842 5095 1094 5151 comedit
1121 5113 1134 5164 ;
1185 5095 1520 5171 volatilibus
1570 5100 1627 5152 et
1657 5095 1786 5152 aliis
1818 5096 2048 5154 anima-

399 5181 560 5241 libus
593 5184 837 5240 formica
867 5188 975 5253 est,
1034 5201 1069 5241 a
1117 5184 1334 5257 quibus
1390 5185 1733 5241 comeditur.
1795 5185 1901 5243 Per
1938 5186 2049 5242 hoc

394 5276 558 5328 notat
584 5271 694 5329 Job
738 5273 921 5330 fuisse
977 5278 1174 5331 contra
1218 5278 1442 5330 erectos
1503 5273 1797 5342 timidum,
1849 5279 2052 5331 contra

396 5360 691 5433 subjectos
720 5363 1023 5432 audacem,
1076 5363 1178 5420 sed
1225 5362 1354 5435 jam
1400 5379 1515 5418 non
1566 5362 1741 5420 habet
1791 5365 2048 5438 praedam

470 5540 486 5574 ¹
518 5541 681 5620 Hanc
713 5556 945 5620 quoque
974 5559 1043 5599 ex
1091 5543 1351 5601 Romano
1397 5560 1509 5603 ms.
1562 5545 1870 5620 pericopen
1902 5547 2046 5602 atte-

395 5609 797 5683 xereiplacuit.

465 5684 488 5722 ²
517 5682 789 5743 Fertasse
817 5682 1130 5759 legendum
1153 5701 1297 5759 prae.

2089 913 2144 980 Α
2174 913 2302 983 ejus
2333 912 2526 981 elatio,
2560 914 2697 987 quia
2725 932 3041 988 percussus
3072 917 3146 973 ab
3191 916 3383 975 aliena
3422 917 3655 975 laesione
3682 934 3817 991 pro-

2164 1002 2417 1058 hibetur.
2446 1004 2658 1060 Eadem
2688 1006 2877 1079 typice
2909 1007 2980 1063 de
3027 1006 3333 1064 haereticis.
3388 1008 3496 1064 Leo
3541 1007 3815 1065 diabolus

2165 1107 2269 1163 pro
2299 1092 2538 1148 saevitia.
2574 1094 2777 1150 Leaena
2807 1094 3007 1151 civitas
3038 1096 3265 1152 mundi.
3298 1095 3629 1170 Babylonia,
3653 1095 3810 1153 leoni

2165 1180 2404 1248 sociata,
2437 1181 2634 1239 catuli.
2688 1184 2795 1247 Qui
2826 1185 2979 1256 quod
3023 1184 3252 1257 reprobi
3284 1184 3355 1242 ab
3385 1182 3499 1242 illis
3527 1184 3807 1259 generati,

2164 1271 2236 1326 ab
2266 1269 2360 1326 his
2390 1276 2593 1327 cavent
2623 1272 2731 1327 sibi
2764 1273 2971 1329 sancti.
3003 1278 3079 1328 At
3107 1273 3362 1330 haeretici
3395 1274 3582 1331 securi
3611 1274 3812 1331 omnia

2165 1374 2228 1416 se
2255 1376 2566 1432 superasse
2605 1366 2831 1433 putant,
2879 1363 3049 1434 quasi
3100 1363 3329 1419 dicant:
3382 1363 3513 1420 Ideo
3560 1380 3677 1419 non
3710 1364 3810 1419 ﬂa-

2164 1447 2472 1521 gellamur,
2496 1451 2637 1522 quia
2664 1451 2934 1507 virtutem
2968 1450 3183 1507 diaboli
3212 1451 3518 1520 vincimus,
3532 1456 3589 1507 et
3610 1468 3811 1508 vocem

2162 1536 2221 1591 id
2253 1541 2343 1592 est
2385 1537 2632 1610 gloriam
2694 1537 2911 1605 saeculi,
2964 1544 3019 1595 et
3066 1540 3289 1609 dentes,
3341 1539 3396 1595 id
3446 1543 3535 1596 est
3576 1554 3814 1612 persua-

2164 1625 2389 1681 sionem
2431 1627 2838 1699 reproborum.
2890 1627 3080 1701 Tigris
3130 1628 3344 1685 iterum
3389 1627 3655 1685 diabolus
3702 1642 3808 1701 pro

2163 1716 2510 1771 multiformi
2559 1718 2799 1785 astutia,
2847 1716 2933 1772 vel
2980 1716 3414 1791 myrmieoleon,
3459 1717 3558 1789 qui
3605 1722 3811 1774 contra

2163 1805 2501 1861 resistentes
2551 1804 2781 1873 debilis,
2842 1810 3044 1862 contra
3116 1806 3544 1863 consentientes
3617 1805 3802 1863 fortis.

2160 1894 2343 1959 Quem
2372 1894 2576 1950 dicunt
2605 1895 2869 1967 periisse,
2905 1895 3004 1968 qui
3038 1895 3097 1950 in
3153 1895 3238 1951 eis
3266 1895 3522 1969 praedam
3550 1911 3664 1951 non
3698 1894 3804 1951 ha-

2159 1981 2277 2036 bet.
2311 1982 2428 2038 Hoc
2460 1983 2601 2054 pro‘
2631 1983 2843 2055 gaudio
2882 1986 3173 2055 repetunt,
3224 1983 3363 2056 quia
3392 1999 3542 2056 saepe
3592 1983 3802 2056 repeti-

2156 2074 2255 2126 tur
2278 2072 2433 2143 quod
2466 2089 2569 2144 per
2596 2072 2878 2145 gaudium
2911 2072 3145 2128 dicitur.

2706 2161 2784 2215 Ad
2824 2162 2961 2233 Cap.
2995 2161 3130 2230 XIX,
3165 2162 3255 2216 2i.

2230 2240 2391 2306 Quod
2432 2239 2492 2294 in
2543 2239 2784 2311 plumbo
2850 2241 3146 2307 scribitur,
3220 2241 3394 2297 citius
3441 2239 3685 2297 deletur.
3740 2242 3803 2298 In

2159 2328 2320 2385 silice
2360 2328 2596 2384 difﬁcile
2616 2329 2919 2397 scribitur,
2952 2330 3053 2386 sed
3083 2334 3299 2386 manet.
3330 2331 3422 2385 Sic
3449 2331 3647 2387 Judaaa
3674 2347 3799 2387 ver-

2157 2417 2233 2473 ba
2261 2418 2362 2474 Dei
2395 2419 2507 2474 cito
2549 2418 2755 2491 recipit
2800 2424 2859 2474 et
2905 2419 3159 2475 deserit:
3212 2418 3507 2492 gentilitas
3535 2420 3629 2475 vix
3659 2421 3802 2476 reci-

2157 2506 2261 2579 pit,
2293 2508 2396 2563 sed
2429 2508 2654 2563 fortiter
2682 2512 2890 2563 servat.

2679 2596 2758 2651 Ad
2784 2596 2913 2668 eap.
2946 2595 3071 2662 XIX,
3102 2596 3291 2651 25-27.

2229 2684 2350 2740 Scio
2401 2685 2549 2740 enim
2600 2685 2756 2757 quod
2803 2685 3104 2756 redemptor
3148 2700 3301 2739 meus
3348 2686 3498 2741 vivit.
3547 2684 3671 2740 Non
3722 2684 3803 2741 ait

2156 2775 2420 2842 conditor,
2478 2774 2578 2830 sed
2625 2774 2957 2847 redemptor,
3006 2789 3139 2829 eum
3190 2778 3383 2847 aperte
3430 2774 3801 2839 denuntians,

2158 2862 2594 2935 qui,postquam
2627 2864 2824 2919 omnia
2844 2862 3158 2926 creavit,de
3184 2862 3513 2935 captivitate
3534 2863 3802 2936 passione

2159 2970 2265 3008 sua
2294 2968 2401 3008 nos
2430 2954 2698 3009 redemit.
2754 2952 2906 3007 Vivit
2948 2957 3168 3018 autem,
3227 2953 3380 3024 quod
3411 2952 3563 3008 inter
3590 2968 3800 3009 manus

2160 3042 2475 3114 impiorum
2508 3042 2798 3097 occubuit.
2841 3046 3018 3114 Quem
3045 3044 3265 3097 visurus
3306 3058 3428 3097 sum
3459 3058 3570 3113 ego,
3603 3042 3658 3096 id
3689 3045 3796 3109 est,

2158 3148 2290 3187 caro
2323 3136 2521 3187 nostra
2576 3136 2708 3204 post
2759 3131 3243 3188 resurrectionem
3304 3131 3505 3188 eadem
3562 3131 3690 3196 erit,
3745 3134 3801 3186 et

2159 3221 2405 3276 diversa.
2435 3221 2650 3275 Eadem
2684 3238 2780 3293 per
2813 3224 3109 3289 naturam,
3143 3221 3371 3277 diversa
3402 3236 3504 3293 per
3531 3219 3797 3293 gloriam,

2160 3308 2394 3381 Eritque
2437 3308 2783 3380 spiritualis.
2838 3310 2977 3380 quia
3000 3308 3483 3382 incorruptibilis,
3515 3313 3573 3365 et
3603 3307 3799 3382 palpa-

2159 3398 2314 3465 bilis,
2348 3398 2487 3470 quia
2516 3414 2630 3453 non
2662 3398 2955 3453 amittitur
2991 3398 3249 3454 essentia
3294 3399 3514 3455 veracis
3563 3404 3817 3453 naturae.

2163 3490 2412 3559 Reposito
2440 3490 2517 3542 est
2548 3486 2661 3542 haec
2697 3504 2816 3558 spes
2863 3503 2986 3543 mea
3024 3488 3089 3543 in
3136 3488 3265 3543 sinu
3307 3486 3445 3544 meo.
3497 3484 3652 3543 Nihil
3701 3502 3804 3543 nos

2161 3578 2375 3633 certius
2406 3575 2622 3631 habere
2678 3576 2995 3646 credimus,
3039 3591 3215 3649 quam
3266 3578 3419 3650 quod
3467 3575 3527 3632 in
3559 3575 3688 3633 sinu
3721 3574 3805 3632 te-

2158 3684 2387 3723 nemus.
2433 3667 2495 3721 In
2523 3665 2651 3721 sinu
2687 3682 2823 3738 ergo
2864 3682 3028 3737 spem
3071 3666 3386 3738 repositam
3436 3665 3639 3733 tenuit,
3670 3664 3806 3737 quia

2159 3774 2295 3813 vera
2353 3755 2699 3811 certitudine
2755 3756 2828 3811 de
2886 3770 2988 3828 spe
3043 3755 3484 3811 resurrectionis
3530 3771 3804 3828 praesum-

2161 3846 2296 3918 psit.
2360 3850 2637 3917 Expressa
2693 3843 2912 3900 indicat
2966 3844 3268 3900 veritatem
3344 3844 3799 3901 resurrectionis.

2159 3936 2282 3991 Non
2314 3933 2467 3990 alius
2498 3933 2765 4002 moritur,
2799 3932 2951 3989 alius
3000 3934 3255 4007 resurgit
3287 3950 3300 3988 :
3349 3939 3414 3989 ut
3458 3934 3556 4007 qui
3605 3932 3804 3989 dicunt

2158 4021 2453 4080 invisibile
2484 4039 2695 4094 corpus
2731 4023 3014 4089 futurum,
3049 4022 3147 4077 sed
3180 4023 3334 4078 idem
3366 4022 3509 4095 ipse.
3554 4021 3802 4077 Redem-

2161 4120 2292 4186 ptor
2322 4128 2489 4167 meus
2521 4112 2677 4179 vivit,
2711 4115 2767 4167 et
2793 4128 2895 4183 per
2946 4110 3431 4168 resurrectionem
3463 4126 3630 4183 spero
3661 4108 3801 4165 mihi

2159 4202 2413 4259 similem
2442 4218 2455 4269 ;
2489 4205 2555 4257 ut
2585 4200 2707 4256 aliae
2738 4201 2912 4274 virga:
2944 4205 3288 4257 manserunt
3317 4201 3508 4269 aridae,
3562 4199 3663 4256 sed
3693 4197 3803 4255 vir-

2159 4309 2232 4365 ga
2260 4294 2472 4358 Aaron,
2522 4290 2580 4345 id
2621 4294 2710 4345 est
2753 4307 2963 4363 corpus
3002 4289 3320 4347 sacerdotis
3357 4288 3560 4357 nostri,
3611 4289 3668 4344 in
3702 4287 3805 4343 ﬂo-

2160 4398 2283 4437 rem
2314 4379 2759 4436 resurrectionis
2790 4380 3001 4452 erupit,
3050 4396 3166 4451 quo
3217 4380 3357 4436 flore
3408 4378 3678 4435 sacerdos
3709 4375 3801 4433 ille

2160 4470 2506 4537 ostenditur,
2543 4469 2643 4540 qui
2669 4484 2771 4541 pro
2804 4468 2972 4524 nobis
3000 4467 3347 4541 interpellat.

2712 4558 2790 4612 Aa
2828 4561 2961 4629 Cap.
2989 4559 3138 4624 XXII,
3176 4559 3260 4614 ιι.

2230 4648 2294 4702 Et
2327 4650 2534 4717 impetu
2563 4664 2837 4719 aquarum
2873 4647 3319 4703 innundantium
3366 4662 3476 4704 non
3505 4659 3814 4718 Oppressum

2162 4738 2260 4793 iri.
2294 4736 2727 4794 Tribulationes
2777 4737 2946 4809 aquis
2995 4736 3422 4793 inundantibus
3469 4749 3803 4807 comparan-

2161 4831 2277 4897 tur,
2310 4825 2450 4899 quia
2480 4824 2607 4882 aliaa
2639 4843 2815 4898 super
2845 4826 2995 4882 alias
3050 4826 3302 4894 irruunt,
3349 4826 3502 4883 sicut
3532 4825 3687 4880 unda
3717 4839 3810 4879 su-

2160 4931 2263 4987 per
2311 4916 2550 4971 undam.
2603 4915 2737 4971 Ideo
2783 4931 2898 4970 non
2950 4916 3199 4987 putabas
3250 4920 3305 4971 te
3335 4912 3801 4988 Opprimendum,

2161 5004 2301 5077 quia
2350 5004 2649 5077 cogitabas
2710 5004 2893 5060 Deum
2941 5021 3054 5061 non
3103 5005 3298 5061 videre
3346 5004 3463 5059 haec
3512 5000 3800 5058 inferiora.

2161 5094 2226 5149 Et
2255 5112 2327 5150 an
2359 5094 2550 5151 adhuc
2581 5094 2803 5167 cogitas
2821 5093 3123 5149 ‘lHaaretici
3153 5110 3215 5149 se
3246 5093 3534 5166 sapientes
3564 5089 3800 5162 putant3

2159 5188 2214 5239 et
2242 5184 2490 5239 irrident
2546 5182 2888 5249 catholicos,
2942 5184 3096 5255 quod
3150 5188 3329 5238 Deum
3381 5198 3497 5238 non
3541 5180 3800 5246 timeant,

2161 5274 2299 5346 quia
2330 5273 2707 5345 corporaliter
2738 5289 2871 5328 eum
2905 5288 3021 5328 non
3052 5271 3277 5340 vident;
3302 5288 3407 5327 nec
3437 5272 3645 5343 putant
3671 5282 3800 5323 eum

2158 5366 2389 5419 terrena
2419 5362 2614 5419 videre
2644 5378 2714 5418 ex
2743 5361 3087 5435 longinquo.
3120 5362 3240 5417 Imo
3266 5360 3420 5433 quod
3466 5356 3606 5415 coelo
3638 5355 3804 5413 altior

2232 5546 2258 5580 "
2311 5542 2769 5618 Rescribendum
2830 5545 3048 5618 censet
3097 5542 3298 5618 editor
3341 5534 3655 5618 Lipsiensis
3710 5532 3811 5618 hoc

2156 5619 2358 5746 pactot
2386 5631 2398 5671 :
2423 5619 2491 5673 Et
2513 5615 2569 5672 id
2597 5614 2774 5672 adhuc
2814 5616 3051 5688 cogitant
3098 5613 3371 5683 haeretici,
3400 5612 3497 5686 qui
3521 5626 3579 5665 se
3601 5612 3810 5681 sapien.

2182 5704 2257 5746 es.
2303 5704 2333 5744 e
2362 5704 2412 5744 c.

2241 5732 2257 5759 ’
2303 5728 2412 5746 νυνι
