3984 6376
223 314 376 380 1545

1253 318 1664 382 EXCERPTA
1715 318 1808 378 EX
1855 317 2256 379 COMMENT.
2306 318 2382 376 IN
2428 317 2592 379 ΙῙΟΒ.

3444 281 3617 381 iste

221 453 300 505 sit
331 456 388 505 et
419 451 585 521 quasi
618 450 676 505 in
731 452 882 506 nube
914 452 1101 507 latens
1137 470 1235 524 per
1285 452 1591 521 caliginem
1619 452 1860 519 iudicet.
1897 452 1940 515 Λ
1979 451 2137 504 Sunt
2191 454 2535 504 vestimenta
2587 467 2817 521 corpus,
2881 449 2962 504 sic
3011 450 3163 504 bona
3215 467 3387 520 opera
3437 457 3621 522 prote-

218 541 372 606 ldeo,
434 539 586 611 quod
665 540 816 596 inter
873 559 977 596 nos
1052 545 1108 596 et
1176 541 1384 596 ecelum
1443 541 1609 595 acria:
1670 543 1861 610 partes

216 633 376 697 sunt,
409 633 483 696 et,
516 629 918 700 superioribus
959 631 1238 698 intentus,
1275 629 1468 684 minus
1502 629 1692 683 videat
1725 628 1860 694 ima,

212 716 303 772 vel
335 717 599 772 ambiens
631 719 898 772 cardines
929 719 1077 789 ccnli,
1115 717 1385 773 inferiora
1427 735 1539 772 non
1573 717 1862 788 respiciat.

706 807 784 861 All
821 808 948 879 Cap.
977 809 1123 877 XXII,
1161 809 1245 876 15,
1282 810 1368 861 16.

287 894 552 964 Nunquid
606 898 852 950 semitam
927 897 1251 952 executorum
1306 897 1578 950 custodire
1644 898 1798 965 cupis
1845 896 1872 949 2

216 982 382 1036 Sicut
440 984 648 1038 semita
708 985 1091 1056 redemptoris
1143 985 1484 1050 humilitas,
1536 986 1613 1038 ita
1665 985 1873 1038 semita

215 1071 564 1126 saeculorum
618 1075 914 1144 snperbia.
963 1075 1317 1128 Sa-eulorum
1354 1075 1548 1144 itaque
1598 1074 1871 1128 SCII’lIttttll

212 1161 324 1215 viri
361 1160 544 1232 iniqui
597 1161 842 1230 calcant,
878 1163 1014 1233 quia
1069 1182 1168 1234 per
1198 1163 1375 1232 hujus
1425 1164 1550 1216 vitze
1585 1163 1874 1217 desideria

215 1248 276 1303 in
335 1248 584 1304 elatione
654 1251 1082 1321 perambulant.
1145 1253 1250 1318 Qui
1307 1253 1519 1305 subluto
1571 1263 1695 1305 sunt
1751 1255 1875 1304 ante

213 1341 424 1408 tempus
452 1355 635 1401 suum,
668 1339 764 1409 qui
813 1344 1155 1410 prmscntem
1211 1340 1385 1393 vitam
1440 1339 1714 1410 diligunt,
1750 1338 1873 1393 lon-

214 1426 381 1497 giora
434 1427 543 1480 sibi
596 1427 786 1498 spatia
839 1429 1101 1498 ejusdem
1155 1428 1278 1481 vitae
1331 1429 1700 1498 promittunt.
1764 1429 1874 1482 Sed

216 1532 355 1569 cum
389 1531 487 1569 eos
519 1518 934 1586 superveniens
970 1535 1125 1571 mors.
1175 1517 1485 1574 subtrahit.
1521 1534 1718 1570 eorum
1751 1519 1876 1569 vita:

214 1604 427 1674 spatia,
463 1622 589 1675 quin
641 1605 697 1658 in
743 1607 1094 1673 cogitatione
1145 1608 1526 1670 tetenderant,
1564 1606 1874 1659 intercidit.

215 1695 283 1746 Et
359 1695 564 1762 fluvius
621 1697 882 1749 subuertit
959 1696 1339 1766 [tutamentum
1397 1712 1600 1748 eorum.
1669 1694 1873 1764 Iniqui,

216 1783 357 1836 dum
394 1783 704 1853 praesentia
737 1784 979 1853 fugitiva
1025 1802 1150 1838 esse
1186 1801 1297 1837 non
1356 1783 1673 1848 intuentur,
1711 1800 1872 1837 men-

214 1875 337 1926 tem
388 1871 445 1924 in
496 1888 692 1926 amore
743 1874 1045 1943 praesentis
1100 1873 1222 1927 vita:
1276 1872 1549 1942 inﬁgunt,
1604 1877 1658 1926 et
1707 1871 1872 1942 quasi

213 1959 404 2030 longa-3
453 1959 830 2014 habitationis
887 1962 941 2015 in
993 1979 1059 2016 ea
1091 1962 1202 2015 sibi
1259 1961 1702 2014 fundamentum
1737 1978 1871 2014 con-

215 2052 478 2103 struunt.
501 2049 606 2102 Sed
637 2048 843 2103 fluvius
869 2050 1150 2103 subvertit
1177 2049 1624 2103 fundamentum
1645 2067 1868 2114 eorum;

217 2136 362 2208 quia
392 2136 517 2208 ipse
551 2154 758 2191 cursus
783 2138 1193 2192 mutabilitatis
1218 2144 1436 2191 statum
1469 2139 1594 2204 eius
1628 2139 1866 2192 subrui’

215 2242 410 2297 pravae
443 2227 915 2281 constructionis.

772 2315 849 2369 Ad
883 2315 1011 2384 Cal).
1044 2317 1191 2380 XXII,
1229 2319 1310 2372 16.

288 2404 396 2471 Qui
443 2404 652 2458 sublati
703 2409 830 2458 sunt
885 2409 1015 2458 ante
1067 2409 1276 2476 tempus
1325 2424 1503 2461 suum.
1558 2406 1868 2462 Sciendum

213 2493 377 2562 quod
432 2493 663 2547 ordinat
692 2495 712 2526 ²
743 2511 926 2547 annos
975 2494 1128 2548 Deus
1153 2495 1322 2564 juxta
1372 2496 1574 2550 merita
1609 2494 1870 2565 singulo-

218 2599 376 2650 rum,
410 2581 668 2651 disponit
715 2587 771 2637 et
822 2581 1160 2650 terminum,
1196 2590 1257 2638 ut
1289 2590 1345 2638 et
1395 2585 1585 2638 malus
1627 2585 1872 2638 breviter

212 2670 399 2736 vivat,
438 2688 508 2724 ne
542 2669 807 2742 pluribus
842 2677 1065 2738 noceat,
1097 2671 1181 2726 vel
1224 2673 1410 2728 bonus
1441 2674 1663 2728 diutius
1695 2657 1866 2739 vivat,

215 2764 282 2813 ut
332 2758 601 2829 pluribus
654 2760 871 2831 prosit;
905 2760 989 2815 vel
1027 2779 1230 2816 rursus
1286 2762 1475 2816 malus
1529 2764 1773 2829 diutius,
1808 2768 1871 2818 ut

220 2847 380 2902 mala
430 2853 660 2919 augeat,
696 2850 910 2920 quibus
961 2850 1094 2904 boni
1144 2853 1484 2921 probentur,
1536 2857 1592 2906 et
1641 2855 1747 2921 Idl.
1783 2853 1868 2922 ut]

216 2937 411 2992 bonus
454 2937 625 2992 citius
660 2938 1047 3006 subtrahitur,
1085 2957 1152 2993 ne
1203 2940 1246 2992 si
1283 2941 1503 2994 diutius
1539 2943 1706 3000 vivat,
1743 2959 1870 2995 ma-

216 3023 344 3078 litia
391 3032 818 3096 corrumpatur.
853 3027 920 3080 Et
973 3033 1236 3082 mutatur
1287 3031 1574 3083 sententia
1619 3031 1732 3095 Dei,
1768 3032 1863 3084 sed

217 3131 335 3169 non
369 3114 681 3169 consilium
715 3120 1019 3171 internum.

731 3204 812 3258 Αιι
845 3207 972 3275 Clip.
1007 3207 1171 3271 XXIV,
1202 3208 1237 3258 5
1269 3207 1352 3260 11.

211 3293 332 3347 Alii
397 3294 556 3363 quasi
604 3295 800 3358 onagri
849 3295 906 3347 in.
956 3294 1162 3348 deserto
1216 3295 1571 3363 egrediuntur
1616 3298 1684 3352 all
1731 3314 1864 3368 Opus

209 3398 398 3436 suum.
433 3382 580 3435 Sunt
631 3381 784 3435 enim
838 3381 1111 3453 lueretici,
1148 3384 1244 3454 qui
1278 3384 1508 3455 populis
1559 3387 1864 3440 admisceri

214 3469 536 3540 refugiunt,
572 3469 670 3523 sed
707 3487 1001 3525 secessum
1037 3472 1160 3525 vitae.
1194 3474 1520 3529 secretioris
1555 3480 1777 3546 petunt,
1811 3482 1866 3530 et

210 3574 282 3613 eo
314 3557 571 3630 amplius
620 3563 778 3629 peste
810 3577 925 3614 sua:
981 3561 1376 3632 persuasionis
1433 3562 1719 3634 inﬁciunt,
1753 3580 1864 3635 quo

212 3647 386 3719 quasi
453 3663 519 3701 ex
580 3647 709 3701 vitre
786 3649 1010 3703 meritis
1088 3651 1500 3706 reverentiores
1575 3652 1862 3706 videntur.

212 3736 467 3808 Onagris
508 3741 700 3790 autem
752 3744 1183 3807 comparantur,
1219 3740 1370 3809 quod
1421 3741 1475 3793 in
1511 3742 1633 3796 suis
1664 3742 1866 3796 volun-

215 3825 444 3880 tatibus
493 3825 722 3879 dimissi
780 3844 812 3880 a
860 3827 1091 3881 vinculo
1147 3829 1277 3883 ﬁdei
1329 3834 1383 3885 et
1432 3831 1673 3886 rationis
1732 3837 1871 3886 sunt

214 3912 417 3968 alieni.
475 3915 858 3981 Egrediuntur
887 3915 957 3969 ad
1009 3932 1141 3987 opus
1171 3935 1350 3972 suum.
1387 3920 1510 3974 Non
1560 3921 1713 3975 enim
1750 3921 1866 3987 Dei,

212 4002 323 4057 sed
356 4019 503 4073 opus
534 4019 707 4056 suum
743 4011 1048 4075 peragunt,
1072 4007 1211 4060 dum
1242 4026 1355 4062 non
1388 4013 1540 4063 recta
1573 4010 1865 4079 dogmata,

211 4091 320 4146 sed
355 4091 586 4162 propria
639 4091 926 4147 desideria
973 4099 1318 4164 sequuntur.
1357 4097 1754 4168 I’igilantesque
1801 4099 1870 4151 ad

208 4179 486 4252 prmium,
517 4185 835 4250 prafparant
874 4199 1074 4252 panem
1125 4184 1326 4238 liberis.
1361 4186 1442 4238 Ad
1498 4186 1748 4256 praedam
1784 4186 1868 4240 vi-

213 4269 425 4341 gilant,
460 4269 557 4340 qui
606 4271 780 4324 verba
827 4271 1119 4340 justorum
1157 4273 1224 4326 ad
1279 4291 1512 4328 sensum
1568 4276 1866 4345 preprium

211 4374 455 4429 semper
510 4375 710 4430 rapere
771 4365 1074 4429 conantur,
1137 4367 1202 4416 ut
1251 4379 1352 4433 per
1409 4363 1525 4417 brec
1585 4363 1868 4435 perversis

222 4445 366 4501 ﬁliis
397 4463 607 4518 panem
658 4449 870 4503 erroris
925 4455 1146 4520 parent.
1183 4454 1385 4521 Agrum
1415 4469 1520 4506 non
1571 4470 1727 4507 suum
1777 4454 1866 4508 (le-

209 4539 449 4589 metunt.
493 4535 625 4606 Agri
663 4540 746 4590 vel
780 4536 957 4590 vineie
1012 4539 1246 4592 nomine
1282 4540 1533 4594 Ecclesia
1579 4542 1865 4611 signatur,
1902 4567 1948 4631 D

213 4640 399 4696 quam
453 4625 704 4695 perversi
761 4626 1162 4695 praedicatores
1216 4629 1534 4696 demetunt,
1571 4635 1626 4684 et
1674 4635 1869 4686 aucto-

218 4729 347 4768 rem
380 4713 507 4784 ejus
533 4713 590 4767 in
626 4714 905 4768 membris
929 4715 1309 4786 opprimendo
1337 4717 1732 4785 vindemiant;
1771 4720 1872 4790 qui

217 4803 512 4857 Creatoris
552 4803 799 4875 gratiam
823 4811 1262 4876 persequentes,
1297 4809 1436 4862 dum
1470 4812 1753 4879 quosdam
1801 4813 1871 4867 de

214 4891 347 4961 illa,
398 4892 495 4962 qui
557 4893 694 4947 recti
756 4893 1121 4956 videbantur.
1179 4897 1435 4967 rapiunt,
1487 4899 1625 4969 quid
1688 4899 1868 4963 aliud,

214 4997 399 5054 quam
434 4981 646 5052 spicas,
677 4981 763 5036 vel
815 4984 1009 5038 botros
1057 4985 1385 5040 animorum
1420 4989 1602 5057 [Forte
1643 4990 1867 5044 anima-

216 5071 377 5141 rum]
413 5069 667 5124 tollunt?
699 5071 879 5127 Nullos
927 5073 1209 5129 dimittunt
1259 5075 1523 5145 homines,
1555 5079 1872 5134 inrlun'zenta

212 5160 488 5226 tollentes,
540 5162 739 5231 quibus
796 5177 903 5215 non.
956 5167 1034 5216 est
1086 5166 1477 5232 aperimentum
1533 5169 1593 5220 in
1637 5169 1868 5238 frigore.

290 5285 310 5319 ¹
344 5284 665 5362 Constabit
716 5289 1012 5362 utcunque
1066 5305 1296 5362 sensus,
1331 5291 1376 5344 si
1431 5290 1589 5362 legas
1636 5293 1867 5347 subruit.

217 5359 493 5413 Fortasse
525 5361 719 5429 tamen
771 5359 1050 5429 scriptum
1109 5361 1179 5413 ab
1211 5367 1443 5417 auctore
1473 5359 1560 5417 est
1608 5366 1791 5418 innuit
1821 5369 1871 5418 et

214 5437 558 5506 prava’,_etc.
610 5427 927 5506 Lipsiensis
978 5430 1164 5485 editor
1209 5433 1317 5504 legi
1351 5434 1470 5488 vult
1513 5437 1872 5506 fumlamenta

216 5517 326 5575 pro
345 5502 553 5575 solum
583 5501 722 5575 ejus.

291 5573 314 5607 ²
344 5571 562 5627 Mavult
591 5572 776 5626 editor
809 5573 964 5642 Lips.
997 5575 1150 5642 Quod
1173 5575 1301 5631 dum.
1329 5577 1566 5634 ordinat.

291 5645 314 5680 ⁸
345 5645 502 5700 Idem
551 5645 793 5715 reponit.
831 5647 948 5700 Nisi
977 5648 1113 5717 quod
1161 5647 1315 5705 bona:
1346 5653 1577 5707 aclimiis
1621 5652 1866 5708 velamen

546 5771 808 5831 PA'I‘ttOL.
863 5775 1076 5834 XXIII.

1981 549 2127 609 guut
2176 542 2452 595 animum).
2490 538 2748 594 Ilazretici
2799 539 3014 611 itaque,
3049 556 3179 594 cum
3231 541 3624 610 queiumdam

1982 631 2130 685 bona
2175 649 2349 702 cpt-ra
2397 631 2727 700 (.lestruunt,
2759 630 3103 684 vestimenta
3159 628 3385 682 tollunt.
3423 631 3628 696 Quibus

1977 739 2083 774 non
2134 729 2209 775 est
2255 723 2646 790 operimentum
2691 720 2746 772 in
2796 721 3019 788 frigore.
3057 718 3493 788 Operimentum
3555 719 3628 773 ad

1973 810 2267 880 justitiam
2319 810 2590 881 pertinet,
2643 809 2826 877 frigus
2881 808 2951 861 ad
3012 808 3264 878 culpam.
3318 807 3485 877 Alget
3540 824 3629 862 er-

1981 917 2073 970 go,
2135 905 2190 954 et
2247 900 2482 968 tegitur.
2546 898 2646 967 qui
2704 915 2771 950 ex
2830 897 2941 951 alio
3001 914 3171 966 opere
3241 897 3504 950 fervescit
3557 896 3630 950 ad

1974 989 2290 1056 justitiam,
2339 1005 2406 1041 ex
2453 986 2565 1040 alio
2621 985 2878 1054 frigescit
2931 986 3000 1039 ad
3051 985 3304 1055 culpam.
3337 985 3445 1038 Sed
3500 999 3633 1038 cum

1982 1077 2234 1132 lia-ictici
2296 1077 2510 1130 talibus
2572 1077 2719 1128 bona
2792 1093 2962 1145 opera
3019 1074 3397 1140 subtrahunt,
3455 1077 3641 1144 agunt

1985 1183 2054 1220 ne
2131 1167 2188 1219 in
2268 1164 2475 1235 frigere
2547 1163 2797 1217 habeant
2859 1163 3010 1215 unde
3082 1161 3424 1215 vestiantur.
3498 1162 3637 1227 Quos

1986 1256 2186 1308 imbres
2246 1255 2513 1307 num/iuni
2562 1255 2762 1321 rigant,
2823 1251 2873 1303 id
2928 1255 3034 1312 est,
3094 1250 3310 1304 ﬂuenta
3361 1249 3636 1319 przedica-

1985 1348 2173 1395 torum
2252 1346 2502 1397 sacrant.
2562 1342 2622 1394 Et
2701 1358 2804 1393 non
2867 1339 3121 1393 habentes
3185 1340 3450 1405 velamen,
3510 1355 3635 1392 am-

1983 1433 2280 1502 plexantur
2327 1431 2556 1500 lapides.
2621 1429 2766 1481 Dicit
2815 1430 2988 1481 fortes
3037 1427 3094 1480 in
3147 1425 3408 1481 Ecclesia
3455 1427 3631 1494 viros,

1991 1526 2051 1572 ut
2092 1525 2396 1590 martyres.
2431 1519 2536 1582 Qui
2587 1518 2786 1587 itaque
2835 1518 2904 1571 de
2937 1515 3096 1570 nullo
3149 1532 3320 1586 opere
3351 1532 3456 1570 suo
3505 1531 3636 1570 con-

1989 1610 2194 1673 ﬁdunt,
2231 1611 2329 1662 sed
2364 1609 2432 1660 ad
2476 1612 2811 1661 sanctorum
2862 1611 3180 1675 martyrum
3218 1604 3632 1674 protectionem

1990 1699 2206 1750 orando
2255 1702 2517 1760 currunt,
2553 1695 2693 1764 quid
2746 1695 2838 1747 isti
2899 1693 3137 1758 faciunt,
3173 1693 3284 1747 nisi
3319 1692 3420 1764 qui
3469 1693 3632 1747 bona:

1988 1787 2236 1841 actionis
2270 1786 2528 1838 velamen
2563 1801 2673 1837 non
2729 1783 2943 1836 habent
2972 1785 2991 1813 ³
3023 1781 3246 1852 lapides
3297 1782 3636 1852 amplexan-

1985 1881 2098 1930 tur.
2165 1878 2273 1929 I’im
2323 1878 2569 1945 fecerunt
2614 1873 2986 1943 lleprzluluntes
3031 1872 3290 1941 pupillos,
3324 1876 3373 1925 et
3421 1872 3640 1941 vulgum

1979 1982 2274 2034 pauperem
2319 1963 2712 2034 spoliaverunt.
2758 1960 3017 2015 lliDI‘Bthl
3072 1960 3471 2029 depraidantes
3521 1960 3638 2014 vim

1984 2053 2202 2106 faciunt
2251 2053 2386 2122 quia
2438 2054 2540 2119 till.
2591 2052 2739 2120 qum]
2791 2054 2993 2103 contra
3045 2049 3312 2103 inﬁrruas
3372 2048 3632 2103 ﬁdelium

1983 2146 2205 2195 mentes
2238 2143 2542 2194 verborum
2577 2145 2631 2194 et
2681 2155 2919 2209 Operum
2954 2137 3227 2191 violentia
3258 2142 3628 2208 grassantur.

1983 2230 2231 2299 Vulgum
2273 2245 2586 2301 pauperem
2624 2227 2895 2298 spoliant,
2930 2226 3087 2296 quia.
3122 2226 3260 2278 dum
3295 2225 3481 2280 doctis
3515 2243 3631 2280 non

1983 2319 2309 2389 prievalent,
2373 2318 2634 2371 indoctos
2692 2333 2723 2368 a
2776 2314 3064 2368 velamine
3111 2313 3240 2367 ﬁdei
3301 2313 3622 2368 denudent.

1981 2410 2153 2463 Nudis
2183 2414 2233 2460 et
2284 2408 2660 2461 incedentibus
2690 2406 2890 2473 absque
2938 2409 3132 2456 vestitu
3161 2407 3214 2456 et
3249 2403 3624 2457 esurientibus

1982 2499 2225 2551 tulerunt
2263 2498 2461 2566 spiras.
2498 2495 2602 2559 Qui
2655 2510 2759 2547 nec
2790 2496 2941 2546 bona
2991 2507 3094 2546 nec
3130 2491 3284 2546 mala
3333 2495 3628 2562 operatur,

1982 2587 2176 2640 nudus
2209 2590 2383 2639 estet
2426 2585 2685 2647 otiosus;
2717 2581 2814 2652 qui
2867 2579 3022 2634 mala
3053 2579 3190 2650 agit,
3226 2579 3421 2634 nudus
3471 2580 3628 2634 ince-

1980 2675 2085 2742 dit,
2119 2676 2256 2745 quia
2289 2674 2412 2727 sine
2443 2671 2728 2726 velamine
2760 2670 2893 2725 boni
2946 2669 3138 2740 operis
3169 2685 3271 2739 per
3302 2669 3412 2723 iter
3441 2668 3628 2740 pravi-

1989 2765 2124 2818 tatis
2198 2763 2414 2833 pergit.
2472 2760 2879 2815 Esurientibus
2937 2763 2993 2813 et
3071 2774 3170 2828 per
3229 2757 3630 2827 pcenitentiam

1983 2851 2258 2924 pabulum
2294 2851 2446 2905 verbi
2495 2848 3044 2920 concupiscentibus
3075 2848 3112 2912 ‘,
3149 2847 3406 2901 haeretici
3439 2847 3630 2918 spicas

1981 2943 2211 3007 tollunt,
2247 2942 2384 3012 quia
2416 2940 2472 2993 in
2523 2955 2722 2993 eorum
2774 2944 2967 2991 mente
3019 2937 3252 2990 Patrum
3305 2937 3627 2991 sententias

1979 3032 2306 3095 destruunt,
2341 3047 2466 3100 qua:
2502 3046 2603 3099 per
2633 3028 2823 3097 Spicas
2848 3026 3272 3096 signiﬁcantur.
3306 3025 3451 3088 Quia
3482 3025 3624 3078 dum

1985 3137 2084 3189 per
2128 3120 2373 3189 ﬁguram
2422 3117 2651 3186 eloquia
2700 3117 3091 3186 proferuntur,
3125 3114 3194 3166 ab
3249 3113 3318 3166 iis
3369 3113 3619 3183 tegimen

1897 3198 1937 3262 C
1979 3209 2198 3273 litterae,
2251 3206 2418 3277 quasi
2466 3205 2776 3259 aristarum
2826 3202 3040 3272 paleas,
3092 3201 3517 3268 subtrahimus,
3558 3206 3623 3257 ut

1978 3295 2231 3350 medulla
2287 3293 2528 3365 spiritus
2579 3291 2929 3345 reﬁciamus.
2972 3292 3118 3344 Inter
3165 3306 3379 3345 acervos
3427 3307 3622 3346 eorum

1977 3384 2254 3439 meridiati
2301 3387 2444 3450 sunt,
2488 3384 2582 3452 qui
2610 3381 2833 3434 calcatis
2862 3380 3226 3435 torcularibus
3257 3382 3468 3434 sitiunt.
3511 3381 3618 3444 Qui

1976 3474 2287 3527 Ecclesiam
2354 3476 2803 3543 persequuntur,
2863 3469 3117 3524 torcular
3173 3470 3418 3523 calcant.
3474 3470 3619 3525 Nam

1977 3565 2113 3617 dum
2157 3562 2361 3632 injusti
2387 3565 2581 3632 justos
2615 3562 2970 3631 deprimunt,
3007 3559 3203 3613 botros
3236 3559 3345 3612 sub
3377 3559 3623 3630 pedibus

1978 3653 2238 3721 mittunt,
2272 3653 2366 3723 qui
2411 3667 2582 3706 carne
2613 3650 2767 3703 exuti
2802 3650 2871 3702 ad
2917 3647 3172 3702 coelestia
3204 3648 3357 3701 velut
3387 3648 3445 3702 in
3477 3664 3623 3719 apo-

1979 3743 2172 3796 theam
2237 3746 2496 3796 currunt.
2561 3739 2800 3794 Calcant
2855 3743 3047 3790 autem
3124 3741 3181 3790 et
3233 3736 3460 3802 sitiunt,
3524 3735 3624 3806 qui

1979 3831 2202 3902 agendo
2246 3830 2504 3883 crudelia
2533 3845 2597 3882 eo
2644 3828 2770 3898 ipso
2801 3824 3152 3879 crudeliores
3207 3825 3374 3890 ﬁunt,
3407 3829 3463 3878 et
3492 3841 3625 3896 gra-

1980 3921 2137 3974 viora
2169 3920 2353 3973 facere
2385 3917 2653 3972 ambiunt
2680 3933 2691 3980 ;
2727 3931 2872 3985 quos
2905 3930 3036 3968 cum
3071 3919 3272 3968 contra
3304 3911 3622 3969 catholicos

1980 4009 2226 4062 lunretici
2262 4024 2428 4078 agere
2478 4004 2736 4060 crudelia
2765 4003 3153 4074 conspiciunt,
3191 4003 3342 4056 inter
3389 4019 3624 4058 acervos

1978 4114 2176 4151 eorum
2237 4095 2638 4149 meridiantur.
2699 4095 2802 4161 Qui
2850 4094 3072 4147 calcatis
3129 4092 3493 4146 torcularibus
3547 4094 3625 4147 si-

1976 4187 2143 4248 tiunt,
2178 4185 2314 4254 quia
2346 4200 2545 4238 eorum
2583 4199 2643 4236 se
2681 4181 3041 4235 multitudini
3095 4182 3444 4253 adjungunt,
3478 4197 3625 4252 quos

1927 4290 1935 4297 ·
1980 4276 2173 4329 vident
2220 4273 2419 4345 gravia
2451 4289 2640 4343 agere,
2676 4275 2732 4325 et
2779 4271 3010 4325 adhunc
3060 4271 3325 4341 graviora
3356 4269 3539 4340 sitire,
3573 4275 3630 4325 et

1979 4381 2110 4417 cum
2144 4380 2245 4433 per
2275 4380 2335 4417 se
2383 4380 2494 4416 non
2532 4366 2779 4433 possunt
2828 4362 3287 4432 persecutionem
3320 4360 3626 4425 suscitare,

1980 4458 2238 4522 potentes
2290 4452 2484 4505 Saeculi
2538 4453 2606 4505 ad
2663 4452 2770 4505 hoc
2815 4451 3087 4514 excitant,
3132 4465 3383 4519 quorum
3442 4449 3629 4503 fervor

1980 4543 2120 4595 dum
2171 4559 2369 4596 eorum
2425 4542 2713 4596 desideria
2771 4541 2962 4603 satiat,
3018 4539 3075 4592 in
3124 4555 3325 4592 eorum
3377 4537 3625 4605 actibus,

1982 4631 2144 4703 quasi
2185 4631 2236 4683 in
2277 4630 2536 4694 meridie,
2569 4630 2896 4700 quiescunt.

2456 4719 2536 4774 Ad
2570 4720 2696 4788 Cap.
2732 4719 2898 4784 XXVI,
2933 4719 2986 4784 2,
3017 4720 3068 4779 ῖς,
3104 4718 3151 4771 li.

2055 4811 2220 4880 Cujus
2270 4809 2486 4875 ul'ljutor
2533 4812 2632 4861 es?
2663 4807 2910 4878 nunquid
2965 4805 3309 4862 imbecillis?
3357 4811 3462 4862 etc.
3512 4807 3625 4861 Ad-

1975 4900 2180 4967 juvare
2210 4897 2563 4951 imbecillam
2619 4896 2919 4951 cbaritatis
2953 4904 3034 4950 est
3065 4913 3076 4963 ;
3113 4896 3387 4965 adjuvare
3435 4900 3631 4967 poten-

1985 4994 2094 5041 tem
2144 4987 2303 5051 velle,
2339 4987 2603 5041 elationis
2653 4992 2741 5039 est
2795 4987 2979 5039 lit-cst
3027 5003 3253 5039 sensus.
3293 4986 3440 5039 Dum
3491 5002 3625 5039 eum

1974 5078 2178 5144 juvare
2202 5078 2488 5140 intendas,
2516 5077 2623 5130 sub
2652 5077 2818 5145 cujus
2838 5076 3241 5144 magnitudine
3265 5075 3626 5141 succumbis,

1984 5168 2133 5237 quod
2165 5167 2453 5235 impendis
2503 5165 2798 5230 solatium,
2834 5165 2904 5218 de
2954 5165 3339 5217 ostentatione
3371 5167 3476 5224 est.
3513 5180 3627 5218 non

1980 5308 2089 5344 non
2123 5290 2387 5344 habentes.
2423 5288 2808 5343 Nihilosccius
2842 5288 3158 5358 impeditus
3188 5286 3352 5341 valde
3384 5292 3473 5342 est
3505 5303 3632 5342 sen-

1983 5381 2104 5427 sus,
2140 5369 2196 5416 et
2246 5368 2444 5416 contra
2492 5361 2792 5432 scriptoris
2847 5366 3120 5424 mentem,
3155 5359 3450 5432 Vigilantii
3512 5362 3628 5415 tere

1982 5435 2302 5488 doctrinam
2339 5432 2576 5487 redolet.

2053 5508 2070 5539 ⁴
2103 5506 2293 5560 Pravm
2326 5504 2718 5559 distinctionis
2771 5501 2906 5556 vitio
2939 5502 3300 5559 laborantem
3353 5503 3509 5559 hunc
3540 5501 3627 5559 lo-

1981 5595 2114 5633 cum
2148 5579 2227 5633 ita
2258 5577 2509 5632 restituit
2540 5576 2694 5648 Lips.
2728 5575 2933 5631 editor.

3225 5783 3301 5842 49
