3984 6380
424 261 587 353 I547

1921 262 2342 386 APPE'NDIX.

3672 260 3825 329 1518

430 401 501 457 de
532 399 766 474 pietate.
801 400 903 458 Cui
945 398 1143 457 dedisti
1188 402 1523 459 consilium?
1562 402 1881 459 Consilium
1936 404 2074 460 dare
2102 406 2158 470 Α
2191 419 2293 457 nec
2345 403 2399 457 in
2448 406 2608 457 tanta
2660 396 3027 475 cogitatione.
3061 402 3128 457 Et
3171 396 3283 457 hoc
3312 402 3420 466 est,
3450 398 3703 455 laetatum
3745 404 3821 455 est

428 489 630 559 stulto,
685 489 988 546 charitatis
1036 494 1127 547 est
1187 509 1199 546 :
1252 491 1564 548 consilium
1620 492 1758 547 dare
1806 490 2075 564 sapienti,

429 577 836 635 ostentationis
886 582 1019 635 est:
1052 578 1367 636 consilium
1416 581 1554 637 dare
1583 580 1696 652 ipsi
1746 580 2076 652 Sapientiae,

426 666 823 740 perversitatis
876 672 983 723 est.
1036 668 1199 725 Unde
1254 670 1540 742 sequitur,
1598 678 1650 726 et
1694 670 2074 732 prudentiam.

426 755 652 824 Omnis,
683 756 778 811 cui
819 757 1135 828 prudentia
1171 764 1280 829 est,
1312 762 1473 814 recta
1519 762 1626 813 est.
1661 759 1915 814 Plurima
1961 775 2077 814 non

425 849 534 908 est,
569 844 709 917 quia
737 862 855 901 non
890 844 1023 917 plus
1054 847 1274 919 appetit
1325 863 1550 919 sapere.
1582 850 1776 903 Nonne
1803 864 1950 915 eum,
1984 849 2081 918 qui

422 934 555 1004 fecit
602 933 1047 1006 spiramentum?
1092 934 1334 1005 Baldad,
1368 936 1508 1009 quia
1552 935 1661 993 Job
1714 935 2077 1009 ﬂagellatam

424 1039 529 1096 pro
563 1023 1053 1097 culpa~credidit,
1085 1024 1379 1082 occultum
1422 1025 1524 1082 Dei
1569 1025 1885 1098 judicium,
1921 1025 2075 1098 quod

422 1113 685 1170 venerari
729 1113 931 1171 debuit
978 1102 1300 1187 humiliter,
1348 1116 1603 1190 superba
1649 1116 1816 1173 nisus
1864 1120 1954 1172 est
1994 1121 2076 1172 te-

426 1201 695 1259 meritate
743 1208 1064 1276 penetrare.
1099 1204 1216 1279 Ipsi
1261 1220 1398 1278 ergo
1446 1222 1510 1262 se
1558 1221 1663 1279 per
1705 1204 2075 1278 prudentiam

382 1370 388 1375 ο
426 1290 705 1365 praetulit,
736 1294 910 1364 cujus
932 1294 1228 1365 judicium
1280 1312 1394 1349 non
1429 1294 1805 1367 intelligendo
1845 1294 2076 1366 judica-

425 1381 527 1436 vit.
558 1381 668 1437 Sed
709 1382 849 1455 quia
897 1382 1029 1453 Job,
1062 1382 1327 1440 Ecclesiae
1371 1388 1575 1456 typum
1627 1400 1856 1456 gerens,
1892 1400 2078 1456 pauca

426 1469 487 1526 in
544 1471 931 1543 superborum
989 1472 1346 1529 correctione
1400 1472 1666 1546 protulit,
1723 1477 1959 1546 repente
2017 1490 2079 1528 se

425 1559 498 1616 ad
572 1559 895 1617 doctrinam
956 1578 1059 1633 per
1128 1563 1451 1619 sententias
1521 1562 1818 1635 expandit,
1877 1562 2078 1618 dicens

423 1648 586 1722 (vers.
615 1650 671 1721 5)
708 1665 721 1704 :
752 1651 886 1709 Ecce
933 1653 1185 1720 gigantes
1232 1656 1465 1723 gemunt
1514 1652 1612 1707 sub
1660 1653 1839 1724 aquis.
1871 1651 2080 1724 Gigan-

421 1740 531 1808 tes,
590 1738 884 1811 superbi;
947 1756 1113 1812 aquae
1169 1744 1309 1797 sunt
1372 1739 1592 1813 populi.
1652 1739 1796 1797 Elati
1855 1744 2075 1809 autem,

423 1826 566 1882 dum
598 1825 658 1882 in
702 1826 812 1883 hoc
854 1828 1067 1884 saeculo
1098 1829 1333 1901 assequi
1384 1830 1665 1886 honorem
1715 1828 2076 1886 celsitudinis

426 1914 693 1988 cupiunt,
725 1916 836 1972 sub
884 1917 1241 1989 ponderibus
1286 1918 1633 1992 populorum
1685 1923 1949 1992 gemunt.
1981 1917 2078 1973 Eis

428 2003 663 2076 populis
695 2005 1046 2077 supponitur
1075 2007 1206 2079 quis
1238 2012 1454 2076 mente,
1480 2008 1695 2079 quibus
1726 2006 2080 2080 supponitur

428 2092 734 2165 dignitate.
794 2094 864 2149 Et
920 2094 1013 2151 his
1067 2096 1259 2152 verbis
1315 2097 1627 2165 indicatur,
1678 2098 1831 2169 quod
1884 2097 2078 2154 omnis

428 2182 707 2257 superbia
752 2199 818 2238 eo
867 2184 995 2257 ipso
1043 2184 1102 2240 in
1152 2184 1270 2242 imo
1309 2186 1486 2257 jacet,
1541 2203 1657 2258 quo
1688 2202 1750 2242 se
1799 2186 1857 2240 in
1890 2185 2076 2242 altum

428 2273 620 2347 erigit.

912 2362 992 2419 Ad
1024 2363 1151 2436 Cap.
1184 2366 1350 2432 XXIX,
1384 2365 1469 2437 19,
1505 2366 1593 2421 20.

502 2452 680 2510 Radix
726 2469 848 2510 mea
876 2462 1069 2526 aperta
1124 2458 1203 2510 est
1222 2456 1390 2527 juxta
1419 2472 1611 2527 aquas.
1648 2457 1661 2490 ¹
1696 2454 1929 2511 Radicis
1975 2472 2075 2511 no~

429 2542 588 2600 mine
617 2542 845 2599 occulta
871 2543 1144 2616 cogitatio
1176 2545 1462 2617 signatur.
1493 2546 1670 2601 Juxta
1699 2562 1882 2616 aquas
1917 2544 2078 2601 radix

428 2632 710 2707 aperitur,
743 2632 1021 2705 quoniam
1070 2634 1142 2689 ad
1192 2634 1563 2707 percipienda
1604 2634 1862 2690 veritatis
1894 2635 2077 2690 ﬂuen-

427 2723 511 2778 tia
565 2723 587 2757 ²
643 2721 894 2779 latenter
950 2722 1221 2796 cogitatio
1253 2725 1467 2780 mentis
1528 2724 1806 2797 aperitur.
1868 2728 1935 2781 Et
1992 2740 2078 2780 ros

426 2812 736 2868 morabitur
782 2813 843 2867 in
884 2815 1155 2869 messione
1198 2829 1341 2869 mea.
1394 2813 1688 2869 Subaudis
1736 2814 1779 2884 ³,
1810 2813 2076 2869 dicebam.

425 2900 638 2957 Messio
688 2900 955 2957 ECOiBSitﬂ
1023 2902 1326 2974 accipitur,
1375 2920 1508 2959 cum
1557 2903 1822 2975 perfectae
1869 2903 2078 2958 animas

426 2989 770 3062 corporibus
799 2990 1107 3047 abstractas
1137 2991 1295 3047 velut
1325 2995 1566 3048 maturae
1607 3000 1830 3064 segetes
1861 3008 1894 3047 a
1924 2996 2080 3047 terra

427 3079 655 3146 decisae,
688 3080 761 3136 ad
793 3080 1047 3136 coelestia
1083 3081 1323 3138 horrera
1352 3083 1701 3155 demigrant.
1739 3084 1852 3139 Res
1886 3101 2077 3140 mora-

2187 508 2279 547 cor
2336 508 2515 547 meum
2572 494 2631 547 in
2688 491 3016 548 abst-mutila.
3080 492 3145 547 Et
3201 490 3339 563 quia
3402 488 3823 545 inconsiderata

2189 597 2375 644 mens,
2410 580 2704 637 favoribus
2749 585 2957 647 erecta,
2994 580 3310 652 aliquando
3339 579 3561 646 laudat,
3592 594 3715 651 quas
3742 577 3823 633 fe-

2188 670 2283 737 cit,
2326 669 2553 724 addidit
2602 686 2614 726 :
2665 674 2715 727 et
2764 671 3035 727 osculatus
3082 686 3204 724 sum
3249 685 3474 724 manum
3514 684 3695 740 meam
3736 681 3823 723 ore

2186 776 2323 815 meo.
2359 760 2487 827 Quae
2534 760 2803 831 iniquitas
2851 764 2931 815 est
2978 760 3244 814 maxima.
3279 758 3460 814 Omne
3505 760 3819 830 peccatum,

2188 848 2343 919 quod
2390 865 2457 903 ex
2487 848 2826 905 inﬁrmitate
2868 852 2976 914 cst,
3010 847 3284 920 spiritum
3317 863 3432 902 non
3455 845 3661 918 perdit,
3692 845 3824 917 quia

2187 955 2222 993 a
2277 937 2393 993 Deo
2450 937 2677 994 veniam
2710 937 2937 1009 quierit.
2990 936 3373 1008 Prassumptio
3400 951 3555 1006 vero,
3614 937 3821 1006 quanto

2186 1025 2420 1099 longius
2451 1031 2538 1084 est
2568 1028 2638 1083 ab
2678 1026 3029 1093 humilitate,
3061 1029 3223 1082 tanto
3256 1024 3487 1098 gravior
3514 1023 3575 1079 in
3624 1024 3821 1096 despe-

2189 1116 2408 1173 ratione
2454 1121 2564 1187 est,
2596 1119 2672 1182 et,
2706 1116 2847 1171 dum
2890 1116 3042 1171 vires
3073 1114 3185 1171 sibi
3239 1113 3463 1181 tribuit,
3497 1131 3532 1169 a
3558 1113 3671 1168 Deo
3708 1128 3821 1168 non

2187 1205 2455 1278 requirit.
2503 1238 2571 1247 -—
2633 1207 2781 1262 Dum
2840 1203 2978 1261 mali
3036 1204 3191 1261 bona
3238 1203 3549 1271 mirantur,
3591 1201 3823 1258 lucerna

2188 1296 2352 1350 ardet
2400 1296 2458 1350 in
2511 1299 2693 1351 nocte.
2747 1296 2803 1349 Si
2850 1299 2909 1361 et
2957 1293 3092 1349 boni
3140 1292 3360 1363 Optima
3396 1290 3701 1358 mirantur,
3730 1289 3820 1346 "sol

2188 1384 2389 1457 fulget.
2424 1386 2485 1439 In
2516 1386 2537 1419 ⁸
2567 1385 2659 1439 die
2689 1386 2830 1440 dum
2864 1384 3084 1439 bonum
3116 1382 3341 1437 actione
3363 1380 3619 1452 corporis
3645 1378 3821 1447 lucet,

2187 1473 2424 1529 lucerna
2452 1479 2560 1539 est,
2593 1475 2649 1530 id
2691 1479 2797 1539 est,
2832 1474 3032 1529 lumen
3082 1472 3140 1527 in
3170 1476 3320 1527 testa
3351 1486 3364 1524 :
3398 1471 3541 1526 dum
3570 1472 3822 1526 contem-

2190 1561 2443 1635 platione
2474 1562 2707 1627 mentis,
2741 1561 2827 1619 sol
2857 1562 2928 1617 de
2958 1559 3123 1617 caelo.

2700 1652 2777 1707 Ad
2809 1651 2937 1724 Cap.
2968 1650 3238 1720 XXXVIII,
3266 1651 3322 1705 7.

2261 1742 2393 1797 Cum
2434 1758 2519 1797 me
2575 1738 2865 1797 laudarent
2910 1740 3075 1796 simul
3119 1747 3268 1795 astra
3310 1738 3599 1794 matutina.
3632 1736 3826 1792 Incer-

2188 1831 2442 1887 nationis
2471 1830 2683 1886 Christi
2721 1829 3063 1901 mysterium
3093 1829 3269 1883 etiam
3302 1826 3467 1882 electi
3498 1825 3687 1899 angeli
3718 1824 3825 1880 mi-

2187 1920 2299 1977 rati
2329 1924 2486 1988 sunt,
2510 1920 2650 1992 quia
2678 1920 2851 1992 primi
2883 1919 2941 1974 in
2964 1922 3221 1990 tempore
3242 1915 3420 1972 creati
3440 1919 3594 1987 sunt,
3625 1931 3739 1970 non
3764 1914 3824 1971 in

2187 2009 2374 2066 initio.
2412 2013 2584 2066 Astra
2616 2009 2910 2065 matutina
2951 2008 3247 2072 dicuntur,
3275 2004 3364 2061 vel
3397 2004 3535 2077 quia
3575 2020 3725 2076 saape
3751 2003 3823 2059 ad

2186 2099 2579 2156 exhortandos
2610 2098 2880 2154 homines
2912 2096 3100 2167 missi,
3133 2096 3274 2151 dum
3319 2098 3626 2151 venturum
3657 2108 3826 2149 mane

2188 2188 2482 2259 nuntiant,
2512 2189 2585 2245 ab
2626 2188 2904 2244 humanis
2934 2185 3208 2242 cordibus
3261 2182 3558 2257 praesentis
3586 2181 3712 2238 vita:
3741 2186 3824 2237 te-

2187 2279 2399 2334 nebras
2456 2278 2681 2350 fugant.
2741 2277 2875 2341 Quae
2926 2275 3214 2332 matutina
3261 2279 3418 2329 astra
3462 2273 3635 2329 etiam
3690 2287 3823 2327 cum

2182 2367 2531 2440 vespertinis
2564 2367 2968 2440 Redemptoris
2999 2364 3318 2438 potentiam
3356 2362 3596 2419 laudant
3625 2379 3639 2417 :
3688 2360 3826 2433 quia

2189 2457 2507 2530 redemptis
2536 2456 2594 2511 in
2629 2458 2741 2512 ﬁne
2770 2454 2979 2512 mundi
3011 2453 3346 2510 hominibus
3374 2450 3701 2523 largitatem
3730 2465 3828 2505 su-

2189 2564 2381 2619 pernze
2427 2547 2623 2618 gratiae
2680 2544 3029 2618 gloriﬁcent.
3065 2545 3124 2598 Et
3145 2543 3451 2615 jubilarent
3495 2555 3676 2596 omnes
3720 2538 3828 2610 lilii

2189 2638 2301 2693 Dei.
2333 2635 2610 2692 Jubilatio
2642 2636 2877 2701 dicitur,
2911 2649 3046 2690 cum
3095 2632 3291 2688 cordis
3313 2629 3512 2686 laetitia
3557 2629 3674 2685 oris
3701 2627 3828 2684 effi-

2187 2726 2349 2783 cacia
2378 2742 2492 2781 non
2526 2725 2807 2797 expletur.
2833 2723 3097 2779 Laudant
3116 2722 3313 2793 itaque
3345 2717 3676 2792 angeli,qui
3702 2718 3828 2789 jam

2186 2814 2669 2887 tantmﬁlaritatis
2698 2813 3075 2869 latitudinem
3108 2810 3164 2866 in
3200 2809 3554 2867 sublimibus
3580 2806 3779 2862 vident
3815 2824 3829 2862 :

2181 2903 2437 2975 jubilant
2465 2920 2596 2959 vero
2645 2902 2936 2971 homines,
2969 2901 3071 2972 qui
3103 2898 3293 2955 adhuc
3327 2898 3384 2952 in
3434 2893 3828 2959 inferioribus,

2186 2994 2304 3049 oris
2337 2992 2428 3048 sui
2459 2992 2764 3064 angustias
2796 2990 3089 3046 sustinent
3121 3004 3135 3042 :
3169 3003 3294 3057 quae
3328 2983 3465 3056 quia
3494 2982 3691 3037 futura
3722 2984 3830 3035 Do-

2190 3083 2386 3137 minus
2434 3086 2688 3149 noverat,
2722 3080 2872 3136 facta
2919 3081 3138 3133 narrat.
3171 3074 3281 3131 Sed
3332 3073 3471 3146 quia
3518 3087 3650 3127 cum
3692 3068 3831 3124 boni

430 3168 590 3227 bitur
642 3168 703 3225 in
761 3170 1075 3240 messione,
1125 3172 1264 3245 quia
1311 3173 1499 3246 gratia
1548 3174 1801 3246 desuper
1841 3174 2077 3231 veniens
2107 3159 2152 3224 C
2183 3171 2463 3243 jubilant,
2496 3169 2682 3225 malos
2713 3165 3297 3228 invidiainﬂammat,
3326 3178 3471 3236 quos
3503 3165 3693 3216 tamen
3722 3157 3832 3213 Do-

432 3260 574 3336 agit,
605 3265 669 3317 ut
723 3260 884 3334 digni
935 3261 1142 3334 simus,
1174 3264 1275 3336 qui
1324 3264 1395 3319 de
1426 3263 1799 3320 inferioribus
1847 3263 2082 3337 colliga-

438 3373 593 3414 mur.
673 3357 858 3414 Gloria
928 3373 1052 3412 mea
1105 3371 1315 3427 semper
1368 3355 1729 3410 innovabitur
1785 3373 1804 3410 :
1861 3354 2010 3418 Quia
2063 3356 2086 3389 ⁴

428 3457 719 3517 amissam
767 3448 1013 3523 gloriam
1066 3444 1377 3518 deplorat:
1424 3444 1563 3516 quia
1608 3461 1729 3511 eos,
1764 3461 1911 3516 quos
1960 3444 2083 3516 ipse

426 3564 590 3605 nova;
629 3546 755 3601 vitae
804 3538 1057 3595 militare
1106 3534 1450 3600 crediderat,
1481 3533 1727 3589 vetustis
1776 3533 2081 3589 desideriis

428 3637 651 3696 servire
682 3629 1003 3705 cognoscit.

918 3718 996 3774 Ad
1037 3715 1167 3788 Cap.
1200 3714 1366 3781 XXXI,
1404 3713 1593 3767 25-28.

497 3814 831 3874 Intellectus
859 3808 950 3865 vel
991 3806 1111 3863 otio
1144 3807 1356 3877 torpet,
1388 3801 1478 3858 vel
1527 3800 1773 3859 elatione
1803 3801 2079 3869 vanescit,

420 3911 482 3964 et
516 3906 645 3962 ideo
678 3903 763 3960 ait
792 3918 806 3956 :
859 3899 920 3955 Si
950 3899 1173 3955 laetatus
1202 3910 1346 3950 sum.
1380 3894 1525 3948 Cum
1557 3890 1708 3962 quis,
1744 3908 1873 3963 quae
1902 3891 2081 3948 intel-

418 3996 568 4070 ligit,
609 3994 905 4066 operatur,
936 4004 1004 4043 ex
1033 4001 1121 4053 eo,
1154 3983 1308 4055 quod
1359 3983 1512 4070 foras
1543 3980 1891 4070 ostenditur,
1926 3997 2078 4053 saepe

422 4068 663 4141 labitur.
697 4080 807 4137 Sed
841 4079 1081 4133 beatum
1110 4072 1221 4129 Job
1251 4072 1408 4127 sicut
1434 4068 1830 4142 intelligentia:
1861 4087 2068 4127 aurum

422 4190 539 4230 non
577 4168 807 4235 extulit,
838 4167 923 4223 sic
951 4181 1058 4221 nec
1087 4163 1288 4219 lumen
1320 4158 1693 4232 operationis.
1729 4160 1798 4215 Et
1828 4159 1935 4215 hoc
1969 4164 2077 4230 est,

419 4264 472 4319 si
497 4261 614 4318 vidi
640 4259 834 4316 solem.
867 4256 1020 4312 Bene
1049 4250 1157 4308 soli
1206 4248 1344 4306 boni
1372 4249 1527 4306 bona
1557 4266 1665 4305 sua
1712 4266 1827 4305 non
1857 4249 2075 4315 vident,

424 4368 552 4426 quas
612 4348 745 4406 aliis
799 4344 1051 4401 videnda
1105 4340 1386 4414 praebent,
1438 4355 1542 4395 nec
1589 4338 1815 4409 lunam,
1861 4338 1919 4395 id
1969 4344 2077 4411 est,

422 4442 642 4498 famam
676 4436 811 4494 boni
846 4432 1059 4508 operis,
1092 4448 1220 4504 quas
1250 4429 1310 4485 in
1343 4429 1598 4485 tenebris
1636 4426 2078 4484 ambulantibus

2193 3262 2393 3317 minus
2421 3263 2727 3332 temperat,
2761 3258 2831 3314 de
2860 3256 2954 3312 his
2981 3254 3245 3328 protinus
3276 3252 3493 3309 subdit.

2686 3347 2765 3404 Ad
2796 3348 2924 3419 Cap.
2957 3345 3217 3410 XXXVIII,
3248 3343 3337 3397 31.

2261 3440 2527 3513 Nunquid
2581 3440 2601 3473 ⁷
2658 3439 2986 3510 conjungere
3044 3435 3245 3491 valebis
3308 3433 3566 3487 micantes
3619 3428 3832 3496 stellas,

2190 3536 2297 3587 etc.
2332 3530 2569 3587 Constat
2598 3528 2708 3585 hoc
2738 3525 2965 3583 nullum
2996 3523 3291 3581 hominem
3326 3537 3534 3595 posse;
3565 3518 3664 3576 sed
3696 3533 3831 3575 cum

2188 3621 2298 3678 Job
2349 3620 2420 3675 de
2449 3619 2543 3674 his
2592 3618 3002 3690 interrogatur,
3031 3618 3095 3670 ut
3137 3611 3375 3669 humilis
3410 3610 3480 3666 ad
3511 3625 3643 3665 eum
3674 3607 3832 3663 refu-

2190 3712 2330 3783 giat,
2363 3709 2463 3781 qui
2495 3707 2656 3765 solus
2686 3711 2884 3781 posset
2913 3705 3041 3773 hoc,
3073 3702 3421 3760 ostenditur.

2553 3798 2636 3854 Ad
2662 3796 3003 3871 principium
3029 3794 3234 3865 Capitis
3263 3790 3468 3846 XXXIX.

2260 3889 2444 3945 lbices
2500 3904 2678 3962 parva
2725 3888 2745 3921 ⁸
2796 3883 3203 3956 quadrupedia
3247 3881 3541 3950 dicuntur,
3591 3893 3717 3949 quae
3772 3874 3833 3930 in

2190 3979 2370 4052 petris
2405 3982 2727 4043 morantur,
2762 3982 2819 4031 et
2850 3975 3086 4048 pariunt
3116 3989 3130 4026 :
3186 3974 3242 4027 et
3274 3968 3499 4025 ruentia
3528 3967 3587 4023 in
3617 3966 3743 4022 suis
3772 3981 3837 4019 se

2189 4069 2466 4125 cornibus
2495 4066 2676 4123 illazsa
2700 4064 3054 4136 suscipiunt.
3080 4062 3139 4117 In
3174 4060 3388 4133 quibus
3419 4056 3834 4129 magistrorum

2190 4157 2590 4232 spiritualium
2639 4171 2889 4228 persona
2916 4152 3202 4226 signatur,
3234 4149 3332 4222 qui
3360 4145 3519 4203 velut
3563 4145 3744 4201 ibices
3772 4142 3837 4197 in

2189 4249 2368 4323 petris
2401 4247 2655 4320 pariunt,
2687 4244 2827 4317 quia
2856 4243 2915 4298 in
2941 4240 3206 4298 doctrina
3243 4238 3500 4303 Patrum,
3531 4234 3627 4307 qui
3659 4235 3837 4323 petra:

2188 4320 2290 4410 pro
2338 4335 2634 4393 soliditate
2684 4337 2824 4390 sunt
2870 4330 3080 4397 vocati,
3114 4329 3186 4384 ad
3218 4325 3651 4384 conversionem
3701 4320 3838 4378 ani-

2189 4445 2314 4483 mas
2333 4427 2602 4498 gignunt.
2624 4423 2760 4496 Ipsi,
2780 4420 3150 4488 velutibices,
3174 4434 3347 4474 casus
3374 4414 3594 4471 nullius
3612 4412 3836 4467 damna

420 4530 597 4589 lueet.
634 4529 768 4585 Haec
798 4498 954 4581 enim
985 4498 1243 4580 Job-non
1274 4517 1498 4585 extulit,
1531 4535 1660 4590 quae
1710 4516 1841 4590 plus
1872 4518 2080 4574 timen-
2111 4535 2156 4599 D
2188 4517 2470 4582 sentiunt,
2503 4515 2643 4569 dum
2677 4504 2734 4567 in
2776 4510 2900 4567 suis
2931 4507 3207 4599 cornibus
3252 4504 3614 4599 excipi-untur
3642 4517 3657 4556 :
3691 4498 3837 4599 quia

551 4620 717 4675 Tunc
746 4617 767 4652 ⁸
797 4615 977 4681 enim,
1003 4611 1172 4684 quasi
1196 4608 1314 4666 alta
1343 4608 1535 4676 arbor,
1550 4587 1797 4663 Ilatibus
1824 4606 2081 4680 amplius
2111 4587 2152 4599 υ
2190 4603 2470 4679 quicquid
2504 4603 2684 4658 ruinae
2714 4596 3054 4672 temporalis
3103 4592 3470 4652 adversitatis
3499 4587 3837 4684 accesserit,

422 4709 697 4783 agitatur,
758 4722 887 4778 quae
945 4679 1048 4776 per
1101 4698 1552 4772 intelligentiam
1609 4701 1733 4753 erat
1789 4679 1959 4768 quasi
2017 4696 2078 4752 in
2190 4695 2249 4750 in
2278 4692 2647 4750 testamentis
2698 4707 2759 4746 se
2807 4705 2984 4746 sacrae
3034 4685 3344 4759 Scriptum
3393 4679 3743 4781 suscipiunt,
3778 4682 3840 4778 et

421 4767 647 4856 semine
684 4767 1113 4869 'opOerationum
1176 4793 1426 4845 mortua.
1489 4792 1565 4843 De
1613 4767 1888 4842 laudibus
1947 4802 2079 4843 vero
2190 4783 2359 4858 quasi
2416 4798 2703 4838 cornuum
2755 4778 3089 4850 exceptione
3136 4774 3456 4831 salvantur.
3504 4767 3623 4843 Ipsi
3660 4767 3839 4869 .cervi

422 4905 540 4945 non
598 4856 771 4943 modo
803 4900 918 4940 non
962 4886 1051 4939 est
1081 4880 1269 4937 factus
1317 4893 1597 4949 arrogans
1628 4876 1686 4932 in
1732 4874 1943 4948 verbis,
1977 4874 2079 4932 sed
2186 4856 2489 4938 vocantur,
2529 4869 2629 4944 qui
2679 4867 3047 4940 interemptis
3096 4864 3269 4933 vitiis,
3318 4860 3487 4935 quasi
3533 4856 3841 4917 exstinctis

2187 5051 2615 5111 desiderantur.

2256 5127 2276 5160 ⁸
2307 5126 2388 5180 Ex
2418 5125 2659 5192 Isidoro,
2696 5138 2867 5194 quem
2899 5124 2956 5176 et
3002 5118 3072 5194 cl.
3107 5116 3409 5194 Belandus
3453 5110 3837 5194 lauda-tubae

2187 5196 2540 5265 delibantur,
2572 5183 2674 5250 lib.
2707 5183 2808 5258 XII,
2833 5209 2960 5265 cap.
2995 5193 3044 5257 1,
3067 5192 3207 5265 circ.
3231 5189 3490 5265 medium
3522 5202 3536 5241 :
3563 5183 3839 5265 _g_Ibices,

2186 5270 2355 5341 quasi
2405 5256 2641 5323 alites...
2689 5256 2817 5341 quae
2867 5256 3145 5341 animalia
3195 5263 3253 5317 in
3305 5258 3487 5341 petris
3522 5256 3840 5341 altissimis

2185 5328 2644 5405 dommorantur,
2674 5328 2739 5392 u't
2771 5337 2818 5392 si
2851 5336 3085 5407 quando
3109 5328 3386 5407 ferarum,
3405 5328 3491 5407 vel
3522 5328 3838 5385 hominum

2187 5412 2593 5468 adversitatem
2632 5401 3058 5482 'persenserint,
3092 5407 3162 5461 de
3204 5401 3509 5482 altissimis
3556 5414 3836 5482 saxorum

2185 5483 2588 5540 cacuminibus
2635 5475 2778 5554 sese,
2812 5475 3331 5554 principitantesuin
3364 5475 3488 5531 suis
3534 5490 3596 5554 se
3641 5475 3837 5554 corni-

2185 5558 2295 5613 bus
2326 5555 2518 5612 illmsas
2562 5542 2913 5626 suspiciunt,
2949 5542 3304 5626 {Nonnulla
3330 5565 3398 5604 ex
3448 5545 3651 5603 eodem
3683 5542 3837 5601 infe-

2185 5630 2309 5685 rius
2338 5628 2579 5686 totidem
2610 5622 2726 5683 fere
2760 5624 2949 5683 verbis
2980 5622 3405 5680 describuntur.

494 5068 697 5124 ‘Bene
747 5065 827 5122 ita
879 5065 938 5121 in
993 5080 1105 5119 ms.
1142 5078 1257 5118 non
1290 5076 1440 5116 secus
1486 5060 1550 5113 ut
1578 5058 1635 5113 in
1689 5053 1924 5128 vulgata
1953 5070 2078 5111 ver-

421 5140 607 5197 sione.
642 5139 789 5195 Nota
820 5136 1083 5193 Relandi.

495 5213 517 5245 ²
546 5212 681 5284 Leg.
714 5210 940 5284 ﬂuenta.

492 5284 514 5316 ⁸
549 5271 683 5354 [εξ.
714 5271 970 5351 subaudi,
1004 5293 1212 5350 nempe
1242 5294 1273 5354 e
1306 5273 1592 5349 principio
1624 5287 1830 5354 versus
1861 5271 1948 5325 18.

494 5356 516 5426 ἒ
543 5348 926 5426 Praépositum
957 5348 1089 5424 quia
1123 5348 1338 5406 rectius
1367 5348 1735 5419 expunxeris.

494 5424 514 5459 ⁵
548 5424 686 5497 Legi
712 5429 905 5497 Fama.

492 5497 514 5531 ⁵
545 5493 761 5553 Μδῖηιιιι
790 5497 929 5552 edit.
952 5494 1122 5567 ,Lips.
1156 5493 1300 5550 Inde.
1329 5563 1342 5567 _
2031 5557 2040 5567 .

492 5567 513 5605 ⁷
543 5567 643 5624 His
686 5568 899 5624 desinit
950 5563 1195 5621 Roman.
1240 5563 1441 5627 codex,
1473 5577 1544 5617 ex
1590 5574 1706 5631 quo
1752 5573 1907 5615 nunc
1956 5563 2075 5630 pri-

426 5653 585 5700 mum
620 5644 742 5701 tota
767 5639 888 5696 haec
918 5654 1044 5711 cap.
1078 5639 1146 5695 38
1194 5636 1461 5712 pericope
1492 5630 1837 5706 suppletur;
1870 5634 2074 5686 caetera
