3984 6400
168 319 326 392 1549

1383 329 1791 396 EXCERP’I‘A
1839 331 2010 395 MSS.
2056 324 2136 395 IN
2181 330 2345 395 JOB.

3410 329 3567 396 1550

176 459 562 532 serpentibus,
596 458 815 534 vivunt,
849 466 905 519 et
935 462 1005 519 de
1047 465 1191 537 ipsa,
1239 466 1616 521 exstinctione
1652 465 1812 521 vitin-
1843 466 1892 531 Α
1929 465 2104 519 ditur.
2140 465 2288 521 Bene
2318 470 2512 521 autem
2544 465 2650 521 Job
2682 469 2814 539 post
2843 462 3071 540 ﬂagella
3111 467 3300 523 vivere
3331 466 3565 521 dicitur.

175 566 300 605 rum
323 549 395 606 ad
426 549 645 608 fontem
676 550 803 607 vitae
835 552 1028 609 acrius
1052 554 1455 631 inardescunt.

737 640 815 696 Ad
847 642 957 715 Cap
983 643 1140 700 XLII.
1176 644 1261 697 15.

226 726 496 802 'Deditque
524 728 603 784 eis
626 734 784 802 pater
826 747 959 787 suus
1005 732 1375 788 hereditatem
1426 732 1571 787 inter
1615 734 1817 801 fratres

172 816 433 888 ipsarum.
488 818 635 891 Ergo
686 835 755 874 ex
802 821 1189 892 perfectorum
1250 837 1492 877 numero
1541 819 1813 892 speciosae

174 911 593 963 memorantur.
656 908 799 980 Ipsm
846 908 1021 966 etiam
1070 927 1138 966 ex
1180 909 1648 983 imperfectorum
1682 916 1814 982 typo

170 991 328 1049 velut
355 993 602 1050 inﬁrmae
644 1000 870 1054 mentes
915 997 1311 1055 haareditatem
1363 998 1677 1070 accipiunt.
1710 998 1814 1053 So-

170 1096 330 1139 rores
373 1099 512 1157 ergo
561 1102 694 1141 cum
745 1087 1029 1144 fratribus
1082 1088 1154 1143 ad
1196 1087 1585 1144 haereditatem
1617 1104 1812 1159 perve-

170 1171 377 1228 niunt:
411 1174 549 1245 quia
580 1173 797 1231 inﬁrmi
828 1176 900 1232 ad
954 1176 1211 1233 coelestia
1254 1193 1389 1233 cum
1433 1176 1680 1233 fortibus
1713 1176 1817 1232 ad~

170 1260 509 1318 mittuntur.
542 1265 684 1318 Vri-rit
704 1273 890 1320 autem
919 1265 1012 1321 Job
1040 1274 1159 1337 post
1190 1265 1321 1323 haec.
1362 1268 1566 1322 Vacuus
1597 1266 1816 1321 dierum

169 1352 278 1422 est,
314 1350 413 1423 qui
461 1354 517 1407 et
563 1352 887 1424 quamlibet
915 1354 1169 1411 multum
1220 1354 1447 1424 vixerit,
1480 1355 1666 1410 aetatis
1696 1371 1817 1409 suis

168 1442 436 1511 tempora
478 1439 535 1495 in
568 1442 823 1497 vanitate
868 1444 1274 1516 consumpsit,
1308 1457 1362 1498 at
1393 1448 1594 1498 contra
1620 1444 1817 1514 plenus

168 1527 384 1584 dierum
416 1527 650 1597 dicitur,
685 1530 778 1585 cui
811 1547 1183 1604 nequaquam
1234 1532 1358 1587 dies
1400 1532 1489 1587 sui
1524 1532 1819 1603 pereundo

168 1620 491 1684 transeunt,
542 1618 641 1673 sed
691 1635 756 1673 ex
789 1621 1131 1691 quoti'liana
1164 1623 1430 1677 mercede
1463 1622 1598 1677 boni
1628 1620 1819 1693 operis

167 1706 321 1778 apud
344 1707 577 1777 justum
615 1708 902 1777 judicem,
946 1716 1003 1765 et
1036 1715 1343 1782 postquam
1373 1711 1647 1765 transacti
1682 1714 1821 1766 sunt

164 1793 251 1849 vel
287 1793 523 1864 fuerint,
557 1802 945 1853 reservantur.
978 1800 1037 1853 In
1074 1803 1209 1871 typo
1236 1782 1529 1867 Ecclesiae,
1556 1800 1603 1855 si
1628 1800 1687 1854 Μ
1719 1816 1820 1871 per

165 1882 474 1939 denarium
506 1884 801 1954 ducimus,
833 1888 904 1943 ad
938 1888 1321 1944 centesimum
1355 1894 1412 1944 et
1442 1888 1816 1961 quadragesi-

165 1988 330 2028 mum
363 1990 675 2030 numerum
709 1975 1100 2048 pervenimus.
1148 1977 1215 2032 Et
1268 1982 1418 2033 recte
1466 1977 1735 2033 Ecclesiae
1764 1981 1820 2033 et

166 2059 557 2133 multiplicata
590 2064 656 2117 10
685 2069 741 2120 et
771 2065 799 2119 Δ
835 2071 1205 2138 computatur
1235 2068 1248 2101 ¹
1279 2085 1296 2121 :
1329 2066 1469 2138 quia
1501 2070 1818 2138 utrumque

166 2153 585 2207 testamentum
644 2153 999 2226 custodiens,
1051 2164 1102 2210 et
1140 2159 1260 2211 tam
1293 2156 1617 2211 secundum
1650 2155 1817 2228 Legis

166 2237 534 2313 decalogum,
569 2257 747 2314 quam
779 2243 1103 2299 secundum
1138 2244 1433 2317 Evangelii
1465 2248 1719 2317 quatuor
1746 2244 1817 2299 li-

165 2328 306 2385 bros
334 2329 558 2398 vivens,
612 2348 794 2403 usque
838 2334 909 2388 ad
942 2333 1310 2405 perfectisnis
1353 2332 1584 2390 culmen
1615 2337 1817 2390 exten-

1923 554 2061 625 quia
2090 553 2348 609 Ecclesia
2377 554 2540 626 prius
2573 554 2795 628 ﬂagello
2847 554 3168 629 disciplina)
3220 554 3566 628 percutitur,

1922 647 1981 698 et
2036 643 2411 713 postmodum
2468 642 2596 698 vita:
2644 644 2992 716 perfectione
3048 645 3372 700 roboratur.
3433 643 3569 707 Quae

1923 730 2098 785 etiam
2135 729 2285 786 ﬁlios
2317 748 2477 799 suos,
2516 736 2572 786 et
2602 732 2751 788 ﬁlios
2803 732 3055 787 ﬁliorum
3108 749 3348 788 suorum
3381 745 3571 802 usque

1924 819 1997 873 ad
2022 822 2290 890 quartam
2314 820 2743 890 generationem
2764 820 3081 891 conspicit:
3102 821 3240 892 quia
3255 820 3365 875 hac
3382 821 3569 885 aetate,

1924 922 2050 978 qua:
2078 907 2291 963 annuis
2321 909 2353 962 4
2398 910 2760 981 temporibus
2796 909 3046 965 volvitur
3076 926 3261 982 usque
3291 908 3364 964 ad
3392 908 3570 963 ﬁnem

1926 996 2151 1063 mundi,
2188 1013 2288 1068 per
2318 1013 2419 1053 ora
2449 997 2889 1069 praedicantium
2924 1000 3229 1054 nascentes
3260 996 3370 1053 sibi
3405 995 3571 1052 sobo-

1923 1084 2009 1140 les
2066 1084 2507 1156 contemplatur.
2569 1086 2736 1142 Videt
2785 1086 3039 1143 ﬁliorum
3099 1086 3269 1155 ﬁlios,
3328 1101 3462 1141 cum
3495 1085 3567 1141 ab

1924 1174 2145 1230 eisdem
2177 1173 2248 1229 ad
2280 1174 2454 1229 ﬁnem
2487 1175 2646 1247 gigni
2678 1179 2736 1231 et
2755 1175 2898 1231 alios
2928 1174 3208 1248 agnoscit.
3236 1175 3369 1239 Quae
3395 1189 3571 1230 senex

1925 1266 1982 1318 et
2012 1262 2183 1335 plena
2211 1261 2436 1318 dierum
2472 1264 2718 1319 moritur
2744 1281 2756 1319 :
2783 1264 2920 1337 quia
2940 1265 3333 1336 subsequente
3352 1261 3480 1319 luce
3501 1278 3570 1318 ex

1926 1352 2192 1407 mercede
2230 1351 2703 1424 quotidianOrum
2753 1370 3017 1425 operum,
3064 1352 3325 1426 deposito
3377 1368 3572 1408 corru-

1927 1440 2144 1512 ptionis
2176 1441 2446 1512 pondere,
2483 1442 2551 1496 ad
2583 1441 3077 1515 incorruptionem
3110 1440 3435 1515 spiritualis
3465 1458 3568 1514 pa-

1927 1530 2051 1584 triae
2082 1533 2360 1584 mutatur.
2397 1529 2569 1585 Plena
2598 1531 2825 1586 dierum
2872 1532 3138 1597 moritur,
3179 1529 3274 1587 cui
3306 1529 3568 1586 labentes

1928 1619 2067 1673 anni
2097 1634 2209 1673 non
2241 1623 2569 1684 transeunt,
2602 1621 2700 1675 sed
2734 1620 3015 1676 stantium
3049 1626 3285 1676 actuum
3320 1619 3569 1675 retribu-

1928 1707 2083 1763 tione
2114 1708 2460 1763 solidantur.
2499 1708 2673 1764 Plena
2721 1710 2945 1765 dierum
2982 1710 3248 1776 moritur,
3299 1710 3438 1780 quia
3468 1725 3571 1781 per

1929 1796 2048 1851 haec
2080 1798 2446 1852 transeuntis
2476 1803 2740 1870 tempora
2760 1798 2837 1868 id,
2865 1799 3017 1870 quod
3043 1816 3155 1853 non
3184 1799 3414 1869 transit,
3439 1815 3573 1870 ope-

1929 1891 2109 1942 ratur.
2162 1918 2226 1928 —
2278 1887 2393 1942 Usu
2463 1888 2670 1942 veteris
2732 1887 2857 1941 vita)
2909 1887 3133 1943 feminae
3186 1887 3335 1943 inter
3382 1904 3571 1942 mares

1928 1975 2321 2031 limreditatcm
2348 1993 2461 2031 non
2485 1976 2739 2031 habent:
2776 1977 2913 2048 quia
2935 1976 3080 2049 legis
3103 1976 3378 2032 severitas
3402 1976 3573 2033 fortia

1927 2064 2166 2137 eligens,
2204 2064 2437 2120 inﬁrma
2462 2070 2863 2136 contemnens,
2914 2066 3180 2122 districta
3210 2066 3403 2138 potius
3443 2070 3571 2122 stu~

1927 2153 2073 2221 duit,
2126 2171 2301 2225 quam
2350 2154 2607 2227 benigna
2637 2155 2882 2210 sancire.
2915 2155 3023 2210 Sed
3059 2155 3153 2227 pio
3185 2155 3573 2227 Redemptore

1924 2243 2209 2309 veniente,
2240 2248 2295 2299 et
2324 2244 2595 2299 inﬁrmus
2625 2260 2757 2299 cum
2795 2243 3063 2316 perfectis
3094 2245 3165 2299 ad
3195 2260 3439 2316 regnum
3472 2261 3570 2301 as-

1928 2332 2203 2388 sumitur.

242 2458 256 2490 ι
294 2454 429 2526 Legi
462 2454 587 2512 vult
616 2456 805 2513 editor
834 2456 1154 2530 Lipsiensis
1180 2475 1192 2513 :
1228 2458 1492 2517 Ecclesia:
1519 2476 1587 2515 ex
1617 2459 1998 2531 multiplicato.

2034 2630 2188 2637 -v._——_

1562 2797 2168 2908 MISCELLA

919 2978 1227 3075 Excerpe";
1256 3014 1331 3056 ea
1358 2995 1543 3058 variis
1565 2995 1810 3076 paginis
1867 2993 2127 3074 ejusdem
2173 2994 2387 3058 codicis
2414 2996 2827 3076 manuscripti.

239 3283 380 3355 Pag.
412 3283 465 3337 3.
515 3282 678 3340 Sicut
722 3301 925 3342 omnes
964 3287 1134 3357 justi,
1183 3286 1265 3342 ita
1307 3287 1438 3354 Job,
1488 3304 1603 3343 non
1645 3286 1817 3343 modo
1848 3288 1891 3354 C
1931 3285 2277 3353 retinent,in
2302 3303 2419 3359 qua
2440 3288 2762 3356 manentes,
2788 3284 2959 3341 malis
2980 3285 3354 3341 sermonibus
3376 3299 3574 3356 specu-

165 3371 390 3438 verbis,
434 3373 535 3428 sed
570 3373 771 3444 rebus,
808 3374 1103 3431 Christum
1154 3376 1526 3448 praesignavit
1554 3377 1592 3444 ¹,
1628 3381 1692 3431 ut
1720 3392 1823 3448 per

166 3460 508 3533 passionem
543 3478 858 3533 passurum
891 3465 1159 3521 ostendat
1187 3465 1505 3536 Christum,
1539 3466 1593 3520 id
1621 3470 1710 3521 est
1735 3481 1822 3520 ca-

162 3552 276 3621 put
305 3565 444 3605 onm
475 3566 734 3623 corpore,
758 3553 915 3625 quod
949 3553 1208 3611 Ecclesia
1236 3559 1343 3610 est.
1373 3554 1526 3611 Uxor
1546 3555 1673 3626 ejus
1695 3571 1823 3610 car-

164 3636 338 3694 nales
371 3639 683 3712 signiﬁcat,
708 3642 807 3713 qui
829 3642 984 3698 intra
1006 3643 1342 3714 Ecclesiam,
1369 3661 1482 3717 quo
1513 3661 1613 3716 per
1648 3645 1823 3699 ﬁdem

160 3727 417 3800 propius
447 3733 604 3797 sunt,
624 3729 832 3787 durius
862 3730 922 3787 in
944 3732 1062 3787 vita
1082 3736 1430 3803 premuntur
1446 3734 1488 3788 ³.
1511 3733 1695 3790 Amici
1716 3734 1824 3790 Job

160 3813 500 3885 haereticos,
533 3818 634 3890 qui
666 3819 859 3891 specie
907 3821 1273 3893 consulendi,
1306 3822 1571 3895 decipere
1598 3822 1825 3890 volunt,

161 3909 223 3960 et
241 3904 585 3978 dum‘quasi
612 3924 716 3980 pro
737 3908 984 3966 Domino
1011 3910 1350 3983 loquuntur,
1373 3913 1600 3969 veritati
1622 3913 1825 3968 adver-

165 3998 406 4051 santur.
440 3995 571 4065 Job,
603 3997 793 4053 dolens
839 3998 1072 4068 dicitur,
1106 4018 1221 4073 quo
1253 4002 1447 4074 passio
1472 4001 1705 4071 Christi,
1739 4000 1830 4057 vel

158 4080 339 4139 labor
388 4082 655 4141 Ecclesiae
703 4086 1065 4159 exprimitur.
1130 4088 1386 4161 Eliphaz,
1444 4090 1655 4145 domini
1698 4105 1829 4144 con-

157 4174 408 4243 temptus
430 4172 489 4241 3;
524 4173 581 4228 id
633 4178 741 4247 est,
789 4175 1064 4247 haeretici,
1097 4177 1218 4249 qui,
1261 4178 1403 4232 dum
1436 4177 1585 4234 falsa
1614 4179 1684 4233 de
1713 4178 1830 4234 Deo

155 4262 462 4327 sentiunt,
516 4278 652 4319 eum
704 4264 1097 4337 superbiendo
1142 4271 1544 4323 contemnunt.
1592 4266 1829 4336 Baldad,

162 4356 438 4419 vetustas,
472 4350 529 4406 id
562 4356 651 4408 est
676 4354 815 4422 sola,
846 4354 986 4426 quia
1015 4372 1131 4412 non
1173 4354 1495 4412 intentione
1526 4356 1696 4426 bona,
1729 4356 1831 4412 sed

122 4437 441 4511 appetitu
472 4439 667 4512 gloriae
718 4441 1077 4514 loquuntur:
1124 4443 1183 4500 id
1216 4450 1325 4510 est,
1387 4462 1502 4501 non
1533 4444 1654 4501 zelo
1703 4445 1835 4499 novi

166 4524 468 4597 hominis,
499 4529 601 4586 sed
627 4531 910 4603 parvitate
960 4532 1089 4587 vitis
1130 4534 1359 4590 veteris.
1393 4534 1638 4607 Sophar,
1668 4534 1835 4590 dissi-

1931 3374 2188 3432 lantibus
2219 3380 2448 3431 nocent.
2479 3376 2586 3430 Sed
2621 3376 2760 3448 quia
2788 3379 2845 3430 et
2873 3375 2980 3446 ipsi
3029 3374 3345 3447 aliquando
3374 3374 3447 3429 ad
3470 3374 3573 3429 Ee-

1931 3464 2166 3521 clesiam
2191 3465 2452 3530 redeunt,
2476 3464 2598 3520 hinc
2618 3482 2906 3520 annorum
2928 3466 2950 3499 ⁴
2970 3463 3360 3520 reconciliatio
3382 3467 3575 3520 osten-

1932 3554 2040 3618 dit,
2072 3570 2175 3626 pro
2207 3554 2423 3626 quibus
2451 3554 2562 3609 Job
2593 3559 2756 3609 orat:
2792 3554 2931 3626 quia
2960 3553 3362 3609 haereticorum
3395 3552 3574 3609 sacri-

1933 3643 2064 3699 ﬁcia
2094 3643 2209 3699 Deo
2242 3660 2355 3699 non
2387 3648 2525 3699 sunt
2556 3647 2810 3715 accepta,
2854 3642 2965 3698 nisi
3000 3642 3275 3698 manibus
3307 3641 3575 3697 Ecclesia:

1935 3731 2148 3788 oblata.
2181 3736 2410 3804 Septem
2443 3732 2636 3803 procis
2667 3731 2953 3787 sacriﬁcia
2991 3731 3314 3786 otferuntur
3341 3730 3381 3796 ⁵,
3415 3729 3575 3801 quia,

1936 3822 2077 3877 dum
2096 3821 2492 3894 septiformem
2516 3819 2796 3892 Spiritum
2821 3819 3133 3891 accipiunt,
3163 3817 3331 3890 quasi
3353 3822 3579 3889 septem

1937 3910 2333 3966 oblationibus
2376 3908 2701 3980 expiantur.
2759 3906 2936 3962 Tauri
2986 3910 3042 3962 et
3089 3907 3298 3961 arietes
3345 3922 3449 3976 pro
3497 3905 3584 3961 eis

1939 3997 2117 4054 oblati
2177 4001 2334 4053 sunt.
2379 3998 2441 4051 In
2492 4000 2658 4051 tauro
2717 3996 2906 4051 cervix
2952 3995 3236 4067 superbiaa
3278 3994 3580 4067 signatur:

1939 4087 1998 4141 in
2040 4086 2216 4142 ariete
2262 4086 2509 4140 ducatus
2560 4083 2772 4157 gregis,
2826 4085 2965 4156 quia
3017 4100 3119 4157 per
3148 4083 3486 4156 superbiam
3513 4084 3584 4139 ab

1939 4176 2196 4231 Ecclesia
2227 4173 2571 4242 resilientes,
2606 4178 2737 4245 post
2768 4189 2829 4229 se
2858 4174 3127 4229 inﬁrmos
3158 4189 3362 4246 greges
3393 4172 3585 4229 trahe-

1941 4265 2103 4320 bant.

2012 4355 2144 4424 Pag.
2204 4353 2328 4408 M7.
2380 4352 2767 4424 Sardonychas
2819 4356 2983 4408 terrae
3030 4352 3218 4407 rubrae
3250 4349 3587 4406 similitudi-

1944 4459 2079 4499 nem
2112 4447 2305 4498 tenet:
2340 4444 2633 4514 sapphirus
2659 4442 2876 4498 aeriam
2907 4445 3065 4497 tenet
3099 4440 3369 4512 speciem.

2017 4533 2154 4600 Pag.
2206 4530 2328 4585 148.
2380 4532 2446 4586 Et
2494 4533 2745 4603 topazion
2794 4528 3100 4600 Ethiopia,
3154 4544 3257 4600 pro
3313 4544 3401 4594 eo,
3433 4526 3592 4598 quod

154 4618 322 4688 patio
375 4618 605 4689 specula
634 4619 719 4676 vel
749 4622 1144 4693 speculatorem
1169 4623 1467 4694 dissipans,
1493 4624 1630 4697 quia
1655 4624 1834 4680 haere-
1867 4658 1914 4723 D
1946 4619 2106 4675 omni
2156 4619 2345 4677 colore
2396 4619 2724 4693 resplendet
2751 4620 2793 4686 ⁸,
2843 4618 3094 4690 lopasion
3138 4616 3307 4689 quasi
3338 4616 3595 4689 topadion

158 4703 267 4761 tici
286 4708 525 4763 mentes
547 4724 804 4781 superna
824 4711 1285 4784 contemplantes
1300 4714 1494 4770 verbis
1514 4717 1835 4785 pervertere
1868 4703 1913 4723 "
1944 4714 2206 4765 vocatur.

158 4798 484 4869 appetunt.
519 4795 959 4856 Contemnendo
984 4817 1120 4874 ergo
1158 4801 1342 4858 Deum
1367 4803 1426 4858 in
1457 4807 1743 4859 vetustate
1773 4819 1836 4859 se

238 4939 254 4973 ¹
291 4937 573 4996 Proxime
623 4943 896 5001 superius
938 4944 1095 5000 edita
1146 4943 1503 5001 interlinear.
1548 4944 1839 5001 Exnositio

156 5009 226 5066 in
260 5008 805 5093 ﬁnahBeatusJob
853 5016 1045 5072 verbis
1089 5021 1146 5072 et
1195 5016 1567 5089 passionibus
1614 5008 1830 5073 Christi

155 5084 910 5187 ext'ﬁiii‘..imf.i53’limtli

138 5157 793 5232 _l_'_‘Rursus‘_eadem
854 5158 1131 5232 Exposit.:
1190 5180 1219 5209 ‹‹
1251 5159 1474 5232 Gonjux
1530 5175 1677 5232 vero
1713 5159 1840 5232 ejus

156 5222 317 5303 (iob)
354 5224 687 5303 carnalium
737 5222 953 5303 typum’
987 5231 1276 5303 designat,
1328 5222 1428 5303 qui
1460 5231 1617 5303 intra
1646 5222 1838 5287 Eccle-

160 5295 327 5378 sia}?
367 5295 544 5378 positi
567 5295 1187 5378 vitam's'piritualium
1205 5295 1469 5378 moribus
1520 5302 1646 5378 suis
1671 5319 1838 5357 scan-

161 5366 461 5449 dalizant.
493 5390 521 5419 ››
567 5370 653 5437 Et,
708 5393 736 5423 ‹‹
764 5366 950 5428 Amici
999 5374 1127 5445 ejus
1155 5374 1404 5446 figuram
1436 5374 1836 5430 hareticorum

161 5440 525 5495 desmnant.
562 5463 591 5491 ι)

204 5454 525 5494 θειεῐιεηι.
562 5463 591 5491 ι)

238 5509 492 5591 fﬂfgue
524 5511 622 5591 ita.
661 5514 926 5591 quidem_
954 5514 1162 5573 Hieron
1213 5516 1271 5573 in
1309 5517 1671 5591 Onomaslico,
1703 5532 1833 5591 sup.

162 5579 299 5673 cpi:
479 5579 799 5673 «Eliphaz,
834 5586 931 5644 Dei
961 5592 1352 5673 contemptus.
1403 5579 1838 5673 Baldadfvetﬁ-

164 5659 303 5711 stas
337 5651 485 5713 sola.
521 5651 764 5731 Sophar,
789 5651 1046 5733 speculas
1076 5651 1403 5736 dissipatio,
1442 5685 1468 5711 ››
1500 5666 1611 5720 etc.

2016 4804 2148 4869 Pag.
2186 4799 2304 4854 150.
2341 4798 2464 4853 Mos
2494 4801 2754 4853 veterum
2789 4795 2902 4850 fuit
2953 4799 3019 4851 ut
3048 4794 3308 4851 seniores
3335 4792 3396 4849 in
3426 4796 3594 4866 porta

2020 4942 2041 4977 ‘
2072 4941 2354 4998 Rescribit
2385 4940 2670 5013 Lipsie‘ns.
2704 4938 2911 5013 editor,
2947 4940 3272 5013 amicorum.

2020 5015 2040 5047 ⁵
2069 5018 2299 5086 Septem
2332 5006 2469 5086 Jobi
2511 5010 2660 5086 ﬁlios
2703 5006 2975 5086 denotari
3011 5010 3103 5064 hic
3132 5008 3335 5086 nullus
3366 5006 3591 5086 dubito,

1950 5101 2053 5157 per
2082 5079 2228 5169 quos
2249 5091 2317 5169 et
2337 5085 2507 5155 juxta
2545 5082 2905 5167 interlinear.
2937 5081 3217 5208 Exposit,
3251 5079 3594 5152 Scpliformis

1950 5162 2131 5208 aratm
2161 5157 2400 5208 Smrztus
2423 5163 2599 5208 sancti
2648 5153 2987 5208 explicatur.
3067 5156 3302 5208 usnecta
3331 5150 3472 5206 adeo
3504 5153 3594 5204 est

1946 5150 2131 5227 pratia
2161 5150 2400 5228 Spiriliis
2423 5157 2601 5211 sancti
2648 5153 2987 5228 explicatur.
3021 5150 3302 5228 Suspecta
3319 5150 3472 5206 adeo
3504 5153 3595 5228 est

1950 5223 2096 5303 inihi
2128 5223 2208 5303 de"
2247 5228 2458 5283 mendo
2506 5243 2612 5281 vox
2659 5223 2858 5303 isthaec
2898 5226 3106 5303 procis.
3150 5223 3481 5303 Facilehpro
3505 5223 3593 5303 eis

1949 5300 2464 5383 scripsitnaiictor,
2525 5292 2968 5383 supplendaque
3028 5298 3116 5350 est
3172 5311 3281 5349 vox
3340 5292 3442 5348 ﬁlii
3470 5292 3592 5349 sic:

1946 5369 2157 5443 Septem
2198 5371 2325 5437 ﬁlii,
2352 5388 2452 5443 pro
2481 5371 2559 5426 eis
2587 5369 2881 5439 sacriﬁcia,
2915 5372 3024 5422 etc.

2017 5443 2139 5498 “Ex
2170 5442 2226 5498 S.
2279 5443 2519 5507 Isidoro,
2567 5439 2721 5512 Orig.
2767 5439 2868 5496 lib.
2919 5455 3037 5512 xvi,
3076 5453 3202 5512 cap,
3234 5438 3305 5493 6:
3340 5459 3366 5487 ‹‹
3397 5436 3591 5512 Topa-

1946 5513 2074 5642 gion
2107 5531 2175 5570 ex
2204 5513 2411 5571 virenti
2442 5505 2651 5587 genere
2669 5505 2785 5583 est,
2809 5505 3088 5583 omnique
3114 5505 3304 5567 colore
3338 5505 3592 5582 resplen-

1988 5602 2111 5642 ens.
2153 5608 2178 5636 ››

1988 5602 2111 5644 θηε.
2153 5608 2178 5636 ι)
