3984 6382
437 309 608 374 4531

1945 307 2365 372 APPENDIX.

3696 292 3840 374 iss!

457 445 712 502 civitatis
741 445 1144 513 consisterent,
1179 450 1235 502 ct
1266 463 1474 502 causas
1519 445 1913 500 innocentium
1942 444 2098 514 judi-
2129 453 2180 515 Α
2215 450 2474 516 paratur.
2508 443 2646 514 quia
2678 457 2984 514 pravorum
3015 439 3284 499 insolenti
3307 438 3712 514 inquietudine
3731 459 3841 499 mo.

459 537 680 600 carent,
715 533 763 590 si
795 535 959 591 urbis
999 535 1252 608 populus
1299 543 1454 592 esset
1501 533 1799 608 pacificus,
1832 533 1888 588 in
1923 549 2100 605 quam

457 623 757 680 discordes
782 625 1032 696 ingredi,
1066 642 1180 681 non
1210 624 1428 680 liceret.
1451 624 1611 688 Quod
1639 629 1696 680 et
1719 623 1851 679 fecit
1871 621 2103 678 divinus

449 712 577 768 Job.

516 803 656 872 Pag.
693 801 820 858 458.
852 803 1335 860 Adversariorum
1387 802 1599 858 semita
1643 801 1916 857 ﬂuetibus
1947 816 2104 858 com-

1094 1109 1241 1208 ι).
1327 1104 2053 1210 JOANNIS
2143 1041 3208 1208 mana-Iamsi

2212 532 2380 599 lesta,
2409 533 2476 587 ad
2526 533 2909 600 obruendam,
2939 536 3008 588 ut
3049 532 3132 587 ita
3179 532 3445 600 dixerim,
3495 548 3698 588 navem
3725 549 3842 590 cor-

2215 623 2328 685 dis,
2362 621 2530 692 quasi
2563 625 2882 691 tempestas
2915 621 3194 676 illabitur.

2285 711 2574 782 Pag.,l69.
2611 710 2846 764 Librum
2886 709 2945 765 in
2978 709 3222 766 humero
3263 715 3512 782 portare,
3543 714 3634 767 est
3661 711 3844 784 Scrip-

2214 805 2408 855 turam
2440 815 2664 855 sacram
2699 799 2990 871 operando
3027 800 3320 871 perlicere.

3109 953 3845 980 _——:__'—___—___—.=::

2754 969 2977 976 ——__.__..

2982 969 3106 976 ..ο-φ

1320 1340 1641 1396 MONACHI
1681 1339 2137 1396 BENEDICTINI
2178 1340 2217 1395 E
2248 1338 2597 1396 CONGREG.
2641 1339 2697 1396 S.
2742 1339 2975 1394 MAURI

1556 1529 2737 1655 COMMENTARII

835 1807 1044 1970 IN
1165 1807 1331 1970 S.
1461 1804 2612 1971 HIERONYMI
2721 1805 3453 1972 LIBROS

1433 2100 1554 2167 QUI
1595 2100 1734 2156 HOC
1775 2100 2039 2156 TERTIO
2081 2099 2284 2156 TOMO
2335 2099 2860 2156 CONTINENTUR.

1702 2395 2343 2485 PROLEGOM
2355 2397 2493 2482 EN
2501 2396 2664 2483 ΟΝ

799 2566 888 2622 DE
929 2565 1388 2623 ERUDlTIONlS
1429 2565 1898 2622 PRES’I‘ANTIA
1937 2565 2030 2620 AC
2067 2565 2364 2620 PIETATE
2409 2563 2935 2622 OPUSCULORUM
2978 2566 3036 2621 S.
3079 2565 3500 2622 HIERONYMI.

461 2865 490 2932 §
521 2862 564 2918 Ι.
596 2860 922 2916 Erudz’tiune
958 2863 1110 2916 inter
1149 2877 1332 2917 omnes
1377 2863 1673 2932 srriptores
1719 2861 2108 2916 ecclesiasticos
2138 2863 2184 2928 B
2215 2877 2325 2932 que
2357 2861 2495 2932 quid
2531 2861 2824 2917 dexterius
2853 2865 2956 2916 aut
2987 2861 3273 2929 festivius,
3321 2863 3371 2918 si
3404 2863 3548 2918 forte
3579 2877 3672 2918 res
3702 2860 3860 2917 dele-

882 2934 1040 3004 longe
1062 2937 1282 3006 praestat
1310 2935 1692 3005 Hieronymus.

535 3075 712 3131 Bonis
760 3075 986 3148 artibus
1032 3080 1087 3131 et
1145 3077 1357 3133 studiis
1405 3076 1723 3148 expolitum
1770 3075 1948 3130 fuisse
1979 3074 2110 3130 Hie-

466 3163 802 3220 ronymum,
852 3147 951 3220 qui
999 3153 1170 3219 neget
1221 3166 1390 3204 nemo
1422 3147 1689 3220 virorum
1710 3157 1830 3202 est:
1865 3147 2109 3220 idenim

467 3219 735 3291 quamvis
764 3217 889 3290 ipse
918 3217 1216 3289 tacuisset,
1264 3227 1484 3277 cunctae
1531 3217 1768 3291 syllaba:
1813 3236 1877 3274 ac
1909 3217 2111 3273 litterae

465 3290 884 3364 opusculorum
913 3292 1042 3364 ejus
1073 3291 1262 3364 palam
1293 3295 1670 3364 testarentur,
1694 3290 1750 3344 in
1779 3291 1979 3346 Latino
1999 3291 2111 3364 sci-

465 3361 604 3434 licet
652 3376 797 3434 pene
827 3363 900 3416 ab
930 3361 1480 3434 ipsis'incunabulis
1509 3362 1662 3417 inter
1699 3363 2114 3434 grammaticos

466 3438 525 3489 et
545 3433 814 3516 rhetores
843 3433 1306 3516 etphilosophos
1337 3435 1613 3516 detritum
1634 3433 1767 3488 eum
1791 3440 1967 3516 atque
1997 3451 2116 3488 ver-

471 3507 844 3577 satum-esse.
895 3505 976 3577 At
999 3504 1241 3577 minima
1282 3504 1679 3577 juvenilisque
1728 3504 1945 3576 peritize
1980 3523 2116 3577 pars

469 3575 572 3631 illa
603 3574 1105 3648 fuitcontendenti
1137 3577 1208 3631 ad
1235 3574 1459 3648 apicem
1490 3574 1884 3648 intelligentia!
1917 3574 2115 3632 sacro-

473 3664 605 3702 rum
629 3645 1028 3719 Voluminum,
1055 3665 1170 3719 qua
1193 3645 1347 3703 haud
1373 3649 1498 3702 sine
1521 3645 1820 3719 laboribus
1845 3649 2115 3702 maximis

471 3720 704 3792 adepta,
737 3718 927 3774 dicere
961 3718 1166 3790 potnit,
1201 3736 1332 3774 cum
1367 3718 1836 3792 sanctissimoac
1867 3719 2118 3774 invictis-

471 3791 620 3847 simo
644 3806 776 3862 rege
800 3794 1016 3863 :_Super
1034 3791 1483 3863 οςηηεςίίοοβηίεδ
1508 3808 1596 3846 me
1626 3791 1899 3863 intellexi.
1933 3796 2117 3845 Tanta

471 3865 631 3918 enim
677 3861 766 3918 est
813 3861 883 3917 de
915 3861 1280 3934 eruditionis
1330 3862 1792 3934 Hieronymianze
1843 3861 2118 3918 laudibus

470 3934 629 3990 fama
685 3933 1076 4006 consentiens,
1135 3940 1200 3989 ut
1250 3935 1308 3988 in
1355 3933 1773 4004 Hieronymum
1812 3934 2118 4006 aptissime

472 4006 722 4078 quadret
769 4003 915 4060 illud
962 4005 1218 4078 elogium
1267 4006 1506 4060 unicum
1534 4023 1546 4061 :
1578 4003 1706 4062 Ἡφιο
1737 4022 1828 4060 ore
1852 4003 2120 4078 plurima:

468 4078 816 4149 consentiunt
851 4080 1056 4149 gentes,
1095 4078 1288 4149 populi
1331 4079 1665 4149 primarium
1715 4079 1886 4147 fuisse
1917 4079 2114 4132 virum.

472 4145 772 4220 Equidem
793 4145 904 4202 non
937 4145 1108 4220 solus
1133 4145 1216 4220 sic
1238 4145 1484 4220 opinior,
1510 4145 1724 4220 quippe
1753 4149 1854 4220 qui
1885 4165 2116 4204 mecum

2221 2933 2534 3006 etationem
2566 2933 2902 3006 desideret?
2931 2933 3030 3006 Sin
3053 2934 3394 3006 eloquentiae
3415 2933 3648 3006 laudem
3669 2933 3862 3006 requi-

2222 3021 2334 3069 ras,
2387 3004 2444 3058 in
2477 3004 2586 3058 hac
2633 3004 3180 3079 certeAChristianos‘
3212 3007 3524 3079 scriptores
3553 3004 3861 3079 universos

2221 3081 2380 3130 tanto
2436 3082 2564 3146 post
2616 3093 2678 3131 se
2735 3075 2970 3148 reliquit
3023 3075 3349 3144 intervallo,
3394 3082 3459 3132 ut
3501 3093 3603 3132 nec
3634 3076 3692 3131 hi
3723 3092 3862 3148 cum

2219 3147 2577 3220 Hieronymo
2599 3149 2847 3220 conferri
2868 3147 3113 3220 queant,
3165 3150 3264 3220 qui
3314 3149 3490 3205 vitam
3533 3164 3764 3204 omnem
3798 3147 3862 3202 in

2224 3236 2340 3273 uno
2374 3220 2518 3273 bene
2549 3219 2777 3274 dicendi
2827 3219 3021 3274 studio
3059 3219 3492 3289 contriverunt:
3523 3237 3590 3276 ac
3619 3235 3865 3289 prorsus

2221 3294 2449 3363 tantum
2501 3291 2682 3357 abest,
2736 3295 2800 3344 ut
2848 3289 3160 3362 quisquam
3211 3292 3286 3347 sit
3325 3295 3533 3347 nostrae
3563 3289 3864 3363 religionis

2223 3362 2489 3435 scriptor,
2524 3378 2695 3433 quem
2728 3378 2860 3416 cum
2890 3363 2996 3435 hoc
3027 3363 3216 3434 possis
3243 3379 3604 3435 componere,
3637 3362 3701 3418 nt
3728 3378 3864 3435 meo

2216 3433 2461 3507 judicio,
2493 3435 2824 3507 Ciceronem
2857 3433 3041 3507 etiam
3065 3435 3254 3506 ipsum
3282 3433 3574 3507 sutl‘ragiis
3591 3433 3867 3507 omnium

2223 3505 2564 3578 eloquentiae
2597 3505 2871 3560 Romanae
2919 3505 3262 3578 principem,
3305 3505 3866 3578 nonnullisdicendi

2223 3577 2538 3658 virtutibus
2586 3581 2863 3658 superet:
2909 3575 3076 3658 :quod
3111 3575 3374 3658 _q_u_i_dem
3424 3577 3483 3632 in
3515 3575 3699 3658 ipsius
3727 3577 3871 3632 Vita

2225 3647 2519 3721 cepiosius
2568 3647 3122 3721 demonstrabimus.
3155 3647 3310 3704 ’Mibi
3361 3665 3498 3721 sane
3527 3647 3869 3721 ﬁoeﬁips‘um

2225 3718 2373 3792 solet
2403 3719 2709 3774 usuvenire
2728 3721 2788 3792 in
2815 3719 3180 3792 Hieronymo,
3204 3721 3357 3790 quod
3381 3719 3517 3776 olim
3539 3720 3594 3775 in
3625 3718 3867 3775 ΜῖΤαὶ-

2225 3791 2302 3846 lio
2328 3808 2510 3864 zeum
2543 3807 2658 3862 quo
2688 3791 2734 3846 si
2769 3807 2944 3861 quem
2976 3791 3292 3864 contulere,
3329 3809 3428 3864 per
3455 3809 3516 3848 se
3544 3795 3868 3864 quantum-

2225 3864 2310 3918 vis
2342 3861 2649 3934 discrtum,
2702 3867 2934 3934 repente
2977 3862 3135 3918 velut
3171 3861 3868 3934 obmutescere—videtur:

2226 3942 2282 3988 ct
2315 3936 2480 4002 cujus
2512 3932 2794 4005 linguam,
2835 3935 2977 3988 citra
3027 3934 3452 3990 contentionem
3493 3933 3873 4005 vehementer

2231 4005 2510 4066 admiror,
2543 4003 2801 4078 adhunc
2833 4005 3192 4078 compositus
3219 4011 3278 4062 et
3298 4007 3588 4072 admotus,
3611 4003 3870 4078 elinguis

2227 4077 2456 4151 videtur
2483 4083 2540 4151 et
2568 4076 2796 4151 balbus.
2831 4077 2938 4151 Sin
2965 4078 3290 4151 doctrinam
3317 4079 3537 4151 exigas,
3564 4076 3760 4151 quaeso
3785 4082 3869 4143 te,

2231 4166 2405 4222 quem
2426 4149 2602 4222 habet
2618 4148 2708 4222 vel
2731 4147 3130 4204 eruditissima
3151 4149 3367 4205 Graecia
3407 4147 3492 4222 sic
3528 4147 3872 4204 absolutum

474 4217 910 4302 eruditissimos
955 4219 1108 4274 viros
1157 4217 1344 4301 habeo
1386 4217 1836 4302 consentientes,
1872 4220 2116 4302 'deside-
2151 4236 2193 4302 ρ
2233 4217 2289 4275 in
2319 4221 2489 4302 omni
2528 4219 2803 4302 doctrinae
2851 4235 3080 4300 genere,
3132 4224 3198 4275 ut
3241 4221 3758 4302 cum‘liieronymo
3789 4221 3876 4276 sit

474 4289 628 4344 rium
662 4289 969 4344 Erasmum
1001 4307 1132 4346 cum
1175 4291 1381 4362 primis
1431 4309 1546 4346 aevo
1600 4291 1882 4362 superiori
1918 4291 2122 4347 claris-

475 4364 696 4433 simum
749 4365 808 4416 et
856 4361 1146 4433 excultum
1178 4361 1644 4418 immanioribus
1678 4361 1918 4432 litteris,
1951 4364 2120 4433 cujus

473 4432 723 4561 tproinde
770 4431 961 4488 verbis
1010 4433 1273 4506 apposite
1321 4434 1585 4490 dicemus
1635 4435 1703 4490 ad
1765 4431 2118 4506 persuaden-

514 4521 636 4561 um.

514 4521 636 4561 um.

547 4598 576 4627 «
609 4580 800 4648 Atque
830 4575 884 4630 id
920 4576 1196 4648 profecto,
1229 4575 1439 4647 inquit,
1471 4593 1604 4648 cum
1639 4576 1784 4632 mihi
1813 4577 2119 4632 vehemen-

474 4652 564 4704 ter
610 4647 933 4719 indignum
964 4649 1259 4704 videretur
1300 4649 1356 4702 in
1400 4647 1666 4704 omnicus
1697 4648 1962 4719 eruditis,
1996 4656 2120 4704 tum

471 4719 645 4790 longe
663 4718 1145 4790 indignissimum
1171 4721 1226 4775 in
1247 4719 1615 4790 Hieronymo,
1635 4721 1806 4789 cujus
1823 4718 1952 4774 tam
1967 4719 2120 4774 mul-

473 4796 546 4863 ta!
575 4797 819 4862 tamque
848 4791 1070 4863 eximiis
1102 4792 1265 4848 dotes
1297 4792 1800 4863 promorebantur,
1833 4791 2004 4846 utvcl
2027 4808 2122 4846 so-

476 4861 571 4918 lus
601 4867 658 4918 et
687 4861 844 4936 totus
874 4861 1322 4936 etincorruptus
1345 4863 1863 4936 servaretur-(Nam
1887 4867 2121 4936 caetero-

475 4951 604 4990 rum
640 4934 889 5006 quidem
907 4933 1054 4990 alios
1085 4933 1208 4990 alite
1241 4935 1652 4990 commendant
1683 4934 1883 4990 dotes:
1920 4934 1976 4989 in
2013 4935 2121 4990 hoc

475 5022 594 5062 uno
645 4999 988 5073 ἁυλλήϐδην,
1036 5011 1100 5061 ut
1152 5007 1334 5072 aiunt,
1389 5007 1765 5076 conjunctum
1826 5008 1952 5073 fuit,
2003 5006 2119 5061 exi-

475 5078 663 5133 mium
714 5076 824 5134 fuit
873 5078 1156 5150 quidquid
1198 5079 1254 5132 in
1297 5078 1429 5133 aliis
1462 5095 1561 5150 per
1591 5085 1784 5149 partes
1816 5079 2117 5133 miramur.

475 5150 547 5206 Et
575 5165 709 5205 cum
754 5150 816 5222 in
870 5149 1127 5222 singulis
1149 5149 1608 5222 egregiumesse
1640 5167 1918 5222 magnum
1951 5149 2030 5204 sit
2059 5167 2123 5205 ac

475 5237 712 5276 rarum:
749 5221 841 5276 hic
867 5222 951 5277 sie
975 5221 1250 5277 excelluit
1279 5222 1337 5276 in
1370 5222 1665 5283 omnibus,
1702 5227 1766 5275 ut
1793 5221 1964 5291 longe
1985 5239 2122 5292 pI‘ZB-

477 5296 674 5365 currat
699 5293 757 5348 in
789 5293 1059 5365 singulis,
1095 5295 1143 5348 si
1191 5292 1358 5348 illum
1399 5310 1533 5348 cum
1565 5293 1787 5365 ueteris
1820 5295 2119 5349 conteras:

478 5363 570 5438 sin
601 5363 792 5434 ipsum
826 5363 1027 5420 secum
1057 5383 1395 5438 componas,
1431 5367 1488 5419 in
1522 5363 1680 5419 nullo
1731 5365 2121 5438 prmemineat.

478 5432 662 5507 Tanta
681 5440 981 5507 estrlerum
1006 5432 1271 5492 omnium
1295 5453 1663 5491 summarum
1687 5432 2082 5507 temperatura
2107 5437 2119 5492 !

473 5505 703 5586 Etenim
738 5506 784 5560 si
812 5512 1038 5586 natura:
1069 5508 1402 5586 felicitatem
1445 5505 1935 5586 expendas,_quid
1965 5507 2126 5586 illius

479 5577 714 5646 ingenio
744 5577 828 5633 vel
861 5579 1160 5637 ardentius
1197 5581 1268 5637 ad
1304 5580 1668 5646 discendum,
1701 5577 1788 5635 vel
1818 5577 2014 5636 aerius
2047 5581 2119 5637 ad

481 5647 974 5722 iudicandum,vol
1009 5652 1314 5708 fecundius
1345 5652 1416 5708 ad
1447 5649 1862 5708 inveniendum
1886 5650 1914 5707 ‘I
1943 5651 2116 5710 Deni-

2231 4292 2688 4364 committendus
2713 4295 2734 4346 Ρ
2765 4292 2905 4364 Quis
2935 4309 3192 4364 unquam
3219 4292 3342 4364 pari
3373 4292 3639 4364 felicitate
3659 4307 3876 4364 omnes

2231 4364 2410 4436 totius
2467 4363 2811 4436 eruditionis
2867 4361 3061 4436 partes
3098 4361 3420 4436 conjunxit
3464 4372 3521 4436 et
3566 4361 3877 4436 absolvit?

2231 4435 2372 4498 Quis
2400 4451 2661 4507 unquam
2710 4433 2768 4488 in
2811 4431 2897 4488 tot
2927 4434 3142 4507 linguis
3175 4431 3503 4491 antecelluit
3530 4435 3728 4507 unus?
3753 4431 3876 4507 Gni

2232 4513 2392 4561 tanta
2415 4504 2813 4572 historiarum,
2837 4511 2999 4562 tanta
3017 4504 3401 4618 geographim,
3426 4510 3587 4562 tanta
3603 4504 3879 4578 antiqui-

2232 4579 2368 4618 inliq
2418 4578 2616 4618 nnlitin
2671 4577 2914 4618 nnnlioil‘.
2959 4595 3214 4618 nnnnnm
3313 4579 3452 4618 nnis:
3482 4593 3732 4618 nnnnnm
3772 4593 3878 4618 an-

2230 4579 2368 4634 tatis
2418 4578 2622 4632 notitia
2671 4577 2915 4649 contigit
2959 4577 3267 4650 unquam?
3300 4579 3452 4650 Quis
3482 4577 3878 4648 unquam’sa-

2231 4665 2462 4705 erarum
2493 4667 2558 4704 ac
2593 4651 2965 4722 profanarum
2999 4649 3262 4705 omnium
3296 4649 3661 4716 Litterarum,
3683 4651 3740 4704 et
3761 4665 3879 4776 ga-

2231 4737 2351 4776 rem
2409 4725 2466 4776 et
2521 4719 2852 4776 absolutam
2913 4719 3215 4776 scientiam
3261 4727 3348 4776 est
3395 4719 3738 4776 assecutus?
3811 4720 3877 4776 in

2231 4737 2351 4776 rem
2409 4725 2466 4776 et
2521 4719 2852 4776 absolutam
2913 4719 3215 4776 scientiam
3261 4727 3348 4777 est
3395 4719 3877 4778 assecutus?Sin

2233 4793 2574 4848 memoriam
2608 4793 2904 4874 examines
2931 4809 2942 4848 :
2972 4793 3102 4874 quis
3151 4797 3368 4874 auctor,
3391 4808 3519 4874 _seu
3547 4796 3878 4874 vetusﬁseu

2232 4882 2436 4933 novus,
2471 4881 2643 4934 quem
2678 4863 2774 4918 ille
2823 4880 2937 4936 non
2985 4863 3044 4918 in
3077 4871 3348 4936 promptu
3391 4863 3695 4936 habuerit?
3721 4863 3881 4936 Quis

2202 4956 2205 4959 ·
2230 4933 2717 5008 angulus’divinre
2748 4933 3389 5008 scriptura—quid‘tam
3413 4935 3691 5002 abditum,
3721 4933 3882 5008 qpid

2231 5000 2349 5063 tam
2381 5008 2628 5074 varium,
2665 5007 2814 5075 quod
2849 5000 2945 5062 ille
2977 5000 3088 5062 non
3120 5000 3301 5063 -velut
3342 5009 3400 5062 in
3431 5000 3877 5062 numerato'ha-

2233 5080 2468 5134 buerit?
2502 5079 2600 5135 Sin
2633 5079 2980 5151 industriam
3015 5097 3027 5134 :
3061 5079 3192 5150 quis
3224 5095 3484 5151 unquam
3511 5081 3733 5151 tantum
3765 5082 3883 5132 aut

2231 5151 2457 5218 evolvit,
2511 5157 2612 5206 aut
2659 5149 2891 5221 scripsit
2921 5147 3280 5206 voluminum
3301 5147 3496 5215 ‘I’Quis
3526 5151 3606 5207 sic
3633 5147 3878 5221 univer-

2233 5240 2355 5277 sam
2377 5223 2632 5277 divinam
2652 5219 3012 5292 Scripturam
3036 5223 3290 5288 edidicit,
3316 5221 3562 5287 imbibit,
3581 5219 3876 5292 concoxit,

2231 5297 2500 5362 versavit,
2555 5291 2872 5348 meditatus
2927 5295 3060 5348 est?
3117 5294 3256 5357 Quis
3314 5310 3476 5366 aeque
3531 5291 3756 5366 sudavit
3810 5291 3876 5347 in

2233 5367 2391 5421 omni
2425 5366 2699 5420 doctrina-
2752 5368 3006 5436 genere?
3054 5367 3179 5420 Jam
3215 5365 3260 5421 si
3293 5362 3519 5422 morum
3552 5362 3880 5436 sanctimo-

2236 5438 2390 5492 niam
2421 5442 2666 5510 spcctes.
2699 5433 2831 5510 quis
2860 5436 3152 5510 Christum
3188 5437 3371 5510 spirat
3407 5435 3700 5510 vividius?
3725 5433 3878 5510 Quis

2235 5507 2832 5582 docuit—ardentius?
2881 5509 3137 5582 Denique
3189 5507 3321 5582 quis
3371 5524 3504 5564 eum
3529 5509 3649 5582 vita
3680 5507 3878 5582 magis

2156 5611 2197 5675 Β
2230 5581 2521 5675 pxpressit
2544 5582 2570 5639 ‘2
2603 5579 2973 5675 1Poteratuhic
3014 5577 3170 5675 unus
3205 5577 3318 5654 ‘pro
3349 5577 3877 5675 cpnc’tilsLsu'fﬁcoél‘s

2230 5649 2472 5724 Latinis,
2535 5651 2623 5709 vel
2681 5653 2752 5708 ad
2811 5651 2936 5708 vitae
2991 5649 3286 5728 pietatem,
3320 5651 3404 5710 vel
3437 5652 3505 5708 ad
3539 5649 3874 5726 theologica
