3984 6388
403 388 563 452 1603

1890 392 1933 450 Α
1947 385 2310 452 PPENDIX.

3643 397 3798 457 1604

378 524 599 605 tionem
631 523 843 595 probas
869 521 1462 612 se,quarnli‘nfi‘nitam
1489 521 2045 612 'nndiqueutestimo-
2078 538 2130 601 Α
2160 525 2334 612 variis
2357 523 3351 612 interpretationibusHieronymus
3391 528 3792 612 explicaverit:

385 596 616 650 nierum
635 593 714 648 co
735 593 990 666 ngerere’
1013 593 1645 666 multitudinem.Libri
1662 593 1679 595 ⁷
1694 594 1873 666 igitur
1933 593 2046 647 No-

383 667 549 720 minn
569 681 622 720 m
643 664 1078 722 observationes
1093 670 1151 720 et
1169 664 1665 721 annotatiunculzs
1680 664 2050 720 manifestam

394 737 615 862 lﬁacﬁent
636 737 1035 818 omnimodam
1069 737 1404 810 Hieronymi
1436 737 1706 810 peritiam
1763 737 1823 791 in
1875 737 2050 791 rebus

453 823 481 862 e
531 824 728 862 ralcis.

453 823 728 862 θυραίοις..

472 905 532 960 In
566 905 722 960 edito
749 909 945 960 autem
1004 922 1037 961 a
1069 905 1237 960 nobis
1296 905 1667 961 Hebrworum
1731 903 2048 958 Numinum

396 975 681 1048 opusculo
727 977 1010 1047 superiori
1099 993 1334 1032 summa
1400 981 1716 1048 exactaque
1794 975 2046 1048 cognitio

394 1047 610 1119 lingua:
648 1047 946 1103 Hebraicze
977 1064 1090 1102 non
1125 1065 1252 1118 uno
1273 1048 1444 1103 modo
1497 1047 1702 1114 elucet,
1766 1047 1815 1102 si
1847 1053 2043 1119 tamen

395 1134 462 1173 ea
479 1117 713 1173 tantum
747 1126 1080 1190 spectemus
1104 1117 1613 1190 quae'Hieronymo
1668 1117 1901 1190 prepria
1949 1118 2042 1173 di-

392 1189 938 1260 gnoscunturISive
970 1189 1135 1245 enim
1161 1189 1583 1246 elementorum
1617 1189 1905 1245 sermonis
1952 1205 2045 1260 pe-

394 1261 666 1334 nitiorem
696 1261 1163 1334 intelligentiam,
1187 1262 1306 1317 sive
1337 1261 1660 1334 expositam
1717 1261 2040 1334 dictionum

391 1332 1026 1403 signiﬁcantiamfsive
1059 1349 1337 1388 sonorum
1382 1349 1447 1387 ac
1506 1333 1816 1387 nominum
1858 1332 2044 1387 ambi-

387 1419 645 1527 guorum
674 1404 1012 1459 distinctam
1065 1406 1474 1476 proprietatem
1536 1403 1822 1474 requiras,
1883 1420 2038 1459 unus

412 1475 535 1527 iber
580 1476 968 1527 Hebraz'corum
1021 1476 1318 1527 Nominum
1374 1475 1699 1527 innumeris
1755 1473 2037 1527 exemplis

412 1473 535 1530 iber
580 1476 968 1530 Hebraz'corum
1021 1473 1318 1531 Nominum
1374 1473 1699 1531 innumeris
1755 1473 2037 1546 exemplis

387 1544 506 1600 haec
539 1546 737 1619 omnia
773 1547 1011 1619 reperiri
1046 1549 1201 1618 apud
1239 1549 1653 1619 Hieronymum
1710 1545 1881 1619 plane
1926 1544 2035 1619 de-

387 1618 760 1689 monstrabit.
799 1618 984 1689 thue
1007 1617 1140 1673 ante
1171 1623 1379 1689 caetera
1412 1617 1580 1674 nubis
1611 1617 1910 1689 explorata
1959 1617 2036 1672 sit

385 1687 444 1742 in
480 1687 829 1760 Hieronymo
854 1687 1054 1744 exacta
1075 1690 1283 1760 peritia
1332 1688 1765 1760 elementorum
1821 1687 2032 1759 lingua:

385 1759 711 1826 Hebraicis,
735 1761 1022 1830 quasdam
1047 1759 1451 1815 adnotationes
1481 1761 1609 1830 ejus
1656 1759 1904 1830 recitare
1938 1761 2032 1828 ju-

379 1835 497 1902 vat.
533 1831 692 1886 Hanc
723 1829 856 1885 vero
887 1831 1011 1902 ipse
1042 1829 1615 1902 admonitionem’ini
1655 1831 1843 1886 fronte
1880 1829 2024 1902 libri

379 1900 701 1956 Nominnm
727 1877 943 1972 posuit:
969 1919 1040 1957 ne
1087 1902 1286 1957 lectori
1345 1902 1558 1957 erroris
1604 1901 1766 1956 locus
1816 1901 2030 1956 tribue-

382 1978 544 2054 retur
575 1973 936 2054 examb‘iguc
995 1972 1334 2054 elementiﬂ
1383 1973 1594 2039 Latini,
1645 1973 1798 2054 quod
1869 1973 2023 2053 apud

381 2043 654 2168 quraaos
687 2043 993 2116 multiplex
1021 2045 1080 2099 in
1124 2044 1332 2100 litteris
1358 2045 1819 2100 consonantibus
1865 2043 2024 2098 inve-

382 2131 439 2168 n1
473 2132 562 2170 ur.

376 2214 420 2284 ‘__
450 2233 478 2284 (ς
513 2211 638 2266 Non
669 2211 863 2284 statim
898 2211 1232 2284 ubicunque
1251 2229 1319 2267 ex
1347 2213 1386 2266 A
1417 2211 1630 2277 littera,
1677 2228 1824 2284 quae
1866 2211 2020 2283 apud

376 2281 648 2355 Hebrmos
681 2281 898 2337 dicitur
934 2281 1153 2355 Alephf
1186 2288 1487 2355 ponuntur
1532 2281 1790 2346 nomina,
1863 2281 2019 2338 aesti-

377 2354 662 2426 mandum
688 2359 779 2409 est
809 2355 998 2426 ipsam
1015 2353 1203 2409 solam
1229 2371 1356 2410 esse
1390 2371 1517 2426 quae
1572 2355 1826 2426 ponitur.
1873 2355 2018 2408 Nam

373 2425 671 2497 interdum
695 2441 763 2497 ex
809 2425 934 2490 Ain,
977 2442 1128 2497 saepe
1183 2442 1251 2481 ex
1307 2425 1422 2490 He,’
1467 2425 1885 2497 nonnunquam
1950 2441 2020 2480 ex

371 2496 934 2568 Hhelh,litteris,qua
963 2496 1349 2568 aspirationes
1378 2513 1518 2552 suas
1550 2496 1833 2568 vocesque
1859 2512 2015 2551 com-

373 2573 635 2640 mutant,
657 2567 874 2640 habent
904 2569 1226 2623 exordium.
1261 2568 1577 2640 Sciendum
1611 2567 1808 2640 igitur,
1861 2569 2016 2640 quod

372 2643 493 2710 tam
526 2639 583 2692 iu
610 2638 839 2706 Genesi,
875 2655 1050 2710 quam
1075 2640 1134 2694 in
1168 2640 1391 2695 caeteris
1417 2639 1604 2707 libris,
1640 2638 1739 2694 ubi
1770 2657 1803 2694 a
1836 2639 2017 2710 vocali

371 2708 566 2764 littera
591 2727 803 2782 nomen
836 2708 1060 2782 incipit,
1095 2713 1246 2782 apud
1283 2710 1552 2765 Hebrazos
1584 2727 1618 2764 a
1646 2709 1912 2780 diversis,
1953 2716 2020 2782 ut

371 2727 566 2764 littera
591 2727 803 2765 nomen
836 2727 1060 2835 inexplit,
1095 2727 1246 2782 apud
1284 2727 1552 2765 nenrzeos
1584 2727 1618 2764 a
1646 2727 1912 2780 n1vers13,
1953 2727 2015 2766 ut

370 2797 553 2852 supra
583 2781 961 2845 diximus,inc
1009 2787 1173 2836 oetnr
1194 2782 1518 2837 elementis.
1552 2782 1657 2836 Sed
1693 2783 1832 2853 quia
1861 2781 2015 2853 apud

371 2868 480 2906 nos
513 2857 732 2908 nonest
763 2869 964 2907 vocum
997 2853 1775 2923 tanta‘diversitas,simplici
1808 2869 2016 2909 sumus

371 2922 624 2978 elatione
669 2924 945 2979 contenti.
1005 2923 1168 2979 Unne
1226 2924 1437 2979 accidit
1479 2928 1541 2978 ut
1589 2922 1792 2978 eadem
1849 2940 2014 2978 voca-

370 2993 528 3066 bula,
553 3010 678 3065 qua
711 2995 865 3066 apud
904 2993 1037 3066 illos
1095 3011 1210 3050 non
1266 2995 1535 3051 similiter
1591 2995 1808 3066 scripta
1857 3000 2013 3063 sunt,

372 3065 540 3121 nobis
561 3065 869 3122 videantur
898 3065 957 3120 in
986 3067 1461 3138 interpretatione
1486 3065 1725 3122 variari.
1745 3087 1772 3116 ››

438 3162 516 3245 Att
548 3164 787 3218 litteram
904 3181 1020 3236 qua:
1051 3165 1203 3245 ἀρα-(ἰ
1229 3165 1543 3245 "Hebrch
1568 3165 1856 3245 multiplex
1899 3172 2013 3245 βεστ,

367 3234 517 3336 astuti
547 3251 756 3316 quoquc
784 3234 1058 3336 omne?
1089 3234 1258 3336 tioiu‘i‘t
1284 3253 1296 3289 :
1320 3259 1351 3318 ς(
1386 3235 1546 3336 Qukod
1611 3236 1667 3289 in
1704 3234 2011 3336 Aprincipio
2047 3269 2088 3336 Ο

369 3306 704 3361 dixeramus
727 3307 787 3360 in
817 3305 1114 3361 vocalibus
1158 3306 1367 3362 litteris
1416 3305 1840 3362 observandum
1878 3305 2014 3360 :ieo

367 3377 522 3458 qucd
551 3378 704 3458 apud
739 3378 1329 3458 noshinterdumnna
1361 3377 1436 3433 sit
1469 3378 1679 3447 littera,
1742 3379 2011 3458 etuap‘ud

371 3448 637 3521 Hebraeus
667 3453 784 3521 tres
839 3448 1370 3521 .'~'__sunt_littera3:
1444 3466 1562 3503 una
1617 3466 1747 3521 qua}
1802 3448 2016 3503 dicitur

367 3518 614 3592 Sumam,
647 3523 703 3592 et
723 3518 1066 3592 simpliciter
1089 3519 1321 3592 legitur,
1358 3529 1524 3591 quasi
1555 3518 1656 3591 per
1687 3520 1722 3575 S
1753 3531 2012 3575 nostram

368 3589 625 3644 litteram
644 3589 1040 3663 describatur;
1061 3589 1176 3646 alia
1193 3589 1391 3656 Sin,in'
1409 3608 1524 3662 qua
1544 3589 2013 3663 stridorquidam

369 3662 685 3745 non-nostri
715 3663 1004 3744 sermonis
1021 3663 1407 3745 interstrepit;
1427 3662 1654 3745 tertiam
1677 3662 1819 3744 suae
1835 3679 2013 3733 quam

368 3736 580 3806 nostra:
615 3749 786 3806 aures
814 3735 1046 3806 penitus
1079 3733 1691 3806 reformidant.8icubi
1723 3750 1859 3804 ergo
1887 3750 2014 3788 eve-

371 3803 542 3871 nerit,
565 3803 845 3878 utcadiem
879 3805 1118 3860 nomina
1137 3805 1306 3861 aliter
1335 3810 1510 3878 atque
1536 3804 1710 3878 aliter
1729 3803 2013 3878 interpre~

367 3879 586 3947 tentur,
619 3875 762 3930 illud
789 3876 847 3930 in
879 3893 1058 3931 causa
1112 3883 1219 3944 est,
1287 3875 1441 3946 quod
1491 3877 1738 3931 diversis
1799 3875 2016 3947 scripta

369 3946 489 4019 sint
516 3946 747 4003 litteris.
779 3947 896 4019 Hoc
923 3953 1128 4019 autem
1158 3948 1314 4019 quod
1375 3949 1431 4002 in
1481 3947 1687 4003 Genesi
1739 3946 2013 4014 dicimus,

366 4017 427 4072 in
458 4018 736 4074 omnibus
779 4017 945 4074 libris
977 4017 1248 4074 similiter
1279 4020 1735 4074 ebservandum.
1776 4042 1795 4068 ι

441 4114 549 4169 Tot
572 4119 849 4186 tantaque
865 4117 1017 4171 circa
1047 4115 1421 4171 Hebraeorum
1456 4117 1763 4184 elementa,
1785 4116 2016 4171 duabus

371 4185 531 4259 hisce
554 4185 1061 4259 observationibus
1095 4188 1480 4259 Hieronymus
1515 4204 1619 4243 nos
1675 4189 1890 4255 docuit,
1950 4192 2017 4242 ut

372 4256 486 4330 alla
508 4257 854 4330 eruditionis
885 4259 1012 4328 ejus
1035 4256 1381 4330 argumenta
1437 4259 1730 4330 superflue
1790 4259 2016 4314 deside-

371 4326 486 4412 rari
511 4326 1004 4412 potuissent-nisi
1031 4326 1184 4412 male
1213 4326 1737 4412 intelligerentn‘ra
1771 4332 2016 4412 quibus:

375 4400 507 4484 dam
542 4400 784 4484 criticis,
813 4404 894 4484 “et
937 4417 983 4484 Ia
1029 4401 1285 4484 Mariano
1346 4400 1519 4457 etiam
1552 4400 1852 4484 ‘y‘ictori‘o,
1915 4401 2017 4484 qui

371 4470 558 4542 Opera
589 4472 778 4526 sancti
813 4471 1075 4543 Doctoris
1122 4478 1451 4543 postremus
1502 4473 1702 4530 edidit.
1755 4475 1809 4528 Is
1860 4470 2016 4527 enim

371 4559 504 4597 cum
547 4559 708 4598 more
767 4542 936 4598 solito
994 4542 1212 4598 librum
1273 4546 1665 4602 Hebraicorum
1723 4546 2018 4600 Nomz'num

370 4618 717 4706 argumento
743 4620 1093 4706 prfemuntre
1124 4614 1338 4706 vqluit,
1384 4617 1697 4706 nonwsatis
1759 4620 2018 4706 attentus
2051 4642 2093 4706 υ

373 4685 484 4740 fuit
510 4685 925 4759 superioribus
961 4688 1436 4759 annotationibus
1489 4688 1855 4759 Hieronymi;
1919 4691 2020 4742 aut

371 4762 524 4830 certe
547 4755 883 4830 nullatenus
916 4757 1074 4830 legit,
1109 4776 1234 4829 qua:
1267 4776 1371 4814 suo
1404 4759 1604 4816 sensui
1665 4755 2016 4814 manifestis-

373 4828 523 4902 sime
545 4829 838 4902 contraria
870 4828 1210 4885 cernuntur.
1245 4854 1271 4879 ‹‹
1307 4831 1484 4887 Nemo
1508 4832 1772 4901 miretur,
1804 4830 2016 4902 inquit,

376 4901 526 4974 quod
545 4917 750 4974 _unu_m
778 4901 1058 4974 iidemque
1089 4917 1300 4957 nomen
1333 4903 1508 4957 variis
1565 4902 1719 4974 apud
1769 4901 2021 4974 Latinos

374 4970 908 5046 signiﬁcaticnibus
938 4970 1108 5046 divus
1166 4975 1556 5046 Hieronymus
1605 4970 1719 5028 hoc
1763 4973 1822 5029 in
1872 4973 2019 5028 libro

374 5042 639 5116 explicet.
668 5043 793 5100 Non
823 5047 943 5099 tam
974 5044 1130 5100 enim
1161 5045 1220 5099 id
1281 5061 1350 5100 ex
1385 5042 1782 5116 ambiguitate
1839 5046 2020 5100 varie-

375 5115 1190 5189 tateqncinterpr-stationum,
1216 5133 1395 5188 quam
1455 5133 1522 5172 ex
1569 5115 1902 5172 diversitate
1934 5133 2025 5189 pe-

374 5202 478 5260 nes
517 5185 661 5241 illos
708 5185 922 5242 acuidit
976 5185 1438 5260 elementorum:
1500 5190 1651 5260 quod
1708 5189 1863 5243 enim
1916 5185 2022 5243 nos

374 5254 704 5331 litterarum
742 5260 1004 5331 penuria,
1041 5277 1154 5315 uno
1215 5254 1533 5314 interdum-
1569 5260 1900 5315 charactere
1928 5277 2021 5314 ex-

415 5327 680 5398 licamus,
715 5327 958 5387 diversis
1002 5331 1221 5386 Hebraei
1280 5331 1581 5386 elementis
1622 5333 2020 5386 conscribunt.

423 5415 517 5474 am
541 5406 750 5474 prmter
781 5403 1043 5474 quinque
1074 5409 1272 5457 nostra
1303 5402 1557 5470 vocales,
1587 5420 1734 5474 quas
1766 5405 2022 5474 quadru-

373 5469 639 5542 plicatas,
668 5469 908 5534 habent,
950 5469 1022 5529 ex
1070 5486 1128 5542 ν,
1158 5489 1216 5536 tt.
1243 5481 1370 5538 met
1392 5488 1431 5534 Π
1466 5469 1681 5529 habent
1705 5469 1881 5528 etiam
1913 5475 2026 5529 tria

373 5542 434 5607 K,
492 5541 752 5596 videlicit
782 5557 842 5610 Π,
922 5560 971 5606 3.
1052 5553 1108 5599 et
1183 5559 1220 5633 Ρ
1274 5564 1285 5600 ;
1337 5551 1393 5601 et
1447 5552 1698 5616 quatuor
1731 5547 1891 5612 8,13,
1949 5560 2024 5610 Ψ,

373 5640 448 5694 Ὁ,
480 5635 545 5711 'et
600 5641 660 5711 ξιξ,
727 5647 858 5711 quae
905 5633 1018 5711 etsi
1063 5634 1532 5711 pronuntatione,
1589 5637 2028 5708 figurarumque

371 5703 648 5756 varietate
708 5703 862 5772 apud
924 5703 1190 5760 llebrccos
1263 5707 1574 5771 dilferunt,
1634 5703 1744 5762 nos
1829 5703 2025 5763 tamen

379 5772 756 5840 pronuntiare
807 5773 936 5829 illas
969 5776 1156 5846 magis
1189 5795 1525 5849 possumus,
1562 5795 1737 5850 quam
1793 5781 2029 5853 effinge-

384 5857 464 5896 re.
496 5864 523 5891 ))

450 5928 575 5992 Non
596 5929 957 6005 miror,quod
973 5947 1156 5989 unum
1187 5934 1458 6011 idemque
1488 5955 1700 5997 nomen
1723 5940 2025 6001 Hebraeum

2161 597 2262 650 sed
2294 595 2460 651 valde
2490 595 2708 652 mirum
2753 603 2840 653 est
2897 595 3201 655 editorem'
3228 595 3563 656 Hieronvmi
3613 600 3794 656 nesci-

2161 617 2262 650 seu
2294 617 2460 651 value
2490 617 2708 652 mirum
2753 617 2840 653 esu
2897 617 3179 655 emtorem
3228 617 3438 656 meron
3485 617 3563 655 m1
3613 617 3793 656 nesci-

2159 666 2471 748 visse.q‘na3_
2499 673 2737 748 sanctus
2767 674 2975 748 Pector
3005 675 3298 748 conceptis
3339 617 3538 748 vergis
3597 671 3793 748 dccuit

2161 737 2231 792 de
2259 737 2474 811 triplici
2505 739 2540 793 S
2580 740 2733 810 apud
2767 742 3056 808 Hebraeos,
3076 737 3201 798 tam
3218 743 3308 798 hic
3337 742 3398 798 in
3430 743 3576 798 libro
3606 742 3797 798 Nomi-

2159 825 2324 880 num,
2359 826 2535 882 quam
2568 811 2998 886 Commentario
3031 815 3089 868 in
3117 814 3437 886 Epistolam
3461 815 3531 869 ad
3591 813 3788 869 Titum

2159 896 2282 951 cap.
2318 898 2401 935 III.
2435 886 2579 935 Nam
2603 883 2651 936 si
2698 883 3068 939 mediocriter
3117 883 3374 941 attentus
3432 887 3558 941 loca
3614 886 3793 941 citata

2158 950 2419 1028 legisset,
2459 969 2763 1028 nunquam
2795 955 2926 1028 tria,
2961 957 3005 1009 Κ
3031 955 3117 1011 vel
3140 962 3390 1027 quatuor
3419 957 3636 1028 Scapud
3676 956 3790 1028 Hes

2157 1022 2340 1099 braios
2407 1022 2750 1099 induxisset,
2812 1025 2994 1099 fultus
3053 1022 3394 1099 auctoritate
3461 1022 3789 1099 Hieronymi

2154 1093 2351 1164 Neque
2378 1110 2512 1149 vero
2546 1096 2632 1150 fas
2671 1099 2792 1150 erat
2822 1097 3078 1153 Mariano
3111 1097 3362 1154 litteram
3387 1112 3428 1160 Π
3461 1099 3630 1154 Hheth
3652 1093 3786 1154 con-

2157 1166 2397 1221 lundere
2427 1183 2565 1242 c_nm_
2592 1166 2876 1222 elemento
2894 1170 2982 1242 ΔΚε
3010 1169 3158 1242 quia
3187 1171 3353 1226 Hheth
3393 1171 3544 1242 apud
3600 1169 3787 1225 Hiero-

2153 1251 2397 1309 nymum
2428 1237 2643 1308 duplex
2672 1243 2760 1292 est
2781 1237 3080 1309 aspiratio,
3106 1257 3220 1296 non
3240 1237 3780 1296 littera'consonans

2149 1308 2303 1383 K._Et
2332 1307 2458 1379 ipse
2476 1307 2822 1383 constanter
2850 1307 3099 1382 triplicis
3130 1311 3166 1366 S
3203 1313 3357 1383 apud
3382 1313 3644 1368 Hebraeos
3671 1328 3786 1367 me-

2150 1378 2327 1454 minit
2346 1378 2372 1444 ξ
2394 1380 2493 1434 sed
2529 1379 2798 1454 nuspiam
2833 1378 3086 1454 quatuor
3106 1383 3153 1454 fS
3181 1378 3334 1454 apud
3363 1383 3492 1439 illos
3514 1385 3781 1438 observa-

2146 1449 2245 1503 vit.
2297 1452 2431 1515 Qnaa
2465 1454 2527 1505 ut
2552 1449 2720 1523 nobis
2750 1449 3781 1523 exp'loratissima'ﬁantﬂocumGom-

2148 1523 2566 1596 mentariorum
2597 1522 2656 1576 in
2697 1522 2828 1596 cap.
2859 1541 2922 1577 ΠΙ
2956 1525 3145 1596 Epist,
3178 1525 3248 1580 ad
3303 1527 3500 1580 Titum
3537 1526 3782 1596 integre-

2146 1591 2472 1646 describam
2499 1611 2511 1660 ;
2544 1599 2632 1648 est
2660 1591 2816 1648 eniin
2840 1591 3104 1665 apprime
3135 1595 3388 1662 lucidus,
3411 1602 3467 1652 et
3511 1591 3780 1652 instituto

2145 1667 2344 1718 nostro
2376 1665 3058 1720 accommodatissimus:
3122 1690 3151 1716 «
3199 1667 3358 1730 Quod
3410 1672 3603 1723 autem
3659 1667 3776 1722 ait:

2144 1732 2523 1810 Gencalogias,
2549 1740 2603 1790 et
2631 1739 3015 1810 contentiones,
3050 1739 3316 1810 egra-ms,
3375 1755 3500 1810 quae
3556 1741 3781 1794 veniunt

2141 1821 2209 1858 ea;
2242 1806 2374 1874 lege,
2401 1807 2602 1875 debita,
2640 1807 2866 1877 proprie
2884 1808 3080 1933 pulsat
3102 1806 3463 1882 Judzeos,qui
3507 1810 3565 1864 in
3597 1826 3660 1864 eo
3721 1826 3783 1865 se

2143 1877 2359 1935 iactant
2389 1882 2445 1932 et
2475 1883 2682 1935 nutant
2713 1878 2858 1935 legis
2932 1880 3102 1934 abere
3132 1882 3417 1935 notitiam.
3459 1882 3502 1935 si
3543 1880 3782 1935 nomina

2932 1896 3102 1934 abere
3132 1896 3417 1936 nentiam.
3459 1898 3502 1936 Sl
3543 1897 3782 1936 nomina

2137 1900 2359 1946 JuULuIlL
2389 1900 2445 1932 BL
2475 1900 2682 1948 ρυιδιῐιῐ.
2713 1900 2858 1949 1(3ng
2888 1900 3102 1934 nabere
3132 1900 3417 1949 normam,
3459 1900 3502 1937 ει
3543 1900 3778 1936 nomina

2137 1953 2371 2024 teneant
2402 1949 3095 2024 singulorum,qu:e_,quia
3117 1951 3362 2024 barbara
3384 1957 3541 2019 sunt,
3567 1958 3624 2007 et
3653 1955 3778 2024 ety-

2135 2018 2419 2094 mologiae
2450 2018 2651 2074 eorum
2669 2037 2782 2094 non
2811 2018 3102 2094 novimus,
3138 2022 3481 2094 plerumque
3501 2018 3767 2094 corrupte

2134 2089 2510 2161 proferuntur
2535 2108 2568 2144 a
2594 2092 2786 2146 nobis.
2813 2096 2880 2146 Et
2911 2093 2958 2146 si
2994 2089 3155 2148 forte-
3187 2089 3508 2150 erravimus
3566 2094 3624 2148 in
3674 2089 3772 2148 ac-

2131 2165 2324 2237 centu,
2358 2162 2416 2217 in
2438 2163 2773 2237 extensione
2801 2168 2856 2237 et
2889 2163 3168 2237 brevitate
3196 2165 3449 2237 syllaba},
3472 2164 3557 2237 vel
3582 2165 3775 2220 brevia

2173 2234 2539 2298 roducentes,
2572 2233 2972 2306 velproducta
3020 2233 3363 2306 breviantes,
3415 2236 3602 2292 solent
3642 2237 3770 2291 irri-

2129 2249 2539 2357 grouucentes,
2572 2249 2659 2289 vel
2694 2249 2972 2305 pronucta
3020 2249 3363 2306 urevnantes,
3415 2249 3602 2292 sotent
3642 2253 3770 2291 irri-

2171 2319 2265 2390 ere
2296 2321 2403 2390 nos
2427 2305 2753 2376 imperitia),
2789 2306 3039 2390 maxime
3090 2307 3772 2390 inmaspirationibusnet

2130 2375 2486 2450 quibusdam
2516 2375 3067 2450 cumrasuragnlze
3121 2375 3326 2434 litteris
3386 2378 3762 2450 proferendis.

2130 2446 2247 2502 Hoc
2276 2452 2472 2522 autem
2506 2447 2716 2522 evenit,
2757 2446 3764 2522 quod'Septuagintainterpretes,

2128 2534 2230 2589 per
2252 2535 2400 2589 quos
2431 2518 2490 2572 in
2513 2518 2778 2573 Graecum
2797 2518 3124 2575 sermonem
3147 2518 3236 2576 le'x
3256 2520 3451 2577 divina
3478 2518 3758 2576 translata

2127 2593 2234 2661 est,
2269 2589 2597 2661 specialiter
2626 2589 2793 2645 Ilheth
2823 2590 3075 2645 litteram
3132 2597 3191 2646 et
3232 2593 3356 2659 Ain,
3414 2597 3469 2647 et
3526 2597 3759 2647 cateras

2125 2660 2482 2734 istiusmodi,
2516 2661 2653 2732 quia
2685 2678 2817 2734 cum
2850 2662 3066 2733 duplici
3097 2663 3448 2734 aspiratione
3490 2663 3546 2718 in
3604 2663 3756 2718 Grae-

2128 2747 2257 2806 cam
2286 2731 2547 2806 linguam
2589 2732 2904 2786 transferre
2931 2731 3040 2806 non
3075 2731 3360 2806 poterant,
3382 2735 3510 2790 aliis
3550 2733 3757 2806 litteris

2127 2802 2343 2875 additis
2378 2802 2814 2874 expresserunt.
2849 2805 3021 2858 Verbi
3064 2802 3260 2875 causa,
3295 2810 3358 2860 ut
3418 2805 3612 2868 Bahel,
3654 2805 3757 2860 Ra-

2126 2873 2253 2928 chel
2285 2873 2561 2944 dicerent,
2620 2879 2677 2928 et
2728 2875 2982 2945 Hieriho,
3041 2873 3338 2932 Hiericho:
3397 2883 3453 2933 et
3506 2877 3754 2939 Hebron,

2126 2945 2428 3018 Chebron;
2455 2951 2511 2999 et
2540 2946 2736 3018 Sehor.
2761 2947 2958 3018 Segor.
2986 2946 3047 3000 In
3099 2947 3229 3002 aliis
3261 2965 3392 3003 vero
3422 2964 3520 3004 eos
3576 2964 3752 3003 cona-

2125 3021 2221 3071 tus
2244 3016 2352 3071 iste
2382 3017 2607 3071 defecit.
2644 3017 2789 3070 Nam
2821 3016 2928 3072 nos
2971 3023 3028 3072 et
3085 3019 3260 3074 Graeci
3302 3037 3476 3074 unam
3536 3024 3759 3074 tantum

2127 3087 2377 3142 litteram
2402 3088 2436 3141 S
2468 3087 2753 3142 habemus
2783 3107 2794 3155 ;
2832 3088 2914 3142 illi
2947 3105 3079 3144 vero
3136 3095 3274 3157 tres,
3328 3091 3572 3159 Samcch,
3621 3091 3760 3145 Sade

2125 3164 2180 3213 et
2209 3159 2327 3228 Sin,
2350 3176 2478 3230 quae
2518 3159 2776 3232 diversos
2808 3161 3324 3232 sonospossidont.
3363 3164 3520 3217 Isaac
3542 3167 3597 3217 et
3619 3161 3751 3217 Sion

2130 3247 2231 3299 per
2264 3229 2403 3303 Sede
2431 3231 2793 3303 scribuntur.
2830 3229 3135 3303 Israel—per
3163 3235 3282 3293 Sin.
3314 3239 3371 3288 et
3403 3239 3594 3288 tamen
3643 3249 3758 3287 non

2129 3309 2299 3357 sonat
2341 3302 2448 3356 hoc
2468 3301 2633 3376 quod
2667 3302 2958 3356 scribitur.
2991 3301 3096 3358 Sed
3132 3305 3285 3376 quod
3320 3305 3592 3360 scribitur
3609 3308 3752 3360 Seon

2125 3389 2224 3427 rex
2254 3374 2747 3448 Amorrhaeorum,
2798 3374 3173 3448 pensantem
3221 3375 3490 3448 litteram
3522 3380 3578 3430 et
3622 3392 3758 3448 pro-

2125 3447 2432 3517 nuntiatur
2451 3445 2833 3517 etiscribitur.
2860 3445 2934 3517 _Si
2968 3445 3150 3517 igitur
3193 3464 3226 3502 a
3265 3447 3431 3502 nobis
3479 3446 3598 3502 haec
3624 3445 3758 3502 ’Πο-

2125 3516 2350 3570 minnm
2384 3519 2441 3570 et
2492 3514 2701 3587 lingua:
2764 3511 3054 3587 ἰδιώματᾶ,
3103 3521 3166 3571 ut
3208 3517 3476 3573 videlicet
3515 3519 3762 3573 barbara

2123 3605 2237 3642 non
2268 3587 2349 3641 ita
2386 3587 2599 3658 fuerint
2628 3603 2917 3658 expressa,
2963 3593 3027 3642 ut
3079 3589 3482 3658 exprimuntur
3519 3590 3588 3644 ab
3645 3589 3759 3644 He-

2124 3658 2316 3725 braeis,
2380 3657 2566 3730 solent
2609 3657 2960 3713 cachinnum
3006 3657 3289 3726 attollere,
3341 3667 3397 3716 et
3443 3661 3639 3730 jurare
3697 3675 3759 3716 se

2125 3730 2356 3802 penitus
2391 3729 2612 3802 nescire
2635 3731 2789 3802 quod
2808 3730 3076 3802 dicimus.
3113 3731 3272 3787 Unde
3292 3737 3349 3787 et
3404 3729 3570 3786 nebis
3609 3748 3758 3785 curas

2123 3800 2233 3875 fuit
2262 3817 2466 3875 omnes
2496 3801 2717 3875 Veteris
2751 3801 2916 3875 Legis
2956 3800 3155 3875 libros,
3215 3819 3360 3875 quos
3418 3803 3504 3875 vir
3555 3803 3758 3875 doctus

2123 3871 2608 3954 A.damantius‘in
2631 3871 2882 3954 Hexapla
2931 3871 3374 3954 diges_serat,_de
3404 3873 3761 3954 ‘Qmsariensi

2124 3943 2476 4015 bibliotheca
2502 3943 2849 4015 descriptos,
2886 3960 2954 3998 ex
2990 3943 3134 4015 ipsis
3175 3945 3529 4001 authenticis
3555 3961 3751 4000 emen-

2126 4016 2263 4070 dare
2290 4014 2390 4088 ;_in
2415 4014 2628 4088 quibus
2659 4021 2716 4088 et
2747 4015 2875 4088 ipsa
2914 4014 3148 4071 Hebraea
3177 4017 3425 4088 propriis
3455 4021 3592 4072 sunt
3615 4017 3754 4071 cha-

2126 4086 2448 4140 racteribus
2479 4086 2654 4141 verba
2683 4086 2992 4156 descripta,
3025 4091 3079 4142 et
3109 4086 3316 4143 Grazcis
3377 4087 3581 4143 litteris
3634 4091 3752 4142 tra-

2126 4159 2265 4232 mite
2296 4174 2570 4232 expressa
2597 4157 2806 4212 vicino.
2841 4157 3048 4232 Aquila
3076 4160 3252 4232 etiam
3284 4165 3340 4215 et
3369 4158 3754 4232 Symmachus

2124 4229 2504 4301 Septuaginta
2535 4245 2767 4301 quoque
2799 4233 2863 4301 et
2891 4230 3214 4294 ,Tbcodotio
3273 4229 3446 4286 suum
3501 4229 3760 4285 ordinem

2128 4299 2646 4374 tcnentCNonnulli
2681 4315 2812 4354 vero
2853 4299 3005 4374 libri,
3037 4306 3094 4356 et
3123 4302 3373 4374 maxime
3395 4301 3453 4356 hi
3476 4301 3574 4374 qui
3601 4301 3758 4374 apud

2126 4372 2393 4427 Hebraeos
2417 4389 2588 4427 versu
2629 4372 2937 4441 compositi
2961 4377 3116 4439 sunt,
3139 4379 3258 4428 tres
3281 4373 3424 4428 alias
3475 4372 3761 4428 editiOnes

2125 4444 2356 4498 additas
2388 4443 2621 4515 habent,
2657 4459 2834 4514 quam
2867 4443 3132 4515 quintam
3166 4449 3222 4500 et
3249 4450 3467 4507 sextam
3499 4449 3555 4499 et
3585 4443 3758 4515 septi-

2128 4531 2284 4570 mam
2311 4513 2754 4569 translationem
2788 4513 3012 4583 vocant,
3056 4518 3452 4572 auctoritatem
3487 4516 3608 4571 sine
3652 4513 3759 4569 no-

2128 4586 2388 4641 minibus
2411 4587 2849 4657 interpretatam
2880 4593 3242 4643 consecutus.
3268 4587 3395 4642 Haec
3433 4585 3765 4642 immortale

2127 4657 2271 4713 illud
2304 4657 2606 4729 ingenium
2640 4674 2745 4711 suo
2777 4658 2945 4711 nobis
2979 4658 3170 4714 labore
3201 4659 3475 4714 donavit:
3523 4663 3589 4714 ut
3645 4673 3761 4712 non

2131 4745 2483 4801 magnOpere
2507 4729 2989 4800 pertimescamus
3008 4730 3384 4801 supercilium
3406 4729 3761 4801 Judzeorum,

2131 4799 2566 4867 solutis'tabiis,
2601 4805 2656 4854 et
2685 4802 2908 4855 obtorta
2948 4799 3167 4873 lingua,
3187 4807 3243 4857 et
3272 4803 3547 4858 stridente
3562 4799 3765 4867 saliva,

2131 4878 2186 4927 et
2209 4889 2349 4953 rasa
2381 4873 2546 4953 fauce
2577 4873 2982 4953 gaudentium.
3024 4896 3048 4921 ι)

2203 4943 2481 5014 Quisquis
2522 4941 2860 4999 criticorum
2910 4961 3150 4999 aureum
3210 4944 3374 4999 illum
3433 4941 3768 5014 Hieronymi

2133 5015 2383 5086 relegere
2409 5015 2902 5070 Commentarinm
2946 5015 3207 5082 voluerit,
3270 5025 3323 5071 et
3367 5014 3769 5086 annotationes

2133 5085 2267 5157 ejus
2293 5104 2322 5142 c
2357 5088 2500 5141 libro
2531 5089 2828 5142 Nominum
2861 5092 3034 5142 antea
3063 5089 3357 5150 recitatae.
3393 5087 3541 5142 illico
3568 5085 3770 5157 fatebi:

2132 5156 2245 5222 tur,
2273 5158 2322 5212 si
2357 5159 2490 5213 ﬁdei
2523 5158 2730 5230 plenus
2753 5164 2860 5225 est,
2901 5158 3046 5214 nihil
3090 5159 3150 5213 in
3216 5176 3482 5214 sermone
3518 5156 3770 5230 Hebraei

2134 5228 2549 5302 Hieronymum
2573 5230 2812 5285 latuisse
2844 5249 2856 5293 ;
2907 5236 3248 5302 tantamque
3274 5231 3452 5302 hujus
3475 5228 3770 5284 idiomatis

2137 5286 2403 5373 peritiam
2437 5302 2616 5356 fuisse
2647 5302 2704 5355 in
2740 5286 2939 5357 sancto
2971 5303 3126 5370 Viro,
3157 5286 3223 5357 nt
3244 5286 3443 5357 nullus
3476 5301 3773 5357 Gramma-

2137 5373 2380 5446 ticorum
2407 5373 2820 5429 hodiernorum
2841 5374 2918 5429 sit
2937 5373 3609 5446 ipsimquiparabiliszﬁt
3637 5387 3772 5426 vero

2137 5445 2410 5517 quisdam
2438 5446 2546 5500 hoc
2577 5462 2694 5498 ωιό
2728 5446 2869 5500 satis
2903 5446 3073 5501 callet
3120 5444 3449 5502 sermonem
3509 5444 3772 5517 Hebraeo-

2138 5514 2268 5571 rum
2301 5518 2367 5571 ad
2396 5517 2724 5572 docendum
2799 5534 2904 5572 nos
2964 5518 3247 5573 rationem
3297 5514 3773 5572 commutationis

2136 5589 2558 5661 aspirationum
2591 5593 2647 5643 et
2674 5605 2881 5642 vocum
2917 5589 2974 5644 in
3017 5589 3318 5644 elementis
3353 5590 3516 5658 Aleph
3549 5593 3603 5641 et
3648 5588 3772 5661 Ain,

2137 5657 2532 5715 Hc'etllhrth?
2566 5667 2608 5712 A
2655 5677 2770 5731 quo
2833 5661 3057 5725 Lexico,
3114 5679 3183 5716 ex
3230 5677 3344 5732 qua
3384 5657 3776 5732 Grammatica

2137 5732 2373 5814 llehrma
2405 5734 2627 5814 discere
2650 5733 3071 5814 possum,quid
3089 5733 3165 5814 sit
3186 5731 3336 5805 apud
3362 5731 3775 5814 Hieronymum

2137 5804 2352 5859 stridor
2376 5804 2617 5875 quidam
2647 5802 2707 5858 in
2743 5802 3017 5863 littera—tv
3037 5805 3154 5868 Sin,
3191 5802 3304 5861 non
3350 5802 3526 5857 nostri
3552 5817 3772 5875 sermo:

2141 5875 2228 5950 nis
2259 5871 2677 5950 interstrepens
2699 5876 2726 5932 ‘I
2758 5877 2894 5950 quid
2953 5888 2993 5939 δ’
3025 5877 3211 5950 ίδααθί
3245 5875 3562 5950 Hebraznm,
3621 5871 3778 5950 quod

2138 5946 2193 6019 S,
2229 5964 2343 6006 non
2373 5949 2432 6017 Ζ,
2455 5944 2708 6010 litteram
2733 5944 2922 6016 sonat,
2942 5949 3041 6008 sed
3060 5949 3219 6008 aliud
3275 5946 3571 6023 quidpiam
3623 5944 3775 6021 quod
