3984 6384
481 314 632 376 1611

1973 309 2393 376 APPENDIX.

3725 314 3867 377 1612

473 451 558 528 et_
582 446 888 528 sequentia
944 445 1056 528 tria
1110 443 1444 528 vecab-ulai
1486 445 1599 528 _col.
1656 446 1747 528 ﬁt,
1780 446 2117 528 Bethsabee‘;
2145 449 2199 517 Α
2230 445 2572 528 corruptelae
2604 449 3034 528 atqueerrores
3059 462 3073 513 ;
3102 462 3240 528 eum
3272 446 3715 528 tot__m_anife_sta
3740 448 3866 505 vitia

473 519 583 575 col.
641 518 732 583 65,
787 519 1013 577 Zamri;
1076 518 1185 573 col.
1245 519 1335 585 69,
1394 518 1762 574 Nabuzardan
1819 519 1947 579 Sir;
2007 518 2112 574 col.

471 592 562 659 70,
601 591 893 662 Theglalh,
921 588 1156 644 Therach
1175 607 1197 652 ;
1228 589 1338 645 col.
1367 591 1460 658 71,
1499 590 1647 662 Coph
1667 607 1687 651 ;
1747 590 1854 645 col.
1883 593 1973 662 72.
2019 591 2123 645 Sa-

470 662 661 723 mech;
692 660 803 716 col.
833 661 924 731 73,
972 662 1175 722 Joach;
1220 662 1326 716 col.
1370 662 1461 727 79,
1518 660 1858 722 Chabonim;
1889 661 1998 717 col.
2031 663 2119 717 83.

476 734 641 793 Ulai;
693 731 801 787 col.
852 733 941 798 86,
987 732 1180 798 Semel,
1232 738 1342 788 etc.
1397 738 1475 786 Ex
1522 732 1610 788 his
1651 733 1927 788 omnibus
1955 749 2124 788 voca~

472 803 627 876 bulis
653 803 1069 874 comprobatur
1098 803 1416 876 praesertim
1449 803 1897 876 Hieronymiana
1930 803 2123 860 erudi-

473 875 574 946 tio,
606 889 784 946 quam
811 879 945 946 ante
972 891 1075 931 vos
1113 875 1312 931 nullus
1363 875 1701 931 attendebat
1749 877 1808 930 in
1841 875 1987 930 libro
2021 890 2124 932 no-

472 944 699 1001 minum
748 944 886 1001 licet
914 945 1065 1000 inter
1111 950 1371 1002 veterum
1419 947 1740 1002 editionum
1790 962 2013 1002 errores
2060 963 2125 1002 ac

470 1017 745 1090 tenebras
775 1017 919 1072 satis
953 1016 1262 1090 perspicua
1304 1017 1738 1090 mihisemper
1765 1018 2122 1090 apparuerit.

470 1089 858 1154 Quamobrem
911 1088 1352 1159 angustissimis
1402 1088 1717 1145 voluminis
1776 1088 1952 1143 unius
2011 1096 2123 1144 ter-

470 1159 650 1215 minis
681 1158 950 1231 cohibere
981 1158 1267 1231 meipsum
1300 1159 1456 1215 volui
1486 1160 1544 1215 in
1566 1161 1674 1216 hac
1695 1160 2124 1227 dissertatione,

472 1236 537 1287 ut
578 1229 809 1304 facilius
853 1229 1195 1304 lectoribus
1222 1231 1405 1304 aequis
1455 1233 1868 1304 persuadercm
1907 1236 2127 1303 quanta

471 1309 628 1359 esset
654 1301 939 1374 Hebraica
984 1302 1236 1374 eruditio
1280 1301 1732 1374 Hieronymiana
1779 1304 1850 1359 de
1899 1301 2126 1358 cunctis

471 1375 610 1456 ejus
628 1372 903 1446 operibus
933 1372 1175 1456 collecta
1225 1379 1301 1455 et.
1331 1372 1747 1456 comprobata;
1798 1391 1945 1456 cum
1964 1379 2128 1456 tanta

469 1443 549 1502 sit
578 1443 798 1500 de'uno
828 1443 1112 1516 opusculo
1146 1445 1410 1500 omnium
1438 1443 1855 1515 abjectissimo,
1889 1451 1954 1501 ut
1973 1446 2126 1500 vide-

469 1517 662 1589 batur,
698 1515 1175 1589 manifestissime
1226 1516 1524 1588 proposita
1573 1518 1933 1589 probataque
1964 1517 2125 1588 plus-

468 1587 633 1671 satis.
661 1591 811 1670 .Haac
860 1587 1435 1671 igiturﬂargumen‘ta
1481 1587 2123 1671 Hierony'mianzeleru-o

470 1657 731 1725 ditionis,
764 1657 933 1729 quasi
985 1657 1308 1714 latissimos
1358 1664 1646 1715 terrarum
1696 1657 1845 1715 situs
1878 1660 1934 1713 in
1969 1658 2125 1714 brevi

468 1729 686 1785 tabella
732 1730 891 1784 volui
935 1730 1340 1786 demonstrare
1373 1772 1386 1796 ,
1450 1747 1563 1785 non
1623 1732 1938 1786 extendens
1988 1748 2124 1801 spa-

469 1803 554 1858 tia
602 1817 889 1885 sensuum
936 1807 1112 1885 atque
1159 1805 1551 1885 tractatuum;
1610 1803 1717 1885 sed
1761 1802 2123 1885 quibusdam
2156 1820 2204 1885 Β

472 1872 645 1944 quasi
693 1871 925 1944 punctis
982 1871 1156 1944 atque
1200 1872 1564 1945 compendiis
1607 1871 1840 1929 inﬁnita
1897 1873 2125 1945 signiﬁ—

473 1960 638 2000 08118.

545 2014 761 2070 Verum
790 2013 928 2086 quia
952 2013 1107 2068 docti
1130 2031 1197 2069 ac
1229 2013 1630 2069 honestissimi
1660 2014 1765 2069 viri
1813 2014 2128 2086 aliquando

476 2090 743 2158 amanter
774 2085 1220 2158 interrogarunt
1277 2102 1486 2141 causas
1552 2085 1927 2158 etporigines’
1977 2088 2126 2157 ejus,

474 2174 603 2230 qua:
636 2156 841 2230 incidit
868 2157 940 2230 de
1001 2156 1367 2230 Hieronymo,
1393 2228 1401 2230 _
1427 2156 1781 2230 suspicionis
1830 2157 1888 2230 in
1929 2156 2131 2230 lingua

473 2226 776 2297 Hebraica,
809 2226 978 2297 cujus
1002 2228 1147 2284 satis
1198 2226 1506 2299 imperitus
1536 2226 1709 2299 apud
1760 2229 1992 2285 criticos
2019 2226 2127 2284 au-

475 2300 745 2356 diebatur
766 2316 780 2363 ;
805 2304 863 2354 et
882 2299 1156 2355 universa
1177 2315 1304 2370 quas
1322 2300 1498 2355 didici
1523 2300 1652 2355 ﬁdis
1676 2301 1919 2355 auribus
1941 2300 2129 2356 instil-

476 2372 653 2427 landa
680 2374 854 2427 sunt:
885 2370 1076 2426 dicam
1107 2371 1358 2426 breviter
1387 2370 1526 2442 quid
1558 2387 1747 2426 causae
1798 2372 1992 2437 fuerit,
2024 2389 2130 2427 cur

474 2444 747 2514 opinione
777 2442 1154 2513 praejudicata
1182 2442 1645 2514 Hieronymianaa
1676 2442 1982 2514 imperitia:
2004 2444 2129 2514 qui-

473 2512 611 2570 dam
655 2512 937 2585 laborare,
966 2514 1282 2585 potuerint.
1334 2512 1631 2584 Praicipua
1679 2512 1862 2585 igitur
1901 2512 2127 2570 occasio

474 2583 984 2657 hujusiopinionis'
1008 2584 1127 2657 ifuit
1156 2584 1215 2640 in
1266 2583 1532 2657 maxima
1564 2583 1828 2657 errorum
1860 2585 2125 2641 multitu-

473 2654 611 2713 dine
641 2654 923 2712 librorum
955 2656 1244 2711 editorum
1273 2673 1286 2711 :
1322 2672 1458 2711 nam
1493 2656 1551 2710 in
1583 2654 1700 2711 illis
1748 2657 1890 2712 adeo
1922 2657 2126 2728 depra-

473 2732 645 2801 vatus
677 2732 866 2801 textus
891 2727 1382 2801 Hieronymianus
1408 2728 1723 2793 invenitur,
1756 2733 1822 2783 ut
1841 2727 2130 2801 perpauca

474 2799 595 2854 sint
624 2798 860 2853 nomina
891 2804 949 2854 et
972 2798 1149 2854 verba
1177 2798 1567 2870 Hebraaaiquai
1590 2816 1732 2870 pure
1754 2798 2089 2855 scribantur
2112 2818 2126 2867 ;

475 2874 579 2950 uut
607 2870 874 2950 prpprias
917 2870 1173 2950 habeant
1227 2869 1609 2950 etymologiae
1640 2870 1725 2950 vel
1787 2871 2038 2950 maxime
2068 2871 2128 2950 in

472 2941 623 2997 libro
652 2941 1038 2997 Hebraicorum
1079 2941 1502 3010 Nominum,ubi
1559 2942 1609 2996 si
1658 2941 1967 3011 depravata
1996 2945 2130 2998 sub-

474 3014 759 3084 traxeris,
802 3014 918 3084 fere
975 3012 1145 3067 tertia
1172 3028 1341 3084 pars
1382 3011 1697 3067 voluminis
1737 3014 2124 3070 truncabitur.

474 3085 545 3140 Et
575 3100 647 3156 ne
701 3083 863 3156 illud?
908 3081 1303 3156 hyperbolice
1336 3084 1556 3139 dictum
1618 3088 1824 3156 putent
1880 3085 2128 3142 studiosi

474 3155 746 3212 homines
795 3154 1017 3227 aliquot
1060 3154 1341 3227 exemplis
1390 3154 1851 3226 corruptelarum
1900 3157 2127 3212 fcedita-

470 3231 588 3300 tem
620 3228 822 3300 prodo.
846 3227 911 3281 In
940 3226 1088 3300 libro
1120 3226 1414 3300 Geneseos
1472 3226 1727 3300 primum
1775 3244 1985 3283 nomen
2018 3234 2126 3284 He-

471 3297 695 3370 braeum
728 3297 938 3354 falsam
969 3298 1179 3370 retinet
1207 3298 1619 3370 etymologiam
1648 3298 1707 3352 in
1759 3305 1929 3354 antea
1956 3300 2127 3355 editis

469 3369 675 3426 libris:
709 3370 1079 3440 Assyriorum,
1109 3369 1684 3442 diligentiuin,‘__cum
1746 3386 1820 3442 ex,
1842 3370 2127 3442 singulari

468 3441 641 3513 Assur
696 3438 1122 3513 consequenter
1176 3438 1362 3512 posito
1420 3438 1584 3513 facile
1642 3438 2002 3513 intelligatur
2045 3442 2124 3497 le-

468 3512 752 3584 gendum,
809 3511 1194 3584 dirigentium,
1240 3528 1369 3584 non,
1408 3511 1805 3584 diligentiam;
1834 3511 1966 3572 nam
1998 3530 2127 3570 asar

466 3582 624 3655 enim
657 3582 936 3638 Hebraice
972 3586 1285 3655 nonsonat
1338 3583 1587 3655 diligere,
1623 3584 1721 3637 sed
1752 3583 2007 3655 dirigere,
2042 3588 2127 3641 in-

463 3654 652 3710 cedere
679 3659 737 3710 et
768 3656 946 3710 beare.
981 3654 1145 3710 Unde
1174 3655 1340 3709 Assur
1387 3654 1630 3722 dirigens
1661 3655 1744 3710 vel
1790 3654 1995 3721 beatus,
2026 3666 2124 3713 aut

498 3725 740 3799 radiens.
768 3726 882 3782 Nec
915 3725 1066 3781 male
1098 3742 1231 3799 cum
1255 3796 1264 3799 Α
1289 3725 1462 3799 editis
1506 3726 1844 3799 addendum
1889 3744 2123 3799 quoque

498 3744 740 3782 raaiens.
768 3744 882 3782 nec
915 3744 1066 3781 male
1098 3744 1231 3781 cum
1289 3744 1462 3781 cuius
1509 3744 1844 3781 audendum
1889 3744 2117 3799 quoque

461 3744 573 3853 hoc
604 3796 752 3865 loco,
778 3814 1012 3870 arguens
1041 3815 1054 3866 ;
1088 3797 1227 3870 quia
1252 3796 1309 3870 id
1334 3796 1764 3870 nonsigniﬁcat
1791 3815 1898 3853 vox
1924 3799 2117 3856 Assur.

464 3869 684 3943 Ibidem
717 3887 820 3942 pro
845 3867 1331 3943 homine'_.43uila
1352 3867 1615 3943 legimus
1671 3870 1887 3943 Amila;
1918 3875 1975 3943 et
2015 3888 2119 3943 pro

461 3940 687 4013 Δγ*σήαὸ
718 3939 1077 4013 'corruptum
1102 3940 1299 3995 Archal
1343 3939 1600 4013 Quorum
1633 3940 1993 4013 etymologiae
2015 3939 2114 3999 'ab

460 4012 814 4085 Hieronymo
845 4011 1127 4085 copulatae
1155 4028 1270 4085 non
1304 4011 1659 4085 respondent
1689 4011 1981 4083 eorrup'tis
2017 4031 2118 4069 no-

463 4082 724 4155 minibus
746 4086 872 4155 jam
904 4082 1097 4148 dictis,
1132 4083 1233 4139 sed
1257 4082 1547 4155 restitutis
1588 4084 1767 4138 Aivita
1798 4082 2115 4141 et’Archab.

460 4154 578 4229 Sub
611 4152 813 4229 eadem
844 4154 1036 4229 littera
1066 4161 1129 4229 A_
1162 4152 1734 4229 corrupte__leguntur
1782 4156 1981 4229 .5tggea,
2015 4174 2118 4229 pro

460 4227 635 4300 Aggai
657 4242 671 4294 ;
706 4226 764 4300 in
822 4225 1171 4300 etymologia
1201 4224 1482 4300 vacabuli
1523 4224 1686 4300 Agar,
1734 4224 1981 4300 adversa,
2014 4224 2117 4300 pro

459 4295 672 4352 advena
690 4313 711 4358 ;
744 4295 1185 4370 inpet'ymolo'gia
1212 4296 1413 4370 Apher,
1464 4295 1692 4353 humilis
1747 4315 1849 4370 pro
1881 4295 2114 4369 humus;

458 4373 518 4424 et
533 4384 759 4450 ‘uomen
791 4368 1000 4450 Abdam
1031 4384 1133 4450 pro
1186 4368 1414 4449 Amada,
1486 4385 1612 4450 quas
1650 4368 1868 4450 .om'uia
1897 4368 2115 4450 signiﬁé

457 4439 717 4497 cationes
746 4438 1113 4496 commutant
1145 4440 1270 4495 suis
1300 4455 1431 4495 cum
1487 4438 1716 4496 litteris.
1771 4441 1890 4497 Sub
1922 4438 2115 4499 littera

456 4510 499 4566 B
533 4511 761 4584 ineptas
792 4512 1113 4584 praesertim
1147 4511 1364 4567 habent
1394 4511 1798 4584 etymologiae
1833 4514 2113 4571 vocabula

456 4584 593 4656 Beor
620 4583 677 4639 et
705 4583 1228 4656 BochorLNecpuno
1278 4583 1449 4656 modo
1473 4583 1806 4656 depravata
1838 4585 2112 4656 leguntur

450 4654 512 4710 in
540 4654 837 4728 veteribus
872 4654 1251 4728 editionibue.
1285 4654 1430 4709 Nam
1462 4655 1620 4722 Beor,
1643 4655 1805 4728 quod
1832 4654 2106 4728 exprimi-

450 4727 629 4798 turin
658 4727 799 4798 pelle
837 4730 1142 4782 mutarunt
1196 4726 1477 4798 Erasmus
1531 4729 1589 4781 et
1642 4726 1941 4783 Marianas
1973 4745 2107 4784 cum

448 4797 624 4854 verbo
656 4797 894 4869 impelle.
933 4798 1148 4853 Deinde
1176 4798 1384 4853 Bochor
1413 4797 1829 4869 interpretatur
1850 4798 1909 4854 in
1943 4800 2109 4857 Eras-

416 4868 648 4925 .miana
676 4868 948 4935 editione,
985 4871 1257 4941 ingressus
1303 4870 1383 4924 est
1429 4877 1732 4939 angustus;
1788 4869 1849 4925 in
1905 4871 2108 4927 Maria-

451 4957 577 5015 naea
605 4944 823 5010 autem,
882 4943 946 5015 in
984 4943 1247 5015 ingressu
1322 4947 1409 5015 est
1472 4944 1753 5015 angustus.
1788 4941 2108 5015 Utramque

449 5011 658 5086 falsam
686 5010 1097 5086 etymologiam
1130 5010 1423 5080 tollentes,
1454 5011 1770 5086 genuinam
1818 5017 1875 5069 et
1909 5010 2107 5072 Hiero-

449 5084 788 5157 nymianam
822 5084 1195 5157 reposuimus
1220 5101 1233 5138 :
1259 5099 1487 5157 nempe,
1512 5084 1789 5153 ingressus
1811 5089 1888 5141 est
1908 5103 2101 5157 agnus.

449 5153 596 5229 Quia
625 5166 743 5229 N1:
765 5160 839 5212 Bo
881 5153 1173 5229 significat
1204 5156 1370 5226 venit,
1400 5153 1524 5229 sive
1576 5157 1854 5225 ingressus
1885 5153 2009 5229 est;
2050 5160 2107 5213 et

449 5237 515 5286 '1:
542 5227 672 5282 cher
698 5227 820 5282 sive
868 5226 1009 5284 char
1046 5243 1313 5283 sermone
1361 5226 1598 5282 Hebraeo
1644 5228 1828 5295 Agnus
1870 5228 2101 5284 dicitur.

447 5296 798 5371 Necpoﬁpria
838 5301 1181 5355 auctoritate
1224 5314 1393 5371 veras
1450 5299 1785 5371 Hieronymi
1828 5298 2105 5356 lectiones

450 5370 818 5425 restitui’mus
841 5386 854 5424 :
892 5372 991 5426 sed
1022 5370 1559 5426 vetustissimorum
1582 5370 1864 5427 librorum
1886 5372 2017 5439 ﬁde,
2039 5388 2104 5427 ac

448 5440 725 5514 codicum
751 5443 1285 5514 manuscriptorum
1318 5442 1478 5514 omni
1546 5442 1730 5512 copia.

515 5512 886 5582 Superﬁuum
919 5511 1109 5569 autem
1151 5517 1241 5585 est
1272 5512 1506 5569 lectoris
1555 5511 1766 5585 augere
1798 5511 2101 5568 fastidium

445 5579 759 5656 depravata
787 5599 1030 5656 qumque
1061 5584 1301 5640 nomina
1358 5579 1664 5640 Hebraica”
1697 5585 1783 5640 sic
1842 5584 1901 5638 in
1935 5600 2101 5656 aspe-

444 5653 608 5710 ctum
650 5653 957 5727 lucemque
1004 5657 1372 5727 proferendo.
1425 5657 1612 5720 Quare
1674 5672 1855 5711 unum
1911 5653 2103 5711 adhuc

443 5724 788 5797 exemplum
807 5724 1126 5797 proponam
1157 5745 1224 5783 ex
1254 5727 1595 5784 nominibus
1624 5727 1935 5797 depravata
1966 5728 2104 5782 scri-

444 5798 561 5865 ptis
591 5800 649 5867 et
678 5795 828 5850 male
856 5796 1248 5867 interpretatis
1282 5800 1392 5853 sub
1449 5799 1639 5853 littera
1697 5795 1770 5854 M.
1808 5799 1877 5854 Ut
1905 5815 1972 5853 ex
2022 5800 2104 5853 eis

438 5866 728 5933 iudicium
759 5867 947 5928 ferant
973 5867 1208 5939 eruditi,
1239 5875 1380 5948 quot
1407 5870 1527 5929 sint
1554 5870 1616 5929 in
1648 5875 1765 5930 toto
1805 5869 2101 5928 volumine

2231 518 2291 572 in
2325 518 2527 589 paucis
2557 518 2898 573 nominibus
2930 519 3328 589 reperiantur;
3363 518 3686 586 Malhusale,
3732 537 3865 577 mor-

2233 591 2313 663 tis!
2329 591 2627 653 concussio,
2678 606 2779 661 pro
2804 590 2999 663 mortis
3027 591 3280 663 emissio;
3339 592 3499 663 diem,
3553 608 3701 663 aqua
3726 609 3862 659 rara,

2231 661 2314 734 vel
2342 659 2692 734 eradOLpro‘
2732 662 2810 714 vel
2835 659 3042 734 elatiq;
3101 661 3344 734 Mamre,
3381 659 3613 726 divisio;
3656 679 3756 734 pro
3808 665 3866 719 de

2233 732 2480 805 visione;
2514 732 2781 792 Mabram,
2817 748 2918 801 pro
2948 732 3212 797 Massam;
3243 732 3499 805 Mabelili,
3528 749 3630 805 pro
3651 732 3866 805 Helelh;

2235 802 2495 871 Masreda,
2550 805 2661 857 sive
2717 805 2916 870 libans,
2978 820 3081 871 pro
3137 804 3248 857 sive
3301 802 3570 874 sibilans;
3630 804 3868 871 Malraid,

2230 875 2529 945 percussio,
2583 890 2686 943 pro
2736 877 3055 943 persecutio.
3106 874 3319 929 Mezaab
3348 892 3555 945 aquam
3583 877 3866 945 hauriens;

2236 962 2340 1016 pro
2369 962 2511 1015 aqua
2541 947 2670 999 auri
2694 962 2706 1010 ;
2741 946 2997 1011 Mabmr,
3052 961 3154 1015 pro
3205 946 3435 1001 Mabsar.
3477 950 3692 1003 Caetera
3719 953 3867 1004 taceo

2238 1033 2362 1087 qtae
2399 1032 2734 1086 perversum
2766 1016 3060 1070 habebant
3106 1018 3369 1071 ordinem
3427 1018 3485 1072 in
3516 1017 3684 1075 libris
3712 1027 3869 1075 antea

2235 1087 2410 1162 editis
2437 1105 2450 1154 ;
2482 1088 2620 1158 quia
2666 1087 2933 1162 sufﬁcere
2982 1087 3232 1142 arbitror
3281 1089 3516 1162 nomina
3547 1090 3868 1162 depravata,

2235 1159 2644 1283 Eraecipueque
2674 1159 2915 1213 vitiosas
2942 1164 3255 1214 annotasse
3304 1159 3703 1232 etymologiae,
3751 1159 3868 1233 qui;

2279 1247 2348 1283 us
2378 1246 2583 1283 ansam
2616 1229 3085 1283 reprehensionis
3146 1229 3349 1283 habuit
3394 1230 3777 1283 Hieronvmus
3816 1234 3867 1283 in

2279 1247 2348 1305 us
2378 1246 2583 1305 ansam
2613 1229 3085 1305 reprehensionis
3146 1229 3784 1305 habuit'Hierohymus'
3816 1234 3867 1288 in

2237 1302 2385 1356 libro
2417 1302 2807 1355 llebraicorum
2838 1303 3149 1356 Nominum.

2307 1371 2434 1427 Alia
2463 1378 2741 1443 praeterea
2773 1372 3291 1445 reprehensoribus
3338 1372 3670 1445 Hieronymi
3717 1390 3868 1430 occa-

2236 1442 3222 1517 sionem’prazbentverba_Hebraica
3236 1444 3483 1515 prOpriis
3504 1442 3871 1517 scripta‘litte-

2236 1462 2459 1498 suoncm
2525 1462 2926 1498 razuentverna
2944 1462 3222 1499 uenraica
3236 1462 3483 1515 pPOpI‘lls
3504 1462 3870 1517 scriptamte-

2234 1515 2315 1569 ris
2347 1462 2832 1585 apudpErasmum
2847 1532 2912 1569 ac
2926 1515 3273 1587 Marianum,
3294 1517 3394 1586 qui
3425 1533 3630 1587 parum
3652 1515 3870 1572 solliciti

2235 1586 2675 1659 consuetudinis
2704 1591 2985 1659 veterum,
3036 1590 3091 1640 et
3114 1586 3307 1659 Amoris
3338 1586 3790 1659 _Hieronymiani
3818 1589 3868 1643 in

2235 1658 2886 1731 exscribendisvocibus
2909 1656 3179 1721 Hebraeis,
3206 1675 3306 1728 pro
3338 1656 3685 1731 Hieronymo
3716 1660 3870 1715 nobis

2235 1729 2558 1783 obtrudunt
2588 1728 2981 1784 Massorethas
3002 1746 3021 1787 ,ο
3043 1746 3382 1800 erroresque
3401 1728 3572 1801 plena
3593 1747 3768 1786 manu
3799 1748 3873 1786 se-

2236 1816 2380 1873 rere,
2404 1816 2516 1854 non
2542 1802 2787 1873 auferre,
2807 1800 2863 1854 in
2884 1800 3010 1873 suis
3029 1801 3383 1855 editionibus
3406 1800 3870 1873 comprobantur.

2243 1872 2385 1945 Nam
2406 1873 2559 1945 quod
2588 1872 2645 1925 in
2679 1871 3111 1945 exemplaribus
3142 1871 3559 1945 manuscriptis
3578 1873 3797 1945 integre
3814 1890 3874 1945 ac

2240 1944 2491 2023 perfecte
2512 1942 3374 2023 descriptum‘legimu.s_Latinis
3395 1942 3749 2023 litteri_s,_bo'e
3769 1944 3873 2023 ipei

2239 2018 2321 2068 ita
2350 2015 2667 2084 depravant
2723 2014 3001 2069 adhibitis
3056 2014 3153 2069 ubi
3188 2032 3300 2070 non
3347 2016 3604 2085 oportuit
3632 2014 3874 2072 Hebrasis

2238 2085 2561 2158 elementis,
2598 2090 2664 2140 ut
2694 2086 2982 2140 sermonis
3015 2086 3233 2158 Hebraei
3275 2085 3613 2156 imperitum
3644 2103 3872 2158 prorsus

2239 2156 2678 2228 Hieronymum,
2711 2161 2767 2211 et
2798 2157 3017 2228 ubique
3048 2157 3465 2212 balbutientem
3524 2156 3693 2214 nobis
3722 2158 3872 2214 exhi-

2239 2174 2449 2211 meron
2495 2174 2678 2221 mum,
2711 2174 2767 2211 et
2798 2174 3017 2228 umque
3049 2174 3465 2212 DalDULlentem
3524 2174 3693 2214 noms
3722 2174 3872 2214 exm-

2237 2174 2656 2302 beantﬁ'luius
2690 2229 2770 2282 rei
2828 2234 3238 2302 argumentum
3295 2229 3658 2302 sumpsimus
3706 2246 3875 2302 supra

2239 2316 2307 2371 ex
2335 2300 2508 2371 verbo
2538 2302 2733 2365 Hareb,
2766 2300 2921 2371 quod
2948 2316 3249 2371 perperam
3274 2300 3553 2370 scriptum
3582 2300 3688 2357 hoc
3712 2300 3874 2357 modo

2238 2370 2448 2425 litteris
2480 2371 2734 2427 Hebraeis
2766 2370 2903 2437 ian,
2937 2370 3299 2426 occasionem
3330 2371 3539 2427 erroris
3571 2372 3728 2427 dedit
3755 2388 3877 2427 eru-

2238 2442 2546 2516 ditissime
2586 2443 2757 2516 etiam
2804 2441 3124 2516 Boeharto;
3186 2443 3284 2514 qui
3344 2443 3585 2516 putabat
3614 2443 3878 2516 Hierony-

2239 2530 2400 2585 mum
2433 2512 2859 2569 hallucinatum
2892 2514 3072 2569 fuisse
3099 2513 3159 2568 in
3190 2512 3534 2585 etymOIOgia
3554 2514 3741 2585 hujus
3779 2512 3875 2570 no-

2238 2584 2451 2639 minis:
2485 2601 2619 2639 cum
2654 2590 2849 2639 tamen
2874 2585 3114 2640 verbum
3165 2584 3356 2648 Hareb.
3391 2584 3477 2641 vel
3532 2584 3666 2641 Oreb
3696 2586 3777 2642 sic
3808 2588 3875 2642 ab

2240 2656 2585 2725 Hieronymo
2617 2657 2933 2728 scriptum,
2956 2673 3059 2728 pro
3089 2655 3419 2728 diversitate
3451 2657 3711 2713 lectionis
3763 2659 3875 2728 gla-

2235 2728 2386 2801 dium
2418 2734 2475 2782 et
2501 2727 2822 2801 siccitatem,
2856 2727 2942 2801 vel
2967 2727 3194 2801 corvum
3247 2727 3554 2801 signiﬁcet.
3606 2728 3667 2784 Id
3700 2727 3877 2801 genus

2238 2798 2667 2870 depravationis
2719 2798 3193 2854 manifestissime
3249 2798 3650 2855 demonstrant
3682 2798 3876 2856 manu-

2242 2870 2443 2941 scripti
2503 2887 2707 2925 omnes
2739 2870 2966 2926 codices
3015 2876 3301 2941 quotquot
3329 2876 3469 2926 sunt
3523 2871 3581 2926 in
3613 2872 3874 2929 universo

2238 2942 2375 3016 orbe
2404 2941 2731 3016 Christiano
2756 2959 2768 2996 :
2794 2958 2897 2996 nec
2919 2941 3155 3016 aliquod
3174 2942 3466 3016 exemplar
3489 2942 3699 3016 alicubi
3720 2960 3876 3016 repe-

2239 3013 2351 3067 ries
2380 3013 2533 3086 quod
2568 3013 2819 3086 Eras.pet
2881 3013 3116 3086 Marian.
3148 3013 3500 3086 editionibus
3557 3013 3726 3086 plane
3765 3013 3876 3070 non

2238 3084 2615 3139 contradicat.
2652 3084 2797 3147 Quia
2827 3101 2957 3139 vero
2989 3084 3046 3139 in
3071 3085 3421 3140 mentionem
3454 3084 3653 3141 eorum
3680 3085 3873 3152 incidi,

2242 3172 2356 3211 non
2389 3156 2493 3228 abs
2525 3173 2585 3210 re
2618 3156 2790 3211 fuerit
2835 3157 3192 3228 observasse,
3245 3173 3370 3227 qua:
3414 3158 3684 3228 leguntur
3712 3157 3877 3213 Libro

2241 3232 2439 3301 ectavo
2469 3226 3037 3301 Commentariorum
3069 3226 3399 3301 Hieronymi
3422 3226 3492 3282 inv
3529 3233 3703 3300 caput
3727 3245 3878 3284 xxvn

2240 3297 2554 3353 Ezechielis
2589 3299 2881 3371 prophetae
2912 3299 3158 3355 Versum
3183 3297 3335 3354 enim
3357 3297 3649 3371 quartum,
3681 3301 3879 3355 Finiti-

2234 3371 2315 3423 mi
2344 3371 2426 3424 lui
2449 3372 2546 3440 qui
2561 3372 2814 3439 leaediﬁc
2835 3375 3082 3435 averunl,
3110 3376 3218 3426 etc.
3240 3375 3471 3426 enarrat
3491 3372 3561 3426 ad
3588 3370 3742 3426 hunc
3765 3387 3881 3426 mo-

2235 3441 2413 3513 dum:
2450 3462 2479 3490 «
2507 3442 2614 3496 Pro
2647 3458 2763 3512 quo
2796 3442 2989 3496 nescio
3040 3440 3142 3513 qui
3196 3441 3473 3507 volentes,
3532 3441 3611 3496 ita
3638 3442 3879 3513 Septua-

2232 3512 2396 3638 ginta
2406 3514 2854 3577 transtulerunt;
2873 3512 3077 3568 Beelim
3088 3512 3877 3582 [iliituiczrcumdederuambi

2288 3600 2494 3638 .corem.
2528 3589 2634 3638 etc.
2669 3590 2866 3638 Sermo
2898 3584 3049 3638 enim
3085 3584 3299 3638 Beeliin
3327 3585 3383 3638 in
3431 3585 3539 3638 hoc
3570 3585 3692 3638 loco
3721 3585 3873 3638 anud

2288 3600 2495 3654 morem,
2528 3589 2634 3639 etc.
2669 3590 2866 3640 Sermo
2898 3584 3049 3639 enim
3085 3584 3299 3639 Beeliin
3327 3585 3383 3639 in
3431 3585 3539 3639 hoc
3570 3585 3692 3640 loco
3721 3585 3873 3655 apud

2233 3654 2501 3728 Hebraeos
2542 3657 2772 3727 penitus
2832 3656 3245 3728 nonhabetur,
3303 3658 3400 3711 sed
3450 3672 3570 3728 pro
3635 3654 3873 3728 Beelim,

2232 3726 2517 3797 scriptum
2546 3726 2638 3782 est
2686 3727 2999 3793 Gebulaich,
3062 3728 3217 3798 quod
3274 3726 3565 3799 signiﬁcat
3595 3727 3876 3799 terminos

2230 3802 2398 3871 tuos:
2466 3799 2651 3871 Inreo
2693 3815 2963 3871 _quoque
3021 3800 3173 3871 quod
3258 3798 3709 3871 diierunt,_ﬁlii
3766 3799 3877 3871 tui,

2229 3869 2385 3942 verbi
2444 3868 2830 3942 ambiguitate
2870 3868 3118 3942 decepti
3164 3875 3319 3942 sunt,
3355 3875 3435 3942 et,
3469 3868 3768 3941 scriptura:
3799 3870 3877 3925 si-

2230 3940 2584 4014 militudine,
2616 3940 2788 4014 ﬁdum
2847 3941 3322 4014 pronuntiatione
3382 3940 3608 4014 diversa
3661 3942 3878 3997 eazdem

2226 4011 2429 4067 littera:
2461 4011 2951 4069 comentariorum
2981 4017 3038 4068 et
3104 4013 3355 4068 ﬁliorum
3389 4013 3623 4069 Bonaich
3690 4017 3747 4068 et
3777 4014 3880 4067 Bc.

2225 4085 2390 4138 naich
2420 4082 2713 4156 leguntur.
2754 4110 2777 4130 ιι
2810 4085 2934 4139 Non
2968 4085 3158 4156 potuit
3204 4085 3588 4156 Hieronymus
3616 4084 3877 4156 apertius

2226 4155 2511 4226 exponere
2541 4156 2939 4228 Septuaginta
2952 4155 3339 4228 I’nterpretum
3363 4155 3876 4228 hallucinationem

2225 4243 2290 4282 ex
2325 4226 2706 4299 ambiguitate
2736 4226 2891 4282 verbi
2923 4226 3143 4282 Hebrw‘i
3200 4237 3354 4309 -ίηε,
3387 4227 3535 4300 quod
3590 4227 3758 4298 juxta
3790 4228 3877 4282 di-

2224 4331 2452 4371 versam
2486 4316 3023 4388 pronuntiationem
3054 4316 3348 4388 signiﬁcat
3405 4316 3575 4388 modo
3603 4323 3876 4372 cemeula-

2223 4388 2338 4441 rios
2369 4387 2507 4457 tuos,
2544 4387 2716 4443 modo
2741 4387 2890 4458 ﬁlios
2921 4396 3057 4443 tuos.
3095 4387 3153 4444 Si
3188 4388 3415 4443 bonaich
3448 4387 3625 4459 legas,
3659 4404 3877 4444 cemen-

2222 4460 2392 4513 tarios
2418 4467 2575 4526 tuos;
2609 4459 2884 4531 siautem
2919 4460 3145 4514 benaich
3204 4458 3685 4531 pronuntiaveris,
3728 4460 3877 4531 ﬁlios

2223 4537 2340 4602 luas
2376 4531 2611 4586 verbum
2641 4529 2784 4586 illud
2817 4531 3126 4602 signiﬁcat.
3161 4529 3231 4585 At
3286 4531 3343 4585 in
3376 4530 3545 4585 editis
3594 4535 3775 4602 gantea
3805 4530 3875 4585 li-

2224 4600 2346 4673 bris
2375 4606 2644 4673 corrupte
2699 4609 2755 4657 et
2812 4600 3052 4673 confuse
3111 4602 3307 4657 omnia
3363 4602 3535 4658 verba
3591 4600 3878 4657 Hebraica

2219 4672 2509 4744 descripta
2531 4672 2691 4741 sunt,
2726 4690 2829 4729 nec
2861 4672 3096 4729 illorum
3128 4674 3415 4729 diversam
3445 4673 3876 4744 pronuntiatio-

2219 4760 2351 4817 nem
2385 4745 2538 4817 apud
2574 4746 2901 4817 Erasmuin
2941 4744 3026 4801 vel
3056 4745 3376 4817 Marianum
3428 4749 3622 4817 notam
3652 4761 3718 4800 ac
3749 4745 3875 4817 dis-

2219 4815 2456 4871 tinctam
2489 4815 2732 4872 habebis
2759 4834 2771 4884 ;
2807 4816 2945 4888 quia
2967 4817 3049 4873 sic
3072 4816 3376 4873 lectionem
3409 4816 3751 4889 perturbant
3783 4816 3875 4873 lit-

2215 4904 2355 4960 teris
2411 4904 2709 4961 Hebraicis
2769 4906 3077 4961 scribendo
3106 4890 3302 4987 1571::
3353 4916 3485 4993 ψει
3539 4908 3596 4961 et
3620 4915 3778 4993 qua,
3814 4905 3871 4960 id

2215 4998 2326 5062 est,
2360 4994 2627 5066 benaiirh,
2662 4998 2718 5066 et
2749 4994 2911 5066 bnirh
2938 4995 3264 5066 gcbulciich.
3296 4995 3424 5050 Haec
3445 4994 3697 5066 profecto
3753 5012 3870 5051 non

2216 5069 2355 5140 sunt
2386 5065 2676 5140 Hebraica:
2707 5064 2983 5140 lectiones
3041 5064 3527 5140 Ilicrony'mianie;
3576 5067 3678 5121 sed
3708 5082 3870 5122 erro-

2215 5134 2307 5192 res
2339 5137 2742 5220 imperitorum
2766 5138 3057 5219 editorum
3078 5144 3177 5221 aut
3194 5134 3709 5264 typ’ographoruru,
3726 5155 3872 5211 quo-

2215 5225 2343 5263 rum
2376 5214 2605 5264 mentun
2653 5213 2710 5263 et
2738 5208 3032 5264 balbuties
3091 5227 3149 5264 1n
3197 5228 3255 5264 re
3302 5228 3369 5264 us
3402 5210 3699 5264 Hebraicis
3742 5227 3870 5264 ma-

2214 5225 2343 5263 rum
2376 5208 2605 5279 ineptia)
2653 5213 2710 5263 et
2738 5208 3032 5264 balbuties
3091 5209 3149 5264 in
3197 5208 3369 5266 rebus
3402 5208 3699 5265 Hebraicis
3742 5208 3870 5265 ma-

2215 5280 2419 5354 teriam
2456 5281 2675 5351 ubique
2706 5281 3161 5354 subministrant
3189 5282 3478 5353 opinionis
3533 5280 3690 5337 illius
3718 5299 3869 5354 pra:-

2206 5352 2479 5422 judicatzn
2514 5354 2583 5407 de
2612 5369 2730 5423 qua
2761 5370 2914 5409 nunc
2947 5352 3266 5425 loquimur.

2284 5441 2561 5496 Eamdcm
2595 5440 2899 5515 imperitia:
2932 5443 3324 5513 suspicionem
3358 5443 3414 5497 in
3448 5442 3864 5515 Hieronymum

2214 5518 2565 5586 pepererunt
2612 5512 2940 5586 allegoriae
3000 5512 3266 5586 quaedam
3325 5512 3732 5586 expositiones,
3778 5514 3864 5569 vel

2212 5583 2573 5658 etymologia:
2608 5584 2876 5658 iudoctze
2906 5583 3355 5658 quamplurima:
3400 5583 3723 5641 hominum
3756 5590 3867 5643 He-

2212 5655 2582 5739 braicerum.‘
2624 5655 2730 5738 Qui
2765 5655 2944 5739 .enirn
2999 5655 3184 5739 unum
3241 5658 3431 5739 locum
3490 5662 3863 5739 aut__partem

2211 5726 2474 5802 alicujus»
2492 5724 2811 5802 voluminis
2841 5729 3111 5802 exiguam
3139 5728 3344 5799 legerit
3402 5728 3555 5800 apud
3586 5724 3864 5802 Hierony-

2216 5816 2398 5867 mum,
2432 5800 2476 5853 si
2499 5801 2783 5870 apropria
2806 5801 2986 5856 saliva
3010 5800 3215 5856 viderit
3240 5803 3566 5872 discrepare
3586 5800 3863 5857 eruditio-

2213 5886 2345 5928 nem
2379 5872 2528 5944 ejus,
2550 5873 2979 5947 verborumque
3000 5873 3509 5950 interpretationes
3534 5889 3547 5932 :
3569 5873 3861 5935 sermonis
