  <div class='ocr_page' id='page_1' title='image "/cluster/home/n/w/nwhite01/storage/ocr_20150623/23/umn.31951d034773078/828.png"; bbox 0 0 3984 6398; ppageno 0'>
   <div class='ocr_carea' id='block_1_1' title="bbox 291 322 447 385">
    <p class='ocr_par' dir='ltr' id='par_1_1' title="bbox 291 322 447 385">
     <span class='ocr_line' id='line_1_1' title="bbox 291 322 447 385; baseline 0 -2"><span class='ocrx_word' id='word_1_1' title='bbox 291 322 447 385; x_wconf 78' lang='grc'>163⁸7</span> 
     </span>
    </p>
   </div>
   <div class='ocr_carea' id='block_1_2' title="bbox 290 526 1930 598">
    <p class='ocr_par' dir='ltr' id='par_1_2' title="bbox 290 526 1930 598">
     <span class='ocr_line' id='line_1_2' title="bbox 290 526 1930 598; baseline -0.001 -17"><span class='ocrx_word' id='word_1_2' title='bbox 290 527 663 594; x_wconf 72' lang='lat' dir='ltr'>Quwstionum</span> <span class='ocrx_word' id='word_1_3' title='bbox 690 528 1077 584; x_wconf 82' lang='lat' dir='ltr'>Hebraicarum</span> <span class='ocrx_word' id='word_1_4' title='bbox 1125 530 1181 582; x_wconf 92' lang='lat' dir='ltr'>in</span> <span class='ocrx_word' id='word_1_5' title='bbox 1215 526 1507 589; x_wconf 83' lang='lat' dir='ltr'>Genesim.</span> <span class='ocrx_word' id='word_1_6' title='bbox 1557 528 1656 582; x_wconf 89' lang='lat' dir='ltr'>ubi</span> <span class='ocrx_word' id='word_1_7' title='bbox 1708 526 1930 598; x_wconf 89' lang='lat' dir='ltr'>Proprii</span> 
     </span>
    </p>
   </div>
   <div class='ocr_carea' id='block_1_3' title="bbox 288 597 1935 671">
    <p class='ocr_par' dir='ltr' id='par_1_3' title="bbox 288 597 1935 671">
     <span class='ocr_line' id='line_1_3' title="bbox 288 597 1935 671; baseline 0 -19"><span class='ocrx_word' id='word_1_8' title='bbox 288 598 481 671; x_wconf 87' lang='lat' dir='ltr'>operis</span> <span class='ocrx_word' id='word_1_9' title='bbox 510 597 821 671; x_wconf 85' lang='lat' dir='ltr'>consilium</span> <span class='ocrx_word' id='word_1_10' title='bbox 851 600 1123 671; x_wconf 85' lang='lat' dir='ltr'>preponit</span> <span class='ocrx_word' id='word_1_11' title='bbox 1145 599 1235 654; x_wconf 91' lang='lat' dir='ltr'>his</span> <span class='ocrx_word' id='word_1_12' title='bbox 1265 600 1503 671; x_wconf 79' lang='lat' dir='ltr'>verbis:</span> <span class='ocrx_word' id='word_1_13' title='bbox 1535 621 1563 648; x_wconf 90' lang='grc'><em>‹‹</em></span> <span class='ocrx_word' id='word_1_14' title='bbox 1588 599 1775 671; x_wconf 80' lang='lat' dir='ltr'>studii</span> <span class='ocrx_word' id='word_1_15' title='bbox 1799 597 1935 668; x_wconf 87' lang='lat' dir='ltr'>ergo</span> 
     </span>
    </p>
   </div>
   <div class='ocr_carea' id='block_1_4' title="bbox 289 669 1938 741">
    <p class='ocr_par' dir='ltr' id='par_1_4' title="bbox 289 669 1938 741">
     <span class='ocr_line' id='line_1_4' title="bbox 289 669 1938 741; baseline 0 -17"><span class='ocrx_word' id='word_1_16' title='bbox 289 670 473 724; x_wconf 85' lang='lat' dir='ltr'>nostri</span> <span class='ocrx_word' id='word_1_17' title='bbox 505 669 634 734; x_wconf 89' lang='lat' dir='ltr'>erit,</span> <span class='ocrx_word' id='word_1_18' title='bbox 664 670 751 724; x_wconf 98' lang='lat' dir='ltr'>vel</span> <span class='ocrx_word' id='word_1_19' title='bbox 783 669 983 725; x_wconf 76' lang='lat' dir='ltr'>eorum</span> <span class='ocrx_word' id='word_1_20' title='bbox 1017 670 1115 741; x_wconf 89' lang='lat' dir='ltr'>qui</span> <span class='ocrx_word' id='word_1_21' title='bbox 1149 671 1217 725; x_wconf 87' lang='lat' dir='ltr'>de</span> <span class='ocrx_word' id='word_1_22' title='bbox 1256 671 1422 725; x_wconf 82' lang='lat' dir='ltr'>libris</span> <span class='ocrx_word' id='word_1_23' title='bbox 1453 670 1749 725; x_wconf 79' lang='lat' dir='ltr'>Hebraicis</span> <span class='ocrx_word' id='word_1_24' title='bbox 1779 672 1938 724; x_wconf 87' lang='lat' dir='ltr'>varia</span> 
     </span>
    </p>
   </div>
   <div class='ocr_carea' id='block_1_5' title="bbox 288 741 1936 812">
    <p class='ocr_par' dir='ltr' id='par_1_5' title="bbox 288 741 1936 812">
     <span class='ocr_line' id='line_1_5' title="bbox 288 741 1936 812; baseline 0 -18"><span class='ocrx_word' id='word_1_25' title='bbox 288 741 691 812; x_wconf 88' lang='lat' dir='ltr'>suspicantur,</span> <span class='ocrx_word' id='word_1_26' title='bbox 719 757 944 797; x_wconf 91' lang='lat' dir='ltr'>errores</span> <span class='ocrx_word' id='word_1_27' title='bbox 976 742 1237 796; x_wconf 75' lang='lat' dir='ltr'>refellere</span> <span class='ocrx_word' id='word_1_28' title='bbox 1270 759 1281 797; x_wconf 87' lang='lat'>:</span> <span class='ocrx_word' id='word_1_29' title='bbox 1316 742 1401 796; x_wconf 89' lang='lat' dir='ltr'>vel</span> <span class='ocrx_word' id='word_1_30' title='bbox 1433 758 1501 796; x_wconf 90' lang='lat' dir='ltr'><strong>ea</strong></span> <span class='ocrx_word' id='word_1_31' title='bbox 1531 758 1657 812; x_wconf 66' lang='lat' dir='ltr'>qua:</span> <span class='ocrx_word' id='word_1_32' title='bbox 1690 741 1748 795; x_wconf 91' lang='lat' dir='ltr'>in</span> <span class='ocrx_word' id='word_1_33' title='bbox 1784 741 1936 812; x_wconf 47' lang='lat' dir='ltr'>Lati:</span> 
     </span>
    </p>
   </div>
   <div class='ocr_carea' id='block_1_6' title="bbox 289 811 1936 877">
    <p class='ocr_par' dir='ltr' id='par_1_6' title="bbox 289 811 1936 877">
     <span class='ocr_line' id='line_1_6' title="bbox 289 811 1936 877; baseline -0.001 -11"><span class='ocrx_word' id='word_1_34' title='bbox 289 811 383 866; x_wconf 88' lang='lat' dir='ltr'>nis</span> <span class='ocrx_word' id='word_1_35' title='bbox 408 811 467 867; x_wconf 88' lang='lat' dir='ltr'>et</span> <span class='ocrx_word' id='word_1_36' title='bbox 495 811 710 867; x_wconf 64' lang='lat' dir='ltr'>Graecis</span> <span class='ocrx_word' id='word_1_37' title='bbox 732 812 1032 867; x_wconf 88' lang='lat' dir='ltr'>codicibus</span> <span class='ocrx_word' id='word_1_38' title='bbox 1050 818 1269 868; x_wconf 80' lang='lat' dir='ltr'>scatere</span> <span class='ocrx_word' id='word_1_39' title='bbox 1296 811 1588 877; x_wconf 84' lang='lat' dir='ltr'>videntur,</span> <span class='ocrx_word' id='word_1_40' title='bbox 1606 811 1936 868; x_wconf 77' lang='lat' dir='ltr'>auctoritati</span> 
     </span>
    </p>
   </div>
   <div class='ocr_carea' id='block_1_7' title="bbox 288 882 1935 955">
    <p class='ocr_par' dir='ltr' id='par_1_7' title="bbox 288 882 1935 955">
     <span class='ocr_line' id='line_1_7' title="bbox 288 882 1935 955; baseline -0.001 -17"><span class='ocrx_word' id='word_1_41' title='bbox 288 899 410 938; x_wconf 69' lang='lat' dir='ltr'>suis</span> <span class='ocrx_word' id='word_1_42' title='bbox 434 882 692 955; x_wconf 85' lang='lat' dir='ltr'><strong>reddere,</strong></span> <span class='ocrx_word' id='word_1_43' title='bbox 735 883 1114 955; x_wconf 86' lang='lat' dir='ltr'>etymologias</span> <span class='ocrx_word' id='word_1_44' title='bbox 1136 900 1367 955; x_wconf 91' lang='lat' dir='ltr'>quoque</span> <span class='ocrx_word' id='word_1_45' title='bbox 1386 883 1935 954; x_wconf 87' lang='lat' dir='ltr'>rerum,nominum,</span> 
     </span>
    </p>
   </div>
   <div class='ocr_carea' id='block_1_8' title="bbox 289 954 1939 1026">
    <p class='ocr_par' dir='ltr' id='par_1_8' title="bbox 289 954 1939 1026">
     <span class='ocr_line' id='line_1_8' title="bbox 289 954 1939 1026; baseline 0.001 -19"><span class='ocrx_word' id='word_1_46' title='bbox 289 958 468 1024; x_wconf 91' lang='lat' dir='ltr'>atque</span> <span class='ocrx_word' id='word_1_47' title='bbox 498 954 1076 1026; x_wconf 9' lang='lat' dir='ltr'>regionum’,rquaain</span> <span class='ocrx_word' id='word_1_48' title='bbox 1108 954 1306 1010; x_wconf 79' lang='lat' dir='ltr'>nestro</span> <span class='ocrx_word' id='word_1_49' title='bbox 1337 971 1603 1010; x_wconf 86' lang='lat' dir='ltr'><strong>sermone</strong></span> <span class='ocrx_word' id='word_1_50' title='bbox 1634 972 1746 1009; x_wconf 91' lang='lat' dir='ltr'>non</span> <span class='ocrx_word' id='word_1_51' title='bbox 1777 971 1939 1009; x_wconf 89' lang='lat' dir='ltr'>reso-</span> 
     </span>
    </p>
   </div>
   <div class='ocr_carea' id='block_1_9' title="bbox 290 1024 1939 1098">
    <p class='ocr_par' dir='ltr' id='par_1_9' title="bbox 290 1024 1939 1098">
     <span class='ocr_line' id='line_1_9' title="bbox 290 1024 1939 1098; baseline 0.001 -19"><span class='ocrx_word' id='word_1_52' title='bbox 290 1030 457 1089; x_wconf 87' lang='lat' dir='ltr'>nant,</span> <span class='ocrx_word' id='word_1_53' title='bbox 489 1024 812 1098; x_wconf 66' lang='lat' dir='ltr'>vernaculae</span> <span class='ocrx_word' id='word_1_54' title='bbox 841 1024 1052 1097; x_wconf 67' lang='lat' dir='ltr'>lingua:</span> <span class='ocrx_word' id='word_1_55' title='bbox 1082 1027 1390 1098; x_wconf 89' lang='lat' dir='ltr'>explanare</span> <span class='ocrx_word' id='word_1_56' title='bbox 1421 1028 1710 1098; x_wconf 84' lang='lat' dir='ltr'>ratione...</span> <span class='ocrx_word' id='word_1_57' title='bbox 1742 1026 1939 1097; x_wconf 88' lang='lat' dir='ltr'><strong>Neque</strong></span> 
     </span>
    </p>
   </div>
   <div class='ocr_carea' id='block_1_10' title="bbox 287 1096 1938 1169">
    <p class='ocr_par' dir='ltr' id='par_1_10' title="bbox 287 1096 1938 1169">
     <span class='ocr_line' id='line_1_10' title="bbox 287 1096 1938 1169; baseline 0.001 -19"><span class='ocrx_word' id='word_1_58' title='bbox 287 1111 425 1151; x_wconf 91' lang='lat' dir='ltr'>vero</span> <span class='ocrx_word' id='word_1_59' title='bbox 444 1096 825 1169; x_wconf 80' lang='lat' dir='ltr'>Septuaginta</span> <span class='ocrx_word' id='word_1_60' title='bbox 855 1096 1265 1169; x_wconf 82' lang='lat' dir='ltr'>Interpretum,</span> <span class='ocrx_word' id='word_1_61' title='bbox 1299 1102 1364 1152; x_wconf 92' lang='lat' dir='ltr'>ut</span> <span class='ocrx_word' id='word_1_62' title='bbox 1390 1097 1570 1152; x_wconf 84' lang='lat' dir='ltr'>invidi</span> <span class='ocrx_word' id='word_1_63' title='bbox 1604 1096 1938 1169; x_wconf 82' lang='lat' dir='ltr'>latrant,er-</span> 
     </span>
    </p>
   </div>
   <div class='ocr_carea' id='block_1_11' title="bbox 288 1168 1940 1248">
    <p class='ocr_par' dir='ltr' id='par_1_11' title="bbox 288 1168 1940 1248">
     <span class='ocr_line' id='line_1_11' title="bbox 288 1168 1940 1248; baseline 0 -25"><span class='ocrx_word' id='word_1_64' title='bbox 288 1183 451 1248; x_wconf 88' lang='lat' dir='ltr'>rores</span> <span class='ocrx_word' id='word_1_65' title='bbox 480 1168 786 1248; x_wconf 82' lang='lat' dir='ltr'>arguimus</span> <span class='ocrx_word' id='word_1_66' title='bbox 818 1184 830 1223; x_wconf 91' lang='lat'>:</span> <span class='ocrx_word' id='word_1_67' title='bbox 859 1185 970 1248; x_wconf 80' lang='lat' dir='ltr'>nec</span> <span class='ocrx_word' id='word_1_68' title='bbox 995 1168 1260 1248; x_wconf 81' lang='lat' dir='ltr'>nostrum</span> <span class='ocrx_word' id='word_1_69' title='bbox 1295 1170 1573 1248; x_wconf 83' lang='lat' dir='ltr'>laborem,</span> <span class='ocrx_word' id='word_1_70' title='bbox 1597 1168 1836 1248; x_wconf 59' lang='lat' dir='ltr'>illorum</span> <span class='ocrx_word' id='word_1_71' title='bbox 1856 1184 1940 1248; x_wconf 85' lang='lat' dir='ltr'>re-</span> 
     </span>
    </p>
   </div>
   <div class='ocr_carea' id='block_1_12' title="bbox 287 1238 1941 1319">
    <p class='ocr_par' dir='ltr' id='par_1_12' title="bbox 287 1238 1941 1319">
     <span class='ocr_line' id='line_1_12' title="bbox 287 1238 1941 1319; baseline 0.001 -27"><span class='ocrx_word' id='word_1_72' title='bbox 287 1238 737 1319; x_wconf 30' lang='lat' dir='ltr'>prehensi’enem</span> <span class='ocrx_word' id='word_1_73' title='bbox 771 1244 1069 1319; x_wconf 85' lang='lat' dir='ltr'>putamus,</span> <span class='ocrx_word' id='word_1_74' title='bbox 1117 1246 1225 1319; x_wconf 75' lang='lat' dir='ltr'>etc.</span> <span class='ocrx_word' id='word_1_75' title='bbox 1260 1262 1310 1319; x_wconf 68' lang='grc' dir='ltr'>Δ››</span> <span class='ocrx_word' id='word_1_76' title='bbox 1342 1241 1530 1319; x_wconf 68' lang='lat' dir='ltr'>Quare</span> <span class='ocrx_word' id='word_1_77' title='bbox 1559 1256 1711 1319; x_wconf 80' lang='lat' dir='ltr'>ergo</span> <span class='ocrx_word' id='word_1_78' title='bbox 1744 1239 1941 1319; x_wconf 28' lang='lat' dir='ltr'>ilatrat</span> 
     </span>
    </p>
   </div>
   <div class='ocr_carea' id='block_1_13' title="bbox 286 1308 1940 1382">
    <p class='ocr_par' dir='ltr' id='par_1_13' title="bbox 286 1308 1940 1382">
     <span class='ocr_line' id='line_1_13' title="bbox 286 1308 1940 1382; baseline 0.001 -19"><span class='ocrx_word' id='word_1_79' title='bbox 286 1308 526 1382; x_wconf 86' lang='lat' dir='ltr'>invidus</span> <span class='ocrx_word' id='word_1_80' title='bbox 562 1308 837 1382; x_wconf 66' lang='lat' dir='ltr'>[lictoriae</span> <span class='ocrx_word' id='word_1_81' title='bbox 879 1313 1081 1365; x_wconf 61' lang='lat' dir='ltr'>critic-ae</span> <span class='ocrx_word' id='word_1_82' title='bbox 1098 1308 1940 1382; x_wconf 50' lang='lat' dir='ltr'>scriptor?Imitetur&#39;deinceps</span> 
     </span>
    </p>
   </div>
   <div class='ocr_carea' id='block_1_14' title="bbox 289 1380 1939 1447">
    <p class='ocr_par' dir='ltr' id='par_1_14' title="bbox 289 1380 1939 1447">
     <span class='ocr_line' id='line_1_14' title="bbox 289 1380 1939 1447; baseline 0.002 -13"><span class='ocrx_word' id='word_1_83' title='bbox 289 1397 408 1435; x_wconf 88' lang='lat' dir='ltr'>non</span> <span class='ocrx_word' id='word_1_84' title='bbox 458 1380 703 1447; x_wconf 87' lang='lat' dir='ltr'>invidos,</span> <span class='ocrx_word' id='word_1_85' title='bbox 754 1398 858 1437; x_wconf 89' lang='lat' dir='ltr'>nec</span> <span class='ocrx_word' id='word_1_86' title='bbox 908 1383 1117 1437; x_wconf 89' lang='lat' dir='ltr'>stultos</span> <span class='ocrx_word' id='word_1_87' title='bbox 1167 1380 1474 1437; x_wconf 80' lang='lat' dir='ltr'>calumniae</span> <span class='ocrx_word' id='word_1_88' title='bbox 1524 1383 1795 1447; x_wconf 84' lang='lat' dir='ltr'>artiﬁces,</span> <span class='ocrx_word' id='word_1_89' title='bbox 1838 1380 1939 1437; x_wconf 82' lang='lat' dir='ltr'>sed</span> 
     </span>
    </p>
   </div>
   <div class='ocr_carea' id='block_1_15' title="bbox 285 1451 1940 1578">
    <p class='ocr_par' dir='ltr' id='par_1_15' title="bbox 285 1451 1940 1578">
     <span class='ocr_line' id='line_1_15' title="bbox 285 1451 1940 1578; baseline 0.001 -72"><span class='ocrx_word' id='word_1_90' title='bbox 285 1451 487 1578; x_wconf 72' lang='lat' dir='ltr'>potius</span> <span class='ocrx_word' id='word_1_91' title='bbox 518 1452 812 1508; x_wconf 87' lang='lat' dir='ltr'>modestos</span> <span class='ocrx_word' id='word_1_92' title='bbox 846 1456 1018 1525; x_wconf 86' lang='lat' dir='ltr'>atque</span> <span class='ocrx_word' id='word_1_93' title='bbox 1041 1455 1308 1509; x_wconf 60' lang='lat' dir='ltr'>curdatos</span> <span class='ocrx_word' id='word_1_94' title='bbox 1339 1458 1625 1519; x_wconf 88' lang='lat' dir='ltr'>auctores,</span> <span class='ocrx_word' id='word_1_95' title='bbox 1649 1452 1940 1524; x_wconf 85' lang='lat' dir='ltr'>imprimis</span> 
     </span>
     <span class='ocr_line' id='line_1_16' title="bbox 325 1522 1939 1578; baseline 0.001 -2"><span class='ocrx_word' id='word_1_96' title='bbox 325 1522 575 1578; x_wconf 86' lang='lat' dir='ltr'>acobum</span> <span class='ocrx_word' id='word_1_97' title='bbox 635 1523 996 1578; x_wconf 88' lang='lat' dir='ltr'>Bont&#39;rerium</span> <span class='ocrx_word' id='word_1_98' title='bbox 1059 1525 1158 1578; x_wconf 86' lang='lat' dir='ltr'>oui</span> <span class='ocrx_word' id='word_1_99' title='bbox 1222 1525 1361 1578; x_wconf 74' lang='lat' dir='ltr'>LXX</span> <span class='ocrx_word' id='word_1_100' title='bbox 1402 1525 1787 1578; x_wconf 86' lang='lat' dir='ltr'>lnteroretum</span> <span class='ocrx_word' id='word_1_101' title='bbox 1817 1540 1939 1578; x_wconf 88' lang='lat' dir='ltr'>ver-</span> 
     </span>
    </p>
   </div>
   <div class='ocr_carea' id='block_1_16' title="bbox 325 1522 1939 1597">
    <p class='ocr_par' dir='ltr' id='par_1_16' title="bbox 325 1522 1939 1597">
     <span class='ocr_line' id='line_1_17' title="bbox 325 1522 1939 1597; baseline -0.001 -19"><span class='ocrx_word' id='word_1_102' title='bbox 325 1522 575 1597; x_wconf 76' lang='lat' dir='ltr'>acobum</span> <span class='ocrx_word' id='word_1_103' title='bbox 635 1522 996 1597; x_wconf 55' lang='lat' dir='ltr'>Bontreriiim</span> <span class='ocrx_word' id='word_1_104' title='bbox 1059 1525 1158 1597; x_wconf 88' lang='lat' dir='ltr'>qui</span> <span class='ocrx_word' id='word_1_105' title='bbox 1222 1525 1361 1579; x_wconf 75' lang='lat' dir='ltr'>LXX</span> <span class='ocrx_word' id='word_1_106' title='bbox 1402 1522 1787 1597; x_wconf 81' lang='lat' dir='ltr'>Interpretum</span> <span class='ocrx_word' id='word_1_107' title='bbox 1817 1540 1939 1578; x_wconf 88' lang='lat' dir='ltr'>ver-</span> 
     </span>
    </p>
   </div>
   <div class='ocr_carea' id='block_1_17' title="bbox 287 1593 1937 1666">
    <p class='ocr_par' dir='ltr' id='par_1_17' title="bbox 287 1593 1937 1666">
     <span class='ocr_line' id='line_1_18' title="bbox 287 1593 1937 1666; baseline 0.001 -18"><span class='ocrx_word' id='word_1_108' title='bbox 287 1594 515 1666; x_wconf 87' lang='lat' dir='ltr'>sionem</span> <span class='ocrx_word' id='word_1_109' title='bbox 550 1593 742 1665; x_wconf 84' lang='lat' dir='ltr'>ipsius</span> <span class='ocrx_word' id='word_1_110' title='bbox 775 1593 1108 1666; x_wconf 73' lang='lat' dir='ltr'>Hieronynii</span> <span class='ocrx_word' id='word_1_111' title='bbox 1142 1602 1343 1651; x_wconf 89' lang='lat' dir='ltr'>tuetur</span> <span class='ocrx_word' id='word_1_112' title='bbox 1371 1593 1656 1666; x_wconf 79' lang='lat' dir='ltr'>exemplo,</span> <span class='ocrx_word' id='word_1_113' title='bbox 1692 1595 1891 1666; x_wconf 87' lang='lat' dir='ltr'>dicens</span> <span class='ocrx_word' id='word_1_114' title='bbox 1925 1611 1937 1650; x_wconf 91' lang='lat'><strong>:</strong></span> 
     </span>
    </p>
   </div>
   <div class='ocr_carea' id='block_1_18' title="bbox 288 1664 1938 1738">
    <p class='ocr_par' dir='ltr' id='par_1_18' title="bbox 288 1664 1938 1738">
     <span class='ocr_line' id='line_1_19' title="bbox 288 1664 1938 1738; baseline 0.001 -19"><span class='ocrx_word' id='word_1_115' title='bbox 288 1686 319 1713; x_wconf 84' lang='grc'>‹‹</span> <span class='ocrx_word' id='word_1_116' title='bbox 355 1664 826 1738; x_wconf 65' lang='lat' dir='ltr'>Quibus,etiam,</span> <span class='ocrx_word' id='word_1_117' title='bbox 860 1664 1015 1738; x_wconf 86' lang='lat' dir='ltr'>quod</span> <span class='ocrx_word' id='word_1_118' title='bbox 1053 1667 1281 1733; x_wconf 83' lang='lat' dir='ltr'>mirere,</span> <span class='ocrx_word' id='word_1_119' title='bbox 1327 1664 1591 1721; x_wconf 87' lang='lat' dir='ltr'>nonnulli</span> <span class='ocrx_word' id='word_1_120' title='bbox 1650 1665 1938 1738; x_wconf 76' lang='lat' dir='ltr'>catholici,</span> 
     </span>
    </p>
   </div>
   <div class='ocr_carea' id='block_1_19' title="bbox 288 1736 1939 1808">
    <p class='ocr_par' dir='ltr' id='par_1_19' title="bbox 288 1736 1939 1808">
     <span class='ocr_line' id='line_1_20' title="bbox 288 1736 1939 1808; baseline 0.002 -18"><span class='ocrx_word' id='word_1_121' title='bbox 288 1736 731 1808; x_wconf 89' lang='lat' dir='ltr'>meojudicio,</span> <span class='ocrx_word' id='word_1_122' title='bbox 806 1736 1012 1808; x_wconf 81' lang='lat' dir='ltr'>parum</span> <span class='ocrx_word' id='word_1_123' title='bbox 1070 1738 1158 1793; x_wconf 87' lang='lat' dir='ltr'>vel</span> <span class='ocrx_word' id='word_1_124' title='bbox 1230 1738 1513 1804; x_wconf 84' lang='lat' dir='ltr'>modesti,</span> <span class='ocrx_word' id='word_1_125' title='bbox 1587 1737 1671 1792; x_wconf 91' lang='lat' dir='ltr'>vel</span> <span class='ocrx_word' id='word_1_126' title='bbox 1746 1737 1939 1808; x_wconf 90' lang='lat' dir='ltr'>periti.</span> 
     </span>
    </p>
   </div>
   <div class='ocr_carea' id='block_1_20' title="bbox 288 1807 1945 1880">
    <p class='ocr_par' dir='ltr' id='par_1_20' title="bbox 288 1807 1945 1880">
     <span class='ocr_line' id='line_1_21' title="bbox 288 1807 1945 1880; baseline -0.001 -18"><span class='ocrx_word' id='word_1_127' title='bbox 288 1807 606 1862; x_wconf 90' lang='lat' dir='ltr'>succinunt</span> <span class='ocrx_word' id='word_1_128' title='bbox 647 1826 660 1876; x_wconf 91' lang='lat'><strong>;</strong></span> <span class='ocrx_word' id='word_1_129' title='bbox 712 1807 853 1863; x_wconf 84' lang='lat' dir='ltr'>dum</span> <span class='ocrx_word' id='word_1_130' title='bbox 909 1809 1170 1880; x_wconf 85' lang='lat' dir='ltr'>qualibet</span> <span class='ocrx_word' id='word_1_131' title='bbox 1218 1809 1521 1864; x_wconf 86' lang='lat' dir='ltr'>occasione</span> <span class='ocrx_word' id='word_1_132' title='bbox 1564 1807 1945 1880; x_wconf 78' lang='lat' dir='ltr'>Septuaginta</span> 
     </span>
    </p>
   </div>
   <div class='ocr_carea' id='block_1_21' title="bbox 291 1878 1948 1950">
    <p class='ocr_par' dir='ltr' id='par_1_21' title="bbox 291 1878 1948 1950">
     <span class='ocr_line' id='line_1_22' title="bbox 291 1878 1948 1950; baseline -0.001 -17"><span class='ocrx_word' id='word_1_133' title='bbox 291 1880 688 1950; x_wconf 85' lang='lat' dir='ltr'>Interpretum</span> <span class='ocrx_word' id='word_1_134' title='bbox 764 1878 1088 1936; x_wconf 86' lang='lat' dir='ltr'>versionem</span> <span class='ocrx_word' id='word_1_135' title='bbox 1168 1881 1363 1935; x_wconf 90' lang='lat' dir='ltr'>nescio</span> <span class='ocrx_word' id='word_1_136' title='bbox 1435 1896 1550 1950; x_wconf 91' lang='lat' dir='ltr'>quo</span> <span class='ocrx_word' id='word_1_137' title='bbox 1639 1878 1948 1947; x_wconf 83' lang='lat' dir='ltr'>supercilio</span> 
     </span>
    </p>
   </div>
   <div class='ocr_carea' id='block_1_22' title="bbox 291 1949 1948 2022">
    <p class='ocr_par' dir='ltr' id='par_1_22' title="bbox 291 1949 1948 2022">
     <span class='ocr_line' id='line_1_23' title="bbox 291 1949 1948 2022; baseline 0.001 -19"><span class='ocrx_word' id='word_1_138' title='bbox 291 1949 637 2022; x_wconf 88' lang='lat' dir='ltr'>rejieiunt...</span> <span class='ocrx_word' id='word_1_139' title='bbox 673 1950 799 2007; x_wconf 90' lang='lat' dir='ltr'>Non</span> <span class='ocrx_word' id='word_1_140' title='bbox 832 1952 914 2007; x_wconf 89' lang='lat' dir='ltr'>ita</span> <span class='ocrx_word' id='word_1_141' title='bbox 943 1968 1082 2007; x_wconf 88' lang='lat' dir='ltr'>sane</span> <span class='ocrx_word' id='word_1_142' title='bbox 1115 1949 1518 2022; x_wconf 74' lang='lat' dir='ltr'>Hieronymus,</span> <span class='ocrx_word' id='word_1_143' title='bbox 1544 1952 1643 2022; x_wconf 88' lang='lat' dir='ltr'>qui</span> <span class='ocrx_word' id='word_1_144' title='bbox 1675 1951 1776 2005; x_wconf 91' lang='lat' dir='ltr'>ubi</span> <span class='ocrx_word' id='word_1_145' title='bbox 1807 1951 1948 2022; x_wconf 89' lang='lat' dir='ltr'>quid</span> 
     </span>
    </p>
   </div>
   <div class='ocr_carea' id='block_1_23' title="bbox 290 2020 1946 2094">
    <p class='ocr_par' dir='ltr' id='par_1_23' title="bbox 290 2020 1946 2094">
     <span class='ocr_line' id='line_1_24' title="bbox 290 2020 1946 2094; baseline 0 -19"><span class='ocrx_word' id='word_1_146' title='bbox 290 2020 489 2094; x_wconf 90' lang='lat' dir='ltr'>in_illa</span> <span class='ocrx_word' id='word_1_147' title='bbox 520 2021 838 2094; x_wconf 85' lang='lat' dir='ltr'>obscurum</span> <span class='ocrx_word' id='word_1_148' title='bbox 872 2022 1207 2090; x_wconf 76' lang='lat' dir='ltr'>occurrerit,</span> <span class='ocrx_word' id='word_1_149' title='bbox 1240 2020 1489 2094; x_wconf 80' lang='lat' dir='ltr'>ingenue</span> <span class='ocrx_word' id='word_1_150' title='bbox 1516 2020 1729 2076; x_wconf 76' lang='lat' dir='ltr'>fatetur</span> <span class='ocrx_word' id='word_1_151' title='bbox 1756 2020 1946 2094; x_wconf 27' lang='lat' dir='ltr'>se‘ne-</span> 
     </span>
    </p>
   </div>
   <div class='ocr_carea' id='block_1_24' title="bbox 290 2091 1949 2163">
    <p class='ocr_par' dir='ltr' id='par_1_24' title="bbox 290 2091 1949 2163">
     <span class='ocr_line' id='line_1_25' title="bbox 290 2091 1949 2163; baseline 0.001 -16"><span class='ocrx_word' id='word_1_152' title='bbox 290 2091 446 2147; x_wconf 88' lang='lat' dir='ltr'>scire</span> <span class='ocrx_word' id='word_1_153' title='bbox 477 2092 618 2163; x_wconf 91' lang='lat' dir='ltr'>quid</span> <span class='ocrx_word' id='word_1_154' title='bbox 649 2092 955 2162; x_wconf 89' lang='lat' dir='ltr'>voluerint,</span> <span class='ocrx_word' id='word_1_155' title='bbox 1002 2098 1067 2149; x_wconf 86' lang='lat' dir='ltr'>ut</span> <span class='ocrx_word' id='word_1_156' title='bbox 1113 2094 1171 2148; x_wconf 91' lang='lat' dir='ltr'>in</span> <span class='ocrx_word' id='word_1_157' title='bbox 1224 2091 1630 2163; x_wconf 54' lang='lat' dir='ltr'>Quaslionibus</span> <span class='ocrx_word' id='word_1_158' title='bbox 1668 2093 1949 2149; x_wconf 81' lang='lat' dir='ltr'>Hebraicis</span> 
     </span>
    </p>
   </div>
   <div class='ocr_carea' id='block_1_25' title="bbox 292 2163 1947 2237">
    <p class='ocr_par' dir='ltr' id='par_1_25' title="bbox 292 2163 1947 2237">
     <span class='ocr_line' id='line_1_26' title="bbox 292 2163 1947 2237; baseline 0.001 -20"><span class='ocrx_word' id='word_1_159' title='bbox 292 2164 356 2237; x_wconf 83' lang='lat' dir='ltr'>in</span> <span class='ocrx_word' id='word_1_160' title='bbox 387 2163 660 2237; x_wconf 85' lang='lat' dir='ltr'>Genesim</span> <span class='ocrx_word' id='word_1_161' title='bbox 716 2164 788 2237; x_wconf 83' lang='lat' dir='ltr'>ad</span> <span class='ocrx_word' id='word_1_162' title='bbox 844 2182 968 2237; x_wconf 85' lang='lat' dir='ltr'>cap.</span> <span class='ocrx_word' id='word_1_163' title='bbox 1024 2182 1189 2233; x_wconf 85' lang='lat' dir='ltr'>xxxv,</span> <span class='ocrx_word' id='word_1_164' title='bbox 1240 2164 1338 2220; x_wconf 93' lang='lat' dir='ltr'>ubi</span> <span class='ocrx_word' id='word_1_165' title='bbox 1368 2165 1575 2237; x_wconf 65' lang='lat' dir='ltr'>quaerit</span> <span class='ocrx_word' id='word_1_166' title='bbox 1604 2164 1743 2237; x_wconf 82' lang='lat' dir='ltr'>quid</span> <span class='ocrx_word' id='word_1_167' title='bbox 1792 2165 1947 2237; x_wconf 85' lang='lat' dir='ltr'>apud</span> 
     </span>
    </p>
   </div>
   <div class='ocr_carea' id='block_1_26' title="bbox 296 2234 1949 2307">
    <p class='ocr_par' dir='ltr' id='par_1_26' title="bbox 296 2234 1949 2307">
     <span class='ocr_line' id='line_1_27' title="bbox 296 2234 1949 2307; baseline 0.002 -19"><span class='ocrx_word' id='word_1_168' title='bbox 296 2234 687 2307; x_wconf 72' lang='lat' dir='ltr'>Septuaginta</span> <span class='ocrx_word' id='word_1_169' title='bbox 718 2235 801 2307; x_wconf 86' lang='lat' dir='ltr'>sit</span> <span class='ocrx_word' id='word_1_170' title='bbox 833 2234 1100 2292; x_wconf 77' lang='lat' dir='ltr'>Chabrata</span> <span class='ocrx_word' id='word_1_171' title='bbox 1145 2243 1309 2291; x_wconf 63' lang='lat' dir='ltr'>terrae</span> <span class='ocrx_word' id='word_1_172' title='bbox 1350 2234 1499 2307; x_wconf 44' lang='lat' dir='ltr'>{vel</span> <span class='ocrx_word' id='word_1_173' title='bbox 1552 2234 1637 2290; x_wconf 53' lang='lat' dir='ltr'>ut&#39;</span> <span class='ocrx_word' id='word_1_174' title='bbox 1664 2235 1777 2291; x_wconf 90' lang='lat' dir='ltr'>alio</span> <span class='ocrx_word' id='word_1_175' title='bbox 1824 2234 1949 2291; x_wconf 90' lang='lat' dir='ltr'>Ioco</span> 
     </span>
    </p>
   </div>
   <div class='ocr_carea' id='block_1_27' title="bbox 299 2305 1951 2379">
    <p class='ocr_par' dir='ltr' id='par_1_27' title="bbox 299 2305 1951 2379">
     <span class='ocr_line' id='line_1_28' title="bbox 299 2305 1951 2379; baseline 0.001 -19"><span class='ocrx_word' id='word_1_176' title='bbox 299 2305 547 2370; x_wconf 70' lang='lat' dir='ltr'>habent,</span> <span class='ocrx_word' id='word_1_177' title='bbox 578 2306 757 2379; x_wconf 65' lang='lat' dir='ltr'>invia</span> <span class='ocrx_word' id='word_1_178' title='bbox 785 2306 1128 2379; x_wconf 80' lang='lat' dir='ltr'>hippodromi</span> <span class='ocrx_word' id='word_1_179' title='bbox 1148 2306 1470 2364; x_wconf 71' lang='lat' dir='ltr'>Chabratha:</span> <span class='ocrx_word' id='word_1_180' title='bbox 1492 2313 1657 2362; x_wconf 72' lang='lat' dir='ltr'>terrae</span> <span class='ocrx_word' id='word_1_181' title='bbox 1689 2323 1700 2360; x_wconf 92' lang='lat'>:</span> <span class='ocrx_word' id='word_1_182' title='bbox 1732 2308 1831 2378; x_wconf 90' lang='lat' dir='ltr'>qui</span> <span class='ocrx_word' id='word_1_183' title='bbox 1861 2323 1951 2362; x_wconf 91' lang='lat' dir='ltr'>eo-</span> 
     </span>
    </p>
   </div>
   <div class='ocr_carea' id='block_1_28' title="bbox 291 2377 1950 2449">
    <p class='ocr_par' dir='ltr' id='par_1_28' title="bbox 291 2377 1950 2449">
     <span class='ocr_line' id='line_1_29' title="bbox 291 2377 1950 2449; baseline 0.001 -17"><span class='ocrx_word' id='word_1_184' title='bbox 291 2377 914 2449; x_wconf 10' lang='lat' dir='ltr'>rumftranslationem</span> <span class='ocrx_word' id='word_1_185' title='bbox 958 2396 991 2434; x_wconf 88' lang='lat' dir='ltr'>a</span> <span class='ocrx_word' id='word_1_186' title='bbox 1047 2380 1276 2436; x_wconf 90' lang='lat' dir='ltr'>mendis</span> <span class='ocrx_word' id='word_1_187' title='bbox 1329 2379 1593 2449; x_wconf 81' lang='lat' dir='ltr'>correxit,</span> <span class='ocrx_word' id='word_1_188' title='bbox 1643 2382 1701 2434; x_wconf 91' lang='lat' dir='ltr'>et</span> <span class='ocrx_word' id='word_1_189' title='bbox 1756 2377 1829 2432; x_wconf 86' lang='lat' dir='ltr'>ex</span> <span class='ocrx_word' id='word_1_190' title='bbox 1882 2394 1950 2433; x_wconf 90' lang='lat' dir='ltr'>ea</span> 
     </span>
    </p>
   </div>
   <div class='ocr_carea' id='block_1_29' title="bbox 295 2448 1949 2521">
    <p class='ocr_par' dir='ltr' id='par_1_29' title="bbox 295 2448 1949 2521">
     <span class='ocr_line' id='line_1_30' title="bbox 295 2448 1949 2521; baseline 0.001 -19"><span class='ocrx_word' id='word_1_191' title='bbox 295 2448 566 2520; x_wconf 70' lang='lat' dir='ltr'>quaedam</span> <span class='ocrx_word' id='word_1_192' title='bbox 585 2464 615 2504; x_wconf 81' lang='grc' dir='ltr'>θ</span> <span class='ocrx_word' id='word_1_193' title='bbox 635 2449 831 2505; x_wconf 72' lang='lat' dir='ltr'>Graeco</span> <span class='ocrx_word' id='word_1_194' title='bbox 854 2450 913 2505; x_wconf 90' lang='lat' dir='ltr'>in</span> <span class='ocrx_word' id='word_1_195' title='bbox 936 2450 1209 2506; x_wconf 87' lang='lat' dir='ltr'>Latinum</span> <span class='ocrx_word' id='word_1_196' title='bbox 1230 2451 1421 2517; x_wconf 85' lang='lat' dir='ltr'>vertit,</span> <span class='ocrx_word' id='word_1_197' title='bbox 1449 2449 1548 2521; x_wconf 89' lang='lat' dir='ltr'>qui</span> <span class='ocrx_word' id='word_1_198' title='bbox 1579 2450 1800 2521; x_wconf 88' lang='lat' dir='ltr'>ubique</span> <span class='ocrx_word' id='word_1_199' title='bbox 1823 2466 1949 2504; x_wconf 90' lang='lat' dir='ltr'>sese</span> 
     </span>
    </p>
   </div>
   <div class='ocr_carea' id='block_1_30' title="bbox 294 2520 1946 2591">
    <p class='ocr_par' dir='ltr' id='par_1_30' title="bbox 294 2520 1946 2591">
     <span class='ocr_line' id='line_1_31' title="bbox 294 2520 1946 2591; baseline 0 -16"><span class='ocrx_word' id='word_1_200' title='bbox 294 2522 527 2591; x_wconf 88' lang='lat' dir='ltr'>purgat,</span> <span class='ocrx_word' id='word_1_201' title='bbox 550 2522 704 2591; x_wconf 81' lang='lat' dir='ltr'>quod</span> <span class='ocrx_word' id='word_1_202' title='bbox 730 2538 898 2576; x_wconf 89' lang='lat' dir='ltr'>suam</span> <span class='ocrx_word' id='word_1_203' title='bbox 921 2522 1235 2577; x_wconf 87' lang='lat' dir='ltr'>editionem</span> <span class='ocrx_word' id='word_1_204' title='bbox 1257 2537 1325 2575; x_wconf 87' lang='lat' dir='ltr'>ex</span> <span class='ocrx_word' id='word_1_205' title='bbox 1344 2520 1582 2576; x_wconf 65' lang='lat' dir='ltr'>Hebraeo</span> <span class='ocrx_word' id='word_1_206' title='bbox 1599 2522 1656 2575; x_wconf 90' lang='lat' dir='ltr'>in</span> <span class='ocrx_word' id='word_1_207' title='bbox 1678 2520 1946 2575; x_wconf 86' lang='lat' dir='ltr'>Latinum</span> 
     </span>
    </p>
   </div>
   <div class='ocr_carea' id='block_1_31' title="bbox 295 2591 1948 2664">
    <p class='ocr_par' dir='ltr' id='par_1_31' title="bbox 295 2591 1948 2664">
     <span class='ocr_line' id='line_1_32' title="bbox 295 2591 1948 2664; baseline 0 -17"><span class='ocrx_word' id='word_1_208' title='bbox 295 2591 542 2664; x_wconf 79' lang='lat' dir='ltr'>cudcrit,</span> <span class='ocrx_word' id='word_1_209' title='bbox 567 2608 682 2647; x_wconf 87' lang='lat' dir='ltr'>non</span> <span class='ocrx_word' id='word_1_210' title='bbox 702 2597 767 2647; x_wconf 93' lang='lat' dir='ltr'>ut</span> <span class='ocrx_word' id='word_1_211' title='bbox 805 2592 1131 2664; x_wconf 88' lang='lat' dir='ltr'>quidquam</span> <span class='ocrx_word' id='word_1_212' title='bbox 1154 2594 1225 2648; x_wconf 90' lang='lat' dir='ltr'>de</span> <span class='ocrx_word' id='word_1_213' title='bbox 1253 2593 1633 2664; x_wconf 87' lang='lat' dir='ltr'>Septuaginta</span> <span class='ocrx_word' id='word_1_214' title='bbox 1664 2593 1948 2664; x_wconf 88' lang='lat' dir='ltr'>Interpre-</span> 
     </span>
    </p>
   </div>
   <div class='ocr_carea' id='block_1_32' title="bbox 296 2661 1946 2734">
    <p class='ocr_par' dir='ltr' id='par_1_32' title="bbox 296 2661 1946 2734">
     <span class='ocr_line' id='line_1_33' title="bbox 296 2661 1946 2734; baseline 0.001 -16"><span class='ocrx_word' id='word_1_215' title='bbox 296 2668 429 2718; x_wconf 89' lang='lat' dir='ltr'>tum</span> <span class='ocrx_word' id='word_1_216' title='bbox 460 2661 677 2734; x_wconf 86' lang='lat' dir='ltr'>honore</span> <span class='ocrx_word' id='word_1_217' title='bbox 707 2661 1059 2734; x_wconf 74' lang='lat' dir='ltr'>decerperet,</span> <span class='ocrx_word' id='word_1_218' title='bbox 1092 2666 1191 2720; x_wconf 89' lang='lat' dir='ltr'>sed</span> <span class='ocrx_word' id='word_1_219' title='bbox 1223 2661 1369 2719; x_wconf 76' lang='lat' dir='ltr'>alias</span> <span class='ocrx_word' id='word_1_220' title='bbox 1408 2661 1605 2734; x_wconf 74' lang='lat' dir='ltr'>justas</span> <span class='ocrx_word' id='word_1_221' title='bbox 1634 2664 1707 2718; x_wconf 91' lang='lat' dir='ltr'>ob</span> <span class='ocrx_word' id='word_1_222' title='bbox 1737 2661 1946 2719; x_wconf 79' lang='lat' dir='ltr'>causas</span> 
     </span>
    </p>
   </div>
   <div class='ocr_carea' id='block_1_33' title="bbox 294 2733 1950 2859">
    <p class='ocr_par' dir='ltr' id='par_1_33' title="bbox 294 2733 1950 2859">
     <span class='ocr_line' id='line_1_34' title="bbox 294 2733 1950 2859; baseline 0.001 -71"><span class='ocrx_word' id='word_1_223' title='bbox 294 2733 707 2859; x_wconf 58' lang='lat' dir='ltr'>imprimisque</span> <span class='ocrx_word' id='word_1_224' title='bbox 758 2735 817 2789; x_wconf 90' lang='lat' dir='ltr'>in</span> <span class='ocrx_word' id='word_1_225' title='bbox 866 2733 1107 2807; x_wconf 93' lang='lat' dir='ltr'>Prologo</span> <span class='ocrx_word' id='word_1_226' title='bbox 1147 2733 1600 2803; x_wconf 75' lang='lat' dir='ltr'>Galeato,bbide</span> <span class='ocrx_word' id='word_1_227' title='bbox 1633 2751 1694 2789; x_wconf 89' lang='lat' dir='ltr'>se</span> <span class='ocrx_word' id='word_1_228' title='bbox 1724 2751 1950 2806; x_wconf 90' lang='lat' dir='ltr'>suaque</span> 
     </span>
     <span class='ocr_line' id='line_1_35' title="bbox 295 2805 1947 2859; baseline 0 0"><span class='ocrx_word' id='word_1_229' title='bbox 295 2805 559 2859; x_wconf 88' lang='lat' dir='ltr'>versione</span> <span class='ocrx_word' id='word_1_230' title='bbox 633 2805 983 2859; x_wconf 88' lang='lat' dir='ltr'>emisissime</span> <span class='ocrx_word' id='word_1_231' title='bbox 1012 2807 1272 2859; x_wconf 85' lang='lat' dir='ltr'>loouitur</span> <span class='ocrx_word' id='word_1_232' title='bbox 1306 2824 1318 2859; x_wconf 93' lang='lat'>:</span> <span class='ocrx_word' id='word_1_233' title='bbox 1353 2807 1449 2859; x_wconf 84' lang='lat' dir='ltr'>oui</span> <span class='ocrx_word' id='word_1_234' title='bbox 1496 2807 1834 2859; x_wconf 68' lang='lat' dir='ltr'>nrazt‘atione</span> <span class='ocrx_word' id='word_1_235' title='bbox 1865 2805 1947 2859; x_wconf 92' lang='lat' dir='ltr'>al-</span> 
     </span>
    </p>
   </div>
   <div class='ocr_carea' id='block_1_34' title="bbox 295 2805 1947 2878">
    <p class='ocr_par' dir='ltr' id='par_1_34' title="bbox 295 2805 1947 2878">
     <span class='ocr_line' id='line_1_36' title="bbox 295 2805 1947 2878; baseline 0.001 -19"><span class='ocrx_word' id='word_1_236' title='bbox 295 2805 983 2878; x_wconf 77' lang='lat' dir='ltr'>versionedemisissime</span> <span class='ocrx_word' id='word_1_237' title='bbox 1012 2805 1272 2877; x_wconf 82' lang='lat' dir='ltr'>loquitur</span> <span class='ocrx_word' id='word_1_238' title='bbox 1306 2824 1318 2862; x_wconf 92' lang='lat'><strong>:</strong></span> <span class='ocrx_word' id='word_1_239' title='bbox 1353 2807 1449 2878; x_wconf 90' lang='lat' dir='ltr'>qui</span> <span class='ocrx_word' id='word_1_240' title='bbox 1496 2807 1834 2878; x_wconf 68' lang='lat' dir='ltr'>prazt&#39;atione</span> <span class='ocrx_word' id='word_1_241' title='bbox 1858 2805 1947 2860; x_wconf 87' lang='lat' dir='ltr'>al-</span> 
     </span>
    </p>
   </div>
   <div class='ocr_carea' id='block_1_35' title="bbox 294 2873 1949 2948">
    <p class='ocr_par' dir='ltr' id='par_1_35' title="bbox 294 2873 1949 2948">
     <span class='ocr_line' id='line_1_37' title="bbox 294 2873 1949 2948; baseline -0.001 -16"><span class='ocrx_word' id='word_1_242' title='bbox 294 2880 425 2932; x_wconf 85' lang='lat' dir='ltr'>tera</span> <span class='ocrx_word' id='word_1_243' title='bbox 452 2873 781 2948; x_wconf 85' lang='lat' dir='ltr'>inlibrum</span> <span class='ocrx_word' id='word_1_244' title='bbox 812 2873 1317 2948; x_wconf 82' lang='lat' dir='ltr'>Paralipomenon,</span> <span class='ocrx_word' id='word_1_245' title='bbox 1350 2873 1409 2932; x_wconf 80' lang='lat' dir='ltr'>in</span> <span class='ocrx_word' id='word_1_246' title='bbox 1454 2873 1834 2948; x_wconf 80' lang='lat' dir='ltr'>septuaginta</span> <span class='ocrx_word' id='word_1_247' title='bbox 1857 2878 1949 2931; x_wconf 88' lang='lat' dir='ltr'>In-</span> 
     </span>
    </p>
   </div>
   <div class='ocr_carea' id='block_1_36' title="bbox 293 2947 1948 3020">
    <p class='ocr_par' dir='ltr' id='par_1_36' title="bbox 293 2947 1948 3020">
     <span class='ocr_line' id='line_1_38' title="bbox 293 2947 1948 3020; baseline 0 -17"><span class='ocrx_word' id='word_1_248' title='bbox 293 2947 667 3020; x_wconf 82' lang='lat' dir='ltr'>terpretibus</span> <span class='ocrx_word' id='word_1_249' title='bbox 685 2948 968 3020; x_wconf 86' lang='lat' dir='ltr'>Spiritum</span> <span class='ocrx_word' id='word_1_250' title='bbox 995 2947 1263 3005; x_wconf 81' lang='lat' dir='ltr'>sanctum</span> <span class='ocrx_word' id='word_1_251' title='bbox 1299 2947 1579 3020; x_wconf 83' lang='lat' dir='ltr'>agnoscit.</span> <span class='ocrx_word' id='word_1_252' title='bbox 1616 2972 1643 2997; x_wconf 88' lang='grc'><em>‹‹</em></span> <span class='ocrx_word' id='word_1_253' title='bbox 1678 2947 1763 3004; x_wconf 82' lang='lat' dir='ltr'>Ita</span> <span class='ocrx_word' id='word_1_254' title='bbox 1794 2949 1948 3004; x_wconf 90' lang='lat' dir='ltr'>Bon-</span> 
     </span>
    </p>
   </div>
   <div class='ocr_carea' id='block_1_37' title="bbox 297 3017 1946 3092">
    <p class='ocr_par' dir='ltr' id='par_1_37' title="bbox 297 3017 1946 3092">
     <span class='ocr_line' id='line_1_39' title="bbox 297 3017 1946 3092; baseline 0.001 -18"><span class='ocrx_word' id='word_1_255' title='bbox 297 3017 511 3074; x_wconf 80' lang='lat' dir='ltr'>frei&#39;ius</span> <span class='ocrx_word' id='word_1_256' title='bbox 534 3017 871 3092; x_wconf 69' lang='lat' dir='ltr'>Praaloquiis</span> <span class='ocrx_word' id='word_1_257' title='bbox 892 3020 951 3075; x_wconf 91' lang='lat' dir='ltr'>in</span> <span class='ocrx_word' id='word_1_258' title='bbox 976 3024 1157 3076; x_wconf 90' lang='lat' dir='ltr'>totam</span> <span class='ocrx_word' id='word_1_259' title='bbox 1181 3017 1539 3092; x_wconf 82' lang='lat' dir='ltr'>Scripturam</span> <span class='ocrx_word' id='word_1_260' title='bbox 1563 3037 1946 3092; x_wconf 81' lang='lat' dir='ltr'>sacram,cap.</span> 
     </span>
    </p>
   </div>
   <div class='ocr_carea' id='block_1_38' title="bbox 300 3089 1949 3164">
    <p class='ocr_par' dir='ltr' id='par_1_38' title="bbox 300 3089 1949 3164">
     <span class='ocr_line' id='line_1_40' title="bbox 300 3089 1949 3164; baseline 0.001 -19"><span class='ocrx_word' id='word_1_261' title='bbox 300 3091 391 3156; x_wconf 85' lang='grc'>16,</span> <span class='ocrx_word' id='word_1_262' title='bbox 431 3094 570 3164; x_wconf 63' lang='lat' dir='ltr'>sect,</span> <span class='ocrx_word' id='word_1_263' title='bbox 605 3091 656 3144; x_wconf 84' lang='grc'>4.</span> <span class='ocrx_word' id='word_1_264' title='bbox 689 3089 911 3153; x_wconf 87' lang='lat' dir='ltr'>Quibus</span> <span class='ocrx_word' id='word_1_265' title='bbox 959 3092 1282 3164; x_wconf 86' lang='lat' dir='ltr'>castigatus</span> <span class='ocrx_word' id='word_1_266' title='bbox 1310 3089 1680 3163; x_wconf 58' lang='lat' dir='ltr'>imprudens</span> <span class='ocrx_word' id='word_1_267' title='bbox 1710 3089 1949 3146; x_wconf 80' lang='lat' dir='ltr'>criticus</span> 
     </span>
    </p>
   </div>
   <div class='ocr_carea' id='block_1_39' title="bbox 296 3160 1151 3233">
    <p class='ocr_par' dir='ltr' id='par_1_39' title="bbox 296 3160 1151 3233">
     <span class='ocr_line' id='line_1_41' title="bbox 296 3160 1151 3233; baseline 0 -16"><span class='ocrx_word' id='word_1_268' title='bbox 296 3160 722 3233; x_wconf 23' lang='lat' dir='ltr'>utirecipiscat,</span> <span class='ocrx_word' id='word_1_269' title='bbox 757 3160 1151 3233; x_wconf 72' lang='lat' dir='ltr'>peroptamus.</span> 
     </span>
    </p>
   </div>
   <div class='ocr_carea' id='block_1_40' title="bbox 370 3232 1942 3301">
    <p class='ocr_par' dir='ltr' id='par_1_40' title="bbox 370 3232 1942 3301">
     <span class='ocr_line' id='line_1_42' title="bbox 370 3232 1942 3301; baseline 0 -15"><span class='ocrx_word' id='word_1_270' title='bbox 370 3232 531 3288; x_wconf 79' lang='lat' dir='ltr'>Post</span> <span class='ocrx_word' id='word_1_271' title='bbox 554 3236 639 3287; x_wconf 91' lang='lat' dir='ltr'>tot</span> <span class='ocrx_word' id='word_1_272' title='bbox 683 3232 911 3289; x_wconf 86' lang='lat' dir='ltr'>errores</span> <span class='ocrx_word' id='word_1_273' title='bbox 954 3235 1010 3288; x_wconf 90' lang='lat' dir='ltr'>in</span> <span class='ocrx_word' id='word_1_274' title='bbox 1068 3234 1305 3289; x_wconf 81' lang='lat' dir='ltr'>Historia</span> <span class='ocrx_word' id='word_1_275' title='bbox 1332 3233 1532 3287; x_wconf 77' lang='lat' dir='ltr'>critica</span> <span class='ocrx_word' id='word_1_276' title='bbox 1563 3235 1810 3301; x_wconf 80' lang='lat' dir='ltr'>notatos,</span> <span class='ocrx_word' id='word_1_277' title='bbox 1845 3248 1942 3287; x_wconf 91' lang='lat' dir='ltr'>su-</span> 
     </span>
    </p>
   </div>
   <div class='ocr_carea' id='block_1_41' title="bbox 297 3303 1947 3375">
    <p class='ocr_par' dir='ltr' id='par_1_41' title="bbox 297 3303 1947 3375">
     <span class='ocr_line' id='line_1_43' title="bbox 297 3303 1947 3375; baseline 0 -17"><span class='ocrx_word' id='word_1_278' title='bbox 297 3307 494 3375; x_wconf 87' lang='lat' dir='ltr'>perest</span> <span class='ocrx_word' id='word_1_279' title='bbox 542 3303 733 3358; x_wconf 89' lang='lat' dir='ltr'>adhuc</span> <span class='ocrx_word' id='word_1_280' title='bbox 764 3304 1143 3360; x_wconf 89' lang='lat' dir='ltr'>hallucinatio</span> <span class='ocrx_word' id='word_1_281' title='bbox 1174 3303 1581 3375; x_wconf 89' lang='lat' dir='ltr'>chronologica</span> <span class='ocrx_word' id='word_1_282' title='bbox 1602 3319 1776 3375; x_wconf 92' lang='lat' dir='ltr'>quam</span> <span class='ocrx_word' id='word_1_283' title='bbox 1806 3320 1947 3358; x_wconf 74' lang='lat' dir='ltr'>non~</span> 
     </span>
    </p>
   </div>
   <div class='ocr_carea' id='block_1_42' title="bbox 299 3374 1949 3447">
    <p class='ocr_par' dir='ltr' id='par_1_42' title="bbox 299 3374 1949 3447">
     <span class='ocr_line' id='line_1_44' title="bbox 299 3374 1949 3447; baseline -0.001 -17"><span class='ocrx_word' id='word_1_284' title='bbox 299 3374 444 3430; x_wconf 79' lang='lat' dir='ltr'>dum</span> <span class='ocrx_word' id='word_1_285' title='bbox 474 3375 713 3447; x_wconf 81' lang='lat' dir='ltr'>agnovit</span> <span class='ocrx_word' id='word_1_286' title='bbox 741 3375 921 3447; x_wconf 87' lang='lat' dir='ltr'>hujus</span> <span class='ocrx_word' id='word_1_287' title='bbox 952 3376 1204 3431; x_wconf 88' lang='lat' dir='ltr'>auctoris</span> <span class='ocrx_word' id='word_1_288' title='bbox 1254 3374 1576 3447; x_wconf 78' lang='lat' dir='ltr'>diligentia,</span> <span class='ocrx_word' id='word_1_289' title='bbox 1611 3376 1680 3447; x_wconf 88' lang='lat' dir='ltr'>de</span> <span class='ocrx_word' id='word_1_290' title='bbox 1716 3390 1835 3445; x_wconf 89' lang='lat' dir='ltr'>qua</span> <span class='ocrx_word' id='word_1_291' title='bbox 1862 3378 1949 3429; x_wconf 84' lang='lat' dir='ltr'>ta-</span> 
     </span>
    </p>
   </div>
   <div class='ocr_carea' id='block_1_43' title="bbox 301 3446 1952 3517">
    <p class='ocr_par' dir='ltr' id='par_1_43' title="bbox 301 3446 1952 3517">
     <span class='ocr_line' id='line_1_45' title="bbox 301 3446 1952 3517; baseline 0 -17"><span class='ocrx_word' id='word_1_292' title='bbox 301 3462 438 3501; x_wconf 89' lang='lat' dir='ltr'>men</span> <span class='ocrx_word' id='word_1_293' title='bbox 471 3446 797 3517; x_wconf 88' lang='lat' dir='ltr'>monendus</span> <span class='ocrx_word' id='word_1_294' title='bbox 827 3452 914 3503; x_wconf 92' lang='lat' dir='ltr'>est</span> <span class='ocrx_word' id='word_1_295' title='bbox 946 3446 1124 3503; x_wconf 86' lang='lat' dir='ltr'>lector</span> <span class='ocrx_word' id='word_1_296' title='bbox 1151 3446 1474 3517; x_wconf 88' lang='lat' dir='ltr'>studiosus,</span> <span class='ocrx_word' id='word_1_297' title='bbox 1508 3463 1580 3500; x_wconf 91' lang='lat' dir='ltr'>ne</span> <span class='ocrx_word' id='word_1_298' title='bbox 1609 3446 1817 3517; x_wconf 87' lang='lat' dir='ltr'>ducem</span> <span class='ocrx_word' id='word_1_299' title='bbox 1850 3463 1952 3501; x_wconf 69' lang='lat' dir='ltr'>caa-</span> 
     </span>
    </p>
   </div>
   <div class='ocr_carea' id='block_1_44' title="bbox 300 3516 1951 3590">
    <p class='ocr_par' dir='ltr' id='par_1_44' title="bbox 300 3516 1951 3590">
     <span class='ocr_line' id='line_1_46' title="bbox 300 3516 1951 3590; baseline 0 -19"><span class='ocrx_word' id='word_1_300' title='bbox 300 3533 437 3590; x_wconf 84' lang='lat' dir='ltr'>e_um</span> <span class='ocrx_word' id='word_1_301' title='bbox 478 3516 733 3589; x_wconf 88' lang='lat' dir='ltr'>amplius</span> <span class='ocrx_word' id='word_1_302' title='bbox 782 3523 1080 3590; x_wconf 89' lang='lat' dir='ltr'>sequatur.</span> <span class='ocrx_word' id='word_1_303' title='bbox 1136 3518 1369 3590; x_wconf 76' lang='lat' dir='ltr'>Dicebat</span> <span class='ocrx_word' id='word_1_304' title='bbox 1421 3534 1613 3590; x_wconf 10' lang='lat' dir='ltr'>supra,</span> <span class='ocrx_word' id='word_1_305' title='bbox 1654 3516 1951 3590; x_wconf 89' lang='lat' dir='ltr'>Simonius</span> 
     </span>
    </p>
   </div>
   <div class='ocr_carea' id='block_1_45' title="bbox 300 3587 1950 3662">
    <p class='ocr_par' dir='ltr' id='par_1_45' title="bbox 300 3587 1950 3662">
     <span class='ocr_line' id='line_1_47' title="bbox 300 3587 1950 3662; baseline 0 -19"><span class='ocrx_word' id='word_1_306' title='bbox 300 3587 719 3662; x_wconf 68' lang='lat' dir='ltr'>Hieronymum</span> <span class='ocrx_word' id='word_1_307' title='bbox 746 3587 882 3645; x_wconf 77' lang='lat' dir='ltr'>data</span> <span class='ocrx_word' id='word_1_308' title='bbox 899 3606 1074 3661; x_wconf 89' lang='lat' dir='ltr'>opera</span> <span class='ocrx_word' id='word_1_309' title='bbox 1108 3588 1435 3662; x_wconf 82' lang='lat' dir='ltr'>suggillare</span> <span class='ocrx_word' id='word_1_310' title='bbox 1465 3587 1715 3662; x_wconf 82' lang='lat' dir='ltr'>voluisse</span> <span class='ocrx_word' id='word_1_311' title='bbox 1734 3589 1950 3662; x_wconf 84' lang='lat' dir='ltr'>versio-</span> 
     </span>
    </p>
   </div>
   <div class='ocr_carea' id='block_1_46' title="bbox 296 3658 1950 3733">
    <p class='ocr_par' dir='ltr' id='par_1_46' title="bbox 296 3658 1950 3733">
     <span class='ocr_line' id='line_1_48' title="bbox 296 3658 1950 3733; baseline 0 -19"><span class='ocrx_word' id='word_1_312' title='bbox 296 3676 432 3715; x_wconf 88' lang='lat' dir='ltr'>nem</span> <span class='ocrx_word' id='word_1_313' title='bbox 470 3658 610 3733; x_wconf 60' lang='lat' dir='ltr'>LXX</span> <span class='ocrx_word' id='word_1_314' title='bbox 669 3658 1053 3733; x_wconf 78' lang='lat' dir='ltr'>Interpretum</span> <span class='ocrx_word' id='word_1_315' title='bbox 1104 3660 1163 3716; x_wconf 90' lang='lat' dir='ltr'>in</span> <span class='ocrx_word' id='word_1_316' title='bbox 1198 3658 1607 3733; x_wconf 46' lang='lat' dir='ltr'>&#39;Q—uaestionibas</span> <span class='ocrx_word' id='word_1_317' title='bbox 1652 3660 1950 3733; x_wconf 54' lang='lat' dir='ltr'>Hebraicis,</span> 
     </span>
    </p>
   </div>
   <div class='ocr_carea' id='block_1_47' title="bbox 294 3730 1950 3788">
    <p class='ocr_par' dir='ltr' id='par_1_47' title="bbox 294 3730 1950 3788">
     <span class='ocr_line' id='line_1_49' title="bbox 294 3730 1950 3788; baseline 0.001 -3"><span class='ocrx_word' id='word_1_318' title='bbox 294 3736 367 3785; x_wconf 89' lang='lat' dir='ltr'>ut</span> <span class='ocrx_word' id='word_1_319' title='bbox 396 3730 729 3786; x_wconf 87' lang='lat' dir='ltr'>conciliaret</span> <span class='ocrx_word' id='word_1_320' title='bbox 759 3730 1161 3788; x_wconf 74' lang='lat' dir='ltr'>auctoritatem</span> <span class='ocrx_word' id='word_1_321' title='bbox 1184 3749 1301 3788; x_wconf 67' lang='lat' dir='ltr'>suae</span> <span class='ocrx_word' id='word_1_322' title='bbox 1331 3730 1583 3786; x_wconf 89' lang='lat' dir='ltr'>versioni</span> <span class='ocrx_word' id='word_1_323' title='bbox 1613 3746 1681 3785; x_wconf 90' lang='lat' dir='ltr'>ex</span> <span class='ocrx_word' id='word_1_324' title='bbox 1712 3731 1950 3786; x_wconf 76' lang='lat' dir='ltr'>Hebrzeo</span> 
     </span>
    </p>
   </div>
   <div class='ocr_carea' id='block_1_48' title="bbox 297 3802 1950 3877">
    <p class='ocr_par' dir='ltr' id='par_1_48' title="bbox 297 3802 1950 3877">
     <span class='ocr_line' id='line_1_50' title="bbox 297 3802 1950 3877; baseline -0.001 -20"><span class='ocrx_word' id='word_1_325' title='bbox 297 3807 620 3877; x_wconf 68' lang='lat' dir='ltr'>prognatae.</span> <span class='ocrx_word' id='word_1_326' title='bbox 655 3803 763 3858; x_wconf 91' lang='lat' dir='ltr'>Sed</span> <span class='ocrx_word' id='word_1_327' title='bbox 801 3820 970 3877; x_wconf 88' lang='lat' dir='ltr'>nemo</span> <span class='ocrx_word' id='word_1_328' title='bbox 995 3804 1199 3877; x_wconf 84' lang='lat' dir='ltr'>nescit,</span> <span class='ocrx_word' id='word_1_329' title='bbox 1223 3804 1376 3877; x_wconf 91' lang='lat' dir='ltr'>quod</span> <span class='ocrx_word' id='word_1_330' title='bbox 1408 3802 1950 3877; x_wconf 77' lang='lat' dir='ltr'>versioninondum</span> 
     </span>
    </p>
   </div>
   <div class='ocr_carea' id='block_1_49' title="bbox 264 3873 1950 3944">
    <p class='ocr_par' dir='ltr' id='par_1_49' title="bbox 264 3873 1950 3944">
     <span class='ocr_line' id='line_1_51' title="bbox 264 3873 1950 3944; baseline -0.001 -14"><span class='ocrx_word' id='word_1_331' title='bbox 264 3888 267 3889; x_wconf 71' lang='lat'><strong><em>&#39;</em></strong></span> <span class='ocrx_word' id='word_1_332' title='bbox 297 3873 572 3930; x_wconf 79' lang='lat' dir='ltr'>existenti</span> <span class='ocrx_word' id='word_1_333' title='bbox 603 3874 1007 3931; x_wconf 87' lang='lat' dir='ltr'>auctoritatem</span> <span class='ocrx_word' id='word_1_334' title='bbox 1041 3873 1294 3931; x_wconf 81' lang='lat' dir='ltr'>tribuere</span> <span class='ocrx_word' id='word_1_335' title='bbox 1336 3874 1534 3930; x_wconf 89' lang='lat' dir='ltr'>nullus</span> <span class='ocrx_word' id='word_1_336' title='bbox 1566 3873 1813 3944; x_wconf 87' lang='lat' dir='ltr'>scriptor</span> <span class='ocrx_word' id='word_1_337' title='bbox 1842 3891 1950 3928; x_wconf 89' lang='lat' dir='ltr'>un-</span> 
     </span>
    </p>
   </div>
   <div class='ocr_carea' id='block_1_50' title="bbox 300 3945 1952 4019">
    <p class='ocr_par' dir='ltr' id='par_1_50' title="bbox 300 3945 1952 4019">
     <span class='ocr_line' id='line_1_52' title="bbox 300 3945 1952 4019; baseline 0.001 -20"><span class='ocrx_word' id='word_1_338' title='bbox 300 3960 482 4019; x_wconf 80' lang='lat' dir='ltr'>quam</span> <span class='ocrx_word' id='word_1_339' title='bbox 506 3945 857 4019; x_wconf 82' lang='lat' dir='ltr'>cogitaverit.</span> <span class='ocrx_word' id='word_1_340' title='bbox 879 3947 1207 4019; x_wconf 83' lang='lat' dir='ltr'>Hieronymi</span> <span class='ocrx_word' id='word_1_341' title='bbox 1231 3951 1426 4004; x_wconf 88' lang='lat' dir='ltr'>autem</span> <span class='ocrx_word' id='word_1_342' title='bbox 1448 3947 1637 4002; x_wconf 88' lang='lat' dir='ltr'>versio</span> <span class='ocrx_word' id='word_1_343' title='bbox 1663 3946 1952 4019; x_wconf 87' lang='lat' dir='ltr'>Geneseos</span> 
     </span>
    </p>
   </div>
   <div class='ocr_carea' id='block_1_51' title="bbox 304 4016 1951 4089">
    <p class='ocr_par' dir='ltr' id='par_1_51' title="bbox 304 4016 1951 4089">
     <span class='ocr_line' id='line_1_53' title="bbox 304 4016 1951 4089; baseline 0.001 -18"><span class='ocrx_word' id='word_1_344' title='bbox 304 4017 506 4089; x_wconf 83' lang='lat' dir='ltr'>Latina</span> <span class='ocrx_word' id='word_1_345' title='bbox 545 4016 614 4072; x_wconf 89' lang='lat' dir='ltr'>ad</span> <span class='ocrx_word' id='word_1_346' title='bbox 658 4017 874 4073; x_wconf 88' lang='lat' dir='ltr'>fontem</span> <span class='ocrx_word' id='word_1_347' title='bbox 933 4016 1231 4089; x_wconf 69' lang='lat' dir='ltr'>Hebraeum</span> <span class='ocrx_word' id='word_1_348' title='bbox 1286 4035 1575 4089; x_wconf 88' lang='lat' dir='ltr'>expressa,</span> <span class='ocrx_word' id='word_1_349' title='bbox 1627 4033 1726 4072; x_wconf 86' lang='lat' dir='ltr'>sex</span> <span class='ocrx_word' id='word_1_350' title='bbox 1780 4016 1951 4072; x_wconf 91' lang='lat' dir='ltr'>annis</span> 
     </span>
    </p>
   </div>
   <div class='ocr_carea' id='block_1_52' title="bbox 296 4088 1952 4172">
    <p class='ocr_par' dir='ltr' id='par_1_52' title="bbox 296 4088 1952 4172">
     <span class='ocr_line' id='line_1_54' title="bbox 296 4088 1952 4172; baseline -0.001 -29"><span class='ocrx_word' id='word_1_351' title='bbox 296 4088 454 4172; x_wconf 64' lang='lat' dir='ltr'>edita</span> <span class='ocrx_word' id='word_1_352' title='bbox 469 4092 557 4143; x_wconf 89' lang='lat' dir='ltr'>est</span> <span class='ocrx_word' id='word_1_353' title='bbox 571 4093 703 4172; x_wconf 90' lang='lat' dir='ltr'>post</span> <span class='ocrx_word' id='word_1_354' title='bbox 711 4089 934 4172; x_wconf 71' lang='lat' dir='ltr'>editum</span> <span class='ocrx_word' id='word_1_355' title='bbox 948 4088 984 4143; x_wconf 91' lang='lat' dir='ltr'>li</span> <span class='ocrx_word' id='word_1_356' title='bbox 995 4091 1163 4172; x_wconf 83' lang='lat' dir='ltr'>brum</span> <span class='ocrx_word' id='word_1_357' title='bbox 1185 4088 1575 4172; x_wconf 52' lang='lat' dir='ltr'>Hebraieaiam</span> <span class='ocrx_word' id='word_1_358' title='bbox 1589 4090 1952 4172; x_wconf 62' lang='lat' dir='ltr'>quwetz&#39;onum</span> 
     </span>
    </p>
   </div>
   <div class='ocr_carea' id='block_1_53' title="bbox 294 4158 1950 4232">
    <p class='ocr_par' dir='ltr' id='par_1_53' title="bbox 294 4158 1950 4232">
     <span class='ocr_line' id='line_1_55' title="bbox 294 4158 1950 4232; baseline -0.001 -18"><span class='ocrx_word' id='word_1_359' title='bbox 294 4158 359 4214; x_wconf 89' lang='lat' dir='ltr'>in</span> <span class='ocrx_word' id='word_1_360' title='bbox 387 4158 858 4232; x_wconf 10' lang='lat' dir='ltr'>Genesim.gNam</span> <span class='ocrx_word' id='word_1_361' title='bbox 884 4159 1230 4232; x_wconf 88' lang='lat' dir='ltr'>opusculum</span> <span class='ocrx_word' id='word_1_362' title='bbox 1262 4159 1406 4232; x_wconf 84' lang='lat' dir='ltr'>illud</span> <span class='ocrx_word' id='word_1_363' title='bbox 1440 4160 1662 4232; x_wconf 83' lang='lat' dir='ltr'>editum</span> <span class='ocrx_word' id='word_1_364' title='bbox 1694 4159 1950 4213; x_wconf 87' lang='lat' dir='ltr'>diximus</span> 
     </span>
    </p>
   </div>
   <div class='ocr_carea' id='block_1_54' title="bbox 297 4230 1949 4298">
    <p class='ocr_par' dir='ltr' id='par_1_54' title="bbox 297 4230 1949 4298">
     <span class='ocr_line' id='line_1_56' title="bbox 297 4230 1949 4298; baseline 0 -13"><span class='ocrx_word' id='word_1_365' title='bbox 297 4246 454 4286; x_wconf 89' lang='lat' dir='ltr'>anno</span> <span class='ocrx_word' id='word_1_366' title='bbox 484 4230 696 4286; x_wconf 89' lang='lat' dir='ltr'>Christi</span> <span class='ocrx_word' id='word_1_367' title='bbox 725 4231 849 4298; x_wconf 87' lang='lat'>388,</span> <span class='ocrx_word' id='word_1_368' title='bbox 874 4230 1007 4286; x_wconf 85' lang='lat' dir='ltr'>cum</span> <span class='ocrx_word' id='word_1_369' title='bbox 1028 4232 1217 4287; x_wconf 90' lang='lat' dir='ltr'>versio</span> <span class='ocrx_word' id='word_1_370' title='bbox 1249 4231 1455 4286; x_wconf 90' lang='lat' dir='ltr'>Latina</span> <span class='ocrx_word' id='word_1_371' title='bbox 1503 4231 1631 4285; x_wconf 92' lang='lat' dir='ltr'>libri</span> <span class='ocrx_word' id='word_1_372' title='bbox 1662 4234 1949 4285; x_wconf 88' lang='lat' dir='ltr'>Geneseos</span> 
     </span>
    </p>
   </div>
   <div class='ocr_carea' id='block_1_55' title="bbox 298 4300 1950 4375">
    <p class='ocr_par' dir='ltr' id='par_1_55' title="bbox 298 4300 1950 4375">
     <span class='ocr_line' id='line_1_57' title="bbox 298 4300 1950 4375; baseline 0 -19"><span class='ocrx_word' id='word_1_373' title='bbox 298 4302 375 4356; x_wconf 88' lang='lat' dir='ltr'>ab</span> <span class='ocrx_word' id='word_1_374' title='bbox 407 4300 753 4375; x_wconf 80' lang='lat' dir='ltr'>Hieronymo</span> <span class='ocrx_word' id='word_1_375' title='bbox 775 4302 1069 4375; x_wconf 88' lang='lat' dir='ltr'>elaborata</span> <span class='ocrx_word' id='word_1_376' title='bbox 1090 4319 1205 4375; x_wconf 90' lang='lat' dir='ltr'>non</span> <span class='ocrx_word' id='word_1_377' title='bbox 1228 4302 1505 4375; x_wconf 88' lang='lat' dir='ltr'>prodierit</span> <span class='ocrx_word' id='word_1_378' title='bbox 1520 4302 1580 4356; x_wconf 90' lang='lat' dir='ltr'>in</span> <span class='ocrx_word' id='word_1_379' title='bbox 1601 4300 1800 4375; x_wconf 85' lang='lat' dir='ltr'>lucem</span> <span class='ocrx_word' id='word_1_380' title='bbox 1814 4305 1950 4356; x_wconf 90' lang='lat' dir='ltr'>ante</span> 
     </span>
    </p>
   </div>
   <div class='ocr_carea' id='block_1_56' title="bbox 298 4373 1949 4443">
    <p class='ocr_par' dir='ltr' id='par_1_56' title="bbox 298 4373 1949 4443">
     <span class='ocr_line' id='line_1_58' title="bbox 298 4373 1949 4443; baseline -0.001 -15"><span class='ocrx_word' id='word_1_381' title='bbox 298 4390 522 4429; x_wconf 89' lang='lat' dir='ltr'>annum</span> <span class='ocrx_word' id='word_1_382' title='bbox 554 4373 866 4429; x_wconf 69' lang='lat' dir='ltr'>Dominicaz</span> <span class='ocrx_word' id='word_1_383' title='bbox 897 4373 1323 4431; x_wconf 85' lang='lat' dir='ltr'>Incarnationis</span> <span class='ocrx_word' id='word_1_384' title='bbox 1351 4375 1474 4429; x_wconf 86' lang='grc'>394.</span> <span class='ocrx_word' id='word_1_385' title='bbox 1501 4375 1577 4428; x_wconf 91' lang='lat' dir='ltr'>Ex</span> <span class='ocrx_word' id='word_1_386' title='bbox 1608 4389 1725 4443; x_wconf 91' lang='lat' dir='ltr'>qua</span> <span class='ocrx_word' id='word_1_387' title='bbox 1753 4373 1949 4428; x_wconf 89' lang='lat' dir='ltr'>obser-</span> 
     </span>
    </p>
   </div>
   <div class='ocr_carea' id='block_1_57' title="bbox 295 4444 1952 4518">
    <p class='ocr_par' dir='ltr' id='par_1_57' title="bbox 295 4444 1952 4518">
     <span class='ocr_line' id='line_1_59' title="bbox 295 4444 1952 4518; baseline -0.001 -20"><span class='ocrx_word' id='word_1_388' title='bbox 295 4444 597 4518; x_wconf 87' lang='lat' dir='ltr'>vationum</span> <span class='ocrx_word' id='word_1_389' title='bbox 613 4445 986 4516; x_wconf 61' lang='lat' dir='ltr'>praesentium</span> <span class='ocrx_word' id='word_1_390' title='bbox 1003 4447 1150 4502; x_wconf 89' lang='lat' dir='ltr'>serie</span> <span class='ocrx_word' id='word_1_391' title='bbox 1165 4450 1444 4518; x_wconf 89' lang='lat' dir='ltr'>perpetua</span> <span class='ocrx_word' id='word_1_392' title='bbox 1475 4444 1952 4500; x_wconf 87' lang='lat' dir='ltr'>manifestissime</span> 
     </span>
    </p>
   </div>
   <div class='ocr_carea' id='block_1_58' title="bbox 297 4517 1949 4600">
    <p class='ocr_par' dir='ltr' id='par_1_58' title="bbox 297 4517 1949 4600">
     <span class='ocr_line' id='line_1_60' title="bbox 297 4517 1949 4600; baseline -0.001 -28"><span class='ocrx_word' id='word_1_393' title='bbox 297 4517 732 4600; x_wconf 74' lang='lat' dir='ltr'>comprobatur,</span> <span class='ocrx_word' id='word_1_394' title='bbox 793 4522 1088 4600; x_wconf 72' lang='lat' dir='ltr'>auctorem</span> <span class='ocrx_word' id='word_1_395' title='bbox 1138 4517 1391 4600; x_wconf 61' lang='lat' dir='ltr'>Historia?</span> <span class='ocrx_word' id='word_1_396' title='bbox 1447 4519 1656 4573; x_wconf 66' lang='lat' dir='ltr'>critica:</span> <span class='ocrx_word' id='word_1_397' title='bbox 1686 4533 1754 4600; x_wconf 46' lang='lat' dir='ltr'>‘a</span> <span class='ocrx_word' id='word_1_398' title='bbox 1815 4531 1949 4600; x_wconf 77' lang='lat' dir='ltr'>vero</span> 
     </span>
    </p>
   </div>
   <div class='ocr_carea' id='block_1_59' title="bbox 299 4587 1948 4662">
    <p class='ocr_par' dir='ltr' id='par_1_59' title="bbox 299 4587 1948 4662">
     <span class='ocr_line' id='line_1_61' title="bbox 299 4587 1948 4662; baseline -0.001 -18"><span class='ocrx_word' id='word_1_399' title='bbox 299 4587 516 4661; x_wconf 71' lang='lat' dir='ltr'>saepius</span> <span class='ocrx_word' id='word_1_400' title='bbox 547 4589 870 4654; x_wconf 90' lang='lat' dir='ltr'>aberrasse,</span> <span class='ocrx_word' id='word_1_401' title='bbox 903 4593 961 4645; x_wconf 91' lang='lat' dir='ltr'>et</span> <span class='ocrx_word' id='word_1_402' title='bbox 989 4588 1161 4661; x_wconf 89' lang='lat' dir='ltr'>longe</span> <span class='ocrx_word' id='word_1_403' title='bbox 1193 4590 1451 4662; x_wconf 88' lang='lat' dir='ltr'>positum</span> <span class='ocrx_word' id='word_1_404' title='bbox 1483 4605 1612 4645; x_wconf 91' lang='lat' dir='ltr'>esse</span> <span class='ocrx_word' id='word_1_405' title='bbox 1650 4588 1723 4643; x_wconf 92' lang='lat' dir='ltr'>ab</span> <span class='ocrx_word' id='word_1_406' title='bbox 1753 4587 1948 4642; x_wconf 86' lang='lat' dir='ltr'>erudi-</span> 
     </span>
    </p>
   </div>
   <div class='ocr_carea' id='block_1_60' title="bbox 1290 312 2704 385">
    <p class='ocr_par' dir='ltr' id='par_1_60' title="bbox 1290 312 2704 385">
     <span class='ocr_line' id='line_1_62' title="bbox 1290 312 2704 385; baseline -0.001 -2"><span class='ocrx_word' id='word_1_407' title='bbox 1290 323 1363 384; x_wconf 90' lang='lat' dir='ltr'>D.</span> <span class='ocrx_word' id='word_1_408' title='bbox 1412 318 1881 385; x_wconf 66' lang='lat' dir='ltr'>MARTIANEI</span> <span class='ocrx_word' id='word_1_409' title='bbox 1928 312 2704 383; x_wconf 76' lang='lat' dir='ltr'>ANIMADVEHSIONES.</span> 
     </span>
    </p>
   </div>
   <div class='ocr_carea' id='block_1_61' title="bbox 290 450 2015 529">
    <p class='ocr_par' dir='ltr' id='par_1_61' title="bbox 290 450 2015 529">
     <span class='ocr_line' id='line_1_63' title="bbox 290 450 2015 529; baseline 0 -20"><span class='ocrx_word' id='word_1_410' title='bbox 290 450 567 529; x_wconf 82' lang='lat' dir='ltr'>injuriam</span> <span class='ocrx_word' id='word_1_411' title='bbox 600 470 635 511; x_wconf 92' lang='lat' dir='ltr'>a</span> <span class='ocrx_word' id='word_1_412' title='bbox 676 472 739 529; x_wconf 81' lang='lat' dir='ltr'>se</span> <span class='ocrx_word' id='word_1_413' title='bbox 776 457 1114 529; x_wconf 80' lang='lat' dir='ltr'>removebat</span> <span class='ocrx_word' id='word_1_414' title='bbox 1164 456 1545 529; x_wconf 83' lang='lat' dir='ltr'>Hieronymus</span> <span class='ocrx_word' id='word_1_415' title='bbox 1593 454 1933 529; x_wconf 64' lang='lat' dir='ltr'>Praefatione</span> <span class='ocrx_word' id='word_1_416' title='bbox 1962 460 2015 526; x_wconf 85' lang='grc' dir='ltr'><strong>Α</strong></span> 
     </span>
    </p>
   </div>
   <div class='ocr_carea' id='block_1_62' title="bbox 1981 1806 2357 1894">
    <p class='ocr_par' dir='ltr' id='par_1_62' title="bbox 1981 1806 2357 1894">
     <span class='ocr_line' id='line_1_64' title="bbox 1981 1806 2357 1894; baseline 0 0"><span class='ocrx_word' id='word_1_417' title='bbox 1981 1827 2086 1894; x_wconf 84' lang='lat' dir='ltr'>B“</span> <span class='ocrx_word' id='word_1_418' title='bbox 2133 1806 2357 1894; x_wconf 55' lang='lat' dir='ltr'>.dfis:</span> 
     </span>
    </p>
   </div>
   <div class='ocr_carea' id='block_1_63' title="bbox 3541 324 3694 387">
    <p class='ocr_par' dir='ltr' id='par_1_63' title="bbox 3541 324 3694 387">
     <span class='ocr_line' id='line_1_65' title="bbox 3541 324 3694 387; baseline 0.026 -4"><span class='ocrx_word' id='word_1_419' title='bbox 3541 324 3694 387; x_wconf 72' lang='lat'>1638</span> 
     </span>
    </p>
   </div>
   <div class='ocr_carea' id='block_1_64' title="bbox 2046 446 3695 526">
    <p class='ocr_par' dir='ltr' id='par_1_64' title="bbox 2046 446 3695 526">
     <span class='ocr_line' id='line_1_66' title="bbox 2046 446 3695 526; baseline 0.002 -18"><span class='ocrx_word' id='word_1_420' title='bbox 2046 452 2204 510; x_wconf 91' lang='lat' dir='ltr'>tione</span> <span class='ocrx_word' id='word_1_421' title='bbox 2227 453 2525 521; x_wconf 87' lang='lat' dir='ltr'>Hebraica,</span> <span class='ocrx_word' id='word_1_422' title='bbox 2548 470 2615 510; x_wconf 86' lang='lat' dir='ltr'>ac</span> <span class='ocrx_word' id='word_1_423' title='bbox 2644 453 2974 509; x_wconf 90' lang='lat' dir='ltr'>divinarum</span> <span class='ocrx_word' id='word_1_424' title='bbox 3005 453 3441 526; x_wconf 86' lang='lat' dir='ltr'>Scripturarum</span> <span class='ocrx_word' id='word_1_425' title='bbox 3482 446 3695 511; x_wconf 63' lang='lat' dir='ltr'>intelli«</span> 
     </span>
    </p>
   </div>
   <div class='ocr_carea' id='block_1_65' title="bbox 2045 526 2581 597">
    <p class='ocr_par' dir='ltr' id='par_1_65' title="bbox 2045 526 2581 597">
     <span class='ocr_line' id='line_1_67' title="bbox 2045 526 2581 597; baseline 0 -16"><span class='ocrx_word' id='word_1_426' title='bbox 2045 528 2243 597; x_wconf 89' lang='lat' dir='ltr'>gentia</span> <span class='ocrx_word' id='word_1_427' title='bbox 2280 526 2581 581; x_wconf 88' lang='lat' dir='ltr'>laudabili.</span> 
     </span>
    </p>
   </div>
   <div class='ocr_carea' id='block_1_66' title="bbox 2114 596 3693 668">
    <p class='ocr_par' dir='ltr' id='par_1_66' title="bbox 2114 596 3693 668">
     <span class='ocr_line' id='line_1_68' title="bbox 2114 596 3693 668; baseline 0 -17"><span class='ocrx_word' id='word_1_428' title='bbox 2114 598 2222 651; x_wconf 84' lang='lat' dir='ltr'>Sed</span> <span class='ocrx_word' id='word_1_429' title='bbox 2279 615 2347 651; x_wconf 91' lang='lat' dir='ltr'>ne</span> <span class='ocrx_word' id='word_1_430' title='bbox 2404 597 2732 651; x_wconf 66' lang='lat' dir='ltr'>invidentia:</span> <span class='ocrx_word' id='word_1_431' title='bbox 2752 598 2883 651; x_wconf 86' lang='lat' dir='ltr'>tabe</span> <span class='ocrx_word' id='word_1_432' title='bbox 2900 596 3189 668; x_wconf 75' lang='lat' dir='ltr'>suffusum</span> <span class='ocrx_word' id='word_1_433' title='bbox 3214 596 3511 668; x_wconf 84' lang='lat' dir='ltr'>existimes</span> <span class='ocrx_word' id='word_1_434' title='bbox 3541 597 3693 668; x_wconf 92' lang='lat' dir='ltr'>quod</span> 
     </span>
    </p>
   </div>
   <div class='ocr_carea' id='block_1_67' title="bbox 2045 667 3694 739">
    <p class='ocr_par' dir='ltr' id='par_1_67' title="bbox 2045 667 3694 739">
     <span class='ocr_line' id='line_1_69' title="bbox 2045 667 3694 739; baseline 0.001 -18"><span class='ocrx_word' id='word_1_435' title='bbox 2045 668 2190 737; x_wconf 86' lang='lat' dir='ltr'>dice,</span> <span class='ocrx_word' id='word_1_436' title='bbox 2217 685 2424 738; x_wconf 87' lang='lat' dir='ltr'>meque</span> <span class='ocrx_word' id='word_1_437' title='bbox 2449 686 2562 722; x_wconf 89' lang='lat' dir='ltr'>non</span> <span class='ocrx_word' id='word_1_438' title='bbox 2589 679 2703 723; x_wconf 87' lang='lat' dir='ltr'>lam</span> <span class='ocrx_word' id='word_1_439' title='bbox 2730 685 2951 723; x_wconf 88' lang='lat' dir='ltr'>errores</span> <span class='ocrx_word' id='word_1_440' title='bbox 2982 667 3694 739; x_wconf 15' lang='lat' dir='ltr'>alteriusireprehendere,</span> 
     </span>
    </p>
   </div>
   <div class='ocr_carea' id='block_1_68' title="bbox 2047 738 3693 864">
    <p class='ocr_par' dir='ltr' id='par_1_68' title="bbox 2047 738 3693 864">
     <span class='ocr_line' id='line_1_70' title="bbox 2047 738 3693 864; baseline 0.001 -71"><span class='ocrx_word' id='word_1_441' title='bbox 2047 757 2222 810; x_wconf 88' lang='lat' dir='ltr'>quam</span> <span class='ocrx_word' id='word_1_442' title='bbox 2256 741 2555 864; x_wconf 86' lang='lat' dir='ltr'>proprium</span> <span class='ocrx_word' id='word_1_443' title='bbox 2577 740 2944 794; x_wconf 86' lang='lat' dir='ltr'>stomachum</span> <span class='ocrx_word' id='word_1_444' title='bbox 2980 739 3039 793; x_wconf 90' lang='lat' dir='ltr'>in</span> <span class='ocrx_word' id='word_1_445' title='bbox 3072 738 3329 793; x_wconf 69' lang='lat' dir='ltr'>aemulos</span> <span class='ocrx_word' id='word_1_446' title='bbox 3348 755 3693 810; x_wconf 87' lang='lat' dir='ltr'>erumpere;</span> 
     </span>
     <span class='ocr_line' id='line_1_71' title="bbox 2048 810 3693 864; baseline 0 0"><span class='ocrx_word' id='word_1_447' title='bbox 2048 828 2247 864; x_wconf 90' lang='lat' dir='ltr'>nonnu</span> <span class='ocrx_word' id='word_1_448' title='bbox 2278 810 2331 864; x_wconf 90' lang='lat' dir='ltr'>la</span> <span class='ocrx_word' id='word_1_449' title='bbox 2366 827 2498 864; x_wconf 87' lang='lat' dir='ltr'>vera</span> <span class='ocrx_word' id='word_1_450' title='bbox 2530 827 2596 864; x_wconf 90' lang='lat' dir='ltr'>ac</span> <span class='ocrx_word' id='word_1_451' title='bbox 2622 811 2847 864; x_wconf 89' lang='lat' dir='ltr'>erudite</span> <span class='ocrx_word' id='word_1_452' title='bbox 2877 811 3097 864; x_wconf 80' lang='lat' dir='ltr'>scribta</span> <span class='ocrx_word' id='word_1_453' title='bbox 3118 810 3177 864; x_wconf 91' lang='lat' dir='ltr'>in</span> <span class='ocrx_word' id='word_1_454' title='bbox 3211 811 3414 864; x_wconf 88' lang='lat' dir='ltr'>eadem</span> <span class='ocrx_word' id='word_1_455' title='bbox 3448 813 3693 864; x_wconf 77' lang='lat' dir='ltr'>Historia</span> 
     </span>
    </p>
   </div>
   <div class='ocr_carea' id='block_1_69' title="bbox 2048 810 3699 867">
    <p class='ocr_par' dir='ltr' id='par_1_69' title="bbox 2048 810 3699 867">
     <span class='ocr_line' id='line_1_72' title="bbox 2048 810 3699 867; baseline 0.001 -2"><span class='ocrx_word' id='word_1_456' title='bbox 2048 810 2331 865; x_wconf 87' lang='lat' dir='ltr'>nonnulla</span> <span class='ocrx_word' id='word_1_457' title='bbox 2366 810 2498 865; x_wconf 85' lang='lat' dir='ltr'>vera</span> <span class='ocrx_word' id='word_1_458' title='bbox 2530 827 2596 865; x_wconf 93' lang='lat' dir='ltr'>ac</span> <span class='ocrx_word' id='word_1_459' title='bbox 2622 811 2847 865; x_wconf 89' lang='lat' dir='ltr'>erudite</span> <span class='ocrx_word' id='word_1_460' title='bbox 2877 811 3097 867; x_wconf 80' lang='lat' dir='ltr'>scripta</span> <span class='ocrx_word' id='word_1_461' title='bbox 3118 810 3177 864; x_wconf 92' lang='lat' dir='ltr'>in</span> <span class='ocrx_word' id='word_1_462' title='bbox 3211 811 3414 865; x_wconf 89' lang='lat' dir='ltr'>eadem</span> <span class='ocrx_word' id='word_1_463' title='bbox 3448 813 3699 867; x_wconf 76' lang='lat' dir='ltr'>Historia</span> 
     </span>
    </p>
   </div>
   <div class='ocr_carea' id='block_1_70' title="bbox 2047 881 3696 953">
    <p class='ocr_par' dir='ltr' id='par_1_70' title="bbox 2047 881 3696 953">
     <span class='ocr_line' id='line_1_73' title="bbox 2047 881 3696 953; baseline 0.001 -18"><span class='ocrx_word' id='word_1_464' title='bbox 2047 883 2244 937; x_wconf 83' lang='lat' dir='ltr'>critica</span> <span class='ocrx_word' id='word_1_465' title='bbox 2281 924 2294 947; x_wconf 95' lang='lat'>,</span> <span class='ocrx_word' id='word_1_466' title='bbox 2336 881 2524 937; x_wconf 88' lang='lat' dir='ltr'>libens</span> <span class='ocrx_word' id='word_1_467' title='bbox 2557 881 2842 951; x_wconf 81' lang='lat' dir='ltr'>laetusque</span> <span class='ocrx_word' id='word_1_468' title='bbox 2895 881 3208 953; x_wconf 87' lang='lat' dir='ltr'>replicabo.</span> <span class='ocrx_word' id='word_1_469' title='bbox 3270 881 3393 936; x_wconf 90' lang='lat' dir='ltr'>Dici</span> <span class='ocrx_word' id='word_1_470' title='bbox 3440 898 3696 953; x_wconf 90' lang='lat' dir='ltr'>namque</span> 
     </span>
    </p>
   </div>
   <div class='ocr_carea' id='block_1_71' title="bbox 2048 952 3695 1024">
    <p class='ocr_par' dir='ltr' id='par_1_71' title="bbox 2048 952 3695 1024">
     <span class='ocr_line' id='line_1_74' title="bbox 2048 952 3695 1024; baseline 0 -17"><span class='ocrx_word' id='word_1_471' title='bbox 2048 953 2203 1024; x_wconf 91' lang='lat' dir='ltr'>apud</span> <span class='ocrx_word' id='word_1_472' title='bbox 2236 958 2469 1008; x_wconf 88' lang='lat' dir='ltr'>sanctos</span> <span class='ocrx_word' id='word_1_473' title='bbox 2499 956 2557 1008; x_wconf 90' lang='lat' dir='ltr'>et</span> <span class='ocrx_word' id='word_1_474' title='bbox 2587 952 3009 1008; x_wconf 75' lang='lat' dir='ltr'>ecclesiasticos</span> <span class='ocrx_word' id='word_1_475' title='bbox 3043 953 3378 1024; x_wconf 89' lang='lat' dir='ltr'>scriptores,</span> <span class='ocrx_word' id='word_1_476' title='bbox 3411 970 3516 1008; x_wconf 92' lang='lat' dir='ltr'>nec</span> <span class='ocrx_word' id='word_1_477' title='bbox 3547 952 3695 1008; x_wconf 89' lang='lat' dir='ltr'>ami-</span> 
     </span>
    </p>
   </div>
   <div class='ocr_carea' id='block_1_72' title="bbox 2048 1024 3695 1090">
    <p class='ocr_par' dir='ltr' id='par_1_72' title="bbox 2048 1024 3695 1090">
     <span class='ocr_line' id='line_1_75' title="bbox 2048 1024 3695 1090; baseline 0 -12"><span class='ocrx_word' id='word_1_478' title='bbox 2048 1040 2247 1078; x_wconf 90' lang='lat' dir='ltr'>corum</span> <span class='ocrx_word' id='word_1_479' title='bbox 2282 1024 2575 1079; x_wconf 90' lang='lat' dir='ltr'>laudanda</span> <span class='ocrx_word' id='word_1_480' title='bbox 2622 1024 2779 1087; x_wconf 84' lang='lat' dir='ltr'>vitia,</span> <span class='ocrx_word' id='word_1_481' title='bbox 2815 1041 2919 1079; x_wconf 91' lang='lat' dir='ltr'>nec</span> <span class='ocrx_word' id='word_1_482' title='bbox 2955 1024 3120 1078; x_wconf 90' lang='lat' dir='ltr'>bonis</span> <span class='ocrx_word' id='word_1_483' title='bbox 3149 1024 3695 1090; x_wconf 87' lang='lat' dir='ltr'>adversariorum,si</span> 
     </span>
    </p>
   </div>
   <div class='ocr_carea' id='block_1_73' title="bbox 2049 1094 3696 1166">
    <p class='ocr_par' dir='ltr' id='par_1_73' title="bbox 2049 1094 3696 1166">
     <span class='ocr_line' id='line_1_76' title="bbox 2049 1094 3696 1166; baseline 0.001 -17"><span class='ocrx_word' id='word_1_484' title='bbox 2049 1094 2363 1149; x_wconf 87' lang='lat' dir='ltr'>honestum</span> <span class='ocrx_word' id='word_1_485' title='bbox 2386 1096 2524 1166; x_wconf 91' lang='lat' dir='ltr'>quid</span> <span class='ocrx_word' id='word_1_486' title='bbox 2549 1095 3017 1157; x_wconf 87' lang='lat' dir='ltr'>habuerint,esse</span> <span class='ocrx_word' id='word_1_487' title='bbox 3048 1094 3696 1150; x_wconf 87' lang='lat' dir='ltr'>detrahendum.Unum</span> 
     </span>
    </p>
   </div>
   <div class='ocr_carea' id='block_1_74' title="bbox 2047 1166 3695 1291">
    <p class='ocr_par' dir='ltr' id='par_1_74' title="bbox 2047 1166 3695 1291">
     <span class='ocr_line' id='line_1_77' title="bbox 2047 1166 3695 1291; baseline 0.001 -71"><span class='ocrx_word' id='word_1_488' title='bbox 2047 1166 2324 1291; x_wconf 59' lang='lat' dir='ltr'>(quodque</span> <span class='ocrx_word' id='word_1_489' title='bbox 2355 1166 2537 1237; x_wconf 91' lang='lat' dir='ltr'>igitur</span> <span class='ocrx_word' id='word_1_490' title='bbox 2566 1184 2682 1221; x_wconf 89' lang='lat' dir='ltr'>non</span> <span class='ocrx_word' id='word_1_491' title='bbox 2724 1183 3126 1237; x_wconf 88' lang='lat' dir='ltr'>personarum,</span> <span class='ocrx_word' id='word_1_492' title='bbox 3178 1167 3278 1220; x_wconf 90' lang='lat' dir='ltr'>sed</span> <span class='ocrx_word' id='word_1_493' title='bbox 3313 1182 3507 1221; x_wconf 86' lang='lat' dir='ltr'>rerum</span> <span class='ocrx_word' id='word_1_494' title='bbox 3547 1184 3695 1239; x_wconf 85' lang='lat' dir='ltr'>pon-</span> 
     </span>
     <span class='ocr_line' id='line_1_78' title="bbox 2089 1237 3695 1291; baseline 0 0"><span class='ocrx_word' id='word_1_495' title='bbox 2089 1254 2183 1291; x_wconf 89' lang='lat' dir='ltr'>ere</span> <span class='ocrx_word' id='word_1_496' title='bbox 2204 1238 2493 1291; x_wconf 86' lang='lat' dir='ltr'>iudicans.</span> <span class='ocrx_word' id='word_1_497' title='bbox 2526 1254 2720 1291; x_wconf 89' lang='lat' dir='ltr'>veram</span> <span class='ocrx_word' id='word_1_498' title='bbox 2743 1255 2809 1291; x_wconf 86' lang='lat' dir='ltr'>ac</span> <span class='ocrx_word' id='word_1_499' title='bbox 2838 1238 3118 1291; x_wconf 87' lang='lat' dir='ltr'>ootimam</span> <span class='ocrx_word' id='word_1_500' title='bbox 3145 1237 3325 1291; x_wconf 75' lang='lat' dir='ltr'>fateor</span> <span class='ocrx_word' id='word_1_501' title='bbox 3350 1238 3695 1291; x_wconf 87' lang='lat' dir='ltr'>observatio-</span> 
     </span>
    </p>
   </div>
   <div class='ocr_carea' id='block_1_75' title="bbox 2089 1237 3700 1308">
    <p class='ocr_par' dir='ltr' id='par_1_75' title="bbox 2089 1237 3700 1308">
     <span class='ocr_line' id='line_1_79' title="bbox 2089 1237 3700 1308; baseline 0.001 -17"><span class='ocrx_word' id='word_1_502' title='bbox 2089 1254 2183 1292; x_wconf 88' lang='lat' dir='ltr'>ere</span> <span class='ocrx_word' id='word_1_503' title='bbox 2195 1238 2493 1308; x_wconf 87' lang='lat' dir='ltr'>judicans,</span> <span class='ocrx_word' id='word_1_504' title='bbox 2526 1254 2720 1292; x_wconf 87' lang='lat' dir='ltr'>veram</span> <span class='ocrx_word' id='word_1_505' title='bbox 2743 1255 2809 1292; x_wconf 86' lang='lat' dir='ltr'>ac</span> <span class='ocrx_word' id='word_1_506' title='bbox 2838 1238 3118 1307; x_wconf 88' lang='lat' dir='ltr'>optimam</span> <span class='ocrx_word' id='word_1_507' title='bbox 3145 1237 3325 1292; x_wconf 75' lang='lat' dir='ltr'>fateor</span> <span class='ocrx_word' id='word_1_508' title='bbox 3350 1237 3700 1293; x_wconf 47' lang='lat' dir='ltr'>observ—atie-</span> 
     </span>
    </p>
   </div>
   <div class='ocr_carea' id='block_1_76' title="bbox 2048 1308 3696 1381">
    <p class='ocr_par' dir='ltr' id='par_1_76' title="bbox 2048 1308 3696 1381">
     <span class='ocr_line' id='line_1_80' title="bbox 2048 1308 3696 1381; baseline 0 -18"><span class='ocrx_word' id='word_1_509' title='bbox 2048 1325 2181 1363; x_wconf 91' lang='lat' dir='ltr'>nem</span> <span class='ocrx_word' id='word_1_510' title='bbox 2212 1308 2454 1363; x_wconf 85' lang='lat' dir='ltr'>Simonii</span> <span class='ocrx_word' id='word_1_511' title='bbox 2487 1308 2569 1363; x_wconf 90' lang='lat' dir='ltr'>sic</span> <span class='ocrx_word' id='word_1_512' title='bbox 2598 1308 2845 1364; x_wconf 89' lang='lat' dir='ltr'>dicentis</span> <span class='ocrx_word' id='word_1_513' title='bbox 2867 1311 3065 1381; x_wconf 78' lang='lat' dir='ltr'>Hister.</span> <span class='ocrx_word' id='word_1_514' title='bbox 3090 1310 3213 1381; x_wconf 83' lang='lat' dir='ltr'>crit.</span> <span class='ocrx_word' id='word_1_515' title='bbox 3238 1308 3338 1362; x_wconf 91' lang='lat' dir='ltr'>lib.</span> <span class='ocrx_word' id='word_1_516' title='bbox 3372 1325 3434 1377; x_wconf 85' lang='lat'>11,</span> <span class='ocrx_word' id='word_1_517' title='bbox 3458 1325 3585 1381; x_wconf 86' lang='lat' dir='ltr'>cap.</span> <span class='ocrx_word' id='word_1_518' title='bbox 3609 1309 3696 1375; x_wconf 84' lang='grc'>12,</span> 
     </span>
    </p>
   </div>
   <div class='ocr_carea' id='block_1_77' title="bbox 2050 1379 3697 1452">
    <p class='ocr_par' dir='ltr' id='par_1_77' title="bbox 2050 1379 3697 1452">
     <span class='ocr_line' id='line_1_81' title="bbox 2050 1379 3697 1452; baseline 0.001 -18"><span class='ocrx_word' id='word_1_519' title='bbox 2050 1396 2181 1452; x_wconf 87' lang='lat' dir='ltr'>pag.</span> <span class='ocrx_word' id='word_1_520' title='bbox 2216 1380 2313 1433; x_wconf 79' lang='lat'>251</span> <span class='ocrx_word' id='word_1_521' title='bbox 2350 1397 2362 1434; x_wconf 90' lang='lat'><strong>:</strong></span> <span class='ocrx_word' id='word_1_522' title='bbox 2398 1403 2426 1429; x_wconf 90' lang='grc'>‹‹</span> <span class='ocrx_word' id='word_1_523' title='bbox 2462 1382 2544 1434; x_wconf 81' lang='lat' dir='ltr'>()n</span> <span class='ocrx_word' id='word_1_524' title='bbox 2580 1396 2651 1434; x_wconf 92' lang='lat' dir='ltr'>ne</span> <span class='ocrx_word' id='word_1_525' title='bbox 2682 1380 2804 1434; x_wconf 88' lang='lat' dir='ltr'>doit</span> <span class='ocrx_word' id='word_1_526' title='bbox 2827 1397 2939 1452; x_wconf 84' lang='lat' dir='ltr'>pas</span> <span class='ocrx_word' id='word_1_527' title='bbox 2970 1379 3305 1452; x_wconf 88' lang='lat' dir='ltr'>s’imaginer</span> <span class='ocrx_word' id='word_1_528' title='bbox 3331 1382 3504 1452; x_wconf 87' lang='lat' dir='ltr'>qu’on</span> <span class='ocrx_word' id='word_1_529' title='bbox 3532 1379 3697 1435; x_wconf 78' lang='lat' dir='ltr'>trou-</span> 
     </span>
    </p>
   </div>
   <div class='ocr_carea' id='block_1_78' title="bbox 2051 1451 3700 1506">
    <p class='ocr_par' dir='ltr' id='par_1_78' title="bbox 2051 1451 3700 1506">
     <span class='ocr_line' id='line_1_82' title="bbox 2051 1451 3700 1506; baseline 0.002 -6"><span class='ocrx_word' id='word_1_530' title='bbox 2051 1482 2075 1499; x_wconf 68' lang='lat'>..</span> <span class='ocrx_word' id='word_1_531' title='bbox 2111 1466 2242 1504; x_wconf 90' lang='lat' dir='ltr'>vera</span> <span class='ocrx_word' id='word_1_532' title='bbox 2271 1456 2635 1506; x_wconf 81' lang='lat' dir='ltr'>exactement</span> <span class='ocrx_word' id='word_1_533' title='bbox 2658 1452 2806 1506; x_wconf 90' lang='lat' dir='ltr'>dans</span> <span class='ocrx_word' id='word_1_534' title='bbox 2824 1451 2907 1506; x_wconf 89' lang='lat' dir='ltr'>les</span> <span class='ocrx_word' id='word_1_535' title='bbox 2938 1451 3335 1506; x_wconf 80' lang='lat' dir='ltr'>observatione</span> <span class='ocrx_word' id='word_1_536' title='bbox 3361 1452 3432 1505; x_wconf 84' lang='lat' dir='ltr'>de</span> <span class='ocrx_word' id='word_1_537' title='bbox 3458 1451 3517 1505; x_wconf 89' lang='lat' dir='ltr'>S.</span> <span class='ocrx_word' id='word_1_538' title='bbox 3542 1452 3700 1506; x_wconf 74' lang='grc' dir='ltr'>,16τὺ-</span> 
     </span>
    </p>
   </div>
   <div class='ocr_carea' id='block_1_79' title="bbox 2051 1521 3699 1594">
    <p class='ocr_par' dir='ltr' id='par_1_79' title="bbox 2051 1521 3699 1594">
     <span class='ocr_line' id='line_1_83' title="bbox 2051 1521 3699 1594; baseline 0.001 -19"><span class='ocrx_word' id='word_1_539' title='bbox 2051 1545 2075 1569; x_wconf 81' lang='grc'><em>‹‹</em></span> <span class='ocrx_word' id='word_1_540' title='bbox 2112 1538 2224 1585; x_wconf 91' lang='lat' dir='ltr'>me,</span> <span class='ocrx_word' id='word_1_541' title='bbox 2259 1521 2341 1576; x_wconf 90' lang='lat' dir='ltr'>les</span> <span class='ocrx_word' id='word_1_542' title='bbox 2374 1527 2525 1576; x_wconf 90' lang='lat' dir='ltr'>mots</span> <span class='ocrx_word' id='word_1_543' title='bbox 2578 1525 2794 1578; x_wconf 78' lang='lat' dir='ltr'>mémes</span> <span class='ocrx_word' id='word_1_544' title='bbox 2845 1522 2942 1593; x_wconf 92' lang='lat' dir='ltr'>qui</span> <span class='ocrx_word' id='word_1_545' title='bbox 2976 1526 3107 1577; x_wconf 91' lang='lat' dir='ltr'>sont</span> <span class='ocrx_word' id='word_1_546' title='bbox 3156 1522 3303 1577; x_wconf 87' lang='lat' dir='ltr'>dans</span> <span class='ocrx_word' id='word_1_547' title='bbox 3347 1522 3404 1576; x_wconf 92' lang='lat' dir='ltr'>1a</span> <span class='ocrx_word' id='word_1_548' title='bbox 3452 1523 3699 1594; x_wconf 78' lang='lat' dir='ltr'>Vulgate</span> 
     </span>
    </p>
   </div>
   <div class='ocr_carea' id='block_1_80' title="bbox 2052 1592 3701 1664">
    <p class='ocr_par' dir='ltr' id='par_1_80' title="bbox 2052 1592 3701 1664">
     <span class='ocr_line' id='line_1_84' title="bbox 2052 1592 3701 1664; baseline 0.004 -22"><span class='ocrx_word' id='word_1_549' title='bbox 2052 1615 2078 1641; x_wconf 88' lang='grc'>‹‹</span> <span class='ocrx_word' id='word_1_550' title='bbox 2113 1594 2255 1646; x_wconf 88' lang='lat' dir='ltr'>dont</span> <span class='ocrx_word' id='word_1_551' title='bbox 2287 1610 2433 1647; x_wconf 90' lang='lat' dir='ltr'>nous</span> <span class='ocrx_word' id='word_1_552' title='bbox 2465 1610 2613 1649; x_wconf 88' lang='lat' dir='ltr'>nous</span> <span class='ocrx_word' id='word_1_553' title='bbox 2662 1592 2901 1649; x_wconf 25' lang='lat' dir='ltr'>servon’s</span> <span class='ocrx_word' id='word_1_554' title='bbox 2948 1596 3396 1664; x_wconf 83' lang='lat' dir='ltr'>présentement.</span> <span class='ocrx_word' id='word_1_555' title='bbox 3450 1592 3491 1647; x_wconf 92' lang='lat' dir='ltr'>ll</span> <span class='ocrx_word' id='word_1_556' title='bbox 3535 1592 3701 1648; x_wconf 75' lang='lat' dir='ltr'>sufﬁt</span> 
     </span>
    </p>
   </div>
   <div class='ocr_carea' id='block_1_81' title="bbox 2054 1663 3701 1734">
    <p class='ocr_par' dir='ltr' id='par_1_81' title="bbox 2054 1663 3701 1734">
     <span class='ocr_line' id='line_1_85' title="bbox 2054 1663 3701 1734; baseline 0.002 -18"><span class='ocrx_word' id='word_1_557' title='bbox 2054 1686 2079 1712; x_wconf 90' lang='grc'>‹‹</span> <span class='ocrx_word' id='word_1_558' title='bbox 2116 1680 2226 1734; x_wconf 89' lang='lat' dir='ltr'>que</span> <span class='ocrx_word' id='word_1_559' title='bbox 2266 1681 2413 1732; x_wconf 90' lang='lat' dir='ltr'>pour</span> <span class='ocrx_word' id='word_1_560' title='bbox 2442 1663 2773 1719; x_wconf 86' lang='lat' dir='ltr'>l’ordinaire</span> <span class='ocrx_word' id='word_1_561' title='bbox 2825 1667 2873 1719; x_wconf 91' lang='lat' dir='ltr'>le</span> <span class='ocrx_word' id='word_1_562' title='bbox 2921 1663 3057 1720; x_wconf 86' lang='lat' dir='ltr'>sens</span> <span class='ocrx_word' id='word_1_563' title='bbox 3105 1668 3219 1719; x_wconf 77' lang='lat' dir='ltr'>solt</span> <span class='ocrx_word' id='word_1_564' title='bbox 3268 1664 3319 1719; x_wconf 90' lang='lat' dir='ltr'>le</span> <span class='ocrx_word' id='word_1_565' title='bbox 3369 1666 3598 1731; x_wconf 76' lang='lat' dir='ltr'>meme;</span> <span class='ocrx_word' id='word_1_566' title='bbox 3642 1669 3701 1719; x_wconf 90' lang='lat' dir='ltr'>et</span> 
     </span>
    </p>
   </div>
   <div class='ocr_carea' id='block_1_82' title="bbox 2055 1736 3698 1808">
    <p class='ocr_par' dir='ltr' id='par_1_82' title="bbox 2055 1736 3698 1808">
     <span class='ocr_line' id='line_1_86' title="bbox 2055 1736 3698 1808; baseline 0.001 -19"><span class='ocrx_word' id='word_1_567' title='bbox 2055 1758 2082 1784; x_wconf 88' lang='grc'>‹‹</span> <span class='ocrx_word' id='word_1_568' title='bbox 2116 1751 2320 1808; x_wconf 82' lang='lat' dir='ltr'>eneore</span> <span class='ocrx_word' id='word_1_569' title='bbox 2340 1752 2374 1806; x_wconf 92' lang='lat' dir='ltr'>y</span> <span class='ocrx_word' id='word_1_570' title='bbox 2391 1736 2553 1790; x_wconf 90' lang='lat' dir='ltr'>a-t-il</span> <span class='ocrx_word' id='word_1_571' title='bbox 2578 1736 2680 1790; x_wconf 91' lang='lat' dir='ltr'>des</span> <span class='ocrx_word' id='word_1_572' title='bbox 2701 1736 2928 1791; x_wconf 88' lang='lat' dir='ltr'>raisons</span> <span class='ocrx_word' id='word_1_573' title='bbox 2956 1738 3236 1807; x_wconf 87' lang='lat' dir='ltr'>pourquoi</span> <span class='ocrx_word' id='word_1_574' title='bbox 3255 1736 3337 1808; x_wconf 88' lang='lat' dir='ltr'>les</span> <span class='ocrx_word' id='word_1_575' title='bbox 3359 1751 3698 1808; x_wconf 89' lang='lat' dir='ltr'>remarques</span> 
     </span>
    </p>
   </div>
   <div class='ocr_carea' id='block_1_83' title="bbox 2437 1807 3701 1875">
    <p class='ocr_par' dir='ltr' id='par_1_83' title="bbox 2437 1807 3701 1875">
     <span class='ocr_line' id='line_1_87' title="bbox 2437 1807 3701 1875; baseline 0 -15"><span class='ocrx_word' id='word_1_576' title='bbox 2437 1808 2686 1873; x_wconf 80' lang='lat' dir='ltr'>JerOme,</span> <span class='ocrx_word' id='word_1_577' title='bbox 2747 1811 2874 1861; x_wconf 90' lang='lat' dir='ltr'>tant</span> <span class='ocrx_word' id='word_1_578' title='bbox 2920 1807 3065 1861; x_wconf 89' lang='lat' dir='ltr'>dans</span> <span class='ocrx_word' id='word_1_579' title='bbox 3114 1824 3207 1861; x_wconf 88' lang='lat' dir='ltr'>ses</span> <span class='ocrx_word' id='word_1_580' title='bbox 3266 1807 3552 1875; x_wconf 71' lang='lat' dir='ltr'>Questions</span> <span class='ocrx_word' id='word_1_581' title='bbox 3602 1823 3701 1863; x_wconf 82' lang='lat' dir='ltr'>sur</span> 
     </span>
    </p>
   </div>
   <div class='ocr_carea' id='block_1_84' title="bbox 2061 1876 3698 1947">
    <p class='ocr_par' dir='ltr' id='par_1_84' title="bbox 2061 1876 3698 1947">
     <span class='ocr_line' id='line_1_88' title="bbox 2061 1876 3698 1947; baseline 0.001 -17"><span class='ocrx_word' id='word_1_582' title='bbox 2061 1898 2088 1925; x_wconf 84' lang='lat'><strong>«</strong></span> <span class='ocrx_word' id='word_1_583' title='bbox 2126 1877 2179 1931; x_wconf 81' lang='lat' dir='ltr'>la</span> <span class='ocrx_word' id='word_1_584' title='bbox 2211 1876 2456 1947; x_wconf 49' lang='grc' dir='ltr'>(ἐπέδα,</span> <span class='ocrx_word' id='word_1_585' title='bbox 2482 1894 2594 1947; x_wconf 89' lang='lat' dir='ltr'>que</span> <span class='ocrx_word' id='word_1_586' title='bbox 2642 1879 2789 1932; x_wconf 90' lang='lat' dir='ltr'>dans</span> <span class='ocrx_word' id='word_1_587' title='bbox 2848 1894 2941 1932; x_wconf 89' lang='lat' dir='ltr'>ses</span> <span class='ocrx_word' id='word_1_588' title='bbox 2999 1878 3458 1933; x_wconf 74' lang='lat' dir='ltr'>Commentaires</span> <span class='ocrx_word' id='word_1_589' title='bbox 3489 1894 3592 1931; x_wconf 89' lang='lat' dir='ltr'>sur</span> <span class='ocrx_word' id='word_1_590' title='bbox 3648 1880 3698 1932; x_wconf 91' lang='lat' dir='ltr'>le</span> 
     </span>
    </p>
   </div>
   <div class='ocr_carea' id='block_1_85' title="bbox 2060 1935 3700 2019">
    <p class='ocr_par' dir='ltr' id='par_1_85' title="bbox 2060 1935 3700 2019">
     <span class='ocr_line' id='line_1_89' title="bbox 2060 1935 3700 2019; baseline 0.004 -22"><span class='ocrx_word' id='word_1_591' title='bbox 2060 1970 2087 1997; x_wconf 86' lang='grc'>‹‹</span> <span class='ocrx_word' id='word_1_592' title='bbox 2123 1935 2612 2019; x_wconf 66' lang='lat' dir='ltr'>restedel’Ecritu</span> <span class='ocrx_word' id='word_1_593' title='bbox 2624 1966 2782 2015; x_wconf 86' lang='lat' dir='ltr'>re,ne</span> <span class='ocrx_word' id='word_1_594' title='bbox 2806 1955 2939 2003; x_wconf 89' lang='lat' dir='ltr'>sont</span> <span class='ocrx_word' id='word_1_595' title='bbox 2962 1965 3065 2019; x_wconf 86' lang='lat' dir='ltr'>pas</span> <span class='ocrx_word' id='word_1_596' title='bbox 3087 1950 3352 2018; x_wconf 91' lang='lat' dir='ltr'>toujours</span> <span class='ocrx_word' id='word_1_597' title='bbox 3373 1948 3700 2005; x_wconf 76' lang='lat' dir='ltr'>conformes</span> 
     </span>
    </p>
   </div>
   <div class='ocr_carea' id='block_1_86' title="bbox 2065 2017 3703 2089">
    <p class='ocr_par' dir='ltr' id='par_1_86' title="bbox 2065 2017 3703 2089">
     <span class='ocr_line' id='line_1_90' title="bbox 2065 2017 3703 2089; baseline 0.001 -16"><span class='ocrx_word' id='word_1_598' title='bbox 2065 2039 2085 2063; x_wconf 75' lang='grc' dir='ltr'><strong>α</strong></span> <span class='ocrx_word' id='word_1_599' title='bbox 2121 2021 2153 2073; x_wconf 71' lang='grc' dir='ltr'>ἐι</span> <span class='ocrx_word' id='word_1_600' title='bbox 2184 2017 2240 2072; x_wconf 87' lang='lat' dir='ltr'>la</span> <span class='ocrx_word' id='word_1_601' title='bbox 2268 2018 2533 2089; x_wconf 84' lang='lat' dir='ltr'>Vulgate,</span> <span class='ocrx_word' id='word_1_602' title='bbox 2569 2021 2697 2074; x_wconf 90' lang='lat' dir='ltr'>bien</span> <span class='ocrx_word' id='word_1_603' title='bbox 2760 2019 2900 2089; x_wconf 89' lang='lat' dir='ltr'>qu’il</span> <span class='ocrx_word' id='word_1_604' title='bbox 2960 2017 3031 2073; x_wconf 84' lang='lat' dir='ltr'>en</span> <span class='ocrx_word' id='word_1_605' title='bbox 3080 2017 3199 2074; x_wconf 86' lang='lat' dir='ltr'>soit</span> <span class='ocrx_word' id='word_1_606' title='bbox 3241 2019 3503 2074; x_wconf 87' lang='lat' dir='ltr'>l’auteur.</span> <span class='ocrx_word' id='word_1_607' title='bbox 3558 2043 3585 2069; x_wconf 89' lang='grc'><strong>››</strong></span> <span class='ocrx_word' id='word_1_608' title='bbox 3635 2020 3703 2074; x_wconf 90' lang='lat' dir='ltr'>Et</span> 
     </span>
    </p>
   </div>
   <div class='ocr_carea' id='block_1_87' title="bbox 2057 2089 3701 2162">
    <p class='ocr_par' dir='ltr' id='par_1_87' title="bbox 2057 2089 3701 2162">
     <span class='ocr_line' id='line_1_91' title="bbox 2057 2089 3701 2162; baseline 0.002 -19"><span class='ocrx_word' id='word_1_609' title='bbox 2057 2089 2267 2143; x_wconf 88' lang='lat' dir='ltr'>deinde</span> <span class='ocrx_word' id='word_1_610' title='bbox 2297 2107 2429 2162; x_wconf 86' lang='lat' dir='ltr'>pag,</span> <span class='ocrx_word' id='word_1_611' title='bbox 2461 2092 2586 2157; x_wconf 86' lang='lat'>253,</span> <span class='ocrx_word' id='word_1_612' title='bbox 2625 2091 2731 2146; x_wconf 93' lang='lat' dir='ltr'>col.</span> <span class='ocrx_word' id='word_1_613' title='bbox 2771 2089 2793 2144; x_wconf 86' lang='grc'>1</span> <span class='ocrx_word' id='word_1_614' title='bbox 2832 2107 2843 2144; x_wconf 90' lang='lat'><strong>:</strong></span> <span class='ocrx_word' id='word_1_615' title='bbox 2880 2090 3100 2162; x_wconf 15' lang='lat' dir='ltr'>«AAinsi</span> <span class='ocrx_word' id='word_1_616' title='bbox 3133 2090 3287 2145; x_wconf 86' lang='lat' dir='ltr'>saint</span> <span class='ocrx_word' id='word_1_617' title='bbox 3313 2090 3566 2159; x_wconf 78' lang='lat' dir='ltr'>JérOme,</span> <span class='ocrx_word' id='word_1_618' title='bbox 3600 2090 3701 2162; x_wconf 87' lang='lat' dir='ltr'>qui</span> 
     </span>
    </p>
   </div>
   <div class='ocr_carea' id='block_1_88' title="bbox 2065 2159 3700 2231">
    <p class='ocr_par' dir='ltr' id='par_1_88' title="bbox 2065 2159 3700 2231">
     <span class='ocr_line' id='line_1_92' title="bbox 2065 2159 3700 2231; baseline 0.004 -21"><span class='ocrx_word' id='word_1_619' title='bbox 2065 2181 2086 2209; x_wconf 79' lang='grc' dir='ltr'><strong>α</strong></span> <span class='ocrx_word' id='word_1_620' title='bbox 2122 2178 2155 2214; x_wconf 91' lang='lat' dir='ltr'>a</span> <span class='ocrx_word' id='word_1_621' title='bbox 2185 2161 2360 2230; x_wconf 86' lang='lat' dir='ltr'>garde’</span> <span class='ocrx_word' id='word_1_622' title='bbox 2382 2159 2540 2215; x_wconf 81' lang='lat' dir='ltr'>dans</span> <span class='ocrx_word' id='word_1_623' title='bbox 2571 2179 2635 2217; x_wconf 85' lang='lat' dir='ltr'>sa</span> <span class='ocrx_word' id='word_1_624' title='bbox 2659 2162 2885 2217; x_wconf 87' lang='lat' dir='ltr'>version</span> <span class='ocrx_word' id='word_1_625' title='bbox 2921 2159 2975 2215; x_wconf 91' lang='lat' dir='ltr'>le</span> <span class='ocrx_word' id='word_1_626' title='bbox 3006 2165 3126 2215; x_wconf 88' lang='lat' dir='ltr'>mot</span> <span class='ocrx_word' id='word_1_627' title='bbox 3156 2162 3227 2215; x_wconf 89' lang='lat' dir='ltr'>de</span> <span class='ocrx_word' id='word_1_628' title='bbox 3270 2163 3501 2231; x_wconf 68' lang='grc' dir='ltr'>[θη-ϐενε,</span> <span class='ocrx_word' id='word_1_629' title='bbox 3535 2159 3700 2217; x_wconf 81' lang='lat' dir='ltr'>mon-</span> 
     </span>
    </p>
   </div>
   <div class='ocr_carea' id='block_1_89' title="bbox 2066 2231 3699 2315">
    <p class='ocr_par' dir='ltr' id='par_1_89' title="bbox 2066 2231 3699 2315">
     <span class='ocr_line' id='line_1_93' title="bbox 2066 2231 3699 2315; baseline 0.005 -35"><span class='ocrx_word' id='word_1_630' title='bbox 2066 2252 2086 2280; x_wconf 77' lang='grc' dir='ltr'>ι</span> <span class='ocrx_word' id='word_1_631' title='bbox 2118 2231 2375 2315; x_wconf 42' lang='lat' dir='ltr'>trehqu’il</span> <span class='ocrx_word' id='word_1_632' title='bbox 2408 2249 2441 2313; x_wconf 83' lang='lat' dir='ltr'>a_</span> <span class='ocrx_word' id='word_1_633' title='bbox 2471 2248 2539 2286; x_wconf 89' lang='lat' dir='ltr'>eu</span> <span class='ocrx_word' id='word_1_634' title='bbox 2577 2232 2973 2315; x_wconf 35' lang='lat' dir='ltr'>pins&#39;d’égard</span> <span class='ocrx_word' id='word_1_635' title='bbox 3068 2231 3126 2287; x_wconf 90' lang='lat' dir='ltr'>la</span> <span class='ocrx_word' id='word_1_636' title='bbox 3169 2235 3408 2315; x_wconf 39' lang='lat' dir='ltr'>netteté‘</span> <span class='ocrx_word' id='word_1_637' title='bbox 3430 2233 3699 2315; x_wconf 47' lang='lat' dir='ltr'>duhsens,</span> 
     </span>
    </p>
   </div>
   <div class='ocr_carea' id='block_1_90' title="bbox 2060 2302 3701 2375">
    <p class='ocr_par' dir='ltr' id='par_1_90' title="bbox 2060 2302 3701 2375">
     <span class='ocr_line' id='line_1_94' title="bbox 2060 2302 3701 2375; baseline 0.003 -22"><span class='ocrx_word' id='word_1_638' title='bbox 2060 2326 2087 2353; x_wconf 88' lang='grc'><strong>‹‹</strong></span> <span class='ocrx_word' id='word_1_639' title='bbox 2122 2302 2881 2375; x_wconf 31' lang='lat' dir='ltr'>qu’a’exprimer‘l‘hébreu</span> <span class='ocrx_word' id='word_1_640' title='bbox 2929 2309 3053 2375; x_wconf 90' lang='lat' dir='ltr'>mot</span> <span class='ocrx_word' id='word_1_641' title='bbox 3102 2320 3247 2375; x_wconf 90' lang='lat' dir='ltr'>pour</span> <span class='ocrx_word' id='word_1_642' title='bbox 3296 2307 3435 2359; x_wconf 90' lang='lat' dir='ltr'>mot.</span> <span class='ocrx_word' id='word_1_643' title='bbox 3495 2304 3569 2359; x_wconf 88' lang='lat' dir='ltr'><strong>Ce</strong></span> <span class='ocrx_word' id='word_1_644' title='bbox 3600 2302 3701 2375; x_wconf 90' lang='lat' dir='ltr'>qui</span> 
     </span>
    </p>
   </div>
   <div class='ocr_carea' id='block_1_91' title="bbox 2058 2374 3701 2447">
    <p class='ocr_par' dir='ltr' id='par_1_91' title="bbox 2058 2374 3701 2447">
     <span class='ocr_line' id='line_1_95' title="bbox 2058 2374 3701 2447; baseline 0.002 -22"><span class='ocrx_word' id='word_1_645' title='bbox 2058 2400 2084 2424; x_wconf 86' lang='grc'>‹‹</span> <span class='ocrx_word' id='word_1_646' title='bbox 2120 2374 2213 2428; x_wconf 91' lang='lat' dir='ltr'>n&#39;a</span> <span class='ocrx_word' id='word_1_647' title='bbox 2244 2391 2347 2447; x_wconf 89' lang='lat' dir='ltr'>pas</span> <span class='ocrx_word' id='word_1_648' title='bbox 2379 2374 2455 2428; x_wconf 74' lang='lat' dir='ltr'>du</span> <span class='ocrx_word' id='word_1_649' title='bbox 2487 2374 2613 2447; x_wconf 87' lang='lat' dir='ltr'>l’em</span> <span class='ocrx_word' id='word_1_650' title='bbox 2627 2374 2834 2447; x_wconf 80' lang='lat' dir='ltr'>pécher</span> <span class='ocrx_word' id='word_1_651' title='bbox 2861 2375 2931 2429; x_wconf 90' lang='lat' dir='ltr'>de</span> <span class='ocrx_word' id='word_1_652' title='bbox 2954 2374 3093 2447; x_wconf 82' lang='lat' dir='ltr'>faire</span> <span class='ocrx_word' id='word_1_653' title='bbox 3119 2375 3220 2429; x_wconf 90' lang='lat' dir='ltr'>des</span> <span class='ocrx_word' id='word_1_654' title='bbox 3253 2390 3589 2447; x_wconf 81' lang='lat' dir='ltr'>remarques</span> <span class='ocrx_word' id='word_1_655' title='bbox 3613 2374 3701 2429; x_wconf 87' lang='lat' dir='ltr'>lit-</span> 
     </span>
    </p>
   </div>
   <div class='ocr_carea' id='block_1_92' title="bbox 2059 2445 3698 2517">
    <p class='ocr_par' dir='ltr' id='par_1_92' title="bbox 2059 2445 3698 2517">
     <span class='ocr_line' id='line_1_96' title="bbox 2059 2445 3698 2517; baseline 0.004 -22"><span class='ocrx_word' id='word_1_656' title='bbox 2059 2469 2086 2495; x_wconf 89' lang='grc'><em>‹‹</em></span> <span class='ocrx_word' id='word_1_657' title='bbox 2118 2445 2327 2499; x_wconf 86' lang='lat' dir='ltr'>térales</span> <span class='ocrx_word' id='word_1_658' title='bbox 2349 2450 2404 2500; x_wconf 92' lang='lat' dir='ltr'><strong>et</strong></span> <span class='ocrx_word' id='word_1_659' title='bbox 2421 2445 2698 2517; x_wconf 70' lang='lat' dir='ltr'>critiqiies</span> <span class='ocrx_word' id='word_1_660' title='bbox 2724 2447 2873 2501; x_wconf 86' lang='lat' dir='ltr'>dans</span> <span class='ocrx_word' id='word_1_661' title='bbox 2894 2463 2985 2501; x_wconf 87' lang='lat' dir='ltr'>ses</span> <span class='ocrx_word' id='word_1_662' title='bbox 3009 2446 3287 2513; x_wconf 80' lang='lat' dir='ltr'>Questions</span> <span class='ocrx_word' id='word_1_663' title='bbox 3314 2445 3698 2517; x_wconf 78' lang='lat' dir='ltr'>hébraiques.»</span> 
     </span>
    </p>
   </div>
   <div class='ocr_carea' id='block_1_93' title="bbox 2130 2516 3699 2587">
    <p class='ocr_par' dir='ltr' id='par_1_93' title="bbox 2130 2516 3699 2587">
     <span class='ocr_line' id='line_1_97' title="bbox 2130 2516 3699 2587; baseline 0.001 -17"><span class='ocrx_word' id='word_1_664' title='bbox 2130 2516 2191 2570; x_wconf 89' lang='lat' dir='ltr'>In</span> <span class='ocrx_word' id='word_1_665' title='bbox 2218 2516 2325 2571; x_wconf 90' lang='lat' dir='ltr'>hac</span> <span class='ocrx_word' id='word_1_666' title='bbox 2369 2534 2508 2572; x_wconf 88' lang='lat' dir='ltr'>sane</span> <span class='ocrx_word' id='word_1_667' title='bbox 2538 2516 2938 2573; x_wconf 89' lang='lat' dir='ltr'>observatione</span> <span class='ocrx_word' id='word_1_668' title='bbox 2992 2533 3056 2570; x_wconf 90' lang='lat' dir='ltr'>ac</span> <span class='ocrx_word' id='word_1_669' title='bbox 3106 2516 3699 2587; x_wconf 30' lang='lat' dir='ltr'>disputatione’veri-</span> 
     </span>
    </p>
   </div>
   <div class='ocr_carea' id='block_1_94' title="bbox 2056 2587 3702 2659">
    <p class='ocr_par' dir='ltr' id='par_1_94' title="bbox 2056 2587 3702 2659">
     <span class='ocr_line' id='line_1_98' title="bbox 2056 2587 3702 2659; baseline 0.001 -18"><span class='ocrx_word' id='word_1_670' title='bbox 2056 2592 2236 2659; x_wconf 84' lang='lat' dir='ltr'>tatem</span> <span class='ocrx_word' id='word_1_671' title='bbox 2281 2588 2504 2642; x_wconf 88' lang='lat' dir='ltr'>limavit</span> <span class='ocrx_word' id='word_1_672' title='bbox 2550 2588 2786 2643; x_wconf 90' lang='lat' dir='ltr'>criticus</span> <span class='ocrx_word' id='word_1_673' title='bbox 2835 2587 3136 2659; x_wconf 87' lang='lat' dir='ltr'>scriptor;</span> <span class='ocrx_word' id='word_1_674' title='bbox 3192 2588 3361 2657; x_wconf 86' lang='lat' dir='ltr'>cujus</span> <span class='ocrx_word' id='word_1_675' title='bbox 3410 2588 3702 2659; x_wconf 88' lang='lat' dir='ltr'>sententia</span> 
     </span>
    </p>
   </div>
   <div class='ocr_carea' id='block_1_95' title="bbox 2058 2658 3698 2732">
    <p class='ocr_par' dir='ltr' id='par_1_95' title="bbox 2058 2658 3698 2732">
     <span class='ocr_line' id='line_1_99' title="bbox 2058 2658 3698 2732; baseline 0.001 -20"><span class='ocrx_word' id='word_1_676' title='bbox 2058 2658 2271 2732; x_wconf 76' lang='lat' dir='ltr'>diserte</span> <span class='ocrx_word' id='word_1_677' title='bbox 2300 2660 2563 2714; x_wconf 80' lang='lat' dir='ltr'>confulat</span> <span class='ocrx_word' id='word_1_678' title='bbox 2606 2658 3396 2732; x_wconf 58' lang='lat' dir='ltr'>imperitoruinppinionem,</span> <span class='ocrx_word' id='word_1_679' title='bbox 3427 2659 3527 2732; x_wconf 88' lang='lat' dir='ltr'>qui</span> <span class='ocrx_word' id='word_1_680' title='bbox 3586 2658 3698 2714; x_wconf 91' lang='lat' dir='ltr'>sibi</span> 
     </span>
    </p>
   </div>
   <div class='ocr_carea' id='block_1_96' title="bbox 2062 2728 3700 2802">
    <p class='ocr_par' dir='ltr' id='par_1_96' title="bbox 2062 2728 3700 2802">
     <span class='ocr_line' id='line_1_100' title="bbox 2062 2728 3700 2802; baseline 0 -18"><span class='ocrx_word' id='word_1_681' title='bbox 2062 2729 2358 2785; x_wconf 88' lang='lat' dir='ltr'>similibus</span> <span class='ocrx_word' id='word_1_682' title='bbox 2391 2731 2633 2802; x_wconf 89' lang='lat' dir='ltr'>probare</span> <span class='ocrx_word' id='word_1_683' title='bbox 2672 2728 2950 2802; x_wconf 78' lang='lat' dir='ltr'>gestiunt.</span> <span class='ocrx_word' id='word_1_684' title='bbox 3010 2728 3317 2802; x_wconf 69' lang='lat' dir='ltr'>Vulgatam</span> <span class='ocrx_word' id='word_1_685' title='bbox 3374 2728 3700 2786; x_wconf 82' lang='lat' dir='ltr'>versionem</span> 
     </span>
    </p>
   </div>
   <div class='ocr_carea' id='block_1_97' title="bbox 2059 2800 3705 2883">
    <p class='ocr_par' dir='ltr' id='par_1_97' title="bbox 2059 2800 3705 2883">
     <span class='ocr_line' id='line_1_101' title="bbox 2059 2800 3705 2883; baseline 0 -28"><span class='ocrx_word' id='word_1_686' title='bbox 2059 2818 2171 2883; x_wconf 81' lang='lat' dir='ltr'>non</span> <span class='ocrx_word' id='word_1_687' title='bbox 2204 2800 2738 2883; x_wconf 27' lang='lat' dir='ltr'>essenHieronymil:</span> <span class='ocrx_word' id='word_1_688' title='bbox 2774 2802 2911 2873; x_wconf 87' lang='lat' dir='ltr'>quia</span> <span class='ocrx_word' id='word_1_689' title='bbox 2936 2801 3227 2882; x_wconf 74' lang='lat' dir='ltr'>interdum</span> <span class='ocrx_word' id='word_1_690' title='bbox 3258 2800 3554 2872; x_wconf 88' lang='lat' dir='ltr'>discrepat</span> <span class='ocrx_word' id='word_1_691' title='bbox 3583 2818 3705 2883; x_wconf 86' lang='lat' dir='ltr'>ver-</span> 
     </span>
    </p>
   </div>
   <div class='ocr_carea' id='block_1_98' title="bbox 2059 2871 3700 2943">
    <p class='ocr_par' dir='ltr' id='par_1_98' title="bbox 2059 2871 3700 2943">
     <span class='ocr_line' id='line_1_102' title="bbox 2059 2871 3700 2943; baseline 0 -17"><span class='ocrx_word' id='word_1_692' title='bbox 2059 2872 2150 2926; x_wconf 92' lang='lat' dir='ltr'>bis</span> <span class='ocrx_word' id='word_1_693' title='bbox 2181 2874 2252 2927; x_wconf 91' lang='lat' dir='ltr'>ab</span> <span class='ocrx_word' id='word_1_694' title='bbox 2283 2871 2401 2928; x_wconf 90' lang='lat' dir='ltr'>illis</span> <span class='ocrx_word' id='word_1_695' title='bbox 2457 2871 2807 2929; x_wconf 80' lang='lat' dir='ltr'>lectionibus</span> <span class='ocrx_word' id='word_1_696' title='bbox 2860 2890 2987 2943; x_wconf 69' lang='lat' dir='ltr'>qua:</span> <span class='ocrx_word' id='word_1_697' title='bbox 3018 2873 3239 2943; x_wconf 88' lang='lat' dir='ltr'>passim</span> <span class='ocrx_word' id='word_1_698' title='bbox 3271 2871 3587 2927; x_wconf 84' lang='lat' dir='ltr'>occurrunt</span> <span class='ocrx_word' id='word_1_699' title='bbox 3640 2872 3700 2927; x_wconf 89' lang='lat' dir='ltr'>in</span> 
     </span>
    </p>
   </div>
   <div class='ocr_carea' id='block_1_99' title="bbox 2060 2943 3706 3014">
    <p class='ocr_par' dir='ltr' id='par_1_99' title="bbox 2060 2943 3706 3014">
     <span class='ocr_line' id='line_1_103' title="bbox 2060 2943 3706 3014; baseline 0 -15"><span class='ocrx_word' id='word_1_700' title='bbox 2060 2944 2460 3011; x_wconf 67' lang='lat' dir='ltr'>Quaastionibus</span> <span class='ocrx_word' id='word_1_701' title='bbox 2509 2946 2810 3005; x_wconf 71' lang='lat' dir='ltr'>Hebraicis,</span> <span class='ocrx_word' id='word_1_702' title='bbox 2868 2943 2956 2999; x_wconf 91' lang='lat' dir='ltr'>vel</span> <span class='ocrx_word' id='word_1_703' title='bbox 2986 2944 3041 3014; x_wconf 86' lang='lat' dir='ltr'>in</span> <span class='ocrx_word' id='word_1_704' title='bbox 3082 2943 3522 3014; x_wconf 84' lang='lat' dir='ltr'>Commentariis</span> <span class='ocrx_word' id='word_1_705' title='bbox 3551 2944 3706 3014; x_wconf 82' lang='lat' dir='ltr'>ejus-</span> 
     </span>
    </p>
   </div>
   <div class='ocr_carea' id='block_1_100' title="bbox 2058 3013 3705 3071">
    <p class='ocr_par' dir='ltr' id='par_1_100' title="bbox 2058 3013 3705 3071">
     <span class='ocr_line' id='line_1_104' title="bbox 2058 3013 3705 3071; baseline 0 -2"><span class='ocrx_word' id='word_1_706' title='bbox 2058 3015 2190 3070; x_wconf 88' lang='lat' dir='ltr'>dem</span> <span class='ocrx_word' id='word_1_707' title='bbox 2223 3016 2405 3070; x_wconf 90' lang='lat' dir='ltr'>sancti</span> <span class='ocrx_word' id='word_1_708' title='bbox 2438 3016 2712 3071; x_wconf 90' lang='lat' dir='ltr'>doctoris.</span> <span class='ocrx_word' id='word_1_709' title='bbox 2773 3016 2918 3070; x_wconf 89' lang='lat' dir='ltr'>Nam</span> <span class='ocrx_word' id='word_1_710' title='bbox 2977 3013 3027 3069; x_wconf 89' lang='lat' dir='ltr'>si</span> <span class='ocrx_word' id='word_1_711' title='bbox 3084 3031 3153 3070; x_wconf 84' lang='lat' dir='ltr'>ex</span> <span class='ocrx_word' id='word_1_712' title='bbox 3206 3015 3480 3069; x_wconf 88' lang='lat' dir='ltr'>varietate</span> <span class='ocrx_word' id='word_1_713' title='bbox 3511 3013 3705 3069; x_wconf 88' lang='lat' dir='ltr'>lectio-</span> 
     </span>
    </p>
   </div>
   <div class='ocr_carea' id='block_1_101' title="bbox 2059 3085 3704 3158">
    <p class='ocr_par' dir='ltr' id='par_1_101' title="bbox 2059 3085 3704 3158">
     <span class='ocr_line' id='line_1_105' title="bbox 2059 3085 3704 3158; baseline 0 -18"><span class='ocrx_word' id='word_1_714' title='bbox 2059 3103 2200 3140; x_wconf 92' lang='lat' dir='ltr'>num</span> <span class='ocrx_word' id='word_1_715' title='bbox 2232 3087 2591 3158; x_wconf 80' lang='lat' dir='ltr'>contendunt</span> <span class='ocrx_word' id='word_1_716' title='bbox 2648 3086 2957 3158; x_wconf 89' lang='lat' dir='ltr'>Vulgatam</span> <span class='ocrx_word' id='word_1_717' title='bbox 3003 3100 3118 3140; x_wconf 89' lang='lat' dir='ltr'>non</span> <span class='ocrx_word' id='word_1_718' title='bbox 3152 3101 3279 3140; x_wconf 88' lang='lat' dir='ltr'>esse</span> <span class='ocrx_word' id='word_1_719' title='bbox 3328 3101 3531 3158; x_wconf 87' lang='lat' dir='ltr'>verum</span> <span class='ocrx_word' id='word_1_720' title='bbox 3576 3085 3704 3141; x_wconf 86' lang='lat' dir='ltr'>Hie-</span> 
     </span>
    </p>
   </div>
   <div class='ocr_carea' id='block_1_102' title="bbox 2057 3157 3707 3229">
    <p class='ocr_par' dir='ltr' id='par_1_102' title="bbox 2057 3157 3707 3229">
     <span class='ocr_line' id='line_1_106' title="bbox 2057 3157 3707 3229; baseline 0.001 -19"><span class='ocrx_word' id='word_1_721' title='bbox 2057 3157 2543 3229; x_wconf 77' lang='lat' dir='ltr'>ronymifetum,</span> <span class='ocrx_word' id='word_1_722' title='bbox 2574 3157 3001 3228; x_wconf 86' lang='lat' dir='ltr'>consequenter</span> <span class='ocrx_word' id='word_1_723' title='bbox 3036 3173 3235 3229; x_wconf 75' lang='lat' dir='ltr'>verum</span> <span class='ocrx_word' id='word_1_724' title='bbox 3266 3157 3396 3221; x_wconf 90' lang='lat' dir='ltr'>erit,</span> <span class='ocrx_word' id='word_1_725' title='bbox 3427 3159 3707 3229; x_wconf 62' lang='lat' dir='ltr'>Quaestio-</span> 
     </span>
    </p>
   </div>
   <div class='ocr_carea' id='block_1_103' title="bbox 2056 3227 3702 3294">
    <p class='ocr_par' dir='ltr' id='par_1_103' title="bbox 2056 3227 3702 3294">
     <span class='ocr_line' id='line_1_107' title="bbox 2056 3227 3702 3294; baseline 0.001 -12"><span class='ocrx_word' id='word_1_726' title='bbox 2056 3227 2495 3285; x_wconf 29' lang='lat' dir='ltr'>nes‘Hebraicas</span> <span class='ocrx_word' id='word_1_727' title='bbox 2534 3228 2590 3282; x_wconf 90' lang='lat' dir='ltr'>in</span> <span class='ocrx_word' id='word_1_728' title='bbox 2656 3227 2948 3294; x_wconf 83' lang='lat' dir='ltr'>Genesim,</span> <span class='ocrx_word' id='word_1_729' title='bbox 2995 3232 3095 3282; x_wconf 90' lang='lat' dir='ltr'>aut</span> <span class='ocrx_word' id='word_1_730' title='bbox 3156 3227 3587 3282; x_wconf 86' lang='lat' dir='ltr'>Commentaria</span> <span class='ocrx_word' id='word_1_731' title='bbox 3643 3229 3702 3284; x_wconf 86' lang='lat' dir='ltr'>in</span> 
     </span>
    </p>
   </div>
   <div class='ocr_carea' id='block_1_104' title="bbox 2061 3298 3703 3370">
    <p class='ocr_par' dir='ltr' id='par_1_104' title="bbox 2061 3298 3703 3370">
     <span class='ocr_line' id='line_1_108' title="bbox 2061 3298 3703 3370; baseline 0 -16"><span class='ocrx_word' id='word_1_732' title='bbox 2061 3299 2376 3370; x_wconf 86' lang='lat' dir='ltr'>prophetas</span> <span class='ocrx_word' id='word_1_733' title='bbox 2422 3305 2480 3354; x_wconf 89' lang='lat' dir='ltr'>et</span> <span class='ocrx_word' id='word_1_734' title='bbox 2531 3300 2590 3354; x_wconf 91' lang='lat' dir='ltr'>in</span> <span class='ocrx_word' id='word_1_735' title='bbox 2643 3300 2928 3370; x_wconf 88' lang='lat' dir='ltr'>Epistolas</span> <span class='ocrx_word' id='word_1_736' title='bbox 2978 3298 3163 3362; x_wconf 88' lang='lat' dir='ltr'>Pauli,</span> <span class='ocrx_word' id='word_1_737' title='bbox 3195 3315 3309 3353; x_wconf 92' lang='lat' dir='ltr'>non</span> <span class='ocrx_word' id='word_1_738' title='bbox 3341 3314 3471 3353; x_wconf 90' lang='lat' dir='ltr'>esse</span> <span class='ocrx_word' id='word_1_739' title='bbox 3502 3298 3703 3370; x_wconf 84' lang='lat' dir='ltr'>Hiero-</span> 
     </span>
    </p>
   </div>
   <div class='ocr_carea' id='block_1_105' title="bbox 2060 3369 3704 3443">
    <p class='ocr_par' dir='ltr' id='par_1_105' title="bbox 2060 3369 3704 3443">
     <span class='ocr_line' id='line_1_109' title="bbox 2060 3369 3704 3443; baseline 0 -18"><span class='ocrx_word' id='word_1_740' title='bbox 2060 3369 2233 3443; x_wconf 86' lang='lat' dir='ltr'>nymo</span> <span class='ocrx_word' id='word_1_741' title='bbox 2290 3370 2650 3443; x_wconf 10' lang='lat' dir='ltr'>ascribendag</span> <span class='ocrx_word' id='word_1_742' title='bbox 2689 3369 2934 3443; x_wconf 86' lang='lat' dir='ltr'>propter</span> <span class='ocrx_word' id='word_1_743' title='bbox 2987 3369 3222 3424; x_wconf 90' lang='lat' dir='ltr'>easdem</span> <span class='ocrx_word' id='word_1_744' title='bbox 3278 3370 3574 3443; x_wconf 80' lang='lat' dir='ltr'>variantes</span> <span class='ocrx_word' id='word_1_745' title='bbox 3625 3369 3704 3425; x_wconf 89' lang='lat' dir='ltr'>le-</span> 
     </span>
    </p>
   </div>
   <div class='ocr_carea' id='block_1_106' title="bbox 2059 3440 3705 3513">
    <p class='ocr_par' dir='ltr' id='par_1_106' title="bbox 2059 3440 3705 3513">
     <span class='ocr_line' id='line_1_110' title="bbox 2059 3440 3705 3513; baseline -0.001 -17"><span class='ocrx_word' id='word_1_746' title='bbox 2059 3440 2279 3497; x_wconf 82' lang='lat' dir='ltr'>ctiones</span> <span class='ocrx_word' id='word_1_747' title='bbox 2310 3458 2321 3496; x_wconf 88' lang='lat'><strong>:</strong></span> <span class='ocrx_word' id='word_1_748' title='bbox 2357 3440 2763 3513; x_wconf 80' lang='lat' dir='ltr'>quamvisipse</span> <span class='ocrx_word' id='word_1_749' title='bbox 2795 3440 3005 3509; x_wconf 63' lang='lat' dir='ltr'>saepius</span> <span class='ocrx_word' id='word_1_750' title='bbox 3035 3445 3312 3513; x_wconf 81' lang='lat' dir='ltr'>agnoscat</span> <span class='ocrx_word' id='word_1_751' title='bbox 3341 3440 3492 3513; x_wconf 84' lang='lat' dir='ltr'>hanc</span> <span class='ocrx_word' id='word_1_752' title='bbox 3522 3441 3705 3497; x_wconf 88' lang='lat' dir='ltr'>diver-</span> 
     </span>
    </p>
   </div>
   <div class='ocr_carea' id='block_1_107' title="bbox 2059 3511 3700 3585">
    <p class='ocr_par' dir='ltr' id='par_1_107' title="bbox 2059 3511 3700 3585">
     <span class='ocr_line' id='line_1_111' title="bbox 2059 3511 3700 3585; baseline -0.001 -17"><span class='ocrx_word' id='word_1_753' title='bbox 2059 3530 2184 3568; x_wconf 89' lang='lat' dir='ltr'>sam</span> <span class='ocrx_word' id='word_1_754' title='bbox 2217 3511 2497 3568; x_wconf 81' lang='lat' dir='ltr'>rationem</span> <span class='ocrx_word' id='word_1_755' title='bbox 2555 3511 3051 3585; x_wconf 80' lang='lat' dir='ltr'>interpretationis</span> <span class='ocrx_word' id='word_1_756' title='bbox 3075 3511 3096 3567; x_wconf 72' lang='grc' dir='ltr'><em>Ξ</em></span> <span class='ocrx_word' id='word_1_757' title='bbox 3122 3511 3382 3585; x_wconf 79' lang='lat' dir='ltr'>Utverbi</span> <span class='ocrx_word' id='word_1_758' title='bbox 3412 3528 3499 3584; x_wconf 89' lang='lat' dir='ltr'>gr.</span> <span class='ocrx_word' id='word_1_759' title='bbox 3534 3515 3700 3585; x_wconf 80' lang='lat' dir='ltr'>Com-</span> 
     </span>
    </p>
   </div>
   <div class='ocr_carea' id='block_1_108' title="bbox 2060 3582 3702 3656">
    <p class='ocr_par' dir='ltr' id='par_1_108' title="bbox 2060 3582 3702 3656">
     <span class='ocr_line' id='line_1_112' title="bbox 2060 3582 3702 3656; baseline 0 -18"><span class='ocrx_word' id='word_1_760' title='bbox 2060 3590 2240 3639; x_wconf 90' lang='lat' dir='ltr'>ment.</span> <span class='ocrx_word' id='word_1_761' title='bbox 2273 3585 2333 3640; x_wconf 91' lang='lat' dir='ltr'>in</span> <span class='ocrx_word' id='word_1_762' title='bbox 2383 3601 2490 3656; x_wconf 91' lang='lat' dir='ltr'>cap</span> <span class='ocrx_word' id='word_1_763' title='bbox 2567 3582 2728 3639; x_wconf 59' lang='lat' dir='ltr'>xmrr</span> <span class='ocrx_word' id='word_1_764' title='bbox 2762 3582 3103 3656; x_wconf 64' lang='lat' dir='ltr'>Ezechielis,</span> <span class='ocrx_word' id='word_1_765' title='bbox 3155 3583 3256 3638; x_wconf 92' lang='lat' dir='ltr'>ubi</span> <span class='ocrx_word' id='word_1_766' title='bbox 3298 3582 3570 3639; x_wconf 84' lang='lat' dir='ltr'>lectorem</span> <span class='ocrx_word' id='word_1_767' title='bbox 3611 3582 3702 3638; x_wconf 92' lang='lat' dir='ltr'>his</span> 
     </span>
    </p>
   </div>
   <div class='ocr_carea' id='block_1_109' title="bbox 2059 3654 3700 3726">
    <p class='ocr_par' dir='ltr' id='par_1_109' title="bbox 2059 3654 3700 3726">
     <span class='ocr_line' id='line_1_113' title="bbox 2059 3654 3700 3726; baseline -0.001 -16"><span class='ocrx_word' id='word_1_768' title='bbox 2059 3656 2249 3711; x_wconf 84' lang='lat' dir='ltr'>verbis</span> <span class='ocrx_word' id='word_1_769' title='bbox 2281 3654 2571 3711; x_wconf 84' lang='lat' dir='ltr'>monitum</span> <span class='ocrx_word' id='word_1_770' title='bbox 2602 3656 2785 3711; x_wconf 90' lang='lat' dir='ltr'>voluit</span> <span class='ocrx_word' id='word_1_771' title='bbox 2843 3672 2855 3709; x_wconf 93' lang='lat'><strong>:</strong></span> <span class='ocrx_word' id='word_1_772' title='bbox 2912 3677 2939 3705; x_wconf 75' lang='grc' dir='ltr'><strong>ι(</strong></span> <span class='ocrx_word' id='word_1_773' title='bbox 2972 3654 3107 3710; x_wconf 84' lang='lat' dir='ltr'>LXX</span> <span class='ocrx_word' id='word_1_774' title='bbox 3138 3671 3373 3709; x_wconf 90' lang='lat' dir='ltr'>rursum</span> <span class='ocrx_word' id='word_1_775' title='bbox 3400 3663 3580 3726; x_wconf 66' lang='grc' dir='ltr'>γεῖσον</span> <span class='ocrx_word' id='word_1_776' title='bbox 3614 3657 3700 3709; x_wconf 91' lang='lat' dir='ltr'>in-</span> 
     </span>
    </p>
   </div>
   <div class='ocr_carea' id='block_1_110' title="bbox 2060 3725 3700 3799">
    <p class='ocr_par' dir='ltr' id='par_1_110' title="bbox 2060 3725 3700 3799">
     <span class='ocr_line' id='line_1_114' title="bbox 2060 3725 3700 3799; baseline 0 -18"><span class='ocrx_word' id='word_1_777' title='bbox 2060 3728 2353 3799; x_wconf 86' lang='lat' dir='ltr'>terpretati</span> <span class='ocrx_word' id='word_1_778' title='bbox 2386 3733 2544 3782; x_wconf 90' lang='lat' dir='ltr'>sunt.</span> <span class='ocrx_word' id='word_1_779' title='bbox 2577 3730 2754 3798; x_wconf 80' lang='lat' dir='ltr'>Cujus</span> <span class='ocrx_word' id='word_1_780' title='bbox 2785 3726 2960 3795; x_wconf 91' lang='lat' dir='ltr'>verbi,</span> <span class='ocrx_word' id='word_1_781' title='bbox 2994 3731 3058 3781; x_wconf 92' lang='lat' dir='ltr'>ut</span> <span class='ocrx_word' id='word_1_782' title='bbox 3088 3730 3219 3780; x_wconf 89' lang='lat' dir='ltr'>ante</span> <span class='ocrx_word' id='word_1_783' title='bbox 3235 3726 3365 3799; x_wconf 76' lang='lat' dir='ltr'>jam</span> <span class='ocrx_word' id='word_1_784' title='bbox 3410 3725 3549 3799; x_wconf 85' lang='lat' dir='ltr'>dixi,</span> <span class='ocrx_word' id='word_1_785' title='bbox 3584 3742 3700 3799; x_wconf 76' lang='lat' dir='ltr'>non</span> 
     </span>
    </p>
   </div>
   <div class='ocr_carea' id='block_1_111' title="bbox 2061 3795 3703 3871">
    <p class='ocr_par' dir='ltr' id='par_1_111' title="bbox 2061 3795 3703 3871">
     <span class='ocr_line' id='line_1_115' title="bbox 2061 3795 3703 3871; baseline -0.001 -17"><span class='ocrx_word' id='word_1_786' title='bbox 2061 3795 2301 3871; x_wconf 79' lang='lat' dir='ltr'>possum</span> <span class='ocrx_word' id='word_1_787' title='bbox 2335 3799 2481 3871; x_wconf 85' lang='lat' dir='ltr'>scire</span> <span class='ocrx_word' id='word_1_788' title='bbox 2512 3795 2842 3871; x_wconf 58' lang='lat' dir='ltr'>rationenn</span> <span class='ocrx_word' id='word_1_789' title='bbox 2874 3813 2977 3871; x_wconf 86' lang='lat' dir='ltr'>nec</span> <span class='ocrx_word' id='word_1_790' title='bbox 3031 3799 3200 3871; x_wconf 74' lang='lat' dir='ltr'>enjus</span> <span class='ocrx_word' id='word_1_791' title='bbox 3233 3795 3444 3871; x_wconf 68' lang='lat' dir='ltr'>linguas</span> <span class='ocrx_word' id='word_1_792' title='bbox 3478 3796 3576 3865; x_wconf 89' lang='lat' dir='ltr'>sit,</span> <span class='ocrx_word' id='word_1_793' title='bbox 3609 3796 3703 3852; x_wconf 90' lang='lat' dir='ltr'>di-</span> 
     </span>
    </p>
   </div>
   <div class='ocr_carea' id='block_1_112' title="bbox 2059 3866 3696 3926">
    <p class='ocr_par' dir='ltr' id='par_1_112' title="bbox 2059 3866 3696 3926">
     <span class='ocr_line' id='line_1_116' title="bbox 2059 3866 3696 3926; baseline -0.002 0"><span class='ocrx_word' id='word_1_794' title='bbox 2059 3866 2188 3926; x_wconf 78' lang='lat' dir='ltr'>cere</span> <span class='ocrx_word' id='word_1_795' title='bbox 2245 3870 2602 3925; x_wconf 80' lang='lat' dir='ltr'>conﬁdenter</span> <span class='ocrx_word' id='word_1_796' title='bbox 2657 3886 2671 3922; x_wconf 90' lang='lat'><strong>:</strong></span> <span class='ocrx_word' id='word_1_797' title='bbox 2733 3869 2843 3923; x_wconf 90' lang='lat' dir='ltr'>nisi</span> <span class='ocrx_word' id='word_1_798' title='bbox 2880 3868 2987 3923; x_wconf 90' lang='lat' dir='ltr'>hoc</span> <span class='ocrx_word' id='word_1_799' title='bbox 3031 3866 3345 3922; x_wconf 80' lang='lat' dir='ltr'>admonere</span> <span class='ocrx_word' id='word_1_800' title='bbox 3376 3866 3696 3923; x_wconf 87' lang='lat' dir='ltr'>lectorem:</span> 
     </span>
    </p>
   </div>
   <div class='ocr_carea' id='block_1_113' title="bbox 2061 3938 3698 4013">
    <p class='ocr_par' dir='ltr' id='par_1_113' title="bbox 2061 3938 3698 4013">
     <span class='ocr_line' id='line_1_117' title="bbox 2061 3938 3698 4013; baseline -0.002 -17"><span class='ocrx_word' id='word_1_801' title='bbox 2061 3942 2214 4013; x_wconf 91' lang='lat' dir='ltr'>quod</span> <span class='ocrx_word' id='word_1_802' title='bbox 2248 3941 2347 3996; x_wconf 91' lang='lat' dir='ltr'>ubi</span> <span class='ocrx_word' id='word_1_803' title='bbox 2377 3957 2551 4010; x_wconf 90' lang='lat' dir='ltr'>nunc,</span> <span class='ocrx_word' id='word_1_804' title='bbox 2574 3941 2977 4013; x_wconf 61' lang='lat' dir='ltr'>deﬁnitionem,</span> <span class='ocrx_word' id='word_1_805' title='bbox 3000 3938 3698 4013; x_wconf 12' lang='lat' dir='ltr'>interpretatusgsumin-</span> 
     </span>
    </p>
   </div>
   <div class='ocr_carea' id='block_1_114' title="bbox 2061 4008 3696 4081">
    <p class='ocr_par' dir='ltr' id='par_1_114' title="bbox 2061 4008 3696 4081">
     <span class='ocr_line' id='line_1_118' title="bbox 2061 4008 3696 4081; baseline -0.001 -14"><span class='ocrx_word' id='word_1_806' title='bbox 2061 4008 2171 4077; x_wconf 59' lang='lat' dir='ltr'>t&#39;ra,</span> <span class='ocrx_word' id='word_1_807' title='bbox 2199 4028 2473 4080; x_wconf 85' lang='lat' dir='ltr'>coronam,</span> <span class='ocrx_word' id='word_1_808' title='bbox 2502 4008 2930 4066; x_wconf 78' lang='lat' dir='ltr'>transtulerim.</span> <span class='ocrx_word' id='word_1_809' title='bbox 2960 4008 2980 4058; x_wconf 64' lang='grc' dir='ltr'>λι</span> <span class='ocrx_word' id='word_1_810' title='bbox 3003 4008 3227 4081; x_wconf 87' lang='lat' dir='ltr'>Negent</span> <span class='ocrx_word' id='word_1_811' title='bbox 3254 4025 3389 4081; x_wconf 85' lang='lat' dir='ltr'>ergo</span> <span class='ocrx_word' id='word_1_812' title='bbox 3419 4008 3696 4081; x_wconf 84' lang='lat' dir='ltr'>imperiti.</span> 
     </span>
    </p>
   </div>
   <div class='ocr_carea' id='block_1_115' title="bbox 2058 4080 3698 4155">
    <p class='ocr_par' dir='ltr' id='par_1_115' title="bbox 2058 4080 3698 4155">
     <span class='ocr_line' id='line_1_119' title="bbox 2058 4080 3698 4155; baseline -0.001 -18"><span class='ocrx_word' id='word_1_813' title='bbox 2058 4082 2368 4155; x_wconf 89' lang='lat' dir='ltr'>Vulgatam</span> <span class='ocrx_word' id='word_1_814' title='bbox 2390 4082 2710 4138; x_wconf 87' lang='lat' dir='ltr'>versionem</span> <span class='ocrx_word' id='word_1_815' title='bbox 2736 4080 3046 4155; x_wconf 84' lang='lat' dir='ltr'>Ezechielis</span> <span class='ocrx_word' id='word_1_816' title='bbox 3061 4080 3172 4155; x_wconf 81' lang='lat' dir='ltr'>non</span> <span class='ocrx_word' id='word_1_817' title='bbox 3193 4080 3698 4155; x_wconf 82' lang='lat' dir='ltr'>esseHieronymi,</span> 
     </span>
    </p>
   </div>
   <div class='ocr_carea' id='block_1_116' title="bbox 2060 4152 3700 4227">
    <p class='ocr_par' dir='ltr' id='par_1_116' title="bbox 2060 4152 3700 4227">
     <span class='ocr_line' id='line_1_120' title="bbox 2060 4152 3700 4227; baseline -0.001 -18"><span class='ocrx_word' id='word_1_818' title='bbox 2060 4152 2204 4227; x_wconf 71' lang='lat' dir='ltr'>quia</span> <span class='ocrx_word' id='word_1_819' title='bbox 2224 4154 2740 4227; x_wconf 82' lang='lat' dir='ltr'>verbisinterdum</span> <span class='ocrx_word' id='word_1_820' title='bbox 2771 4154 3063 4227; x_wconf 86' lang='lat' dir='ltr'>discrepat</span> <span class='ocrx_word' id='word_1_821' title='bbox 3109 4152 3503 4227; x_wconf 29' lang='lat' dir='ltr'>ab‘ejusd_em_</span> <span class='ocrx_word' id='word_1_822' title='bbox 3532 4152 3700 4209; x_wconf 86' lang='lat' dir='ltr'>Com-</span> 
     </span>
    </p>
   </div>
   <div class='ocr_carea' id='block_1_117' title="bbox 2061 4222 3702 4281">
    <p class='ocr_par' dir='ltr' id='par_1_117' title="bbox 2061 4222 3702 4281">
     <span class='ocr_line' id='line_1_121' title="bbox 2061 4222 3702 4281; baseline -0.001 0"><span class='ocrx_word' id='word_1_823' title='bbox 2061 4222 2386 4281; x_wconf 84' lang='lat' dir='ltr'>mentariis.</span> <span class='ocrx_word' id='word_1_824' title='bbox 2419 4226 2525 4281; x_wconf 88' lang='lat' dir='ltr'>Sed</span> <span class='ocrx_word' id='word_1_825' title='bbox 2556 4242 2587 4281; x_wconf 90' lang='lat' dir='ltr'><strong>e</strong></span> <span class='ocrx_word' id='word_1_826' title='bbox 2613 4224 2903 4280; x_wconf 88' lang='lat' dir='ltr'>contrario</span> <span class='ocrx_word' id='word_1_827' title='bbox 2934 4222 3126 4279; x_wconf 84' lang='lat' dir='ltr'>ratum</span> <span class='ocrx_word' id='word_1_828' title='bbox 3150 4222 3229 4279; x_wconf 91' lang='lat' dir='ltr'>sit</span> <span class='ocrx_word' id='word_1_829' title='bbox 3248 4222 3539 4279; x_wconf 87' lang='lat' dir='ltr'>studiosis</span> <span class='ocrx_word' id='word_1_830' title='bbox 3570 4240 3702 4279; x_wconf 88' lang='lat' dir='ltr'>om-</span> 
     </span>
    </p>
   </div>
   <div class='ocr_carea' id='block_1_118' title="bbox 2059 4294 3701 4367">
    <p class='ocr_par' dir='ltr' id='par_1_118' title="bbox 2059 4294 3701 4367">
     <span class='ocr_line' id='line_1_122' title="bbox 2059 4294 3701 4367; baseline -0.002 -14"><span class='ocrx_word' id='word_1_831' title='bbox 2059 4298 2254 4363; x_wconf 90' lang='lat' dir='ltr'>nibus,</span> <span class='ocrx_word' id='word_1_832' title='bbox 2280 4297 2547 4352; x_wconf 85' lang='lat' dir='ltr'>Latinam</span> <span class='ocrx_word' id='word_1_833' title='bbox 2570 4296 2878 4367; x_wconf 86' lang='lat' dir='ltr'>Vulgatam</span> <span class='ocrx_word' id='word_1_834' title='bbox 2902 4294 3035 4350; x_wconf 90' lang='lat' dir='ltr'>libri</span> <span class='ocrx_word' id='word_1_835' title='bbox 3057 4295 3348 4350; x_wconf 89' lang='lat' dir='ltr'>Geneseos</span> <span class='ocrx_word' id='word_1_836' title='bbox 3373 4295 3701 4367; x_wconf 87' lang='lat' dir='ltr'>versionem</span> 
     </span>
    </p>
   </div>
   <div class='ocr_carea' id='block_1_119' title="bbox 2059 4366 3703 4439">
    <p class='ocr_par' dir='ltr' id='par_1_119' title="bbox 2059 4366 3703 4439">
     <span class='ocr_line' id='line_1_123' title="bbox 2059 4366 3703 4439; baseline -0.002 -15"><span class='ocrx_word' id='word_1_837' title='bbox 2059 4386 2174 4424; x_wconf 90' lang='lat' dir='ltr'>non</span> <span class='ocrx_word' id='word_1_838' title='bbox 2207 4368 2403 4424; x_wconf 89' lang='lat' dir='ltr'>minus</span> <span class='ocrx_word' id='word_1_839' title='bbox 2434 4366 2943 4439; x_wconf 87' lang='lat' dir='ltr'>Hieronymianam</span> <span class='ocrx_word' id='word_1_840' title='bbox 2980 4383 3120 4439; x_wconf 89' lang='lat' dir='ltr'>esse</span> <span class='ocrx_word' id='word_1_841' title='bbox 3177 4383 3352 4437; x_wconf 88' lang='lat' dir='ltr'>quam</span> <span class='ocrx_word' id='word_1_842' title='bbox 3386 4367 3489 4439; x_wconf 85' lang='lat' dir='ltr'>sit</span> <span class='ocrx_word' id='word_1_843' title='bbox 3514 4366 3703 4439; x_wconf 87' lang='lat' dir='ltr'>versio</span> 
     </span>
    </p>
   </div>
   <div class='ocr_carea' id='block_1_120' title="bbox 2063 4436 3705 4512">
    <p class='ocr_par' dir='ltr' id='par_1_120' title="bbox 2063 4436 3705 4512">
     <span class='ocr_line' id='line_1_124' title="bbox 2063 4436 3705 4512; baseline -0.002 -16"><span class='ocrx_word' id='word_1_844' title='bbox 2063 4441 2201 4496; x_wconf 89' lang='lat' dir='ltr'>item</span> <span class='ocrx_word' id='word_1_845' title='bbox 2234 4442 2441 4496; x_wconf 91' lang='lat' dir='ltr'>Latina</span> <span class='ocrx_word' id='word_1_846' title='bbox 2492 4436 3269 4512; x_wconf 77' lang='lat' dir='ltr'>sexdecimprophetarum,</span> <span class='ocrx_word' id='word_1_847' title='bbox 3303 4438 3472 4506; x_wconf 87' lang='lat' dir='ltr'>cujus</span> <span class='ocrx_word' id='word_1_848' title='bbox 3499 4436 3705 4512; x_wconf 66' lang='lat' dir='ltr'>ntiqua</span> 
     </span>
    </p>
   </div>
   <div class='ocr_carea' id='block_1_121' title="bbox 2061 4507 3703 4585">
    <p class='ocr_par' dir='ltr' id='par_1_121' title="bbox 2061 4507 3703 4585">
     <span class='ocr_line' id='line_1_125' title="bbox 2061 4507 3703 4585; baseline -0.001 -18"><span class='ocrx_word' id='word_1_849' title='bbox 2061 4512 2472 4585; x_wconf 79' lang='lat' dir='ltr'>proprietatem</span> <span class='ocrx_word' id='word_1_850' title='bbox 2502 4528 2676 4585; x_wconf 88' lang='lat' dir='ltr'>nemo</span> <span class='ocrx_word' id='word_1_851' title='bbox 2706 4507 2846 4566; x_wconf 63' lang='lat' dir='ltr'>nisi&#39;</span> <span class='ocrx_word' id='word_1_852' title='bbox 2877 4507 3071 4585; x_wconf 80' lang='lat' dir='ltr'>stulus</span> <span class='ocrx_word' id='word_1_853' title='bbox 3108 4509 3180 4565; x_wconf 90' lang='lat' dir='ltr'>ab</span> <span class='ocrx_word' id='word_1_854' title='bbox 3238 4514 3471 4564; x_wconf 86' lang='lat' dir='ltr'>auctore</span> <span class='ocrx_word' id='word_1_855' title='bbox 3499 4507 3703 4565; x_wconf 84' lang='lat' dir='ltr'>Hiero-</span> 
     </span>
    </p>
   </div>
   <div class='ocr_carea' id='block_1_122' title="bbox 2060 4582 2992 4657">
    <p class='ocr_par' dir='ltr' id='par_1_122' title="bbox 2060 4582 2992 4657">
     <span class='ocr_line' id='line_1_126' title="bbox 2060 4582 2992 4657; baseline -0.004 -17"><span class='ocrx_word' id='word_1_856' title='bbox 2060 4582 2234 4657; x_wconf 81' lang='lat' dir='ltr'>nymo</span> <span class='ocrx_word' id='word_1_857' title='bbox 2266 4583 2718 4655; x_wconf 89' lang='lat' dir='ltr'>abjudicandam</span> <span class='ocrx_word' id='word_1_858' title='bbox 2745 4582 2992 4638; x_wconf 86' lang='lat' dir='ltr'>censuit.</span> 
     </span>
    </p>
   </div>
   <div class='ocr_carea' id='block_1_123' title="bbox 497 4956 1943 5054">
    <p class='ocr_par' dir='ltr' id='par_1_123' title="bbox 497 4963 1943 5054">
     <span class='ocr_line' id='line_1_127' title="bbox 497 4963 1943 5054; baseline -0.001 -4"><span class='ocrx_word' id='word_1_859' title='bbox 497 4963 836 5052; x_wconf 69' lang='grc' dir='ltr'>ΝΟΤλΕ</span> <span class='ocrx_word' id='word_1_860' title='bbox 892 4966 1024 5054; x_wconf 86' lang='grc' dir='ltr'>ΡΒ</span> <span class='ocrx_word' id='word_1_861' title='bbox 1046 4963 1665 5053; x_wconf 79' lang='lat' dir='ltr'>OLIXIORES</span> <span class='ocrx_word' id='word_1_862' title='bbox 1707 4964 1816 5049; x_wconf 87' lang='lat' dir='ltr'>IN</span> <span class='ocrx_word' id='word_1_863' title='bbox 1857 4964 1943 5049; x_wconf 72' lang='lat' dir='ltr'>Cl</span> 
     </span>
    </p>
   </div>
   <div class='ocr_carea' id='block_1_124' title="bbox 2058 4956 3502 5054">
    <p class='ocr_par' dir='ltr' id='par_1_124' title="bbox 2058 4956 3502 5048">
     <span class='ocr_line' id='line_1_128' title="bbox 2058 4956 3502 5048; baseline -0.003 0"><span class='ocrx_word' id='word_1_864' title='bbox 2058 4962 2451 5048; x_wconf 63' lang='grc' dir='ltr'>ΑΜΕΝΤ.</span> <span class='ocrx_word' id='word_1_865' title='bbox 2496 4960 2608 5044; x_wconf 85' lang='grc' dir='ltr'>ΙΝ</span> <span class='ocrx_word' id='word_1_866' title='bbox 2651 4956 3502 5045; x_wconf 76' lang='lat' dir='ltr'>ECCLESIASTEN.</span> 
     </span>
    </p>
   </div>
   <div class='ocr_carea' id='block_1_125' title="bbox 366 5300 1941 5375">
    <p class='ocr_par' dir='ltr' id='par_1_125' title="bbox 366 5300 1941 5375">
     <span class='ocr_line' id='line_1_129' title="bbox 366 5300 1941 5375; baseline -0.002 -19"><span class='ocrx_word' id='word_1_867' title='bbox 366 5300 528 5375; x_wconf 88' lang='lat' dir='ltr'>Quod</span> <span class='ocrx_word' id='word_1_868' title='bbox 579 5300 638 5375; x_wconf 85' lang='lat' dir='ltr'>in</span> <span class='ocrx_word' id='word_1_869' title='bbox 686 5300 841 5358; x_wconf 86' lang='lat' dir='ltr'>calce</span> <span class='ocrx_word' id='word_1_870' title='bbox 869 5300 1002 5357; x_wconf 90' lang='lat' dir='ltr'>libri</span> <span class='ocrx_word' id='word_1_871' title='bbox 1038 5300 1439 5375; x_wconf 12' lang='lat' dir='ltr'>illebraicaruim</span> <span class='ocrx_word' id='word_1_872' title='bbox 1476 5302 1859 5375; x_wconf 63' lang='lat' dir='ltr'>Quaestionum</span> <span class='ocrx_word' id='word_1_873' title='bbox 1884 5300 1941 5354; x_wconf 90' lang='lat' dir='ltr'>in</span> 
     </span>
    </p>
   </div>
   <div class='ocr_carea' id='block_1_126' title="bbox 294 5372 1943 5456">
    <p class='ocr_par' dir='ltr' id='par_1_126' title="bbox 294 5372 1943 5456">
     <span class='ocr_line' id='line_1_130' title="bbox 294 5372 1943 5456; baseline -0.002 -27"><span class='ocrx_word' id='word_1_874' title='bbox 294 5372 790 5456; x_wconf 37' lang='lat' dir='ltr'>genesim‘facere</span> <span class='ocrx_word' id='word_1_875' title='bbox 818 5374 1163 5456; x_wconf 71' lang='lat' dir='ltr'>eompulsus</span> <span class='ocrx_word' id='word_1_876' title='bbox 1200 5391 1352 5456; x_wconf 68' lang='lat' dir='ltr'>sem,</span> <span class='ocrx_word' id='word_1_877' title='bbox 1386 5373 1441 5429; x_wconf 91' lang='lat' dir='ltr'>id</span> <span class='ocrx_word' id='word_1_878' title='bbox 1477 5372 1708 5456; x_wconf 80' lang='lat' dir='ltr'>quoque</span> <span class='ocrx_word' id='word_1_879' title='bbox 1740 5374 1798 5426; x_wconf 89' lang='lat' dir='ltr'>in</span> <span class='ocrx_word' id='word_1_880' title='bbox 1831 5373 1943 5426; x_wconf 88' lang='lat' dir='ltr'>ﬁne</span> 
     </span>
    </p>
   </div>
   <div class='ocr_carea' id='block_1_127' title="bbox 295 5444 1975 5517">
    <p class='ocr_par' dir='ltr' id='par_1_127' title="bbox 295 5444 1975 5517">
     <span class='ocr_line' id='line_1_131' title="bbox 295 5444 1975 5517; baseline -0.002 -17"><span class='ocrx_word' id='word_1_881' title='bbox 295 5444 713 5517; x_wconf 79' lang='lat' dir='ltr'>commentarii</span> <span class='ocrx_word' id='word_1_882' title='bbox 738 5445 797 5500; x_wconf 92' lang='lat' dir='ltr'>in</span> <span class='ocrx_word' id='word_1_883' title='bbox 818 5444 1223 5501; x_wconf 84' lang='lat' dir='ltr'>Ecclesiastem</span> <span class='ocrx_word' id='word_1_884' title='bbox 1249 5444 1580 5517; x_wconf 82' lang='lat' dir='ltr'>Solomonis</span> <span class='ocrx_word' id='word_1_885' title='bbox 1602 5460 1770 5517; x_wconf 88' lang='lat' dir='ltr'>agere</span> <span class='ocrx_word' id='word_1_886' title='bbox 1791 5460 1944 5497; x_wconf 92' lang='lat' dir='ltr'>com-</span> <span class='ocrx_word' id='word_1_887' title='bbox 1968 5468 1975 5471; x_wconf 88' lang='lat'><em>-</em></span> 
     </span>
    </p>
   </div>
   <div class='ocr_carea' id='block_1_128' title="bbox 336 5514 1940 5576">
    <p class='ocr_par' dir='ltr' id='par_1_128' title="bbox 336 5514 1940 5576">
     <span class='ocr_line' id='line_1_132' title="bbox 336 5514 1940 5576; baseline -0.003 -3"><span class='ocrx_word' id='word_1_888' title='bbox 336 5515 501 5576; x_wconf 87' lang='lat' dir='ltr'>ellor.</span> <span class='ocrx_word' id='word_1_889' title='bbox 524 5515 639 5572; x_wconf 88' lang='lat' dir='ltr'>Nec</span> <span class='ocrx_word' id='word_1_890' title='bbox 656 5516 805 5573; x_wconf 90' lang='lat' dir='ltr'>idem</span> <span class='ocrx_word' id='word_1_891' title='bbox 835 5517 1117 5572; x_wconf 84' lang='lat' dir='ltr'>Ricardus</span> <span class='ocrx_word' id='word_1_892' title='bbox 1139 5516 1435 5573; x_wconf 89' lang='lat' dir='ltr'>Simonius</span> <span class='ocrx_word' id='word_1_893' title='bbox 1458 5514 1940 5572; x_wconf 60' lang='lat' dir='ltr'>solum&#39;volumen</span> 
     </span>
    </p>
   </div>
   <div class='ocr_carea' id='block_1_129' title="bbox 341 5586 1942 5660">
    <p class='ocr_par' dir='ltr' id='par_1_129' title="bbox 341 5586 1942 5660">
     <span class='ocr_line' id='line_1_133' title="bbox 341 5586 1942 5660; baseline -0.001 -18"><span class='ocrx_word' id='word_1_894' title='bbox 341 5589 709 5660; x_wconf 13' lang='lat' dir='ltr'>ebraicarumr</span> <span class='ocrx_word' id='word_1_895' title='bbox 750 5590 1121 5657; x_wconf 77' lang='lat' dir='ltr'>Quwstionum</span> <span class='ocrx_word' id='word_1_896' title='bbox 1155 5589 1563 5660; x_wconf 86' lang='lat' dir='ltr'>impugnatum</span> <span class='ocrx_word' id='word_1_897' title='bbox 1606 5587 1789 5642; x_wconf 89' lang='lat' dir='ltr'>voluit</span> <span class='ocrx_word' id='word_1_898' title='bbox 1818 5586 1942 5641; x_wconf 89' lang='lat' dir='ltr'>suis</span> 
     </span>
    </p>
   </div>
   <div class='ocr_carea' id='block_1_130' title="bbox 293 5659 1943 5721">
    <p class='ocr_par' dir='ltr' id='par_1_130' title="bbox 293 5659 1943 5721">
     <span class='ocr_line' id='line_1_134' title="bbox 293 5659 1943 5721; baseline -0.002 -5"><span class='ocrx_word' id='word_1_899' title='bbox 293 5659 812 5716; x_wconf 89' lang='lat' dir='ltr'>Observationibus</span> <span class='ocrx_word' id='word_1_900' title='bbox 843 5660 1062 5716; x_wconf 90' lang='lat' dir='ltr'>criticis</span> <span class='ocrx_word' id='word_1_901' title='bbox 1082 5677 1103 5721; x_wconf 86' lang='lat'><strong><em>;</em></strong></span> <span class='ocrx_word' id='word_1_902' title='bbox 1134 5661 1233 5716; x_wconf 88' lang='lat' dir='ltr'>sed</span> <span class='ocrx_word' id='word_1_903' title='bbox 1266 5661 1469 5715; x_wconf 88' lang='lat' dir='ltr'>eadem</span> <span class='ocrx_word' id='word_1_904' title='bbox 1499 5663 1620 5714; x_wconf 89' lang='lat' dir='ltr'>arte</span> <span class='ocrx_word' id='word_1_905' title='bbox 1672 5675 1739 5715; x_wconf 92' lang='lat' dir='ltr'>ac</span> <span class='ocrx_word' id='word_1_906' title='bbox 1767 5662 1943 5713; x_wconf 90' lang='lat' dir='ltr'>teme-</span> 
     </span>
    </p>
   </div>
   <div class='ocr_carea' id='block_1_131' title="bbox 294 5729 1941 5804">
    <p class='ocr_par' dir='ltr' id='par_1_131' title="bbox 294 5729 1941 5804">
     <span class='ocr_line' id='line_1_135' title="bbox 294 5729 1941 5804; baseline -0.001 -18"><span class='ocrx_word' id='word_1_907' title='bbox 294 5731 466 5804; x_wconf 83' lang='lat' dir='ltr'>ritate</span> <span class='ocrx_word' id='word_1_908' title='bbox 497 5747 677 5804; x_wconf 76' lang='lat' dir='ltr'>ausns</span> <span class='ocrx_word' id='word_1_909' title='bbox 703 5735 792 5788; x_wconf 89' lang='lat' dir='ltr'>est</span> <span class='ocrx_word' id='word_1_910' title='bbox 830 5731 1044 5804; x_wconf 89' lang='lat' dir='ltr'>stylum</span> <span class='ocrx_word' id='word_1_911' title='bbox 1095 5737 1446 5804; x_wconf 76' lang='lat' dir='ltr'>convertere</span> <span class='ocrx_word' id='word_1_912' title='bbox 1470 5730 1529 5786; x_wconf 88' lang='lat' dir='ltr'>in</span> <span class='ocrx_word' id='word_1_913' title='bbox 1579 5729 1941 5804; x_wconf 80' lang='lat' dir='ltr'>superiorem</span> 
     </span>
    </p>
   </div>
   <div class='ocr_carea' id='block_1_132' title="bbox 292 5799 1940 5874">
    <p class='ocr_par' dir='ltr' id='par_1_132' title="bbox 292 5799 1940 5874">
     <span class='ocr_line' id='line_1_136' title="bbox 292 5799 1940 5874; baseline -0.002 -15"><span class='ocrx_word' id='word_1_914' title='bbox 292 5802 645 5874; x_wconf 84' lang='lat' dir='ltr'>Hieronymi</span> <span class='ocrx_word' id='word_1_915' title='bbox 681 5799 1133 5874; x_wconf 72' lang='lat' dir='ltr'>Comentarium,</span> <span class='ocrx_word' id='word_1_916' title='bbox 1187 5803 1278 5857; x_wconf 66' lang='lat' dir='ltr'>cui</span> <span class='ocrx_word' id='word_1_917' title='bbox 1332 5802 1491 5857; x_wconf 88' lang='lat' dir='ltr'>nulla</span> <span class='ocrx_word' id='word_1_918' title='bbox 1536 5799 1707 5874; x_wconf 80' lang='lat' dir='ltr'>nota,</span> <span class='ocrx_word' id='word_1_919' title='bbox 1741 5799 1940 5874; x_wconf 60' lang='lat' dir='ltr'>nulla</span> 
     </span>
    </p>
   </div>
   <div class='ocr_carea' id='block_1_133' title="bbox 291 5872 1941 5955">
    <p class='ocr_par' dir='ltr' id='par_1_133' title="bbox 291 5872 1941 5955">
     <span class='ocr_line' id='line_1_137' title="bbox 291 5872 1941 5955; baseline -0.001 -20"><span class='ocrx_word' id='word_1_920' title='bbox 291 5872 527 5935; x_wconf 67' lang='lat' dir='ltr'>sordes</span> <span class='ocrx_word' id='word_1_921' title='bbox 555 5873 713 5933; x_wconf 87' lang='lat' dir='ltr'>allini</span> <span class='ocrx_word' id='word_1_922' title='bbox 774 5879 1060 5955; x_wconf 81' lang='lat' dir='ltr'>poterant,</span> <span class='ocrx_word' id='word_1_923' title='bbox 1110 5872 1223 5933; x_wconf 81' lang='lat' dir='ltr'>nisi</span> <span class='ocrx_word' id='word_1_924' title='bbox 1254 5875 1325 5933; x_wconf 87' lang='lat' dir='ltr'>ab</span> <span class='ocrx_word' id='word_1_925' title='bbox 1383 5873 1652 5948; x_wconf 89' lang='lat' dir='ltr'>imperito</span> <span class='ocrx_word' id='word_1_926' title='bbox 1681 5872 1941 5951; x_wconf 80' lang='lat' dir='ltr'>falsoque</span> 
     </span>
    </p>
   </div>
   <div class='ocr_carea' id='block_1_134' title="bbox 2052 5290 3701 5368">
    <p class='ocr_par' dir='ltr' id='par_1_134' title="bbox 2052 5290 3701 5368">
     <span class='ocr_line' id='line_1_138' title="bbox 2052 5290 3701 5368; baseline -0.003 -15"><span class='ocrx_word' id='word_1_927' title='bbox 2052 5296 2238 5353; x_wconf 89' lang='lat' dir='ltr'>nostri</span> <span class='ocrx_word' id='word_1_928' title='bbox 2260 5295 2539 5368; x_wconf 89' lang='lat' dir='ltr'>temporis</span> <span class='ocrx_word' id='word_1_929' title='bbox 2559 5292 2904 5368; x_wconf 81' lang='lat' dir='ltr'>aristarcho,</span> <span class='ocrx_word' id='word_1_930' title='bbox 2940 5293 3039 5368; x_wconf 76' lang='lat' dir='ltr'>qui</span> <span class='ocrx_word' id='word_1_931' title='bbox 3073 5291 3284 5364; x_wconf 71' lang='lat' dir='ltr'>srepius</span> <span class='ocrx_word' id='word_1_932' title='bbox 3306 5290 3447 5348; x_wconf 90' lang='lat' dir='ltr'>dicit</span> <span class='ocrx_word' id='word_1_933' title='bbox 3478 5291 3701 5368; x_wconf 89' lang='lat' dir='ltr'>malum</span> 
     </span>
    </p>
   </div>
   <div class='ocr_carea' id='block_1_135' title="bbox 2053 5365 3702 5435">
    <p class='ocr_par' dir='ltr' id='par_1_135' title="bbox 2053 5365 3702 5435">
     <span class='ocr_line' id='line_1_139' title="bbox 2053 5365 3702 5435; baseline -0.002 -11"><span class='ocrx_word' id='word_1_934' title='bbox 2053 5370 2294 5435; x_wconf 90' lang='lat' dir='ltr'>bonum,</span> <span class='ocrx_word' id='word_1_935' title='bbox 2327 5365 2627 5423; x_wconf 52' lang='lat' dir='ltr'>et&#39;bonum</span> <span class='ocrx_word' id='word_1_936' title='bbox 2663 5365 2905 5421; x_wconf 89' lang='lat' dir='ltr'>malum.</span> <span class='ocrx_word' id='word_1_937' title='bbox 2940 5365 3246 5419; x_wconf 90' lang='lat' dir='ltr'>Summam</span> <span class='ocrx_word' id='word_1_938' title='bbox 3278 5379 3415 5435; x_wconf 88' lang='lat' dir='ltr'>ergo</span> <span class='ocrx_word' id='word_1_939' title='bbox 3445 5366 3702 5421; x_wconf 82' lang='lat' dir='ltr'>censoris</span> 
     </span>
    </p>
   </div>
   <div class='ocr_carea' id='block_1_136' title="bbox 2053 5436 3701 5512">
    <p class='ocr_par' dir='ltr' id='par_1_136' title="bbox 2053 5436 3701 5512">
     <span class='ocr_line' id='line_1_140' title="bbox 2053 5436 3701 5512; baseline -0.002 -17"><span class='ocrx_word' id='word_1_940' title='bbox 2053 5440 2390 5512; x_wconf 90' lang='lat' dir='ltr'>hujusmodi</span> <span class='ocrx_word' id='word_1_941' title='bbox 2424 5443 2486 5494; x_wconf 89' lang='lat' dir='ltr'>ut</span> <span class='ocrx_word' id='word_1_942' title='bbox 2511 5436 3020 5512; x_wconf 86' lang='lat' dir='ltr'>intemperantiam</span> <span class='ocrx_word' id='word_1_943' title='bbox 3052 5452 3519 5512; x_wconf 76' lang='lat' dir='ltr'>compescamus,</span> <span class='ocrx_word' id='word_1_944' title='bbox 3552 5437 3701 5512; x_wconf 86' lang='lat' dir='ltr'>iuer-</span> 
     </span>
    </p>
   </div>
   <div class='ocr_carea' id='block_1_137' title="bbox 2050 5507 3700 5575">
    <p class='ocr_par' dir='ltr' id='par_1_137' title="bbox 2050 5507 3700 5575">
     <span class='ocr_line' id='line_1_141' title="bbox 2050 5507 3700 5575; baseline -0.002 -9"><span class='ocrx_word' id='word_1_945' title='bbox 2050 5507 2147 5567; x_wconf 48' lang='lat' dir='ltr'>tes&#39;</span> <span class='ocrx_word' id='word_1_946' title='bbox 2168 5529 2234 5566; x_wconf 86' lang='lat' dir='ltr'>ex</span> <span class='ocrx_word' id='word_1_947' title='bbox 2266 5528 2329 5567; x_wconf 90' lang='lat' dir='ltr'>se</span> <span class='ocrx_word' id='word_1_948' title='bbox 2370 5527 2435 5565; x_wconf 90' lang='lat' dir='ltr'>ac</span> <span class='ocrx_word' id='word_1_949' title='bbox 2482 5509 2634 5564; x_wconf 89' lang='lat' dir='ltr'>male</span> <span class='ocrx_word' id='word_1_950' title='bbox 2681 5507 2876 5575; x_wconf 86' lang='lat' dir='ltr'>sanas,</span> <span class='ocrx_word' id='word_1_951' title='bbox 2909 5523 3015 5563; x_wconf 88' lang='lat' dir='ltr'>nec</span> <span class='ocrx_word' id='word_1_952' title='bbox 3047 5523 3159 5561; x_wconf 91' lang='lat' dir='ltr'>non</span> <span class='ocrx_word' id='word_1_953' title='bbox 3202 5507 3546 5563; x_wconf 89' lang='lat' dir='ltr'>doctissimo</span> <span class='ocrx_word' id='word_1_954' title='bbox 3577 5508 3700 5563; x_wconf 91' lang='lat' dir='ltr'>viro</span> 
     </span>
    </p>
   </div>
   <div class='ocr_carea' id='block_1_138' title="bbox 2051 5578 3700 5655">
    <p class='ocr_par' dir='ltr' id='par_1_138' title="bbox 2051 5578 3700 5655">
     <span class='ocr_line' id='line_1_142' title="bbox 2051 5578 3700 5655; baseline -0.003 -17"><span class='ocrx_word' id='word_1_955' title='bbox 2051 5584 2285 5655; x_wconf 87' lang='lat' dir='ltr'>iniquas</span> <span class='ocrx_word' id='word_1_956' title='bbox 2317 5581 3039 5655; x_wconf 68' lang='lat' dir='ltr'>ObservationesHistoria:</span> <span class='ocrx_word' id='word_1_957' title='bbox 3081 5580 3293 5655; x_wconf 63' lang='lat' dir='ltr'>criticw</span> <span class='ocrx_word' id='word_1_958' title='bbox 3324 5578 3700 5655; x_wconf 74' lang='lat' dir='ltr'>instrumenti</span> 
     </span>
    </p>
   </div>
   <div class='ocr_carea' id='block_1_139' title="bbox 2053 5650 3700 5715">
    <p class='ocr_par' dir='ltr' id='par_1_139' title="bbox 2053 5650 3700 5715">
     <span class='ocr_line' id='line_1_143' title="bbox 2053 5650 3700 5715; baseline -0.004 -4"><span class='ocrx_word' id='word_1_959' title='bbox 2053 5650 2269 5711; x_wconf 80' lang='lat' dir='ltr'>Veteris</span> <span class='ocrx_word' id='word_1_960' title='bbox 2301 5653 2604 5709; x_wconf 89' lang='lat' dir='ltr'>ostendere</span> <span class='ocrx_word' id='word_1_961' title='bbox 2635 5652 2744 5706; x_wconf 88' lang='lat' dir='ltr'>hoc</span> <span class='ocrx_word' id='word_1_962' title='bbox 2760 5651 2886 5706; x_wconf 93' lang='lat' dir='ltr'>loco</span> <span class='ocrx_word' id='word_1_963' title='bbox 2908 5650 3282 5705; x_wconf 89' lang='lat' dir='ltr'>commodum</span> <span class='ocrx_word' id='word_1_964' title='bbox 3309 5650 3510 5715; x_wconf 86' lang='lat' dir='ltr'>duxit;</span> <span class='ocrx_word' id='word_1_965' title='bbox 3541 5666 3700 5705; x_wconf 86' lang='lat' dir='ltr'>com-</span> 
     </span>
    </p>
   </div>
   <div class='ocr_carea' id='block_1_140' title="bbox 2052 5720 3700 5798">
    <p class='ocr_par' dir='ltr' id='par_1_140' title="bbox 2052 5720 3700 5798">
     <span class='ocr_line' id='line_1_144' title="bbox 2052 5720 3700 5798; baseline -0.003 -16"><span class='ocrx_word' id='word_1_966' title='bbox 2052 5743 2255 5798; x_wconf 90' lang='lat' dir='ltr'>pressa</span> <span class='ocrx_word' id='word_1_967' title='bbox 2286 5726 2441 5781; x_wconf 90' lang='lat' dir='ltr'>enim</span> <span class='ocrx_word' id='word_1_968' title='bbox 2474 5728 2531 5798; x_wconf 88' lang='lat' dir='ltr'>et</span> <span class='ocrx_word' id='word_1_969' title='bbox 2558 5727 2907 5798; x_wconf 76' lang='lat' dir='ltr'>compuneta</span> <span class='ocrx_word' id='word_1_970' title='bbox 2930 5722 3097 5798; x_wconf 75' lang='lat' dir='ltr'>Notis</span> <span class='ocrx_word' id='word_1_971' title='bbox 3120 5722 3336 5798; x_wconf 79' lang='lat' dir='ltr'>nostris</span> <span class='ocrx_word' id='word_1_972' title='bbox 3356 5721 3564 5775; x_wconf 87' lang='lat' dir='ltr'>harum</span> <span class='ocrx_word' id='word_1_973' title='bbox 3587 5720 3700 5777; x_wconf 86' lang='lat' dir='ltr'>0b-</span> 
     </span>
    </p>
   </div>
   <div class='ocr_carea' id='block_1_141' title="bbox 2049 5792 3702 5867">
    <p class='ocr_par' dir='ltr' id='par_1_141' title="bbox 2049 5792 3702 5867">
     <span class='ocr_line' id='line_1_145' title="bbox 2049 5792 3702 5867; baseline -0.002 -14"><span class='ocrx_word' id='word_1_974' title='bbox 2049 5792 2442 5853; x_wconf 77' lang='lat' dir='ltr'>servationum</span> <span class='ocrx_word' id='word_1_975' title='bbox 2498 5794 3095 5867; x_wconf 75' lang='lat' dir='ltr'>imperita__i‘alsitate,</span> <span class='ocrx_word' id='word_1_976' title='bbox 3126 5792 3702 5867; x_wconf 75' lang='lat' dir='ltr'>quasi__sponte__s_ua</span> 
     </span>
    </p>
   </div>
   <div class='ocr_carea' id='block_1_142' title="bbox 2048 5862 3701 5944">
    <p class='ocr_par' dir='ltr' id='par_1_142' title="bbox 2048 5862 3701 5944">
     <span class='ocr_line' id='line_1_146' title="bbox 2048 5862 3701 5944; baseline -0.005 -13"><span class='ocrx_word' id='word_1_977' title='bbox 2048 5869 2300 5931; x_wconf 79' lang='lat' dir='ltr'>elucebit</span> <span class='ocrx_word' id='word_1_978' title='bbox 2329 5862 2750 5944; x_wconf 78' lang='lat' dir='ltr'>impugnatain</span> <span class='ocrx_word' id='word_1_979' title='bbox 2780 5864 2899 5924; x_wconf 90' lang='lat' dir='ltr'>illis</span> <span class='ocrx_word' id='word_1_980' title='bbox 2919 5862 3161 5939; x_wconf 69' lang='lat' dir='ltr'>veritas,</span> <span class='ocrx_word' id='word_1_981' title='bbox 3185 5862 3533 5939; x_wconf 77' lang='lat' dir='ltr'>debitusqus</span> <span class='ocrx_word' id='word_1_982' title='bbox 3564 5863 3701 5923; x_wconf 86' lang='lat' dir='ltr'>Hie-</span> 
     </span>
    </p>
   </div>
  </div>
