3984 6384
406 360 562 426 1663

397 495 508 548 384.
536 493 791 548 Salomon
813 508 921 546 non
941 493 1127 547 habuit
1146 493 1374 546 similem
1390 493 1474 546 sui
1493 495 1656 546 filium
1676 496 2046 555 RoboamJio/t.

395 558 556 610 Multa
571 559 769 622 scripta
787 558 1084 610 Salomonis
1105 559 1402 623 antiquata,
1421 572 1518 608 nec
1537 559 1590 608 in
1615 557 1871 608 memoria
1890 559 2048 608 dura-

395 627 622 736 veStlilliits’.
639 625 1004 746 4S9iisnpliciores
1024 697 1430 748 nonnumquam
1461 683 1686 732 salutem
1709 695 2047 746 consequun-

394 752 498 805 tur,
535 761 694 810 quam
725 748 990 796 doctiores
1019 748 1286 807 amittunt,
1316 750 1424 810 417.

453 807 728 888 Saluntpris.
752 811 880 868 Quae
912 810 1189 873 provincia
1218 810 1270 858 in
1303 809 1582 860 Palzestina
1626 807 1768 857 dicta
1797 809 1865 858 sit
1893 807 2038 858 Salu-

391 875 770 985 mgzini‘i'itani
802 949 832 983 a
859 933 1054 998 quibus
1078 939 1432 998 sumpserunt
1462 935 1758 997 exordium,
1789 935 1899 983 278.

449 1000 676 1048 Samson
705 1004 757 1047 et
784 997 954 1046 Dalila
985 997 1124 1046 unde
1154 999 1387 1056 fuerunt,
1416 1000 1527 1047 277.

448 1067 643 1119 Sancti.
674 1068 808 1116 Ante
839 1067 1125 1116 adventum
1156 1069 1362 1124 Christi,
1411 1067 1589 1118 Sancti
1619 1082 1806 1117 omnes
1834 1067 2039 1115 detine-

385 1130 584 1180 bantur
613 1131 668 1180 in
699 1131 944 1179 inferno:
981 1143 1090 1179 non
1121 1136 1299 1180 autem
1325 1134 1442 1192 post
1471 1133 1912 1180 resurrectionem
1937 1130 2038 1178 Do-

385 1194 534 1249 mini,
565 1195 692 1256 quia
725 1206 844 1241 cum
875 1193 1082 1242 Christo
1113 1199 1255 1251 sunt,
1288 1197 1395 1242 404.

447 1263 812 1328 Ξᾶρὶεῑιεηνίιδ
841 1265 1057 1325 sapiens
1087 1265 1140 1312 in
1171 1265 1452 1326 Scripturis
1473 1262 2038 1328 lalioratetcomponit

383 1325 546 1398 libros
575 1327 668 1398 qui
695 1325 1299 1398 in_nianus_stultoruin
1343 1328 1582 1398 veniunt,
1633 1335 1684 1374 et
1729 1327 2038 1398 frequenter

383 1388 662 1438 calumniis
691 1393 892 1451 patent,
925 1392 1030 1438 405.
1064 1390 1164 1446 001
1187 1389 1397 1451 sapiens
1423 1394 1519 1445 est,
1542 1401 1752 1450 semper
1770 1389 1834 1436 de
1857 1388 2035 1436 futuro

382 1451 576 1516 saeculo
602 1453 816 1516 cogitat,
849 1453 994 1516 quod
1027 1452 1172 1516 ducit
1201 1451 1275 1516 ad?
1297 1452 1538 1500 dextram
1565 1465 1587 1516 ;_
1610 1452 1701 1516 qui
1749 1465 1874 1516 vero
1905 1451 2030 1516 iusi-

419 1515 551 1578 1000,
585 1514 650 1563 de
678 1513 952 1578 praesenti,
982 1514 1141 1578 quod
1165 1515 1396 1578 positum
1447 1519 1526 1563 est
1576 1513 1639 1562 in
1661 1513 1894 1569 sinistra,
1919 1515 2032 1578 469.

380 1528 551 1626 B11008,
585 1528 650 1563 ue
685 1528 952 1578 praesenti,
982 1528 1124 1576 quoa
1165 1528 1396 1576 posnum
1447 1528 1526 1563 eet
1576 1528 1629 1562 10
1661 1528 1894 1569 sinistra,
1923 1528 2032 1561 400.

435 1576 564 1626 elior
592 1581 672 1625 est
699 1577 911 1639 sapiens
940 1589 1061 1624 cum
1093 1576 1308 1634 divitiis,
1351 1590 1509 1639 quam
1565 1580 1776 1639 tantum
1818 1576 2035 1638 sapiens

380 1647 436 1702 et
463 1653 646 1702 quare.
671 1638 781 1689 440.
811 1639 1034 1700 Sapiens
1065 1639 1208 1687 vadit
1239 1639 1303 1686 ad
1326 1638 1543 1702 domum
1564 1638 1686 1696 viri,
1715 1639 1807 1701 qui
1837 1651 1892 1686 se
1922 1651 2029 1686 cor-

377 1701 536 1764 ripiat
564 1701 985 1764 delinquentem,
1017 1705 1075 1750 ut
1103 1701 1334 1764 adducat
1363 1701 1426 1750 ad
1451 1701 1727 1764 lacrymas,
1759 1704 1812 1748 et
1840 1713 2027 1762 provo-

378 1763 706 1836 cetpropria
736 1763 861 1836 ﬂere
893 1769 1126 1836 peccata,
1153 1766 1272 1836 _4_37_._
1290 1763 1448 1812 Dolor
1477 1763 1796 1836 sapientium
1828 1766 1880 1836 et
1917 1775 2030 1836 per-

375 1824 637 1876 fecturum
667 1827 841 1888 qualis
870 1824 954 1884 sit,
986 1829 1097 1875 395.
1151 1827 1437 1874 Multorum
1481 1824 1722 1886 exemplo
1753 1825 2026 1888 probatur,

377 1889 522 1952 quod
553 1886 824 1952 interdum
848 1888 1230 1952 sapientissimi
1276 1887 1520 1952 homines
1550 1886 1860 1952 necessariis
1890 1886 2028 1934 indi-

377 1950 540 2014 geant
562 1964 730 2014 ;7cum
760 1951 818 1998 in
847 1950 1088 2014 Ecclesia
1118 1951 1522 2014 imperitissimi
1555 1951 1776 2014 quique
1807 1951 2030 2014 ﬂoreant

376 2011 430 2062 ét
457 2013 752 2075 prudentes
776 2027 832 2061 se
863 2026 978 2061 esse
1017 2011 1356 2070 arbitrentur,
1391 2015 1502 2062 465.
1545 2011 1810 2073 Sapientis
1856 2011 2024 2075 homi-

376 2073 471 2124 nis
488 2080 584 2133 est,
617 2075 931 2137 sapientiam
961 2077 1210 2136 prmviam
1245 2074 1412 2137 sequi.
1443 2079 1495 2123 et
1521 2089 1689 2122 vanos
1712 2088 1818 2122 non
1850 2073 2026 2122 consi-

375 2137 561 2186 derare
591 2151 848 2194 rumores,
872 2139 980 2186 446.
1011 2137 1236 2198 Sapiens
1267 2137 1530 2199 perfectus
1559 2137 1706 2186 nulla
1726 2137 2022 2197 argutione,

375 2199 595 2262 indiget.
628 2200 776 2248 nulla
803 2199 1067 2248 calumnia
1097 2200 1466 2255 conturbatur,
1487 2202 1596 2248 438.
1617 2203 1823 2262 Quanto
1855 2200 2024 2260 magis

373 2261 826 2324 quis’sapientiam
859 2263 1016 2310 fuerit
1045 2271 1376 2314 consecutus.
1408 2267 1556 2310 tanto
1579 2261 1695 2324 plus
1715 2261 2026 2324 indignatur

373 2323 649 2388 subjacere
673 2325 834 2384 vitiis,
860 2329 921 2388 et
951 2324 1132 2385 procul
1161 2338 1274 2373 esse
1305 2340 1333 2372 a
1363 2323 1646 2373 virtutibus
1685 2337 1818 2388 quas
1834 2323 2022 2388 requi-

371 2386 599 2450 riu—395.
633 2387 906 2450 Sapientia
933 2391 1324 2450 peritorinenta
1353 2387 1594 2449 quaedam
1638 2386 2020 2450 0110101001ὼὶ-

375 2448 485 2512 1001
508 2448 766 2507 laborem,
793 2449 910 2512 jugi
939 2448 1286 2512 meditatione
1315 2448 1562 2498 et’studio
1585 2449 1739 2498 nobis
1762 2449 2022 2510 provenit,

374 2511 502 2560 ibid.
538 2513 684 2562 Latet
712 2512 763 2560 in
797 2511 978 2560 abdito
1010 2517 1062 2560 et
1093 2511 1391 2572 profundo:
1445 2527 1541 2560 nec
1596 2513 1665 2560 ita
1716 2525 1772 2560 se
1827 2512 2026 2573 praebet

373 2575 664 2634 mentibus,
693 2580 753 2623 ut
782 2573 958 2623 lumen
993 2574 1146 2629 visui,
1177 2573 1306 2624 ibid.
1330 2575 1588 2624 Probatur
1609 2575 1665 2622 in
1686 2573 1842 2622 bonis
1863 2587 2024 2635 appe-

369 2637 565 2694 tendis,
594 2642 648 2686 et
678 2637 732 2685 in
766 2637 917 2685 malis
965 2636 1312 2693 declinandis,
1345 2637 1470 2684 ibid.
1509 2637 1597 2684 Est
1649 2637 1854 2695 lignum
1902 2637 2024 2684 vitae

371 2713 489 2763 qua
514 2699 614 2749 nisi
635 2699 690 2748 in
721 2700 897 2763 medio
915 2699 1172 2748 virtutum
1197 2699 1482 2763 plantetur,
1515 2699 1662 2760 ligna
1683 2703 1876 2763 caetera
1921 2699 2020 2747 sic-

371 2761 654 2820 cabuntur,
705 2765 816 2812 398.
847 2761 965 2811 Plus
992 2766 1167 2824 potest
1194 2761 1248 2810 in
1279 2763 1525 2822 angustia
1569 2762 1856 2810 constituto
1891 2774 2024 2824 prae-

371 2827 528 2882 stare,
559 2837 718 2886 quam
750 2825 1001 2888 quaelibet
1028 2824 1274 2872 maximae
1304 2829 1606 2886 potestates,
1638 2827 1746 2872 445.

433 2894 817 2944 Saracenorum
871 2907 1026 2942 mons
1055 2899 1107 2942 et
1139 2895 1406 2942 desertum
1439 2895 1631 2942 dicitur
1662 2893 1879 2951 Pharan,
1917 2895 2021 2943 191.

371 2957 502 3020 Vagi
534 2961 589 3006 et
617 2958 832 3006 incertis
861 2957 1078 3020 sedibus
1115 2957 1390 3004 universas
1437 2962 1621 3019 gentes
1651 2957 1940 3014 incursant,
1975 2960 2026 3006 et

371 3019 756 3082 impugnantur
785 3019 851 3068 ab
881 3019 1147 3076 omnibus,
1179 3023 1288 3082 330.

432 3081 580 3132 Sarai
595 3095 793 3132 nomen
808 3085 1070 3131 mutatum
1092 3082 1144 3130 in
1168 3081 1310 3130 Sara.
1336 3081 1550 3130 Errores
1566 3081 1864 3130 Graecorum
1886 3081 2026 3130 circa

373 3145 726 3194 mutationem
755 3145 917 3207 hujus
945 3144 1198 3200 nominis,
1227 3147 1337 3193 331.

429 3207 652 3258 Satanas
680 3207 980 3258 contrarius
1009 3207 1406 3270 interpretatur,
1437 3207 1546 3270 347.

432 3270 542 3321 Sub
569 3270 722 3321 Saule
751 3270 982 3319 necdum
1010 3267 1336 3332 regnabatur
1363 3270 1418 3318 in
1445 3267 1758 3326 Jerusalem,
1789 3271 1896 3318 390.

433 3341 716 3392 Scientiam
747 3341 842 3391 Dei
872 3354 982 3390 non
1036 3340 1166 3390 latet
1193 3341 1337 3403 quod
1373 3339 1502 3388 clam
1563 3340 1876 3402 cogitamus,
1911 3340 2019 3389 479.

433 3404 594 3454 Scire.
626 3404 795 3467 Magis
823 3402 1311 3467 opinamur.iquam
1335 3402 1694 3467 scimusiquod
1719 3416 1904 3467 verum
1926 3407 2024 3461 est,

367 3467 479 3517 401.
508 3465 789 3530 Superllua
818 3465 947 3530 cura
967 3471 1020 3516 et
1047 3465 1348 3530 sollicitudo
1371 3479 1466 3530 per
1495 3465 1717 3530 diversa_
1731 3466 1974 3530 crucians
1994 3479 2024 3513 a

367 3530 478 3580 Deo
511 3527 820 3579 hominibus
851 3529 994 3588 data,
1024 3533 1084 3578 ut
1133 3529 1268 3577 scire
1307 3527 1544 3590 cupiant,
1575 3527 1720 3590 quod
1751 3529 1882 3577 scire
1911 3542 2022 3577 non

365 3591 567 3642 licitum
599 3595 695 3651 est,
729 3594 838 3642 393.
871 3591 1178 3654 Prmcipitur
1209 3589 1393 3648 nobis,
1415 3603 1482 3640 ne
1504 3589 1639 3654 velit
1689 3589 1870 3654 homo
1902 3591 2023 3653 plus

367 3655 505 3718 scire
524 3667 684 3718 quam
709 3654 984 3717 Scriptura
1003 3652 1194 3718 testata
1221 3658 1343 3718 est,
1359 3653 1616 3718 435._7Non
1664 3657 1840 3718 potest
1860 3652 2020 3718 hamo

365 3721 476 3791 tam
495 3715 698 3791 liquido
720 3721 781 3791 ‘et
810 3715 943 3791 pure
963 3717 1096 3791 scire
1119 3715 1435 3791 sapientiam
1455 3715 1901 3791 creatorisﬂuam
1925 3716 2023 3789 scit

365 3779 452 3830 ille
477 3777 568 3843 qui
598 3777 842 3830 conditor
871 3783 968 3838 est,
1001 3782 1108 3843 403.
1142 3777 1352 3836 Quanto
1375 3777 1612 3843 amplius
1658 3777 1791 3826 scire
1829 3779 2023 3840 quaeri-

367 3840 510 3902 mus;
530 3846 682 3892 tanto
711 3843 880 3904 magis
908 3841 1241 3892 ostendimus
1262 3840 1553 3890 vanitatem
1572 3844 1809 3890 nostram
1833 3844 1884 3890 et
1905 3855 2020 3890 ver-

365 3905 434 3955 ba
463 3905 753 3968 superﬂua,
789 3907 897 3954 435.

430 3975 706 4048 Scriptura
733 3973 916 4048 divina
943 3973 1092 4048 brevi
1114 3972 1320 4048 circulo
1350 3975 1616 4047 coarctata
1649 3976 1746 4030 est,
1770 3975 1822 4022 et
1850 3985 2020 4048 quan-

365 4041 481 4087 tum
516 4036 766 4088 dilatatur
795 4037 850 4086 in
879 4037 1142 4092 sensibus,
1169 4040 1374 4086 tantum
1396 4036 1452 4084 in
1481 4049 1729 4084 sermone
1761 4036 2024 4084 constrin-

365 4100 524 4162 gitur,
557 4102 663 4152 495.
725 4101 890 4149 Verus
929 4100 1080 4148 cibus
1136 4103 1188 4148 et
1219 4103 1392 4162 potus,
1451 4099 1542 4162 qui
1603 4113 1664 4146 ex
1721 4099 1894 4147 Verbo
1926 4099 2018 4148 Dei

365 4163 610 4219 sumitur,
643 4162 864 4212 scientia
895 4163 1286 4224 Scripturarum
1334 4163 1431 4220 est,
1463 4162 1571 4224 413.
1604 4162 2022 4224 liaryumrnotitia

366 4225 567 4274 divitia;
588 4225 796 4283 Christi,
818 4227 940 4288 303.
963 4223 1233 4288 sapientia
1255 4223 1546 4288 sequenda,
1571 4229 1623 4288 et
1643 4223 1864 4288 scientia
1885 4223 2018 4288 Scri-

402 4292 645 4338 turarum
676 4287 829 4350 quasi
858 4288 912 4336 in
955 4286 1266 4350 conjugium
1316 4286 1633 4350 copulanda,
1666 4287 1776 4350 463.
1816 4286 2019 4350 Notitia

403 4347 759 4413 cripturarum
791 4363 897 4398 non
958 4347 1145 4413 potest
1186 4347 1400 4413 haberi'
1427 4362 1548 4413 cum
1580 4349 1768 4398 mundi
1799 4347 2016 4413 divitiis,

363 4411 622 4464 303.—Non
643 4425 928 4476 possumus
949 4411 1082 4460 scire
1103 4424 1316 4460 sensum
1341 4411 1753 4521 Scripturarum.
1779 4411 1877 4459 nisi
1897 4425 2018 4460 cum

363 4489 462 4521 ner
491 4475 656 4521 verba
675 4476 958 4521 discamus.
990 4477 1098 4521 394.
1123 4475 1254 4521 Cum
1285 4474 1390 4521 sint
1423 4488 1452 4521 n
1477 4474 1630 4521 urimi
1659 4474 1750 4521 aui
1783 4473 2016 4521 Scriniu-

363 4489 462 4539 per
491 4473 661 4525 verba
675 4476 958 4539 discamus,
990 4477 1098 4523 394.
1123 4475 1254 4522 Cum
1285 4474 1390 4522 sint
1418 4473 1630 4539 plurimi
1659 4474 1750 4536 qui
1783 4473 2016 4539 Scriptus

363 4536 546 4588 rarum
575 4540 780 4588 occulta
808 4537 1055 4587 dicantur
1084 4550 1238 4598 posse
1269 4549 1324 4584 se
1355 4536 1558 4584 solvere
1583 4550 1595 4596 ;
1629 4549 1784 4584 rarus
1821 4541 1901 4585 est
1929 4537 2018 4598 qui

362 4614 546 4650 veram
574 4601 812 4650 inveniat
831 4599 1166 4658 solutionem,
1191 4602 1298 4648 450.
1321 4599 1517 4647 Omnes
1538 4600 1677 4647 artes
1696 4599 1898 4660 absque
1921 4599 2016 4647 do-

363 4667 508 4714 01000
529 4676 638 4712 non
661 4663 912 4712 discimus
935 4678 948 4715 :
972 4662 1084 4710 sola
1105 4662 1490 4724 Scripturarum
1513 4661 1756 4710 doctrina
1775 4665 1879 4709 tam
1901 4662 2018 4709 vilis

363 4730 458 4776 aut
485 4725 654 4774 facilis
683 4726 863 4774 multis
894 4725 1124 4783 videtur,
1156 4723 1356 4773 utnon
1403 4723 1642 4786 indigeat
1670 4727 2016 4786 praeceptore,

363 4791 471 4839 411.
499 4789 696 4838 Omnes
725 4802 810 4838 res
867 4787 1125 4848 difﬁciles,
1183 4791 1234 4836 et
1258 4799 1452 4848 magno
1509 4787 1690 4834 labore
1721 4787 2017 4839 discuntur.

364 4853 551 4900 contra
577 4865 669 4900 eos
691 4851 782 4914 qui
807 4855 992 4908 putant
1023 4849 1208 4898 otiosis
1229 4849 1327 4898 sibi
1350 4855 1400 4898 et
1430 4853 1558 4914 vota
1581 4849 1898 4898 facientibus
1928 4864 2014 4898 ve-

363 4914 480 4964 nire
510 4911 753 4963 notitiam
812 4913 1224 4976 Scripturarum,
1257 4915 1366 4961 390.
1425 4911 1666 4976 Historias
1717 4917 2015 4976 paupertas,

365 4977 476 5025 sive
493 4976 716 5040 simplex
731 4973 1047 5040 intellectus,
1073 4988 1180 5040 non
1200 4978 1278 5040 est
1298 4977 1492 5040 praeter
1509 4973 1734 5032 candus,
1754 4973 2016 5040 (1001000-

365 5053 481 5103 sum
516 5037 866 5103 anagogicum
897 5040 951 5087 in
983 5038 1590 5103 Scriptnrissequimur,
1625 5041 1728 5086 406.
1766 5037 1920 5084 Moris
1942 5043 2020 5103 est

365 5094 776 5166 Scripturaruin,
802 5103 1043 5166 quamvis
1066 5094 1260 5166 inultas
1280 5094 1458 5159 libros,
1491 5104 1532 5148 si
1555 5094 1694 5148 inter
1725 5114 1778 5166 se
1803 5114 1907 5148 non

365 5162 633 5228 screpant,
665 5169 720 5214 et
746 5162 1024 5213 de'eadem
1051 5177 1102 5212 re
1123 5163 1441 5228 scribantur,
1473 5175 1640 5228 unum
1657 5162 1903 5210 volumen
1937 5163 2015 5210 di-

366 5225 502 5288 cere,
527 5231 636 5278 495.
659 5228 1033 5290 lmperativum
1055 5225 1274 5275 modum
1295 5239 1390 5288 pro
1414 5225 1650 5285 optativo
1675 5228 2018 5288 ponunt,506.

429 5296 675 5348 Securus.
703 5299 870 5348 Nemo
899 5297 1060 5346 debet
1101 5311 1156 5346 se
1196 5309 1340 5344 nunc
1377 5301 1564 5356 putare
1595 5310 1838 5345 securum
1865 5310 1877 5356 ;
1927 5295 2016 5346 sed

368 5359 417 5406 ei
445 5360 721 5410 tractanda
749 5364 877 5409 sunt
905 5374 1057 5410 arma
1086 5361 1140 5408 in
1172 5358 1274 5407 hoc
1303 5358 1423 5407 belli
1466 5363 1724 5422 tempore,
1765 5363 1824 5409 ut
1852 5359 2020 5408 victor

367 5423 628 5484 quondam
656 5423 958 5484 requiescat
987 5423 1041 5471 in
1075 5435 1220 5484 pace,
1256 5423 1364 5470 411.

429 5484 542 5548 Seir
568 5489 780 5534 montes
810 5501 839 5534 a
867 5499 974 5548 quo
1007 5485 1148 5543 dicti,
1181 5485 1291 5548 348.

431 5546 706 5596 Senectus.
737 5545 900 5595 Omni
922 5552 1161 5609 tempore
1191 5546 1334 5595 bona
1365 5545 1590 5607 agenda,
1620 5548 1727 5594 tam
1759 5545 1812 5594 in
1861 5549 2018 5595 astate

367 5603 625 5681 longus-va,
659 5623 817 5681 quam
847 5610 900 5658 in
928 5603 1250 5681 juventute‘;
1283 5603 2017 5681 quianon-prodestnadoles-

368 5673 554 5721 centius
587 5671 875 5734 frugalitas,
902 5670 944 5718 si
975 5677 1185 5721 senecta
1205 5670 1432 5720 ducatur
1460 5671 1516 5719 in
1547 5672 1692 5729 luxu,
1725 5674 1835 5720 483.

429 5742 627 5790 Sensus
652 5742 816 5803 magis
843 5741 1100 5789 debemus
1131 5741 1322 5791 sectari
1355 5754 1513 5803 quam
1544 5743 1718 5798 verba,
1753 5745 1861 5792 495.

429 5802 771 5864 Septenarius
801 5816 1054 5851 numerus
1082 5804 1273 5864 plenus
1299 5807 1350 5851 et
1374 5802 1655 5863 perfectus,
1689 5806 1796 5854 461.

435 5863 790 5927 Septuaginta
847 5863 1170 5927 interpretes
1234 5865 1622 5927 Scripturarum
1685 5872 2017 5917 sacramenta

372 5920 664 5974 Ptolemasd
685 5924 796 5986 regi
828 5920 1056 5986 prodere
1085 5920 1388 5986 noluerunt,
1418 5930 1530 5978 303.
1562 5929 1763 5979 Horum
1809 5943 2016 5980 errores

1703 361 1946 426 lNDEX
1991 364 2514 432 ANALYTICUS.

3650 379 3810 444 {6M

2155 511 2267 574 ppu
2297 502 2556 574 aaguebat
2585 502 3118 574 liigrpnymus,_§bid_.
3129 506 3310 574 prece
3337 507 3577 574 quinque
3593 512 3803 574 tantum

2156 559 2899 645 [901119ξὶ1ξξίὲίξξεξεεῐιοεη
2931 559 3058 645 (es.
3086 559 3803 645 Rlugqusriélétéﬁagjﬁ;

2154 629 2624 738 .cgpgpnabant
2652 629 2723 679 illi
2754 630 2892 690 libri,
2924 631 3050 683 ibid.
3071 634 3150 684 Ab
3181 629 3502 700 Hieronymo
3529 637 3802 688 vindican-

2179 700 2402 743 01,340.

2216 749 2599 826 ξερυῳῳμιμαξ
2615 754 2928 826 venditores
2954 758 3296 822 castigantur,
3319 761 3562 825 exemplo
3585 761 3797 826 Ephron

2153 812 2394 870 Hetthzei,
2427 816 2536 872 340,
2574 817 2683 866 341.

2192 873 2515 948 ,8000101100
2547 877 2599 948 Si
2631 879 2791 948 cujus
2813 893 2986 930 sermo
3015 895 3123 932 non
3152 884 3358 946 pungit,
3381 885 3475 935 sed
3494 885 3801 936 oblectatio-

2152 939 2207 1010 ni
2237 942 2316 986 est
2345 939 2709 1010 audientibus;
2733 941 2833 1010 iste
2865 956 2975 992 non
3022 951 3102 1010 est
3152 939 3354 996 sermo'
3381 948 3654 1010 sapientis,
3687 951 3795 1000 494.

2149 998 2322 1072 Quare
2344 1001 2554 1072 melior
2569 1004 2637 1054 sit
2669 1005 2792 1072 linis
2817 1007 3097 1072 sermonis,
3149 1021 3307 1072 quam
3357 998 3656 1070 exdrdium;
3687 998 3796 1061 438.

2211 1062 2354 1136 Servi
2386 1063 2662 1136 interdum
2677 1067 2852 1136 subita
2874 1062 3412 1136 adiabolodignitate
3436 1062 3658 1136 perﬂati'.
3682 1075 3796 1136 vias

2149 1124 2390 1210 publicas
2412 1129 2632 1210 ‘mannis
2650 1133 2863 1190 terunt;
2886 1130 3013 1210 dum
3036 1124 3468 1210 nobilis'quisqnis
3488 1141 3540 1185 et
3559 1124 3797 1198 prudens

2150 1193 2460 1298 peli'itiite
2491 1204 2796 1254 oppressus,
2823 1193 3065 1255 graditur
3085 1193 3288 1256 itinere,
3312 1193 3592 1262 ofﬁcioque
3611 1212 3791 1248 servo-

2147 1261 2285 1308 rum,
2320 1261 2426 1299 in.

2209 1311 2396 1424 ῗέιέῗηέ
2403 1314 2608 1426 ς9101101·
2637 1315 2778 1379 apud
2813 1316 3062 1366 Hebraeos
3120 1331 3276 1369 omne
3333 1321 3476 1384 quod
3531 1321 3794 1372 inebriare

2209 1394 2214 1415 ›
2325 1411 2338 1426 ,
2440 1412 2448 1420 ,

2144 1386 2338 1435 porest,
2370 1386 2448 1426 99.

2145 1435 2351 1548 5Sicar
2380 1439 2490 1488 sive
2523 1439 2748 1499 Sicbem,
2781 1441 3029 1504 Neapolis
3051 1447 3130 1492 est
3161 1443 3286 1493 urbs
3317 1445 3792 1504 Samaritanorum,

2205 1560 2372 1634 Sicine
2405 1562 2591 1634 Latino
2639 1576 2904 1634 sermone,
2937 1565 3189 1616 chraice
3245 1569 3438 1619 dicitur
3492 1569 3659 1630 Secel,
3701 1572 3793 1634 qui

2141 1621 2302 1694 habet
2331 1625 2506 1694 uncias
2535 1627 2766 1694 pondus,
2798 1621 2908 1694 341;.

2181 1687 2666 1755 .Simeonis_tribus
2696 1689 2752 1737 in
2783 1689 2960 1755 medio
2990 1690 3162 1755 tribus
3191 1691 3341 1743 .ludse
3363 1693 3650 1754 habitabat,
3683 1699 3792 1747 174.

2139 1747 2357 1859 gigaeon
2389 1755 2441 1797 et
2470 1750 2592 1799 Levi
2622 1752 2890 1814 propriam
2921 1752 3286 1804 hereditatem
3315 1770 3426 1806 non
3473 1747 3795 1822 acceperunt

2179 1827 2248 1858 li).

2203 1872 2499 1922 Simulacra
2527 1888 2558 1922 a
2587 1875 2949 1936 similitudine,
2999 1881 3052 1926 et
3087 1878 3374 1930 similitudo
3422 1881 3668 1932 Latinum
3696 1895 3791 1931 no-

2139 1947 2262 1999 men
2292 1935 2364 1999 ab
2390 1936 2614 1986 Hebraeo
2647 1937 2820 1986 Semel
2850 1935 3140 1999 derivatur,
3177 1944 3254 1990 86.

2201 1996 2292 2068 Sin
2323 1997 2645 2068 elementum
2677 1996 3495 2068 stridulumﬂebrieorumdsaac
3515 2005 3786 2068 paululum

2138 2057 2437 2136 declinavit,
2474 2065 2526 2110 et
2556 2076 2648 2136 pro
2681 2077 2742 2112 eo
2773 2062 2981 2136 Sameth
3013 2057 3398 2136 pronuntiavit,
3428 2057 3535 2117 348‘.

2199 2123 2344 2170 Sinai
2375 2137 2529 2172 mons
2559 2124 2844 2187 aliquando
2875 2123 3032 2175 mons
3063 2128 3238 2178 Horeb
3267 2123 3459 2179 dicitur
3495 2131 3787 2181 secundum

2138 2183 2539 2247 Hieronymum,
2574 2183 2679 2236 191.

2198 2246 2399 2310 Soccho
2431 2249 2747 2298 Samaritani
2780 2249 3156 2310 condiderunt,
3190 2254 3300 2302 274.

2195 2309 2279 2360 Sol
2307 2310 2582 2376 interitum
2610 2312 2798 2376 mundi
2828 2317 2946 2361 ortu
2981 2328 3076 2362 suo
3105 2315 3343 2376 quotidie
3373 2315 3587 2373 indicat,
3619 2319 3674 2365 et
3701 2330 3786 2366 oc-

2135 2387 2278 2430 casu,
2301 2374 2412 2440 _387.
2437 2373 2662 2440 Quando
2684 2389 2778 2437 per
2800 2379 3040 2440 austrum
3056 2373 3243 2440 cui-rit.
3271 2377 3494 2428 vicinior
3514 2379 3668 2428 terras
3688 2383 3786 2440 est;

2133 2435 2361 2502 quando
2384 2449 2476 2498 per
2503 2435 3075 2502 aquilonem,_sublimi
3113 2440 3390 2502 attollitur,
3432 2441 3538 2492 389.
3571 2442 3688 2490 Una
3711 2435 3786 2490 at;

2133 2511 2250 2609 aliis!
2270 2498 2452 2609 eIaEI‘em
2485 2498 2609 2548 solis
2637 2500 2878 2562 operatio
2909 2501 3184 2563 liquefacit
3210 2498 3404 2565 ceram,
3437 2507 3488 2553 et
3515 2503 3678 2553 siccat
3704 2504 3783 2554 luo

2165 2574 2270 2618 um,
2301 2574 2407 2609 441.

2196 2623 2578 2688 Sollicitudinis
2635 2637 2796 2673 causa
2821 2628 2873 2674 et
2921 2624 3259 2676 distentionis
3314 2639 3421 2676 non
3463 2631 3543 2677 est
3571 2627 3624 2677 in
3657 2627 3785 2688 Deo,

2135 2686 2226 2751 sed
2253 2686 2309 2734 in
2337 2686 2427 2751 illo
2462 2687 2555 2751 qui
2585 2690 2772 2751 sponte
2803 2693 3052 2751 suaiante
3083 2689 3334 2751 peccavit,
3367 2693 3474 2738 407.

2198 2748 2428 2814 Somniis
2458 2749 2548 2814 qui
2578 2749 2762 2814 credit,
2797 2750 3016 2814 vanitati
3057 2748 3113 2800 se
3140 2755 3197 2814 et
3226 2751 3437 2814 ineptiis
3461 2751 3639 2810 tradit,
3669 2753 3783 2803 426.

2199 2811 2697 2876 Sonthompbanec.
2719 2812 2829 2876 sive
2862 2812 3167 2876 Saphaneth
3198 2811 3425 2872 Phanee,
3477 2814 3787 2876 interpreta-

2135 2872 2381 2983 ggiliilregt
2398 2872 2654 2937 Egyptiis
2678 2872 3140 2936 Salvatorinundi,
3168 2879 3242 2925 17.
3272 2876 3431 2938 Voyez
3454 2872 3782 2926 Psomthom-

2212 2949 2401 2984 EDBCD.

2136 2949 2440 3062 ρηὲιῗὶῗῗᾶίξ.
2471 2996 2633 3062 Apud,
2661 2998 2912 3062 Hebraeos
2941 3002 2992 3048 et
3019 2999 3253 3062 spiritus,
3279 3005 3332 3049 et
3363 3003 3553 3050 ventus
3599 3001 3781 3050 simili-

2135 3059 2782 3127 teriappellanturﬁnha,
2815 3064 2921 3127 439.
2955 3059 3182 3127 Spii‘itus
3211 3065 3429 3112 sanctus
3457 3077 3491 3112 a
3516 3063 3778 3127 principio

2133 3123 2442 3180 viviﬁcator,
2475 3123 2738 3183 conditor,
2771 3127 2822 3173 et
2851 3123 3012 3183 Dens,
3045 3125 3154 3174 306.
3522 3123 3534 3126 ⁷
3564 3165 3582 3175 .

2196 3185 2388 3250 sponsi
2419 3185 2594 3250 divini
2615 3185 2884 3248 quomodo
2909 3186 3188 3250 jungimur
3217 3186 3568 3250 amplexibus,
3598 3187 3707 3238 319.

2196 3247 2426 3298 Stultitia
2455 3249 2688 3298 caruisse
2717 3247 2975 3310 sapientia
3002 3247 3175 3311 prima
3200 3247 3321 3310 est,‘
3341 3247 3561 3299 stultitia
3605 3254 3782 3300 autem

2133 3323 2313 3375 carere
2345 3323 2456 3359 non
2487 3311 2822 3375 potestanisi
2849 3314 2942 3375 qui
2970 3311 3287 3362 intellexerit
3333 3325 3468 3375 eam,
3499 3315 3606 3375 395.
3644 3312 3784 3375 Stul-

2133 3373 2452 3438 titiaicontra
2475 3373 2794 3438 sapientiam
2813 3373 3006 3424 bellum
3020 3375 3181 3438 gerit,
3199 3378 3252 3425 et
3270 3374 3530 3438 quidquid
3549 3374 3781 3438 pruden-

2133 3435 2220 3485 tia:
2251 3437 2307 3500 in
2359 3436 2514 3500 docto
2536 3435 2921 3500 'virorviderit,
2956 3435 3066 3486 zelo
3116 3435 3381 3486 stimulata
3416 3435 3781 3500 ‘non'recipit,

2133 3501 2257 3562 474.
2274 3497 2527 3562 Stultiex
2557 3512 2655 3548 suo
2685 3497 2915 3562 ingenio
2933 3500 3214 3550 universos
3229 3500 3488 3562 judicent,
3513 3501 3621 3550 469.
3645 3497 3781 3550 Stul-

2133 3565 2218 3610 tus
2246 3561 2302 3610 in
2331 3574 2393 3610 eo
2424 3560 2660 3672 (iactum,
2691 3560 2768 3610 in‘
2787 3575 2849 3611 eo
2905 3575 2982 3634 se.
3017 3566 3172 3635 putat
3226 3560 3340 3612 esse
3396 3562 3722 3638 sapientem.
3738 3563 3782 3611 si

2133 3623 2294 3672 verba
2323 3623 2433 3672 mul
2461 3623 2656 3672 1011001.
2688 3625 2798 3672 475.
2831 3624 2986 3672 Stulti
3014 3637 3072 3672 in
3099 3625 3200 3672 hoc
3222 3624 3418 3672 0010010
3447 3639 3480 3672 a
3505 3625 3638 3672 facie
3669 3625 3779 3672 dia-

2131 3623 2294 3674 verba
2323 3623 2656 3686 multiplicat,
2688 3625 2798 3675 475.
2831 3624 2986 3674 Stulti
3014 3623 3072 3674 in
3099 3625 3200 3676 hoc
3222 3624 3418 3676 0010010
3447 3623 3480 3674 a
3505 3625 3638 3675 facie
3669 3625 3779 3674 dia-

2131 3685 2240 3736 boli
2270 3685 2641 3752 sublevantur,
2673 3687 2800 3737 dum
2831 3687 3115 3751 principes,
3147 3701 3423 3739 servorum
3471 3687 3782 3752 1030011100-

2131 3751 2220 3798 tur
2245 3749 2472 3808 vilitate,
2499 3751 2612 3798 395.

2193 3810 2472 3874 Superbia.
2501 3810 2640 3861 Nihil
2669 3814 2750 3862 est
2779 3811 2832 3861 in
2861 3811 2964 3862 hoc
3014 3811 3218 3862 mundo
3265 3811 3515 3872 deterius,
3547 3815 3600 3862 01
3632 3813 3780 3862 omni

2131 3873 2290 3938 vento
2320 3873 2554 3938 inanius,
2585 3887 2744 3938 quam
2769 3875 3030 3937 superbus
3064 3878 3116 3926 et
3143 3875 3243 3925 sibi
3272 3874 3507 3938 placens,
3537 3875 3622 3925 cui
3643 3874 3778 3925 nihil

2129 3936 2320 4000 placet,
2353 3937 2456 4000 nisi
2487 3937 2630 3998 quod
2660 3936 2772 3998 ipse
2807 3936 3007 3996 fecerit,
3041 3939 3150 3989 435.

2129 3997 2353 4110 ὲιῗδψοε
2389 3997 2630 4048 Assurim
2657 3997 2877 4050 vocatos
2903 4000 3068 4050 fuisse
3123 3998 3368 4050 nonnulli
3424 3997 3774 4058 contendunt,

2159 4123 2364 4236 tiSjgtis4
2375 4137 2433 4235 0a4
2449 4127 2623 4174 tractu
2656 4137 2854 4174 nomen
2876 4125 3038 4176 habet
3064 4124 3374 4188 impositum
3415 4122 3570 4187 juxta
3615 4122 3782 4174 Sallu-

2204 4201 2236 4236 u
2299 4223 2310 4236 .
2441 4220 2456 4234 .

2130 4199 2310 4246 suum,
2345 4199 2456 4235 104.

2937 4332 2990 4397 Τ

2190 4489 2488 4553 Templum.
2521 4490 2634 4553 Non
2666 4487 2842 4553 laudis
2871 4492 2952 4538 est
2979 4488 3189 4553 ingredi
3245 4487 3466 4538 domum
3519 4487 3630 4546 Dei,
3686 4487 3777 4537 sed

2130 4553 2242 4603 sine
2273 4552 2570 4602 olTensione
2600 4551 2822 4611 ingredi,
2857 4553 2963 4600 426.

2189 4615 2471 4664 Terentius
2499 4614 2888 4663 Comcediarnm
2910 4627 3129 4664 suarum
3159 4613 3409 4676 Prologos
3430 4611 3778 4676 100010001οτ

2128 4691 2253 4727 nem
2287 4691 2435 4726 suam
2466 4677 2640 4740 scenis
2687 4676 2864 4736 dabat,
2884 4679 3006 4740 301.
3038 4677 3171 4740 Εο01
3201 4674 3356 4740 quasi
3383 4675 3578 4740 publici
3605 4674 3778 4725 aerarii

2128 4742 2299 4792 furem
2331 4739 2715 4789 criminabatur
2745 4739 2964 4788 Luscius
2993 4737 3283 4798 Lanuinus,
3314 4737 3445 4788 ibid.
3701 4755 3713 4766 ·

2190 4804 2606 4853 Testamentum.
2642 4801 2920 4859 Quomodo
2964 4801 3249 4864 legendum
3287 4805 3440 4852 vetus
3485 4803 3538 4850 et
3578 4812 3776 4850 novum

2127 4867 2544 4924 Testamentum,
2572 4865 2681 4914 483.
2739 4865 3046 4927 Prascipitur
3100 4865 3257 4914 nobis
3313 4868 3374 4914 ut
3411 4865 3465 4913 in
3495 4866 3776 4927 utrumque

2128 4929 2564 4991 instrumentum,
2592 4931 2702 4976 tam
2731 4932 2884 4976 vetus
2909 4925 3115 4977 scilicet
3141 4940 3304 4991 quam
3325 4939 3524 4976 novum
3544 4925 3656 4988 pari
3685 4925 3772 4991 ve-

2129 4992 2406 5040 neratione
2436 4990 2734 5050 credamus,
2767 4992 2875 5038 480.
2907 4991 3134 5040 71110το01
3165 4990 3362 5053 "poenas
3413 4990 3780 5053 praeparantur

2127 5053 2211 5102 his
2231 5054 2323 5117 qui
2342 5066 2686 5118 nequaquam
2707 5056 2992 5116 utrumque
3011 5052 3217 5103 sociant
3234 5053 3644 5107 Testamentum,
3664 5052 3772 5099 482.

2129 5119 2512 5227 48Ξῖ¹0011010010
2541 5176 2710 5226 multa
2763 5177 3047 5240 proferunt
3095 5177 3163 5240 de
3217 5176 3386 5226 veteri
3423 5175 3772 5240 Testamento

2127 5241 2368 5304 Christus
2396 5243 2449 5289 et
2475 5240 2730 5302 Apostoli,
2766 5236 2908 5303 'quas
2950 5252 3062 5290 non
3117 5239 3368 5304 leguntur
3419 5237 3478 5288 in
3505 5236 3774 5288 codicibus

2127 5303 2253 5354 LXX
2283 5304 2658 5365 lnterpretum,
2694 5304 2804 5352 303.

2188 5362 2604 5426 Thaborfmons
2633 5365 2688 5414 in
2715 5365 2944 5423 Galilaaa,
2975 5365 3092 5427 283.
3125 5362 3284 5427 Voyez
3311 5362 3618 5427 rltaby‘rium.

2189 5421 2595 5490 Tharsis'regio,
2645 5429 2752 5478 286.
2803 5421 2970 5478 Omne
3017 5421 3237 5492 pelagiis
3281 5421 3494 5476 Tharéis
3544 5421 3771 5488 appella-

2127 5493 2419 5602 m'lﬁiaiggs
2442 5552 2752 5616 metropolis
2781 5551 2990 5612 Ciliciae,
3037 5552 3200 5604 Paulo
3241 5549 3482 5615 apostolo
3529 5547 3768 5614 gloriosa,

2127 5618 2425 5728 3i'i‘lieman
2455 5677 2650 5727 dicitur
2677 5676 2820 5740 apud
2853 5676 3107 5728 Hebraeos
3123 5676 3296 5728 omnis
3321 5673 3579 5726 Australis
3607 5673 3765 5738 regio,

2125 5743 2516 5877 28%iieodotion
2547 5801 2603 5851 in
2634 5801 2816 5852 multis
2871 5817 2992 5853 cum
3031 5803 3156 5854 LXX
3194 5799 3616 5854 Translatoribus
3643 5810 3766 5848 con-

2125 5869 2305 5925 sentit,
2339 5868 2446 5916 396.

2183 5927 2522 5992 Theraphim,
2554 5926 2816 5992 imagines
2839 5927 2924 5980 vel
2951 5929 3156 5994 ﬁguras,
3187 5930 3265 5988 70,
3298 5928 3406 5979 355.
