4020 6372
311 411 466 417 ην..
561 411 566 414 .
613 411 648 415 -.
676 410 732 413 _._
764 408 1042 414 ...ς-.-
1075 407 2126 416 η-μ,....---..-.-..-ρ
2155 410 2166 414 -
2199 409 2474 416 _._-.-
2699 410 2778 415 Η-
2993 412 3004 416 -
3063 412 3088 415 ,-
3269 415 3274 418 ,

764 407 2416 416 mm

1410 836 1641 924 ΤΟΥ
1681 832 2307 926 υΠΑΜΦΙΛΟΥ

297 1027 1523 1172 ΥΠΟΜΝΗΜΑΤΑ
1611 1035 1874 1164 ΕΙΣ
1966 1030 2425 1165 ΤΟΥΣ
2498 1032 3395 1173 ΨΑΛΜΟΥΣ.

552 1473 1621 1688 EUSEBII
1810 1466 3139 1683 PAMPHILI

957 1816 1791 1990 (ΙθΜΜΕΝΤΑΒΙΑ
1897 1830 2031 1986 ΙΝ
2141 1830 2718 1991 PSALM08.

234 2102 320 2166 Et:
357 2120 497 2164 mss.
529 2102 864 2165 codicibus
912 2110 1114 2173 eruta,
1158 2100 1384 2162 Latine
1413 2118 1617 2181 versa,
1657 2119 1728 2161 ac
1754 2100 1941 2181 _notis
1956 2098 2323 2181 _illustrata,
2354 2099 2568 2163 studio
2607 2110 2665 2161 et
2696 2120 2891 2181 opera
2918 2104 2997 2163 Β.
3038 2102 3353 2167 Bernardi
3385 2107 3479 2167 Dl

331 2185 807 2257 Momsucox,
838 2181 1200 2262 presbyteri
1237 2189 1297 2240 et
1325 2180 1617 2241 monachi
1656 2178 1902 2240 ordinis
1936 2178 2002 2241 S.
2050 2178 2401 2255 Benedicti,
2433 2198 2462 2239 e
2494 2178 2974 2260 congregatione
3001 2182 3067 2244 S.
3109 2184 3350 2246 Mauri.

761 2342 1011 2410 (Collectio
1031 2356 1152 2395 nova
1173 2345 1382 2395 Patrum
1412 2349 1457 2394 et
1478 2340 1769 2405 scriptorum
1792 2342 2088 2402 Gracorum,
2116 2341 2336 2403 Parisiis,
2365 2341 2505 2404 1707,
2528 2341 2714 2403 in-fol.,
2739 2349 2855 2393 tom.
2892 2343 2957 2407 Ι.)

1826 2542 1897 2555 _-

916 2624 1476 2688 CLEMENTI
1542 2627 1654 2688 XI
1702 2626 2268 2692 PONTIFICI
2323 2627 2761 2693 MAXIMO.

300 2751 438 2813 Cum
465 2767 587 2828 per
614 2749 970 2809 Romanum
1002 2746 1196 2806 otium
1226 2744 1537 2823 colloquio
1568 2764 1697 2807 non
1722 2747 1909 2807 semel
1935 2743 2232 2826 dignatus
2257 2756 2388 2821 tuo,
2414 2748 2819 2811 Sanctissime
2848 2754 3043 2816 Pater
3062 2803 3076 2831 ,
3110 2758 3471 2823 Graecarum

232 2869 364 2931 quas
390 2852 677 2929 apprime
718 2848 927 2921 calles,
960 2845 1448 2925 disciplinarum
1471 2849 1806 2908 maximam
1835 2848 1905 2908 in
1934 2856 1991 2907 te
2022 2866 2239 2907 curam
2269 2848 2840 2925 animadverterim,
2887 2876 2958 2916 ea
2990 2860 3145 2922 mihi
3186 2881 3326 2923 cum
3354 2865 3470 2924 sti-

236 2953 408 3013 mulos
448 2952 724 3025 addidit,
758 2960 829 3011 ut
851 2954 991 3031 jam
1031 2949 1245 3010 multis
1290 2950 1476 3010 annis
1526 2942 1757 3011 initum
1791 2948 2153 3011 Gracarum
2196 2952 2529 3012 Musarum
2572 2957 2967 3018 curriculum
3004 2978 3466 3042 prosequerer;

240 3063 345 3113 sum
369 3056 600 3115 animos
635 3053 817 3133 fecit,
846 3058 916 3110 ut
944 3051 1126 3111 hasce
1158 3048 1630 3109 lucubrationes
1658 3066 1823 3107 meas
1851 3048 2195 3109 Sanctitati
2234 3051 2382 3109 Tua
2413 3069 2866 3131 nuncuparem.
2893 3056 3013 3118 Est
3042 3062 3273 3141 quippe
3304 3064 3470 3125 illud

238 3155 306 3215 iis
334 3156 430 3233 qui
470 3164 757 3216 veterum
784 3154 1198 3213 monumentis
1235 3148 1524 3211 eruendis
1552 3157 1794 3211 atatem
1825 3157 2182 3222 conterunt,
2217 3169 2327 3210 nec
2362 3150 2673 3214 modicum
2702 3153 2784 3215 ad
2826 3175 3078 3236 operam
3116 3163 3468 3225 navandam

239 3255 703 3326 incitamentum,
735 3272 875 3313 cum
903 3254 955 3313 ii
985 3253 1093 3331 qui
1123 3252 1433 3329 dignitate
1464 3260 1521 3311 et
1551 3248 1966 3329 amplitudine
2002 3252 2244 3317 cateris
2265 3261 2600 3329 prastant,
2648 3273 2866 3333 parem
2916 3258 2987 3318 in
3028 3277 3098 3319 re
3144 3261 3465 3327 ιίετενανία

238 3354 466 3434 gradum
506 3364 711 3434 gustu
740 3362 798 3414 et
820 3354 1065 3431 peritia
1097 3371 1309 3411 rerum
1338 3352 1611 3411 assecuti
1653 3360 1824 3413 sunt.
1860 3351 2016 3413 Cum
2054 3361 2285 3425 autem,
2318 3353 2726 3416 Sanctissime
2756 3356 2987 3433 Pater,
3024 3362 3122 3421 rei
3171 3358 3463 3426 ecclesia-

240 3456 589 3535 sticajuata
617 3474 699 3515 ac
729 3455 1060 3515 litteraria
1074 3450 1285 3533 judea
1311 3451 1669 3529 arbiterque
1716 3449 1953 3525 sedeas,
1987 3470 2254 3531 quorum
2293 3451 2471 3515 aliud
2502 3453 2621 3515 tibi
2669 3473 2908 3516 summa
2949 3459 3155 3520 virtus
3188 3465 3463 3524 omnium

240 3557 539 3634 conjuncta
566 3556 739 3616 votis
772 3552 1019 3625 detulit,
1048 3551 1227 3613 aliud
1265 3553 1500 3613 eximia
1527 3551 2016 3630 disciplinarum
2048 3552 2323 3612 omnium
2350 3553 2584 3614 notitia
2616 3572 2745 3614 una
2771 3558 3175 3628 conciliavit;
3206 3564 3310 3623 cui
3325 3581 3451 3642 po-

241 3658 345 3716 tius
370 3655 571 3716 labore
605 3663 669 3715 et
700 3652 929 3713 sudore
958 3660 1178 3711 nostro
1204 3658 1399 3731 parta
1429 3651 1789 3730 offeramus,
1822 3668 2005 3729 quam
2040 3652 2095 3712 ei
2124 3653 2233 3732 qui
2254 3671 2382 3713 non
2411 3653 2765 3715 eruditione
2792 3658 2999 3718 minus
3031 3677 3214 3739 quam
3243 3660 3459 3742 digni-

240 3764 340 3815 tate
367 3755 599 3816 cateris
636 3754 1028 3814 antecellat?

298 3857 540 3917 Eusebii
578 3858 797 3934 itaque
830 3857 1036 3917 nostri
1070 3856 1530 3918 Commentaria
1557 3858 1627 3918 in
1678 3856 1950 3935 psalmos
1983 3856 2327 3920 Sanctitati
2364 3860 2511 3920 Tua
2538 3859 2846 3924 sistimus.
2881 3859 3053 3940 Opus
3096 3881 3244 3923 sane
3289 3883 3463 3945 egre-

237 3959 401 4035 gium,
445 3960 503 4018 si
540 3958 902 4035 Scriptura
931 3974 1127 4017 saera
1155 3957 1473 4029 notitiam,
1503 3965 1785 4017 veterum
1820 3958 2241 4036 interpretum
2268 3961 2588 4039 copiosam
2623 3960 3098 4039 supellectilem,
3138 3962 3353 4026 doctas
3381 3965 3462 4027 de

239 4058 503 4137 cujusque
526 4058 773 4139 psalmi
802 4066 1058 4117 auctore
1092 4065 1151 4116 et
1180 4066 1455 4135 tempore
1487 4057 1953 4120 observationes
1983 4060 2391 4137 spectaveris.
2425 4060 2568 4121 Huc
2596 4061 2899 4122 accedunt
2926 4063 3282 4143 frequentes
3312 4084 3461 4127 eon-

239 4167 322 4217 tra
347 4161 548 4221 atheos
576 4179 652 4220 ac
689 4159 915 4236 impios
944 4159 1365 4227 velitationes.
1405 4178 1477 4219 ac
1528 4157 1601 4218 de
1644 4156 2046 4219 Psalmorum
2089 4160 2420 4233 sententia,
2458 4169 2589 4221 tum
2635 4159 2927 4233 litterali,
2983 4171 3115 4223 tum
3144 4172 3459 4243 mystago-

237 4259 354 4335 gica
377 4258 871 4321 accuratissima
900 4254 1358 4330 meditationes,
1389 4265 1447 4316 et
1480 4257 1612 4318 alia
1641 4255 1841 4317 multa
1886 4258 2061 4335 queis
2093 4257 2386 4319 rudiores
2417 4260 2612 4320 animi
2641 4257 2724 4319 ad
2758 4260 3060 4337 pietatem
3080 4306 3097 4335 ,
3127 4265 3459 4343 perfectio-

238 4375 319 4417 res
343 4371 557 4433 autem,
586 4358 675 4419 ad
707 4358 1028 4419 sublimem
1055 4356 1406 4434 Scriptura
1436 4374 1629 4417 sacra
1656 4358 1953 4418 notitiam
1981 4356 2320 4438 informari
2345 4358 2571 4421 solent.
2598 4358 2743 4419 Hac
2769 4377 2849 4419 ea:
2876 4357 3188 4421 diuturna
3221 4371 3454 4422 tracta-

241 4460 380 4520 tione
427 4460 785 4532 Eusebius,
846 4458 1166 4538 Pamphili
1208 4457 1511 4535 martyris
1557 4457 2042 4536 Scripturarum
2109 4458 2519 4519 scientissimi
2568 4458 2981 4522 contubernio
3033 4460 3447 4531 nobilitatus,

241 4560 488 4637 apprime
512 4558 762 4629 calluit,
795 4559 920 4619 hac
950 4559 1126 4617 docte
1155 4553 1459 4617 disseruit
1490 4562 1550 4615 et
1577 4557 1984 4634 explanavit;
2021 4554 2186 4615 unde
2212 4560 2437 4619 merito
2471 4577 2618 4619 sane
2644 4559 3070 4638 Hieronymus
3100 4558 3457 4622 eruditissi-

244 4678 347 4719 mos
385 4663 558 4725 hosce
601 4663 1098 4725 Commentarios
1148 4676 1275 4719 esse
1317 4660 1723 4737 pronuntiat.
1758 4658 2042 4734 Quorum
2075 4669 2251 4722 tanta
2294 4661 2422 4740 fuit
2448 4659 2622 4740 apud
2659 4670 2899 4731 peteres
2938 4663 3348 4733 existimatio,
3379 4672 3452 4723 ut

244 4758 626 4827 Occidentalis
679 4764 984 4826 Ecclesia
1028 4765 1236 4825 lumen
1280 4761 1443 4825 illud
1471 4762 1784 4823 Eusebius
1824 4763 2233 4825 Vercellensis
2279 4764 2349 4824 in
2375 4762 2753 4825 Latinorum
2793 4782 2975 4824 usum
3020 4772 3217 4824 totum
3266 4781 3448 4843 opus,

243 4861 503 4926 submotis
536 4875 745 4926 tamen
790 4867 871 4928 iis
902 4883 1035 4944 qua
1072 4864 1503 4925 Ariunismum
1546 4863 1807 4934 olerent,
1858 4862 2080 4922 Latine
2113 4864 2359 4944 fecerit.
2412 4863 2617 4943 Hujus
2651 4881 2765 4923 nos
2826 4862 3217 4941 diligentiam
3266 4882 3448 4923 amu-

244 4960 430 5038 lantes,
460 4984 556 5041 ne,
588 4966 846 5048 jamdiu
894 4967 1060 5027 tanti
1088 4966 1216 5027 viri
1259 4964 1784 5043 interpretatione
1814 4964 2065 5036 amissa,
2097 4973 2321 5024 nostra
2351 4973 2498 5023 atas
2528 4966 2642 5026 hoc
2686 4965 2924 5045 insigni
2968 4982 3153 5043 opere
3197 4962 3443 5038 orbata,

238 5065 489 5138 segnitiei
515 5066 698 5127 nobis
727 5075 940 5128 notam
967 5068 1277 5139 inureret,
1319 5083 1399 5125 ex
1428 5064 1822 5125 bibliothecis
1859 5073 2108 5126 erutum
2138 5072 2198 5123 et
2222 5062 2445 5125 Latine
2473 5082 2722 5125 versum
2754 5063 3175 5143 publicamus,
3209 5062 3444 5141 tibique

241 5162 550 5241 oﬂ'erimus,
581 5177 656 5228 ut
688 5170 840 5242 tuis,
865 5168 1272 5229 Sanctissime
1302 5167 1520 5237 Pater,
1557 5164 1864 5242 auspiciis
1895 5164 2146 5242 felicius
2178 5165 2247 5225 in
2277 5164 2475 5224 lucem
2509 5163 2797 5245 prodeat,
2829 5170 3004 5240 teque
3043 5158 3196 5220 duce
3222 5162 3443 5241 faciles

241 5259 342 5324 tibi
364 5276 533 5341 paret
559 5266 642 5326 ad
670 5266 1119 5347 rempublicam
1149 5265 1527 5328 litterariam
1552 5262 1786 5326 aditus.

307 5365 509 5427 Verum
550 5388 681 5430 non
726 5368 996 5449 perinde
1027 5368 1381 5431 laudandus
1410 5369 1675 5429 Eusebii
1705 5378 1966 5429 conatus
1996 5366 2338 5428 Sanctitati
2374 5369 2518 5428 Tua
2548 5366 2860 5439 videatur,
2893 5365 2951 5426 si
2977 5362 3060 5425 ad
3088 5361 3445 5427 doctrinam

244 5457 301 5522 ἀι
326 5467 645 5543 Trinitate,
682 5472 737 5532 si
778 5470 860 5532 ad
902 5472 1189 5533 vitiatam
1231 5469 1305 5531 de
1368 5470 1555 5531 Verbo
1595 5471 1713 5531 Dei
1760 5470 2128 5531 sententiam
2163 5470 2439 5529 animum
2466 5467 2830 5531 attenderis.
2864 5468 2983 5528 Est
3012 5468 3175 5529 enim
3205 5484 3441 5539 eorum,

248 5580 331 5641 qui
352 5571 526 5633 nimis
548 5574 798 5651 ingenio
830 5574 1252 5655 doctrinaque
1275 5594 1404 5637 sua
1422 5575 1648 5655 ﬁdunt,
1670 5581 2021 5653 perpetuus
2051 5572 2159 5634 ille
2192 5570 2513 5652 scopulus,
2540 5580 2612 5632 ut
2640 5587 2781 5633 cum
2809 5589 2923 5631 suo
2953 5578 3149 5632 marte
3180 5568 3444 5648 religio.

251 5668 326 5731 nis
364 5671 862 5750 capita'deﬁnire
883 5674 1188 5743 audeant.
1242 5696 1282 5736 a
1329 5694 1490 5740 vera
1542 5673 1689 5754 ﬁdei
1729 5673 1978 5736 tramite
2018 5673 2260 5753 passim
2294 5670 2607 5734 aberrent.
2654 5672 2908 5734 Possem
2950 5670 3434 5736 innumerabiles

525 5772 795 5834 eum.
828 5775 945 5835 Gn.
1004 5771 1241 5842 xxm.
3008 5775 3039 5835 ί
