4020 6372
537 374 597 469 ii
1203 387 1469 470 EUSEBH
1507 403 1988 468 cassamnsrs
2025 401 2175 460 ore.
2218 401 2400 457 PARS
2440 399 2527 457 ιιι.
2570 431 2644 444 -
2678 383 3088 460 extremes.
3419 452 3426 454 _
3703 397 3774 454 is

535 537 851 614 proferre,
892 536 998 613 qui
1035 553 1196 594 nova
1225 542 1463 594 tentata
1492 533 1625 612 ejus
1660 524 2070 606 explananda:
2097 523 2221 595 via,
2253 522 2659 600 naufragium
2685 522 2971 599 fecerunt
2989 540 3008 588 ;
3039 537 3254 580 verum
3278 535 3443 578 unus
3476 523 3602 576 esto
3631 515 3770 578 Eu-

535 638 744 699 sebius
773 638 930 698 satis
961 659 980 698 r
1013 638 1068 698 is
1101 640 1170 700 in
1205 635 1554 714 exemplum
1607 632 1851 694 cunctis
1891 628 2218 706 offeratur.
2262 625 2420 686 Nam
2458 625 2515 685 si
2562 625 2663 719 vir
2696 623 2803 684 ille
2839 632 3075 694 tantus,
3120 631 3210 682 tot
3256 620 3616 701 disciplinis
3647 638 3764 682 ea:-

534 739 768 809 cultus,
805 739 915 799 ubi
957 757 1087 798 sese
1133 736 1398 816 ﬁdenter
1436 750 1762 795 sacrorum
1793 731 2198 806 interpretem
2239 725 2569 804 priestitit,
2611 731 2852 783 tantum
2883 742 2921 782 a
2966 740 3126 784 verae
3169 721 3434 801 pietatis
3465 723 3775 782 sententia

534 837 887 918 deﬂexerit,
920 837 1071 918 quid
1095 839 1241 899 aliis
1264 831 1665 915 sperandum,
1695 831 1804 910 qui
1841 848 1970 890 non
1995 828 2263 907 paribus
2294 825 2535 902 ingenii
2564 824 2982 902 doctrinaque
3015 821 3265 884 dotibus
3296 823 3619 895 instructi,
3648 841 3772 901 pa-

533 957 667 998 rem
692 951 892 1001 tamen
919 940 1115 1000 aleam
1146 940 1359 1000 subire
1389 956 1516 998 non
1537 942 1876 995 vereantur
1899 933 1928 991 ?
1963 932 2116 1002 Una,
2144 948 2271 989 una
2303 936 2390 987 est
2418 944 2576 987 verte
2604 924 2750 1004 ﬁdei
2772 925 3070 998 anchora,
3105 931 3345 983 statuta
3371 922 3614 983 scilicet
3643 921 3774 982 Ec-

537 1040 737 1102 clesia:
769 1062 788 1099 :
819 1041 1006 1121 hujus
1062 1047 1153 1111 tu,
1187 1040 1426 1099 Summe
1462 1035 1785 1114 Pontifex,
1819 1037 2033 1109 caput,
2064 1025 2447 1105 antistesque
2495 1041 2845 1097 sacrorum,
2881 1024 2987 1084 cui
3017 1021 3355 1100 religionis
3372 1021 3538 1100 jura
3568 1017 3780 1080 dicere

534 1144 603 1202 in
633 1140 838 1218 ofﬁcio
869 1150 980 1203 est.
1015 1140 1105 1201 Ab
1134 1142 1246 1201 hac
1285 1156 1430 1198 vero
1476 1154 1696 1197 norma
1745 1133 2027 1213 quisquis
2057 1129 2469 1201 aberraverit,
2501 1128 2649 1188 huic
2692 1134 2974 1187 extrema
3009 1131 3067 1185 et
3103 1131 3276 1183 certa
3325 1121 3644 1201 pernicies
3685 1128 3779 1180 est

534 1238 1107 1416 pegtzzellsillegdi‘lur
1141 1336 1221 1398 ad
1246 1337 1433 1416 pedes
1459 1334 1830 1398 Sanctitatis
1865 1334 2016 1394 Tute
2053 1328 2366 1390 Eusebius
2397 1328 2504 1389 ille
2535 1325 2873 1406 Pamphili,
2906 1334 2977 1386 ut
3009 1326 3141 1405 ejus
3171 1329 3244 1390 de
3294 1325 3484 1386 Verbo
3515 1295 3772 1384 Dei-do-

532 1444 762 1513 ctrina,
801 1459 981 1519 quam
1012 1458 1149 1499 cum
1187 1458 1268 1499 ea:
1303 1439 1754 1520 pestiferorum
1797 1435 2113 1500 hominum
2145 1430 2399 1510 afﬂatu,
2433 1440 2561 1488 tum
2599 1446 2678 1488 ea:
2725 1427 2969 1504 ingenii
3009 1427 3110 1488 sui
3157 1426 3426 1488 arbitrio
3470 1423 3769 1508 protulit,

526 1541 834 1622 Judicium
876 1535 1095 1600 subeat
1151 1548 1344 1600 tuum.
1387 1540 1604 1600 Verum
1649 1534 1880 1597 talibus
1925 1540 2189 1593 onustus
2230 1528 2539 1591 mercibus
2569 1529 2682 1589 vix
2727 1537 3125 1607 conspectum
3165 1525 3348 1589 illum
3395 1527 3617 1604 ferret,
3647 1524 3766 1584 vix

533 1642 705 1703 illam
753 1641 1077 1702 oculorum
1125 1642 1373 1718 orisque
1421 1638 1788 1717 dignitatem
1829 1635 2220 1706 sustineret,
2279 1631 2409 1692 nisi
2448 1630 2754 1709 permista
2801 1630 2982 1690 malis
3026 1629 3187 1690 bona
3235 1628 3605 1696 innumera,
3638 1623 3771 1685 nisi

533 1740 728 1800 multa
759 1740 1036 1819 offerret,
1069 1756 1200 1817 qua
1217 1738 1457 1816 passim
1487 1739 1555 1797 in
1585 1735 1772 1814 opere
1801 1731 2055 1810 decerpi
2078 1732 2334 1809 possint
2365 1730 2771 1789 emolumenta
2796 1751 2815 1789 :
2843 1738 2914 1790 ut
2944 1729 3057 1790 hac
3088 1729 3157 1790 in
3183 1745 3252 1787 re
3277 1724 3458 1787 nobis
3511 1722 3775 1785 Eusebii

534 1839 924 1917 diligentiam
967 1837 1232 1897 laudare
1269 1837 1472 1909 liceat,
1506 1836 1562 1894 si
1589 1837 1792 1895 minus
1829 1834 2018 1893 liceat
2057 1833 2126 1892 in
2157 1831 2301 1891 aliis
2332 1829 2634 1890 doctrina:
2667 1830 3109 1891 sinceritatem.
3142 1827 3272 1888 Nos
3309 1843 3477 1898 vero,
3505 1823 3620 1884 etsi
3643 1841 3770 1902 pro

533 1956 702 1998 more
733 1948 952 1998 nostro
981 1937 1104 1998 hcec
1135 1935 1216 1995 ad
1247 1935 1528 1995 codicum
1557 1931 1758 2012 ﬁdem,
1790 1932 1888 1991 uti
1922 1948 1984 1988 se
2027 1928 2278 1999 dabant,
2307 1926 2567 2004 publica
2595 1927 2948 2008 fecerimus,
2987 1925 3251 1986 Eusebii
3285 1933 3489 1983 tamen
3522 1921 3762 1982 Vercel-

534 2034 724 2096 lensis
756 2036 1105 2096 cautionem
1141 2034 1269 2094 alia
1310 2033 1596 2093 cautione
1634 2045 1969 2108 pensamus
1995 2047 2013 2086 :
2038 2028 2106 2087 in
2130 2026 2670 2105 prceliminaribus
2701 2027 2956 2105 quippe,
2997 2024 3260 2085 Eusebii
3295 2021 3366 2082 de
3409 2021 3602 2082 Verbo
3645 2020 3764 2080 Dei

511 2135 911 2215 'opinionem,
944 2152 1071 2194 non
1109 2152 1188 2195 ea:
1224 2135 1320 2195 his
1363 2131 1538 2192 modo
1589 2129 2104 2199 Commentariis,
2154 2129 2260 2188 sed
2293 2146 2374 2188 ea:
2417 2127 2563 2188 aliis
2607 2129 2753 2188 item
2797 2125 3056 2204 scriptis
3100 2120 3371 2204 ejusdem
3416 2121 3762 2200 aperimus.

533 2235 929 2312 confutamus
960 2253 978 2291 :
1009 2249 1082 2291 ac
1110 2248 1186 2290 ne
1228 2230 1457 2290 malum
1493 2227 1756 2288 occultis
1787 2225 2050 2286 subinde
2081 2227 2289 2287 verbis
2330 2225 2688 2286 obvolutum
2719 2224 2910 2284 latius
2952 2231 3189 2302 serpat,
3222 2240 3260 2280 a
3287 2220 3511 2300 quibus
3549 2238 3772 2280 caven-

530 2331 676 2393 dum
700 2334 783 2394 sit
814 2331 1186 2403 indicamus,
1220 2339 1276 2391 et
1301 2338 1668 2408 argumenta
1697 2336 1920 2388 contra
1948 2326 2131 2404 ﬁdem
2161 2326 2370 2387 oblata
2401 2344 2523 2405 pro
2555 2325 2731 2385 virili
2763 2323 3162 2403 depellimus.

611 2437 779 2497 Huic
826 2444 1062 2496 nostrae
1123 2451 1349 2512 operte,
1391 2431 1795 2492 Sanctissime
1824 2430 2038 2505 Pater,
2071 2431 2127 2490 si
2174 2429 2482 2490 calculum
2527 2427 2868 2502 addideris,
2910 2429 2968 2488 si
3009 2427 3134 2488 haec
3176 2425 3384 2487 studio
3409 2424 3767 2504 vigiliisque

531 2537 768 2596 nostris
799 2545 994 2613 parta
1025 2534 1261 2594 lubenti
1289 2534 1495 2592 animo
1527 2533 1870 2610 acceperis,
1903 2550 2066 2591 unus
2090 2531 2271 2592 nobis
2301 2535 2510 2593 instar
2539 2531 2810 2591 omnium
2839 2539 3064 2590 auctor
3094 2531 3242 2602 eris,
3262 2539 3330 2590 ut
3365 2527 3604 2590 caeteris
3633 2542 3770 2605 quae

534 2651 650 2713 per
679 2636 875 2696 otium
903 2641 1241 2715 parantur,
1273 2632 1552 2693 alacrius
1597 2650 1846 2691 manum
1887 2632 2340 2693 admoveamus.
2380 2633 2463 2692 Te
2498 2632 2730 2711 quippe
2770 2632 2885 2692 hoc
2917 2631 2987 2692 in
3027 2632 3286 2694 honoris
3318 2632 3610 2703 culmine,
3651 2629 3769 2691 hac

511 2739 603 2799 -in
649 2735 904 2816 specula
938 2735 1206 2808 sedente,
1240 2733 1320 2794 ad
1347 2737 1606 2796 virtutis
1648 2734 1948 2808 studium,
1986 2745 2044 2796 et
2075 2734 2157 2794 ad
2193 2735 2553 2796 litterarum
2592 2735 2832 2795 cultum
2874 2746 3194 2797 acuuntur
3221 2736 3461 2802 animi;
3505 2741 3574 2795 ut
3627 2751 3770 2813 spes

532 2838 619 2900 sit
653 2837 1055 2918 afflictam-et
1079 2835 1385 2895 labantem
1409 2837 1477 2896 in
1499 2835 1629 2896 dies
1660 2853 1791 2895 rem
1821 2834 2201 2898 litterariam
2228 2855 2340 2915 ope
2371 2845 2430 2896 et
2459 2837 2818 2914 patrocinio
2846 2844 2950 2896 tuo
2983 2845 3409 2898 restauratum
3442 2836 3550 2896 iri.
3585 2834 3769 2910 Quod

535 2940 702 2998 omni
730 2937 1191 3016 exspectatione
1223 2937 1534 2996 maturius
1571 2934 1834 3008 accidet,
1855 2936 1914 2996 si
1941 2935 2120 2997 nobis
2149 2937 2362 3018 fausta
2385 2937 2812 3014 precantibus
2840 2937 3068 3018 faverit
3099 2938 3371 2997 omnium
3413 2934 3772 2996 moderator

523 3021 664 3108 ille,
694 3035 802 3113 qui
827 3033 1010 3094 rebus
1031 3034 1346 3114 prospicit
1374 3034 1683 3106 humanis,
1716 3051 1826 3093 nec
1853 3042 1916 3102 te
1960 3032 2138 3093 modo
2172 3035 2546 3095 incolumem
2575 3033 2816 3096 diutius
2848 3037 3212 3108 servaverit,
3245 3034 3352 3095 sed
3383 3035 3565 3095 etiam
3597 3044 3776 3096 tran‘

505 3133 734 3213 .quilla
765 3141 1111 3211 pacataque
1149 3141 1429 3212 tempora
1461 3133 1631 3213 plebi
1659 3151 1786 3194 suae
1802 3133 2186 3210 providerit,
2223 3132 2388 3212 quod
2417 3153 2554 3195 cum
2575 3136 2807 3214 primis
2840 3137 3172 3216 efﬂagitat,

1833 3234 2052 3295 Sancti
2057 3235 2205 3296 tatis
2243 3237 2407 3310 Tute,

1340 3454 1352 3480 ,ν
1407 3456 1411 3463 ,
1494 3471 1498 3476 _
2628 3399 3280 3480 Obsequentissimus
3320 3411 3381 3464 et
3418 3403 3607 3465 addi-

506 3463 520 3549 t
1346 3479 1352 3494 ε
1494 3471 1498 3476 ’
2715 3463 3227 3542 οιὶεέὶωυδῐὶιὶιιε
3263 3487 3325 3543 et
3356 3463 3608 3552 servus,

2631 3578 2702 3638 F.
2765 3579 2952 3640 Bern.
2985 3581 3093 3639 ουκ
3135 3583 3604 3644 Monruucon.

3445 3749 3750 3760 ———-

541 3740 3666 3777 Mm

1101 4079 1112 4089 ε
1507 3911 2746 4078 PRELIMINABIA

907 4176 1032 4266 IN
1110 4173 1591 4266 EUSEBII
1666 4164 2546 4260 COMMENTARIA
2621 4165 2746 4254 ΙΝ
2826 4167 3393 4265 PSALMOS.

1113 4482 1528 4540 PROtEMIUM.
2105 4493 2163 4546 Α
2193 4481 2374 4551 prodit
2399 4477 2667 4537 Eusebius
2701 4501 2712 4537 ε
2739 4484 2833 4554 qui
2865 4485 2911 4541 si
2954 4494 3212 4555 quantam
3266 4488 3610 4558 eruditionis,
3640 4499 3765 4544 tan-

599 4575 835 4630 Tantum
865 4573 964 4632 sibi
1001 4589 1198 4628 nomen
1231 4575 1286 4628 in
1309 4590 1369 4628 re
1399 4575 1662 4630 litteraria
1685 4575 1892 4645 peperit
1921 4573 2092 4629 Euse-

530 4667 655 4721 bius
678 4665 1052 4728 Caesariensis,
1077 4672 1138 4718 ut
1152 4679 1274 4719 cum
1307 4665 1360 4719 in
1379 4667 1500 4736 ejus
1533 4667 1753 4737 scriptis
1782 4675 2097 4721 restauran-

465 4751 638 4823 W‘dis,
671 4760 717 4814 si
755 4767 1029 4829 prostent,
1065 4759 1342 4819 eruendis,
1371 4759 1418 4813 si
1453 4760 1677 4824 lateant,
1709 4774 1876 4829 opera
1929 4774 2096 4813 nava-

530 4857 642 4912 tur,
669 4848 722 4902 id
761 4851 815 4902 in
851 4851 1125 4918 praecipua
1155 4849 1313 4904 ollicii
1344 4858 1500 4919 parte
1535 4860 1739 4920 ponant
1779 4851 1999 4905 eruditi.
2047 4851 2096 4908 ls

528 4939 676 4992 enim
706 4944 789 4990 tot
819 4938 874 4990 in
901 4938 1149 5004 historia,
1177 4939 1232 4992 in
1255 4939 1628 5005 chronologia,
1661 4939 1715 4992 in
1755 4941 2097 5012 antiquitatis

532 5031 747 5094 notitia,
780 5030 982 5098 ingenii
1025 5030 1109 5084 sui
1142 5030 1440 5099 specimina
1468 5031 1638 5096 dedit,
1674 5040 1732 5084 ut
1753 5047 1876 5102 cum
1905 5034 2098 5103 primis

532 5124 794 5179 Ecclesia:
826 5123 1188 5193 scriptoribus
1225 5126 1437 5179 censeri
1479 5133 1774 5182 mereatur.
1804 5125 1984 5181 Unum
2007 5144 2102 5194 Ire-

535 5215 713 5269 stabat
735 5215 788 5267 in
808 5229 916 5284 quo
936 5215 1200 5268 nullidum
1222 5216 1438 5270 Eusebii
1455 5217 1702 5286 peritiam
1717 5218 2097 5272 internoscen-

533 5304 590 5358 ἀί
625 5311 866 5374 potestas
891 5304 1086 5371 fuerat,
1117 5307 1488 5375 interpretatio
1515 5308 1764 5362 videlicet
1794 5308 2101 5377 Scriptura-

534 5413 678 5450 rum.
710 5395 827 5461 Qua
859 5401 912 5450 in
945 5413 1001 5452 re
1023 5413 1145 5451 cum
1178 5414 1286 5452 non
1313 5398 1538 5452 minoris
1569 5399 1710 5467 apud
1734 5409 1942 5456 veteres
1975 5417 2100 5470 pre-

534 5487 595 5540 tii
629 5487 813 5551 fuerit,
845 5495 1152 5557 temporum
1182 5495 1361 5543 tamen
1395 5489 1592 5559 injuria
1630 5491 1846 5560 ignotus
1867 5507 2005 5560 rene
2032 5493 2097 5547 ad

533 5587 786 5632 nostrum
835 5594 1009 5632 aevum
1039 5581 1261 5635 mansit.
1303 5579 1420 5633 Jam
1470 5596 1598 5634 vero
1629 5581 1720 5635 ubi
1759 5583 2096 5636 celeberrimi

531 5667 610 5718 illi
633 5667 687 5719 in
729 5665 974 5722 Psalmos
1000 5669 1397 5731 commentarii,
1431 5669 1538 5723 situ
1579 5677 1633 5724 et
1660 5679 1927 5746 vetustate
1963 5689 2099 5741 pene

531 5759 734 5824 obruti,
764 5760 817 5812 in
849 5760 1023 5815 lucem
1049 5760 1286 5826 veniunt,
1308 5761 1358 5813 in
1391 5762 1643 5818 omnibus
1667 5764 1750 5819 sui
1779 5780 1836 5820 se
1863 5765 2092 5821 similem

2199 4583 2308 4626 tam
2339 4573 2566 4628 sincerae
2587 4573 2711 4629 ﬁdei
2738 4576 2951 4631 laudem
2977 4578 3212 4642 tulisset,
3235 4579 3324 4634 vix
3351 4594 3534 4650 parem
3558 4581 3764 4636 admit-

2203 4671 2363 4718 teret.
2396 4663 2508 4720 Hos
2534 4666 2718 4736 itaque
2745 4671 3192 4737 commentarios,
3213 4672 3306 4726 diu
3351 4675 3642 4744 expetitos,
3677 4674 3776 4730 sed

2199 4771 2480 4826 nunquam
2520 4764 2783 4825 tentatas,
2836 4762 2957 4826 tibi,
2993 4763 3166 4818 lector
3223 4765 3455 4830 erudite,
3513 4766 3776 4836 legendos

2200 4846 2468 4901 sistimus.
2498 4846 2816 4904 Versionem
2861 4868 3026 4921 porro
3057 4853 3307 4910 Latinam
3354 4872 3456 4928 pro
3491 4873 3644 4912 more
3673 4873 3773 4912 no-

2199 4950 2315 4996 stro
2365 4941 2439 4994 ita
2490 4941 2908 5013 adornavimus,
2951 4955 3031 5012 ut,
3066 4950 3171 5003 etsi
3230 4951 3662 5021 compendiaria,
3712 4961 3774 5006 ut

2198 5031 2517 5101 plurimum,
2549 5020 2640 5087 via.
2669 5034 2815 5089 dicta
2841 5035 3060 5092 Eusebii
3113 5020 3554 5112 interpretemur,
3583 5039 3772 5096 Graeca

2197 5135 2379 5181 tamen
2404 5144 2514 5183 non
2537 5130 2755 5198 penitus
2785 5147 2815 5186 e
2835 5132 3061 5202 vestigio
3083 5143 3356 5190 sectemur
3379 5155 3394 5191 :
3421 5149 3598 5206 neque
3621 5137 3769 5192 enim

2200 5221 2510 5293 importuno
2541 5227 2799 5296 scrupulo
2827 5227 2901 5280 ita
2923 5228 3116 5284 litterae
3149 5229 3436 5295 haeremus,
3469 5239 3528 5284 ut
3548 5231 3774 5286 concin-

2202 5327 2326 5365 nam
2378 5317 2662 5369 sententiis
2705 5319 3071 5385 exprimendae
3124 5321 3389 5374 rationem
3426 5322 3772 5386 deseramus,

2201 5416 2309 5455 non
2341 5403 2535 5465 nescii,
2570 5403 2637 5459 iis
2667 5406 2764 5473 qui
2807 5407 2969 5460 talem
3003 5411 3245 5463 vertendi
3277 5412 3498 5465 modum
3527 5415 3771 5481 aggressi

2201 5500 2351 5556 sunt,
2405 5510 2513 5548 non
2555 5495 2787 5552 feliciter
2815 5500 3053 5554 cessisse
3098 5513 3376 5558 conatum.
3417 5503 3591 5568 Quam
3643 5519 3776 5558 vero

2199 5581 2409 5637 Latinm
2442 5585 2637 5654 lingua:
2677 5582 3120 5658 peregrinitatem
3177 5594 3480 5649 intulerunt
3513 5593 3775 5652 Ecclesiae

2191 5678 2402 5740 Patres,
2422 5693 2540 5732 eam
2565 5696 2675 5735 non
2705 5685 2928 5739 omnino
2952 5701 3154 5743 exuere
3182 5690 3389 5744 licitum
3426 5689 3526 5743 fuit
3551 5709 3564 5752 ;
3595 5705 3773 5761 neque

2199 5768 2342 5845 enim
2399 5771 2894 5856 abstinerirpotest
2925 5793 2955 5831 a
2992 5783 3217 5837 vocibus
3244 5782 3502 5836 diuturno
3533 5761 3771 5851 scripto-
