4020 6372
283 412 341 467 η
1016 390 1529 455 contremith
1557 386 1632 443 ιιι
1675 381 2013 442 PSALMOS.
2055 413 2121 422 -
2158 364 2708 437 Ριιιειιιιιιιὲιιιιιι.
3428 375 3497 432 ιι

279 543 383 587 rum
405 523 645 580 Ecclesia
683 536 783 577 usu
810 518 978 581 tritis,
1004 527 1065 573 ut
1092 525 1246 584 sunt,
1286 515 1634 583 mortiﬁcare,
1658 509 1826 579 viviﬁ—
1856 512 1898 570 Α
1924 495 2144 567 haberi,
2174 514 2237 557 ac
2258 502 2599 557 maturanda
2630 500 2884 558 editionis
2918 506 3112 554 auctor
3141 496 3263 551 fuit.
3298 492 3501 550 Accer-

276 636 399 683 care,
426 615 723 687 persecutio,
756 611 1124 675 tribulatio,et
1146 611 1375 671 similes,
1400 622 1521 678 qua
1546 604 1807 675 quodam-

1921 596 2090 652 situm
2124 595 2307 664 itaque
2360 594 2604 648 codicem
2652 584 2985 665 deprehendi
3017 584 3355 660 ips'issimum
3379 601 3504 643 esse

280 715 421 772 modo
446 716 788 771 consecrat-J3,
826 716 879 763 ει
908 708 963 761 in
1012 706 1169 760 libris
1206 703 1476 774 frequenti
1516 699 1813 769 scriptum;
1913 685 2369 740 commentarium
2406 682 2651 747 Eusebii,
2681 697 2843 752 quem
2865 678 3163 734 cardinalis
3197 675 3508 774 Perronius

281 806 482 861 lectione
519 800 840 857 intermistis
885 814 1111 869 prorsus
1165 799 1491 851 necessaria
1527 801 1674 847 sunt.
1712 790 1812 844 Ubi

1913 780 1970 836 in
1997 777 2149 831 italia
2180 778 2384 846 degens
2405 792 2473 830 ex
2511 773 2915 844 antiquioribus
2947 769 3232 825 codicibus
3263 765 3506 822 exscribi

282 858 542 953 occurrunt
581 858 1076 964 Scriptura-sacra
1105 891 1271 953 dicta,
1304 889 1613 959 vulgatam,
1648 887 1693 942 si
1728 903 1815 941 τρε
1915 877 2225 924 curaverat.
2252 869 2303 925 is
2336 868 2440 923 etsi
2472 866 2540 920 ad
2570 864 2928 920 centesimum
2952 875 3129 948 usque
3155 867 3210 915 et
3242 858 3511 914 duodeci-

282 993 341 1047 ita
365 990 507 1054 ferat,
541 988 824 1057 sequimur
859 1005 872 1038 :
909 984 1006 1040 sed
1052 981 1276 1053 quando
1306 998 1369 1035 ex
1413 980 1598 1034 Veteri
1626 978 1818 1033 Testa—

281 1092 437 1137 mento
460 1076 741 1133 sententia
770 1074 1095 1135 afferuntur,
1120 1074 1249 1142 quia
1274 1073 1596 1142 plerumque
1618 1058 1819 1139 Vulgaé

278 1180 355 1235 ta,
381 1187 439 1226 ex
478 1170 700 1224 Hebrao
722 1181 1009 1238 expressa,
1048 1180 1173 1219 cum
1203 1163 1390 1219 Grmca
1431 1164 1682 1219 versione
1710 1177 1817 1216 non

282 1262 503 1332 quadrat,
533 1267 646 1314 tum
680 1273 909 1312 necesse
950 1271 1179 1326 prorsus
1209 1262 1294 1310 est
1351 1256 1543 1311 littera
1570 1254 1818 1324 Obsequi,

280 1352 519 1421 aliamque
558 1347 1067 1418 interpretationem
1098 1361 1293 1416 parare
1328 1366 1341 1399 :
1384 1346 1528 1417 quod
1564 1347 1692 1402 item
1727 1360 1825 1401 ne-

280 1445 491 1501 cessario
518 1441 891 1512 prastandum
937 1429 1115 1494 sicubi
1147 1438 1231 1493 vel
1273 1439 1439 1494 lectio
1469 1438 1706 1502 diversa,
1738 1438 1825 1493 vel

283 1536 472 1592 Eusebii
500 1534 774 1589 sententia
813 1532 975 1586 aliam
1010 1532 1320 1587 versionem
1344 1534 1604 1601 postulat.
1647 1530 1705 1587 In
1731 1532 1824 1587 de-

274 1643 423 1683 .cursu
463 1635 639 1681 autem
679 1624 865 1693 operis
920 1624 1112 1679 breves
1167 1638 1432 1692 rarasque
1469 1631 1629 1677 notas
1679 1620 1830 1676 dedi-

276 1718 573 1786 mus:quia
628 1732 711 1771 ea
759 1715 806 1770 si
868 1715 977 1769 huc
1031 1715 1163 1769 illuc
1216 1715 1605 1784 conjiciantur,
1668 1715 1830 1782 vulgo

283 1816 479 1879 pereunt
511 1806 898 1870 inobservata,
939 1805 1180 1860 intacta.
1211 1804 1390 1870 Quane
1413 1804 1460 1859 si
1486 1803 1618 1874 quid
1659 1803 1713 1857 in
1744 1802 1830 1858 his

282 1900 658 1955 commentariis
690 1906 888 1953 notatu
916 1897 1143 1967 dignum
1178 1897 1443 1963 occurrit,
1472 1897 1525 1951 id
1562 1898 1617 1951 in
1650 1898 1829 1967 prali—

1918 976 2067 1015 mum
2100 962 2372 1032 psalmum
2404 959 2755 1030 pertingeret,
2790 955 2846 1008 in
2873 945 3059 1008 multis
3083 950 3406 1011 deficiebat;
3430 950 3510 1004 ita

1922 1060 1983 1107 ut
2016 1053 2181 1107 etiam
2215 1052 2412 1122 psalmi
2446 1066 2475 1103 a
2508 1047 2930 1120 quadragesimo
2953 1054 3148 1100 octavo
3184 1043 3251 1098 ad
3281 1052 3508 1116 octoge-

1922 1144 2122 1199 simum
2165 1145 2443 1207 abessent,
2472 1143 2526 1196 in
2568 1140 2889 1208 caterisque
2919 1151 3030 1192 non
3064 1148 3241 1207 pauca
3289 1135 3507 1190 deside-

1923 1244 2200 1292 rarentur.

2253 1339 2323 1399 fil.
2361 1350 2435 1399 De
2460 1336 2629 1398 codice
2651 1336 2912 1397 cardina‘lis
2936 1337 3175 1397 Coislinii.
3262 1404 3267 1411 η

1996 1458 2155 1514 Tunc
2185 1456 2439 1513 iteranda
2468 1454 2601 1509 mihi
2630 1452 2911 1523 diligentia
2929 1450 3051 1515 fuit,
3076 1457 3136 1504 ut
3181 1450 3228 1505 si
3265 1445 3391 1519 quid
3448 1447 3504 1502 in

1929 1554 2023 1607 illo
2048 1552 2284 1613 deesset,
2306 1548 2537 1602 aliorum
2567 1544 2810 1600 subsidio
2836 1541 3043 1598 sarcire
3070 1555 3307 1612 possem.
3345 1537 3508 1592 Forte

1930 1645 2149 1699 fortuna
2195 1640 2397 1695 accidit
2438 1646 2495 1692 ut
2526 1638 2583 1692 in
2618 1635 2949 1691 bibliotheca
2998 1632 3329 1704 Segueriana
3372 1631 3508 1684 alter

1929 1736 2101 1790 codex
2127 1732 2347 1788 Eusebii
2378 1730 2434 1785 in
2460 1729 2711 1784 Psalmos
2728 1727 2961 1783 adesset.
2987 1725 3142 1781 Hunc
3161 1725 3230 1780 ab
3256 1723 3508 1779 eminen-

1931 1826 2147 1881 tissimo
2175 1824 2443 1879 cardinali
2495 1821 2759 1876 Coislinio
2788 1818 3096 1889 impetravi,
3120 1818 3214 1888 qui
3248 1830 3357 1888 qua
3387 1814 3510 1885 poi-

1935 1919 2006 1973 lct
2030 1916 2373 1973 humanitate
2403 1922 2457 1969 et
2489 1911 2864 1975 beneficentia,
2900 1910 3163 1965 suadente
3187 1922 3251 1961 ac
3283 1919 3513 1961 onen:

278 1993 483 2047 minaria
508 1991 869 2056 contulimus,
911 1989 1005 2046 ubi
1030 1990 1098 2045 de
1128 1991 1291 2059 stylo,
1332 1989 1401 2044 de
1429 2004 1629 2060 genere
1657 1989 1828 2044 inter-
1925 2018 1988 2065 ιθ
2030 2008 2251 2064 domino
2291 2006 2359 2061 de
2404 2006 2459 2059 la
2490 2002 2726 2074 vergne,
2756 2003 2809 2057 ίη
2845 2000 3126 2072 publicum
3160 2013 3320 2054 “sum
3354 1993 3511 2051 cod}.

280 2084 520 2154 pretandi,
551 2083 619 2139 de
672 2084 949 2148 doctrina,
988 2082 1055 2137 de
1106 2080 1395 2151 disciplina
1456 2081 1632 2151 deque
1685 2080 1829 2144 aliis,

282 2191 384 2247 qua
408 2176 579 2230 omnia
604 2176 780 2229 unum
805 2175 909 2229 sub
932 2180 1212 2243 aspectum
1245 2173 1521 2242 conjicere
1551 2189 1581 2227 e
1626 2188 1685 2227 re
1717 2172 1832 2226 fore

282 2267 432 2322 risum
459 2274 539 2325 est
572 2285 587 2321 :
622 2282 805 2336 neque
859 2272 1116 2336 putamus
1159 2264 1391 2319 eruditis
1445 2271 1498 2319 et
1545 2264 1832 2334 sagacibus

281 2358 539 2415 consilium
578 2357 665 2412 dis
674 2358 1016 2428 pliciturum.

768 2467 999 2524 CAPUT
1030 2468 1327 2524 PRIMUM.

278 2599 615 2640 COI'IIZNTABII
644 2599 861 2640 EUSBBII
893 2600 961 2639 ex
992 2600 1180 2648 QUIBUS
1208 2599 1487 2639 CODICIBUS
1519 2593 1825 2639 PBODEAN‘I‘.

288 2676 331 2731 1.
350 2676 417 2731 De
440 2678 613 2731 codice
641 2677 967 2731 Taurinensi
999 2676 1293 2731 cardinalis
1335 2676 1600 2731 Perronii.
1635 2675 1720 2730 11.
1758 2674 1835 2729 De

343 2747 498 2802 codice
525 2748 826 2803 cardinalis
876 2747 1141 2801 Caislim’i.
1175 2746 1291 2800 111.
1331 2746 1408 2800 De
1426 2746 1737 2801 Colbcrtino
1780 2756 1835 2799 et

342 2822 523 2873 catenis
554 2818 758 2889 Regiis.
782 2816 809 2869 1
826 2816 885 2871 γ.
907 2816 1077 2889 Graeci
1107 2816 1332 2889 Eqscbjo
1353 2827 1403 2871 et
1432 2818 1556 2871 aliis
1581 2825 1835 2885 suspecta

348 2889 455 2967 ﬁdei
502 2886 857 2967 scriptor-ibus
905 2888 1118 2967 infensi.
1258 2886 1835 2967 Catenarommenﬁta-

345 2961 460 3081 riga.
488 2958 989 3027 pessumdederunt.
1034 2957 1129 3013 VI.
1167 2957 1242 3013 De
1284 2958 1688 3027 praefationibus
1722 2956 1834 3011 Etit-

345 3045 394 3081 ει
424 3047 476 3081 u.

344 3045 476 3082 “Du.

444 3141 481 3190 Ι.
514 3142 589 3193 De
610 3141 788 3191 codice
811 3142 1101 3191 Taurinensi
1122 3141 1383 3191 cardinalis
1405 3140 1647 3191 Petronii.

347 3247 775 3303 Commentarios
810 3248 1030 3304 Eusebii
1061 3250 1116 3304 in
1168 3248 1418 3305 Psalmos
1454 3249 1508 3303 in
1542 3247 1835 3303 bibliothe-

284 3334 356 3389 cis
376 3336 528 3392 latere
542 3339 847 3393 multorum
867 3350 1086 3395 narratu
1115 3340 1226 3410 jam
1254 3341 1460 3410 pridem
1486 3354 1831 3408 acceperam:

289 3436 450 3479 verum
480 3429 626 3484 haud
656 3432 827 3486 certis
856 3432 1002 3487 notis
1032 3432 1391 3502 iudiciisque;
1418 3432 1507 3486 alii
1530 3432 1675 3486 enim
1693 3430 1836 3500 quod

287 3528 481 3573 rumore
527 3520 752 3582 nuntio,
790 3522 1180 3591 nonnullisque
1231 3520 1593 3576 referentibus
1651 3520 1838 3574 audie-

288 3618 411 3673 rant,
443 3613 591 3665 nulla
622 3613 758 3667 data
787 3613 1109 3682 experiundi
1153 3614 1434 3676 facultate,
1477 3612 1836 3678 dictitabant;

293 3700 372 3755 alii
420 3702 699 3758 indicibus
733 3704 983 3759 codicum
1040 3704 1274 3775 decepti,
1312 3706 1557 3775 quadam
1591 3705 1645 3759 in
1688 3701 1841 3759 Psal-

288 3804 391 3844 mos
417 3793 871 3864 ἀποσπασμάτια,
902 3793 1122 3849 Eusebii
1172 3795 1394 3849 nomine
1427 3794 1710 3864 insignita,
1740 3806 1839 3865 pro

286 3884 413 3938 veris
442 3883 664 3941 Eusebii
700 3886 1112 3941 commentariis
1156 3886 1480 3941 habuerant.
1513 3886 1687 3942 Annis
1712 3901 1842 3941 vero

288 3972 346 4027 ab
370 3975 489 4029 hinc
514 3977 743 4031 circiter
774 3978 959 4032 decem
987 3979 1373 4032 renuntiarunt
1401 3978 1615 4033 sodales
1664 3979 1838 4032 nostri

292 4062 455 4120 Sancti
486 4065 721 4121 Taurini
757 4067 1106 4123 Ebroicensis
1129 4069 1404 4131 monachi,
1435 4076 1650 4123 exstare
1675 4067 1728 4121 in
1760 4069 1839 4123 bi-

287 4155 535 4212 bliotheca
565 4175 694 4223 sua,
730 4175 850 4230 qua
880 4161 1010 4215 olim
1041 4161 1337 4215 cardinalis
1370 4161 1612 4216 Perronii
1643 4159 1838 4222 fuerat,

288 4251 716 4318 antiquissimum
750 4253 995 4308 codicem
1048 4254 1568 4308 commentariorum
1622 4253 1840 4309 Eusebii

290 4340 622 4399 Casariensis
656 4346 714 4397 in
743 4345 1059 4414 Evangelia,
1085 4360 1149 4399 ac
1189 4346 1548 4400 recentiorem
1593 4346 1758 4400 alium
1787 4347 1840 4399 in

289 4447 386 4499 quo
411 4437 789 4491 commentarii
826 4437 1071 4505 ejusdem
1104 4438 1160 4491 in
1190 4437 1458 4493 Psalmos.
1491 4437 1631 4492 Tum
1662 4439 1844 4492 animo

291 4524 559 4596 utriusque
591 4529 782 4597 operis
812 4530 1149 4598 publicandi,
1181 4531 1369 4599 rogavi
1425 4540 1483 4585 ut
1530 4532 1661 4585 mihi
1699 4532 1843 4585 anti-

1934 2116 2054 2154 cem
2103 2098 2418 2169 hujusmodi
2450 2096 2801 2151 commodare
2852 2094 3011 2148 nobis
3052 2090 3375 2162 dedignatus
3398 2103 3508 2143 non

1932 2199 2038 2245 est.
2076 2189 2250 2245 Habet
2277 2191 2325 2245 is
2347 2189 2598 2244 Psalmos
2629 2203 2754 2241 cum
2782 2184 3188 2241 commentariis
3226 2182 3401 2252 plenis
3424 2182 3511 2236 in-

1926 2282 2213 2352 tegrisque
2239 2296 2269 2334 a
2298 2279 2755 2350 quinquagesimo
2785 2278 2851 2331 ad
2888 2274 3306 2344 nonagesimum
3344 2273 3510 2343 quin-

1936 2383 2084 2440 tum;
2116 2374 2190 2427 ita
2222 2381 2281 2426 ut
2307 2371 2472 2439 hujus
2495 2369 2830 2426 adminiculo
2861 2368 3115 2421 lacunam
3138 2366 3284 2419 illam
3319 2365 3512 2436 ingen—

1935 2471 2044 2517 tem
2077 2462 2330 2533 explendi
2365 2459 2597 2515 facultas
2623 2464 2791 2514 esset.
2825 2455 2980 2522 Quod
3014 2470 3147 2510 sane
3172 2454 3310 2509 mihi
3326 2448 3512 2525 inopi-

1932 2560 2124 2609 natum
2152 2561 2206 2608 et
2237 2558 2451 2624 gratum
2481 2549 2716 2605 accidit:
2741 2564 2866 2602 nam
2903 2546 3081 2602 solent
3106 2561 3229 2601 esse
3257 2561 3377 2616 qua
3405 2546 3513 2598 mi-

1930 2662 2041 2701 Anus
2070 2651 2458 2715 exspectantur
2478 2642 2706 2697 latiora.
2734 2628 2829 2697 Est
2859 2655 3021 2711 porro
3047 2638 3220 2694 codex
3250 2638 3341 2692 ille
3367 2636 3513 2693 deci-

1935 2740 2064 2794 cimi
2114 2737 2322 2800 saeculi,
2350 2734 2582 2806 egregiae
2613 2742 2776 2800 nota,
2812 2735 2900 2788 cui
2958 2733 3152 2788 titulus
3194 2723 3512 2800 hujusmodi

1936 2830 2177 2888 secunda
2226 2842 2391 2883 manu
2440 2843 2534 2881 χιιι
2586 2826 2769 2881 saculi
2812 2825 3068 2896 prafixus
3095 2831 3178 2879 est
3206 2843 3217 2877 :
3248 2814 3513 2875 Εὑσεῦίου

1934 2922 2029 2977 τοῦ
2064 2922 2346 2992 Παμφίλου
2398 2917 2674 2991 ’Δρειανοῦ
2722 2908 2980 2989 ἐξήγησις
3025 2918 3103 2979 εὶς
3148 2916 3273 2979 τοὺς
3311 2911 3514 2984 ν’ψαλ-

1939 3015 2071 3085 μοὺς
2101 3011 2192 3065 τοῦ
2219 3008 2399 3073 Δαυῗδ,
2438 3010 2562 3072 τοὺς
2580 3008 2687 3062 ἀπὸ
2725 3013 2803 3061 να¹
2839 3009 2945 3071 ἕως
2976 3014 3041 3078 ρ’,
3076 3006 3127 3061 id
3151 3014 3257 3071 est,
3300 2995 3517 3058 Eusebii

1938 3105 2207 3174 Pamphili
2236 3103 2425 3157 Ariani
2456 3102 2715 3171 expositio
2764 3101 2821 3153 in
2872 3100 3255 3170 quinquaginta
3280 3095 3515 3165 psalmos

1865 3200 1907 3258 ο
1941 3194 2185 3258 Davidis,
2244 3210 2277 3246 a
2326 3192 2758 3263 quinquagesimo
2815 3192 2984 3259 primo
3026 3188 3094 3241 ad
3154 3188 3513 3243 centesimum.

1941 3287 2078 3342 Nam
2129 3286 2375 3357 plerique
2402 3299 2592 3339 omnes
2635 3282 2809 3337 Graci
2850 3281 3168 3346 Eusebium,
3200 3298 3301 3337 nec
3329 3283 3519 3337 imme-

1942 3380 2297 3447 rentem,‘pro
2318 3376 2521 3430 Ariano
2544 3375 2747 3447 passim
2774 3374 3101 3429 habuerunt.
3124 3373 3305 3428 Codex
3338 3382 3518 3427 autem

1944 3473 2035 3527 ille
2061 3478 2370 3540 temporum
2423 3468 2625 3537 injuria
2678 3464 2969 3536 postremis
3011 3464 3254 3534 quinque
3292 3464 3518 3533 psalmis

1942 3564 2208 3617 multatus
2266 3570 2384 3617 est;
2426 3576 2550 3614 nam
2592 3560 2647 3613 in
2692 3557 3105 3629 nonagesimum
3145 3555 3395 3627 quintum
3425 3555 3521 3609 de-

1946 3655 2099 3709 sinit.

2093 3789 2179 3841 Ill.
2218 3785 2793 3842 De’codiceCoibertino
2820 3791 2873 3835 et
2900 3774 2965 3836 de
2999 3786 3186 3835 catenis
3206 3774 3398 3849 Regiis.

2016 3895 2221 3952 Caetera
2246 3913 2365 3966 qua
2384 3896 2711 3951 deﬁciebant
2738 3910 2808 3950 ex
2832 3894 3020 3949 codice
3042 3892 3361 3948 Coibertino
3390 3890 3519 3957 646,

1946 3988 2241 4043 admodum
2269 3989 2475 4042 recenti
2495 3995 2549 4041 et
2568 4004 2634 4042 ex
2658 3987 2867 4041 catenis
2899 3984 3084 4055 Regiis
3118 3983 3257 4039 i807
3279 3990 3333 4038 et
3360 3983 3519 4048 i878,

1947 4080 2207 4133 nonnulla
2253 4078 2381 4133 item
2423 4080 2491 4132 ex
2519 4085 2712 4130 catena
2744 4074 3013 4138 Corderii,
3039 4072 3269 4127 mutuati
3297 4087 3522 4139 sumus;

1947 4179 2078 4225 sunt
2114 4176 2295 4222 autem
2328 4177 2534 4223 catena
2562 4166 2665 4221 illa
2693 4182 2826 4221 mss.
2855 4164 3074 4235 optima
3114 4170 3256 4217 nota
3279 4171 3330 4216 et
3357 4178 3390 4216 x
3417 4177 3522 4216 sa-

1949 4261 2083 4317 culi.
2117 4259 2304 4329 Neque
2330 4267 2511 4313 tamen
2560 4258 2614 4311 id
2647 4258 2908 4327 consequi
2951 4254 3234 4326 potuimus
3257 4261 3317 4309 ut
3348 4260 3523 4307 totum

1950 4351 2404 4406 commentarium
2437 4349 2503 4403 ad
2550 4350 2800 4402 ultimum
2843 4362 3016 4417 usque
3041 4347 3314 4415 psalmum
3350 4344 3406 4397 in
3442 4345 3525 4396 lu-

1951 4457 2068 4496 cem
2099 4442 2344 4511 proferre
2374 4440 2603 4494 liceret:
2636 4440 2691 4492 in
2722 4440 2872 4492 nullo
2913 4438 3058 4493 enim
3109 4452 3175 4490 ex
3209 4436 3526 4490 memoratis

1954 4534 2240 4589 codicibus
2296 4532 2439 4585 ultra
2503 4533 2862 4586 centesimum
2931 4530 3202 4585 decimum
3272 4536 3524 4583 octavum

288 4616 476 4682 quioris
525 4618 678 4673 illius
725 4622 937 4688 copiam
978 4620 1238 4676 facerent.
1272 4622 1525 4688 Mittitur,
1555 4625 1766 4687 evolvo,
1799 4634 1851 4679 et
1882 4626 1928 4683 D
1957 4623 2249 4694 psalmum.
2282 4622 2560 4691 quidpiam
2591 4621 2815 4675 offertur
2849 4619 2943 4690 (α).
2971 4618 3241 4688 Quodque
3270 4634 3366 4688 per
3393 4618 3524 4671 mihi

289 4712 455 4765 statim
487 4709 676 4764 fucum
695 4712 915 4765 olfacio.
942 4711 1081 4777 Quia
1112 4717 1257 4768 enim
1292 4714 1378 4770 his
1412 4711 1845 4778 commentariis,

290 4811 347 4851 ex
371 4802 647 4855 variorum
684 4802 1229 4871 interpretationibus
1270 4807 1848 4870 consarcinatis,’vui-

284 4893 383 4957 gati
410 4894 480 4946 illi
508 4894 736 4949 EuScbii
764 4908 1004 4950 canones
1027 4905 1183 4951 erant
1202 4898 1435 4967 prafixi,
1463 4899 1589 4952 hinc
1610 4899 1848 4955 Eusebio

291 4990 443 5038 totum
493 4986 809 5055 ascriptum
861 4984 1061 5042 fuerat.
1112 4986 1238 5042 Pari
1288 4989 1456 5060 igitur
1498 5005 1585 5044 me
1629 4992 1845 5044 fortuna

289 5088 495 5131 usurum
521 5078 575 5132 in
611 5076 813 5132 codice
843 5077 970 5140 alio,
1004 5091 1165 5149 quem
1194 5082 1555 5136 recentiorem
1582 5082 1848 5151 pradica-

290 5161 425 5229 bant,
452 5176 627 5233 ratus,
657 5168 956 5223 consilium
997 5170 1265 5226 intermisi
1304 5190 1317 5226 :
1377 5186 1441 5226 ac
1475 5181 1535 5225 ut
1581 5173 1846 5243 principia

285 5270 397 5311 sese
423 5257 647 5325 dabant,
684 5263 753 5317 de
781 5262 1138 5317 restituendis
1170 5261 1388 5318 Eusebii
1435 5265 1848 5319 commentariis

287 5360 438 5417 Prope
468 5350 882 5421 despondebam
917 5355 1177 5408 animum.
1212 5353 1326 5409 Sub
1347 5355 1463 5409 hac
1492 5371 1619 5410 cum
1664 5357 1747 5409 vir
1778 5357 1844 5409 cl.

290 5432 576 5502 lioivinius,
601 5441 787 5499 Graec
839 5443 1232 5515 peritissimus,
1269 5446 1406 5500 istac
1439 5446 1665 5501 haberet
1724 5448 1848 5509 iter,

289 5533 612 5587 renuntiavit
645 5551 752 5590 non
800 5553 867 5592 ex
923 5537 1093 5593 vet-iis
1139 5539 1522 5608 scriptoribus,
1571 5554 1750 5607 neque
1780 5553 1844 5593 ex

284 5622 482 5680 uternis
508 5626 825 5693 collectum,
859 5630 951 5684 sed
981 5643 1173 5683 verum
1208 5630 1661 5685 commentarium
1686 5631 1851 5685 isthic

1959 4716 2159 4768 mirum
2180 4714 2358 4769 visum
2384 4722 2487 4776 est,
2522 4722 2729 4769 catena
2764 4713 2868 4767 illa
2891 4711 3071 4780 Regia
3101 4728 3222 4781 qua
3248 4726 3421 4782 usque
3461 4711 3528 4765 ad

1958 4805 2318 4861 centesimum
2349 4804 2620 4860 decimum
2655 4816 2907 4861 octavum
2946 4803 3214 4874 psalmum
3256 4803 3530 4874 interpre-

1963 4895 2267 4952 tationibus
2312 4894 2529 4951 Eusebii
2577 4904 2828 4961 utuntur,
2859 4898 2934 4948 ita
2978 4902 3039 4947 ut
3072 4894 3256 4949 nullus
3286 4902 3528 4950 veterum

1955 4994 2314 5064 interpretum
2339 4992 2473 5045 adeo
2505 4990 2879 5059 frequentatu‘s
2909 4996 3184 5051 occurrat,
3216 4985 3270 5040 in
3294 4986 3533 5041 centesi-

1956 5100 2047 5139 mo
2077 5084 2288 5141 decimo
2318 5092 2514 5139 octavo
2546 5083 2757 5153 psalmo
2782 5082 2855 5134 ita
2900 5080 3060 5136 finem
3112 5080 3322 5134 faciunt
3355 5079 3530 5134 Euse-

1955 5174 2107 5229 bium
2160 5176 2216 5229 in
2247 5174 2486 5229 medium
2527 5172 2809 5235 afferendi,
2840 5178 2901 5225 ut
2930 5185 3001 5225 ne
3051 5171 3277 5225 verbum
3307 5169 3527 5239 quidem

1957 5265 2188 5321 ulterius
2223 5265 2445 5320 Eusebii
2489 5272 2819 5335 compareat.

1954 5377 2039 5427 iV.
2065 5378 2223 5429 Graci
2250 5378 2466 5429 Eusebio
2489 5385 2542 5428 et
2562 5379 2939 5488 aitisfzgglpecta
2959 5377 3075 5429 ﬁdei
3103 5376 3426 5441 scriptoribus
3453 5380 3534 5428 in-

2030 5539 2193 5597 Unde
2218 5543 2535 5613 conjectare
2564 5543 2704 5597 forte
2726 5542 2889 5597 liceat
2906 5559 2934 5597 a
2966 5545 3157 5601 rrultis
3174 5545 3288 5616 jam
3311 5543 3532 5601 saculis

1959 5632 2180 5690 Eusebii
2238 5634 2665 5690 commentarios
2719 5633 2824 5688 hac
2886 5637 3190 5706 posteriore
3238 5638 3325 5694 sui
3380 5644 3533 5707 parte

357 5779 427 5841 ta)
472 5779 630 5863 Ha‘nc
678 5783 933 5863 lagonam
979 5784 1599 5858 supplevit_cardiualis
1651 5786 1854 5857 Angeio
1895 5787 2017 5844 Mai.
2090 5789 2225 5859 Ejus,
2260 5788 2635 5859 praefationem
2691 5790 3295 5863 hisimaliminaribus
3331 5791 3515 5848 subite

294 5848 493 5905 diuitis.
526 5851 683 5908 Enn.
721 5848 895 5911 Pan.
