4020 6372
478 421 544 475 15
1146 419 1417 476 EUSEBH
1456 418 1937 475 CESARIENSIS
1976 420 2128 479 OPP.
2169 419 2352 473 PARS
2392 418 2482 474 ιιι.
2522 450 2592 461 —
2631 416 3049 476 EXEGETICA.
3657 413 3722 466 id

475 541 757 589 truncatos
789 531 1139 587 librariorum
1169 535 1382 589 incuria
1427 533 1620 603 fuisse,
1662 536 1787 605 quia
1835 536 2040 591 scilicet

2149 535 2256 599 Θως
2284 537 2613 609 ἑφαρμόσεις
2642 537 2789 609 αὐτῷ
2820 537 2887 592 τὰ
2918 539 2983 592 δι’
3013 538 3132 591 ὅλου
3167 538 3260 593 τοῦ
3292 538 3506 610 ψαλμοῦ
3531 541 3719 613 δηλού-

474 626 772 696 scriptores
799 627 944 689 illos,
970 627 1067 697 qui
1116 627 1188 682 ob
1233 636 1554 684 temeratam
1589 627 1748 683 tidem
1784 630 1924 683 male
1953 644 2050 682 au-

473 715 718 782 diebant,
738 733 849 772 non
878 719 1111 775 libenter
1125 720 1518 776 exscriberent.
1541 720 1718 790 Atque
1740 720 1866 774 hinc
1886 721 2048 774 etiam

392 782 401 801 ι
473 807 638 863 fuerit
663 808 812 879 quod
838 808 1115 880 Origenis,
1147 812 1423 869 Theodori
1467 782 1822 874 Herae-leone,
1846 810 2052 881 Apolli-

471 893 636 959 narii,
669 893 906 964 Didymi,
934 904 987 949 et
1010 895 1285 951 Theodori
1311 896 1678 967 Mopsuesteni
1712 903 2051 949 commenta-

471 987 539 1041 rii
565 988 621 1041 in
641 988 891 1043 Psalutos
910 988 1143 1057 jamdiu,
1176 990 1419 1057 exceptis
1448 989 1777 1043 Catenarum
1814 987 2048 1050 laciniis,

470 1094 693 1150 pessum
747 1079 929 1135 ierint.
960 1078 1024 1133 ili
1077 1080 1278 1150 quippe
1330 1081 1648 1150 scriptores,
1685 1080 1897 1134 violata:
1927 1079 2050 1134 ﬁdei

472 1172 589 1227 sive
610 1171 712 1236 rei,
743 1171 859 1227 sive
885 1172 1147 1242 suspecti,
1178 1172 1315 1225 adeo
1345 1172 1526 1242 perosi
1553 1170 1757 1227 Graecis
1784 1180 1943 1226 erant
1962 1211 1975 1234 ,
1994 1180 2052 1224 ut

470 1280 542 1320 ne
563 1279 760 1319 nomen
781 1263 1003 1333 quidem
1032 1261 1339 1333 proferrent
1371 1264 1491 1317 sine
1520 1262 1856 1332 indignantis
1883 1262 2049 1314 animi

472 1354 896 1426 signiﬁcatione.
926 1353 1062 1408 Hinc
1097 1362 1182 1409 est
1212 1354 1360 1426 quod
1394 1356 1715 1425 plerumque
1755 1354 1812 1409 in
1846 1352 2052 1408 codici--

471 1450 575 1505 bus
602 1447 827 1511 Graecis,
861 1447 954 1501 ubi
999 1446 1286 1518 Origenes,
1310 1447 1605 1513 Eusebius,
1653 1446 2048 1517 Apollinarius,

470 1541 526 1596 in
575 1541 811 1597 medium
851 1540 1170 1607 afferuntur,
1208 1540 1276 1595 ad
1315 1541 1618 1611 marginem
1656 1543 1920 1611 scriptum
1955 1541 2052 1595 ob-

469 1647 677 1698 serves,
730 1632 922 1705 ψεύδῃ,
978 1634 1238 1695 mentiris.
1294 1631 1463 1688 Incidi
1509 1648 1611 1704 ego
1657 1634 1715 1689 in
1761 1640 2050 1689 centonem

466 1726 796 1782 Colbertinaa
839 1728 1182 1784 bibliotheca
1219 1728 1679 1798 manuscriptum,
1715 1729 1808 1799 qui
1837 1728 1904 1782 ad
1933 1728 2050 1783 sin-

469 1818 595 1888 gula
629 1817 905 1889 Origenis,
939 1818 1185 1882 Eusebii,
1225 1818 1575 1889 Apollinarii,
1605 1826 1740 1887 etc.,
1762 1818 1902 1884 loca,
1935 1817 2051 1872 sin-

468 1912 711 1983 gularem
734 1912 875 1967 hanc
916 1912 1247 1976 cautionem,
1274 1912 1443 1966 minio
1466 1919 1764 1975 exaratam,
1799 1911 1856 1964 in
1891 1924 2038 1963 mar-
2071 1899 2113 1953 Β

468 2004 597 2071 gine
620 2002 794 2067 aﬂert,
814 2002 1064 2074 ἀνάθεμά
1098 2020 1201 2067 σοι,
1226 2005 1509 2057 anathema
1534 2002 1648 2059 tibi.
1679 2001 2045 2068 Quamobrem

467 2095 642 2150 miror
665 2095 812 2150 hunc
859 2094 1080 2151 Eusebii
1130 2095 1586 2151 commentarium
1631 2093 1697 2149 ad
1745 2108 1845 2148 nos
1876 2106 2049 2161 usque

468 2182 753 2241 devenisse
779 2204 792 2240 :
820 2201 983 2255 quam
1010 2186 1156 2240 enim
1184 2186 1426 2241 interitui
1454 2184 1738 2255 proximus
1770 2182 1937 2238 fuerit
1971 2183 2051 2235 in-

464 2275 614 2332 dicat
651 2276 903 2332 codicum
934 2278 1025 2331 illa
1064 2278 1338 2347 paucitas,
1363 2277 1458 2347 qui
1484 2277 1649 2331 etiam
1679 2289 1789 2330 non
1820 2289 2047 2345 prorsus

466 2370 737 2443 integrum
760 2370 1073 2425 exhibeant.

657 2461 719 2512 V.
754 2460 953 2512 Catenae
976 2460 1357 2508 commentarios
1379 2456 1852 2521 pessumdederunt.

535 2562 649 2621 Nec
689 2577 799 2619 una
850 2577 914 2618 ea
970 2570 1054 2616 est
1092 2568 1258 2615 tantae
1299 2561 1530 2631 jactura:
1578 2574 1745 2615 causa
1792 2579 1805 2614 :
1856 2575 2047 2614 verum

467 2656 687 2727 quando
719 2652 1038 2710 catenarum
1065 2668 1199 2709 usus
1231 2653 1283 2706 in
1326 2653 1513 2707 orbem
1545 2652 1793 2707 invectus
1820 2658 1924 2715 est,
1954 2650 2044 2703 illa

466 2748 828 2818 interpretum
856 2745 1092 2801 varietas
1116 2745 1191 2799 ita
1234 2744 1550 2799 Grierorum
1592 2742 1805 2797 animos
1830 2740 2045 2795 demul-

465 2840 559 2903 sit,
582 2845 643 2893 ut
677 2836 1101 2894 commentarios
1126 2836 1250 2891 illos
1279 2837 1471 2906 plenos
1496 2836 1845 2904 integrosque
1874 2831 2045 2902 negli-

467 2936 694 3001 gerent:
727 2928 872 2983 unde
908 2928 1000 2981 vix
1043 2925 1328 2982 ferendum
1380 2925 1641 2980 damnum
1672 2939 1760 2979 res
1802 2938 1926 2977 eum
1953 2936 2043 2976 ec-

466 3020 780 3077 clesiastica
816 3026 931 3074 tum
963 3018 1229 3074 litteraria
1265 3020 1454 3075 subiit.
1489 3018 1625 3072 Nam
1654 3018 1690 3071 ii
1722 3027 2041 3072 catenarum

461 3112 804 3177 collectores,
832 3127 956 3166 cum
971 3120 1131 3183 gustu
1162 3121 1216 3168 et
1237 3111 1432 3183 peritia
1446 3125 1627 3165 rerum
1644 3125 1754 3164 non
1776 3110 2039 3171 valerent,

460 3202 646 3258 missis
662 3203 821 3273 vulgo
848 3204 936 3267 iis,
956 3219 1075 3273 qua:
1096 3204 1179 3259 vel
1199 3201 1266 3256 ad
1295 3201 1583 3256 historiam
1605 3201 1690 3256 vel
1717 3200 1782 3253 ad
1801 3198 2041 3269 discipli-

2153 643 2308 695 μενα,
2327 625 2362 680 ἃ
2392 626 2485 679 καὶ
2504 625 2656 679 αὐτοὶ
2689 626 2827 680 κατὰ
2858 628 2949 681 τὸν
2975 630 3172 681 οἰκεῖον
3205 629 3393 700 καιρὸν
3423 629 3725 702 ἐπιθεωρὴ-

2153 737 2337 792 σομεν,
2369 720 2405 774 i.
2431 734 2505 787 e.,
2533 719 2915 789 Consequenter
2952 722 3021 775 ad
3043 714 3151 777 Ittec
3180 704 3280 792 ipsi
3307 724 3546 794 (Christo
3580 727 3720 783 scili-

2150 817 2258 880 cet)
2314 812 2587 882 coaptabis
2618 830 2681 866 ea
2709 831 2825 883 qute
2856 816 2910 868 in
2954 824 3064 869 toto
3110 818 3315 885 psalmo
3358 818 3721 882 declarantur,

2151 919 2366 973 quisque
2394 921 2488 959 nos
2518 922 2614 960 suo
2645 916 2873 975 tempore
2929 907 3338 976 speculabimur.
3371 910 3570 965 Verum
3617 929 3724 967 non

2151 997 2538 1052 animadvertit
2580 998 2669 1053 ille
2715 999 2803 1053 hic
2838 1000 2922 1069 agi
2953 1000 3021 1054 de
3055 1000 3263 1055 fusiore
3293 1000 3537 1072 ejusdem
3574 1007 3724 1072 psal-

2152 1089 2227 1143 mi
2279 1091 2911 1161 interpretatione,qute
2970 1093 3063 1147 lib.
3134 1109 3188 1146 Ix
3245 1092 3724 1148 Demonstrationii

2151 1175 2707 1253 evangelicce'legitur,
2726 1200 2778 1254 p.
2804 1185 2932 1250 455,
2965 1184 3042 1256 (a)
3077 1184 3166 1239 ubi
3192 1184 3441 1255 pluribus
3458 1185 3730 1255 depugnat

2152 1273 2419 1330 Eusebius
2450 1282 2619 1330 totum
2648 1277 2915 1345 psalmum
2935 1278 3000 1331 ad
3030 1277 3234 1332 Christi
3257 1285 3379 1347 post
3395 1277 3725 1348 baptismum

2152 1368 2506 1423 tentationem
2551 1370 2843 1439 pertinere.
2880 1367 3033 1424 Unde
3062 1369 3200 1424 nihil
3231 1371 3320 1424 hic
3353 1369 3420 1426 de
3449 1386 3727 1425 commen-

2150 1458 2308 1514 tariis
2339 1459 2394 1513 in
2418 1458 2699 1517 Psalmos:
2726 1476 2904 1530 neque
2923 1476 3155 1531 usquam
3190 1470 3322 1532 puto
3354 1461 3647 1517 Eusebium
3672 1464 3725 1516 in

2151 1552 2220 1608 iis
2242 1568 2363 1622 quae
2382 1552 2495 1622 jam
2547 1562 2842 1623 supersunt
2871 1555 3127 1624 operibus
3154 1570 3344 1609 eorum
3385 1556 3722 1617 meminisse,

2152 1652 2281 1714 puta
2311 1645 2439 1714 quia
2471 1660 2595 1699 cum
2632 1645 2732 1700 hos
2778 1646 3204 1701 commentarios
3256 1647 3551 1717 postremis
3596 1647 3722 1701 vita

2152 1738 2312 1791 annis
2337 1739 2637 1803 adornarit,
2662 1738 2747 1794 vel
2776 1740 2928 1793 nulla
2955 1740 3036 1795 vel
3066 1755 3238 1811 pauca
3266 1741 3569 1797 secundum
3609 1742 3724 1798 haec

2150 1827 2338 1884 edidit.

2624 1899 2684 1950 II.
2714 1900 3046 1962 Hieronymus
3068 1903 3235 1953 laudat

2221 2003 2323 2071 Qui
2379 2006 2530 2075 prior
2551 2006 2736 2075 itaque
2794 2007 2895 2062 hos
2930 2009 3354 2064 commentarios
3399 2008 3725 2064 memoravit

2151 2102 2235 2151 est
2256 2094 2619 2167 Hieronymus
2658 2097 2711 2151 in
2752 2097 2894 2152 libro
2928 2098 3005 2153 De
3029 2100 3376 2169 scriptoribus
3405 2101 3724 2156 ecclesiasti-

2150 2185 2248 2250 cis,
2282 2186 2375 2241 ubi
2411 2186 2526 2241 haec
2570 2186 2639 2242 de
2678 2185 2957 2244 Eusebio:
3012 2188 3270 2245 Eusebius
3325 2190 3586 2247 Ctesarew
3614 2191 3726 2247 Pa-

2151 2277 2373 2332 ltestinte
2416 2278 2714 2348 episcopus,
2745 2279 2801 2332 in
2841 2278 3130 2349 Scripturis
3156 2282 3348 2336 divinis
3390 2283 3724 2338 studiosissi-o

2149 2384 2286 2433 mus,
2315 2378 2364 2422 et
2400 2388 2419 2419 ι
2460 2368 2801 2425 Bibliotheca
2830 2372 3022 2426 divina:
3050 2391 3069 2424 ›
3109 2390 3227 2427 cum
3263 2373 3544 2444 Pamphilo
3574 2392 3725 2430 mar-

2150 2470 2262 2531 tyre
2292 2461 2727 2532 diligentissimus
2753 2466 3148 2535 pcrvestigator,
3193 2465 3357 2520 edidit
3392 2469 3604 2537 inﬁnita
3633 2485 3725 2524 tio-

2150 2551 2371 2605 lumina.
2399 2550 2513 2606 Sub
2545 2552 2661 2608 haec
2691 2562 2869 2609 autem
2897 2557 3235 2613 enumeratis
3262 2558 3405 2624 aliis,
3443 2559 3559 2615 haec
3580 2561 3724 2630 adji—

2147 2643 2262 2698 cit:
2300 2642 2366 2696 Et
2392 2644 2448 2697 in
2475 2658 2541 2698 et.
2587 2646 2821 2714 psalmos
2866 2648 3252 2704 eruditissimos
3288 2654 3719 2719 commentarios,

2146 2741 2195 2786 et
2222 2733 2391 2787 multa
2432 2735 2563 2791 alia.
2595 2734 2656 2789 ln
2688 2737 2919 2807 epistola
2952 2745 3134 2793 autem
3192 2755 3290 2794 sua
3337 2740 3403 2795 ad
3461 2742 3725 2813 Augusti-

2145 2839 2300 2890 num,
2332 2825 2581 2897 quazjam
2609 2827 2665 2881 in
2694 2828 2854 2883 editis
2874 2827 3163 2900 Augustini
3184 2847 3324 2885 Lxxv
3351 2848 3581 2889 numero
3607 2845 3717 2899 est,

2145 2915 2275 2969 talia
2304 2915 2451 2971 fatur
2488 2937 2501 2972 :
2530 2916 2597 2972 In
2626 2920 2996 2987 explanatione
3028 2921 3389 2989 Psaltnorum,
3412 2940 3538 2995 quos
3580 2925 3723 2996 apud

2147 3007 2358 3062 Graecos
2389 3010 2723 3080 interpretati
2751 3022 2874 3066 sunt
2906 3014 3085 3069 audtis
3117 3015 3489 3080 voluminibus,
3516 3021 3721 3089 primus

2148 3100 2418 3171 Origenes,
2482 3104 2746 3160 secundus
2800 3104 3059 3163 Eusebius
3113 3107 3479 3174 Cwsariensis,
3533 3115 3719 3166 tertius

2147 3192 2457 3250 Theodorus
2489 3195 2851 3265 Heracleotes,
2872 3212 3094 3272 quartus
3117 3202 3356 3259 Asterius
3387 3204 3723 3276 Scytltopolia

459 3308 609 3361 nam,
629 3295 793 3350 velad
813 3296 1103 3350 lectionem
1137 3304 1381 3351 veterum
1416 3294 1778 3371 interpretum
1801 3290 2040 3361 pertine—
2069 3303 2113 3368 ς
2148 3295 2326 3353 tenus,
2359 3292 2574 3361 quintus
2606 3292 2937 3362 Apollinaris
2966 3293 3315 3362 Laodicenus,
3351 3308 3527 3351 sextus
3552 3297 3722 3368 Didy-

460 3393 604 3453 rent,
642 3401 725 3455 ea
744 3387 921 3443 solum
945 3398 1357 3458 excerpserunt,
1389 3402 1510 3457 quae
1524 3386 1608 3440 sui
1632 3392 1825 3455 captus
1852 3390 2031 3443 erant.

836 3500 921 3550 Vl.
948 3501 1025 3553 De
1049 3498 1418 3563 praefationibus
1445 3496 1665 3549 Eusebii.

525 3610 883 3667 Praefationes
920 3608 1025 3662 illae
1049 3605 1250 3661 Graecae
1279 3621 1403 3676 qua:
1430 3603 1842 3660 commentariis
1890 3619 2030 3674 pra;-

456 3707 749 3760 mittuntur
774 3719 841 3758 ex
868 3701 1057 3756 codice
1084 3698 1411 3755 Taurinensi
1439 3697 1732 3770 prodeunt,
1757 3697 2034 3753 similiter—

456 3813 563 3869 que
580 3802 899 3868 argumenta
926 3795 1280 3864 psalmorum,
1299 3794 1363 3846 ad
1392 3792 1822 3863 mystagogicum
1846 3790 2031 3860 cujus-

456 3906 563 3962 que
591 3889 785 3961 psalmi
821 3901 1043 3943 sensum
1085 3896 1144 3941 ut
1183 3885 1478 3956 plurimum
1526 3883 1874 3946 concinnata,
1912 3896 2033 3952 quae

456 3983 641 4038 omnia
670 3980 816 4036 baud
850 3979 1013 4035 dubie
1047 3978 1115 4034 ab
1146 3980 1267 4049 ipso
1288 3977 1522 4032 Eusebio
1570 3984 1699 4031 sunt
1742 3975 2026 4030 adornata.

454 4073 591 4129 Nam
623 4072 943 4128 Eusebianae
970 4072 1075 4125 illa:
1104 4069 1452 4139 praefationes
1493 4062 1663 4123 iariis
1693 4076 2032 4121 commenta-

454 4170 661 4221 riorum
696 4164 835 4220 locis
867 4162 1003 4219 adeo
1027 4161 1215 4216 attines
1241 4167 1391 4225 sunt,
1428 4167 1490 4214 ut
1520 4159 1766 4214 eamdem
1818 4158 2029 4212 utrobi-

452 4273 560 4329 que
592 4255 811 4311 Eusebii
836 4269 1058 4308 mauum
1086 4252 1270 4309 statim
1308 4248 2029 4320 deprehendas.Argumen-

452 4355 508 4401 ta
542 4361 672 4401 vero
705 4360 816 4399 non
864 4344 920 4398 in
946 4341 1271 4397 Taurinensi
1302 4340 1467 4395 modo
1499 4340 1708 4400 codice,
1741 4339 1834 4393 sed
1864 4339 2026 4393 etiam

452 4440 508 4493 in
536 4439 710 4508 prima
732 4444 925 4491 catena
958 4433 1149 4505 Regia,
1190 4447 1309 4503 quae
1337 4432 1533 4487 decimi
1558 4430 1740 4487 saeculi
1776 4437 1881 4494 est,
1919 4428 2028 4483 Eu-

454 4530 589 4586 sebii
618 4529 841 4584 nomine
872 4533 1212 4597 comparent.

1071 4637 1300 4694 CAPUT
1341 4636 1400 4692 ll.

450 4743 818 4788 COIMENTARII
855 4741 1061 4783 EUSEBH
1110 4742 1161 4778 IN
1200 4739 1434 4779 PSALIOS
1477 4741 1507 4777 Λ
1544 4739 1730 4786 QUIBUS
1766 4737 2018 4785 Λιιτιουιδ

915 4811 1297 4852 εεωντυειιθυδ
1334 4808 1587 4849 ιΑυῡΔτι.

454 4917 501 4973 1.
550 4914 807 4970 Eusebius
842 4914 933 4967 hos
986 4912 1389 4966 commentarios
1437 4926 1693 4979 nusquam
1745 4916 2019 4961 memerat.

521 4985 605 5058 ll.
648 4986 1001 5058 Hieronymus
1028 4980 1383 5058 lauda_t_._lll_.
1414 4979 1671 5032 Eusebius
1688 4979 2023 5058 Vereettenst's

518 5056 706 5111 Latine
735 5050 1029 5109 transtulit.
1057 5050 1159 5105 IV.
1186 5050 1538 5105 Theodoretus
1557 5066 1736 5104 eorum
1766 5050 2019 5101 meminit.

531 5127 593 5182 γ.
636 5126 869 5197 Itemque
898 5122 1159 5179 Gelasius.

553 5237 591 5286 Ι.
621 5235 863 5287 Eusebius
884 5235 974 5284 bos
996 5230 1371 5283 commentarios
1399 5242 1635 5292 nusquam
1665 5232 1924 5278 memorat.

516 5338 786 5412 Opinatur
823 5341 906 5393 vir
933 5339 1004 5393 cl.
1038 5335 1421 5391 Tillemontius
1456 5351 1513 5391 se
1553 5333 1931 5389 commentarii
1963 5332 2017 5385 in

446 5431 694 5488 Psalmos
724 5432 827 5488 sub
858 5433 971 5485 hac
1003 5430 1197 5485 edendi
1240 5438 1424 5481 notam
1474 5435 1529 5481 et
1572 5427 2016 5497 pollicitationem

447 5520 666 5577 Eusebii
683 5520 1106 5589 deprehendisse
1133 5519 1187 5573 in
1216 5517 1674 5572 Demanstratione
1698 5514 2015 5585 evangelica,

446 5612 540 5666 lib.
578 5627 631 5673 v,
663 5625 713 5664 c.
740 5608 830 5672 91,
864 5610 957 5663 ubi
986 5609 1054 5664 de
1084 5610 1299 5678 psalmo
1345 5608 1450 5673 Qui
1479 5607 1685 5660 ltabitat
1716 5607 1768 5658 in
1798 5604 2015 5673 adjuto»

442 5702 524 5755 rio
554 5700 835 5766 Altissinti,
882 5701 1132 5770 loquens,
1166 5700 1281 5753 haec
1310 5699 1502 5752 habet:
1536 5698 1757 5759 Τούτοις
1795 5693 2016 5748 ἀκολού-

2138 3396 2253 3434 ntus
2284 3380 2694 3441 Alexandrinus.
2716 3384 2984 3440 Feruntur
3003 3397 3052 3442 et
3081 3387 3408 3443 diversorum
3440 3389 3493 3443 in
3521 3404 3718 3457 paucos

2133 3474 2365 3541 psalmos
2423 3476 2719 3544 apuscula;
2748 3477 2839 3532 sed
2879 3495 3016 3533 nunc
3046 3479 3108 3534 de
3136 3481 3337 3552 integro
3377 3481 3716 3537 Psalmorum

2134 3583 2349 3637 corpore
2374 3567 2621 3625 dicimus.
2653 3571 2805 3641 Apud
2834 3571 3055 3628 Latinos
3101 3584 3274 3629 autem
3328 3574 3572 3630 Hilarius
3621 3576 3719 3630 Pi-

2132 3662 2433 3726 ctaviensis,
2460 3672 2511 3717 et
2564 3662 2821 3719 Eusebius
2859 3664 3197 3721 Vercellensis
3228 3668 3473 3737 episcopi,
3529 3667 3718 3739 Origeo

2134 3768 2250 3805 nem
2279 3764 2328 3805 et
2360 3751 2649 3807 Eusebium
2686 3756 3090 3810 transtulerunt.
3123 3756 3359 3822 Quorum
3407 3760 3635 3827 priorem
3661 3770 3715 3813 et

2133 3850 2309 3895 noster
2331 3841 2645 3898 Ambrosius
2685 3846 2742 3898 in
2773 3846 3091 3916 quibusdam
3132 3860 3340 3903 secutus
3370 3858 3467 3905 est.
3494 3850 3597 3905 Ubi
3629 3852 3715 3906 in-

2132 3932 2348 4003 telligas
2381 3934 2451 3987 ab
2485 3933 2695 3987 Hilario
2730 3936 2982 4006 Origenis
3016 3939 3444 3995 commentarios
3472 3942 3715 3997 transla-

2131 4034 2218 4081 tos
2247 4042 2388 4089 esse.
2422 4034 2480 4081 ut
2510 4028 2671 4083 habet
2695 4029 2836 4084 idem
2868 4028 3229 4102 Hieronymus
3259 4049 3381 4087 cum
3405 4032 3472 4088 de
3500 4033 3710 4089 Hilario

2131 4118 2276 4186 agit;
2309 4119 2375 4173 ab
2403 4118 2640 4175 Eusebio
2663 4129 2842 4175 autem
2874 4119 3204 4179 Vercellensi
3229 4122 3444 4194 gentilis
3478 4126 3563 4182 sui
3590 4126 3710 4182 (Σω-

2132 4211 2396 4266 sariensis
2423 4214 2849 4270 commentarios
2877 4213 3069 4271 Latine
3100 4217 3258 4273 datos
3283 4219 3473 4275 fuisse.

2254 4302 2336 4354 lii.
2361 4302 2608 4354 Eusebius
2632 4306 2967 4357 Vercellensis
2990 4321 3078 4358 eos
3110 4308 3281 4359 Latine
3308 4312 3582 4361 transtulit.

2202 4404 2469 4462 Eusebius
2513 4408 2697 4477 itaque
2727 4407 3089 4467 Vercellensis
3132 4411 3232 4467 bos
3282 4414 3706 4470 commentarios

2128 4497 2321 4554 Latine
2346 4502 2647 4564 transtulit,
2674 4509 2733 4556 ut
2758 4503 2886 4558 alibi
2919 4513 3103 4558 narrat
3134 4504 3276 4560 idem
3294 4503 3659 4578 Hieronymus
3685 4528 3698 4562 :

2132 4590 2335 4657 Edidit,
2388 4592 2586 4661 inquit,
2617 4594 2706 4647 ille
2740 4596 2791 4647 in
2849 4595 3092 4651 Psalmos
3149 4600 3556 4653 commentarios
3589 4598 3703 4652 Eu-

2128 4684 2256 4737 sebii
2296 4684 2661 4751 Cwsariensis,
2697 4704 2825 4757 quos
2881 4688 2945 4742 de
2984 4689 3165 4745 Graeco
3208 4692 3265 4746 in
3306 4690 3557 4746 Latinum
3588 4710 3703 4747 ver-

2129 4786 2286 4831 terat.
2312 4775 2450 4842 Quia
2492 4794 2624 4833 vero
2656 4779 2710 4832 hi
2750 4784 3130 4836 commentarii
3185 4785 3468 4840 erroribus
3514 4801 3703 4856 asper-

2130 4882 2245 4921 sam
2302 4868 2370 4923 de
2410 4867 2547 4923 Filio
2581 4869 2674 4925 Dei
2723 4873 3053 4926 sententiam
3104 4876 3308 4945 passim
3359 4876 3698 4947 praeferrent,

2129 4975 2193 5012 ea
2261 4962 2524 5030 espunxit
2590 4961 2953 5019 Vercellensis
3013 4983 3134 5036 quae
3197 4968 3455 5023 Arianam
3528 4970 3701 5025 luere-

2130 5050 2234 5103 sim
2301 5063 2589 5121 saperent,
2653 5053 2845 5109 eodem
2913 5063 3051 5111 teste
3120 5055 3452 5129 Hieronymo
3497 5057 3697 5115 Contra

2132 5140 2500 5210 Vigilantiam.
2535 5143 2593 5198 Si
2624 5145 2804 5213 igitur,
2837 5145 2933 5213 ait,
2972 5163 3088 5216 qute
3123 5147 3259 5201 bona
3278 5158 3400 5203 sunt
3424 5153 3694 5218 transtuli,

2126 5241 2176 5285 et
2205 5232 2348 5286 ntala
2378 5233 2456 5287 vel
2487 5237 2682 5303 aptari,
2718 5237 2792 5290 vel
2835 5239 3060 5301 correxi,
3092 5239 3169 5292 rel
3203 5241 3366 5305 tacui,
3396 5247 3696 5313 arguendos

2125 5340 2265 5386 sunt.
2288 5340 2384 5378 cur
2406 5341 2498 5393 per
2525 5342 2605 5379 me
2639 5325 2819 5381 Latini
2846 5327 2981 5382 bona
3022 5329 3136 5397 ejus
3170 5328 3417 5401 habeant,
3463 5345 3513 5387 et
3551 5337 3695 5390 mala

2123 5416 2401 5485 ignorent?
2431 5417 2520 5471 Sic
2547 5418 2641 5472 hoc
2665 5420 2862 5474 crimen
2899 5430 3007 5486 est,
3054 5433 3313 5493 arguatur
3349 5436 3399 5479 et
3429 5428 3698 5497 confessor

2126 5507 2389 5574 Hilarius,
2422 5511 2511 5577 qui
2544 5508 2885 5565 Psalmorum
2928 5516 3407 5582 interpretationem
3436 5528 3485 5572 et
3519 5518 3696 5573 homi-

2122 5603 2224 5656 lias
2251 5608 2302 5655 in
2330 5602 2433 5656 Job
2459 5620 2524 5657 ea:
2564 5604 2715 5659 libris
2748 5606 2884 5675 ejus,
2929 5608 2984 5659 id
3026 5618 3124 5674 est,
3152 5625 3217 5664 ea:
3244 5610 3424 5665 Graeco
3450 5613 3505 5665 in
3544 5612 3697 5666 Latio

2121 5710 2245 5745 num
2274 5695 2586 5760 transtulit;
2637 5697 2708 5749 sit
2755 5698 2810 5749 in
2861 5697 3016 5766 culpa
3067 5699 3301 5768 ejusdem
3348 5701 3692 5768 confessionis

516 5797 592 5867 (a)
620 5795 740 5862 Hic,
766 5808 819 5852 et
843 5795 987 5852 infra
1017 5810 1124 5848 non
1152 5795 1343 5855 semel,
1372 5802 1662 5867 revocatur
1694 5795 1869 5867 lector
1895 5793 1961 5847 ad
1990 5806 2250 5867 niimeros
2299 5791 2602 5867 crassiores
2629 5789 2771 5867 g_u_i__
2796 5791 3061 5867 librorum
3113 5793 3591 5849 Demonstrationts
3638 5802 3695 5847 et

445 5861 868 5934 Pt-aiparation's
897 5871 1064 5923 textui
1096 5868 1417 5921 inseruntur
1446 5864 1766 5935 l’atrulogia’
1794 5863 2211 5920 nostra'AGt'mcre
2239 5872 2369 5916 tom.
2402 5861 2521 5915 XXI
2548 5872 2602 5919 et
2638 5861 2794 5919 XXH.
2822 5864 2977 5921 Eutr.
