4020 6372
277 326 337 379 ιἹ
1062 321 1566 381 COMMENTARIA
1607 321 1675 378 IN
1715 322 2056 383 PSALMOS.
2098 356 2166 366 ——
2204 323 2746 381 FitA-LLIMINARlA.
3473 322 3536 374 18

279 440 646 505 i’ereellensis,
672 444 763 513 qui
790 442 1026 499 omnium
1066 440 1409 498 Psalmorum
1447 446 1855 499 commentarios
1886 464 1931 520 Α
1961 447 2121 517 vulgo
2152 449 2206 501 in
2238 448 2554 504 recensione
2587 461 2752 517 opera
2784 460 2893 500 non
2945 457 3117 515 pauca
3147 441 3263 513 ipse
3293 440 3374 496 vel
3404 456 3536 495 con-

269 533 495 587 haeretici
536 535 767 590 hominis
814 538 967 591 vertit
1013 535 1068 588 in
1120 544 1357 590 nostrum
1386 536 1684 607 eloquium;
1733 538 1853 592 licet

268 626 515 680 heretica
548 631 981 700 prsetermittens,
1004 628 1205 697 optima
1230 643 1446 698 quisque
1490 629 1849 684 transtulerit.

269 717 391 773 Haec
431 734 605 789 porro
636 718 861 775 Eusebii
895 718 1255 776 Vercellensis
1289 721 1668 791 interpretatio
1712 721 1853 793 jam-

268 809 358 863 diu
392 809 606 864 interiit
635 828 651 866 :
681 826 786 864 nec
815 810 1039 866 memini
1071 825 1156 865 me
1186 810 1401 879 uspiam
1431 810 1552 880 ejus
1583 812 1668 866 vel
1700 811 1853 867 codi-

266 917 377 967 ces,
412 903 498 957 vel
528 901 836 973 fragmenta
867 909 1168 958 memorata
1194 902 1638 972 deprehendisse.

600 1015 688 1065 IV.
710 1015 1059 1065 Theodoretus
1082 1027 1254 1063 eorum
1279 1012 1522 1063 meminit.

335 1118 741 1185 Theodoretus,
773 1136 882 1175 non
905 1119 1127 1190 quidem
1156 1130 1214 1173 ut
1235 1120 1397 1176 hodie
1416 1120 1472 1173 in
1511 1119 1852 1175 Psalmorum

1958 542 2102 595 sulto
2129 541 2327 607 mittit;
2364 550 2478 595 tum
2508 541 2633 611 quia
2661 581 2676 603 ,
2734 541 2811 593 uti
2845 553 3011 609 supra
3044 537 3249 592 dictum
3296 541 3381 589 est
3410 574 3424 597 ,
3467 548 3533 587 ex

1955 640 2272 689 catenarum
2304 649 2406 687 usu
2442 633 2580 688 bene
2610 633 2781 687 multa
2836 631 2893 685 in
2935 629 3276 698 Scripturam
3321 639 3536 682 sacram

1954 724 2350 780 commentaria
2379 739 2517 795 pene
2546 725 2946 779 obsoleverant.
2983 719 3224 791 Indeque
3243 718 3385 773 forte
3413 715 3537 770 fue—
3572 738 3575 739 ν

1955 818 2027 873 rit
2054 815 2197 888 quod
2229 825 2337 870 tam
2384 816 2702 885 infrequens
2764 813 2907 886 apud
2962 813 3263 882 scriptores
3316 807 3537 864 Graecos

1956 907 2152 961 horum
2184 906 2388 962 mentio
2416 914 2687 961 occurrat.

2557 1014 2787 1070 CAPUT
2845 1014 2931 1068 Ill.

1954 1125 2109 1165 1101's!
2148 1126 2427 1166 EUSEBIANI
2469 1125 2623 1165 STYLI
2662 1124 2729 1162 ET
2763 1123 2865 1162 ιΕνΙ
2897 1124 2949 1162 ιι(
2987 1122 3072 1162 IIIS
3113 1120 3529 1161 COIIENTARIIS.

266 1211 706 1281 Erpoﬁtionibus
742 1213 962 1280 ιθείιυτν
998 1227 1119 1283 qua3
1166 1213 1367 1282 9353i!“
1410 1221 1674 1268 "uncam
1711 1222 1765 1267 ει
1796 1215 1857 1269 in
1960 1226 2007 1281 I.
2050 1225 2124 1281 Hi
2161 1226 2524 1281 commentarii
2564 1233 2740 1293 aperte
2790 1222 3008 1293 Eusebii
3056 1230 3198 1293 sunt.
3238 1218 3389 1293 Μελ
3429 1219 3533 1293 Dg-

263 1306 651 1374 eompendium
708 1305 945 1361 redactae
996 1312 1156 1368 sunt,
1198 1312 1253 1361 et
1305 1305 1545 1376 quidem,
1579 1316 1639 1361 ιιι
1665 1308 1853 1377 conje-

264 1404 413 1451 etans
446 1397 578 1451 licet
599 1437 615 1460 ,
664 1413 696 1451 a
729 1398 994 1454 Graeculis
1024 1407 1338 1453 catenarum
1371 1400 1717 1464 auctoribus;
1756 1401 1851 1455 sed

266 1497 326 1542 ut
360 1487 431 1541 ab
481 1488 697 1558 Agellio
750 1490 1042 1555 laudatur,
1095 1506 1148 1560 p.
1198 1490 1337 1555 486,
1387 1492 1445 1545 in
1495 1491 1609 1545 haec
1658 1492 1851 1562 psalmi

266 1595 513 1636 uxxvm
544 1581 709 1637 verba
732 1601 745 1637 :
783 1581 860 1636 Tu
882 1599 999 1637 vero
1027 1582 1267 1650 repulisti
1284 1584 1650 1652 etdespexisti,
1676 1584 1851 1637 distu-

263 1671 377 1726 iisti
405 1671 681 1729 Christum
712 1684 862 1729 tuum
887 1692 905 1729 :
932 1677 1165 1730 euertisti
1200 1685 1568 1732 testamentum
1593 1679 1726 1732 servi
1752 1678 1848 1743 tui,

263 1765 567 1833 profanasti
615 1767 673 1820 in
717 1776 860 1822 terra
888 1769 1436 1839 sanctuariumejus,
1479 1769 1595 1823 haec
1642 1769 1845 1825 habet:

262 1858 523 1923 Εὐσέϐιος
558 1860 619 1914 δὲ
653 1862 735 1926 εὶς
759 1861 822 1914 τὸ
861 1861 1033 1926 πάθος
1062 1862 1155 1916 τοῦ
1180 1860 1418 1933 Χριστοῦ
1453 1862 1625 1915 ταῦτα
1657 1879 1849 1933 πειρα-

265 1950 376 2015 θεὶς
420 1951 636 2016 λαϐεῖν,
686 1952 811 2007 οὔτε
854 1954 1114 2008 διασῶσαι
1158 1954 1250 2008 τὸν
1295 1954 1484 2026 εἱρμὸν
1529 1954 1631 2025 τῆς
1675 1957 1851 2027 ἑρμη-

264 2042 407 2107 νείας
434 2044 703 2115 ἠδυνήθη,
749 2043 874 2098 οὔτε
916 2046 1227 2116 δυσφημίας
1273 2045 1548 2110 παντελῶς
1600 2047 1847 2101 ἀπαλλα-

266 2136 453 2206 γῆναι,
498 2137 550 2191 id
577 2144 683 2205 est,
718 2137 980 2192 Eusebius
1024 2148 1236 2203 autem,
1297 2155 1415 2192 cum
1466 2138 1577 2192 htec
1626 2140 1691 2190 de
1731 2155 1849 2208 pas-

266 2228 405 2281 sione
436 2226 643 2284 Christi
667 2230 935 2298 explicare
965 2232 1240 2284 tentaverit
1260 2271 1274 2293 ,
1307 2246 1468 2300 neque
1492 2230 1682 2284 seriem
1715 2248 1843 2286 nar-

268 2321 486 2374 rationis
524 2338 770 2386 seruare,
831 2338 996 2392 neque
1036 2320 1362 2390 blasphemia
1402 2322 1608 2389 penitus
1654 2338 1847 2377 vacuus

266 2426 373 2465 esse
414 2413 615 2481 potuit.
663 2411 818 2467 Hanc
857 2420 1038 2469 autem
1072 2412 1294 2469 Eusebii
1341 2413 1848 2483 inlerpretationem

268 2500 540 2560 idsissime
559 2513 872 2560 enarratam
902 2505 1093 2572 habes,
1130 2506 1270 2576 psal.
1302 2521 1567 2561 Lxxxvm.
1598 2506 1682 2561 An
1716 2521 1849 2563 vero

268 2591 351 2647 hic
377 2589 619 2651 Eusebio
656 2595 954 2665 impietatis
984 2606 1115 2652 nota
1157 2598 1284 2666 jure
1318 2597 1603 2663 inuratur,
1642 2614 1846 2665 necne,

268 2684 567 2753 expendere
608 2686 805 2742 inutile
832 2686 1035 2755 fuerit;
1073 2704 1200 2744 cum
1230 2691 1347 2760 ipse
1369 2697 1650 2746 temeratae
1677 2691 1848 2747 divini

272 2770 423 2830 Verbi
451 2777 719 2832 doctrinae
748 2786 935 2834 notam
972 2780 1023 2834 in
1080 2781 1201 2837 aliis
1245 2783 1417 2837 multo
1446 2783 1705 2854 liquidius
1764 2784 1849 2838 in-

271 2873 466 2932 currat,
503 2875 563 2921 ut
584 2882 688 2922 suo
721 2869 842 2923 loco
875 2870 1277 2938 comprobatur.

679 2979 740 3028 ν.
787 2980 1014 3031 Gelasius
1053 2992 1141 3030 eos
1163 2988 1419 3032 memorat.

332 3101 580 3159 Gelasius
607 3104 675 3160 de
702 3104 918 3161 duabus
943 3107 1154 3162 naturis
1198 3106 1255 3161 in
1282 3106 1522 3172 Christo,
1554 3107 1698 3164 inter
1744 3106 1848 3163 Pa-

266 3202 403 3250 trum
452 3197 771 3253 testimonia
799 3238 814 3264 ,
868 3197 1093 3255 Eusebii
1144 3200 1505 3259 Caesariensis
1553 3203 1733 3258 locum
1786 3202 1843 3257 in

265 3289 530 3357 psalmum
563 3289 840 3346 decimum
865 3293 1158 3363 septimum
1195 3294 1373 3359 aiiert,
1408 3297 1503 3367 qui
1539 3296 1619 3352 sic
1647 3296 1836 3352 habet:

265 3379 509 3453 Deusqui
528 3383 802 3437 inclinavit
822 3384 979 3440 caelos
1017 3394 1068 3439 et
1101 3385 1404 3454 descendit,
1454 3389 1738 3444 ascendens
1788 3392 1844 3445 in

259 3468 519 3525 hominem
539 3488 691 3541 quem
717 3476 1027 3543 assumpsit,
1049 3492 1199 3545 quem
1227 3494 1362 3531 nunc
1384 3478 1651 3533 cherubim
1671 3496 1842 3535 sermo

261 3562 516 3625 nominat,
538 3562 762 3615 evolavit
788 3579 909 3616 cum
950 3580 1030 3631 eo,
1055 3576 1333 3621 ascensum
1382 3569 1584 3637 faciens
1614 3586 1732 3624 cum
1760 3571 1844 3623 di-

257 3651 388 3705 vinis
418 3692 435 3718 ,
486 3654 896 3722 spiritualibus,
946 3656 1346 3728 obsequentibus
1400 3660 1503 3715 sibi
1549 3677 1841 3730 pennarum

255 3747 441 3812 ventis,
469 3746 602 3816 ipsis
623 3748 786 3801 etiam
827 3750 1127 3818 appellatis.
1177 3749 1282 3805 Ubi
1334 3753 1685 3822 paucioribus
1716 3771 1843 3811 sen-

250 3835 483 3888 tentiam
533 3835 824 3906 exprimit,
875 3852 1038 3907 quam
1074 3837 1275 3894 ibidem
1311 3841 1380 3893 ab
1406 3835 1640 3896 Eusebio
1668 3856 1842 3897 enun-

249 3925 421 3979 tiatur
438 3969 455 3993 ,
477 3928 586 3981 etsi
615 3928 804 3985 eadem
832 3944 1059 4000 prorsus
1077 3937 1255 3986 mente
1275 3938 1326 3986 et
1347 3931 1793 4001 interpretatione
1823 3953 1837 3988 :

246 4032 374 4071 nam
416 4015 695 4074 Eusebius
723 4020 924 4077 ibidem
968 4021 1327 4077 cherubinum
1360 4022 1511 4077 illum
1543 4024 1595 4078 in
1628 4026 1840 4094 psalmo

243 4118 661 4175 memoratum,
721 4129 823 4185 pro
874 4114 1216 4170 humanitate
1273 4113 1476 4170 Christi
1531 4116 1711 4172 habet.
1772 4116 1839 4183 Et

243 4201 411 4271 paulo
443 4209 575 4272 post
604 4202 746 4259 idem
774 4204 1026 4262 Gelasius
1082 4221 1149 4262 ex
1196 4206 1387 4262 eodem
1443 4209 1839 4263 commentario

246 4294 361 4350 hac
390 4294 596 4351 affert:
631 4294 691 4351 Si
710 4314 829 4352 vero
862 4298 1135 4367 jurantem
1171 4316 1292 4353 eum
1320 4298 1552 4353 audieris
1586 4315 1677 4369 per
1712 4318 1838 4354 san-

242 4400 387 4442 ctum
416 4398 471 4443 et
498 4388 715 4444 Patrem
742 4407 919 4455 suum,
949 4391 1081 4446 audi
1095 4393 1368 4462 jurantem
1392 4408 1483 4461 per
1509 4393 1676 4447 Deum
1708 4393 1835 4448 Ver-

2025 1298 2396 1351 monstrationi
2436 1288 2803 1367 euangelicws
2832 1292 2987 1367 Astylo
3029 1291 3249 1367 similes.
3290 1288 3409 1345 HI.
3453 1289 3534 1344 De

2023 1368 2160 1438 ston
2200 1367 2432 1423 Eusebii.
2465 1365 2493 1420 1
2509 1362 2587 1421 νς
2613 1362 3293 1438 Magiminicarniﬁcinam
3322 1368 3379 1414 ut
3405 1376 3533 1438 oeu-

2024 1431 2163 1493 latus
2203 1442 2348 1492 testis
2386 1446 2640 1491 memorat
2690 1434 2965 1489 Eusebius.
3020 1432 3082 1488 V.
3116 1431 3350 1493 Itemque
3394 1431 3531 1485 alio-

2024 1525 2142 1561 rum
2191 1508 2485 1563 Christiani
2534 1506 2763 1560 nominis
2813 1505 3065 1559 hostium.
3118 1500 3357 1563 VLQuo
3399 1512 3529 1556 tem.

2022 1595 2146 1649 pore
2172 1581 2264 1634 hos
2292 1577 2695 1633 commentarios
2726 1576 2969 1630 ediderit.

2204 1690 2243 1739 Ι.
2268 1690 2333 1740 Hi
2353 1686 2701 1741 Commentarii
2721 1691 2894 1749 aperte
2925 1683 3124 1735 Eusebii
3148 1688 3280 1734 sunt.

2024 1795 2068 1849 Α
2100 1793 2210 1850 Deo
2234 1794 2523 1849 manifesta
2551 1800 2604 1848 et
2645 1807 2742 1860 per
2774 1804 2834 1845 se
2865 1790 3012 1844 clara
3040 1803 3129 1843 res
3161 1794 3265 1849 est,
3289 1786 3392 1842 hos
3444 1784 3528 1856 ip-

1950 1889 2197 1945 sissimos
2228 1904 2350 1945 esse
2376 1881 2964 1943 EusebiiCassariensis
2985 1880 3425 1942 commentarios,
3465 1885 3527 1933 ut

1950 1996 2017 2036 ne
2053 1981 2137 2036 vel
2175 1980 2461 2034 minimum
2491 1976 2643 2033 dubii
2671 1974 2905 2031 eruditis
2924 1980 2979 2029 et
3010 1972 3299 2042 sagaeibus
3333 1970 3526 2025 adver-

1950 2088 2069 2129 sum
2126 2072 2366 2129 suboriri
2419 2068 2612 2141 possit.
2679 2064 2882 2123 Verum
2932 2063 3062 2136 quia
3110 2063 3217 2120 hoc
3265 2077 3381 2118 sevo
3414 2076 3527 2118 non

1949 2167 2130 2240 pauci,
2164 2173 2222 2220 ut
2252 2165 2570 2220 criticorum
2620 2177 2818 2217 nomen
2866 2160 2970 2216 sibi
3001 2158 3240 2229 pariant,
3271 2156 3340 2212 de
3368 2155 3526 2212 libris

1949 2274 2086 2329 quos
2126 2274 2196 2312 ne
2242 2257 2325 2313 vel
2359 2253 2691 2325 primoribus
2720 2251 2938 2321 quidem
2970 2249 3140 2304 labris
3189 2250 3522 2318 attigerunt,

1950 2349 2277 2407 sententiam
2306 2346 2449 2402 ferre
2486 2344 2629 2405 nihil
2654 2350 2913 2398 verentur
2939 2360 2951 2396 :
2995 2350 3048 2395 et
3077 2340 3254 2411 primo
3291 2355 3526 2411 conspe-

1948 2449 2039 2497 ctu
2077 2441 2150 2495 ita
2185 2439 2538 2512 pronuntiant
2570 2452 2584 2487 :
2629 2435 2746 2490 Non
2776 2433 2919 2503 sapit
2968 2434 3169 2504 stylum
3200 2432 3486 2503 scriptoris
3506 2475 3520 2499 ,

1949 2533 2231 2602 indignum
2263 2538 2490 2586 auctore
2519 2536 2707 2594 tanto;
2756 2543 2820 2582 ac
2846 2528 3168 2598 plerumque
3206 2525 3264 2580 in
3311 2532 3524 2596 partem

1948 2623 2182 2696 negandi
2213 2622 2568 2695 procliviores
2608 2630 2757 2685 sunt,
2790 2621 2918 2675 hinc
2955 2619 3061 2676 sibi
3086 2626 3410 2673 nasutorum
3444 2615 3524 2671 fa-

1948 2732 2093 2772 mam
2116 2715 2506 2771 conciliaturos
2528 2729 2653 2770 esse
2691 2713 2833 2779 rati,
2882 2712 3085 2783 quibus
3111 2725 3220 2765 non
3260 2709 3420 2765 facile
3451 2711 3526 2765 sit

1946 2808 2112 2863 verba
2150 2807 2317 2874 dare;
2348 2806 2472 2861 ideo
2502 2805 2662 2860 nobis
2690 2802 2896 2876 aliquid
2926 2803 2993 2859 de
3020 2800 3332 2856 Eusebiano
3383 2800 3523 2872 stylo

1948 2901 2034 2957 his
2064 2901 2121 2955 in
2147 2898 2562 2955 commentariis
2604 2897 2924 2969 conspicuo,
2958 2895 3134 2965 deque
3186 2892 3524 2950 manifestis-

1947 2993 2102 3050 simis
2134 2992 2335 3047 ibidem
2367 2989 2660 3046 Eusebiani
2693 2989 2792 3044 aevi
2840 2989 3019 3052 notis,
3049 2985 3355 3042 edisserere
3402 2984 3524 3039 ani-

1946 3099 2070 3141 mi].
2098 3091 2200 3139 est.

2126 3175 2189 3226 Π.
2214 3175 2633 3226 Demonstrationi
2666 3172 2968 3236 evangeliea
2987 3172 3117 3233 διδ-ιο
3134 3171 3345 3220 similes.

2014 3282 2159 3338 Nulli
2188 3298 2255 3338 ex
2280 3281 2500 3339 Eusebii
2528 3281 2785 3353 operibus
2822 3279 2895 3334 ita
2924 3278 3106 3333 affinis
3146 3278 3339 3332 horum
3372 3289 3523 3330 com-

1944 3375 2337 3431 mentariorum
2389 3374 2563 3446 stylus
2597 3380 2701 3438 est,
2733 3382 2794 3426 ut
2824 3372 3133 3442 evangelica:
3176 3369 3516 3423 Demonstra-

1945 3469 2075 3524 tioni
2104 3483 2122 3522 :
2168 3484 2277 3523 non
2312 3469 2473 3523 modo
2502 3468 2645 3523 enim
2675 3467 2943 3523 dictiones
2985 3474 3038 3519 et
3075 3461 3346 3517 tractandi
3382 3462 3521 3514 ratio

1944 3568 2280 3627 consonant,
2330 3559 2425 3615 sed
2462 3559 2622 3614 etiam
2655 3557 3061 3628 Seripturarum
3113 3552 3521 3623 interpretatio-

1942 3668 2063 3717 nes,
2090 3653 2360 3708 sententia
2409 3666 2643 3721 semper,
2667 3650 2845 3705 verbis
2875 3664 2983 3704 non
3018 3646 3394 3715 infrequenter
3445 3644 3520 3699 si-

1944 3745 2100 3801 miles
2157 3751 2304 3799 sunt.
2363 3745 2423 3798 In
2470 3742 2929 3798 Demonstratione
2988 3739 3119 3794 item
3169 3735 3468 3807 evangelica
3501 3772 3519 3798 ,

1942 3834 2168 3909 perinde
2198 3842 2361 3905 atque
2389 3835 2444 3888 in
2478 3834 2584 3890 hoc
2606 3830 3000 3888 commentario
3032 3827 3237 3898 passim
3273 3824 3520 3881 offendas

1941 3931 1999 3986 in
2052 3926 2207 3991 illud,
2239 3928 2455 3998 νοήσεις
2496 3926 2833 3995 ἐπιστήσας,
2881 3920 3134 3991 intelliges
3185 3920 3232 3972 si
3280 3917 3520 3972 animum

1942 4021 2280 4084 adhibueris,
2329 4020 2491 4090 inque
2541 4024 2826 4073 sexcentas
2872 4015 3007 4069 alias
3045 4010 3261 4068 dicendi
3310 4011 3519 4066 formu-

1939 4114 2060 4179 las,
2150 4114 2307 4183 queis
2368 4111 2638 4168 sermonis
2719 4110 2791 4165 ab
2848 4110 2955 4165 alio
3019 4107 3087 4162 ad
3139 4106 3287 4162 aliud
3345 4105 3519 4162 series

1938 4206 2308 4263 transfertur:
2356 4220 2519 4261 voces
2567 4203 2801 4259 Eusebio
2859 4202 3252 4272 frequentatas,
3286 4198 3520 4268 aliisque

1940 4298 2302 4369 scriptoribus
2327 4296 2511 4352 minus
2537 4296 2803 4358 usitatas,
2846 4294 2903 4348 in
2937 4301 3170 4362 utroque
3201 4305 3368 4361 opere
3409 4290 3519 4342 ritu

1940 4393 2056 4463 pari
2084 4390 2358 4446 adhibitas
2379 4387 2792 4459 deprehendas:
2823 4386 3218 4457 explicationes
3252 4382 3320 4437 de
3354 4379 3517 4436 Verbi

244 4481 392 4547 bum,
418 4480 564 4552 quod
585 4484 825 4537 omnibus
853 4485 1061 4539 steculis
1090 4487 1411 4555 prwexsistit
1439 4526 1454 4550 ,
1498 4495 1742 4540 sanctum
1785 4497 1835 4542 et
1868 4503 1911 4558 ι)
1941 4482 2248 4540 substantia
2276 4488 2331 4536 et
2358 4480 2561 4535 deitate
2594 4479 2668 4533 ita
2713 4477 3049 4541 consimiles,
3087 4483 3147 4530 ut
3175 4475 3319 4528 illico
3352 4486 3516 4526 unam

244 4574 587 4643 unigenitum
614 4573 728 4642 ejus
752 4571 957 4629 Filium
982 4616 996 4639 ,
1047 4592 1200 4647 quem
1248 4576 1416 4631 Deum
1463 4578 1606 4631 varie
1647 4578 1835 4633 locutce

243 4675 369 4720 sunt
392 4664 600 4718 dudum
626 4683 659 4718 a
679 4666 829 4719 nobis
849 4667 1134 4736 propositae
1152 4683 1299 4722 voces
1323 4682 1342 4721 :
1372 4683 1463 4736 per
1483 4684 1642 4739 quem
1677 4668 1835 4737 jurat

242 4755 387 4811 Deus
412 4766 463 4811 et
490 4756 653 4811 Pater
675 4757 788 4826 ejus
812 4766 1062 4829 tanquam
1082 4758 1332 4813 dilectum
1357 4776 1497 4825 eum,
1535 4760 1628 4830 qui
1648 4776 1713 4815 ea:
1753 4777 1837 4816 se-

243 4850 385 4903 mine
414 4848 590 4902 David
613 4858 713 4914 est,
744 4850 799 4904 in
819 4850 1089 4919 infinitum
1110 4851 1365 4906 sarculum
1394 4852 1794 4923 gloriﬁcaturus
1815 4890 1832 4917 ,

242 4940 385 5010 quod
408 4941 576 4995 etiam
613 4942 815 5010 factum
834 4949 935 5006 est,
959 4942 1170 5013 quando
1228 4943 1456 4998 Verbum
1494 4945 1834 4999 incarnatum

241 5047 367 5083 eum
390 5031 483 5101 qui
505 5046 573 5084 ea:
600 5032 801 5085 semine
826 5030 996 5085 Dauid
1019 5041 1099 5086 est
1136 5034 1459 5102 assumpsit,
1505 5042 1658 5103 atque
1682 5034 1836 5103 dei/i-

240 5132 366 5183 cat;
390 5123 531 5174 unde
556 5132 607 5176 et
628 5121 825 5176 Filium
849 5139 968 5177 eum
994 5124 1221 5193 appellat
1242 5123 1421 5179 dicens
1444 5141 1461 5178 :
1495 5144 1514 5179 ι
1544 5123 1655 5195 Ego
1678 5142 1766 5179 ero
1787 5125 1839 5179 ei

242 5215 295 5265 in
315 5212 614 5276 Patrem,et
629 5212 849 5280 ipseerit
864 5214 994 5269 mihi
1018 5216 1069 5268 in
1088 5214 1289 5269 Filium
1305 5214 1391 5286 (ΙΙ
1415 5213 1540 5285 Reg.
1566 5216 1782 5286 “1.14);
1809 5235 1828 5268 ο

241 5316 289 5358 et
318 5306 520 5359 iterum
543 5320 562 5359 :
590 5325 608 5357 ι
643 5305 754 5378 Ego
794 5308 1195 5377 primogenitum
1219 5325 1414 5377 ponam
1461 5308 1615 5362 illum
1654 5308 1830 5379 (Psal.

244 5412 515 5460 Luxvm,
553 5396 670 5466 28).
711 5418 729 5450 ι
784 5398 908 5456 Haec
943 5402 1072 5456 item
1104 5401 1425 5470 compendio
1454 5401 1834 5470 exprimuntur

245 5505 311 5544 ex
340 5490 797 5560 interpretatione
823 5494 1019 5563 psalmi
1052 5508 1318 5557 uxxvm,
1361 5494 1709 5565 maximeque
1766 5510 1831 5549 ex

247 5597 390 5636 vers.
422 5582 482 5645 4,
510 5583 568 5647 5,
600 5580 693 5646 36,
722 5584 792 5638 37
816 5593 870 5640 et
900 5585 990 5641 58.

314 5673 431 5733 Etsi
468 5690 603 5731 vero
631 5675 863 5732 Photius
892 5678 1036 5734 inter
1070 5677 1291 5734 Eusebii
1320 5693 1485 5749 opera
1531 5679 1634 5735 hos
1683 5693 1832 5735 com-

249 5769 544 5829 mentarios
576 5784 688 5825 non
714 5777 996 5827 recenseat
1020 5810 1036 5837 ,
1089 5771 1223 5826 nihil
1268 5772 1501 5839 mirum;
1557 5778 1673 5827 tum
1704 5770 1831 5842 quia

1938 4575 2157 4635 Eusebii
2193 4581 2452 4636 mentem,
2476 4586 2642 4626 unam
2689 4570 2979 4640 utrobique
3011 4583 3232 4623 manum
3264 4565 3513 4620 olfacias.

1935 4668 2141 4726 Verum
2174 4667 2364 4723 isthzee
2391 4663 2780 4722 exercitatione
2803 4664 2978 4735 prius,
3003 4676 3168 4733 quam
3200 4658 3511 4719 ratiocinio,

1938 4761 2118 4832 quivis
2151 4757 2389 4831 experiri
2419 4758 2597 4813 valeat
2633 4775 2647 4812 :
2686 4771 2865 4827 neque
2906 4755 2993 4810 his
3025 4753 3233 4809 diutius
3263 4751 3515 4806 insistere

1937 4854 2089 4919 libet,
2113 4851 2180 4907 de
2207 4851 2405 4922 quibus
2433 4849 2641 4907 nullam
2694 4862 2855 4918 spero
2879 4887 2895 4913 ,
2929 4846 3072 4918 apud
3101 4844 3356 4900 cordatos
3408 4840 3516 4896 sal-

1937 4954 2067 5011 tem,
2100 4944 2531 5001 controversiam
2562 4942 2824 4998 futuram.

2427 5033 2514 5085 III.
2548 5034 2626 5085 De
2642 5035 2774 5096 stylo
2796 5031 3018 5084 Eusebii.

2006 5141 2102 5195 Est
2135 5155 2300 5211 porro
2330 5138 2455 5209 styli
2490 5152 2663 5209 genus
2696 5134 2784 5190 hic
2815 5141 2875 5189 ut
2912 5134 2966 5187 in
3010 5130 3133 5185 aliis
3181 5128 3300 5198 ejus
3330 5126 3512 5196 operi-

1936 5234 2061 5296 bus,
2085 5233 2243 5302 quale
2265 5230 2526 5285 describit
2550 5227 2776 5282 Photius
2801 5227 2854 5278 in
2884 5224 3397 5281 Bibliotheca,num.
3423 5220 3507 5273 13:

1937 5327 2047 5399 Τὴν
2088 5327 2145 5379 δὲ
2181 5325 2378 5396 φράσιν
2420 5324 2519 5377 οὐκ
2549 5322 2696 5374 ἔστιν
2739 5317 3010 5387 οὐδαμοῦ,
3052 5312 3174 5366 οὔτε
3209 5311 3358 5383 ἡδὺςζ
3385 5310 3511 5363 οὔτε

1935 5414 2278 5486 λαμπρότητι
2338 5413 2562 5483 χαίρων.
2622 5406 2946 5477 Πολυμαθὴς
2996 5403 3052 5457 δέ
3090 5405 3237 5457 ἐστιν
3271 5406 3300 5455 ὁ
3345 5401 3507 5471 ἀνήρ,

1934 5509 2039 5562 hoc
2067 5516 2152 5561 est
2178 5525 2190 5560 :
2226 5505 2470 5559 Dictione
2498 5510 2671 5556 autem
2694 5515 2952 5575 nusquam
2971 5497 3160 5557 suavis
3185 5504 3298 5557 est,
3344 5508 3509 5562 neque

1933 5601 2194 5671 elegantia
2220 5608 2459 5653 ornatus.
2494 5594 2903 5649 Eruditissimus
2936 5600 3110 5643 tamen
3137 5588 3214 5642 vir
3242 5596 3339 5641 est.
3384 5582 3508 5654 Sty—

1933 5698 2020 5754 lus
2049 5697 2231 5768 itaque
2252 5695 2375 5765 ejus
2402 5690 2650 5748 nonnihil
2691 5687 2963 5760 strigosus
2991 5693 3045 5742 et
3077 5686 3368 5757 perplexus
3397 5686 3502 5742 est,

1934 5803 2044 5845 non
2078 5794 2191 5844 arte
2220 5785 2483 5842 limatus:
2517 5782 2691 5839 oratio
2738 5781 2941 5840 nedum
2987 5786 3245 5838 excurrat
3295 5777 3498 5835 libere,
