4020 6372
483 353 554 408 2'5
1123 351 1428 419 iEUSEBll
1467 356 1948 419 CESABIENSIS
1983 361 2137 420 OPP.
2178 354 2358 412 PARS
2397 353 2489 409 Ill.
2529 386 2600 396 —
2639 352 3054 410 EXEGETICA.
3670 359 3743 410 ιι

485 470 632 541 guris
663 472 1032 543 contingebant
1057 473 1166 528 iHis
1194 491 1211 527 :
1255 476 1454 544 scripta
1483 487 1606 530 sunt
1639 489 1815 534 autem
1859 482 1928 535 ad
1973 499 2068 535 no-
2100 486 2143 542 Α
2173 485 2260 530 rat
2297 474 2564 530 Eusebius
2589 473 2654 529 ad
2685 473 2952 544 psalmum
2983 469 3560 526 cxvtn.Theodoretus
3590 469 3742 536 item,

485 575 656 616 stram
685 563 1104 620 admonitionem
1131 566 1184 637 (I
1212 566 1337 623 Cor.
1376 586 1432 631 ι,
1461 570 1574 640 Η).
1601 569 1755 627 Unde
1786 570 2070 629 Tertullia-

487 671 593 709 nus
644 655 713 711 de
763 659 1172 715 resurrectione
1219 662 1424 726 carnis,
1479 662 1636 717 Talia
1680 665 1915 728 interim,
1969 668 2066 731 ait,

486 746 790 802 diuinarum
822 751 1011 804 virium
1036 751 1378 816 lineamenta,
1429 771 1532 808 non
1577 757 1750 811 minus
1796 758 2068 826 parabolis

488 848 703 906 operata
732 840 862 903 Deo.
887 859 1046 912 quam
1081 844 1277 898 locuto.
1311 841 1456 899 Inter
1479 847 1771 916 prOphetas
1804 857 1984 904 autem
2015 859 2070 906 et

486 941 815 999 praestantes
848 934 1018 999 viros,
1065 936 1160 1005 qui
1211 936 1267 989 in
1301 937 1466 992 veteri
1499 938 1614 1007 lege
1646 938 1854 994 Christi
1882 950 2068 1014 typum

488 1035 729 1090 gessere,
764 1039 925 1078 nemo
954 1025 1180 1096 propius
1210 1042 1498 1096 personam
1523 1028 1642 1096 ejus
1672 1031 1879 1093 retulit,
1907 1048 2069 1102 quam

491 1107 688 1176 David,
720 1131 918 1184 genere
950 1118 1078 1172 item
1132 1119 1512 1190 propinquior.
1559 1121 1729 1189 Cujus
1771 1138 1880 1177 non
1907 1125 2069 1179 modo

489 1213 665 1274 gesta,
712 1207 808 1262 sed
857 1208 1025 1263 etiam
1071 1209 1219 1264 dicta
1273 1211 1329 1265 in
1379 1210 1613 1268 Psalmis
1645 1216 1970 1284 praesertim,
2001 1217 2070 1270 ad

487 1299 697 1354 Christi
729 1315 1019 1370 personam
1065 1301 1480 1374 Ecclesiamque
1532 1306 1832 1376 pertinere,
1883 1307 2070 1364 divino

487 1390 664 1462 ipsius
703 1389 908 1447 Christi
935 1409 1030 1448 ore
1053 1393 1368 1451 didicimus.
1395 1393 1490 1451 Ille
1525 1412 1657 1451 vero
1686 1414 1884 1454 sensus
1904 1400 2070 1471 ἀλλη-

486 1483 838 1554 γορούμενος,
877 1485 992 1540 sive
1024 1488 1464 1558 mystagogicus.
1523 1505 1632 1544 non
1667 1505 1697 1544 a
1743 1490 2070 1548 Christianis

487 1575 674 1643 modo,
708 1576 805 1632 sed
831 1578 999 1632 etiam
1037 1593 1068 1632 a
1101 1578 1303 1635 Iudaeis
1326 1581 1602 1638 adhibitus
1642 1590 1727 1638 est
1775 1602 1788 1637 :
1831 1584 1933 1639 etsi
1967 1585 2066 1647 illi,

493 1675 555 1721 ut
611 1667 872 1723 obcaecati
909 1677 1072 1740 atque
1127 1673 1410 1727 sensilium
1463 1690 1644 1728 rerum
1691 1676 1832 1731 mole
1885 1678 2069 1732 obruti

487 1767 667 1824 erant,
700 1762 884 1814 omnia
920 1762 985 1816 ad
1020 1779 1108 1817 res
1135 1766 1519 1833 temporarias,
1570 1767 1811 1830 divitias,
1862 1769 2066 1823 terreni

2173 571 2266 640 qui
2301 571 2624 640 plerumque
2653 568 2720 621 ab
2750 565 3055 621 Eusebiana
3083 564 3527 635 interpretatione
3576 563 3740 619 deﬂe-

2171 663 2292 725 ctit,
2331 676 2441 715 non
2474 675 2598 714 raro
2634 668 2814 714 tamen
2852 660 2941 712 illa
2973 673 3112 728 pene
3157 657 3225 711 ad
3271 656 3498 711 verbum
3547 657 3740 718 utitur,

2173 755 2280 810 etsi
2304 753 2554 807 breviore
2584 759 2644 806 ut
2672 751 2970 821 plurimum
3005 748 3147 819 stylo
3171 765 3185 802 :
3222 763 3346 801 nam
3371 746 3656 809 Eusebius,
3684 754 3744 800 ut

2169 845 2281 914 jam
2337 844 2599 908 diximus,
2642 845 2725 897 ita”
2751 843 2994 914 prolixas
3027 841 3256 897 subinde
3285 840 3536 908 periodos
3567 837 3741 902 ducit,

2173 937 2265 990 vix
2291 944 2350 990 ut
2379 937 2576 992 seriem
2606 935 3007 1006 deprehendas,
3041 941 3094 989 et
3123 934 3216 988 ubi
3246 932 3566 987 sententiam
3593 929 3744 984 clau-

2172 1029 2265 1084 dat
2298 1044 2409 1082 non
2444 1029 2519 1082 ita
2551 1027 2708 1083 facile
2733 1027 3056 1096 comperias.
3092 1024 3291 1078 Asterii
3320 1038 3449 1077 vero
3477 1022 3743 1090 interpre—

2171 1118 2308 1172 tatio
2356 1117 2553 1186 psalmi
2607 1132 2682 1180 tv,
2743 1131 2907 1186 quam
2961 1113 3355 1170 commentario
3409 1111 3628 1167 Eusebii
3684 1111 3744 1165 in

2173 1209 2425 1264 eumdem
2461 1210 2730 1279 psalmum
2767 1206 3173 1276 subjunximus,
3223 1220 3252 1258 a
3297 1204 3529 1274 quodam
3580 1201 3746 1258 scho-

2172 1301 2332 1356 liaste
2361 1303 2575 1356 invecta
2605 1307 2710 1363 est,
2755 1299 2848 1372 qui
2890 1299 3164 1354 Asterium
3215 1297 3474 1350 Arianum
3510 1310 3630 1350 esse
3657 1296 3745 1348 in-

2171 1393 2342 1459 dicat,
2380 1394 2588 1448 scilicet
2622 1393 2922 1462 sophistam
2949 1391 3099 1444 illum
3131 1389 3535 1449 circulatorem.
3571 1390 3662 1457 qui
3685 1389 3745 1440 in

2173 1487 2312 1560 ipsis
2343 1486 2640 1542 Arianismi
2680 1485 2923 1540 exordiis
2967 1491 3157 1538 contra
3190 1483 3490 1537 catholicos
3526 1480 3746 1535 antisti-

2171 1591 2256 1638 tes
2288 1582 2581 1637 classicum
2625 1581 2875 1643 canebat,
2928 1587 2983 1634 et
3031 1578 3333 1633 doctrinam
3381 1577 3448 1632 de
3482 1576 3616 1631 Filio
3649 1577 3746 1630 Dei

2173 1672 2486 1744 spargebat,
2541 1671 2626 1727 vel
2674 1671 2792 1741 ipsa
2826 1670 3080 1724 Arianica
3115 1669 3457 1723 deteriorem.
3512 1666 3591 1720 Ex
3640 1672 3746 1720 hoc

2173 1774 2352 1820 autem
2378 1765 2677 1834 specimine
2699 1763 3097 1834 deprehendas,
3129 1763 3402 1816 Asterium
3435 1760 3634 1830 partim
3662 1761 3747 1813 lit-

488 1847 645 1916 regni
678 1847 1050 1912 latitudinem,
1082 1832 1296 1906 Messias
1341 1853 1427 1907 sui
1475 1856 1786 1924 imperium,
1839 1857 2068 1912 reduce-
2099 1832 2142 1887 Β
2173 1832 2424 1918 teralem,
2460 1857 2659 1927 partim
2695 1832 3128 1925 mvstagogicum
3179 1851 3574 1922 interpretandi
3623 1867 3747 1906 mo-

486 1947 610 1993 rent
645 1957 661 1994 :
689 1955 796 2009 qua
829 1941 885 1995 in
933 1958 994 1997 re
1037 1959 1065 1996 a
1092 1943 1244 2013 justa
1275 1946 1547 2017 allegoriae
1577 1949 1790 2003 ratione
1833 1949 2070 2005 immane

485 2039 754 2100 quantum
786 2034 1138 2091 aberrabant.
1177 2036 1452 2108 Allegoria
1487 2043 1709 2110 quippe,
1751 2040 1943 2112 ﬁgura,
1981 2050 2067 2112 ty-

489 2139 594 2193 pus
619 2131 676 2180 et
706 2128 920 2192 umbra,
949 2129 1102 2198 signa
1134 2138 1262 2185 sunt
1285 2147 1466 2186 rerum
1501 2148 1611 2188 non
1633 2134 1949 2189 earumdem
1983 2143 2068 2188 at-

483 2231 590 2286 que
625 2218 730 2273 illa:
770 2237 891 2290 qua:
937 2222 1212 2292 allegoriae
1265 2233 1320 2278 et
1368 2225 1481 2295 typi
1514 2241 1715 2281 munus
1759 2235 2062 2295 prtestant:

485 2309 690 2364 ateni‘m
743 2313 827 2367 vel
879 2313 997 2383 ipsa
1047 2315 1320 2386 allegoriae
1365 2333 1489 2384 vox,
1524 2319 1677 2388 signa
1722 2318 2061 2387 hujusmodi,

483 2413 602 2454 rem
631 2401 794 2456 aliam
826 2403 983 2471 longe
1011 2405 1308 2470 diversam,
1342 2408 1617 2479 disparem
1656 2417 1710 2465 et
1755 2410 2062 2481 digniorem

484 2492 802 2564 signiﬁcare
854 2499 1186 2554 subindicat.
1231 2500 1400 2556 Multo
1429 2503 1596 2572 igitur
1621 2506 1970 2575 praestantior
2007 2513 2062 2562 et

479 2586 664 2640 verior
707 2587 801 2642 illa
856 2589 1298 2647 Christianorum
1351 2595 1749 2665 interpretatio,
1809 2614 1919 2667 qua
1970 2614 2060 2653 res

478 2691 775 2748 corporeas
825 2688 879 2734 et
910 2683 1222 2748 sensibiles,
1277 2685 1345 2740 ad
1381 2686 1751 2758 intelligibiles
1782 2704 1847 2744 ac
1893 2691 2060 2745 cmle—

478 2776 613 2831 stes,
648 2771 906 2827 incolumi
938 2783 1116 2830 tamen
1141 2776 1335 2830 litterae
1357 2793 1542 2840 sensu,
1575 2778 1841 2834 referunt.

554 2860 668 2918 lloc
696 2879 826 2935 ergo
861 2881 1033 2936 genus
1071 2868 1469 2938 interpretandi
1501 2887 1712 2928 summe
1731 2880 1815 2928 est
1847 2873 1915 2928 ab
1946 2873 2057 2927 Eu-

477 2952 634 3007 sebio
660 2950 1085 3025 frequentatum.
1126 2957 1263 3012 lllud
1298 2969 1479 3015 autem
1510 2962 1824 3030 hujusmodi
1858 2971 1963 3027 est,
1996 2971 2058 3019 ut

475 3044 657 3099 sicubi
699 3046 911 3102 inimici
952 3049 1301 3120 insurgentes
1331 3062 1384 3106 et
1432 3054 1832 3109 tumultuantes
1872 3056 2056 3125 expri-

482 3144 727 3202 mantur,
762 3140 906 3209 quod
950 3141 1006 3195 in
1049 3143 1278 3212 psalmis
1311 3142 1758 3214 frequentissime
1787 3147 2052 3212 occurrit,

2170 1965 2284 2005 rem
2317 1955 2583 2004 sectatum
2621 1967 2633 2000 :
2670 1962 2771 2001 nec
2819 1947 2889 2001 iis
2942 1946 3141 2016 ingenii
3175 1945 3544 2014 doctrinaeque
3573 1946 3746 2014 parti-

2170 2037 2274 2093 bus
2310 2038 2662 2100 instructum,
2695 2052 2816 2106 quae
2846 2036 3080 2091 fuissent
3111 2035 3179 2088 ad
3214 2043 3423 2088 tantum
3453 2050 3591 2104 opus
3618 2050 3748 2105 per-

2170 2129 2461 2184 ﬁciendum
2495 2130 2652 2183 satis.
2709 2128 3044 2184 Scholiastes
3078 2144 3243 2198 porro
3290 2128 3379 2183 ille
3431 2143 3539 2182 non
3580 2129 3745 2182 Aste-

2167 2221 2517 2276 riummodo
2567 2222 2818 2276 Arianica
2866 2222 2987 2276 labe
3033 2236 3314 2287 aspersum
3364 2220 3601 2279 indicat,
3645 2221 3744 2274 sed

2168 2315 2333 2370 etiam
2363 2313 2681 2377 Eusebium,
2727 2315 2902 2368 sicubi
2952 2314 3020 2368 ad
3073 2312 3445 2366 Arianismum
3476 2311 3740 2376 deﬂectit,

2169 2414 2229 2460 ut
2254 2406 2518 2458 Arianqu
2551 2405 2808 2469 traducit,
2843 2413 2902 2458 ut
2936 2421 3036 2460 suo
3060 2406 3179 2458 loco
3203 2404 3407 2459 videas.

2165 2519 2246 2569 Vl.
2265 2517 2502 2580 .Antiquis
2541 2517 2897 2581 interpretibus
2923 2517 3214 2628 fil-equenter
3244 2515 3416 2564 utitur.
3435 2514 3556 2565 LXX
3583 2514 3744 2564 Inter—

2851 2593 2940 2628 nre
2965 2593 3036 2628 es.

2851 2593 3036 2643 pretes.

2232 2684 2378 2739 Nihil
2431 2694 2612 2741 autem
2667 2686 2754 2741 his
2801 2687 2858 2740 in
2907 2685 3318 2740 commentariis
3368 2685 3741 2753 praestantius,

2164 2779 2302 2833 nihil
2338 2779 2632 2848 pretiosius
2683 2777 3130 2848 frequentissimo
3165 2777 3258 2831 illo
3292 2783 3536 2831 veterum
3569 2777 3742 2830 inter-

2165 2878 2380 2941 pretum
2416 2887 2541 2930 usu.
2573 2872 2789 2926 Atenim
2823 2872 2997 2926 multo
3028 2872 3183 2939 plura
3212 2886 3279 2925 ex
3307 2870 3524 2939 Aquila,
3557 2867 3742 2924 Theo-

2163 2965 2385 3020 dotione
2441 2972 2494 3019 et
2538 2959 2868 3034 Symmacho
2919 2964 3076 3018 atiert
3127 2962 3419 3026 Eusebius,
3472 2978 3633 3032 quam
3683 2963 3744 3016 in

2167 3055 2350 3110 Drusii
2405 3057 2489 3112 vel
2534 3054 2735 3109 Nobilii
2787 3055 3202 3110 collectionibus
3246 3071 3476 3126 usquam
3521 3069 3743 3124 compa-

2167 3158 2344 3213 reant,
2377 3148 2451 3202 ita
2482 3154 2540 3200 ut
2574 3146 2695 3216 ejus
2725 3145 3057 3201 adminiculo
3086 3162 3194 3200 non
3235 3163 3360 3201 raro
3387 3149 3626 3218 psalmos
3659 3150 3746 3202 in-

475 3225 533 3280 id
563 3229 648 3283 vel
673 3228 738 3282 ad
761 3227 981 3287 ludaros
1014 3242 1208 3287 contra
1239 3234 1518 3290 Christum
1554 3235 1848 3291 frementes
1873 3246 1926 3291 et
1946 3252 2061 3291 ma-
2087 3223 2132 3283 (ἒ
2167 3250 2374 3311 tegros,
2405 3259 2473 3297 ex
2515 3242 2830 3314 Symmachi
2863 3242 3099 3297 maxime
3127 3241 3399 3304 versione,
3438 3250 3747 3298 restaurare

478 3317 805 3385 chinantes,
836 3323 920 3376 vel
944 3321 1012 3376 ad
1035 3321 1337 3378 Ecclesiam
1368 3327 1438 3381 ab
1467 3326 1741 3391 hostibus,
1783 3328 1992 3383 scilicet
2028 3344 2057 3381 a

483 3411 832 3482 principibus
860 3413 1027 3482 hujus
1054 3415 1261 3480 saeculi,
1316 3425 1410 3469 aut
1449 3431 1479 3469 a
1511 3416 1853 3472 daemonibus
1887 3433 2061 3487 oppu-

482 3509 725 3571 gnatam,
759 3502 841 3557 vel
871 3503 938 3557 ad
983 3503 1196 3559 ﬁdelem
1245 3507 1481 3560 animam
1513 3516 1764 3562 vexatam
1798 3525 1827 3562 a
1859 3511 2060 3578 spiriti-

480 3591 576 3646 bus
601 3593 922 3662 immundis,
957 3597 1227 3652 referatur
1265 3617 1278 3652 :
1315 3599 1360 3653 si
1396 3600 1517 3653 laeta
1547 3607 1601 3655 et
1647 3600 1891 3669 jucunda
1930 3601 2061 3657 ell‘e-

477 3692 696 3752 rantur,
747 3688 957 3743 C(BIeSti
1003 3686 1392 3762 Jerosolymze,
1445 3693 1561 3748 sive
1613 3691 1909 3758 Ecclesiae,
1963 3710 2060 3749 seu

477 3777 782 3834 Christiani
810 3780 1105 3849 cujuslibet
1132 3784 1350 3850 animae,
1374 3791 1549 3838 totum
1582 3785 1927 3840 adscribatur
1959 3805 1972 3840 :
2013 3786 2061 3840 si

482 3867 713 3923 ﬂumina
758 3871 1082 3927 inundantia
1114 3883 1509 3940 memorentur,
1560 3875 1613 3929 id
1654 3876 1722 3930 de
1765 3875 2060 3931 continenti

475 3961 546 4014 ad
595 3960 798 4016 Christi
854 3963 1158 4018 doctrinam
1205 3967 1445 4036 gentium
1474 3967 1824 4022 multitudine
1857 3967 2060 4023 intelli-

478 4059 660 4123 gatur.
691 4053 864 4120 Quam
893 4057 1219 4126 explanandi
1257 4059 1423 4124 viam,
1449 4075 1560 4113 non
1582 4057 1852 4116 Eusebius
1873 4062 2054 4126 modo,

476 4144 576 4198 sed
619 4144 784 4200 etiam
820 4145 1145 4202 Theodorus
1196 4146 1564 4214 Heracleotes,
1606 4148 2056 4220 Chrysostomus,

478 4233 862 4293 Theodoretus
908 4246 963 4294 et
1011 4239 1102 4292 alii
1137 4239 1384 4310 plerique
1418 4240 1612 4295 sectati
1663 4249 1812 4306 sunt,
1862 4255 1968 4309 qua
2001 4241 2057 4294 in

477 4335 638 4399 parte
685 4327 732 4382 si
782 4343 953 4383 unum
1004 4331 1181 4392 noris,
1227 4345 1420 4384 omnes
1451 4329 1622 4384 noris.
1654 4329 1842 4400 Neque
1876 4342 2058 4386 tamen

476 4419 635 4473 inter
693 4422 1098 4491 mystagogicas
1172 4422 1654 4491 interpretationes
1708 4425 2060 4490 accensendze

475 4509 609 4574 illae,
634 4526 757 4581 qua:
789 4512 1027 4566 litteram
1057 4513 1230 4584 ipsam
1255 4514 1319 4567 ad
1353 4529 1520 4568 unum
1549 4514 1825 4569 Christum
1860 4516 2054 4571 referri

2167 3334 2354 3388 liceat.
2405 3335 2532 3390 Illas
2581 3350 2748 3404 porro
2785 3333 3070 3389 versiones
3123 3333 3287 3387 modo
3319 3332 3385 3386 ad
3430 3333 3741 3398 litteralem,

2167 3426 2332 3481 modo
2383 3427 2450 3482 ad
2511 3428 2936 3498 mystagogicam
3003 3427 3356 3481 asserendam
3415 3427 3742 3482 sententiam

2169 3526 2398 3587 usurpat
2432 3538 2444 3572 :
2479 3533 2872 3589 nonnunquam
2903 3518 2968 3572 ad
3011 3518 3197 3572 decem
3228 3533 3421 3573 versus
3456 3533 3563 3572 una
3603 3520 3748 3574 serie

2165 3609 2323 3665 affert
2357 3629 2369 3664 :
2405 3612 2886 3681 expositionesque
2929 3625 3117 3664 eorum
3175 3606 3532 3680 Septuaginta
3571 3609 3746 3666 Inter-

2166 3707 2380 3768 pretum
2415 3702 2658 3756 versioni
2713 3700 3123 3770 anteponendas
3181 3701 3378 3754 asserit
3402 3700 3544 3754 haud
3573 3700 3748 3755 infre-

2165 3799 2415 3861 quenter.
2447 3793 2698 3863 Aquilam
2731 3793 3014 3848 chraicaa
3038 3793 3233 3847 litterae
3258 3792 3748 3856 servientem,6ouo

2166 3885 2389 3940 λεύοντα
2411 3889 2476 3957 τῇ
2523 3886 2786 3958 Ἐϐραῖκῇ
2818 3887 2984 3954 λέξει,
3018 3887 3104 3941 hic
3128 3895 3181 3942 et
3207 3889 3263 3941 in
3307 3886 3601 3956 evangelica
3639 3884 3746 3939 De-

2166 3979 2547 4032 monstratione
2580 3980 2767 4035 multis
2798 3982 2851 4035 in
2884 3981 3021 4036 locis
3057 3986 3362 4050 nuncupat.
3399 3977 3449 4034 ls
3485 3978 3745 4032 nimirum

2165 4073 2241 4125 ita
2291 4071 2482 4126 littera:
2526 4071 2706 4135 haesit,
2741 4080 2801 4127 ut
2833 4073 2963 4127 dum
3007 4073 3171 4128 verba
3219 4072 3490 4136 redderet,
3525 4078 3748 4125 senten-

2168 4164 2302 4216 tiam
2337 4179 2445 4218 non
2478 4164 2552 4217 ita
2583 4165 2880 4218 curaverit.
2917 4162 3303 4235 Symmachum
3351 4178 3490 4233 saepe
3520 4162 3745 4215 mirabi-

2167 4252 2270 4305 lem
2288 4253 2420 4306 dicit
2451 4253 2824 4322 interpretem,
2848 4253 3076 4322 ejusque
3101 4253 3352 4308 versione
3376 4254 3547 4306 utitur
3572 4253 3746 4307 liben-

2165 4342 2296 4403 tius,
2329 4341 2671 4411 frequentius
2704 4350 2758 4396 et
2786 4344 3083 4411 copiosius.
3120 4342 3326 4397 Ambos
3356 4351 3539 4397 tamen
3576 4342 3652 4395 ait
3684 4342 3742 4396 in

2167 4437 2394 4504 gratiam
2425 4434 2740 4490 Iudaeorum
2788 4437 3106 4508 prOphetias
3127 4436 3194 4492 de
3224 4437 3445 4492 Christo
3484 4437 3645 4489 aliam
3684 4437 3741 4490 in

2165 4529 2492 4582 sententiam
2549 4529 2830 4583 derivasse
2900 4548 2911 4582 :
2987 4529 3438 4602 Ἰουδαῖκώτερον,
3488 4531 3569 4584 sic
3628 4529 3740 4593 ille,

474 4615 580 4656 nec
632 4600 1009 4672 infrequenter
1054 4604 1450 4672 comprobant;
1492 4611 1552 4658 ut
1583 4607 1817 4675 exempli
1862 4622 2051 4670 causa,

2178 4620 2408 4683 Ἀκύλας
2441 4621 2537 4675 καὶ
2568 4622 2857 4693 Σύμμαχος
2889 4623 2987 4694 τὴν
3036 4600 3335 4695 ἐρμηνείανή
3379 4620 3738 4684 ὲκτεΘείκασι,

475 4705 602 4746 cum
625 4687 901 4748 Eusebius
937 4693 1208 4765 psalmum
1240 4712 1375 4759 xvn,
1409 4695 1572 4761 Deus,
1607 4696 1748 4751 Deus
1777 4715 1944 4764 meus,
1973 4716 2057 4753 re-

473 4783 618 4852 spice
642 4783 696 4836 in
730 4800 832 4848 me,
869 4784 927 4838 in
971 4799 1082 4838 uno
1113 4786 1334 4840 Christo
1366 4785 1646 4855 impletum
1678 4801 1800 4841 esse
1829 4802 2052 4842 asseve-

471 4881 561 4927 rat
593 4893 606 4929 :
641 4875 696 4929 in
731 4874 836 4930 hoc
864 4877 1011 4930 enim
1039 4884 1094 4931 et
1121 4877 1176 4930 in
1199 4877 1495 4943 similibus,
1549 4887 1606 4932 ut
1648 4893 1808 4933 nemo
1833 4893 1944 4932 non
1977 4879 2057 4931 fa-

470 4975 677 5033 teatur,
709 4984 907 5026 sensus
931 4970 1048 5038 ipse
1069 4969 1322 5023 litteralis
1351 4968 1634 5024 Christum
1657 4969 1901 5040 respicit.
1928 4969 2054 5025 Haec

470 5059 539 5116 de
572 5060 969 5132 interpretandi
1002 5061 1112 5116 ritu
1137 5061 1283 5116 dicta
1314 5070 1499 5116 sunto.

599 5170 658 5220 ν.
689 5171 935 5222 Eusebius
955 5171 1226 5235 Origenem
1252 5173 1498 5234 sequitur,
1527 5172 1612 5224 alii
1643 5173 1928 5224 Eusebium.

539 5250 813 5307 Caeterum
865 5253 1140 5310 Eusebius
1191 5253 1441 5325 Origcnis
1489 5257 1862 5326 expositiones
1910 5256 2054 5311 haud

469 5345 707 5401 obscure
761 5356 1028 5416 sectatur,
1065 5357 1179 5403 tam
1217 5349 1364 5419 quod
1414 5349 1482 5402 ad
1516 5348 1689 5417 ipsam
1722 5350 2051 5419 explanandi

469 5439 761 5503 rationem,
813 5456 977 5512 quam
1023 5444 1172 5512 quod
1215 5443 1284 5498 ad
1311 5443 1602 5498 verborum
1637 5442 1874 5506 seriem;
1907 5451 1966 5496 ut
1997 5445 2054 5498 in

469 5531 866 5600 manuscriptis
916 5541 972 5587 et
1022 5533 1186 5589 editis
1238 5535 1450 5590 catenis
1505 5532 1688 5586 videre
1728 5539 1810 5585 est
1859 5551 1871 5585 :
1924 5549 2052 5586 nam

471 5623 905 5678 commentarios
939 5625 1196 5696 Origcnis
1222 5627 1416 5696 plenos
1450 5626 1799 5695 integrosque
1839 5624 2051 5694 jamdiu

470 5711 757 5775 amisimus
790 5732 804 5768 :
839 5715 962 5784 ejus
995 5731 1161 5787 porro
1185 5718 1608 5774 commentarios
1641 5716 1810 5773 semel
1849 5732 2052 5772 memo-

539 5829 614 5889 (a)
637 5812 768 5892 ἴδει.
789 5825 848 5881 δι
863 5831 917 5887 θ.

2165 4709 2218 4762 id
2243 4718 2345 4773 est,
2380 4709 2541 4763 Modo
2584 4711 2652 4764 ad
2694 4710 2981 4764 Iudaicam
3011 4713 3304 4764 doctrinam
3344 4712 3558 4780 propius
3590 4726 3740 4763 acce-

2163 4799 2336 4865 dente,
2370 4802 2566 4871 Aquila
2598 4813 2647 4856 et
2679 4801 3030 4870 Symmachus
3071 4803 3403 4870 interpretati
3431 4812 3572 4855 sunt.
3605 4799 3741 4852 Nam

2164 4891 2218 4944 in
2254 4891 2716 4947 Demonstratione
2760 4893 3059 4964 evangelica
3091 4893 3166 4963 (a)
3211 4894 3283 4946 ait
3318 4902 3609 4960 utrumque
3638 4889 3736 4945 Ju-

2164 4983 2341 5039 daeum
2375 4992 2470 5038 aut
2508 4985 2918 5040 semi-Juda'um
2943 4985 3580 5040 fuisse.Theodotionem
3614 4999 3740 5038 cum

2164 5077 2327 5131 laude
2376 5086 2679 5143 memorat,
2738 5086 2791 5132 et
2851 5086 3166 5131 accuratum
3227 5077 3580 5146 interpretem
3642 5075 3736 5128 ait.

2163 5165 2366 5232 Quinta
2400 5167 2582 5221 minus
2609 5165 2943 5236 frequenter,
2977 5163 3139 5219 Sexta
3169 5180 3298 5219 vero
3339 5165 3622 5218 rarissime
3655 5164 3742 5215 in-

2161 5258 2647 5327 terpretationibus
2703 5258 2896 5313 utitur.
2932 5256 3101 5310 Notas
3146 5257 3200 5310 in
3250 5255 3568 5324 hujusmodi
3616 5269 3741 5307 ver.

2163 5351 2348 5406 siones
2379 5365 2533 5404 raras
2557 5358 2611 5404 et
2637 5349 2992 5404 brevissimus
3015 5350 3265 5404 dedimus
3294 5368 3305 5401 :
3339 5349 3465 5417 quia
3492 5363 3521 5400 a
3552 5347 3740 5401 multis

2155 5443 2269 5513 jam
2321 5442 2482 5497 annis
2533 5441 2601 5494 ad
2648 5440 3014 5510 llexaplorum
3071 5447 3324 5508 excerpta
3353 5456 3419 5493 ex
3451 5437 3740 5493 codicibus

2160 5550 2284 5588 cum
2341 5535 2503 5590 editis
2554 5541 2668 5588 tum
2725 5533 3119 5602 manuscriptis
3161 5530 3465 5598 colligenda
3493 5531 3738 5584 animum

2160 5624 2344 5695 appuli
2395 5644 2410 5679 z
2461 5624 2716 5695 quodque
2775 5623 2942 5678 habui
3005 5623 3218 5678 caeteris
3265 5639 3386 5692 qua:
3432 5619 3738 5674 tractabam

2162 5719 2284 5784 otii,
2323 5719 2452 5774 huic
2487 5718 2784 5788 provinciae
2835 5718 3149 5774 consecravi
3189 5736 3202 5772 :
3239 5727 3288 5772 et
3320 5717 3430 5786 jam
3463 5723 3614 5769 tanta
3641 5729 3742 5769 eoo
