4020 6372
1142 320 1657 385 COMMENTABIA
1697 327 1764 383 ΙΝ
1800 327 2137 388 PSALMOS.
2171 364 2242 395 -_—
2272 333 2818 393 PRELIMINARIA.

340 447 470 488 rum
504 447 753 491 accessio
779 427 927 492 facta
955 443 1062 504 est,
1090 440 1486 527 utquadruplo
1538 447 1730 502 saltem
1781 448 1884 519 ριυι

1987 458 2012 511 ι
2042 447 2216 519 θρασὺ
2247 450 2341 504 καὶ
2372 451 2661 522 προπετές.
2687 450 2920 505 arbitror
2953 453 3089 509 illud
3119 471 3252 522 esse,
3280 462 3625 527 pronuntiare

337 538 521 593 penes
542 540 645 581 nos
672 526 998 591 habeamus.
1024 526 1189 601 quam
1212 533 1469 592 Nobilius
1492 546 1548 591 et
1573 537 1801 594 Drusius
1828 540 1937 595 edi-

335 613 550 671 derint.
602 615 706 675 His
752 620 1066 690 propediem
1119 634 1451 695 postremam
1489 630 1780 687 admovere
1815 649 1932 687 ma-

334 718 497 768 num,
516 721 692 778 eaque
713 710 996 779 publicare
1026 716 1243 773 animus
1271 728 1377 775 est.
1396 720 1578 786 Quare
1608 737 1636 775 a
1670 723 1934 791 prolixio-

332 794 495 851 ribus
541 798 598 853 in
649 808 866 859 veteres
925 804 1253 875 interpretes
1289 813 1439 867 notis
1469 813 1722 868 consulto
1760 815 1933 871 absti-

330 889 585 954 nuimus,
610 908 682 948 ne
708 895 813 949 sub
851 895 969 951 haec
998 906 1179 954 actum
1217 916 1377 973 agere
1406 919 1748 974 cogeremur.

396 980 494 1035 Ait
525 981 799 1043 Eusebius
832 987 1187 1061 Septuaginta
1228 990 1558 1064 interpretes
1596 1011 1721 1052 cum
1743 997 1927 1057 Ptole-

324 1072 816 1149 maiPhiladelpbi
844 1088 1089 1152 tempore
1121 1085 1399 1141 vertendis
1429 1085 1727 1157 Scriptura;
1756 1106 1927 1146 sacrae

325 1163 488 1220 libris
518 1182 746 1238 operam
780 1170 999 1239 darent,
1026 1176 1147 1231 loca
1195 1178 1468 1247 quaedam,
1505 1184 1663 1250 queis
1717 1180 1923 1238 Christi

323 1265 485 1314 ortus
535 1263 785 1329 apertius
839 1267 1324 1334 praenuntiaretur,
1372 1285 1439 1325 ne
1481 1271 1536 1325 in
1583 1269 1918 1338 Graecorum,

319 1349 527 1418 quibus
560 1354 749 1408 versio
780 1358 1097 1426 parabatur,
1132 1360 1384 1414 notitiam
1410 1363 1685 1426 venirent,
1720 1365 1921 1420 obscu—

317 1454 439 1497 nus
468 1443 868 1516 interpretatos
922 1465 1065 1506 esse.
1103 1450 1221 1519 Qua
1263 1454 1332 1509 de
1365 1469 1424 1509 re
1462 1454 1744 1511 adeundus
1778 1456 1912 1527 ipse.

315 1550 444 1590 cum
486 1539 690 1607 psalmi
732 1556 960 1608 Lxxxvt,
1001 1542 1377 1601 Fundamenta
1419 1547 1535 1618 ejus
1568 1549 1622 1602 in
1652 1549 1915 1603 montibus

312 1631 542 1697 sanctis,
579 1636 980 1704 expositionem
1024 1639 1156 1694 edit.
1190 1638 1299 1696 Nec
1331 1643 1549 1698 silentio
1579 1645 1912 1700 mittendum

308 1730 419 1787 est,
445 1722 752 1781 Eusebium
778 1743 1024 1800 persaepe
1050 1730 1348 1805 Scripturte
1382 1752 1551 1792 sacrae
1577 1738 1695 1793 loca
1722 1754 1903 1804 secus,

2039 540 2366 609 conﬁdenter
2393 543 2626 597 divinam
2671 542 3007 613 Scripturam
3039 546 3247 616 lapsam
3278 567 3411 617 esse,
3443 563 3493 607 et
3517 555 3625 608 tale

2037 631 2221 685 vitium
2265 633 2534 702 praeferre,
2559 644 2618 688 ut
2641 651 2738 705 pro
2761 637 2873 690 uiro
2898 639 3194 711 alienigena
3232 643 3478 699 sacerdos
3510 644 3621 699 Da-

2035 723 2164 776 mini
2192 734 2439 790 ponatur,
2473 742 2591 779 cum
2638 729 2871 783 maxime
2904 728 3170 785 Hebraica
3215 732 3367 788 lectio
3411 744 3460 788 et
3493 736 3620 790 reli-

2030 813 2122 882 qui
2153 813 2456 882 interpretes
2498 832 2674 870 omnes
2717 817 3048 873 Achimelech
3081 822 3481 893 circumferant.
3511 816 3617 881 Ubi

2030 911 2188 960 notes
2250 904 2412 960 velim
2464 904 2788 961 Hebraicam
2844 909 3134 965 lectionem
3188 914 3352 971 hodie
3390 899 3617 999 1523’s.»

2027 992 2402 1059 circumferre,
2432 1005 2485 1051 et
2513 997 2569 1052 in
2610 996 2817 1054 Graecis
2854 999 3047 1057 Bibliis
3084 1004 3374 1076 Ἀὁιμέλεχ
3414 992 3428 1038 ί
3467 1006 3613 1062 unde

2026 1091 2173 1154 patet
2200 1084 2420 1143 Eusebii
2444 1090 2778 1159 exemplaria
2808 1090 3080 1148 diversam
3117 1096 3186 1150 ab
3207 1112 3290 1163 ea,
3321 1114 3441 1167 quae
3464 1114 3612 1154 nunc

2024 1172 2276 1241 habetur,
2314 1175 2603 1232 lectionem
2659 1181 2989 1249 prietulisse.
3066 1178 3194 1235 Utut
3259 1203 3390 1243 vero
3440 1190 3510 1245 sit
3541 1191 3611 1247 de

2022 1263 2244 1321 Eusebii
2279 1267 2335 1321 in
2369 1277 2727 1325 memoratum
2761 1274 2983 1328 titulum
3018 1277 3301 1347 opinione,
3334 1296 3456 1351 quae
3486 1281 3605 1337 for-

2020 1358 2187 1415 tassis
2219 1374 2328 1415 non
2376 1363 2630 1418 omnibus
2664 1365 2930 1435 placitura
2981 1378 3086 1433 est,
3138 1380 3293 1441 putat
3322 1390 3456 1431 sane
3513 1376 3606 1431 ille

2017 1448 2175 1505 nefas
2219 1465 2341 1507 esse
2371 1452 2586 1518 vitium,
2621 1455 2667 1510 si
2700 1456 2846 1525 quod
2877 1458 2961 1513 vel
2996 1460 3282 1517 minimum
3315 1465 3513 1534 subsit,
3548 1469 3603 1525 in

2016 1540 2339 1611 scriptorem
2370 1558 2590 1599 sacrum
2622 1546 2935 1603 refundere.

2198 1650 2262 1701 II.
2286 1653 2575 1704 Sanctorum
2597 1659 2777 1707 merita
2800 1659 2941 1709 nobis
2966 1663 3207 1724 prodesse
3234 1672 3392 1728 putat.

404 1779 418 1787 ι
510 1817 525 1829 _
547 1779 584 1781 η
643 1779 648 1780 ί
780 1779 1022 1835 τ’-ῖἺν
1051 1779 1348 1840 τ’·ζιωτνν
1382 1779 1550 1792 ν“ν’“”
1578 1779 1695 1793 ”ν”“·
1722 1779 1903 1804 °“"°’
1942 1808 1984 1867 Β
2082 1779 2174 1834 Ait
2213 1796 2323 1836 non
2369 1784 2538 1838 semel
2567 1783 2837 1843 Eusebius
2867 1798 3208 1857 sanctorum,
3240 1793 3355 1850 sive
3388 1806 3595 1870 marty.

310 1829 477 1884 quam
509 1834 570 1871 in
602 1822 1011 1890 exemplaribus
1045 1824 1327 1883 hodiernus
1388 1828 1663 1899 leguntur,
1693 1830 1905 1899 afferre.
2016 1885 2135 1899 ....._
2181 1873 2293 1899 ..:....
2318 1874 2545 1899 -.:-_.-_.
2572 1876 2939 1899 n-----__.-,,
3071 1884 3085 1899 .
3206 1888 3215 1897 .
3493 1889 3525 1899 .,

306 1907 511 1974 partim
578 1910 729 1979 quod
789 1916 1122 1986 exemplaria
1184 1935 1281 1973 sua
1340 1923 1548 1975 variam
1606 1922 1896 1979 lectionem

304 1996 661 2064 praferrent,
705 2004 907 2071 partim
973 2007 1119 2076 quod
1177 2009 1269 2065 ille
1330 2027 1722 2083 nonnunquam
1778 2014 1897 2070 sine

301 2087 513 2157 praevia
575 2091 883 2150 monitione
933 2097 1170 2154 aliorum
1224 2101 1579 2172 interpretum
1632 2106 1895 2163 lectiones

301 2175 617 2235 admisceat
652 2200 669 2238 :
706 2185 905 2252 partim
939 2188 1102 2242 etiam
1138 2192 1280 2260 quod
1325 2193 1646 2266 plerumque
1688 2212 1895 2253 memo-

300 2271 439 2327 riter
480 2271 894 2345 Scripturarum
928 2280 1071 2336 dicta
1104 2286 1373 2353 enuntiet,
1407 2302 1471 2344 ac
1510 2305 1811 2363 synonyma
1840 2302 1893 2349 et

298 2368 570 2420 extranea
606 2368 774 2423 verba
808 2369 1121 2429 interserat.

937 2485 1166 2541 CAPUT
1207 2486 1274 2544 ν.

464 2586 538 2626 »ε
566 2588 738 2632 BEBUS
771 2591 1080 2633 DOCTRINAM
1115 2596 1509 2641 SPECTANTIBUS
1543 2602 1597 2641 ΙΝ
1627 2603 1726 2644 HOC

901 2663 1305 2708 COIIENTARIO.

293 2748 351 2810 Ι.
381 2752 452 2827 In
479 2757 839 2827 scriptoribus
872 2764 1040 2818 sacris
1072 2781 1136 2818 ne
1170 2767 1443 2821 minimum
1481 2770 1663 2824 vitium
1694 2772 1890 2827 admit-

370 2826 439 2877 tit
468 2824 869 2912 Eusebips."ll.
897 2832 1222 2912 Sanctorum
1243 2839 1430 2912 merita
1464 2840 1612 2894 nobis
1642 2824 1889 2912 prodesse

365 2905 563 2981 πρωί..
584 2897 706 2981 Ill.
751 2899 941 2981 Veram
968 2904 1178 2981 Christi
1205 2906 1621 2981 in__Eucharistia
1643 2897 1889 2981 'prtesen;

365 2966 791 3040 t_i_am_declarat.
824 2970 926 3026 IV.
956 2974 1098 3040 Quid
1126 2976 1190 3029 de
1224 2977 1385 3031 libero
1417 2966 1881 3040 arbitrio'sentiat.

376 3033 444 3089 γ.
464 3037 731 3113 _Cratiam
770 3033 1143 3113 indiﬁerentite
1174 3047 1245 3099 ad
1276 3033 1887 3113 utrumlibet-scuram;

363 3107 606 3189 sutilem,
627 3110 805 3194 docet.
826 3107 921 3166 VI.
958 3113 1030 3169 Et
1061 3107 1720 3193 prcedestinationem'post
1744 3107 1884 3194 prte-

360 3192 482 3231 nsa
504 3189 718 3234 merita.

360 3286 525 3345 Haud
585 3291 862 3363 ingratum
912 3296 1105 3352 lectori
1162 3299 1279 3356 fore
1324 3318 1631 3374 speramus,
1681 3309 1727 3366 si
1760 3325 1883 3381 qua:

292 3382 533 3450 sparsim
564 3385 846 3456 variisque
879 3388 934 3441 in
970 3389 1127 3454 locis,
1157 3409 1268 3463 quo
1320 3394 1435 3453 fors
1481 3400 1625 3465 tulit,
1658 3402 1881 3460 inducta

290 3485 421 3528 sunt
470 3474 744 3533 doctrinae
791 3481 992 3550 capita,
1040 3482 1129 3537 hic
1183 3486 1241 3539 in
1292 3504 1461 3544 unum
1510 3493 1739 3549 collecta
1777 3494 1880 3566 ipsi

290 3564 617 3632 oﬂeramus,
647 3584 773 3624 cum
813 3572 880 3625 ad
916 3589 1136 3630 manum
1166 3578 1327 3635 nobis
1357 3581 1431 3636 sit
1462 3598 1549 3648 ea,
1584 3601 1705 3655 qua:
1740 3588 1881 3645 assi-

287 3650 397 3705 dua
446 3656 780 3713 tractatione
824 3659 955 3716 hinc
988 3661 1116 3719 inde
1142 3664 1541 3739 decerpsimus,
1572 3690 1682 3730 una
1728 3693 1880 3732 com-

285 3743 487 3811 plecti;
534 3754 597 3800 ut
641 3747 831 3830 labore
880 3752 1140 3809 diuturno
1180 3766 1335 3827 parta
1383 3761 1644 3822 harumce
1692 3782 1875 3823 rerum

286 3834 507 3902 notitia,
577 3839 813 3896 eruditis
880 3843 1109 3916 ingrata:
1170 3850 1588 3920 perquisitionis
1653 3858 1873 3914 taedium

282 3923 449 3983 levet.

340 4034 381 4086 l.
404 4035 466 4087 In
491 4039 818 4103 scriptoribus
843 4046 1368 4163 sacriI‘siursigbrpuipimum
1395 4054 1566 4108 vitium
1598 4058 1814 4112 admittit

350 4204 628 4262 Estimat
658 4208 929 4270 Eusebius
975 4232 1087 4272 non
1138 4220 1258 4275 sine
1309 4222 1537 4279 audacia
1570 4233 1623 4280 et
1650 4229 1870 4283 temeri-

279 4305 395 4352 tate
427 4299 587 4353 credi
619 4316 802 4371 posse,
846 4306 1144 4377 scriptores
1186 4311 1330 4379 illos,
1365 4315 1459 4385 qui
1491 4315 1708 4373 amante
1756 4318 1869 4375 Nu-

278 4390 428 4446 mine
480 4390 703 4451 divinas
752 4397 913 4454 nobis
968 4399 1180 4458 litteras
1206 4407 1657 4472 transmiserunt,
1692 4411 1774 4465 vel
1809 4412 1866 4465 in

279 4478 527 4538 minimis
566 4498 815 4554 errasse;
854 4489 929 4543 ita
968 4499 1028 4544 ut
1055 4492 1220 4547 etiam
1253 4510 1452 4552 nomen
1487 4513 1590 4567 pro
1632 4500 1738 4555 alio
1776 4502 1860 4557 vel

278 4585 342 4625 ex
374 4572 745 4643 imprudentia
778 4580 862 4635 vel
892 4596 957 4636 ex
986 4581 1341 4655 incogitantia
1368 4590 1772 4650 substituerint.
1800 4592 1857 4649 id

278 4662 479 4721 diserte
527 4667 630 4732 ait,
680 4672 1025 4743 explananda
1053 4677 1292 4735 'titulum
1336 4683 1533 4751 psalmi
1572 4701 1770 4755 xxxm,
1802 4687 1858 4743 in

276 4771 386 4825 quo
424 4756 633 4813 dicitur
659 4760 983 4821 immutasse
1025 4766 1197 4825 David
1242 4773 1451 4828 vultum
1482 4792 1642 4831 suum
1672 4794 1857 4834 coram

275 4846 590 4905 Abimelech
649 4870 663 4906 :
720 4854 1177 4917 ubiAchimelech
1229 4864 1541 4935 legendum,
1590 4877 1755 4942 atque
1798 4872 1855 4929 in

275 4940 701 5011 exemplaribus,
732 4945 847 4998 beth
909 4964 967 5003 in
1022 4949 1151 5017 cap/1
1199 4963 1466 5011 mutatum
1503 4940 1679 5016 fuisse
1700 4971 1856 5032 putat

274 5024 544 5088 Eusebius
576 5053 591 5089 :
622 5035 769 5106 quod
819 5052 953 5094 sane
1001 5041 1075 5096 ob
1123 5043 1425 5103 litterarum
1462 5048 1579 5107 bri/1
1626 5024 1844 5128 et-cap't

272 5119 414 5178 inter
434 5139 498 5180 se
528 5124 842 5193 afﬁnitatem
868 5131 1126 5200 perfacile
1150 5135 1271 5193 fuit.
1299 5138 1436 5195 Tum
1467 5141 1629 5197 allata
1658 5119 1850 5201 eorum

270 5217 545 5271 sententia
568 5220 665 5290 qui
692 5220 961 5288 dicerent,
993 5223 1340 5284 Achimelech
1368 5249 1468 5303 pro
1502 5235 1671 5307 Achis
1703 5239 1852 5310 posi-

268 5316 380 5362 tum
428 5308 623 5379 fuisse,
655 5312 840 5384 ibique
866 5316 952 5385 agi
981 5316 1050 5374 de
1078 5318 1300 5377 Davidis
1342 5324 1396 5379 in
1441 5324 1577 5382 Geth
1608 5308 1851 5401 peregri-

267 5400 513 5465 natione,
542 5403 639 5457 ubi
666 5418 791 5458 cum
820 5407 1123 5475 periculum
1171 5412 1367 5481 capitis
1401 5414 1730 5482 immineret,
1748 5400 1849 5473 lina

266 5493 476 5548 naniam
526 5493 621 5551 ille
678 5497 977 5563 simulavit,
1009 5509 1063 5556 et
1108 5502 1417 5560 immutavit
1440 5508 1651 5563 vultum
1683 5526 1845 5567 suum

266 5596 443 5639 coram
472 5583 645 5667 nobis
682 5602 810 5658 rege
857 5589 1029 5657 Geth;
1062 5593 1177 5649 haec
1220 5596 1276 5651 in
1309 5598 1599 5656 adversum
1630 5604 1845 5672 reponit

268 5670 353 5730 ille
392 5696 406 5731 :
447 5657 517 5729 Ᾰι
541 5694 637 5747 ego
666 5657 848 5733 audax
875 5685 1313 5757 temerariumque
1344 5688 1573 5758 facinus,
1604 5657 1760 5765 ἔρξον
1786 5694 1843 5749 δῦ

332 5787 406 5855 (ᾳ)
426 5785 513 5843 ω.
542 5788 624 5844 De
650 5796 1041 5860 praeparatione
1057 5814 1266 5870 evang.,
1299 5816 1349 5871 p.
1377 5802 1500 5857 575.

2015 1885 2157 1938 rum,
2180 1873 2295 1929 sive
2317 1874 2547 1929 aliorum
2572 1876 2679 1932 Deo
2692 1890 3036 1950 acceptorum
3071 1884 3351 1941 hominum
3372 1889 3591 1955 merita,

2001 1962 2247 2019 subsidio
2285 1966 2429 2035 apud
2476 1966 2643 2022 Deum
2674 1970 2835 2028 nobis
2857 1989 2999 2030 esse.
3054 1974 3146 2031 Sic
3176 1978 3315 2048 psal.
3358 1994 3591 2047 Lxxvm,

1996 2066 2136 2107 vers.
2164 2056 2263 2111 lt):
2294 2058 2379 2110 Ad
2401 2057 2512 2114 haec
2532 2062 2586 2115 in
2605 2065 2843 2134 precibus
2868 2074 3094 2136 tempore
3115 2073 3489 2137 persecutionis
3508 2071 3593 2129 di-

1994 2146 2162 2201 cenda
2206 2150 2560 2220 instituimur,
2600 2153 2897 2210 hostiarum
2948 2168 2997 2213 et
3020 2159 3447 2217 holocaustorum
3477 2166 3591 2222 loco

1994 2239 2300 2306 sanguinem
2320 2251 2624 2297 sanctorum
2646 2255 2941 2319 martyrum
2956 2253 3590 2325 proponeutes,achujus-

1993 2328 2137 2382 modi
2156 2332 2562 2400 supplicationes
2576 2339 2866 2394 emittentes
2884 2342 2976 2409 ζει
2994 2359 3135 2399 vers.
3162 2346 3219 2399 11
3244 2365 3256 2400 :
3286 2343 3398 2401 Nos
3423 2351 3590 2419 siqui-

1992 2418 2109 2475 dem
2132 2438 2233 2477 non
2250 2424 2395 2495 digni
2421 2426 2589 2484 habiti
2616 2448 2799 2486 sumus
2819 2436 2909 2503 qui
2927 2435 2996 2488 ad
3026 2437 3186 2506 ﬁnem
3210 2454 3368 2510 usque
3383 2418 3611 2498 certare-

1991 2527 2131 2576 mus,
2156 2530 2219 2567 αι
2235 2530 2330 2583 pro
2354 2516 2463 2573 Deo
2494 2524 2796 2591 sanguinem
2817 2525 3190 2594 funderemus;
3220 2532 3310 2585 sed
3331 2534 3455 2603 quia
3479 2534 3585 2604 filii

1989 2617 2173 2657 sumus
2205 2621 2386 2661 eorum
2421 2611 2512 2680 qui
2538 2611 2649 2665 [uec
2690 2625 2810 2669 sunt
2843 2619 3102 2687 perpessi,
3135 2621 3328 2676 virtute
3366 2634 3580 2693 patrum

1992 2702 2297 2752 nostrorum
2328 2704 2526 2767 ornati,
2564 2720 2845 2774 precamur
2872 2718 2930 2763 ut
2960 2711 3176 2767 illorum
3216 2716 3389 2786 gratia
3420 2717 3578 2773 mise-

1993 2785 2283 2842 ricordiam
2317 2807 2722 2864 consequamur.

2053 2896 2138 2949 IIl.
2160 2900 2340 2953 Veram
2358 2905 2533 2957 Christi
2555 2910 2603 2958 in
2624 2911 2926 2963 Eucharistia
2947 2918 3262 2979 praesentiam
3274 2922 3509 2972 declarat.

2064 3002 2261 3061 Veram
2311 3008 2516 3067 Christi
2580 3013 2635 3068 in
2686 3014 3031 3075 Eucharistia
3091 3026 3435 3093 praesentiam
3496 3027 3573 3099 (α)

1989 3096 2276 3166 profitetur
2323 3116 2447 3156 cum
2497 3104 2643 3161 hunc
2716 3124 2930 3165 versum
2995 3116 3311 3182 explicans.
3366 3117 3574 3174 Cibavit

1910 3181 2071 3245 Ceos
2155 3206 2221 3244 ea:
2285 3194 2438 3263 adipe
2476 3195 2751 3264 frumenti,
2787 3210 2837 3254 et
2886 3201 2950 3257 de
2995 3181 3146 3273 petra
3199 3209 3352 3263 melle
3417 3221 3571 3265 satu-

1985 3282 2122 3335 ravit
2180 3299 2267 3337 eos
2316 3284 2493 3355 (Psal.
2545 3302 2713 3353 LXXX,
2770 3291 2880 3363 17),
2934 3295 3009 3347 ait
3050 3314 3062 3350 :
3102 3297 3260 3351 Κατὰ
3323 3301 3570 3356 τοῦτοδὲ

1984 3372 2221 3446 ἐπλήρου
2274 3376 2617 3443 καταξιώσας
2648 3382 2844 3447 αὐτοὺς
2875 3386 2974 3457 τῆς
3011 3389 3218 3454 οἰκείας
3244 3393 3471 3464 τροφῆς,
3504 3396 3571 3449 οὗ

1985 3466 2144 3537 μόνον
2170 3470 2507 3541 σωματικῆς,
2532 3470 2667 3525 ἀλλὰ
2688 3475 2780 3527 καὶ
2804 3476 2902 3548 τῆς
2932 3479 3250 3551 ἐπουρανίου
3286 3484 3377 3537 καὶ
3405 3503 3569 3539 πνευ-

1984 3559 2239 3629 ματικῆς,
2259 3560 2495 3631 ὁπηνίκα
2522 3563 2758 3635 πρώτοις
2779 3568 2962 3633 αὐτοῖς
2986 3571 3245 3644 ἐπεδήμει
3272 3577 3300 3628 ὁ
3332 3577 3566 3646 Χριστὸς

1978 3645 2071 3699 τοῦ
2110 3647 2265 3713 Θεοῦ,
2297 3651 2501 3724 τροφὴν
2546 3653 2728 3717 αὐτοῖς
2771 3661 3034 3732 παρεῖχεν
3086 3661 3176 3716 τὸν
3240 3664 3564 3736 ἐπουράνιον

1978 3738 2159 3809 ἄρτον,
2190 3742 2414 3795 ΛΥΤΟΣ
2445 3745 2745 3810 ΕΑΥΤΟΝ,
2777 3747 2830 3802 id
2849 3760 2967 3805 est:
2998 3751 3143 3807 Tunc
3163 3770 3321 3824 porro
3345 3761 3562 3828 proprio

1977 3829 2098 3885 illos
2143 3831 2258 3885 cibo
2293 3834 2488 3901 replere
2520 3836 2765 3908 dignatus
2798 3851 2898 3906 est,
2935 3859 3037 3896 non
3072 3860 3322 3913 corporeo
3361 3849 3558 3916 solum,

1977 3922 2069 3975 sed
2082 3924 2258 3977 .etiam
2298 3927 2494 3980 ccclesti
2527 3939 2576 3981 et
2603 3931 2896 4000 spirituali,
2929 3950 3050 3988 cum
3081 3936 3149 3989 ad
3187 3938 3328 4008 ipsos
3360 3942 3558 4009 primos

1975 4010 2219 4069 Christus
2254 4015 2347 4072 Dei
2370 4022 2734 4091 peregrinatus
2767 4034 2866 4088 est,
2905 4037 3060 4097 atque
3107 4030 3160 4084 in
3208 4031 3382 4087 cibum
3426 4036 3557 4103 ipsis

1973 4106 2229 4163 caelestem
2272 4126 2482 4180 panem,
2512 4114 2622 4177 ipse
2672 4118 3027 4184 semetipsum,
3073 4120 3236 4175 dedit.
3288 4124 3369 4180 Ad
3411 4127 3558 4195 psal-

1971 4212 2121 4251 mum
2157 4215 2287 4255 vero
2330 4219 2516 4269 xxxvt,
2544 4204 2656 4260 haec
2702 4206 2866 4262 habet
2903 4227 2917 4263 :
2955 4211 3323 4287 Κατατρυφᾷν
3360 4218 3417 4271 δὲ
3459 4219 3553 4274 τοῦ

1971 4284 2174 4357 Κυρίου
2188 4288 2472 4361 δυνήσεται
2490 4289 2519 4340 ὁ
2536 4293 2636 4363 τῆς
2657 4294 2834 4366 ψυχῆς
2864 4295 2935 4350 τὰ
2966 4284 3293 4376 αἰσθητήρια
3319 4308 3555 4362 κεκαθα-

1974 4376 2253 4447 ρισμένος,
2289 4380 2364 4443 ὡς
2396 4382 2654 4438 δύνασθαι
2704 4387 2906 4440 ἐσθίειν
2933 4390 3024 4443 τὸν
3050 4390 3227 4456 ζῶντα
3263 4398 3424 4470 ἄρτον
3456 4403 3552 4454 καὶ

1968 4467 2066 4530 τὰς
2098 4466 2390 4536 ζωοποιοὺς
2424 4474 2587 4528 αὐτοῦ
2622 4477 2855 4547 σάρκας,
2889 4483 3065 4537 πίνειν
3103 4503 3162 4538 τε
3194 4488 3254 4541 τὸ
3282 4492 3551 4564 σωτήριον

1894 4538 1935 4594 D
1964 4558 2129 4612 αὑτοῦ
2180 4556 2336 4633 αἷμα.
2393 4565 2615 4631 Τούτοις
2655 4538 2992 4641 τρεφοιιενος
3040 4577 3134 4630 καὶ
3177 4538 3547 4652 πιαινόμεζος,

1960 4651 2060 4721 τῆς
2112 4652 2296 4706 ἐνθέου
2352 4655 2524 4729 μέθης
2572 4658 2881 4725 ἀπολαύων,
2921 4651 3390 4737 κατατρύφησοπ
3438 4673 3551 4727 τοῦ

1959 4743 2200 4811 Κυρίου,
2233 4745 2287 4800 id
2335 4754 2420 4802 est
2449 4768 2461 4802 :
2493 4748 2758 4805 Delectari
2792 4762 2967 4807 autem
2996 4756 3050 4809 in
3081 4757 3305 4814 Domino
3329 4762 3541 4828 valebit,

1957 4838 2194 4909 quisquis
2228 4840 2421 4895 animae
2445 4841 2683 4896 sensibus
2709 4847 2858 4913 puris
2888 4851 3228 4920 purgatisque
3251 4852 3431 4920 fuerit,
3460 4855 3540 4912 ita

1956 4938 2014 4982 ut
2038 4946 2225 4998 panem
2258 4935 2426 4988 vivum
2452 4944 2501 4989 et
2540 4938 2772 5007 viviﬁcas
2798 4955 2982 4994 carnes
3012 4942 3128 5011 ejus
3160 4943 3309 4999 edere
3346 4950 3536 5014 possit,

1957 5038 2019 5075 ac
2062 5024 2353 5080 salutarem
2386 5031 2501 5094 eius
2541 5027 2713 5083 bibere
2757 5032 3084 5100 sanguinem.
3140 5034 3242 5089 llis
3273 5040 3539 5095 enutritus

1952 5125 2001 5169 et
2031 5118 2408 5189 impinguatus,
2436 5123 2613 5180 divina
2647 5128 2827 5197 fruens
2844 5130 3113 5195 ebrietate,
3147 5147 3165 5181 ι
3192 5129 3451 5188 delectare
3477 5134 3537 5190 in

1952 5206 2199 5266 Domino.
2239 5231 2258 5265 ι

2257 5323 2339 5376 IV.
2369 5327 2496 5388 Quid
2519 5330 2582 5380 de
2606 5331 2768 5381 libero
2792 5332 2994 5383 arbitrio
3018 5332 3219 5384 sentiat.

2021 5424 2276 5482 Liberum
2297 5430 2583 5486 arbitrium
2612 5433 2668 5486 in
2690 5433 2911 5489 homine
2932 5435 2999 5490 ad
3027 5436 3230 5490 bonum
3257 5437 3531 5495 malumve

1946 5517 2292 5590 deligendum
2343 5524 2424 5578 sic
2473 5525 2710 5595 explicat
2751 5527 2862 5591 ille,
2899 5529 2965 5583 ad
3021 5530 3288 5600 psalmum
3329 5547 3473 5585 xxx-v
3507 5549 3524 5586 ι

1958 5610 2307 5678 Ἀκαλύπτως
2339 5613 2395 5667 δὲ
2419 5616 2447 5667 ὁ
2474 5614 2711 5681 τοιοῦτος
2742 5616 3001 5683 ἐξέδωκεν
3032 5621 3225 5675 ἑαυτὸν
3250 5624 3315 5710 τῇ
3345 5622 3518 5710 epap-

1944 5702 2051 5773 τίᾳ,
2074 5702 2149 5768 ὡς
2182 5703 2275 5757 καὶ
2312 5703 2379 5757 τὰ
2415 5705 2634 5777 ῥήματα
2674 5706 2767 5761 τοῦ
2802 5709 3067 5781 στόματος
3092 5708 3257 5765 αὐτοῦ
3290 5702 3524 5780 ἀνομίαν

3576 5779 3616 5803 'I
