4020 6372
435 389 507 443 S7
1108 380 1380 439 EUSEBII
1418 379 1902 438 CAESARIENSIS
1939 377 2093 434 OPP.
2134 377 2316 433 PARS
2341 377 2431 435 Ill.
2471 403 2541 420 -ι
2578 372 2989 433 EXEGETICA.
3635 342 3705 433 ξε

435 501 692 563 εἶναικαὶ
718 505 888 560 δόλον.
924 503 1072 558 Πάνυ
1103 502 1159 555 δὲ
1188 500 1360 556 ταῦτα
1394 500 1535 555 ἑκὼν
1583 499 1786 554 εἴλετο’
1821 500 1916 553 ἆτε
1957 497 2023 570 δὴ

2136 495 2250 550 dum
2273 496 2544 567 Aquilam,
2580 514 2599 547 ι
2637 495 2868 564 conﬁsus
2894 508 3044 556 sum;
3077 510 3094 545 ι
3126 500 3219 546 aut
3246 500 3305 545 ut
3335 489 3709 563 Symmachus.

435 598 783 664 αὑτεξούσιος
801 596 897 661 ὢν,
924 598 1018 650 καὶ
1038 595 1338 667 δυνάμενος
1363 595 1460 667 μὲν
1479 594 1578 665 τὴν
1602 592 1814 664 ἀγαθὴν
1837 592 2026 664 μετελ-

438 693 549 745 θεῖν
578 690 719 755 ὁδὸν,
754 690 829 762 μὴ
866 688 1146 761 βουληθεὶς
1182 688 1259 742 δέ.
1292 687 1405 741 Hoc
1441 698 1527 742 est
1558 686 1789 741 :Palam
1849 694 2025 740 autem

438 785 531 839 ille
560 799 614 838 se
641 792 855 853 peccato
898 782 1121 846 dedidit,
1159 783 1239 835 ita
1272 792 1329 835 ut
1360 780 1515 836 verba
1544 780 1652 834 oris
1682 780 1796 848 ejus
1827 778 2026 847 iniqui-

440 886 524 930 tas
558 886 606 930 et
634 874 790 929 dolus
817 884 1012 929 essent.
1049 873 1177 927 llwc
1197 884 1373 927 autem
1404 874 1513 941 ipse
1547 870 1833 925 admodum
1868 870 2027 924 libere

419 969 615 1037 -elegit,
648 975 826 1035 utpote
863 966 1014 1019 liberi
1053 965 1285 1032 arbitrii,
1330 980 1484 1034 penes
1522 980 1674 1034 quem
1724 972 1839 1017 erat
1885 965 2026 1017 viam

441 1060 591 1115 adire
624 1059 814 1113 bonam
851 1075 871 1113 :
901 1058 1039 1127 quod
1071 1058 1162 1111 ille
1206 1058 1401 1114 noluit.
1439 1058 1793 1125 Quamobrem
1816 1059 2025 1111 dictum

441 1160 542 1214 est,
585 1168 604 1201 ι
646 1149 838 1203 Noluit
877 1149 1172 1219 intelligere
1204 1158 1260 1201 ut
1296 1148 1421 1203 bene
1456 1158 1628 1219 ageret
1663 1165 1681 1202 :
1712 1147 1801 1203 sed
1841 1150 2029 1219 iniqui-

447 1257 609 1299 tatem
653 1244 941 1297 meditatus
972 1252 1048 1296 est
1080 1243 1133 1295 in
1167 1242 1328 1295 cubili
1359 1258 1474 1296 suo.
1515 1261 1533 1294 ι
1566 1241 1630 1295 Ει
1659 1240 1724 1294 ad
1760 1243 2025 1311 psalmum

441 1353 551 1394 ινιι
584 1335 834 1406 ξῈπειδὴ
861 1336 970 1405 γὰρ
1000 1333 1215 1404 φύσεως
1238 1332 1531 1405 ἐλευθέρας
1566 1336 1658 1387 καὶ
1680 1333 2025 1398 αὐτεξουσὶου

441 1430 748 1500 γενόμενοι,
776 1425 1102 1499 διακριτικοί
1125 1442 1184 1477 τε
1205 1425 1297 1478 τοῦ
1326 1425 1494 1479 καλοῦ
1526 1424 1733 1479 καὶτοῦ
1761 1423 2023 1489 ἐναντίου,

443 1524 544 1594 τήν
574 1538 634 1575 τε
660 1522 739 1584 εἰς
761 1519 997 1586 ἑκάτερα
1027 1518 1197 1589 ῥοπὴν
1230 1518 1329 1588 τὴν
1358 1519 1416 1570 ὲν
1448 1519 1658 1579 ἑαυτοῖς
1678 1516 2025 1586 κεκτημένοι,

444 1614 545 1668 οὐκ
577 1612 753 1685 ὀρθῶς
788 1613 1087 1683 ἐχρήσαντο
1116 1610 1194 1681 τῷ
1226 1611 1517 1683 κριτηρίῳ,
1566 1610 1685 1662 οὐδὲ
1732 1610 2028 1680 ἠγάπησαν

447 1706 545 1777 τὴν
569 1704 801 1767 εὐθεῖαν,
825 1702 1025 1772 καίπερ
1052 1700 1249 1763 εἰδότες
1279 1700 1468 1772 αὐτὴν,
1486 1700 1606 1753 οὐδ’
1624 1700 1803 1771 ἔργοις
1836 1699 2030 1771 μετῆλ-

451 1793 542 1847 θον
579 1794 679 1863 τὴν
734 1791 1101 1862 δικαιοσύνην,
1158 1793 1224 1861 ἣν
1278 1791 1422 1858 λόγῳ
1446 1790 1593 1861 μόνῳ
1642 1791 1737 1844 καὶ
1794 1791 2029 1861 χείλεσιν

450 1883 863 1954 ἐπηγγέλλοντο,
882 1882 960 1952 τῷ
992 1882 1206 1953 παλαιῷ
1237 1882 1292 1934 δὲ
1316 1882 1436 1950 ὄφει
1465 1882 1843 1953 ὁμοιωθέντες,
1866 1882 2025 1936 ἁσπῐ-
2058 1863 2100 1917 Β

445 1975 535 2041 8ος
569 1975 758 2045 κωφῆς
791 1976 1006 2046 χείρους
1040 1974 1316 2043 ἐγένοντο·
1352 1973 1541 2027 τούτου
1584 1975 1741 2045 χάριν
1788 1974 2026 2028 ἐπακού-

447 2084 576 2122 cars
617 2068 738 2121 τινα
781 2069 876 2119 καὶ
924 2067 1121 2129 αὐτοὺς
1155 2066 1456 2136 περιμένει,
1510 2066 1561 2119 id
1607 2072 1691 2119 est
1722 2084 1735 2120 :
1762 2064 2026 2129 Quoniam

444 2157 585 2213 enim
628 2157 794 2211 libera
824 2164 876 2210 et
907 2158 994 2211 sui
1022 2156 1235 2209 arbitrii
1264 2164 1458 2209 natura
1507 2155 1740 2224 praediti,
1773 2157 1821 2209 vi
1865 2156 2028 2209 inter-

446 2250 693 2306 noscendi
744 2248 864 2303 boni
911 2258 961 2304 et
996 2249 1250 2303 contrarii
1292 2249 1558 2311 instructi,
1594 2258 1749 2317 atque
1778 2247 2027 2301 ‘liberam

446 2343 517 2398 ad
545 2343 849 2397 utrumlibet
877 2340 1274 2395 inclinationem
1301 2340 1465 2400 nacti,
1498 2355 1602 2391 non
1664 2346 1799 2392 recte
1816 2340 2025 2409 judicio

445 2449 543 2488 suo
595 2442 719 2488 sunt
771 2433 877 2493 usi.
913 2447 1075 2499 neque
1118 2442 1315 2483 rectam
1363 2429 1522 2493 viam,
1558 2430 1660 2483 etsi
1690 2440 1869 2483 notam
1899 2431 2022 2495 sibi,

446 2524 763 2586 dilexerunt,
797 2541 958 2594 neque
992 2522 1234 2591 operibus
1260 2521 1535 2590 justitiam
1568 2521 1836 2585 adierunt,
1866 2539 2025 2592 quam

446 2614 617 2670 verbis
668 2613 931 2666 duntaxat
988 2622 1038 2666 et
1089 2611 1246 2665 labiis
1296 2621 1421 2665 sunt
1469 2611 1715 2679 professi,
1770 2614 2028 2683 veterique

446 2706 677 2775 serpenti
718 2704 941 2768 similes,
991 2704 1173 2767 aspide
1220 2703 1387 2757 surda
1438 2703 1725 2759 deteriores
1778 2722 2023 2771 evasere;

447 2797 566 2852 ideo
620 2812 758 2867 quae,
790 2797 919 2866 ipsis
964 2806 1211 2850 eventura
1255 2805 1377 2850 sunt
1423 2796 1622 2851 audite.
1656 2796 1921 2852 Similiter
1959 2798 2027 2853 de

448 2887 692 2944 Hebraeis
722 2903 913 2958 agens,
946 2888 1142 2957 psalmi
1177 2903 1361 2942 uxvn
1395 2888 1462 2943 ad
1494 2888 1642 2943 hunc
1682 2905 1923 2954 versum,
1956 2889 2025 2944 Et

448 2980 599 3036 obliti
629 2989 751 3034 sunt
780 2979 1170 3047 benefactorum
1198 2980 1333 3050 ejus,
1369 2979 1443 3034 ita
1478 2980 1721 3054 loquitur
1755 3001 1765 3034 :
1800 2981 2028 3037 Πάντων

448 3073 559 3147 τὰρ
588 3072 791 3126 τούτων
819 3071 989 3143 λήθην
1016 3071 1390 3142 πεποιημένοι,
1414 3074 1522 3127 τῶν
1554 3073 1690 3146 πρὸς
1712 3074 1836 3137 τοὺς
1864 3072 2030 3127 πατέ-

452 3181 555 3237 ρας
597 3163 778 3217 αὐτῶν
833 3161 1303 3233 ἐπιδεδειγμένων,
1350 3162 1488 3216 ὅπλα
1534 3166 1735 3234 ἤραντο
1762 3164 1904 3218 κατὰ
1931 3163 2026 3219 τοῦ

449 3253 606 3320 Θεοῦ,
657 3254 716 3307 οὐ
764 3251 1112 3324 βουληθέντες
1160 3249 1237 3321 τῷ
1280 3251 1428 3323 νόμῳ
1458 3252 1622 3306 αὐτοῦ
1663 3252 2023 3325 πορεύεσθαι·

450 3345 632 3402 καίτοι
688 3345 774 3398 ἐπ’
809 3345 1007 3407 αὐτοὺς
1060 3342 1312 3413 κειμένου
1358 3343 1450 3397 τοῦ
1495 3343 1774 3407 δύνασθαι,
1809 3347 1903 3401 καὶ
1937 3346 2030 3401 τοῦ

454 3436 764 3510 βούλεσθαι,
796 3436 849 3491 id
870 3444 955 3491 est
994 3454 1006 3490 :
1040 3433 1181 3489 Nam
1212 3437 1445 3490 omnium
1475 3453 1656 3491 eorum
1702 3437 1875 3501 obliti,
1916 3454 2033 3508 qua:

450 3528 695 3600 patribus
747 3529 858 3583 suis
910 3536 1118 3581 ostensa
1174 3535 1319 3591 sunt,
1354 3542 1507 3581 arma
1558 3527 1788 3581 tulerunt
1848 3539 2034 3583 contra

453 3620 646 3686 Deum,
690 3635 809 3674 cum
854 3618 1054 3673 nollent
1105 3620 1157 3672 in
1192 3619 1299 3687 lege
1337 3618 1451 3686 ejus
1503 3617 1799 3685 ambulare,
1823 3619 2035 3674 etiamsi

450 3728 606 3781 penes
638 3711 780 3781 ipsos
810 3719 944 3765 esset
970 3719 1028 3763 ut
1054 3718 1263 3779 possent
1289 3717 1338 3762 et
1371 3708 1577 3763 vellent.

453 3824 512 3874 ν.
538 3824 753 3877 Gratiam
776 3822 1126 3873 indifferentia:
1159 3823 1222 3933 ἒξ
1247 3822 1556 3934 utrumlibet,
1597 3811 1687 3872 seu
1727 3823 2031 3885 versatilem,

1226 3898 1280 3933 ce
1308 3921 1319 3933 .

1226 3898 1319 3933 cet.

529 3989 606 4045 Ne
638 3991 763 4059 quis
793 4003 923 4043 vero
951 3988 1205 4057 opinetur
1245 3996 1437 4058 putare
1469 3985 1786 4051 Eusebium,
1818 4001 1885 4042 ex
1917 3987 2035 4043 solo

456 4083 613 4139 liberi
660 4081 873 4135 arbitrii
930 4088 1081 4134 motu
1132 4080 1428 4142 hominem,
1467 4094 1568 4135 nec
1598 4078 1770 4149 gratia
1812 4078 2032 4146 fultum,

454 4177 658 4233 bonum
714 4175 941 4246 perinde
991 4181 1155 4242 atque
1188 4173 1389 4227 malum
1438 4172 1591 4226 adire
1654 4186 1848 4241 posse;
1908 4172 2036 4227 huic

456 4268 758 4341 ειπερῑοίοηί
792 4265 1037 4322 occurrit
1069 4266 1161 4319 ille
1206 4264 1293 4318 his
1324 4263 1508 4319 verbis
1536 4282 1549 4318 :
1577 4264 1720 4330 Quos
1749 4264 2037 4333 prtescien-

459 4362 536 4415 tia
569 4377 669 4415 sua
700 4369 1012 4428 prwvertens
1062 4356 1224 4417 Deus,
1253 4362 1533 4423 antequam
1567 4357 1621 4409 in
1662 4356 1828 4409 lucem
1854 4355 2037 4424 prodi-

458 4463 593 4515 rent,
625 4452 755 4507 tales
791 4451 1000 4521 futuros
1045 4465 1156 4503 esse
1189 4458 1432 4512 noverat;
1471 4447 1561 4501 sed
1592 4457 1766 4501 tamen
1796 4448 2037 4515 permisit

458 4553 517 4597 ut
548 4551 910 4604 nascerentur,
940 4539 1114 4609 gratia
1141 4555 1240 4591 sua
1282 4538 1408 4605 ipsis
1438 4553 1638 4607 quoque
1684 4552 1948 4598 concessa,
1977 4545 2035 4590 ut
2066 4546 2112 4602 1)

456 4636 639 4708 palam
662 4651 843 4689 eorum
872 4633 1198 4702 propositum
1223 4631 1501 4701 ﬁeretnilv
1534 4632 1665 4701 παρ’
1685 4630 1850 4683 αὑτοῦ
1877 4632 2037 4701 χάριν

459 4728 554 4781 καὶ
611 4725 794 4788 αὐτοῖς
834 4722 1241 4795 δωρησάμενος,
1268 4725 1349 4785 εἰς
1381 4722 1441 4774 τὸ
1474 4722 1740 4792 φανεροὺς
1788 4722 2039 4790 γενέσθαι

458 4819 558 4890 τὴν
589 4817 926 4889 προαίρεσιν.
964 4814 1234 4885 Siquidem
1287 4823 1336 4868 et
1380 4813 1615 4867 ordinem
1641 4814 1909 4883 justorum
1956 4832 2042 4870 re-

461 4927 603 4965 ctam
656 4926 719 4963 ac
783 4908 1000 4963 minime
1022 4904 1283 4974 deﬂexam
1336 4905 1475 4958 viam
1526 4913 1711 4971 suapte
1752 4904 2018 4960 voluntate

460 5006 721 5059 initurum
765 5008 1079 5071 pravertens
1122 4996 1261 5051 Deus
1313 5005 1549 5053 noverat.
1584 4995 1787 5051 Deinde
1833 4998 2043 5068 utrique

461 5095 638 5152 ordini
674 5092 898 5147 liberum
949 5089 1162 5144 arbitrii
1213 5095 1408 5141 motum
1470 5086 1698 5152 dimisit,
1748 5089 2032 5143 concedens

460 5196 519 5241 ut
570 5187 624 5240 in
655 5185 829 5239 stadio
876 5199 1092 5238 cursum
1151 5181 1487 5250 conﬁcerent.
1543 5178 1621 5232 Ac
1673 5195 1791 5232 cum
1827 5182 2043 5234 univer-

462 5296 550 5333 sos
624 5286 821 5331 natura
878 5274 1077 5329 similes
1160 5271 1538 5334 constituisset,
1622 5269 1889 5325 voluntate
1944 5286 2045 5324 sua

463 5388 713 5444 quemque
774 5370 996 5423 meliora
1059 5366 1285 5436 deligere
1351 5364 1552 5433 pariter
1613 5364 1876 5432 permisit.
1938 5363 2035 5416 Illi

467 5481 609 5526 vero,
661 5470 841 5531 utpote
881 5461 970 5531 qui
1016 5459 1101 5512 sui
1145 5458 1384 5527 ipsorum
1417 5454 1640 5517 domini,
1674 5457 1757 5508 sui
1782 5455 1947 5523 juris,
1982 5472 2044 5508 ac

469 5558 619 5612 liberi
692 5552 868 5625 quoad
938 5561 1139 5606 motum
1200 5559 1406 5613 essent,
1467 5547 1731 5601 arbitratu
1778 5562 1873 5599 suo
1928 5545 2042 5600 dis-

460 5648 634 5718 juncti
693 5654 837 5707 sunt,
874 5642 998 5698 aliis
1031 5653 1247 5708 rectam,
1291 5643 1559 5713 obliquam
1589 5641 1711 5696 aliis
1762 5642 1903 5695 viam
1956 5657 2044 5693 co-

468 5738 791 5806 optantibus.
815 5737 940 5793 Pari
953 5738 1231 5809 sententia
1250 5736 1318 5790 de
1338 5733 1478 5789 Juda
1493 5735 1723 5803 loquens
1744 5733 1859 5787 hate
1884 5732 2043 5785 habet

466 5836 533 5889 ad
559 5835 753 5906 psalm.
785 5847 853 5889 ιι.
881 5828 1128 5897 εδοά,‹ἰη
1159 5843 1262 5900 quo
1285 5828 1487 5898 speravi
1500 5846 1548 5895 ,ι
1599 5826 1709 5892 ait;
1742 5824 1819 5880 vel
1857 5842 2041 5879 secun-
2084 5850 2091 5857 -

2130 607 2149 640 ι
2200 589 2431 658 conﬁsus
2487 604 2634 642 eram
2678 603 2697 638 :
2751 604 2769 637 ι
2807 584 3230 656 quandoquidem
3284 583 3453 652 ipsum
3492 582 3707 650 paribus

2126 688 2281 749 atque
2304 686 2519 731 cwteros
2554 673 2822 743 apostolos
2863 672 3018 727 donis
3073 672 3343 739 aﬂ’ecerat.
3397 665 3736 739 Conﬁdebatl

2126 779 2299 824 autem
2330 770 2377 823 ei
2409 760 2677 832 Salvator,
2707 774 2757 820 et
2804 764 2996 819 bonam
3035 764 3099 818 de
3140 765 3253 833 ipso
3286 778 3427 831 spem
3461 760 3737 828 habebat,‘

2125 862 2249 933 quia
2270 862 2325 913 in
2348 877 2407 914 eo
2435 859 2660 913 liberum
2686 858 2968 911 arbitrium
2987 863 3141 910 esset.
3172 852 3350 924 Neque
3379 854 3515 906 enim
3535 849 3708 905 ludas

2125 969 2190 1008 ex
2219 952 2525 1022 hujusmodi
2563 962 2760 1005 natura
2793 959 2931 1013 erat,
2964 964 3081 1019 quae
3116 963 3219 1001 non
3264 953 3439 1016 posset
3480 943 3708 996 salutem

2127 1047 2409 1116 consequi;
2442 1044 2531 1099 sed
2574 1052 2802 1113 poterat,
2839 1043 2885 1095 si
2914 1039 3125 1111 quidem
3152 1037 3419 1101 voluisset,
3447 1044 3504 1088 ut
3533 1042 3581 1088 et
3606 1048 3709 1086 ca:—

2129 1136 2225 1190 teri
2251 1134 2498 1201 apostoli,
2528 1151 2559 1186 a
2580 1131 2722 1185 Filio
2759 1131 2856 1185 Dei
2888 1129 3108 1192 erudiri,
3135 1143 3196 1180 ac
3225 1126 3386 1180 bonus
3417 1122 3711 1193 probusun

2126 1229 2416 1296 discipulus
2450 1227 2597 1297 efﬁci.
2644 1223 2800 1279 Unde
2840 1222 3019 1293 palam
3048 1226 3133 1275 est
3160 1234 3283 1274 eum
3317 1217 3545 1288 gratiam
3583 1230 3712 1271 ver-

2128 1321 2362 1383 satilem,
2396 1320 2463 1373 ad
2498 1316 2841 1379 utrumlibet,
2878 1314 2993 1368 sive
3018 1313 3218 1367 bonum
3257 1310 3370 1365 sive
3399 1309 3597 1362 malum
3618 1308 3709 1362 in-

2126 1410 2486 1474 diﬂerentem,
2520 1410 2575 1462 in
2617 1407 2872 1461 omnibus
2913 1418 3143 1475 prorsus
3174 1399 3508 1464 hominibus,
3539 1397 3708 1455 etiam

2129 1504 2312 1575 impiis
2344 1510 2399 1557 et
2435 1501 2836 1573 peccatoribus,
2863 1496 3237 1552 constituisse.

2267 1610 2353 1663 Vl.
2400 1609 2463 1660 Et
2482 1608 2965 1671 pradestinationem
2986 1611 3097 1667 post
3120 1601 3324 1666 praevisa
3355 1602 3551 1650 merita.

2196 1713 2308 1769 Nec
2341 1714 2522 1769 minus
2547 1720 2734 1784 aperte
2769 1708 3299 1783 praedestinationem
3335 1713 3456 1776 post
3478 1703 3706 1774 praevisa

2130 1807 2323 1860 merita
2354 1805 2513 1859 docet
2549 1805 2615 1859 ad
2643 1804 2837 1873 psalm.
2874 1818 2984 1866 va,
3019 1800 3111 1854 ubi
3140 1799 3281 1853 hanc
3303 1797 3455 1851 Pauli
3485 1802 3709 1851 senten-

2142 1894 2269 1947 tiam
2291 1893 2587 1961 explicans,
2617 1891 2759 1945 Nam
2781 1908 2907 1961 quos
2931 1892 3214 1961 prwscivit,
3240 1900 3289 1943 et
3310 1890 3704 1959 prwdestinavit

2140 1984 2320 2057 (Rom.
2340 2002 2455 2049 VIII,
2469 1986 2583 2057 29),
2598 1994 2726 2048 etc.,
2744 1987 2818 2039 ait
2838 2003 2851 2037 :
2871 1986 3079 2055 Ὥσπερ
3096 1981 3188 2037 οὖν
3203 1982 3421 2046 τούτους
3434 1982 3703 2052 προγνοὺς

2140 2077 2430 2149 μέλλοντας
2460 2080 2678 2149 ἀγαπᾷν
2711 2078 2870 2130 αὑτὸν
2906 2072 3420 2147 προώρισεν-οὕτως
3452 2074 3544 2127 καὶ
3576 2075 3705 2140 τοὺς

2136 2168 2369 2232 ἀσεϐεῖς,
2394 2169 2579 2238 ἐπειδὴ
2595 2169 2841 2239 προέγνω
2860 2166 3149 2237 μέλλοντας
3164 2163 3338 2217 λαλεῖν
3361 2160 3705 2232 δικαιοσύνην

2125 2260 2211 2315 διὰ
2231 2261 2291 2314 τὸ
2314 2259 2600 2329 γινώσκειν
2620 2258 2807 2329 αὐτὴν,
2837 2258 2895 2311 οὐ
2930 2257 3033 2328 μὴν
3069 2257 3163 2309 καὶ
3192 2256 3304 2314 τοῖς
3334 2251 3513 2322 ἔργοις
3540 2247 3711 2319 αὐτὴν

2128 2352 2639 2425 μετελευσομένους,
2661 2349 2748 2404 διὰ
2778 2350 2838 2402 τὸ
2865 2351 2987 2413 ταῖς
3022 2347 3210 2419 χερσὶν
3238 2344 3447 2399 ἀδικίαν
3472 2337 3711 2410 συμπλέ-

2125 2461 2263 2508 κειν,
2298 2443 2489 2496 τούτου
2515 2442 2671 2513 χάριν
2716 2439 3153 2510 ἀπηλλοτρίωσεν
3198 2436 3306 2489 ἀπὸ
3348 2435 3580 2504 μήτρας,
3615 2431 3710 2485 καὶ

2126 2535 2183 2585 ὲν
2213 2530 2698 2602 πλανωμένοιςκαὶ
2720 2527 2937 2581 λαλοῦσι
2976 2527 3143 2597 ψευδῆ
3181 2525 3310 2595 παρ’
3352 2521 3527 2592 ἑαυτῷ
3579 2536 3712 2575 κατ-

2124 2622 2398 2694 ηρίθμησε
2426 2622 2553 2694 πρὶν
2573 2621 2842 2690 γενέσθαι,
2873 2616 3216 2689 συνεχώρησέ
3248 2633 3330 2680 τε,
3349 2613 3501 2676 εἰδὼς
3518 2614 3711 2676 αὐτοὺς

2124 2710 2395 2775 τοιούτους
2413 2712 2721 2781 ἐσομένους,
2750 2712 2829 2774 εἰς
2854 2709 3087 2779 φανερὸν
3105 2708 3297 2768 ὲλθεϊν,
3321 2707 3395 2770 ὼς
3426 2706 3490 2757 ἂν
3514 2704 3573 2757 τὸ
3597 2703 3713 2757 διά·-

2128 2821 2293 2875 φορον
2318 2804 2427 2857 τῶν
2455 2803 2678 2856 δικαίων
2712 2804 2805 2855 καὶ
2835 2800 3099 2854 θεοσεὸὦν
3130 2798 3340 2869 ἀνδρῶν
3382 2798 3446 2849 ἐκ
3475 2797 3573 2867 τῆς
3597 2794 3709 2848 τῶν

2127 2895 2382 2967 χειρόνων
2422 2892 2775 2964 παραθέσεως
2822 2890 3199 2962 διαλάμψειεν,
3232 2889 3376 2951 Μιᾶς
3419 2887 3526 2957 γὰρ
3556 2886 3711 2950 ὄντες

2127 2984 2341 3056 φύσεως
2372 2988 2421 3038 οἱ
2454 2985 2675 3046 πάντες,
2710 2984 2759 3035 οἱ
2797 2983 2896 3052 μὲν
2924 2982 3143 3044 ἑκόντες
3175 2979 3390 3033 εἵλαντο
3421 2977 3492 3030 τὰ
3525 2976 3711 3049 κρείτ-

2125 3094 2223 3141 τω,
2243 3077 2293 3131 οἱ
2312 3077 2367 3131 δὲ
2383 3075 2480 3148 τὴν
2502 3074 2744 3129 ἐναντίαν
2772 3074 3028 3137 ὥδευσαν,
3048 3070 3375 3140 αὑτεξουσῐῳ
3396 3068 3714 3141 προαιρέσει

2128 3169 2482 3241 χρησάμενοι.
2538 3167 2596 3222 Id
2626 3175 2707 3223 est
2738 3182 2751 3219 :
2789 3164 3243 3232 Quemadmodum
3279 3163 3441 3233 igitur
3472 3177 3587 3215 eum
3622 3175 3711 3215 eos

2133 3261 2502 3331 prtescivisset,
2526 3260 2614 3330 qui
2647 3260 2880 3313 amaturi
2928 3259 3101 3327 ipsum
3159 3264 3331 3317 erant,
3362 3257 3523 3310 etiam
3576 3269 3715 3322 prte-

2134 3352 2417 3407 destinavit
2467 3368 2587 3415 eos;
2633 3353 2709 3405 sic
2755 3360 2804 3405 et
2842 3350 3029 3419 impios
3062 3365 3180 3402 cum
3204 3347 3529 3418 prazvidisset
3548 3346 3718 3417 justi-

2137 3447 2267 3499 tiam
2290 3442 2497 3516 quidem
2525 3444 2813 3506 locuturos,
2849 3451 3025 3510 utpote
3055 3440 3144 3510 qui
3173 3448 3382 3493 nossent
3404 3438 3588 3503 illam,
3623 3436 3715 3493 sed

2134 3537 2304 3605 ipsam
2336 3545 2508 3590 tamen
2549 3552 2651 3589 non
2686 3532 2928 3602 operibus
2969 3531 3210 3585 adituros
3246 3547 3379 3589 esse.
3420 3531 3543 3600 quia
3572 3528 3719 3598 inju-

2135 3630 2339 3685 stitiam
2387 3627 2633 3682 manibus
2674 3624 3045 3695 complicatnri
3088 3630 3269 3688 erant;
3315 3621 3429 3676 ideo
3465 3620 3717 3675 alienavit

2134 3737 2221 3776 eos
2257 3738 2289 3773 a
2318 3719 2491 3783 vulva,
2525 3727 2595 3782 et,
2623 3717 2700 3771 vel
2734 3729 3014 3787 antequam
3042 3715 3245 3784 ﬁerent,
3273 3714 3327 3766 in
3356 3714 3645 3767 errantium
3665 3722 3715 3766 et

2135 3811 2413 3866 mendacia
2461 3810 2784 3881 loquentium
2822 3824 3038 3862 numero
3083 3806 3221 3874 apud
3253 3822 3306 3859 se
3346 3805 3663 3873 computavit
3694 3820 3717 3858 :

2135 3905 2471 3974 permisitque
2502 3912 2696 3963 tamen,
2728 3903 2829 3956 etsi
2889 3902 3018 3954 tales
3046 3900 3254 3969 futuros
3283 3914 3394 3951 esse
3427 3904 3621 3958 nosset,
3654 3903 3715 3950 ut

2134 4000 2315 4071 palam
2343 3997 2634 4067 prodirent,
2669 4012 2770 4067 quo
2802 3994 3117 4063 prtestantia
3132 3992 3403 4060 justorum
3427 3999 3475 4044 et
3499 3990 3715 4060 religio-

2140 4109 2320 4148 sorum
2362 4092 2633 4145 hominum
2663 4106 2727 4144 ea:
2768 4090 3005 4158 pejorum
3047 4086 3440 4153 comparatione
3470 4082 3713 4139 eluceret.

2140 4183 2285 4239 Nam
2327 4199 2445 4238 cum
2492 4197 2557 4236 ex
2589 4198 2696 4235 una
2731 4197 2908 4234 omnes
2958 4189 3154 4233 natura
3194 4184 3515 4237 constarent,
3555 4174 3717 4229 libero

2137 4278 2223 4331 usi
2272 4275 2514 4340 arbitrio,
2553 4273 2649 4327 alii
2708 4272 2916 4343 quidem
2968 4279 3149 4341 sponte
3201 4268 3390 4322 bonum
3430 4269 3715 4338 elegerunt,

2139 4368 2235 4421 alii
2261 4367 2586 4421 contrariam
2618 4365 2777 4419 iniere
2805 4364 2963 4417 viam.
2991 4362 3122 4428 Quae
3152 4361 3335 4416 omnia
3385 4360 3459 4413 ita
3501 4358 3717 4431 perspi-

2139 4473 2242 4514 cue
2271 4459 2649 4521 enuntientur,
2676 4463 2733 4510 ut
2754 4454 2963 4524 (Εᾱίρο
2994 4469 3104 4507 non
3131 4461 3345 4524 egeant.

2752 4584 2984 4642 CAPUT
3026 4586 3114 4641 Vl.

2246 4719 2455 4759 EUSEBII
2511 4718 2577 4757 DE
2616 4715 2791 4755 VEBBO
2826 4716 2895 4756 ΕΤ
2934 4713 3083 4753 ειιιο
3130 4712 3219 4751 νει
3260 4712 3582 4753 SENTENTIA.

2144 4838 2194 4894 Ι.
2238 4836 2414 4891 Variis
2447 4838 2589 4890 circa
2624 4834 2845 4889 Eusebii
2881 4831 2944 4886 de
2977 4830 3119 4885 Filio
3149 4830 3246 4884 Dei
3270 4829 3567 4883 doctrinam
3598 4830 3715 4895 opi-

2211 4909 2417 4964 niones.
2468 4905 2551 4961 II.
2598 4905 2857 4959 Eusebius
2901 4903 3052 4955 docet
3101 4904 3357 4954 unitatem
3407 4899 3619 4952 deitatis
3661 4899 3719 4951 in

2211 4996 2315 5032 uno
2362 4976 2523 5031 Patre
2569 4976 2791 5030 servari.
2841 4972 2958 5028 111.
3010 4970 3209 5024 Filium
3262 4970 3411 5038 longe
3461 4972 3718 5038 minorem

2213 5047 2395 5102 Patre.
2432 5046 2537 5101 IV.
2574 5046 2805 5099 Diversa!
2837 5043 3169 5098 substantite.
3218 5039 3278 5095 V.
3315 5037 3583 5106 Interpres
3609 5037 3717 5090 La-

2216 5119 2355 5171 tinus
2394 5136 2410 5167 ι
2445 5116 2921 5171 Demonstrationis
2950 5111 3258 5181 evangelica:
3296 5129 3312 5160 ι
3344 5108 3407 5181 de
3448 5109 3717 5181 industria

2215 5187 2499 5242 Eusebium
2530 5187 2598 5239 ad
2638 5184 2951 5240 catholicam
2979 5175 3286 5235 sententiam
3319 5179 3559 5232 detorsit.
3618 5175 3713 5231 VI.

2214 5258 2472 5314 Eusebius
2509 5256 2641 5310 Filii
2671 5256 2919 5308 deitatem
2961 5252 3123 5305 aliam
3164 5251 3352 5304 statuit
3394 5267 3425 5301 a
3469 5258 3712 5314 paterna.

2224 5328 2354 5385 VII.
2410 5326 2639 5380 Grandis
2675 5324 3064 5392 paralogismus
3105 5319 3335 5392 Eusebii.
3382 5318 3554 5392 Vll_l_._
3595 5316 3718 5392 Ilion

2212 5401 2427 5455 obscure
2454 5398 2601 5451 docet
2633 5385 2832 5449 Filium
2856 5385 2957 5446 non
2978 5409 3088 5445 esse
3113 5407 3225 5445 vere
3250 5388 3439 5443 Deum.
3471 5385 3573 5442 1X.
3601 5386 3717 5451 Quo

2214 5487 2369 5526 sensu
2404 5467 2605 5522 Filium
2648 5468 2811 5519 Deum
2841 5480 2952 5517 esse
2984 5461 3147 5515 dicat.
3185 5460 3254 5514 Χ.
3293 5458 3464 5525 Quam
3494 5457 3716 5511 adversa

2218 5540 2413 5595 rationi
2464 5548 2512 5592 et
2562 5538 2857 5598 priscorum
2916 5533 3143 5587 Patrum
3194 5531 3463 5598 sententia:
3513 5532 3714 5581 tradat.

2214 5611 2319 5665 XI.
2350 5610 2483 5665 Cum
2515 5597 2729 5661 Arianis
2762 5605 2916 5673 plane
2956 5601 3232 5657 consentit.
3264 5597 3399 5673 XAIAI.
3441 5598 3559 5673 Qua
3584 5614 3719 5673 sen-

2215 5669 2884 5750 tentiaqurbpouoiqi,sive
2907 5670 3366 5750 consubstantiali,
3391 5669 3720 5750 subscripse-

2215 5753 2303 5804 rit.
2346 5749 2393 5803 Χ
2403 5749 2427 5802 1
2437 5739 2463 5803 1
2471 5748 2497 5802 1
2510 5739 2669 5815 ,Ὤιιο
2704 5739 2865 5815 sensu
2890 5746 2963 5815 eg
2989 5746 3087 5815 ουκ
3112 5743 3279 5795 ὄντων
3308 5749 3471 5809 neget,
3495 5748 3543 5792 et
3571 5739 3717 5805 geni-

2216 5833 2323 5876 tum
2370 5812 2767 5875 Filium-dicat.
2821 5814 2979 5871 XIV.
3012 5812 3212 5868 Filium
3255 5819 3403 5885 negat
3442 5818 3717 5865 internum.
