  <div class='ocr_page' id='page_1' title='image "/cluster/home/n/w/nwhite01/storage/ocr_20150623/23/nnc1.0046978313/028.png"; bbox 0 0 4020 6372; ppageno 0'>
   <div class='ocr_carea' id='block_1_1' title="bbox 322 384 3579 450">
    <p class='ocr_par' dir='ltr' id='par_1_1' title="bbox 322 384 3579 450">
     <span class='ocr_line' id='line_1_1' title="bbox 322 384 3579 450; baseline 0 -3"><span class='ocrx_word' id='word_1_1' title='bbox 322 391 390 447; x_wconf 64' lang='grc'>19</span> <span class='ocrx_word' id='word_1_2' title='bbox 1098 390 1607 449; x_wconf 69' lang='lat' dir='ltr'><strong>COMMENTARIA</strong></span> <span class='ocrx_word' id='word_1_3' title='bbox 1644 392 1710 447; x_wconf 85' lang='lat' dir='ltr'><strong>IN</strong></span> <span class='ocrx_word' id='word_1_4' title='bbox 1752 390 2099 450; x_wconf 81' lang='lat' dir='ltr'><strong>PSALMOS.</strong></span> <span class='ocrx_word' id='word_1_5' title='bbox 2140 422 2211 434; x_wconf 91' lang='lat'><strong>—-</strong></span> <span class='ocrx_word' id='word_1_6' title='bbox 2248 390 2797 449; x_wconf 69' lang='lat' dir='ltr'><strong>PRELIMINARIA.</strong></span> <span class='ocrx_word' id='word_1_7' title='bbox 3508 384 3579 448; x_wconf 69' lang='lat'><strong>50</strong></span> 
     </span>
    </p>
   </div>
   <div class='ocr_carea' id='block_1_2' title="bbox 374 505 3581 582">
    <p class='ocr_par' dir='ltr' id='par_1_2' title="bbox 374 505 3581 582">
     <span class='ocr_line' id='line_1_2' title="bbox 374 505 3581 582; baseline 0.001 -21"><span class='ocrx_word' id='word_1_8' title='bbox 374 505 746 582; x_wconf 62' lang='lat' dir='ltr'><strong>XV._S_u3nma</strong></span> <span class='ocrx_word' id='word_1_9' title='bbox 761 507 1019 582; x_wconf 67' lang='lat' dir='ltr'><strong>doctrinm</strong></span> <span class='ocrx_word' id='word_1_10' title='bbox 1035 506 1271 582; x_wconf 69' lang='lat' dir='ltr'><strong>Eusebii.</strong></span> <span class='ocrx_word' id='word_1_11' title='bbox 1302 507 1353 562; x_wconf 82' lang='grc' dir='ltr'><em>Χ</em></span> <span class='ocrx_word' id='word_1_12' title='bbox 1368 507 1638 580; x_wconf 55' lang='lat' dir='ltr'><strong>VluEgre</strong></span> <span class='ocrx_word' id='word_1_13' title='bbox 1663 509 1903 579; x_wconf 79' lang='lat' dir='ltr'><strong>defendi—</strong></span> <span class='ocrx_word' id='word_1_14' title='bbox 1932 517 1977 571; x_wconf 82' lang='grc' dir='ltr'>Α</span> <span class='ocrx_word' id='word_1_15' title='bbox 2004 518 2233 581; x_wconf 76' lang='lat' dir='ltr'><strong>occupat</strong></span> <span class='ocrx_word' id='word_1_16' title='bbox 2282 509 2573 578; x_wconf 85' lang='lat' dir='ltr'><strong>Eusebius,</strong></span> <span class='ocrx_word' id='word_1_17' title='bbox 2621 510 2753 570; x_wconf 85' lang='lat' dir='ltr'><strong>dum</strong></span> <span class='ocrx_word' id='word_1_18' title='bbox 2807 511 2884 564; x_wconf 83' lang='lat' dir='ltr'><strong>ait</strong></span> <span class='ocrx_word' id='word_1_19' title='bbox 2939 510 3009 563; x_wconf 86' lang='lat' dir='ltr'><strong>ad</strong></span> <span class='ocrx_word' id='word_1_20' title='bbox 3058 509 3325 577; x_wconf 78' lang='lat' dir='ltr'><strong>psalmum</strong></span> <span class='ocrx_word' id='word_1_21' title='bbox 3374 510 3581 582; x_wconf 77' lang='lat' dir='ltr'><strong>Asaplii</strong></span> 
     </span>
    </p>
   </div>
   <div class='ocr_carea' id='block_1_3' title="bbox 366 575 1899 652">
    <p class='ocr_par' dir='ltr' id='par_1_3' title="bbox 366 575 1899 652">
     <span class='ocr_line' id='line_1_3' title="bbox 366 575 1899 652; baseline 0.003 -22"><span class='ocrx_word' id='word_1_22' title='bbox 366 575 529 632; x_wconf 77' lang='lat' dir='ltr'><strong>tur.X</strong></span> <span class='ocrx_word' id='word_1_23' title='bbox 543 575 947 634; x_wconf 79' lang='lat' dir='ltr'><strong>V11.Arianum</strong></span> <span class='ocrx_word' id='word_1_24' title='bbox 972 580 1194 648; x_wconf 87' lang='lat' dir='ltr'><strong>probant</strong></span> <span class='ocrx_word' id='word_1_25' title='bbox 1211 590 1320 634; x_wconf 90' lang='lat' dir='ltr'><strong>tam</strong></span> <span class='ocrx_word' id='word_1_26' title='bbox 1344 591 1490 652; x_wconf 84' lang='lat' dir='ltr'><strong>gesta</strong></span> <span class='ocrx_word' id='word_1_27' title='bbox 1514 575 1672 652; x_wconf 73' lang='lat' dir='ltr'><strong>quam</strong></span> <span class='ocrx_word' id='word_1_28' title='bbox 1684 575 1899 649; x_wconf 74' lang='lat' dir='ltr'><strong>scripta.</strong></span> 
     </span>
    </p>
   </div>
   <div class='ocr_carea' id='block_1_4' title="bbox 321 686 1900 753">
    <p class='ocr_par' dir='ltr' id='par_1_4' title="bbox 321 686 1900 753">
     <span class='ocr_line' id='line_1_4' title="bbox 321 686 1900 753; baseline 0.003 -16"><span class='ocrx_word' id='word_1_29' title='bbox 321 686 354 737; x_wconf 86' lang='lat' dir='ltr'><strong>l.</strong></span> <span class='ocrx_word' id='word_1_30' title='bbox 383 688 541 739; x_wconf 70' lang='lat' dir='ltr'><strong>Varia</strong></span> <span class='ocrx_word' id='word_1_31' title='bbox 560 688 688 738; x_wconf 85' lang='lat' dir='ltr'><strong>circa</strong></span> <span class='ocrx_word' id='word_1_32' title='bbox 714 689 924 739; x_wconf 83' lang='lat' dir='ltr'><strong>Eusebii</strong></span> <span class='ocrx_word' id='word_1_33' title='bbox 948 690 1012 739; x_wconf 93' lang='lat' dir='ltr'><strong>de</strong></span> <span class='ocrx_word' id='word_1_34' title='bbox 1035 688 1163 740; x_wconf 88' lang='lat' dir='ltr'><strong>Filio</strong></span> <span class='ocrx_word' id='word_1_35' title='bbox 1186 690 1284 741; x_wconf 97' lang='lat' dir='ltr'><strong>Dei</strong></span> <span class='ocrx_word' id='word_1_36' title='bbox 1316 690 1589 740; x_wconf 84' lang='lat' dir='ltr'><strong>doctrinam</strong></span> <span class='ocrx_word' id='word_1_37' title='bbox 1622 692 1900 753; x_wconf 77' lang='lat' dir='ltr'><strong>opiniones.</strong></span> 
     </span>
    </p>
   </div>
   <div class='ocr_carea' id='block_1_5' title="bbox 386 770 1903 848">
    <p class='ocr_par' dir='ltr' id='par_1_5' title="bbox 386 770 1903 848">
     <span class='ocr_line' id='line_1_5' title="bbox 386 770 1903 848; baseline 0.001 -20"><span class='ocrx_word' id='word_1_38' title='bbox 386 770 604 828; x_wconf 71' lang='lat' dir='ltr'><strong>Iamdiu</strong></span> <span class='ocrx_word' id='word_1_39' title='bbox 635 775 784 828; x_wconf 87' lang='lat' dir='ltr'><strong>inter</strong></span> <span class='ocrx_word' id='word_1_40' title='bbox 828 774 1023 830; x_wconf 91' lang='lat' dir='ltr'><strong>doctos</strong></span> <span class='ocrx_word' id='word_1_41' title='bbox 1065 774 1429 844; x_wconf 76' lang='lat' dir='ltr'><strong>disceptatum</strong></span> <span class='ocrx_word' id='word_1_42' title='bbox 1474 784 1580 841; x_wconf 91' lang='lat' dir='ltr'><strong>est,</strong></span> <span class='ocrx_word' id='word_1_43' title='bbox 1606 794 1730 848; x_wconf 69' lang='lat' dir='ltr'><strong>qua:</strong></span> <span class='ocrx_word' id='word_1_44' title='bbox 1774 792 1903 832; x_wconf 87' lang='lat' dir='ltr'><strong>vera</strong></span> 
     </span>
    </p>
   </div>
   <div class='ocr_carea' id='block_1_6' title="bbox 323 864 1903 942">
    <p class='ocr_par' dir='ltr' id='par_1_6' title="bbox 323 864 1903 942">
     <span class='ocr_line' id='line_1_6' title="bbox 323 864 1903 942; baseline 0.004 -22"><span class='ocrx_word' id='word_1_45' title='bbox 323 864 485 921; x_wconf 78' lang='lat' dir='ltr'><strong>fuerit</strong></span> <span class='ocrx_word' id='word_1_46' title='bbox 506 865 730 922; x_wconf 84' lang='lat' dir='ltr'><strong>Eusebii</strong></span> <span class='ocrx_word' id='word_1_47' title='bbox 765 866 1125 925; x_wconf 60' lang='lat' dir='ltr'><strong>Caesariensis</strong></span> <span class='ocrx_word' id='word_1_48' title='bbox 1149 869 1217 924; x_wconf 91' lang='lat' dir='ltr'><strong>de</strong></span> <span class='ocrx_word' id='word_1_49' title='bbox 1258 868 1400 925; x_wconf 91' lang='lat' dir='ltr'><strong>Filio</strong></span> <span class='ocrx_word' id='word_1_50' title='bbox 1432 871 1529 927; x_wconf 85' lang='lat' dir='ltr'><strong>Dei</strong></span> <span class='ocrx_word' id='word_1_51' title='bbox 1558 872 1775 942; x_wconf 90' lang='lat' dir='ltr'><strong>opinio;</strong></span> <span class='ocrx_word' id='word_1_52' title='bbox 1810 872 1903 927; x_wconf 87' lang='lat' dir='ltr'><strong>alii</strong></span> 
     </span>
    </p>
   </div>
   <div class='ocr_carea' id='block_1_7' title="bbox 319 960 1903 1035">
    <p class='ocr_par' dir='ltr' id='par_1_7' title="bbox 319 960 1903 1035">
     <span class='ocr_line' id='line_1_7' title="bbox 319 960 1903 1035; baseline 0.004 -22"><span class='ocrx_word' id='word_1_53' title='bbox 319 960 463 1014; x_wconf 86' lang='lat' dir='ltr'><strong>enim</strong></span> <span class='ocrx_word' id='word_1_54' title='bbox 502 960 781 1015; x_wconf 77' lang='lat' dir='ltr'><strong>catholico</strong></span> <span class='ocrx_word' id='word_1_55' title='bbox 826 961 1073 1016; x_wconf 85' lang='lat' dir='ltr'><strong>sensisse</strong></span> <span class='ocrx_word' id='word_1_56' title='bbox 1122 961 1447 1028; x_wconf 86' lang='lat' dir='ltr'><strong>defendunt,</strong></span> <span class='ocrx_word' id='word_1_57' title='bbox 1475 980 1578 1019; x_wconf 91' lang='lat' dir='ltr'><strong>nec</strong></span> <span class='ocrx_word' id='word_1_58' title='bbox 1624 965 1903 1035; x_wconf 87' lang='lat' dir='ltr'><strong>quidpiam</strong></span> 
     </span>
    </p>
   </div>
   <div class='ocr_carea' id='block_1_8' title="bbox 320 1048 1899 1128">
    <p class='ocr_par' dir='ltr' id='par_1_8' title="bbox 320 1048 1899 1128">
     <span class='ocr_line' id='line_1_8' title="bbox 320 1048 1899 1128; baseline 0.006 -26"><span class='ocrx_word' id='word_1_59' title='bbox 320 1048 536 1104; x_wconf 65' lang='lat' dir='ltr'><strong>Arianae</strong></span> <span class='ocrx_word' id='word_1_60' title='bbox 566 1052 706 1106; x_wconf 82' lang='lat' dir='ltr'><strong>labis</strong></span> <span class='ocrx_word' id='word_1_61' title='bbox 733 1052 789 1106; x_wconf 90' lang='lat' dir='ltr'><strong>in</strong></span> <span class='ocrx_word' id='word_1_62' title='bbox 819 1053 1045 1123; x_wconf 83' lang='lat' dir='ltr'><strong>scriptis</strong></span> <span class='ocrx_word' id='word_1_63' title='bbox 1089 1053 1211 1123; x_wconf 89' lang='lat' dir='ltr'><strong>ejus</strong></span> <span class='ocrx_word' id='word_1_64' title='bbox 1244 1053 1580 1125; x_wconf 82' lang='lat' dir='ltr'><strong>deprehendi</strong></span> <span class='ocrx_word' id='word_1_65' title='bbox 1627 1065 1899 1128; x_wconf 78' lang='lat' dir='ltr'><strong>pugnant;</strong></span> 
     </span>
    </p>
   </div>
   <div class='ocr_carea' id='block_1_9' title="bbox 320 1142 1904 1219">
    <p class='ocr_par' dir='ltr' id='par_1_9' title="bbox 320 1142 1904 1219">
     <span class='ocr_line' id='line_1_9' title="bbox 320 1142 1904 1219; baseline 0.006 -23"><span class='ocrx_word' id='word_1_66' title='bbox 320 1142 400 1197; x_wconf 73' lang='lat' dir='ltr'><strong>vel</strong></span> <span class='ocrx_word' id='word_1_67' title='bbox 430 1143 479 1196; x_wconf 89' lang='lat' dir='ltr'><strong>si</strong></span> <span class='ocrx_word' id='word_1_68' title='bbox 516 1144 651 1214; x_wconf 88' lang='lat' dir='ltr'><strong>quid</strong></span> <span class='ocrx_word' id='word_1_69' title='bbox 684 1144 1151 1215; x_wconf 83' lang='lat' dir='ltr'><strong>deprehendatur,</strong></span> <span class='ocrx_word' id='word_1_70' title='bbox 1179 1146 1235 1201; x_wconf 92' lang='lat' dir='ltr'><strong>in</strong></span> <span class='ocrx_word' id='word_1_71' title='bbox 1266 1147 1336 1202; x_wconf 92' lang='lat' dir='ltr'><strong>iis</strong></span> <span class='ocrx_word' id='word_1_72' title='bbox 1372 1157 1522 1203; x_wconf 89' lang='lat' dir='ltr'><strong>certe</strong></span> <span class='ocrx_word' id='word_1_73' title='bbox 1550 1150 1772 1219; x_wconf 85' lang='lat' dir='ltr'><strong>scriptis</strong></span> <span class='ocrx_word' id='word_1_74' title='bbox 1804 1150 1904 1204; x_wconf 88' lang='lat' dir='ltr'><strong>ob-</strong></span> 
     </span>
    </p>
   </div>
   <div class='ocr_carea' id='block_1_10' title="bbox 320 1233 1903 1313">
    <p class='ocr_par' dir='ltr' id='par_1_10' title="bbox 320 1233 1903 1313">
     <span class='ocr_line' id='line_1_10' title="bbox 320 1233 1903 1313; baseline 0.005 -24"><span class='ocrx_word' id='word_1_75' title='bbox 320 1236 548 1300; x_wconf 80' lang='lat' dir='ltr'><strong>servari,</strong></span> <span class='ocrx_word' id='word_1_76' title='bbox 576 1253 699 1306; x_wconf 68' lang='lat' dir='ltr'><strong>quae</strong></span> <span class='ocrx_word' id='word_1_77' title='bbox 725 1247 853 1294; x_wconf 85' lang='lat' dir='ltr'><strong>ante</strong></span> <span class='ocrx_word' id='word_1_78' title='bbox 876 1233 1151 1293; x_wconf 66' lang='lat' dir='ltr'><strong>Nicmtiam</strong></span> <span class='ocrx_word' id='word_1_79' title='bbox 1182 1240 1450 1311; x_wconf 89' lang='lat' dir='ltr'><strong>synodum</strong></span> <span class='ocrx_word' id='word_1_80' title='bbox 1480 1242 1681 1309; x_wconf 90' lang='lat' dir='ltr'><strong>edidit;</strong></span> <span class='ocrx_word' id='word_1_81' title='bbox 1716 1242 1771 1297; x_wconf 91' lang='lat' dir='ltr'><strong>in</strong></span> <span class='ocrx_word' id='word_1_82' title='bbox 1806 1257 1903 1313; x_wconf 86' lang='lat' dir='ltr'><strong>po-</strong></span> 
     </span>
    </p>
   </div>
   <div class='ocr_carea' id='block_1_11' title="bbox 319 1327 1901 1390">
    <p class='ocr_par' dir='ltr' id='par_1_11' title="bbox 319 1327 1901 1390">
     <span class='ocr_line' id='line_1_11' title="bbox 319 1327 1901 1390; baseline 0.006 -9"><span class='ocrx_word' id='word_1_83' title='bbox 319 1327 649 1384; x_wconf 83' lang='lat' dir='ltr'><strong>sterioribus</strong></span> <span class='ocrx_word' id='word_1_84' title='bbox 696 1344 809 1383; x_wconf 90' lang='lat' dir='ltr'><strong>non</strong></span> <span class='ocrx_word' id='word_1_85' title='bbox 857 1330 987 1384; x_wconf 90' lang='lat' dir='ltr'><strong>item</strong></span> <span class='ocrx_word' id='word_1_86' title='bbox 1027 1350 1040 1384; x_wconf 94' lang='lat'><strong>:</strong></span> <span class='ocrx_word' id='word_1_87' title='bbox 1100 1331 1193 1384; x_wconf 83' lang='lat' dir='ltr'><strong>alii</strong></span> <span class='ocrx_word' id='word_1_88' title='bbox 1240 1340 1437 1388; x_wconf 89' lang='lat' dir='ltr'><strong>contra</strong></span> <span class='ocrx_word' id='word_1_89' title='bbox 1488 1334 1559 1389; x_wconf 88' lang='lat' dir='ltr'><strong>ab</strong></span> <span class='ocrx_word' id='word_1_90' title='bbox 1604 1334 1901 1390; x_wconf 87' lang='lat' dir='ltr'><strong>Arianismi</strong></span> 
     </span>
    </p>
   </div>
   <div class='ocr_carea' id='block_1_12' title="bbox 318 1419 1904 1496">
    <p class='ocr_par' dir='ltr' id='par_1_12' title="bbox 318 1419 1904 1496">
     <span class='ocr_line' id='line_1_12' title="bbox 318 1419 1904 1496; baseline 0.006 -24"><span class='ocrx_word' id='word_1_91' title='bbox 318 1424 533 1482; x_wconf 87' lang='lat' dir='ltr'><strong>exortu,</strong></span> <span class='ocrx_word' id='word_1_92' title='bbox 571 1419 640 1474; x_wconf 90' lang='lat' dir='ltr'><strong>ad</strong></span> <span class='ocrx_word' id='word_1_93' title='bbox 674 1420 885 1475; x_wconf 91' lang='lat' dir='ltr'><strong>obitum</strong></span> <span class='ocrx_word' id='word_1_94' title='bbox 920 1437 1103 1487; x_wconf 92' lang='lat' dir='ltr'><strong>suum,</strong></span> <span class='ocrx_word' id='word_1_95' title='bbox 1136 1423 1274 1478; x_wconf 90' lang='lat' dir='ltr'><strong>adeo</strong></span> <span class='ocrx_word' id='word_1_96' title='bbox 1307 1423 1628 1481; x_wconf 80' lang='lat' dir='ltr'><strong>manifestas</strong></span> <span class='ocrx_word' id='word_1_97' title='bbox 1657 1440 1780 1480; x_wconf 92' lang='lat' dir='ltr'><strong>cum</strong></span> <span class='ocrx_word' id='word_1_98' title='bbox 1809 1441 1904 1496; x_wconf 78' lang='lat' dir='ltr'><strong>ge-</strong></span> 
     </span>
    </p>
   </div>
   <div class='ocr_carea' id='block_1_13' title="bbox 318 1510 1900 1582">
    <p class='ocr_par' dir='ltr' id='par_1_13' title="bbox 318 1510 1900 1582">
     <span class='ocr_line' id='line_1_13' title="bbox 318 1510 1900 1582; baseline 0.004 -18"><span class='ocrx_word' id='word_1_99' title='bbox 318 1510 417 1565; x_wconf 79' lang='lat' dir='ltr'><strong>stis</strong></span> <span class='ocrx_word' id='word_1_100' title='bbox 443 1518 565 1564; x_wconf 90' lang='lat' dir='ltr'><strong>tum</strong></span> <span class='ocrx_word' id='word_1_101' title='bbox 592 1512 816 1582; x_wconf 83' lang='lat' dir='ltr'><strong>scriptis</strong></span> <span class='ocrx_word' id='word_1_102' title='bbox 846 1513 964 1569; x_wconf 89' lang='lat' dir='ltr'><strong>suis</strong></span> <span class='ocrx_word' id='word_1_103' title='bbox 989 1513 1207 1570; x_wconf 90' lang='lat' dir='ltr'><strong>dedisse</strong></span> <span class='ocrx_word' id='word_1_104' title='bbox 1232 1515 1574 1571; x_wconf 89' lang='lat' dir='ltr'><strong>contendunt</strong></span> <span class='ocrx_word' id='word_1_105' title='bbox 1602 1517 1900 1573; x_wconf 84' lang='lat' dir='ltr'><strong>Arianismi</strong></span> 
     </span>
    </p>
   </div>
   <div class='ocr_carea' id='block_1_14' title="bbox 316 1605 1901 1681">
    <p class='ocr_par' dir='ltr' id='par_1_14' title="bbox 316 1605 1901 1681">
     <span class='ocr_line' id='line_1_14' title="bbox 316 1605 1901 1681; baseline 0.004 -24"><span class='ocrx_word' id='word_1_106' title='bbox 316 1612 496 1667; x_wconf 86' lang='lat' dir='ltr'><strong>notas,</strong></span> <span class='ocrx_word' id='word_1_107' title='bbox 555 1610 615 1657; x_wconf 91' lang='lat' dir='ltr'><strong>ut</strong></span> <span class='ocrx_word' id='word_1_108' title='bbox 652 1605 1042 1661; x_wconf 86' lang='lat' dir='ltr'><strong>incunctanter</strong></span> <span class='ocrx_word' id='word_1_109' title='bbox 1084 1608 1228 1663; x_wconf 91' lang='lat' dir='ltr'><strong>inter</strong></span> <span class='ocrx_word' id='word_1_110' title='bbox 1270 1607 1601 1664; x_wconf 84' lang='lat' dir='ltr'><strong>Arianorum</strong></span> <span class='ocrx_word' id='word_1_111' title='bbox 1652 1610 1901 1681; x_wconf 89' lang='lat' dir='ltr'><strong>primipi-</strong></span> 
     </span>
    </p>
   </div>
   <div class='ocr_carea' id='block_1_15' title="bbox 317 1694 1898 1772">
    <p class='ocr_par' dir='ltr' id='par_1_15' title="bbox 317 1694 1898 1772">
     <span class='ocr_line' id='line_1_15' title="bbox 317 1694 1898 1772; baseline 0.003 -22"><span class='ocrx_word' id='word_1_112' title='bbox 317 1694 459 1751; x_wconf 85' lang='lat' dir='ltr'><strong>lares</strong></span> <span class='ocrx_word' id='word_1_113' title='bbox 474 1696 992 1753; x_wconf 83' lang='lat' dir='ltr'><strong>connumerandum</strong></span> <span class='ocrx_word' id='word_1_114' title='bbox 1019 1708 1298 1755; x_wconf 85' lang='lat' dir='ltr'><strong>censeant.</strong></span> <span class='ocrx_word' id='word_1_115' title='bbox 1317 1699 1595 1770; x_wconf 87' lang='lat' dir='ltr'><strong>Talemne,</strong></span> <span class='ocrx_word' id='word_1_116' title='bbox 1622 1702 1898 1772; x_wconf 89' lang='lat' dir='ltr'><strong>inquiunt,</strong></span> 
     </span>
    </p>
   </div>
   <div class='ocr_carea' id='block_1_16' title="bbox 317 1786 1899 1862">
    <p class='ocr_par' dir='ltr' id='par_1_16' title="bbox 317 1786 1899 1862">
     <span class='ocr_line' id='line_1_16' title="bbox 317 1786 1899 1862; baseline 0.005 -21"><span class='ocrx_word' id='word_1_117' title='bbox 317 1786 619 1851; x_wconf 86' lang='lat' dir='ltr'><strong>hominem,</strong></span> <span class='ocrx_word' id='word_1_118' title='bbox 654 1790 750 1858; x_wconf 90' lang='lat' dir='ltr'><strong>qui</strong></span> <span class='ocrx_word' id='word_1_119' title='bbox 798 1805 1016 1861; x_wconf 78' lang='lat' dir='ltr'><strong>semper</strong></span> <span class='ocrx_word' id='word_1_120' title='bbox 1058 1791 1319 1862; x_wconf 76' lang='lat' dir='ltr'><strong>augendae</strong></span> <span class='ocrx_word' id='word_1_121' title='bbox 1353 1794 1625 1849; x_wconf 69' lang='lat' dir='ltr'><strong>Arianicaa</strong></span> <span class='ocrx_word' id='word_1_122' title='bbox 1664 1794 1746 1850; x_wconf 90' lang='lat' dir='ltr'><strong>rei</strong></span> <span class='ocrx_word' id='word_1_123' title='bbox 1789 1802 1899 1849; x_wconf 90' lang='lat' dir='ltr'><strong>tam</strong></span> 
     </span>
    </p>
   </div>
   <div class='ocr_carea' id='block_1_17' title="bbox 2003 601 3583 675">
    <p class='ocr_par' dir='ltr' id='par_1_17' title="bbox 2003 601 3583 675">
     <span class='ocr_line' id='line_1_17' title="bbox 2003 601 3583 675; baseline -0.003 -17"><span class='ocrx_word' id='word_1_124' title='bbox 2003 603 2277 659; x_wconf 88' lang='lat' dir='ltr'><strong>decimum</strong></span> <span class='ocrx_word' id='word_1_125' title='bbox 2309 619 2324 657; x_wconf 85' lang='lat'><strong>:</strong></span> <span class='ocrx_word' id='word_1_126' title='bbox 2358 605 2475 657; x_wconf 80' lang='grc' dir='ltr'>Ἵνα</span> <span class='ocrx_word' id='word_1_127' title='bbox 2510 604 2584 675; x_wconf 88' lang='grc' dir='ltr'>μή</span> <span class='ocrx_word' id='word_1_128' title='bbox 2625 621 2711 667; x_wconf 87' lang='grc' dir='ltr'><strong>τις</strong></span> <span class='ocrx_word' id='word_1_129' title='bbox 2728 604 2889 657; x_wconf 75' lang='grc' dir='ltr'>αὑτὸν</span> <span class='ocrx_word' id='word_1_130' title='bbox 2924 602 3078 673; x_wconf 77' lang='grc' dir='ltr'>ψιλὸν</span> <span class='ocrx_word' id='word_1_131' title='bbox 3111 601 3369 656; x_wconf 84' lang='grc' dir='ltr'>ὑπολάϐοι</span> <span class='ocrx_word' id='word_1_132' title='bbox 3412 602 3583 673; x_wconf 83' lang='grc' dir='ltr'>ἄνδρα</span> 
     </span>
    </p>
   </div>
   <div class='ocr_carea' id='block_1_18' title="bbox 2004 694 3585 767">
    <p class='ocr_par' dir='ltr' id='par_1_18' title="bbox 2004 694 3585 767">
     <span class='ocr_line' id='line_1_18' title="bbox 2004 694 3585 767; baseline 0 -18"><span class='ocrx_word' id='word_1_133' title='bbox 2004 697 2098 749; x_wconf 81' lang='grc' dir='ltr'>καὶ</span> <span class='ocrx_word' id='word_1_134' title='bbox 2124 699 2237 761; x_wconf 88' lang='grc' dir='ltr'>τοῖς</span> <span class='ocrx_word' id='word_1_135' title='bbox 2266 695 2480 759; x_wconf 83' lang='grc' dir='ltr'><strong>πολλοῖς</strong></span> <span class='ocrx_word' id='word_1_136' title='bbox 2510 698 2713 767; x_wconf 82' lang='grc' dir='ltr'>ὅμοιον,</span> <span class='ocrx_word' id='word_1_137' title='bbox 2743 694 2983 762; x_wconf 83' lang='grc' dir='ltr'>θεολογεῖ</span> <span class='ocrx_word' id='word_1_138' title='bbox 3005 695 3167 748; x_wconf 77' lang='grc' dir='ltr'>αὑτὸν</span> <span class='ocrx_word' id='word_1_139' title='bbox 3204 697 3261 747; x_wconf 78' lang='grc' dir='ltr'><strong>ἐν</strong></span> <span class='ocrx_word' id='word_1_140' title='bbox 3300 697 3413 758; x_wconf 83' lang='grc' dir='ltr'>τοῖς</span> <span class='ocrx_word' id='word_1_141' title='bbox 3445 694 3585 765; x_wconf 83' lang='grc' dir='ltr'>μετὰ</span> 
     </span>
    </p>
   </div>
   <div class='ocr_carea' id='block_1_19' title="bbox 2002 784 3583 859">
    <p class='ocr_par' dir='ltr' id='par_1_19' title="bbox 2002 784 3583 859">
     <span class='ocr_line' id='line_1_19' title="bbox 2002 784 3583 859; baseline -0.001 -19"><span class='ocrx_word' id='word_1_142' title='bbox 2002 791 2207 858; x_wconf 88' lang='grc' dir='ltr'>χεῖρας,</span> <span class='ocrx_word' id='word_1_143' title='bbox 2238 789 2418 859; x_wconf 83' lang='grc' dir='ltr'>φήσας</span> <span class='ocrx_word' id='word_1_144' title='bbox 2438 804 2452 819; x_wconf 77' lang='grc' dir='ltr'><strong>ο</strong></span> <span class='ocrx_word' id='word_1_145' title='bbox 2490 788 2549 839; x_wconf 74' lang='grc'><em>³0</em></span> <span class='ocrx_word' id='word_1_146' title='bbox 2584 786 2728 852; x_wconf 81' lang='grc' dir='ltr'>Θεὸς</span> <span class='ocrx_word' id='word_1_147' title='bbox 2768 787 2917 854; x_wconf 75' lang='grc' dir='ltr'>ἔστη</span> <span class='ocrx_word' id='word_1_148' title='bbox 2945 786 3013 839; x_wconf 81' lang='grc' dir='ltr'><strong>ἐν</strong></span> <span class='ocrx_word' id='word_1_149' title='bbox 3058 784 3379 855; x_wconf 72' lang='grc' dir='ltr'><strong>συναγωγῇ</strong></span> <span class='ocrx_word' id='word_1_150' title='bbox 3410 784 3583 839; x_wconf 76' lang='grc' dir='ltr'><strong>θεῶν.</strong></span> 
     </span>
    </p>
   </div>
   <div class='ocr_carea' id='block_1_20' title="bbox 2003 874 3587 948">
    <p class='ocr_par' dir='ltr' id='par_1_20' title="bbox 2003 874 3587 948">
     <span class='ocr_line' id='line_1_20' title="bbox 2003 874 3587 948; baseline -0.001 -17"><span class='ocrx_word' id='word_1_151' title='bbox 2003 878 2116 931; x_wconf 72' lang='grc' dir='ltr'><strong>Καὶ</strong></span> <span class='ocrx_word' id='word_1_152' title='bbox 2148 878 2295 938; x_wconf 83' lang='grc' dir='ltr'>ὅπως</span> <span class='ocrx_word' id='word_1_153' title='bbox 2329 876 2403 947; x_wconf 88' lang='grc' dir='ltr'>μὴ</span> <span class='ocrx_word' id='word_1_154' title='bbox 2434 875 2733 948; x_wconf 79' lang='grc' dir='ltr'>ταραχθείη</span> <span class='ocrx_word' id='word_1_155' title='bbox 2763 893 2848 939; x_wconf 87' lang='grc' dir='ltr'><strong>τις</strong></span> <span class='ocrx_word' id='word_1_156' title='bbox 2885 877 2965 938; x_wconf 77' lang='grc' dir='ltr'><strong>εἰς</strong></span> <span class='ocrx_word' id='word_1_157' title='bbox 3003 874 3095 929; x_wconf 85' lang='grc' dir='ltr'><strong>τὸν</strong></span> <span class='ocrx_word' id='word_1_158' title='bbox 3126 876 3254 947; x_wconf 82' lang='grc' dir='ltr'><strong>περὶ</strong></span> <span class='ocrx_word' id='word_1_159' title='bbox 3286 875 3587 946; x_wconf 81' lang='grc' dir='ltr'><strong>μοναρχίας</strong></span> 
     </span>
    </p>
   </div>
   <div class='ocr_carea' id='block_1_21' title="bbox 2002 967 3584 1040">
    <p class='ocr_par' dir='ltr' id='par_1_21' title="bbox 2002 967 3584 1040">
     <span class='ocr_line' id='line_1_21' title="bbox 2002 967 3584 1040; baseline -0.003 -16"><span class='ocrx_word' id='word_1_160' title='bbox 2002 971 2181 1040; x_wconf 89' lang='grc' dir='ltr'>λόγον,</span> <span class='ocrx_word' id='word_1_161' title='bbox 2209 970 2339 1024; x_wconf 84' lang='grc' dir='ltr'>Θεὸν</span> <span class='ocrx_word' id='word_1_162' title='bbox 2383 969 2596 1023; x_wconf 78' lang='grc' dir='ltr'>ἀκούων</span> <span class='ocrx_word' id='word_1_163' title='bbox 2626 969 2716 1022; x_wconf 86' lang='grc' dir='ltr'><strong>τὸν</strong></span> <span class='ocrx_word' id='word_1_164' title='bbox 2757 969 2993 1040; x_wconf 81' lang='grc' dir='ltr'>Χριστὸν</span> <span class='ocrx_word' id='word_1_165' title='bbox 3030 968 3124 1021; x_wconf 86' lang='grc' dir='ltr'><strong>τοῦ</strong></span> <span class='ocrx_word' id='word_1_166' title='bbox 3156 967 3313 1033; x_wconf 86' lang='grc' dir='ltr'>Θεοῦ,</span> <span class='ocrx_word' id='word_1_167' title='bbox 3359 969 3584 1031; x_wconf 80' lang='grc' dir='ltr'>εἰκότως</span> 
     </span>
    </p>
   </div>
   <div class='ocr_carea' id='block_1_22' title="bbox 2003 1060 3584 1132">
    <p class='ocr_par' dir='ltr' id='par_1_22' title="bbox 2003 1060 3584 1132">
     <span class='ocr_line' id='line_1_22' title="bbox 2003 1060 3584 1132; baseline -0.002 -15"><span class='ocrx_word' id='word_1_168' title='bbox 2003 1064 2096 1117; x_wconf 76' lang='grc' dir='ltr'>καὶ</span> <span class='ocrx_word' id='word_1_169' title='bbox 2129 1063 2380 1126; x_wconf 77' lang='grc' dir='ltr'>πλείονας</span> <span class='ocrx_word' id='word_1_170' title='bbox 2404 1062 2558 1124; x_wconf 81' lang='grc' dir='ltr'>θεοὺς</span> <span class='ocrx_word' id='word_1_171' title='bbox 2586 1061 2838 1131; x_wconf 77' lang='grc' dir='ltr'><strong>ὀνομάζει</strong></span> <span class='ocrx_word' id='word_1_172' title='bbox 2865 1062 2989 1124; x_wconf 87' lang='grc' dir='ltr'>τοὺς</span> <span class='ocrx_word' id='word_1_173' title='bbox 3016 1060 3103 1114; x_wconf 81' lang='grc' dir='ltr'>διὰ</span> <span class='ocrx_word' id='word_1_174' title='bbox 3129 1060 3238 1114; x_wconf 85' lang='grc' dir='ltr'><strong>τῶν</strong></span> <span class='ocrx_word' id='word_1_175' title='bbox 3268 1060 3399 1132; x_wconf 77' lang='grc' dir='ltr'><strong>ὲξὴς</strong></span> <span class='ocrx_word' id='word_1_176' title='bbox 3452 1077 3584 1114; x_wconf 83' lang='grc' dir='ltr'>κατ-</span> 
     </span>
    </p>
   </div>
   <div class='ocr_carea' id='block_1_23' title="bbox 2003 1153 3585 1227">
    <p class='ocr_par' dir='ltr' id='par_1_23' title="bbox 2003 1153 3585 1227">
     <span class='ocr_line' id='line_1_23' title="bbox 2003 1153 3585 1227; baseline -0.002 -19"><span class='ocrx_word' id='word_1_177' title='bbox 2003 1156 2429 1227; x_wconf 84' lang='grc' dir='ltr'>ηγορουμένους,</span> <span class='ocrx_word' id='word_1_178' title='bbox 2487 1154 2764 1224; x_wconf 75' lang='grc' dir='ltr'>μονονουχὶ</span> <span class='ocrx_word' id='word_1_179' title='bbox 2798 1153 3307 1225; x_wconf 81' lang='grc' dir='ltr'>παρακελευόμενος</span> <span class='ocrx_word' id='word_1_180' title='bbox 3357 1154 3430 1224; x_wconf 79' lang='grc' dir='ltr'>μὴ</span> <span class='ocrx_word' id='word_1_181' title='bbox 3475 1153 3585 1205; x_wconf 81' lang='grc' dir='ltr'>ἀπ-</span> 
     </span>
    </p>
   </div>
   <div class='ocr_carea' id='block_1_24' title="bbox 2002 1244 3584 1317">
    <p class='ocr_par' dir='ltr' id='par_1_24' title="bbox 2002 1244 3584 1317">
     <span class='ocr_line' id='line_1_24' title="bbox 2002 1244 3584 1317; baseline -0.004 -14"><span class='ocrx_word' id='word_1_182' title='bbox 2002 1251 2182 1303; x_wconf 88' lang='grc' dir='ltr'>οκνεῖν</span> <span class='ocrx_word' id='word_1_183' title='bbox 2208 1248 2413 1301; x_wconf 75' lang='grc' dir='ltr'>καὶτὸν</span> <span class='ocrx_word' id='word_1_184' title='bbox 2448 1248 2579 1300; x_wconf 78' lang='grc' dir='ltr'>Υἱὸν</span> <span class='ocrx_word' id='word_1_185' title='bbox 2606 1247 2698 1301; x_wconf 89' lang='grc' dir='ltr'><strong>τοῦ</strong></span> <span class='ocrx_word' id='word_1_186' title='bbox 2725 1246 2860 1300; x_wconf 88' lang='grc' dir='ltr'>Θεοῦ</span> <span class='ocrx_word' id='word_1_187' title='bbox 2883 1245 3015 1299; x_wconf 79' lang='grc' dir='ltr'>Θεὸν</span> <span class='ocrx_word' id='word_1_188' title='bbox 3040 1245 3357 1299; x_wconf 88' lang='grc' dir='ltr'>ἀποκαλεῖν.</span> <span class='ocrx_word' id='word_1_189' title='bbox 3387 1246 3451 1298; x_wconf 85' lang='grc' dir='ltr'><strong>Εἰ</strong></span> <span class='ocrx_word' id='word_1_190' title='bbox 3474 1244 3584 1317; x_wconf 86' lang='grc' dir='ltr'><strong>γάρ</strong></span> 
     </span>
    </p>
   </div>
   <div class='ocr_carea' id='block_1_25' title="bbox 2001 1335 3583 1411">
    <p class='ocr_par' dir='ltr' id='par_1_25' title="bbox 2001 1335 3583 1411">
     <span class='ocr_line' id='line_1_25' title="bbox 2001 1335 3583 1411; baseline -0.004 -16"><span class='ocrx_word' id='word_1_191' title='bbox 2001 1344 2051 1395; x_wconf 78' lang='grc' dir='ltr'>οἱ</span> <span class='ocrx_word' id='word_1_192' title='bbox 2082 1340 2487 1411; x_wconf 86' lang='grc' dir='ltr'>διαϐαλλόμενοι</span> <span class='ocrx_word' id='word_1_193' title='bbox 2529 1340 2624 1393; x_wconf 87' lang='grc' dir='ltr'><strong>τοῦ</strong></span> <span class='ocrx_word' id='word_1_194' title='bbox 2673 1339 2859 1402; x_wconf 81' lang='grc' dir='ltr'>ἔθνους</span> <span class='ocrx_word' id='word_1_195' title='bbox 2891 1339 3149 1410; x_wconf 83' lang='grc' dir='ltr'>ἄρχοντες</span> <span class='ocrx_word' id='word_1_196' title='bbox 3193 1336 3307 1389; x_wconf 74' lang='grc' dir='ltr'>θεοὶ</span> <span class='ocrx_word' id='word_1_197' title='bbox 3348 1335 3583 1408; x_wconf 75' lang='grc' dir='ltr'><strong>ἠξιώθη-</strong></span> 
     </span>
    </p>
   </div>
   <div class='ocr_carea' id='block_1_26' title="bbox 2004 1428 3583 1504">
    <p class='ocr_par' dir='ltr' id='par_1_26' title="bbox 2004 1428 3583 1504">
     <span class='ocr_line' id='line_1_26' title="bbox 2004 1428 3583 1504; baseline -0.004 -18"><span class='ocrx_word' id='word_1_198' title='bbox 2004 1450 2102 1487; x_wconf 89' lang='grc' dir='ltr'><strong>σαν</strong></span> <span class='ocrx_word' id='word_1_199' title='bbox 2134 1432 2522 1504; x_wconf 84' lang='grc' dir='ltr'>ὀνομασθῆναι,</span> <span class='ocrx_word' id='word_1_200' title='bbox 2556 1434 2706 1495; x_wconf 84' lang='grc' dir='ltr'>ποῖος</span> <span class='ocrx_word' id='word_1_201' title='bbox 2735 1430 2803 1485; x_wconf 85' lang='grc' dir='ltr'><strong>ἂν</strong></span> <span class='ocrx_word' id='word_1_202' title='bbox 2841 1431 3052 1500; x_wconf 82' lang='grc' dir='ltr'>γένοιτο</span> <span class='ocrx_word' id='word_1_203' title='bbox 3084 1428 3325 1493; x_wconf 80' lang='grc' dir='ltr'>κίνδυνος</span> <span class='ocrx_word' id='word_1_204' title='bbox 3368 1429 3460 1482; x_wconf 78' lang='grc' dir='ltr'>τὸν</span> <span class='ocrx_word' id='word_1_205' title='bbox 3494 1429 3583 1483; x_wconf 76' lang='grc' dir='ltr'><strong>ἇν-</strong></span> 
     </span>
    </p>
   </div>
   <div class='ocr_carea' id='block_1_27' title="bbox 1999 1520 3583 1599">
    <p class='ocr_par' dir='ltr' id='par_1_27' title="bbox 1999 1520 3583 1599">
     <span class='ocr_line' id='line_1_27' title="bbox 1999 1520 3583 1599; baseline -0.003 -21"><span class='ocrx_word' id='word_1_206' title='bbox 1999 1526 2101 1597; x_wconf 87' lang='grc' dir='ltr'>δρα</span> <span class='ocrx_word' id='word_1_207' title='bbox 2135 1525 2235 1595; x_wconf 81' lang='grc' dir='ltr'>τῆς</span> <span class='ocrx_word' id='word_1_208' title='bbox 2258 1525 2440 1599; x_wconf 71' lang='grc' dir='ltr'>δεξιᾶς</span> <span class='ocrx_word' id='word_1_209' title='bbox 2465 1523 2558 1578; x_wconf 91' lang='grc' dir='ltr'><strong>τοῦ</strong></span> <span class='ocrx_word' id='word_1_210' title='bbox 2597 1522 2733 1577; x_wconf 84' lang='grc' dir='ltr'>Θεοῦ</span> <span class='ocrx_word' id='word_1_211' title='bbox 2764 1523 2859 1577; x_wconf 74' lang='grc' dir='ltr'>καὶ</span> <span class='ocrx_word' id='word_1_212' title='bbox 2890 1521 2983 1575; x_wconf 82' lang='grc' dir='ltr'><strong>τὸν</strong></span> <span class='ocrx_word' id='word_1_213' title='bbox 3012 1522 3140 1575; x_wconf 82' lang='grc' dir='ltr'>Υἱὸν</span> <span class='ocrx_word' id='word_1_214' title='bbox 3170 1522 3265 1575; x_wconf 89' lang='grc' dir='ltr'><strong>τοῦ</strong></span> <span class='ocrx_word' id='word_1_215' title='bbox 3295 1520 3583 1591; x_wconf 82' lang='grc' dir='ltr'>ἀνθρώπου</span> 
     </span>
    </p>
   </div>
   <div class='ocr_carea' id='block_1_28' title="bbox 1999 1611 3583 1685">
    <p class='ocr_par' dir='ltr' id='par_1_28' title="bbox 1999 1611 3583 1685">
     <span class='ocr_line' id='line_1_28' title="bbox 1999 1611 3583 1685; baseline 0.001 -18"><span class='ocrx_word' id='word_1_216' title='bbox 1999 1615 2090 1669; x_wconf 82' lang='grc' dir='ltr'>τὸν</span> <span class='ocrx_word' id='word_1_217' title='bbox 2136 1614 2612 1685; x_wconf 82' lang='grc' dir='ltr'>κεκραταιωμένον</span> <span class='ocrx_word' id='word_1_218' title='bbox 2653 1614 2786 1667; x_wconf 85' lang='grc' dir='ltr'>Θεὸν</span> <span class='ocrx_word' id='word_1_219' title='bbox 2831 1613 3113 1685; x_wconf 85' lang='grc' dir='ltr'>ὁμολογεῖν</span> <span class='ocrx_word' id='word_1_220' title='bbox 3149 1631 3163 1680; x_wconf 88' lang='grc'>;</span> <span class='ocrx_word' id='word_1_221' title='bbox 3225 1613 3279 1668; x_wconf 89' lang='lat' dir='ltr'><strong>id</strong></span> <span class='ocrx_word' id='word_1_222' title='bbox 3327 1620 3410 1668; x_wconf 82' lang='lat' dir='ltr'><strong>est</strong></span> <span class='ocrx_word' id='word_1_223' title='bbox 3446 1632 3458 1667; x_wconf 91' lang='lat'><strong>:</strong></span> <span class='ocrx_word' id='word_1_224' title='bbox 3499 1611 3583 1668; x_wconf 79' lang='lat' dir='ltr'><strong>Ne</strong></span> 
     </span>
    </p>
   </div>
   <div class='ocr_carea' id='block_1_29' title="bbox 1998 1705 3582 1782">
    <p class='ocr_par' dir='ltr' id='par_1_29' title="bbox 1998 1705 3582 1782">
     <span class='ocr_line' id='line_1_29' title="bbox 1998 1705 3582 1782; baseline -0.002 -21"><span class='ocrx_word' id='word_1_225' title='bbox 1998 1709 2117 1779; x_wconf 89' lang='lat' dir='ltr'><strong>quis</strong></span> <span class='ocrx_word' id='word_1_226' title='bbox 2149 1710 2322 1775; x_wconf 89' lang='lat' dir='ltr'><strong>ipsum</strong></span> <span class='ocrx_word' id='word_1_227' title='bbox 2354 1724 2557 1762; x_wconf 87' lang='lat' dir='ltr'><strong>merum</strong></span> <span class='ocrx_word' id='word_1_228' title='bbox 2586 1708 2868 1782; x_wconf 77' lang='lat' dir='ltr'><strong>hominem,</strong></span> <span class='ocrx_word' id='word_1_229' title='bbox 2892 1715 2940 1760; x_wconf 91' lang='lat' dir='ltr'><strong>et</strong></span> <span class='ocrx_word' id='word_1_230' title='bbox 2973 1706 3155 1760; x_wconf 84' lang='lat' dir='ltr'><strong>multis</strong></span> <span class='ocrx_word' id='word_1_231' title='bbox 3182 1706 3305 1760; x_wconf 86' lang='lat' dir='ltr'><strong>aliis</strong></span> <span class='ocrx_word' id='word_1_232' title='bbox 3334 1705 3582 1769; x_wconf 81' lang='lat' dir='ltr'><strong>similem,</strong></span> 
     </span>
    </p>
   </div>
   <div class='ocr_carea' id='block_1_30' title="bbox 2002 1796 3583 1869">
    <p class='ocr_par' dir='ltr' id='par_1_30' title="bbox 2002 1796 3583 1869">
     <span class='ocr_line' id='line_1_30' title="bbox 2002 1796 3583 1869; baseline -0.003 -14"><span class='ocrx_word' id='word_1_233' title='bbox 2002 1802 2375 1865; x_wconf 78' lang='lat' dir='ltr'><strong>arbitraretur,</strong></span> <span class='ocrx_word' id='word_1_234' title='bbox 2416 1802 2589 1869; x_wconf 89' lang='lat' dir='ltr'><strong>ipsum</strong></span> <span class='ocrx_word' id='word_1_235' title='bbox 2622 1799 2706 1852; x_wconf 87' lang='lat' dir='ltr'><strong>hic</strong></span> <span class='ocrx_word' id='word_1_236' title='bbox 2750 1799 2920 1853; x_wconf 87' lang='lat' dir='ltr'><strong>Deum</strong></span> <span class='ocrx_word' id='word_1_237' title='bbox 2963 1800 3223 1868; x_wconf 74' lang='lat' dir='ltr'><strong>prwdicat</strong></span> <span class='ocrx_word' id='word_1_238' title='bbox 3265 1798 3346 1851; x_wconf 86' lang='lat' dir='ltr'><strong>his</strong></span> <span class='ocrx_word' id='word_1_239' title='bbox 3377 1796 3583 1852; x_wconf 83' lang='lat' dir='ltr'><strong>verbis:</strong></span> 
     </span>
    </p>
   </div>
   <div class='ocr_carea' id='block_1_31' title="bbox 314 1879 3584 1963">
    <p class='ocr_par' dir='ltr' id='par_1_31' title="bbox 314 1879 3584 1963">
     <span class='ocr_line' id='line_1_31' title="bbox 314 1879 3584 1963; baseline 0.003 -31"><span class='ocrx_word' id='word_1_240' title='bbox 314 1880 516 1935; x_wconf 81' lang='lat' dir='ltr'><strong>acriter</strong></span> <span class='ocrx_word' id='word_1_241' title='bbox 541 1880 909 1947; x_wconf 84' lang='lat' dir='ltr'><strong>adlaboravit,</strong></span> <span class='ocrx_word' id='word_1_242' title='bbox 956 1884 1050 1953; x_wconf 88' lang='lat' dir='ltr'><strong>qui</strong></span> <span class='ocrx_word' id='word_1_243' title='bbox 1092 1883 1386 1940; x_wconf 88' lang='lat' dir='ltr'><strong>diuturnas</strong></span> <span class='ocrx_word' id='word_1_244' title='bbox 1424 1901 1549 1940; x_wconf 91' lang='lat' dir='ltr'><strong>cum</strong></span> <span class='ocrx_word' id='word_1_245' title='bbox 1584 1886 1805 1941; x_wconf 86' lang='lat' dir='ltr'><strong>Arianis</strong></span> <span class='ocrx_word' id='word_1_246' title='bbox 1834 1886 1901 1940; x_wconf 89' lang='lat' dir='ltr'><strong>ad</strong></span> <span class='ocrx_word' id='word_1_247' title='bbox 1930 1879 1974 1934; x_wconf 84' lang='grc' dir='ltr'>Β</span> <span class='ocrx_word' id='word_1_248' title='bbox 2008 1914 2028 1947; x_wconf 70' lang='grc' dir='ltr'><strong>ι</strong></span> <span class='ocrx_word' id='word_1_249' title='bbox 2080 1894 2222 1949; x_wconf 74' lang='lat' dir='ltr'><strong>Deus</strong></span> <span class='ocrx_word' id='word_1_250' title='bbox 2268 1896 2412 1949; x_wconf 80' lang='lat' dir='ltr'><strong>stetit</strong></span> <span class='ocrx_word' id='word_1_251' title='bbox 2444 1895 2498 1947; x_wconf 89' lang='lat' dir='ltr'><strong>in</strong></span> <span class='ocrx_word' id='word_1_252' title='bbox 2524 1909 2794 1963; x_wconf 86' lang='lat' dir='ltr'><strong>synagoga</strong></span> <span class='ocrx_word' id='word_1_253' title='bbox 2835 1893 3074 1946; x_wconf 86' lang='lat' dir='ltr'><strong>deorum.</strong></span> <span class='ocrx_word' id='word_1_254' title='bbox 3108 1912 3127 1944; x_wconf 71' lang='grc' dir='ltr'><strong>ι</strong></span> <span class='ocrx_word' id='word_1_255' title='bbox 3177 1891 3254 1945; x_wconf 82' lang='lat' dir='ltr'><strong>Ac</strong></span> <span class='ocrx_word' id='word_1_256' title='bbox 3283 1908 3347 1945; x_wconf 89' lang='lat' dir='ltr'><strong>ne</strong></span> <span class='ocrx_word' id='word_1_257' title='bbox 3373 1892 3490 1961; x_wconf 84' lang='lat' dir='ltr'><strong>quis</strong></span> <span class='ocrx_word' id='word_1_258' title='bbox 3520 1889 3584 1943; x_wconf 90' lang='lat' dir='ltr'><strong>ob</strong></span> 
     </span>
    </p>
   </div>
   <div class='ocr_carea' id='block_1_32' title="bbox 314 1972 1902 2051">
    <p class='ocr_par' dir='ltr' id='par_1_32' title="bbox 314 1972 1902 2051">
     <span class='ocr_line' id='line_1_32' title="bbox 314 1972 1902 2051; baseline 0.008 -24"><span class='ocrx_word' id='word_1_259' title='bbox 314 1972 718 2028; x_wconf 86' lang='lat' dir='ltr'><strong>restituendum</strong></span> <span class='ocrx_word' id='word_1_260' title='bbox 749 1974 944 2029; x_wconf 82' lang='lat' dir='ltr'><strong>Arium</strong></span> <span class='ocrx_word' id='word_1_261' title='bbox 990 1978 1251 2034; x_wconf 81' lang='lat' dir='ltr'><strong>excubias</strong></span> <span class='ocrx_word' id='word_1_262' title='bbox 1278 1980 1415 2049; x_wconf 82' lang='lat' dir='ltr'><strong>egit,</strong></span> <span class='ocrx_word' id='word_1_263' title='bbox 1448 1980 1542 2050; x_wconf 90' lang='lat' dir='ltr'><strong>qui</strong></span> <span class='ocrx_word' id='word_1_264' title='bbox 1571 1981 1902 2051; x_wconf 83' lang='lat' dir='ltr'><strong>capitalibus</strong></span> 
     </span>
    </p>
   </div>
   <div class='ocr_carea' id='block_1_33' title="bbox 312 2050 1902 2146">
    <p class='ocr_par' dir='ltr' id='par_1_33' title="bbox 312 2050 1902 2146">
     <span class='ocr_line' id='line_1_33' title="bbox 312 2050 1902 2146; baseline 0.009 -28"><span class='ocrx_word' id='word_1_265' title='bbox 312 2063 453 2119; x_wconf 91' lang='lat' dir='ltr'><strong>odiis</strong></span> <span class='ocrx_word' id='word_1_266' title='bbox 488 2066 780 2123; x_wconf 58' lang='lat' dir='ltr'><strong>catholicae</strong></span> <span class='ocrx_word' id='word_1_267' title='bbox 822 2068 902 2123; x_wconf 85' lang='lat' dir='ltr'><strong>rei</strong></span> <span class='ocrx_word' id='word_1_268' title='bbox 929 2084 1184 2138; x_wconf 87' lang='lat' dir='ltr'><strong>proceres</strong></span> <span class='ocrx_word' id='word_1_269' title='bbox 1212 2072 1435 2129; x_wconf 88' lang='lat' dir='ltr'><strong>assidue</strong></span> <span class='ocrx_word' id='word_1_270' title='bbox 1467 2076 1780 2146; x_wconf 78' lang='lat' dir='ltr'><strong>exagitavit,</strong></span> <span class='ocrx_word' id='word_1_271' title='bbox 1809 2050 1902 2132; x_wconf 79' lang='lat' dir='ltr'><strong>ca-</strong></span> 
     </span>
    </p>
   </div>
   <div class='ocr_carea' id='block_1_34' title="bbox 310 2156 1903 2238">
    <p class='ocr_par' dir='ltr' id='par_1_34' title="bbox 310 2156 1903 2238">
     <span class='ocr_line' id='line_1_34' title="bbox 310 2156 1903 2238; baseline 0.008 -28"><span class='ocrx_word' id='word_1_272' title='bbox 310 2156 579 2213; x_wconf 85' lang='lat' dir='ltr'><strong>tholicnm</strong></span> <span class='ocrx_word' id='word_1_273' title='bbox 613 2163 986 2218; x_wconf 87' lang='lat' dir='ltr'><strong>censeamus?</strong></span> <span class='ocrx_word' id='word_1_274' title='bbox 1017 2161 1156 2219; x_wconf 85' lang='lat' dir='ltr'><strong>Hinc</strong></span> <span class='ocrx_word' id='word_1_275' title='bbox 1199 2165 1247 2221; x_wconf 90' lang='lat' dir='ltr'><strong>si</strong></span> <span class='ocrx_word' id='word_1_276' title='bbox 1294 2167 1515 2237; x_wconf 88' lang='lat' dir='ltr'><strong>scriptis</strong></span> <span class='ocrx_word' id='word_1_277' title='bbox 1558 2168 1679 2238; x_wconf 88' lang='lat' dir='ltr'><strong>ejus</strong></span> <span class='ocrx_word' id='word_1_278' title='bbox 1726 2176 1903 2225; x_wconf 88' lang='lat' dir='ltr'><strong>atten-</strong></span> 
     </span>
    </p>
   </div>
   <div class='ocr_carea' id='block_1_35' title="bbox 310 2250 1902 2328">
    <p class='ocr_par' dir='ltr' id='par_1_35' title="bbox 310 2250 1902 2328">
     <span class='ocr_line' id='line_1_35' title="bbox 310 2250 1902 2328; baseline 0.008 -27"><span class='ocrx_word' id='word_1_279' title='bbox 310 2250 432 2312; x_wconf 87' lang='lat' dir='ltr'><strong>das,</strong></span> <span class='ocrx_word' id='word_1_280' title='bbox 469 2251 647 2318; x_wconf 87' lang='lat' dir='ltr'><strong>aiunt,</strong></span> <span class='ocrx_word' id='word_1_281' title='bbox 681 2252 853 2321; x_wconf 88' lang='lat' dir='ltr'><strong>probe</strong></span> <span class='ocrx_word' id='word_1_282' title='bbox 883 2267 1008 2307; x_wconf 90' lang='lat' dir='ltr'><strong>cum</strong></span> <span class='ocrx_word' id='word_1_283' title='bbox 1038 2255 1207 2325; x_wconf 81' lang='lat' dir='ltr'><strong>gestis</strong></span> <span class='ocrx_word' id='word_1_284' title='bbox 1253 2270 1563 2312; x_wconf 90' lang='lat' dir='ltr'><strong>consonare</strong></span> <span class='ocrx_word' id='word_1_285' title='bbox 1596 2257 1902 2328; x_wconf 85' lang='lat' dir='ltr'><strong>deprehen-</strong></span> 
     </span>
    </p>
   </div>
   <div class='ocr_carea' id='block_1_36' title="bbox 309 2340 1902 2417">
    <p class='ocr_par' dir='ltr' id='par_1_36' title="bbox 309 2340 1902 2417">
     <span class='ocr_line' id='line_1_36' title="bbox 309 2340 1902 2417; baseline 0.007 -22"><span class='ocrx_word' id='word_1_286' title='bbox 309 2340 404 2396; x_wconf 81' lang='lat' dir='ltr'><strong>des</strong></span> <span class='ocrx_word' id='word_1_287' title='bbox 431 2361 446 2396; x_wconf 88' lang='lat'><strong>:</strong></span> <span class='ocrx_word' id='word_1_288' title='bbox 488 2357 622 2397; x_wconf 86' lang='lat' dir='ltr'><strong>nam</strong></span> <span class='ocrx_word' id='word_1_289' title='bbox 647 2344 743 2417; x_wconf 85' lang='lat' dir='ltr'><strong>qui</strong></span> <span class='ocrx_word' id='word_1_290' title='bbox 776 2343 975 2399; x_wconf 87' lang='lat' dir='ltr'><strong>Filium</strong></span> <span class='ocrx_word' id='word_1_291' title='bbox 1005 2347 1212 2417; x_wconf 84' lang='lat' dir='ltr'><strong>passim</strong></span> <span class='ocrx_word' id='word_1_292' title='bbox 1244 2349 1513 2404; x_wconf 90' lang='lat' dir='ltr'><strong>minorem</strong></span> <span class='ocrx_word' id='word_1_293' title='bbox 1542 2348 1724 2415; x_wconf 88' lang='lat' dir='ltr'><strong>Patre,</strong></span> <span class='ocrx_word' id='word_1_294' title='bbox 1765 2352 1902 2406; x_wconf 87' lang='lat' dir='ltr'><strong>alte-</strong></span> 
     </span>
    </p>
   </div>
   <div class='ocr_carea' id='block_1_37' title="bbox 306 2414 1901 2515">
    <p class='ocr_par' dir='ltr' id='par_1_37' title="bbox 306 2414 1901 2515">
     <span class='ocr_line' id='line_1_37' title="bbox 306 2414 1901 2515; baseline 0.005 -25"><span class='ocrx_word' id='word_1_295' title='bbox 306 2450 429 2490; x_wconf 81' lang='lat' dir='ltr'><strong>rum</strong></span> <span class='ocrx_word' id='word_1_296' title='bbox 460 2414 1003 2504; x_wconf 43' lang='lat' dir='ltr'><strong>Deum‘mferiorem,</strong></span> <span class='ocrx_word' id='word_1_297' title='bbox 1032 2455 1095 2495; x_wconf 91' lang='lat' dir='ltr'><strong>ac</strong></span> <span class='ocrx_word' id='word_1_298' title='bbox 1123 2440 1438 2498; x_wconf 90' lang='lat' dir='ltr'><strong>ministrum</strong></span> <span class='ocrx_word' id='word_1_299' title='bbox 1470 2458 1664 2513; x_wconf 92' lang='lat' dir='ltr'><strong>purum</strong></span> <span class='ocrx_word' id='word_1_300' title='bbox 1691 2444 1787 2508; x_wconf 90' lang='lat' dir='ltr'><strong>ait,</strong></span> <span class='ocrx_word' id='word_1_301' title='bbox 1807 2445 1901 2515; x_wconf 88' lang='lat' dir='ltr'><strong>qui</strong></span> 
     </span>
    </p>
   </div>
   <div class='ocr_carea' id='block_1_38' title="bbox 308 2528 1900 2606">
    <p class='ocr_par' dir='ltr' id='par_1_38' title="bbox 308 2528 1900 2606">
     <span class='ocr_line' id='line_1_38' title="bbox 308 2528 1900 2606; baseline 0.004 -21"><span class='ocrx_word' id='word_1_302' title='bbox 308 2528 630 2585; x_wconf 84' lang='lat' dir='ltr'><strong>catholicus</strong></span> <span class='ocrx_word' id='word_1_303' title='bbox 658 2529 965 2585; x_wconf 79' lang='lat' dir='ltr'><strong>habeatur?</strong></span> <span class='ocrx_word' id='word_1_304' title='bbox 993 2531 1106 2603; x_wconf 82' lang='lat' dir='ltr'><strong>Ego</strong></span> <span class='ocrx_word' id='word_1_305' title='bbox 1136 2548 1269 2588; x_wconf 90' lang='lat' dir='ltr'><strong>vero</strong></span> <span class='ocrx_word' id='word_1_306' title='bbox 1305 2535 1374 2590; x_wconf 92' lang='lat' dir='ltr'><strong>iis</strong></span> <span class='ocrx_word' id='word_1_307' title='bbox 1403 2535 1497 2606; x_wconf 92' lang='lat' dir='ltr'><strong>qui</strong></span> <span class='ocrx_word' id='word_1_308' title='bbox 1534 2536 1900 2591; x_wconf 79' lang='lat' dir='ltr'><strong>orthodoxam</strong></span> 
     </span>
    </p>
   </div>
   <div class='ocr_carea' id='block_1_39' title="bbox 308 2614 1906 2698">
    <p class='ocr_par' dir='ltr' id='par_1_39' title="bbox 308 2614 1906 2698">
     <span class='ocr_line' id='line_1_39' title="bbox 308 2614 1906 2698; baseline 0.007 -27"><span class='ocrx_word' id='word_1_309' title='bbox 308 2614 615 2675; x_wconf 80' lang='lat' dir='ltr'><strong>Eusebium</strong></span> <span class='ocrx_word' id='word_1_310' title='bbox 651 2629 886 2680; x_wconf 82' lang='lat' dir='ltr'><strong>censent</strong></span> <span class='ocrx_word' id='word_1_311' title='bbox 932 2622 1002 2678; x_wconf 87' lang='lat' dir='ltr'><strong>ad</strong></span> <span class='ocrx_word' id='word_1_312' title='bbox 1050 2625 1187 2677; x_wconf 88' lang='lat' dir='ltr'><strong>tanti</strong></span> <span class='ocrx_word' id='word_1_313' title='bbox 1214 2626 1317 2680; x_wconf 89' lang='lat' dir='ltr'><strong>viri</strong></span> <span class='ocrx_word' id='word_1_314' title='bbox 1355 2627 1734 2698; x_wconf 85' lang='lat' dir='ltr'><strong>purgationem</strong></span> <span class='ocrx_word' id='word_1_315' title='bbox 1769 2628 1906 2683; x_wconf 86' lang='lat' dir='ltr'><strong>asti-</strong></span> 
     </span>
    </p>
   </div>
   <div class='ocr_carea' id='block_1_40' title="bbox 307 2713 1902 2789">
    <p class='ocr_par' dir='ltr' id='par_1_40' title="bbox 307 2713 1902 2789">
     <span class='ocr_line' id='line_1_40' title="bbox 307 2713 1902 2789; baseline 0.006 -24"><span class='ocrx_word' id='word_1_316' title='bbox 307 2713 485 2783; x_wconf 69' lang='lat' dir='ltr'><strong>pulari</strong></span> <span class='ocrx_word' id='word_1_317' title='bbox 535 2721 909 2783; x_wconf 85' lang='lat' dir='ltr'><strong>peroptarem,</strong></span> <span class='ocrx_word' id='word_1_318' title='bbox 943 2714 990 2769; x_wconf 94' lang='lat' dir='ltr'><strong>si</strong></span> <span class='ocrx_word' id='word_1_319' title='bbox 1036 2730 1136 2785; x_wconf 85' lang='lat' dir='ltr'><strong>per</strong></span> <span class='ocrx_word' id='word_1_320' title='bbox 1167 2716 1289 2785; x_wconf 84' lang='lat' dir='ltr'><strong>ejus</strong></span> <span class='ocrx_word' id='word_1_321' title='bbox 1342 2719 1551 2789; x_wconf 90' lang='lat' dir='ltr'><strong>scripta</strong></span> <span class='ocrx_word' id='word_1_322' title='bbox 1592 2719 1816 2786; x_wconf 87' lang='lat' dir='ltr'><strong>liceret;</strong></span> <span class='ocrx_word' id='word_1_323' title='bbox 1845 2728 1902 2774; x_wconf 92' lang='lat' dir='ltr'><strong>at</strong></span> 
     </span>
    </p>
   </div>
   <div class='ocr_carea' id='block_1_41' title="bbox 308 2806 1901 2880">
    <p class='ocr_par' dir='ltr' id='par_1_41' title="bbox 308 2806 1901 2880">
     <span class='ocr_line' id='line_1_41' title="bbox 308 2806 1901 2880; baseline 0.003 -18"><span class='ocrx_word' id='word_1_324' title='bbox 308 2820 473 2862; x_wconf 74' lang='lat' dir='ltr'><strong>secus</strong></span> <span class='ocrx_word' id='word_1_325' title='bbox 502 2806 741 2861; x_wconf 88' lang='lat' dir='ltr'><strong>suadent</strong></span> <span class='ocrx_word' id='word_1_326' title='bbox 768 2820 896 2861; x_wconf 90' lang='lat' dir='ltr'><strong>cum</strong></span> <span class='ocrx_word' id='word_1_327' title='bbox 932 2815 1130 2862; x_wconf 72' lang='lat' dir='ltr'><strong>caztera</strong></span> <span class='ocrx_word' id='word_1_328' title='bbox 1158 2807 1278 2878; x_wconf 88' lang='lat' dir='ltr'><strong>ejus</strong></span> <span class='ocrx_word' id='word_1_329' title='bbox 1300 2824 1489 2880; x_wconf 88' lang='lat' dir='ltr'><strong>opera,</strong></span> <span class='ocrx_word' id='word_1_330' title='bbox 1520 2819 1635 2865; x_wconf 89' lang='lat' dir='ltr'><strong>tum</strong></span> <span class='ocrx_word' id='word_1_331' title='bbox 1666 2812 1901 2868; x_wconf 80' lang='lat' dir='ltr'><strong>maxime</strong></span> 
     </span>
    </p>
   </div>
   <div class='ocr_carea' id='block_1_42' title="bbox 308 2896 1896 2973">
    <p class='ocr_par' dir='ltr' id='par_1_42' title="bbox 308 2896 1896 2973">
     <span class='ocr_line' id='line_1_42' title="bbox 308 2896 1896 2973; baseline 0.003 -22"><span class='ocrx_word' id='word_1_332' title='bbox 308 2896 362 2951; x_wconf 83' lang='lat' dir='ltr'><strong>hi</strong></span> <span class='ocrx_word' id='word_1_333' title='bbox 400 2896 816 2958; x_wconf 83' lang='lat' dir='ltr'><strong>commentarii,</strong></span> <span class='ocrx_word' id='word_1_334' title='bbox 847 2897 943 2953; x_wconf 87' lang='lat' dir='ltr'><strong>ubi</strong></span> <span class='ocrx_word' id='word_1_335' title='bbox 968 2897 1344 2956; x_wconf 82' lang='lat' dir='ltr'><strong>Arianismum</strong></span> <span class='ocrx_word' id='word_1_336' title='bbox 1371 2909 1558 2973; x_wconf 82' lang='lat' dir='ltr'><strong>aperte</strong></span> <span class='ocrx_word' id='word_1_337' title='bbox 1589 2903 1896 2973; x_wconf 85' lang='lat' dir='ltr'><strong>proﬁtetur.</strong></span> 
     </span>
    </p>
   </div>
   <div class='ocr_carea' id='block_1_43' title="bbox 307 2986 1901 3064">
    <p class='ocr_par' dir='ltr' id='par_1_43' title="bbox 307 2986 1901 3064">
     <span class='ocr_line' id='line_1_43' title="bbox 307 2986 1901 3064; baseline 0.006 -23"><span class='ocrx_word' id='word_1_338' title='bbox 307 2986 429 3043; x_wconf 75' lang='lat' dir='ltr'><strong>Non</strong></span> <span class='ocrx_word' id='word_1_339' title='bbox 458 3005 526 3045; x_wconf 83' lang='lat' dir='ltr'><strong>ex</strong></span> <span class='ocrx_word' id='word_1_340' title='bbox 571 2991 760 3061; x_wconf 89' lang='lat' dir='ltr'><strong>aliqua</strong></span> <span class='ocrx_word' id='word_1_341' title='bbox 796 2989 967 3059; x_wconf 79' lang='lat' dir='ltr'><strong>igitur</strong></span> <span class='ocrx_word' id='word_1_342' title='bbox 999 2992 1354 3063; x_wconf 69' lang='lat' dir='ltr'><strong>praajudicata</strong></span> <span class='ocrx_word' id='word_1_343' title='bbox 1385 2994 1644 3064; x_wconf 88' lang='lat' dir='ltr'><strong>opinione</strong></span> <span class='ocrx_word' id='word_1_344' title='bbox 1680 2994 1749 3049; x_wconf 91' lang='lat' dir='ltr'><strong>ad</strong></span> <span class='ocrx_word' id='word_1_345' title='bbox 1778 3010 1901 3050; x_wconf 89' lang='lat' dir='ltr'><strong>eam</strong></span> 
     </span>
    </p>
   </div>
   <div class='ocr_carea' id='block_1_44' title="bbox 307 3083 1895 3158">
    <p class='ocr_par' dir='ltr' id='par_1_44' title="bbox 307 3083 1895 3158">
     <span class='ocr_line' id='line_1_44' title="bbox 307 3083 1895 3158; baseline 0.002 -20"><span class='ocrx_word' id='word_1_346' title='bbox 307 3084 643 3138; x_wconf 75' lang='lat' dir='ltr'><strong>sententiam</strong></span> <span class='ocrx_word' id='word_1_347' title='bbox 685 3083 1038 3140; x_wconf 88' lang='lat' dir='ltr'><strong>accedimus:</strong></span> <span class='ocrx_word' id='word_1_348' title='bbox 1088 3084 1291 3140; x_wconf 90' lang='lat' dir='ltr'><strong>nedum</strong></span> <span class='ocrx_word' id='word_1_349' title='bbox 1337 3086 1485 3141; x_wconf 93' lang='lat' dir='ltr'><strong>enim</strong></span> <span class='ocrx_word' id='word_1_350' title='bbox 1530 3102 1673 3158; x_wconf 79' lang='lat' dir='ltr'><strong>aegre</strong></span> <span class='ocrx_word' id='word_1_351' title='bbox 1703 3087 1895 3153; x_wconf 83' lang='lat' dir='ltr'><strong>feram,</strong></span> 
     </span>
    </p>
   </div>
   <div class='ocr_carea' id='block_1_45' title="bbox 306 3175 1898 3249">
    <p class='ocr_par' dir='ltr' id='par_1_45' title="bbox 306 3175 1898 3249">
     <span class='ocr_line' id='line_1_45' title="bbox 306 3175 1898 3249; baseline 0.003 -17"><span class='ocrx_word' id='word_1_352' title='bbox 306 3190 665 3246; x_wconf 83' lang='lat' dir='ltr'><strong>summopere</strong></span> <span class='ocrx_word' id='word_1_353' title='bbox 698 3175 970 3247; x_wconf 88' lang='lat' dir='ltr'><strong>gaudebo,</strong></span> <span class='ocrx_word' id='word_1_354' title='bbox 1002 3177 1049 3233; x_wconf 92' lang='lat' dir='ltr'><strong>si</strong></span> <span class='ocrx_word' id='word_1_355' title='bbox 1080 3178 1206 3249; x_wconf 87' lang='lat' dir='ltr'><strong>quis</strong></span> <span class='ocrx_word' id='word_1_356' title='bbox 1242 3178 1310 3234; x_wconf 89' lang='lat' dir='ltr'><strong>ab</strong></span> <span class='ocrx_word' id='word_1_357' title='bbox 1340 3194 1405 3235; x_wconf 92' lang='lat' dir='ltr'><strong>eo</strong></span> <span class='ocrx_word' id='word_1_358' title='bbox 1448 3194 1559 3234; x_wconf 90' lang='lat' dir='ltr'><strong>non</strong></span> <span class='ocrx_word' id='word_1_359' title='bbox 1590 3179 1756 3236; x_wconf 90' lang='lat' dir='ltr'><strong>modo</strong></span> <span class='ocrx_word' id='word_1_360' title='bbox 1782 3181 1898 3236; x_wconf 86' lang='lat' dir='ltr'><strong>cul-</strong></span> 
     </span>
    </p>
   </div>
   <div class='ocr_carea' id='block_1_46' title="bbox 308 3269 1898 3343">
    <p class='ocr_par' dir='ltr' id='par_1_46' title="bbox 308 3269 1898 3343">
     <span class='ocr_line' id='line_1_46' title="bbox 308 3269 1898 3343; baseline 0.005 -22"><span class='ocrx_word' id='word_1_361' title='bbox 308 3283 459 3338; x_wconf 88' lang='lat' dir='ltr'><strong>pam,</strong></span> <span class='ocrx_word' id='word_1_362' title='bbox 497 3270 595 3325; x_wconf 86' lang='lat' dir='ltr'><strong>sed</strong></span> <span class='ocrx_word' id='word_1_363' title='bbox 627 3270 795 3325; x_wconf 91' lang='lat' dir='ltr'><strong>etiam</strong></span> <span class='ocrx_word' id='word_1_364' title='bbox 830 3269 1224 3339; x_wconf 84' lang='lat' dir='ltr'><strong>suspicionem,</strong></span> <span class='ocrx_word' id='word_1_365' title='bbox 1256 3270 1534 3328; x_wconf 88' lang='lat' dir='ltr'><strong>dimovere</strong></span> <span class='ocrx_word' id='word_1_366' title='bbox 1566 3274 1776 3343; x_wconf 85' lang='lat' dir='ltr'><strong>possit:</strong></span> <span class='ocrx_word' id='word_1_367' title='bbox 1810 3273 1898 3328; x_wconf 86' lang='lat' dir='ltr'><strong>id-</strong></span> 
     </span>
    </p>
   </div>
   <div class='ocr_carea' id='block_1_47' title="bbox 305 3359 1900 3436">
    <p class='ocr_par' dir='ltr' id='par_1_47' title="bbox 305 3359 1900 3436">
     <span class='ocr_line' id='line_1_47' title="bbox 305 3359 1900 3436; baseline 0.005 -24"><span class='ocrx_word' id='word_1_368' title='bbox 305 3375 418 3430; x_wconf 79' lang='lat' dir='ltr'><strong>que</strong></span> <span class='ocrx_word' id='word_1_369' title='bbox 443 3359 579 3415; x_wconf 85' lang='lat' dir='ltr'><strong>mibi</strong></span> <span class='ocrx_word' id='word_1_370' title='bbox 608 3375 717 3414; x_wconf 91' lang='lat' dir='ltr'><strong>non</strong></span> <span class='ocrx_word' id='word_1_371' title='bbox 748 3360 934 3416; x_wconf 82' lang='lat' dir='ltr'><strong>minus</strong></span> <span class='ocrx_word' id='word_1_372' title='bbox 958 3377 1024 3417; x_wconf 81' lang='lat' dir='ltr'><strong>ex</strong></span> <span class='ocrx_word' id='word_1_373' title='bbox 1048 3362 1352 3427; x_wconf 81' lang='lat' dir='ltr'><strong>voluntate,</strong></span> <span class='ocrx_word' id='word_1_374' title='bbox 1374 3379 1538 3434; x_wconf 88' lang='lat' dir='ltr'><strong>quam</strong></span> <span class='ocrx_word' id='word_1_375' title='bbox 1560 3376 1758 3434; x_wconf 62' lang='lat' dir='ltr'><strong>prater</strong></span> <span class='ocrx_word' id='word_1_376' title='bbox 1781 3366 1900 3436; x_wconf 91' lang='lat' dir='ltr'><strong>opi-</strong></span> 
     </span>
    </p>
   </div>
   <div class='ocr_carea' id='block_1_48' title="bbox 307 3450 1898 3525">
    <p class='ocr_par' dir='ltr' id='par_1_48' title="bbox 307 3450 1898 3525">
     <span class='ocr_line' id='line_1_48' title="bbox 307 3450 1898 3525; baseline 0.004 -19"><span class='ocrx_word' id='word_1_377' title='bbox 307 3452 532 3506; x_wconf 91' lang='lat' dir='ltr'><strong>nionem</strong></span> <span class='ocrx_word' id='word_1_378' title='bbox 558 3451 739 3507; x_wconf 86' lang='lat' dir='ltr'><strong>cadet.</strong></span> <span class='ocrx_word' id='word_1_379' title='bbox 783 3450 993 3508; x_wconf 81' lang='lat' dir='ltr'><strong>Vereor</strong></span> <span class='ocrx_word' id='word_1_380' title='bbox 1020 3454 1166 3509; x_wconf 89' lang='lat' dir='ltr'><strong>enim</strong></span> <span class='ocrx_word' id='word_1_381' title='bbox 1208 3462 1268 3509; x_wconf 91' lang='lat' dir='ltr'><strong>ut</strong></span> <span class='ocrx_word' id='word_1_382' title='bbox 1300 3456 1393 3525; x_wconf 92' lang='lat' dir='ltr'><strong>qui</strong></span> <span class='ocrx_word' id='word_1_383' title='bbox 1424 3456 1757 3512; x_wconf 85' lang='lat' dir='ltr'><strong>catholicum</strong></span> <span class='ocrx_word' id='word_1_384' title='bbox 1788 3456 1898 3512; x_wconf 80' lang='lat' dir='ltr'><strong>Eu-</strong></span> 
     </span>
    </p>
   </div>
   <div class='ocr_carea' id='block_1_49' title="bbox 308 3543 1900 3620">
    <p class='ocr_par' dir='ltr' id='par_1_49' title="bbox 308 3543 1900 3620">
     <span class='ocr_line' id='line_1_49' title="bbox 308 3543 1900 3620; baseline 0.004 -21"><span class='ocrx_word' id='word_1_385' title='bbox 308 3544 528 3599; x_wconf 79' lang='lat' dir='ltr'><strong>sebium</strong></span> <span class='ocrx_word' id='word_1_386' title='bbox 572 3543 871 3612; x_wconf 71' lang='lat' dir='ltr'><strong>affirmant,</strong></span> <span class='ocrx_word' id='word_1_387' title='bbox 906 3554 1115 3602; x_wconf 89' lang='lat' dir='ltr'><strong>tantam</strong></span> <span class='ocrx_word' id='word_1_388' title='bbox 1148 3548 1205 3603; x_wconf 91' lang='lat' dir='ltr'><strong>in</strong></span> <span class='ocrx_word' id='word_1_389' title='bbox 1236 3546 1528 3604; x_wconf 88' lang='lat' dir='ltr'><strong>adversum</strong></span> <span class='ocrx_word' id='word_1_390' title='bbox 1556 3564 1683 3603; x_wconf 85' lang='lat' dir='ltr'><strong>mox</strong></span> <span class='ocrx_word' id='word_1_391' title='bbox 1716 3549 1900 3620; x_wconf 83' lang='lat' dir='ltr'><strong>profe-</strong></span> 
     </span>
    </p>
   </div>
   <div class='ocr_carea' id='block_1_50' title="bbox 309 3638 1901 3712">
    <p class='ocr_par' dir='ltr' id='par_1_50' title="bbox 309 3638 1901 3712">
     <span class='ocr_line' id='line_1_50' title="bbox 309 3638 1901 3712; baseline 0.004 -20"><span class='ocrx_word' id='word_1_392' title='bbox 309 3638 543 3692; x_wconf 85' lang='lat' dir='ltr'><strong>rendam</strong></span> <span class='ocrx_word' id='word_1_393' title='bbox 587 3638 834 3694; x_wconf 88' lang='lat' dir='ltr'><strong>locorum</strong></span> <span class='ocrx_word' id='word_1_394' title='bbox 866 3641 1061 3695; x_wconf 83' lang='lat' dir='ltr'><strong>silvam</strong></span> <span class='ocrx_word' id='word_1_395' title='bbox 1107 3655 1472 3712; x_wconf 88' lang='lat' dir='ltr'><strong>concoquere,</strong></span> <span class='ocrx_word' id='word_1_396' title='bbox 1503 3649 1557 3696; x_wconf 93' lang='lat' dir='ltr'><strong>et</strong></span> <span class='ocrx_word' id='word_1_397' title='bbox 1588 3641 1656 3696; x_wconf 90' lang='lat' dir='ltr'><strong>ad</strong></span> <span class='ocrx_word' id='word_1_398' title='bbox 1685 3642 1901 3699; x_wconf 87' lang='lat' dir='ltr'><strong>sincera</strong></span> 
     </span>
    </p>
   </div>
   <div class='ocr_carea' id='block_1_51' title="bbox 306 3729 1902 3805">
    <p class='ocr_par' dir='ltr' id='par_1_51' title="bbox 306 3729 1902 3805">
     <span class='ocr_line' id='line_1_51' title="bbox 306 3729 1902 3805; baseline 0.005 -21"><span class='ocrx_word' id='word_1_399' title='bbox 306 3729 573 3800; x_wconf 84' lang='lat' dir='ltr'><strong>dogmata</strong></span> <span class='ocrx_word' id='word_1_400' title='bbox 635 3731 968 3803; x_wconf 87' lang='lat' dir='ltr'><strong>detorquere</strong></span> <span class='ocrx_word' id='word_1_401' title='bbox 1028 3733 1264 3788; x_wconf 88' lang='lat' dir='ltr'><strong>valeant.</strong></span> <span class='ocrx_word' id='word_1_402' title='bbox 1320 3733 1542 3789; x_wconf 91' lang='lat' dir='ltr'><strong>Eusebii</strong></span> <span class='ocrx_word' id='word_1_403' title='bbox 1600 3735 1785 3805; x_wconf 89' lang='lat' dir='ltr'><strong>itaque</strong></span> <span class='ocrx_word' id='word_1_404' title='bbox 1832 3736 1902 3792; x_wconf 93' lang='lat' dir='ltr'><strong>de</strong></span> 
     </span>
    </p>
   </div>
   <div class='ocr_carea' id='block_1_52' title="bbox 306 3820 1900 3899">
    <p class='ocr_par' dir='ltr' id='par_1_52' title="bbox 306 3820 1900 3899">
     <span class='ocr_line' id='line_1_52' title="bbox 306 3820 1900 3899; baseline 0.006 -24"><span class='ocrx_word' id='word_1_405' title='bbox 306 3820 494 3879; x_wconf 74' lang='lat' dir='ltr'><strong>Verbo</strong></span> <span class='ocrx_word' id='word_1_406' title='bbox 532 3832 584 3880; x_wconf 91' lang='lat' dir='ltr'><strong>et</strong></span> <span class='ocrx_word' id='word_1_407' title='bbox 620 3822 758 3880; x_wconf 84' lang='lat' dir='ltr'><strong>Filio</strong></span> <span class='ocrx_word' id='word_1_408' title='bbox 786 3824 882 3881; x_wconf 92' lang='lat' dir='ltr'><strong>Dei</strong></span> <span class='ocrx_word' id='word_1_409' title='bbox 911 3827 1241 3881; x_wconf 87' lang='lat' dir='ltr'><strong>sententiam</strong></span> <span class='ocrx_word' id='word_1_410' title='bbox 1287 3826 1344 3881; x_wconf 91' lang='lat' dir='ltr'><strong>in</strong></span> <span class='ocrx_word' id='word_1_411' title='bbox 1389 3837 1540 3882; x_wconf 90' lang='lat' dir='ltr'><strong>certa</strong></span> <span class='ocrx_word' id='word_1_412' title='bbox 1561 3829 1736 3899; x_wconf 89' lang='lat' dir='ltr'><strong>capita</strong></span> <span class='ocrx_word' id='word_1_413' title='bbox 1786 3829 1900 3885; x_wconf 87' lang='lat' dir='ltr'><strong>dis-</strong></span> 
     </span>
    </p>
   </div>
   <div class='ocr_carea' id='block_1_53' title="bbox 306 3915 1900 3989">
    <p class='ocr_par' dir='ltr' id='par_1_53' title="bbox 306 3915 1900 3989">
     <span class='ocr_line' id='line_1_53' title="bbox 306 3915 1900 3989; baseline 0.004 -18"><span class='ocrx_word' id='word_1_414' title='bbox 306 3915 570 3977; x_wconf 83' lang='lat' dir='ltr'><strong>tinctam.</strong></span> <span class='ocrx_word' id='word_1_415' title='bbox 631 3925 743 3969; x_wconf 88' lang='lat' dir='ltr'><strong>tam</strong></span> <span class='ocrx_word' id='word_1_416' title='bbox 785 3931 854 3971; x_wconf 84' lang='lat' dir='ltr'><strong>ex</strong></span> <span class='ocrx_word' id='word_1_417' title='bbox 885 3916 970 3972; x_wconf 87' lang='lat' dir='ltr'><strong>his</strong></span> <span class='ocrx_word' id='word_1_418' title='bbox 1005 3918 1441 3982; x_wconf 88' lang='lat' dir='ltr'><strong>commentariis,</strong></span> <span class='ocrx_word' id='word_1_419' title='bbox 1475 3933 1642 3989; x_wconf 88' lang='lat' dir='ltr'><strong>quam</strong></span> <span class='ocrx_word' id='word_1_420' title='bbox 1675 3935 1743 3975; x_wconf 83' lang='lat' dir='ltr'><strong>ex</strong></span> <span class='ocrx_word' id='word_1_421' title='bbox 1776 3920 1900 3978; x_wconf 91' lang='lat' dir='ltr'><strong>aliis</strong></span> 
     </span>
    </p>
   </div>
   <div class='ocr_carea' id='block_1_54' title="bbox 303 4004 1902 4079">
    <p class='ocr_par' dir='ltr' id='par_1_54' title="bbox 303 4004 1902 4079">
     <span class='ocr_line' id='line_1_54' title="bbox 303 4004 1902 4079; baseline 0.003 -19"><span class='ocrx_word' id='word_1_422' title='bbox 303 4004 433 4074; x_wconf 84' lang='lat' dir='ltr'><strong>ejus</strong></span> <span class='ocrx_word' id='word_1_423' title='bbox 457 4005 706 4073; x_wconf 87' lang='lat' dir='ltr'><strong>scriptis,</strong></span> <span class='ocrx_word' id='word_1_424' title='bbox 735 4006 1084 4077; x_wconf 83' lang='lat' dir='ltr'><strong>maximeque</strong></span> <span class='ocrx_word' id='word_1_425' title='bbox 1131 4022 1198 4062; x_wconf 85' lang='lat' dir='ltr'><strong>ex</strong></span> <span class='ocrx_word' id='word_1_426' title='bbox 1223 4008 1521 4079; x_wconf 78' lang='lat' dir='ltr'><strong>evangeliea</strong></span> <span class='ocrx_word' id='word_1_427' title='bbox 1550 4008 1902 4066; x_wconf 86' lang='lat' dir='ltr'><strong>Demonstra-</strong></span> 
     </span>
    </p>
   </div>
   <div class='ocr_carea' id='block_1_55' title="bbox 306 4093 1903 4160">
    <p class='ocr_par' dir='ltr' id='par_1_55' title="bbox 306 4093 1903 4160">
     <span class='ocr_line' id='line_1_55' title="bbox 306 4093 1903 4160; baseline 0.006 -13"><span class='ocrx_word' id='word_1_428' title='bbox 306 4094 475 4160; x_wconf 83' lang='lat' dir='ltr'><strong>tione,</strong></span> <span class='ocrx_word' id='word_1_429' title='bbox 499 4101 557 4149; x_wconf 89' lang='lat' dir='ltr'><strong>et</strong></span> <span class='ocrx_word' id='word_1_430' title='bbox 578 4109 647 4149; x_wconf 83' lang='lat' dir='ltr'><strong>ex</strong></span> <span class='ocrx_word' id='word_1_431' title='bbox 676 4094 835 4151; x_wconf 89' lang='lat' dir='ltr'><strong>libris</strong></span> <span class='ocrx_word' id='word_1_432' title='bbox 862 4093 1066 4151; x_wconf 84' lang='lat' dir='ltr'><strong>Contra</strong></span> <span class='ocrx_word' id='word_1_433' title='bbox 1092 4094 1409 4151; x_wconf 83' lang='lat' dir='ltr'><strong>Marcellum</strong></span> <span class='ocrx_word' id='word_1_434' title='bbox 1429 4098 1488 4152; x_wconf 89' lang='lat' dir='ltr'><strong>in</strong></span> <span class='ocrx_word' id='word_1_435' title='bbox 1516 4099 1752 4155; x_wconf 90' lang='lat' dir='ltr'><strong>medium</strong></span> <span class='ocrx_word' id='word_1_436' title='bbox 1778 4100 1903 4156; x_wconf 79' lang='lat' dir='ltr'><strong>atl‘e-</strong></span> 
     </span>
    </p>
   </div>
   <div class='ocr_carea' id='block_1_56' title="bbox 306 4190 1900 4264">
    <p class='ocr_par' dir='ltr' id='par_1_56' title="bbox 306 4190 1900 4264">
     <span class='ocr_line' id='line_1_56' title="bbox 306 4190 1900 4264; baseline 0.005 -22"><span class='ocrx_word' id='word_1_437' title='bbox 306 4202 538 4243; x_wconf 88' lang='lat' dir='ltr'><strong>remus:</strong></span> <span class='ocrx_word' id='word_1_438' title='bbox 572 4202 805 4258; x_wconf 89' lang='lat' dir='ltr'><strong>eamque</strong></span> <span class='ocrx_word' id='word_1_439' title='bbox 849 4190 1179 4246; x_wconf 88' lang='lat' dir='ltr'><strong>sententiam</strong></span> <span class='ocrx_word' id='word_1_440' title='bbox 1212 4190 1627 4261; x_wconf 89' lang='lat' dir='ltr'><strong>amplectemur,</strong></span> <span class='ocrx_word' id='word_1_441' title='bbox 1667 4208 1791 4264; x_wconf 78' lang='lat' dir='ltr'><strong>quae</strong></span> <span class='ocrx_word' id='word_1_442' title='bbox 1831 4193 1900 4250; x_wconf 86' lang='lat' dir='ltr'><strong>ab</strong></span> 
     </span>
    </p>
   </div>
   <div class='ocr_carea' id='block_1_57' title="bbox 308 4282 1649 4356">
    <p class='ocr_par' dir='ltr' id='par_1_57' title="bbox 308 4282 1649 4356">
     <span class='ocr_line' id='line_1_57' title="bbox 308 4282 1649 4356; baseline 0.003 -21"><span class='ocrx_word' id='word_1_443' title='bbox 308 4282 431 4352; x_wconf 82' lang='lat' dir='ltr'><strong>ipsa</strong></span> <span class='ocrx_word' id='word_1_444' title='bbox 456 4282 538 4336; x_wconf 89' lang='lat' dir='ltr'><strong>rei</strong></span> <span class='ocrx_word' id='word_1_445' title='bbox 562 4285 795 4338; x_wconf 84' lang='lat' dir='ltr'><strong>veritate</strong></span> <span class='ocrx_word' id='word_1_446' title='bbox 814 4291 868 4339; x_wconf 88' lang='lat' dir='ltr'><strong>et</strong></span> <span class='ocrx_word' id='word_1_447' title='bbox 900 4285 1289 4356; x_wconf 88' lang='lat' dir='ltr'><strong>perspicuitate</strong></span> <span class='ocrx_word' id='word_1_448' title='bbox 1310 4284 1649 4341; x_wconf 88' lang='lat' dir='ltr'><strong>suadebitur.</strong></span> 
     </span>
    </p>
   </div>
   <div class='ocr_carea' id='block_1_58' title="bbox 306 4382 1901 4463">
    <p class='ocr_par' dir='ltr' id='par_1_58' title="bbox 306 4382 1901 4463">
     <span class='ocr_line' id='line_1_58' title="bbox 306 4382 1901 4463; baseline 0.008 -22"><span class='ocrx_word' id='word_1_449' title='bbox 306 4390 374 4442; x_wconf 83' lang='lat' dir='ltr'><strong>Il.</strong></span> <span class='ocrx_word' id='word_1_450' title='bbox 397 4393 651 4443; x_wconf 76' lang='lat' dir='ltr'><strong>Eusebius</strong></span> <span class='ocrx_word' id='word_1_451' title='bbox 668 4395 818 4445; x_wconf 90' lang='lat' dir='ltr'><strong>docet</strong></span> <span class='ocrx_word' id='word_1_452' title='bbox 838 4398 1080 4446; x_wconf 87' lang='lat' dir='ltr'><strong>unitatem</strong></span> <span class='ocrx_word' id='word_1_453' title='bbox 1102 4398 1197 4448; x_wconf 91' lang='lat' dir='ltr'><strong>Dei</strong></span> <span class='ocrx_word' id='word_1_454' title='bbox 1232 4400 1283 4448; x_wconf 91' lang='lat' dir='ltr'><strong>in</strong></span> <span class='ocrx_word' id='word_1_455' title='bbox 1309 4411 1411 4449; x_wconf 87' lang='lat' dir='ltr'><strong>uno</strong></span> <span class='ocrx_word' id='word_1_456' title='bbox 1430 4382 1584 4449; x_wconf 76' lang='lat' dir='ltr'><strong>rane</strong></span> <span class='ocrx_word' id='word_1_457' title='bbox 1612 4403 1817 4463; x_wconf 59' lang='lat' dir='ltr'><strong>servari,</strong></span> <span class='ocrx_word' id='word_1_458' title='bbox 1838 4430 1901 4443; x_wconf 82' lang='grc'><strong>.-</strong></span> 
     </span>
    </p>
   </div>
   <div class='ocr_carea' id='block_1_59' title="bbox 592 4474 1525 4542">
    <p class='ocr_par' dir='ltr' id='par_1_59' title="bbox 592 4474 1525 4542">
     <span class='ocr_line' id='line_1_59' title="bbox 592 4474 1525 4542; baseline 0.006 -15"><span class='ocrx_word' id='word_1_459' title='bbox 592 4474 680 4527; x_wconf 87' lang='lat' dir='ltr'><strong>IlI.</strong></span> <span class='ocrx_word' id='word_1_460' title='bbox 716 4477 899 4528; x_wconf 82' lang='lat' dir='ltr'><strong>Filium</strong></span> <span class='ocrx_word' id='word_1_461' title='bbox 921 4481 1069 4542; x_wconf 85' lang='lat' dir='ltr'><strong>longe</strong></span> <span class='ocrx_word' id='word_1_462' title='bbox 1090 4480 1349 4531; x_wconf 90' lang='lat' dir='ltr'><strong>minorem</strong></span> <span class='ocrx_word' id='word_1_463' title='bbox 1366 4483 1525 4533; x_wconf 89' lang='lat' dir='ltr'><strong>Patri.</strong></span> 
     </span>
    </p>
   </div>
   <div class='ocr_carea' id='block_1_60' title="bbox 2004 1980 3582 2053">
    <p class='ocr_par' dir='ltr' id='par_1_60' title="bbox 2004 1980 3582 2053">
     <span class='ocr_line' id='line_1_60' title="bbox 2004 1980 3582 2053; baseline -0.004 -14"><span class='ocrx_word' id='word_1_464' title='bbox 2004 1985 2347 2051; x_wconf 73' lang='lat' dir='ltr'><strong>monarchite,</strong></span> <span class='ocrx_word' id='word_1_465' title='bbox 2382 1985 2490 2039; x_wconf 90' lang='lat' dir='ltr'><strong>sive</strong></span> <span class='ocrx_word' id='word_1_466' title='bbox 2531 1985 2689 2037; x_wconf 85' lang='lat' dir='ltr'><strong>unius</strong></span> <span class='ocrx_word' id='word_1_467' title='bbox 2734 1984 3001 2053; x_wconf 84' lang='lat' dir='ltr'><strong>principii,</strong></span> <span class='ocrx_word' id='word_1_468' title='bbox 3036 1984 3294 2037; x_wconf 89' lang='lat' dir='ltr'><strong>rationem</strong></span> <span class='ocrx_word' id='word_1_469' title='bbox 3344 1980 3582 2035; x_wconf 79' lang='lat' dir='ltr'><strong>turbare-</strong></span> 
     </span>
    </p>
   </div>
   <div class='ocr_carea' id='block_1_61' title="bbox 2002 2073 3583 2145">
    <p class='ocr_par' dir='ltr' id='par_1_61' title="bbox 2002 2073 3583 2145">
     <span class='ocr_line' id='line_1_61' title="bbox 2002 2073 3583 2145; baseline -0.001 -17"><span class='ocrx_word' id='word_1_470' title='bbox 2002 2084 2109 2143; x_wconf 85' lang='lat' dir='ltr'><strong>tur,</strong></span> <span class='ocrx_word' id='word_1_471' title='bbox 2142 2074 2418 2130; x_wconf 82' lang='lat' dir='ltr'><strong>Christum</strong></span> <span class='ocrx_word' id='word_1_472' title='bbox 2460 2074 2558 2127; x_wconf 89' lang='lat' dir='ltr'><strong>Dei</strong></span> <span class='ocrx_word' id='word_1_473' title='bbox 2596 2073 2765 2128; x_wconf 91' lang='lat' dir='ltr'><strong>Deum</strong></span> <span class='ocrx_word' id='word_1_474' title='bbox 2796 2092 2911 2130; x_wconf 86' lang='lat' dir='ltr'><strong>esse</strong></span> <span class='ocrx_word' id='word_1_475' title='bbox 2952 2075 3214 2140; x_wconf 89' lang='lat' dir='ltr'><strong>audiens;</strong></span> <span class='ocrx_word' id='word_1_476' title='bbox 3246 2083 3583 2145; x_wconf 79' lang='lat' dir='ltr'><strong>congruenter</strong></span> 
     </span>
    </p>
   </div>
   <div class='ocr_carea' id='block_1_62' title="bbox 2000 2165 3582 2236">
    <p class='ocr_par' dir='ltr' id='par_1_62' title="bbox 2000 2165 3582 2236">
     <span class='ocr_line' id='line_1_62' title="bbox 2000 2165 3582 2236; baseline 0 -18"><span class='ocrx_word' id='word_1_477' title='bbox 2000 2165 2085 2219; x_wconf 80' lang='lat' dir='ltr'><strong>hic</strong></span> <span class='ocrx_word' id='word_1_478' title='bbox 2113 2166 2308 2220; x_wconf 88' lang='lat' dir='ltr'><strong>multos</strong></span> <span class='ocrx_word' id='word_1_479' title='bbox 2347 2166 2471 2220; x_wconf 88' lang='lat' dir='ltr'><strong>deos</strong></span> <span class='ocrx_word' id='word_1_480' title='bbox 2506 2168 2747 2221; x_wconf 86' lang='lat' dir='ltr'><strong>nominat</strong></span> <span class='ocrx_word' id='word_1_481' title='bbox 2782 2182 2894 2231; x_wconf 88' lang='lat' dir='ltr'><strong>eos,</strong></span> <span class='ocrx_word' id='word_1_482' title='bbox 2925 2169 3014 2236; x_wconf 88' lang='lat' dir='ltr'><strong>qui</strong></span> <span class='ocrx_word' id='word_1_483' title='bbox 3055 2167 3151 2221; x_wconf 91' lang='lat' dir='ltr'><strong>sub</strong></span> <span class='ocrx_word' id='word_1_484' title='bbox 3195 2166 3306 2221; x_wconf 68' lang='lat' dir='ltr'><strong>ha’c</strong></span> <span class='ocrx_word' id='word_1_485' title='bbox 3345 2167 3582 2219; x_wconf 71' lang='lat' dir='ltr'><strong>incusan-</strong></span> 
     </span>
    </p>
   </div>
   <div class='ocr_carea' id='block_1_63' title="bbox 2001 2256 3583 2329">
    <p class='ocr_par' dir='ltr' id='par_1_63' title="bbox 2001 2256 3583 2329">
     <span class='ocr_line' id='line_1_63' title="bbox 2001 2256 3583 2329; baseline 0 -18"><span class='ocrx_word' id='word_1_486' title='bbox 2001 2267 2089 2311; x_wconf 88' lang='lat' dir='ltr'><strong>tur</strong></span> <span class='ocrx_word' id='word_1_487' title='bbox 2112 2274 2131 2312; x_wconf 91' lang='lat'><strong><em>:</em></strong></span> <span class='ocrx_word' id='word_1_488' title='bbox 2162 2267 2370 2313; x_wconf 90' lang='lat' dir='ltr'><strong>tantum</strong></span> <span class='ocrx_word' id='word_1_489' title='bbox 2400 2276 2503 2313; x_wconf 91' lang='lat' dir='ltr'><strong>non</strong></span> <span class='ocrx_word' id='word_1_490' title='bbox 2530 2261 2839 2329; x_wconf 76' lang='lat' dir='ltr'><strong>prwcipiens</strong></span> <span class='ocrx_word' id='word_1_491' title='bbox 2868 2269 2925 2312; x_wconf 90' lang='lat' dir='ltr'><strong>ut</strong></span> <span class='ocrx_word' id='word_1_492' title='bbox 2962 2277 3024 2313; x_wconf 89' lang='lat' dir='ltr'><strong>ne</strong></span> <span class='ocrx_word' id='word_1_493' title='bbox 3052 2267 3355 2313; x_wconf 87' lang='lat' dir='ltr'><strong>cunctemur</strong></span> <span class='ocrx_word' id='word_1_494' title='bbox 3381 2256 3583 2311; x_wconf 84' lang='lat' dir='ltr'><strong>Filium</strong></span> 
     </span>
    </p>
   </div>
   <div class='ocr_carea' id='block_1_64' title="bbox 2000 2349 3583 2421">
    <p class='ocr_par' dir='ltr' id='par_1_64' title="bbox 2000 2349 3583 2421">
     <span class='ocr_line' id='line_1_64' title="bbox 2000 2349 3583 2421; baseline -0.001 -18"><span class='ocrx_word' id='word_1_495' title='bbox 2000 2368 2201 2421; x_wconf 88' lang='lat' dir='ltr'><strong>quoque</strong></span> <span class='ocrx_word' id='word_1_496' title='bbox 2235 2350 2332 2404; x_wconf 88' lang='lat' dir='ltr'><strong>Dei</strong></span> <span class='ocrx_word' id='word_1_497' title='bbox 2372 2350 2539 2404; x_wconf 91' lang='lat' dir='ltr'><strong>Deum</strong></span> <span class='ocrx_word' id='word_1_498' title='bbox 2583 2367 2789 2405; x_wconf 84' lang='lat' dir='ltr'><strong>vocare.</strong></span> <span class='ocrx_word' id='word_1_499' title='bbox 2830 2349 2891 2405; x_wconf 89' lang='lat' dir='ltr'><strong>Si</strong></span> <span class='ocrx_word' id='word_1_500' title='bbox 2923 2352 3059 2404; x_wconf 86' lang='lat' dir='ltr'><strong>enim</strong></span> <span class='ocrx_word' id='word_1_501' title='bbox 3100 2351 3266 2420; x_wconf 81' lang='lat' dir='ltr'><strong>gentis</strong></span> <span class='ocrx_word' id='word_1_502' title='bbox 3298 2350 3583 2416; x_wconf 83' lang='lat' dir='ltr'><strong>principes,</strong></span> 
     </span>
    </p>
   </div>
   <div class='ocr_carea' id='block_1_65' title="bbox 1999 2440 3582 2512">
    <p class='ocr_par' dir='ltr' id='par_1_65' title="bbox 1999 2440 3582 2512">
     <span class='ocr_line' id='line_1_65' title="bbox 1999 2440 3582 2512; baseline -0.003 -16"><span class='ocrx_word' id='word_1_503' title='bbox 1999 2445 2089 2508; x_wconf 89' lang='lat' dir='ltr'><strong>qui</strong></span> <span class='ocrx_word' id='word_1_504' title='bbox 2124 2442 2262 2497; x_wconf 86' lang='lat' dir='ltr'><strong>male</strong></span> <span class='ocrx_word' id='word_1_505' title='bbox 2299 2442 2604 2507; x_wconf 84' lang='lat' dir='ltr'><strong>audiebant,</strong></span> <span class='ocrx_word' id='word_1_506' title='bbox 2638 2444 2736 2498; x_wconf 85' lang='lat' dir='ltr'><strong>Dei</strong></span> <span class='ocrx_word' id='word_1_507' title='bbox 2764 2444 2975 2498; x_wconf 85' lang='lat' dir='ltr'><strong>nomine</strong></span> <span class='ocrx_word' id='word_1_508' title='bbox 3006 2441 3213 2512; x_wconf 86' lang='lat' dir='ltr'><strong>dignati</strong></span> <span class='ocrx_word' id='word_1_509' title='bbox 3247 2448 3389 2506; x_wconf 87' lang='lat' dir='ltr'><strong>sunt,</strong></span> <span class='ocrx_word' id='word_1_510' title='bbox 3419 2440 3582 2510; x_wconf 89' lang='lat' dir='ltr'><strong>quod,</strong></span> 
     </span>
    </p>
   </div>
   <div class='ocr_carea' id='block_1_66' title="bbox 1998 2530 3586 2605">
    <p class='ocr_par' dir='ltr' id='par_1_66' title="bbox 1998 2530 3586 2605">
     <span class='ocr_line' id='line_1_66' title="bbox 1998 2530 3586 2605; baseline -0.001 -18"><span class='ocrx_word' id='word_1_511' title='bbox 1998 2551 2196 2605; x_wconf 67' lang='lat' dir='ltr'><strong>quaeso,</strong></span> <span class='ocrx_word' id='word_1_512' title='bbox 2230 2535 2521 2603; x_wconf 86' lang='lat' dir='ltr'><strong>periculum</strong></span> <span class='ocrx_word' id='word_1_513' title='bbox 2549 2536 2728 2605; x_wconf 82' lang='lat' dir='ltr'><strong>fuerit,</strong></span> <span class='ocrx_word' id='word_1_514' title='bbox 2761 2536 2810 2589; x_wconf 85' lang='lat' dir='ltr'><strong>si</strong></span> <span class='ocrx_word' id='word_1_515' title='bbox 2840 2534 3011 2589; x_wconf 89' lang='lat' dir='ltr'><strong>virum</strong></span> <span class='ocrx_word' id='word_1_516' title='bbox 3044 2534 3273 2588; x_wconf 73' lang='lat' dir='ltr'><strong>dextera:</strong></span> <span class='ocrx_word' id='word_1_517' title='bbox 3293 2532 3387 2587; x_wconf 88' lang='lat' dir='ltr'><strong>Dei</strong></span> <span class='ocrx_word' id='word_1_518' title='bbox 3410 2541 3460 2586; x_wconf 87' lang='lat' dir='ltr'><strong>et</strong></span> <span class='ocrx_word' id='word_1_519' title='bbox 3491 2530 3586 2586; x_wconf 81' lang='lat' dir='ltr'><strong>Fi-</strong></span> 
     </span>
    </p>
   </div>
   <div class='ocr_carea' id='block_1_67' title="bbox 2002 2624 3587 2698">
    <p class='ocr_par' dir='ltr' id='par_1_67' title="bbox 2002 2624 3587 2698">
     <span class='ocr_line' id='line_1_67' title="bbox 2002 2624 3587 2698; baseline 0.001 -19"><span class='ocrx_word' id='word_1_520' title='bbox 2002 2628 2131 2680; x_wconf 89' lang='lat' dir='ltr'><strong>lium</strong></span> <span class='ocrx_word' id='word_1_521' title='bbox 2160 2627 2387 2682; x_wconf 81' lang='lat' dir='ltr'><strong>hominis</strong></span> <span class='ocrx_word' id='word_1_522' title='bbox 2412 2630 2807 2698; x_wconf 82' lang='lat' dir='ltr'><strong>conﬁrmatum,</strong></span> <span class='ocrx_word' id='word_1_523' title='bbox 2846 2628 3013 2683; x_wconf 89' lang='lat' dir='ltr'><strong>Deum</strong></span> <span class='ocrx_word' id='word_1_524' title='bbox 3038 2628 3343 2697; x_wconf 79' lang='lat' dir='ltr'><strong>fateamur?</strong></span> <span class='ocrx_word' id='word_1_525' title='bbox 3369 2624 3587 2681; x_wconf 88' lang='lat' dir='ltr'><strong>Clarius</strong></span> 
     </span>
    </p>
   </div>
   <div class='ocr_carea' id='block_1_68' title="bbox 2000 2717 3582 2791">
    <p class='ocr_par' dir='ltr' id='par_1_68' title="bbox 2000 2717 3582 2791">
     <span class='ocr_line' id='line_1_68' title="bbox 2000 2717 3582 2791; baseline -0.001 -19"><span class='ocrx_word' id='word_1_526' title='bbox 2000 2726 2178 2772; x_wconf 90' lang='lat' dir='ltr'><strong>autem</strong></span> <span class='ocrx_word' id='word_1_527' title='bbox 2194 2722 2247 2773; x_wconf 92' lang='lat' dir='ltr'><strong>in</strong></span> <span class='ocrx_word' id='word_1_528' title='bbox 2266 2721 2609 2791; x_wconf 82' lang='lat' dir='ltr'><strong>expositione</strong></span> <span class='ocrx_word' id='word_1_529' title='bbox 2622 2720 2815 2791; x_wconf 87' lang='lat' dir='ltr'><strong>psalmi</strong></span> <span class='ocrx_word' id='word_1_530' title='bbox 2842 2717 3324 2783; x_wconf 80' lang='lat' dir='ltr'><strong>Lxxxvm,vers.7,</strong></span> <span class='ocrx_word' id='word_1_531' title='bbox 3345 2717 3582 2787; x_wconf 88' lang='lat' dir='ltr'><strong>idipsum</strong></span> 
     </span>
    </p>
   </div>
   <div class='ocr_carea' id='block_1_69' title="bbox 1998 2811 3581 2883">
    <p class='ocr_par' dir='ltr' id='par_1_69' title="bbox 1998 2811 3581 2883">
     <span class='ocr_line' id='line_1_69' title="bbox 1998 2811 3581 2883; baseline -0.001 -18"><span class='ocrx_word' id='word_1_532' title='bbox 1998 2811 2255 2881; x_wconf 79' lang='lat' dir='ltr'><strong>exprimit</strong></span> <span class='ocrx_word' id='word_1_533' title='bbox 2306 2811 2393 2867; x_wconf 83' lang='lat' dir='ltr'><strong>his</strong></span> <span class='ocrx_word' id='word_1_534' title='bbox 2443 2813 2660 2869; x_wconf 86' lang='lat' dir='ltr'><strong>verbis:</strong></span> <span class='ocrx_word' id='word_1_535' title='bbox 2694 2815 2855 2866; x_wconf 83' lang='grc' dir='ltr'>Δοκεῖ</span> <span class='ocrx_word' id='word_1_536' title='bbox 2901 2812 2958 2865; x_wconf 80' lang='grc' dir='ltr'><strong>δέ</strong></span> <span class='ocrx_word' id='word_1_537' title='bbox 3012 2813 3161 2883; x_wconf 89' lang='grc' dir='ltr'>μοιὸ</span> <span class='ocrx_word' id='word_1_538' title='bbox 3197 2811 3581 2882; x_wconf 80' lang='grc' dir='ltr'><strong>Προφήτης....</strong></span> 
     </span>
    </p>
   </div>
   <div class='ocr_carea' id='block_1_70' title="bbox 1999 2900 3586 2975">
    <p class='ocr_par' dir='ltr' id='par_1_70' title="bbox 1999 2900 3586 2975">
     <span class='ocr_line' id='line_1_70' title="bbox 1999 2900 3586 2975; baseline 0 -22"><span class='ocrx_word' id='word_1_539' title='bbox 1999 2900 2540 2972; x_wconf 81' lang='grc' dir='ltr'>ὑπερεκπλήττεσθαι</span> <span class='ocrx_word' id='word_1_540' title='bbox 2573 2904 2666 2957; x_wconf 86' lang='grc' dir='ltr'><strong>τὸν</strong></span> <span class='ocrx_word' id='word_1_541' title='bbox 2715 2904 2973 2958; x_wconf 79' lang='grc' dir='ltr'>ἐπέκεινα</span> <span class='ocrx_word' id='word_1_542' title='bbox 3024 2904 3262 2965; x_wconf 87' lang='grc' dir='ltr'>πάντων,</span> <span class='ocrx_word' id='word_1_543' title='bbox 3300 2902 3395 2955; x_wconf 75' lang='grc' dir='ltr'>καὶ</span> <span class='ocrx_word' id='word_1_544' title='bbox 3445 2901 3586 2975; x_wconf 83' lang='grc' dir='ltr'>ὑπὲρ</span> 
     </span>
    </p>
   </div>
   <div class='ocr_carea' id='block_1_71' title="bbox 1998 2992 3586 3067">
    <p class='ocr_par' dir='ltr' id='par_1_71' title="bbox 1998 2992 3586 3067">
     <span class='ocr_line' id='line_1_71' title="bbox 1998 2992 3586 3067; baseline 0.001 -21"><span class='ocrx_word' id='word_1_545' title='bbox 1998 2993 2211 3056; x_wconf 86' lang='grc' dir='ltr'>πάντας</span> <span class='ocrx_word' id='word_1_546' title='bbox 2247 2994 2340 3049; x_wconf 83' lang='grc' dir='ltr'><strong>τὸν</strong></span> <span class='ocrx_word' id='word_1_547' title='bbox 2382 2995 2666 3067; x_wconf 85' lang='grc' dir='ltr'>Μονογενῆ</span> <span class='ocrx_word' id='word_1_548' title='bbox 2697 2995 2790 3050; x_wconf 84' lang='grc' dir='ltr'><strong>τοῦ</strong></span> <span class='ocrx_word' id='word_1_549' title='bbox 2825 2994 2963 3050; x_wconf 89' lang='grc' dir='ltr'>Θεοῦ</span> <span class='ocrx_word' id='word_1_550' title='bbox 2983 3013 2995 3026; x_wconf 89' lang='grc'><strong>·</strong></span> <span class='ocrx_word' id='word_1_551' title='bbox 3029 2992 3127 3049; x_wconf 78' lang='grc' dir='ltr'>εἶτ’</span> <span class='ocrx_word' id='word_1_552' title='bbox 3156 2997 3220 3048; x_wconf 85' lang='grc' dir='ltr'>ὲκ</span> <span class='ocrx_word' id='word_1_553' title='bbox 3243 2993 3337 3048; x_wconf 85' lang='grc' dir='ltr'><strong>τοῦ</strong></span> <span class='ocrx_word' id='word_1_554' title='bbox 3371 2992 3586 3064; x_wconf 79' lang='grc' dir='ltr'>Θαύμα-</span> 
     </span>
    </p>
   </div>
   <div class='ocr_carea' id='block_1_72' title="bbox 1996 3087 3582 3160">
    <p class='ocr_par' dir='ltr' id='par_1_72' title="bbox 1996 3087 3582 3160">
     <span class='ocr_line' id='line_1_72' title="bbox 1996 3087 3582 3160; baseline -0.002 -18"><span class='ocrx_word' id='word_1_555' title='bbox 1996 3104 2089 3151; x_wconf 81' lang='grc' dir='ltr'><strong>τος</strong></span> <span class='ocrx_word' id='word_1_556' title='bbox 2123 3088 2612 3160; x_wconf 77' lang='grc' dir='ltr'>ἀναπεφωνηκὲναι</span> <span class='ocrx_word' id='word_1_557' title='bbox 2641 3089 2722 3154; x_wconf 83' lang='grc' dir='ltr'><strong>τὸ,</strong></span> <span class='ocrx_word' id='word_1_558' title='bbox 2761 3091 2889 3144; x_wconf 80' lang='grc' dir='ltr'>’Ὅτι</span> <span class='ocrx_word' id='word_1_559' title='bbox 2913 3090 3004 3156; x_wconf 83' lang='grc' dir='ltr'>τίς</span> <span class='ocrx_word' id='word_1_560' title='bbox 3033 3088 3102 3142; x_wconf 82' lang='grc' dir='ltr'><strong>ἐν</strong></span> <span class='ocrx_word' id='word_1_561' title='bbox 3132 3087 3418 3157; x_wconf 72' lang='grc' dir='ltr'>νεφέλαις</span> <span class='ocrx_word' id='word_1_562' title='bbox 3446 3089 3582 3139; x_wconf 81' lang='grc' dir='ltr'><strong>ἰσω-</strong></span> 
     </span>
    </p>
   </div>
   <div class='ocr_carea' id='block_1_73' title="bbox 2000 3178 3585 3253">
    <p class='ocr_par' dir='ltr' id='par_1_73' title="bbox 2000 3178 3585 3253">
     <span class='ocr_line' id='line_1_73' title="bbox 2000 3178 3585 3253; baseline -0.003 -18"><span class='ocrx_word' id='word_1_563' title='bbox 2000 3179 2247 3246; x_wconf 81' lang='grc' dir='ltr'>θήσεται</span> <span class='ocrx_word' id='word_1_564' title='bbox 2297 3179 2378 3245; x_wconf 83' lang='grc' dir='ltr'><strong>τῷ</strong></span> <span class='ocrx_word' id='word_1_565' title='bbox 2420 3183 2615 3250; x_wconf 83' lang='grc' dir='ltr'>Κυρίῳ</span> <span class='ocrx_word' id='word_1_566' title='bbox 2631 3182 2717 3253; x_wconf 81' lang='grc' dir='ltr'><strong>;ἢ</strong></span> <span class='ocrx_word' id='word_1_567' title='bbox 2767 3181 2910 3236; x_wconf 81' lang='grc' dir='ltr'>κατὰ</span> <span class='ocrx_word' id='word_1_568' title='bbox 2964 3181 3056 3234; x_wconf 77' lang='grc' dir='ltr'><strong>τὸν</strong></span> <span class='ocrx_word' id='word_1_569' title='bbox 3105 3178 3432 3252; x_wconf 83' lang='grc' dir='ltr'>Σύμμαχον·</span> <span class='ocrx_word' id='word_1_570' title='bbox 3491 3179 3585 3245; x_wconf 83' lang='grc' dir='ltr'><strong>Τίς</strong></span> 
     </span>
    </p>
   </div>
   <div class='ocr_carea' id='block_1_74' title="bbox 2002 3269 3585 3342">
    <p class='ocr_par' dir='ltr' id='par_1_74' title="bbox 2002 3269 3585 3342">
     <span class='ocr_line' id='line_1_74' title="bbox 2002 3269 3585 3342; baseline -0.001 -16"><span class='ocrx_word' id='word_1_571' title='bbox 2002 3272 2112 3342; x_wconf 73' lang='grc' dir='ltr'>γὰρ</span> <span class='ocrx_word' id='word_1_572' title='bbox 2143 3272 2214 3326; x_wconf 85' lang='grc' dir='ltr'><strong>ἐν</strong></span> <span class='ocrx_word' id='word_1_573' title='bbox 2261 3271 2448 3340; x_wconf 73' lang='grc' dir='ltr'>αἰθέρι</span> <span class='ocrx_word' id='word_1_574' title='bbox 2481 3272 2941 3341; x_wconf 76' lang='grc' dir='ltr'>ἀντιπαραθέσει</span> <span class='ocrx_word' id='word_1_575' title='bbox 2986 3272 3066 3338; x_wconf 83' lang='grc' dir='ltr'>τῷ</span> <span class='ocrx_word' id='word_1_576' title='bbox 3097 3273 3293 3340; x_wconf 84' lang='grc' dir='ltr'>Κυρίῳ</span> <span class='ocrx_word' id='word_1_577' title='bbox 3335 3271 3404 3325; x_wconf 80' lang='grc' dir='ltr'><strong>ἐν</strong></span> <span class='ocrx_word' id='word_1_578' title='bbox 3435 3269 3585 3335; x_wconf 81' lang='grc' dir='ltr'>υἱοῖς</span> 
     </span>
    </p>
   </div>
   <div class='ocr_carea' id='block_1_75' title="bbox 2004 3359 3587 3436">
    <p class='ocr_par' dir='ltr' id='par_1_75' title="bbox 2004 3359 3587 3436">
     <span class='ocr_line' id='line_1_75' title="bbox 2004 3359 3587 3436; baseline -0.001 -19"><span class='ocrx_word' id='word_1_579' title='bbox 2004 3364 2184 3428; x_wconf 85' lang='grc' dir='ltr'><strong>Θεοῦ;</strong></span> <span class='ocrx_word' id='word_1_580' title='bbox 2211 3362 2395 3417; x_wconf 88' lang='grc' dir='ltr'>Ταῦτα</span> <span class='ocrx_word' id='word_1_581' title='bbox 2438 3363 2495 3417; x_wconf 82' lang='grc' dir='ltr'><strong>δὲ</strong></span> <span class='ocrx_word' id='word_1_582' title='bbox 2525 3365 2651 3436; x_wconf 78' lang='grc' dir='ltr'>περὶ</span> <span class='ocrx_word' id='word_1_583' title='bbox 2685 3364 2782 3435; x_wconf 84' lang='grc' dir='ltr'><strong>μὲν</strong></span> <span class='ocrx_word' id='word_1_584' title='bbox 2823 3364 2916 3417; x_wconf 84' lang='grc' dir='ltr'><strong>τοῦ</strong></span> <span class='ocrx_word' id='word_1_585' title='bbox 2952 3363 3292 3432; x_wconf 87' lang='grc' dir='ltr'>Μονογενοῦς</span> <span class='ocrx_word' id='word_1_586' title='bbox 3329 3362 3423 3415; x_wconf 88' lang='grc' dir='ltr'><strong>τοῦ</strong></span> <span class='ocrx_word' id='word_1_587' title='bbox 3450 3359 3587 3416; x_wconf 86' lang='grc' dir='ltr'>Θεοῦ</span> 
     </span>
    </p>
   </div>
   <div class='ocr_carea' id='block_1_76' title="bbox 2001 3453 3586 3527">
    <p class='ocr_par' dir='ltr' id='par_1_76' title="bbox 2001 3453 3586 3527">
     <span class='ocr_line' id='line_1_76' title="bbox 2001 3453 3586 3527; baseline -0.001 -20"><span class='ocrx_word' id='word_1_588' title='bbox 2001 3455 2266 3526; x_wconf 87' lang='grc' dir='ltr'>λεγόμενα</span> <span class='ocrx_word' id='word_1_589' title='bbox 2299 3454 2460 3520; x_wconf 79' lang='grc' dir='ltr'>σώζοι</span> <span class='ocrx_word' id='word_1_590' title='bbox 2494 3454 2560 3508; x_wconf 85' lang='grc' dir='ltr'><strong>ἂν</strong></span> <span class='ocrx_word' id='word_1_591' title='bbox 2585 3456 2784 3527; x_wconf 74' lang='grc' dir='ltr'>εὐσεϐῆ</span> <span class='ocrx_word' id='word_1_592' title='bbox 2814 3456 2914 3527; x_wconf 84' lang='grc' dir='ltr'><strong>τὴν</strong></span> <span class='ocrx_word' id='word_1_593' title='bbox 2946 3455 3202 3519; x_wconf 85' lang='grc' dir='ltr'>διάνοιαν,</span> <span class='ocrx_word' id='word_1_594' title='bbox 3236 3455 3297 3507; x_wconf 86' lang='grc' dir='ltr'><strong>ού</strong></span> <span class='ocrx_word' id='word_1_595' title='bbox 3328 3453 3426 3525; x_wconf 84' lang='grc' dir='ltr'><strong>μὲν</strong></span> <span class='ocrx_word' id='word_1_596' title='bbox 3456 3453 3586 3526; x_wconf 78' lang='grc' dir='ltr'>περὶ</span> 
     </span>
    </p>
   </div>
   <div class='ocr_carea' id='block_1_77' title="bbox 1999 3546 3586 3619">
    <p class='ocr_par' dir='ltr' id='par_1_77' title="bbox 1999 3546 3586 3619">
     <span class='ocr_line' id='line_1_77' title="bbox 1999 3546 3586 3619; baseline -0.001 -19"><span class='ocrx_word' id='word_1_597' title='bbox 1999 3547 2092 3600; x_wconf 88' lang='grc' dir='ltr'><strong>τοῦ</strong></span> <span class='ocrx_word' id='word_1_598' title='bbox 2124 3547 2338 3619; x_wconf 84' lang='grc' dir='ltr'>Πατρὸς</span> <span class='ocrx_word' id='word_1_599' title='bbox 2381 3547 2476 3600; x_wconf 77' lang='grc' dir='ltr'><strong>καὶ</strong></span> <span class='ocrx_word' id='word_1_600' title='bbox 2504 3547 2640 3601; x_wconf 90' lang='grc' dir='ltr'>Θεοῦ</span> <span class='ocrx_word' id='word_1_601' title='bbox 2669 3547 2777 3600; x_wconf 82' lang='grc' dir='ltr'><strong>τῶν</strong></span> <span class='ocrx_word' id='word_1_602' title='bbox 2818 3547 2988 3600; x_wconf 59' lang='grc' dir='ltr'><strong>ὅλων</strong></span> <span class='ocrx_word' id='word_1_603' title='bbox 3024 3548 3291 3610; x_wconf 79' lang='grc' dir='ltr'>ἀνοίκειος</span> <span class='ocrx_word' id='word_1_604' title='bbox 3338 3546 3447 3617; x_wconf 76' lang='grc' dir='ltr'><strong>γὰρ</strong></span> <span class='ocrx_word' id='word_1_605' title='bbox 3489 3546 3586 3600; x_wconf 74' lang='grc' dir='ltr'>καὶ</span> 
     </span>
    </p>
   </div>
   <div class='ocr_carea' id='block_1_78' title="bbox 2002 3638 3586 3713">
    <p class='ocr_par' dir='ltr' id='par_1_78' title="bbox 2002 3638 3586 3713">
     <span class='ocr_line' id='line_1_78' title="bbox 2002 3638 3586 3713; baseline -0.001 -19"><span class='ocrx_word' id='word_1_606' title='bbox 2002 3640 2204 3713; x_wconf 86' lang='grc' dir='ltr'>ἀσεϐὴς</span> <span class='ocrx_word' id='word_1_607' title='bbox 2241 3644 2274 3713; x_wconf 78' lang='grc' dir='ltr'>ἡ</span> <span class='ocrx_word' id='word_1_608' title='bbox 2319 3641 2637 3713; x_wconf 87' lang='grc' dir='ltr'>παράθεσις.</span> <span class='ocrx_word' id='word_1_609' title='bbox 2675 3641 2748 3693; x_wconf 85' lang='grc' dir='ltr'><strong>Τὸ</strong></span> <span class='ocrx_word' id='word_1_610' title='bbox 2794 3640 2903 3710; x_wconf 89' lang='grc' dir='ltr'><strong>γάρ</strong></span> <span class='ocrx_word' id='word_1_611' title='bbox 2946 3640 3080 3704; x_wconf 84' lang='grc' dir='ltr'>υἱοῖς</span> <span class='ocrx_word' id='word_1_612' title='bbox 3123 3638 3259 3692; x_wconf 86' lang='grc' dir='ltr'>Θεοῦ</span> <span class='ocrx_word' id='word_1_613' title='bbox 3304 3638 3586 3709; x_wconf 80' lang='grc' dir='ltr'>παραϐάλο</span> 
     </span>
    </p>
   </div>
   <div class='ocr_carea' id='block_1_79' title="bbox 2000 3730 3586 3803">
    <p class='ocr_par' dir='ltr' id='par_1_79' title="bbox 2000 3730 3586 3803">
     <span class='ocr_line' id='line_1_79' title="bbox 2000 3730 3586 3803; baseline 0 -18"><span class='ocrx_word' id='word_1_614' title='bbox 2000 3732 2112 3785; x_wconf 87' lang='grc' dir='ltr'>λειν</span> <span class='ocrx_word' id='word_1_615' title='bbox 2152 3733 2213 3785; x_wconf 86' lang='grc' dir='ltr'><strong>τὸ</strong></span> <span class='ocrx_word' id='word_1_616' title='bbox 2268 3733 2485 3787; x_wconf 86' lang='grc' dir='ltr'>πάντων</span> <span class='ocrx_word' id='word_1_617' title='bbox 2529 3732 2725 3797; x_wconf 79' lang='grc' dir='ltr'>αἴτιον,</span> <span class='ocrx_word' id='word_1_618' title='bbox 2775 3732 2869 3785; x_wconf 71' lang='grc' dir='ltr'><strong>καὶ</strong></span> <span class='ocrx_word' id='word_1_619' title='bbox 2914 3731 2976 3785; x_wconf 77' lang='grc' dir='ltr'><strong>τὸ</strong></span> <span class='ocrx_word' id='word_1_620' title='bbox 3025 3731 3333 3803; x_wconf 78' lang='grc' dir='ltr'>συγκρίνειν</span> <span class='ocrx_word' id='word_1_621' title='bbox 3379 3730 3586 3802; x_wconf 73' lang='grc' dir='ltr'>ἑτέροις</span> 
     </span>
    </p>
   </div>
   <div class='ocr_carea' id='block_1_80' title="bbox 2000 3819 3599 3895">
    <p class='ocr_par' dir='ltr' id='par_1_80' title="bbox 2000 3819 3599 3895">
     <span class='ocr_line' id='line_1_80' title="bbox 2000 3819 3599 3895; baseline -0.003 -18"><span class='ocrx_word' id='word_1_622' title='bbox 2000 3824 2203 3895; x_wconf 80' lang='grc' dir='ltr'>τολμᾷν</span> <span class='ocrx_word' id='word_1_623' title='bbox 2232 3824 2324 3877; x_wconf 87' lang='grc' dir='ltr'><strong>τὸν</strong></span> <span class='ocrx_word' id='word_1_624' title='bbox 2357 3824 2613 3877; x_wconf 76' lang='grc' dir='ltr'>ἐπέκεινα</span> <span class='ocrx_word' id='word_1_625' title='bbox 2657 3823 2766 3876; x_wconf 84' lang='grc' dir='ltr'><strong>τῶν</strong></span> <span class='ocrx_word' id='word_1_626' title='bbox 2795 3822 2929 3876; x_wconf 84' lang='grc' dir='ltr'>ὅλων</span> <span class='ocrx_word' id='word_1_627' title='bbox 2969 3822 3121 3886; x_wconf 79' lang='grc' dir='ltr'>Θεὸν,</span> <span class='ocrx_word' id='word_1_628' title='bbox 3151 3820 3368 3875; x_wconf 84' lang='grc' dir='ltr'>πάντων</span> <span class='ocrx_word' id='word_1_629' title='bbox 3393 3819 3459 3873; x_wconf 78' lang='grc' dir='ltr'><strong>ἂν</strong></span> <span class='ocrx_word' id='word_1_630' title='bbox 3489 3820 3599 3888; x_wconf 43' lang='grc' dir='ltr'><strong>γέ-η</strong></span> 
     </span>
    </p>
   </div>
   <div class='ocr_carea' id='block_1_81' title="bbox 2001 3911 3587 3983">
    <p class='ocr_par' dir='ltr' id='par_1_81' title="bbox 2001 3911 3587 3983">
     <span class='ocr_line' id='line_1_81' title="bbox 2001 3911 3587 3983; baseline -0.004 -13"><span class='ocrx_word' id='word_1_631' title='bbox 2001 3933 2143 3971; x_wconf 91' lang='grc' dir='ltr'>νοιτο</span> <span class='ocrx_word' id='word_1_632' title='bbox 2169 3915 2547 3970; x_wconf 83' lang='grc' dir='ltr'>ἀνοσιώτατον.</span> <span class='ocrx_word' id='word_1_633' title='bbox 2588 3914 2891 3978; x_wconf 83' lang='grc' dir='ltr'>Ἀκίνδυνος</span> <span class='ocrx_word' id='word_1_634' title='bbox 2914 3913 2958 3967; x_wconf 85' lang='grc' dir='ltr'><strong>δ’</strong></span> <span class='ocrx_word' id='word_1_635' title='bbox 2993 3912 3058 3966; x_wconf 85' lang='grc' dir='ltr'><strong>ἂν</strong></span> <span class='ocrx_word' id='word_1_636' title='bbox 3089 3913 3175 3983; x_wconf 80' lang='grc' dir='ltr'><strong>εἴη</strong></span> <span class='ocrx_word' id='word_1_637' title='bbox 3207 3914 3234 3966; x_wconf 86' lang='grc' dir='ltr'>ὁ</span> <span class='ocrx_word' id='word_1_638' title='bbox 3266 3911 3420 3981; x_wconf 83' lang='grc' dir='ltr'>λόγος</span> <span class='ocrx_word' id='word_1_639' title='bbox 3452 3912 3587 3976; x_wconf 80' lang='grc' dir='ltr'>υἱοῖς</span> 
     </span>
    </p>
   </div>
   <div class='ocr_carea' id='block_1_82' title="bbox 2001 3993 3587 4078">
    <p class='ocr_par' dir='ltr' id='par_1_82' title="bbox 2001 3993 3587 4078">
     <span class='ocr_line' id='line_1_82' title="bbox 2001 3993 3587 4078; baseline -0.002 -19"><span class='ocrx_word' id='word_1_640' title='bbox 2001 4005 2139 4059; x_wconf 89' lang='grc' dir='ltr'>Θεοῦ</span> <span class='ocrx_word' id='word_1_641' title='bbox 2187 4006 2498 4078; x_wconf 79' lang='grc' dir='ltr'>συγκρίνειν</span> <span class='ocrx_word' id='word_1_642' title='bbox 2537 4005 2666 4059; x_wconf 85' lang='grc' dir='ltr'>Υἰὺν</span> <span class='ocrx_word' id='word_1_643' title='bbox 2693 4003 2830 4059; x_wconf 83' lang='grc' dir='ltr'>Θεοῦ</span> <span class='ocrx_word' id='word_1_644' title='bbox 2880 4004 3163 4076; x_wconf 84' lang='grc' dir='ltr'>μονογενῆ,</span> <span class='ocrx_word' id='word_1_645' title='bbox 3209 4004 3305 4057; x_wconf 76' lang='grc' dir='ltr'><strong>καὶ</strong></span> <span class='ocrx_word' id='word_1_646' title='bbox 3342 4004 3401 4057; x_wconf 89' lang='grc' dir='ltr'><strong>τὸ</strong></span> <span class='ocrx_word' id='word_1_647' title='bbox 3448 3993 3587 4074; x_wconf 83' lang='grc' dir='ltr'>πρὸς</span> 
     </span>
    </p>
   </div>
   <div class='ocr_carea' id='block_1_83' title="bbox 2000 4095 3585 4170">
    <p class='ocr_par' dir='ltr' id='par_1_83' title="bbox 2000 4095 3585 4170">
     <span class='ocr_line' id='line_1_83' title="bbox 2000 4095 3585 4170; baseline -0.002 -18"><span class='ocrx_word' id='word_1_648' title='bbox 2000 4099 2211 4163; x_wconf 84' lang='grc' dir='ltr'>πάντας</span> <span class='ocrx_word' id='word_1_649' title='bbox 2270 4098 2603 4170; x_wconf 85' lang='grc' dir='ltr'>ἀσύγκριτον</span> <span class='ocrx_word' id='word_1_650' title='bbox 2656 4096 2821 4150; x_wconf 82' lang='grc' dir='ltr'>αὐτοῦ</span> <span class='ocrx_word' id='word_1_651' title='bbox 2878 4098 2973 4151; x_wconf 79' lang='grc' dir='ltr'>καὶ</span> <span class='ocrx_word' id='word_1_652' title='bbox 3029 4095 3403 4168; x_wconf 86' lang='grc' dir='ltr'>ἀπαράθετον,</span> <span class='ocrx_word' id='word_1_653' title='bbox 3460 4095 3585 4149; x_wconf 84' lang='grc' dir='ltr'>καθ’</span> 
     </span>
    </p>
   </div>
   <div class='ocr_carea' id='block_1_84' title="bbox 2002 4182 3587 4260">
    <p class='ocr_par' dir='ltr' id='par_1_84' title="bbox 2002 4182 3587 4260">
     <span class='ocr_line' id='line_1_84' title="bbox 2002 4182 3587 4260; baseline -0.001 -19"><span class='ocrx_word' id='word_1_654' title='bbox 2002 4182 2310 4260; x_wconf 76' lang='grc' dir='ltr'>ὑπερϐολήν</span> <span class='ocrx_word' id='word_1_655' title='bbox 2334 4205 2395 4241; x_wconf 89' lang='grc' dir='ltr'><strong>τε</strong></span> <span class='ocrx_word' id='word_1_656' title='bbox 2424 4188 2689 4258; x_wconf 82' lang='grc' dir='ltr'>ὑπερέχον</span> <span class='ocrx_word' id='word_1_657' title='bbox 2727 4186 3038 4258; x_wconf 78' lang='grc' dir='ltr'>σημαίνειν.</span> <span class='ocrx_word' id='word_1_658' title='bbox 3090 4186 3148 4240; x_wconf 88' lang='lat' dir='ltr'><strong>ld</strong></span> <span class='ocrx_word' id='word_1_659' title='bbox 3185 4193 3270 4241; x_wconf 87' lang='lat' dir='ltr'><strong>est</strong></span> <span class='ocrx_word' id='word_1_660' title='bbox 3308 4186 3587 4254; x_wconf 47' lang='lat' dir='ltr'><strong>:Videturg</strong></span> 
     </span>
    </p>
   </div>
   <div class='ocr_carea' id='block_1_85' title="bbox 2000 4277 3584 4353">
    <p class='ocr_par' dir='ltr' id='par_1_85' title="bbox 2000 4277 3584 4353">
     <span class='ocr_line' id='line_1_85' title="bbox 2000 4277 3584 4353; baseline -0.001 -18"><span class='ocrx_word' id='word_1_661' title='bbox 2000 4297 2099 4353; x_wconf 79' lang='lat' dir='ltr'><strong>que</strong></span> <span class='ocrx_word' id='word_1_662' title='bbox 2122 4280 2251 4335; x_wconf 71' lang='lat' dir='ltr'><strong>milii</strong></span> <span class='ocrx_word' id='word_1_663' title='bbox 2273 4277 2651 4351; x_wconf 82' lang='lat' dir='ltr'><strong>Propheta.....</strong></span> <span class='ocrx_word' id='word_1_664' title='bbox 2686 4296 2805 4334; x_wconf 91' lang='lat' dir='ltr'><strong>eum</strong></span> <span class='ocrx_word' id='word_1_665' title='bbox 2834 4281 2923 4350; x_wconf 88' lang='lat' dir='ltr'><strong>qui</strong></span> <span class='ocrx_word' id='word_1_666' title='bbox 2951 4296 3130 4334; x_wconf 87' lang='lat' dir='ltr'><strong>omnes</strong></span> <span class='ocrx_word' id='word_1_667' title='bbox 3159 4280 3381 4343; x_wconf 71' lang='lat' dir='ltr'><strong>excedit,</strong></span> <span class='ocrx_word' id='word_1_668' title='bbox 3408 4296 3584 4334; x_wconf 84' lang='lat' dir='ltr'><strong>omnes</strong></span> 
     </span>
    </p>
   </div>
   <div class='ocr_carea' id='block_1_86' title="bbox 2002 4368 3585 4443">
    <p class='ocr_par' dir='ltr' id='par_1_86' title="bbox 2002 4368 3585 4443">
     <span class='ocr_line' id='line_1_86' title="bbox 2002 4368 3585 4443; baseline -0.001 -18"><span class='ocrx_word' id='word_1_669' title='bbox 2002 4382 2238 4439; x_wconf 83' lang='lat' dir='ltr'><strong>superat,</strong></span> <span class='ocrx_word' id='word_1_670' title='bbox 2270 4369 2607 4443; x_wconf 84' lang='lat' dir='ltr'><strong>Unigenitum</strong></span> <span class='ocrx_word' id='word_1_671' title='bbox 2650 4368 2750 4423; x_wconf 86' lang='lat' dir='ltr'><strong>Dei</strong></span> <span class='ocrx_word' id='word_1_672' title='bbox 2795 4385 2914 4422; x_wconf 89' lang='lat' dir='ltr'><strong>cum</strong></span> <span class='ocrx_word' id='word_1_673' title='bbox 2958 4378 3170 4438; x_wconf 83' lang='lat' dir='ltr'><strong>stupore</strong></span> <span class='ocrx_word' id='word_1_674' title='bbox 3211 4368 3585 4424; x_wconf 87' lang='lat' dir='ltr'><strong>considerare:</strong></span> 
     </span>
    </p>
   </div>
   <div class='ocr_carea' id='block_1_87' title="bbox 2002 4460 3585 4531">
    <p class='ocr_par' dir='ltr' id='par_1_87' title="bbox 2002 4460 3585 4531">
     <span class='ocr_line' id='line_1_87' title="bbox 2002 4460 3585 4531; baseline 0 -16"><span class='ocrx_word' id='word_1_675' title='bbox 2002 4462 2188 4518; x_wconf 85' lang='lat' dir='ltr'><strong>deinde</strong></span> <span class='ocrx_word' id='word_1_676' title='bbox 2219 4477 2284 4516; x_wconf 78' lang='lat' dir='ltr'><strong>ex</strong></span> <span class='ocrx_word' id='word_1_677' title='bbox 2306 4462 2658 4517; x_wconf 87' lang='lat' dir='ltr'><strong>admiratione</strong></span> <span class='ocrx_word' id='word_1_678' title='bbox 2694 4462 2806 4516; x_wconf 81' lang='lat' dir='ltr'><strong>ltwc</strong></span> <span class='ocrx_word' id='word_1_679' title='bbox 2857 4460 3016 4531; x_wconf 76' lang='lat' dir='ltr'><strong>eﬂ&#39;ari</strong></span> <span class='ocrx_word' id='word_1_680' title='bbox 3045 4477 3064 4515; x_wconf 91' lang='lat'><strong><em>:</em></strong></span> <span class='ocrx_word' id='word_1_681' title='bbox 3103 4479 3121 4511; x_wconf 79' lang='grc' dir='ltr'><strong>ι</strong></span> <span class='ocrx_word' id='word_1_682' title='bbox 3164 4460 3431 4527; x_wconf 86' lang='lat' dir='ltr'><strong>Quoniam</strong></span> <span class='ocrx_word' id='word_1_683' title='bbox 3466 4461 3585 4531; x_wconf 82' lang='lat' dir='ltr'><strong>quis</strong></span> 
     </span>
    </p>
   </div>
   <div class='ocr_carea' id='block_1_88' title="bbox 383 4551 3585 4639">
    <p class='ocr_par' dir='ltr' id='par_1_88' title="bbox 383 4551 3585 4639">
     <span class='ocr_line' id='line_1_88' title="bbox 383 4551 3585 4639; baseline -0.002 -26"><span class='ocrx_word' id='word_1_684' title='bbox 383 4557 470 4612; x_wconf 81' lang='lat' dir='ltr'><strong>Ab</strong></span> <span class='ocrx_word' id='word_1_685' title='bbox 499 4559 712 4615; x_wconf 88' lang='lat' dir='ltr'><strong>unitate</strong></span> <span class='ocrx_word' id='word_1_686' title='bbox 754 4560 847 4617; x_wconf 86' lang='lat' dir='ltr'><strong>Dei</strong></span> <span class='ocrx_word' id='word_1_687' title='bbox 883 4564 1055 4617; x_wconf 74' lang='lat' dir='ltr'><strong>ordiri</strong></span> <span class='ocrx_word' id='word_1_688' title='bbox 1085 4579 1265 4635; x_wconf 69' lang='lat' dir='ltr'><strong>opem</strong></span> <span class='ocrx_word' id='word_1_689' title='bbox 1306 4567 1543 4635; x_wconf 71' lang='lat' dir='ltr'><strong>pretium</strong></span> <span class='ocrx_word' id='word_1_690' title='bbox 1574 4567 1699 4632; x_wconf 58' lang='lat' dir='ltr'><strong>erit,</strong></span> <span class='ocrx_word' id='word_1_691' title='bbox 1734 4584 1899 4639; x_wconf 72' lang='lat' dir='ltr'><strong>quam</strong></span> <span class='ocrx_word' id='word_1_692' title='bbox 1928 4571 1974 4628; x_wconf 83' lang='grc' dir='ltr'><strong>ι)</strong></span> <span class='ocrx_word' id='word_1_693' title='bbox 2002 4556 2059 4609; x_wconf 92' lang='lat' dir='ltr'><strong>in</strong></span> <span class='ocrx_word' id='word_1_694' title='bbox 2104 4554 2329 4610; x_wconf 88' lang='lat' dir='ltr'><strong>nubibus</strong></span> <span class='ocrx_word' id='word_1_695' title='bbox 2386 4554 2686 4625; x_wconf 70' lang='lat' dir='ltr'><strong>a’quabitur</strong></span> <span class='ocrx_word' id='word_1_696' title='bbox 2742 4554 3017 4610; x_wconf 84' lang='lat' dir='ltr'><strong>Domino?</strong></span> <span class='ocrx_word' id='word_1_697' title='bbox 3071 4570 3089 4607; x_wconf 74' lang='grc' dir='ltr'><strong>ι</strong></span> <span class='ocrx_word' id='word_1_698' title='bbox 3142 4554 3247 4607; x_wconf 87' lang='lat' dir='ltr'><strong>sive</strong></span> <span class='ocrx_word' id='word_1_699' title='bbox 3295 4551 3585 4606; x_wconf 89' lang='lat' dir='ltr'><strong>secundum</strong></span> 
     </span>
    </p>
   </div>
   <div class='ocr_carea' id='block_1_89' title="bbox 314 4644 1899 4727">
    <p class='ocr_par' dir='ltr' id='par_1_89' title="bbox 314 4644 1899 4727">
     <span class='ocr_line' id='line_1_89' title="bbox 314 4644 1899 4727; baseline 0.008 -28"><span class='ocrx_word' id='word_1_700' title='bbox 314 4644 588 4705; x_wconf 81' lang='lat' dir='ltr'><strong>Eusebius</strong></span> <span class='ocrx_word' id='word_1_701' title='bbox 612 4649 671 4704; x_wconf 87' lang='lat' dir='ltr'><strong>in</strong></span> <span class='ocrx_word' id='word_1_702' title='bbox 703 4668 814 4706; x_wconf 91' lang='lat' dir='ltr'><strong>uno</strong></span> <span class='ocrx_word' id='word_1_703' title='bbox 842 4652 1006 4709; x_wconf 85' lang='lat' dir='ltr'><strong>Patre</strong></span> <span class='ocrx_word' id='word_1_704' title='bbox 1039 4656 1271 4721; x_wconf 88' lang='lat' dir='ltr'><strong>servari,</strong></span> <span class='ocrx_word' id='word_1_705' title='bbox 1301 4672 1480 4727; x_wconf 89' lang='lat' dir='ltr'><strong>neque</strong></span> <span class='ocrx_word' id='word_1_706' title='bbox 1504 4656 1727 4725; x_wconf 87' lang='lat' dir='ltr'><strong>Filium,</strong></span> <span class='ocrx_word' id='word_1_707' title='bbox 1753 4660 1899 4714; x_wconf 38' lang='lat' dir='ltr'><strong>mule</strong></span> 
     </span>
    </p>
   </div>
   <div class='ocr_carea' id='block_1_90' title="bbox 314 4742 1899 4819">
    <p class='ocr_par' dir='ltr' id='par_1_90' title="bbox 314 4742 1899 4819">
     <span class='ocr_line' id='line_1_90' title="bbox 314 4742 1899 4819; baseline 0.008 -26"><span class='ocrx_word' id='word_1_708' title='bbox 314 4747 483 4810; x_wconf 90' lang='lat' dir='ltr'><strong>toque</strong></span> <span class='ocrx_word' id='word_1_709' title='bbox 514 4742 703 4798; x_wconf 89' lang='lat' dir='ltr'><strong>minus</strong></span> <span class='ocrx_word' id='word_1_710' title='bbox 736 4744 1001 4815; x_wconf 86' lang='lat' dir='ltr'><strong>Spiritum</strong></span> <span class='ocrx_word' id='word_1_711' title='bbox 1030 4756 1303 4813; x_wconf 90' lang='lat' dir='ltr'><strong>sanctum,</strong></span> <span class='ocrx_word' id='word_1_712' title='bbox 1330 4748 1383 4803; x_wconf 92' lang='lat' dir='ltr'><strong>in</strong></span> <span class='ocrx_word' id='word_1_713' title='bbox 1426 4749 1675 4819; x_wconf 88' lang='lat' dir='ltr'><strong>ejusdem</strong></span> <span class='ocrx_word' id='word_1_714' title='bbox 1713 4753 1899 4806; x_wconf 89' lang='lat' dir='ltr'><strong>unita-</strong></span> 
     </span>
    </p>
   </div>
   <div class='ocr_carea' id='block_1_91' title="bbox 315 4833 1900 4899">
    <p class='ocr_par' dir='ltr' id='par_1_91' title="bbox 315 4833 1900 4899">
     <span class='ocr_line' id='line_1_91' title="bbox 315 4833 1900 4899; baseline 0.008 -14"><span class='ocrx_word' id='word_1_715' title='bbox 315 4833 387 4888; x_wconf 90' lang='lat' dir='ltr'><strong>tis</strong></span> <span class='ocrx_word' id='word_1_716' title='bbox 416 4837 766 4890; x_wconf 88' lang='lat' dir='ltr'><strong>consortium</strong></span> <span class='ocrx_word' id='word_1_717' title='bbox 796 4838 989 4893; x_wconf 87' lang='lat' dir='ltr'><strong>venire</strong></span> <span class='ocrx_word' id='word_1_718' title='bbox 1013 4841 1161 4896; x_wconf 89' lang='lat' dir='ltr'><strong>clare</strong></span> <span class='ocrx_word' id='word_1_719' title='bbox 1190 4847 1246 4895; x_wconf 89' lang='lat' dir='ltr'><strong>et</strong></span> <span class='ocrx_word' id='word_1_720' title='bbox 1280 4841 1471 4897; x_wconf 91' lang='lat' dir='ltr'><strong>multis</strong></span> <span class='ocrx_word' id='word_1_721' title='bbox 1501 4842 1557 4895; x_wconf 92' lang='lat' dir='ltr'><strong>in</strong></span> <span class='ocrx_word' id='word_1_722' title='bbox 1591 4842 1727 4899; x_wconf 86' lang='lat' dir='ltr'><strong>locis</strong></span> <span class='ocrx_word' id='word_1_723' title='bbox 1756 4843 1900 4897; x_wconf 81' lang='lat' dir='ltr'><strong>allir-</strong></span> 
     </span>
    </p>
   </div>
   <div class='ocr_carea' id='block_1_92' title="bbox 316 4925 1900 5005">
    <p class='ocr_par' dir='ltr' id='par_1_92' title="bbox 316 4925 1900 5005">
     <span class='ocr_line' id='line_1_92' title="bbox 316 4925 1900 5005; baseline 0.007 -27"><span class='ocrx_word' id='word_1_724' title='bbox 316 4933 450 4979; x_wconf 86' lang='lat' dir='ltr'><strong>mat.</strong></span> <span class='ocrx_word' id='word_1_725' title='bbox 493 4925 715 4983; x_wconf 89' lang='lat' dir='ltr'><strong>Patrem</strong></span> <span class='ocrx_word' id='word_1_726' title='bbox 758 4930 904 4985; x_wconf 90' lang='lat' dir='ltr'><strong>enim</strong></span> <span class='ocrx_word' id='word_1_727' title='bbox 940 4932 997 4986; x_wconf 91' lang='lat' dir='ltr'><strong>in</strong></span> <span class='ocrx_word' id='word_1_728' title='bbox 1028 4947 1087 4987; x_wconf 93' lang='lat' dir='ltr'><strong>se</strong></span> <span class='ocrx_word' id='word_1_729' title='bbox 1134 4940 1305 4988; x_wconf 89' lang='lat' dir='ltr'><strong>totam</strong></span> <span class='ocrx_word' id='word_1_730' title='bbox 1350 4932 1570 4990; x_wconf 88' lang='lat' dir='ltr'><strong>deitatis</strong></span> <span class='ocrx_word' id='word_1_731' title='bbox 1600 4935 1900 5005; x_wconf 87' lang='lat' dir='ltr'><strong>plenitudi-</strong></span> 
     </span>
    </p>
   </div>
   <div class='ocr_carea' id='block_1_93' title="bbox 318 5020 1900 5097">
    <p class='ocr_par' dir='ltr' id='par_1_93' title="bbox 318 5020 1900 5097">
     <span class='ocr_line' id='line_1_93' title="bbox 318 5020 1900 5097; baseline 0.008 -28"><span class='ocrx_word' id='word_1_732' title='bbox 318 5031 461 5079; x_wconf 88' lang='lat' dir='ltr'><strong>nem,</strong></span> <span class='ocrx_word' id='word_1_733' title='bbox 494 5020 723 5075; x_wconf 82' lang='lat' dir='ltr'><strong>excluso</strong></span> <span class='ocrx_word' id='word_1_734' title='bbox 761 5020 921 5088; x_wconf 88' lang='lat' dir='ltr'><strong>Filio,</strong></span> <span class='ocrx_word' id='word_1_735' title='bbox 952 5025 1241 5094; x_wconf 88' lang='lat' dir='ltr'><strong>complecti</strong></span> <span class='ocrx_word' id='word_1_736' title='bbox 1281 5025 1507 5091; x_wconf 88' lang='lat' dir='ltr'><strong>indicat,</strong></span> <span class='ocrx_word' id='word_1_737' title='bbox 1543 5026 1672 5081; x_wconf 91' lang='lat' dir='ltr'><strong>dum</strong></span> <span class='ocrx_word' id='word_1_738' title='bbox 1718 5028 1900 5097; x_wconf 89' lang='lat' dir='ltr'><strong>ipsum</strong></span> 
     </span>
    </p>
   </div>
   <div class='ocr_carea' id='block_1_94' title="bbox 318 5109 1900 5184">
    <p class='ocr_par' dir='ltr' id='par_1_94' title="bbox 318 5109 1900 5184">
     <span class='ocr_line' id='line_1_94' title="bbox 318 5109 1900 5184; baseline 0.008 -23"><span class='ocrx_word' id='word_1_739' title='bbox 318 5109 492 5163; x_wconf 87' lang='lat' dir='ltr'><strong>solum</strong></span> <span class='ocrx_word' id='word_1_740' title='bbox 529 5112 733 5180; x_wconf 89' lang='lat' dir='ltr'><strong>passim</strong></span> <span class='ocrx_word' id='word_1_741' title='bbox 786 5121 968 5180; x_wconf 88' lang='lat' dir='ltr'><strong>vocat,</strong></span> <span class='ocrx_word' id='word_1_742' title='bbox 1013 5116 1105 5169; x_wconf 82' lang='grc' dir='ltr'><strong>τὸν</strong></span> <span class='ocrx_word' id='word_1_743' title='bbox 1150 5115 1260 5169; x_wconf 84' lang='grc' dir='ltr'><strong>τῶν</strong></span> <span class='ocrx_word' id='word_1_744' title='bbox 1306 5117 1441 5170; x_wconf 85' lang='grc' dir='ltr'>ὅλων</span> <span class='ocrx_word' id='word_1_745' title='bbox 1474 5116 1628 5184; x_wconf 79' lang='grc' dir='ltr'>Θεὸν,</span> <span class='ocrx_word' id='word_1_746' title='bbox 1669 5119 1760 5172; x_wconf 85' lang='grc' dir='ltr'><strong>τὸν</strong></span> <span class='ocrx_word' id='word_1_747' title='bbox 1806 5121 1900 5173; x_wconf 77' lang='grc' dir='ltr'>ἐπὶ</span> 
     </span>
    </p>
   </div>
   <div class='ocr_carea' id='block_1_95' title="bbox 315 5203 1896 5277">
    <p class='ocr_par' dir='ltr' id='par_1_95' title="bbox 315 5203 1896 5277">
     <span class='ocr_line' id='line_1_95' title="bbox 315 5203 1896 5277; baseline 0.008 -23"><span class='ocrx_word' id='word_1_748' title='bbox 315 5203 535 5256; x_wconf 72' lang='grc' dir='ltr'>πάντων</span> <span class='ocrx_word' id='word_1_749' title='bbox 581 5205 736 5269; x_wconf 84' lang='grc' dir='ltr'>Θεὸν,</span> <span class='ocrx_word' id='word_1_750' title='bbox 788 5207 881 5260; x_wconf 86' lang='grc' dir='ltr'><strong>τὸν</strong></span> <span class='ocrx_word' id='word_1_751' title='bbox 914 5208 1171 5262; x_wconf 79' lang='grc' dir='ltr'>ἐπέκεινα</span> <span class='ocrx_word' id='word_1_752' title='bbox 1212 5209 1427 5263; x_wconf 89' lang='grc' dir='ltr'>πάντων</span> <span class='ocrx_word' id='word_1_753' title='bbox 1480 5210 1636 5273; x_wconf 89' lang='grc' dir='ltr'>Θεόν,</span> <span class='ocrx_word' id='word_1_754' title='bbox 1687 5211 1742 5264; x_wconf 88' lang='lat' dir='ltr'><strong>id</strong></span> <span class='ocrx_word' id='word_1_755' title='bbox 1790 5221 1896 5277; x_wconf 87' lang='lat' dir='ltr'><strong>est,</strong></span> 
     </span>
    </p>
   </div>
   <div class='ocr_carea' id='block_1_96' title="bbox 225 5292 1900 5369">
    <p class='ocr_par' dir='ltr' id='par_1_96' title="bbox 225 5292 1900 5369">
     <span class='ocr_line' id='line_1_96' title="bbox 225 5292 1900 5369; baseline 0.005 -22"><span class='ocrx_word' id='word_1_756' title='bbox 225 5299 242 5310; x_wconf 82' lang='lat'>&#39;</span> <span class='ocrx_word' id='word_1_757' title='bbox 314 5292 482 5348; x_wconf 72' lang='lat' dir='ltr'><strong>Deum</strong></span> <span class='ocrx_word' id='word_1_758' title='bbox 510 5297 899 5364; x_wconf 75' lang='lat' dir='ltr'><strong>universorum,</strong></span> <span class='ocrx_word' id='word_1_759' title='bbox 929 5299 1098 5354; x_wconf 89' lang='lat' dir='ltr'><strong>Deum</strong></span> <span class='ocrx_word' id='word_1_760' title='bbox 1125 5316 1290 5369; x_wconf 84' lang='lat' dir='ltr'><strong>supra</strong></span> <span class='ocrx_word' id='word_1_761' title='bbox 1318 5303 1519 5366; x_wconf 88' lang='lat' dir='ltr'><strong>omnia,</strong></span> <span class='ocrx_word' id='word_1_762' title='bbox 1546 5302 1715 5357; x_wconf 82' lang='lat' dir='ltr'><strong>Deum</strong></span> <span class='ocrx_word' id='word_1_763' title='bbox 1753 5303 1900 5356; x_wconf 85' lang='lat' dir='ltr'><strong>ultra</strong></span> 
     </span>
    </p>
   </div>
   <div class='ocr_carea' id='block_1_97' title="bbox 314 5383 1897 5464">
    <p class='ocr_par' dir='ltr' id='par_1_97' title="bbox 314 5383 1897 5464">
     <span class='ocr_line' id='line_1_97' title="bbox 314 5383 1897 5464; baseline 0.007 -29"><span class='ocrx_word' id='word_1_764' title='bbox 314 5385 523 5448; x_wconf 86' lang='lat' dir='ltr'><strong>omnia;</strong></span> <span class='ocrx_word' id='word_1_765' title='bbox 554 5383 862 5459; x_wconf 86' lang='lat' dir='ltr'><strong>Filiumque</strong></span> <span class='ocrx_word' id='word_1_766' title='bbox 896 5397 1090 5445; x_wconf 90' lang='lat' dir='ltr'><strong>contra</strong></span> <span class='ocrx_word' id='word_1_767' title='bbox 1124 5400 1427 5462; x_wconf 90' lang='lat' dir='ltr'><strong>nuncupat,</strong></span> <span class='ocrx_word' id='word_1_768' title='bbox 1455 5391 1709 5464; x_wconf 87' lang='grc' dir='ltr'>δεύτερον</span> <span class='ocrx_word' id='word_1_769' title='bbox 1741 5392 1897 5458; x_wconf 86' lang='grc' dir='ltr'>Θεὸν,</span> 
     </span>
    </p>
   </div>
   <div class='ocr_carea' id='block_1_98' title="bbox 312 5473 1899 5550">
    <p class='ocr_par' dir='ltr' id='par_1_98' title="bbox 312 5473 1899 5550">
     <span class='ocr_line' id='line_1_98' title="bbox 312 5473 1899 5550; baseline 0.006 -23"><span class='ocrx_word' id='word_1_770' title='bbox 312 5473 564 5548; x_wconf 77' lang='grc' dir='ltr'>δεύτερον</span> <span class='ocrx_word' id='word_1_771' title='bbox 596 5478 822 5550; x_wconf 83' lang='grc' dir='ltr'>Κύριον,</span> <span class='ocrx_word' id='word_1_772' title='bbox 852 5481 1140 5536; x_wconf 85' lang='lat' dir='ltr'><strong>secundum</strong></span> <span class='ocrx_word' id='word_1_773' title='bbox 1167 5482 1359 5547; x_wconf 90' lang='lat' dir='ltr'><strong>Deum,</strong></span> <span class='ocrx_word' id='word_1_774' title='bbox 1396 5483 1682 5537; x_wconf 88' lang='lat' dir='ltr'><strong>secundum</strong></span> <span class='ocrx_word' id='word_1_775' title='bbox 1713 5483 1899 5537; x_wconf 88' lang='lat' dir='ltr'><strong>Domi-</strong></span> 
     </span>
    </p>
   </div>
   <div class='ocr_carea' id='block_1_99' title="bbox 316 5569 1896 5645">
    <p class='ocr_par' dir='ltr' id='par_1_99' title="bbox 316 5569 1896 5645">
     <span class='ocr_line' id='line_1_99' title="bbox 316 5569 1896 5645; baseline 0.005 -23"><span class='ocrx_word' id='word_1_776' title='bbox 316 5584 455 5624; x_wconf 66' lang='lat' dir='ltr'><strong>num.</strong></span> <span class='ocrx_word' id='word_1_777' title='bbox 507 5569 592 5627; x_wconf 84' lang='lat' dir='ltr'><strong>Ne</strong></span> <span class='ocrx_word' id='word_1_778' title='bbox 640 5572 767 5643; x_wconf 89' lang='lat' dir='ltr'><strong>quis</strong></span> <span class='ocrx_word' id='word_1_779' title='bbox 805 5589 937 5629; x_wconf 85' lang='lat' dir='ltr'><strong>vero</strong></span> <span class='ocrx_word' id='word_1_780' title='bbox 982 5586 1229 5645; x_wconf 89' lang='lat' dir='ltr'><strong>reponat,</strong></span> <span class='ocrx_word' id='word_1_781' title='bbox 1273 5574 1491 5632; x_wconf 87' lang='lat' dir='ltr'><strong>Patrem</strong></span> <span class='ocrx_word' id='word_1_782' title='bbox 1542 5576 1665 5632; x_wconf 89' lang='lat' dir='ltr'><strong>ideo</strong></span> <span class='ocrx_word' id='word_1_783' title='bbox 1721 5575 1896 5633; x_wconf 90' lang='lat' dir='ltr'><strong>Deum</strong></span> 
     </span>
    </p>
   </div>
   <div class='ocr_carea' id='block_1_100' title="bbox 315 5665 1898 5741">
    <p class='ocr_par' dir='ltr' id='par_1_100' title="bbox 315 5665 1898 5741">
     <span class='ocr_line' id='line_1_100' title="bbox 315 5665 1898 5741; baseline 0.004 -25"><span class='ocrx_word' id='word_1_784' title='bbox 315 5665 702 5720; x_wconf 82' lang='lat' dir='ltr'><strong>universorum</strong></span> <span class='ocrx_word' id='word_1_785' title='bbox 733 5666 802 5722; x_wconf 90' lang='lat' dir='ltr'><strong>ab</strong></span> <span class='ocrx_word' id='word_1_786' title='bbox 842 5665 1080 5724; x_wconf 85' lang='lat' dir='ltr'><strong>Eusebio</strong></span> <span class='ocrx_word' id='word_1_787' title='bbox 1114 5667 1326 5739; x_wconf 77' lang='lat' dir='ltr'><strong>vocari,</strong></span> <span class='ocrx_word' id='word_1_788' title='bbox 1361 5667 1509 5738; x_wconf 89' lang='lat' dir='ltr'><strong>quod</strong></span> <span class='ocrx_word' id='word_1_789' title='bbox 1546 5669 1619 5725; x_wconf 88' lang='lat' dir='ltr'><strong>sit</strong></span> <span class='ocrx_word' id='word_1_790' title='bbox 1650 5669 1804 5741; x_wconf 91' lang='lat' dir='ltr'><strong>origo</strong></span> <span class='ocrx_word' id='word_1_791' title='bbox 1843 5678 1898 5725; x_wconf 89' lang='lat' dir='ltr'><strong>et</strong></span> 
     </span>
    </p>
   </div>
   <div class='ocr_carea' id='block_1_101' title="bbox 314 5754 1896 5833">
    <p class='ocr_par' dir='ltr' id='par_1_101' title="bbox 314 5754 1896 5833">
     <span class='ocr_line' id='line_1_101' title="bbox 314 5754 1896 5833; baseline 0.004 -23"><span class='ocrx_word' id='word_1_792' title='bbox 314 5754 437 5811; x_wconf 68' lang='lat' dir='ltr'><strong>fons</strong></span> <span class='ocrx_word' id='word_1_793' title='bbox 463 5754 778 5821; x_wconf 80' lang='lat' dir='ltr'><strong>Trinitatis,</strong></span> <span class='ocrx_word' id='word_1_794' title='bbox 810 5766 867 5813; x_wconf 90' lang='lat' dir='ltr'><strong>et</strong></span> <span class='ocrx_word' id='word_1_795' title='bbox 887 5759 943 5814; x_wconf 91' lang='lat' dir='ltr'><strong>in</strong></span> <span class='ocrx_word' id='word_1_796' title='bbox 976 5760 1187 5815; x_wconf 85' lang='lat' dir='ltr'><strong>ratione</strong></span> <span class='ocrx_word' id='word_1_797' title='bbox 1221 5762 1474 5833; x_wconf 88' lang='lat' dir='ltr'><strong>principii</strong></span> <span class='ocrx_word' id='word_1_798' title='bbox 1511 5762 1723 5833; x_wconf 85' lang='lat' dir='ltr'><strong>primus</strong></span> <span class='ocrx_word' id='word_1_799' title='bbox 1747 5762 1896 5816; x_wconf 67' lang='lat' dir='ltr'><strong>exsi»</strong></span> 
     </span>
    </p>
   </div>
   <div class='ocr_carea' id='block_1_102' title="bbox 314 5846 1895 5925">
    <p class='ocr_par' dir='ltr' id='par_1_102' title="bbox 314 5846 1895 5925">
     <span class='ocr_line' id='line_1_102' title="bbox 314 5846 1895 5925; baseline 0.008 -29"><span class='ocrx_word' id='word_1_800' title='bbox 314 5854 448 5912; x_wconf 82' lang='lat' dir='ltr'><strong>stat;</strong></span> <span class='ocrx_word' id='word_1_801' title='bbox 498 5846 605 5902; x_wconf 83' lang='lat' dir='ltr'><strong>hoc</strong></span> <span class='ocrx_word' id='word_1_802' title='bbox 636 5846 966 5904; x_wconf 86' lang='lat' dir='ltr'><strong>catholicum</strong></span> <span class='ocrx_word' id='word_1_803' title='bbox 999 5849 1390 5921; x_wconf 86' lang='lat' dir='ltr'><strong>interpretandi</strong></span> <span class='ocrx_word' id='word_1_804' title='bbox 1432 5866 1603 5925; x_wconf 80' lang='lat' dir='ltr'><strong>genus</strong></span> <span class='ocrx_word' id='word_1_805' title='bbox 1637 5866 1895 5924; x_wconf 85' lang='lat' dir='ltr'><strong>respuere</strong></span> 
     </span>
    </p>
   </div>
   <div class='ocr_carea' id='block_1_103' title="bbox 2004 4641 3587 4716">
    <p class='ocr_par' dir='ltr' id='par_1_103' title="bbox 2004 4641 3587 4716">
     <span class='ocr_line' id='line_1_103' title="bbox 2004 4641 3587 4716; baseline -0.004 -15"><span class='ocrx_word' id='word_1_806' title='bbox 2004 4645 2403 4716; x_wconf 81' lang='lat' dir='ltr'><strong>Symmachum,</strong></span> <span class='ocrx_word' id='word_1_807' title='bbox 2439 4663 2458 4696; x_wconf 81' lang='grc' dir='ltr'><strong>ι</strong></span> <span class='ocrx_word' id='word_1_808' title='bbox 2494 4645 2627 4711; x_wconf 84' lang='lat' dir='ltr'><strong>Quis</strong></span> <span class='ocrx_word' id='word_1_809' title='bbox 2652 4645 2792 4700; x_wconf 86' lang='lat' dir='ltr'><strong>enim</strong></span> <span class='ocrx_word' id='word_1_810' title='bbox 2824 4646 2880 4698; x_wconf 90' lang='lat' dir='ltr'><strong>in</strong></span> <span class='ocrx_word' id='word_1_811' title='bbox 2908 4645 3099 4699; x_wconf 73' lang='lat' dir='ltr'><strong>art/tere</strong></span> <span class='ocrx_word' id='word_1_812' title='bbox 3127 4643 3360 4713; x_wconf 79' lang='lat' dir='ltr'><strong>conferet</strong></span> <span class='ocrx_word' id='word_1_813' title='bbox 3390 4658 3444 4696; x_wconf 88' lang='lat' dir='ltr'><strong>se</strong></span> <span class='ocrx_word' id='word_1_814' title='bbox 3474 4641 3587 4694; x_wconf 87' lang='lat' dir='ltr'><strong>Do-</strong></span> 
     </span>
    </p>
   </div>
   <div class='ocr_carea' id='block_1_104' title="bbox 2005 4735 3582 4810">
    <p class='ocr_par' dir='ltr' id='par_1_104' title="bbox 2005 4735 3582 4810">
     <span class='ocr_line' id='line_1_104' title="bbox 2005 4735 3582 4810; baseline -0.004 -17"><span class='ocrx_word' id='word_1_815' title='bbox 2005 4743 2146 4794; x_wconf 89' lang='lat' dir='ltr'><strong>mino</strong></span> <span class='ocrx_word' id='word_1_816' title='bbox 2181 4742 2235 4794; x_wconf 90' lang='lat' dir='ltr'><strong>in</strong></span> <span class='ocrx_word' id='word_1_817' title='bbox 2277 4740 2408 4810; x_wconf 77' lang='lat' dir='ltr'><strong>ﬁliis</strong></span> <span class='ocrx_word' id='word_1_818' title='bbox 2438 4739 2579 4796; x_wconf 78' lang='lat' dir='ltr'><strong>Dei?</strong></span> <span class='ocrx_word' id='word_1_819' title='bbox 2620 4758 2638 4790; x_wconf 72' lang='grc' dir='ltr'><strong>ι</strong></span> <span class='ocrx_word' id='word_1_820' title='bbox 2685 4738 2816 4793; x_wconf 64' lang='lat' dir='ltr'><strong>Haec</strong></span> <span class='ocrx_word' id='word_1_821' title='bbox 2850 4738 2915 4792; x_wconf 88' lang='lat' dir='ltr'><strong>de</strong></span> <span class='ocrx_word' id='word_1_822' title='bbox 2953 4736 3232 4808; x_wconf 84' lang='lat' dir='ltr'><strong>Unigenito</strong></span> <span class='ocrx_word' id='word_1_823' title='bbox 3276 4737 3375 4790; x_wconf 89' lang='lat' dir='ltr'><strong>Dei</strong></span> <span class='ocrx_word' id='word_1_824' title='bbox 3414 4735 3582 4802; x_wconf 88' lang='lat' dir='ltr'><strong>dicta,</strong></span> 
     </span>
    </p>
   </div>
   <div class='ocr_carea' id='block_1_105' title="bbox 2000 4825 3587 4901">
    <p class='ocr_par' dir='ltr' id='par_1_105' title="bbox 2000 4825 3587 4901">
     <span class='ocr_line' id='line_1_105' title="bbox 2000 4825 3587 4901; baseline -0.004 -17"><span class='ocrx_word' id='word_1_825' title='bbox 2000 4834 2147 4901; x_wconf 88' lang='lat' dir='ltr'><strong>piam</strong></span> <span class='ocrx_word' id='word_1_826' title='bbox 2178 4839 2388 4886; x_wconf 86' lang='lat' dir='ltr'><strong>servant</strong></span> <span class='ocrx_word' id='word_1_827' title='bbox 2413 4832 2764 4895; x_wconf 81' lang='lat' dir='ltr'><strong>sententiam;</strong></span> <span class='ocrx_word' id='word_1_828' title='bbox 2796 4831 2860 4885; x_wconf 86' lang='lat' dir='ltr'><strong>de</strong></span> <span class='ocrx_word' id='word_1_829' title='bbox 2890 4829 3057 4884; x_wconf 91' lang='lat' dir='ltr'><strong>Patre</strong></span> <span class='ocrx_word' id='word_1_830' title='bbox 3088 4845 3206 4885; x_wconf 90' lang='lat' dir='ltr'><strong>vero</strong></span> <span class='ocrx_word' id='word_1_831' title='bbox 3245 4844 3306 4880; x_wconf 89' lang='lat' dir='ltr'><strong>ac</strong></span> <span class='ocrx_word' id='word_1_832' title='bbox 3338 4826 3447 4879; x_wconf 90' lang='lat' dir='ltr'><strong>Deo</strong></span> <span class='ocrx_word' id='word_1_833' title='bbox 3474 4825 3587 4877; x_wconf 88' lang='lat' dir='ltr'><strong>uni-</strong></span> 
     </span>
    </p>
   </div>
   <div class='ocr_carea' id='block_1_106' title="bbox 2002 4919 3586 4992">
    <p class='ocr_par' dir='ltr' id='par_1_106' title="bbox 2002 4919 3586 4992">
     <span class='ocr_line' id='line_1_106' title="bbox 2002 4919 3586 4992; baseline -0.003 -15"><span class='ocrx_word' id='word_1_834' title='bbox 2002 4939 2268 4977; x_wconf 80' lang='lat' dir='ltr'><strong>versorum</strong></span> <span class='ocrx_word' id='word_1_835' title='bbox 2300 4936 2484 4977; x_wconf 88' lang='lat' dir='ltr'><strong>secus:</strong></span> <span class='ocrx_word' id='word_1_836' title='bbox 2516 4922 2805 4992; x_wconf 87' lang='lat' dir='ltr'><strong>impropria</strong></span> <span class='ocrx_word' id='word_1_837' title='bbox 2826 4923 2966 4977; x_wconf 90' lang='lat' dir='ltr'><strong>enim</strong></span> <span class='ocrx_word' id='word_1_838' title='bbox 2986 4934 3034 4976; x_wconf 88' lang='lat' dir='ltr'><strong>et</strong></span> <span class='ocrx_word' id='word_1_839' title='bbox 3062 4922 3227 4990; x_wconf 89' lang='lat' dir='ltr'><strong>impia</strong></span> <span class='ocrx_word' id='word_1_840' title='bbox 3258 4919 3586 4987; x_wconf 86' lang='lat' dir='ltr'><strong>comparatio</strong></span> 
     </span>
    </p>
   </div>
   <div class='ocr_carea' id='block_1_107' title="bbox 1999 5011 3585 5086">
    <p class='ocr_par' dir='ltr' id='par_1_107' title="bbox 1999 5011 3585 5086">
     <span class='ocr_line' id='line_1_107' title="bbox 1999 5011 3585 5086; baseline -0.004 -15"><span class='ocrx_word' id='word_1_841' title='bbox 1999 5026 2155 5073; x_wconf 86' lang='lat' dir='ltr'><strong>esset.</strong></span> <span class='ocrx_word' id='word_1_842' title='bbox 2201 5015 2348 5070; x_wconf 88' lang='lat' dir='ltr'><strong>Nam</strong></span> <span class='ocrx_word' id='word_1_843' title='bbox 2386 5017 2515 5086; x_wconf 83' lang='lat' dir='ltr'><strong>ﬁliis</strong></span> <span class='ocrx_word' id='word_1_844' title='bbox 2548 5015 2649 5071; x_wconf 90' lang='lat' dir='ltr'><strong>Dei</strong></span> <span class='ocrx_word' id='word_1_845' title='bbox 2698 5017 2935 5070; x_wconf 89' lang='lat' dir='ltr'><strong>omnium</strong></span> <span class='ocrx_word' id='word_1_846' title='bbox 2985 5030 3204 5068; x_wconf 86' lang='lat' dir='ltr'><strong>causam</strong></span> <span class='ocrx_word' id='word_1_847' title='bbox 3248 5011 3503 5080; x_wconf 77' lang='lat' dir='ltr'><strong>conferre,</strong></span> <span class='ocrx_word' id='word_1_848' title='bbox 3535 5021 3585 5066; x_wconf 90' lang='lat' dir='ltr'><strong>et</strong></span> 
     </span>
    </p>
   </div>
   <div class='ocr_carea' id='block_1_108' title="bbox 2000 5106 3585 5183">
    <p class='ocr_par' dir='ltr' id='par_1_108' title="bbox 2000 5106 3585 5183">
     <span class='ocr_line' id='line_1_108' title="bbox 2000 5106 3585 5183; baseline -0.004 -19"><span class='ocrx_word' id='word_1_849' title='bbox 2000 5124 2119 5164; x_wconf 88' lang='lat' dir='ltr'><strong>eum</strong></span> <span class='ocrx_word' id='word_1_850' title='bbox 2185 5109 2275 5179; x_wconf 88' lang='lat' dir='ltr'><strong>qui</strong></span> <span class='ocrx_word' id='word_1_851' title='bbox 2320 5124 2483 5178; x_wconf 87' lang='lat' dir='ltr'><strong>supra</strong></span> <span class='ocrx_word' id='word_1_852' title='bbox 2549 5109 2731 5163; x_wconf 88' lang='lat' dir='ltr'><strong>omnia</strong></span> <span class='ocrx_word' id='word_1_853' title='bbox 2780 5117 2858 5162; x_wconf 90' lang='lat' dir='ltr'><strong>est</strong></span> <span class='ocrx_word' id='word_1_854' title='bbox 2886 5106 3028 5161; x_wconf 88' lang='lat' dir='ltr'><strong>Deus</strong></span> <span class='ocrx_word' id='word_1_855' title='bbox 3087 5106 3208 5159; x_wconf 81' lang='lat' dir='ltr'><strong>aliis</strong></span> <span class='ocrx_word' id='word_1_856' title='bbox 3255 5120 3585 5183; x_wconf 81' lang='lat' dir='ltr'><strong>comparare,</strong></span> 
     </span>
    </p>
   </div>
   <div class='ocr_carea' id='block_1_109' title="bbox 2000 5198 3584 5270">
    <p class='ocr_par' dir='ltr' id='par_1_109' title="bbox 2000 5198 3584 5270">
     <span class='ocr_line' id='line_1_109' title="bbox 2000 5198 3584 5270; baseline -0.003 -14"><span class='ocrx_word' id='word_1_857' title='bbox 2000 5200 2423 5270; x_wconf 87' lang='lat' dir='ltr'><strong>improbissimus</strong></span> <span class='ocrx_word' id='word_1_858' title='bbox 2455 5202 2692 5256; x_wconf 90' lang='lat' dir='ltr'><strong>omnium</strong></span> <span class='ocrx_word' id='word_1_859' title='bbox 2720 5217 2881 5255; x_wconf 84' lang='lat' dir='ltr'><strong>ausus</strong></span> <span class='ocrx_word' id='word_1_860' title='bbox 2912 5208 3067 5253; x_wconf 87' lang='lat' dir='ltr'><strong>esset.</strong></span> <span class='ocrx_word' id='word_1_861' title='bbox 3102 5199 3172 5250; x_wconf 82' lang='lat' dir='ltr'><strong>At</strong></span> <span class='ocrx_word' id='word_1_862' title='bbox 3207 5198 3320 5251; x_wconf 89' lang='lat' dir='ltr'><strong>sine</strong></span> <span class='ocrx_word' id='word_1_863' title='bbox 3350 5198 3584 5266; x_wconf 81' lang='lat' dir='ltr'><strong>periculo</strong></span> 
     </span>
    </p>
   </div>
   <div class='ocr_carea' id='block_1_110' title="bbox 2002 5291 3586 5367">
    <p class='ocr_par' dir='ltr' id='par_1_110' title="bbox 2002 5291 3586 5367">
     <span class='ocr_line' id='line_1_110' title="bbox 2002 5291 3586 5367; baseline -0.002 -19"><span class='ocrx_word' id='word_1_864' title='bbox 2002 5294 2179 5349; x_wconf 85' lang='lat' dir='ltr'><strong>Filius</strong></span> <span class='ocrx_word' id='word_1_865' title='bbox 2211 5294 2310 5350; x_wconf 91' lang='lat' dir='ltr'><strong>Dei</strong></span> <span class='ocrx_word' id='word_1_866' title='bbox 2340 5297 2668 5367; x_wconf 85' lang='lat' dir='ltr'><strong>unigenitus,</strong></span> <span class='ocrx_word' id='word_1_867' title='bbox 2699 5296 2833 5364; x_wconf 82' lang='lat' dir='ltr'><strong>[iliis</strong></span> <span class='ocrx_word' id='word_1_868' title='bbox 2880 5292 2974 5347; x_wconf 88' lang='lat' dir='ltr'><strong>Dei</strong></span> <span class='ocrx_word' id='word_1_869' title='bbox 3007 5301 3373 5360; x_wconf 89' lang='lat' dir='ltr'><strong>comparatur,</strong></span> <span class='ocrx_word' id='word_1_870' title='bbox 3411 5309 3473 5344; x_wconf 89' lang='lat' dir='ltr'><strong>ac</strong></span> <span class='ocrx_word' id='word_1_871' title='bbox 3507 5291 3586 5345; x_wconf 85' lang='lat' dir='ltr'><strong>di-</strong></span> 
     </span>
    </p>
   </div>
   <div class='ocr_carea' id='block_1_111' title="bbox 2001 5385 3579 5459">
    <p class='ocr_par' dir='ltr' id='par_1_111' title="bbox 2001 5385 3579 5459">
     <span class='ocr_line' id='line_1_111' title="bbox 2001 5385 3579 5459; baseline -0.002 -16"><span class='ocrx_word' id='word_1_872' title='bbox 2001 5390 2140 5444; x_wconf 88' lang='lat' dir='ltr'><strong>citur</strong></span> <span class='ocrx_word' id='word_1_873' title='bbox 2163 5406 2283 5445; x_wconf 90' lang='lat' dir='ltr'><strong>eum</strong></span> <span class='ocrx_word' id='word_1_874' title='bbox 2316 5388 2785 5459; x_wconf 78' lang='lat' dir='ltr'><strong>incomparabilem</strong></span> <span class='ocrx_word' id='word_1_875' title='bbox 2817 5404 2952 5450; x_wconf 88' lang='lat' dir='ltr'><strong>esse,</strong></span> <span class='ocrx_word' id='word_1_876' title='bbox 2986 5402 3105 5440; x_wconf 89' lang='lat' dir='ltr'><strong>cum</strong></span> <span class='ocrx_word' id='word_1_877' title='bbox 3130 5385 3277 5439; x_wconf 89' lang='lat' dir='ltr'><strong>nullo</strong></span> <span class='ocrx_word' id='word_1_878' title='bbox 3306 5386 3579 5455; x_wconf 63' lang='lat' dir='ltr'><strong>confereno</strong></span> 
     </span>
    </p>
   </div>
   <div class='ocr_carea' id='block_1_112' title="bbox 1999 5477 3587 5551">
    <p class='ocr_par' dir='ltr' id='par_1_112' title="bbox 1999 5477 3587 5551">
     <span class='ocr_line' id='line_1_112' title="bbox 1999 5477 3587 5551; baseline -0.001 -18"><span class='ocrx_word' id='word_1_879' title='bbox 1999 5480 2146 5548; x_wconf 90' lang='lat' dir='ltr'><strong>dum,</strong></span> <span class='ocrx_word' id='word_1_880' title='bbox 2181 5490 2336 5551; x_wconf 87' lang='lat' dir='ltr'><strong>atque</strong></span> <span class='ocrx_word' id='word_1_881' title='bbox 2369 5481 2658 5536; x_wconf 82' lang='lat' dir='ltr'><strong>admodum</strong></span> <span class='ocrx_word' id='word_1_882' title='bbox 2681 5480 2992 5534; x_wconf 86' lang='lat' dir='ltr'><strong>antecellere</strong></span> <span class='ocrx_word' id='word_1_883' title='bbox 3020 5480 3322 5535; x_wconf 82' lang='lat' dir='ltr'><strong>asseritur?</strong></span> <span class='ocrx_word' id='word_1_884' title='bbox 3345 5477 3446 5532; x_wconf 85' lang='lat' dir='ltr'><strong>Hic</strong></span> <span class='ocrx_word' id='word_1_885' title='bbox 3470 5494 3587 5532; x_wconf 88' lang='lat' dir='ltr'><strong>ma-</strong></span> 
     </span>
    </p>
   </div>
   <div class='ocr_carea' id='block_1_113' title="bbox 2001 5571 3582 5644">
    <p class='ocr_par' dir='ltr' id='par_1_113' title="bbox 2001 5571 3582 5644">
     <span class='ocr_line' id='line_1_113' title="bbox 2001 5571 3582 5644; baseline -0.003 -17"><span class='ocrx_word' id='word_1_886' title='bbox 2001 5574 2200 5630; x_wconf 84' lang='lat' dir='ltr'><strong>nifeste</strong></span> <span class='ocrx_word' id='word_1_887' title='bbox 2231 5574 2388 5631; x_wconf 91' lang='lat' dir='ltr'><strong>vides</strong></span> <span class='ocrx_word' id='word_1_888' title='bbox 2431 5573 2630 5629; x_wconf 91' lang='lat' dir='ltr'><strong>Filium</strong></span> <span class='ocrx_word' id='word_1_889' title='bbox 2677 5575 2839 5644; x_wconf 85' lang='lat' dir='ltr'><strong>longe</strong></span> <span class='ocrx_word' id='word_1_890' title='bbox 2877 5573 3138 5628; x_wconf 81' lang='lat' dir='ltr'><strong>inferiore</strong></span> <span class='ocrx_word' id='word_1_891' title='bbox 3166 5588 3331 5643; x_wconf 89' lang='lat' dir='ltr'><strong>quam</strong></span> <span class='ocrx_word' id='word_1_892' title='bbox 3366 5571 3582 5626; x_wconf 88' lang='lat' dir='ltr'><strong>Patrem</strong></span> 
     </span>
    </p>
   </div>
   <div class='ocr_carea' id='block_1_114' title="bbox 2000 5665 3585 5737">
    <p class='ocr_par' dir='ltr' id='par_1_114' title="bbox 2000 5665 3585 5737">
     <span class='ocr_line' id='line_1_114' title="bbox 2000 5665 3585 5737; baseline 0.001 -19"><span class='ocrx_word' id='word_1_893' title='bbox 2000 5666 2175 5735; x_wconf 89' lang='lat' dir='ltr'><strong>gradu</strong></span> <span class='ocrx_word' id='word_1_894' title='bbox 2217 5668 2286 5724; x_wconf 87' lang='lat' dir='ltr'><strong>ab</strong></span> <span class='ocrx_word' id='word_1_895' title='bbox 2316 5667 2557 5723; x_wconf 88' lang='lat' dir='ltr'><strong>Eusebio</strong></span> <span class='ocrx_word' id='word_1_896' title='bbox 2603 5667 2828 5737; x_wconf 86' lang='lat' dir='ltr'><strong>reponi;</strong></span> <span class='ocrx_word' id='word_1_897' title='bbox 2867 5668 2942 5720; x_wconf 90' lang='lat' dir='ltr'><strong>ita</strong></span> <span class='ocrx_word' id='word_1_898' title='bbox 2973 5674 3033 5721; x_wconf 89' lang='lat' dir='ltr'><strong>ut</strong></span> <span class='ocrx_word' id='word_1_899' title='bbox 3065 5682 3168 5721; x_wconf 89' lang='lat' dir='ltr'><strong>nec</strong></span> <span class='ocrx_word' id='word_1_900' title='bbox 3216 5665 3284 5720; x_wconf 90' lang='lat' dir='ltr'><strong>ad</strong></span> <span class='ocrx_word' id='word_1_901' title='bbox 3315 5665 3585 5719; x_wconf 84' lang='lat' dir='ltr'><strong>unitatem</strong></span> 
     </span>
    </p>
   </div>
   <div class='ocr_carea' id='block_1_115' title="bbox 2001 5754 3593 5830">
    <p class='ocr_par' dir='ltr' id='par_1_115' title="bbox 2001 5754 3593 5830">
     <span class='ocr_line' id='line_1_115' title="bbox 2001 5754 3593 5830; baseline -0.004 -16"><span class='ocrx_word' id='word_1_902' title='bbox 2001 5760 2117 5826; x_wconf 89' lang='lat' dir='ltr'><strong>Dei,</strong></span> <span class='ocrx_word' id='word_1_903' title='bbox 2148 5776 2252 5817; x_wconf 88' lang='lat' dir='ltr'><strong>nec</strong></span> <span class='ocrx_word' id='word_1_904' title='bbox 2280 5760 2346 5816; x_wconf 92' lang='lat' dir='ltr'><strong>ad</strong></span> <span class='ocrx_word' id='word_1_905' title='bbox 2374 5760 2641 5814; x_wconf 88' lang='lat' dir='ltr'><strong>unitatem</strong></span> <span class='ocrx_word' id='word_1_906' title='bbox 2677 5759 2931 5830; x_wconf 89' lang='lat' dir='ltr'><strong>principii</strong></span> <span class='ocrx_word' id='word_1_907' title='bbox 2981 5759 3365 5815; x_wconf 88' lang='lat' dir='ltr'><strong>universorum</strong></span> <span class='ocrx_word' id='word_1_908' title='bbox 3397 5754 3593 5828; x_wconf 51' lang='lat' dir='ltr'><strong>perti-i</strong></span> 
     </span>
    </p>
   </div>
   <div class='ocr_carea' id='block_1_116' title="bbox 2001 5840 3579 5927">
    <p class='ocr_par' dir='ltr' id='par_1_116' title="bbox 2001 5840 3579 5927">
     <span class='ocr_line' id='line_1_116' title="bbox 2001 5840 3579 5927; baseline -0.004 -20"><span class='ocrx_word' id='word_1_909' title='bbox 2001 5861 2149 5923; x_wconf 87' lang='lat' dir='ltr'><strong>neat,</strong></span> <span class='ocrx_word' id='word_1_910' title='bbox 2181 5868 2359 5927; x_wconf 85' lang='lat' dir='ltr'><strong>neque</strong></span> <span class='ocrx_word' id='word_1_911' title='bbox 2389 5853 2591 5911; x_wconf 89' lang='lat' dir='ltr'><strong>deitate</strong></span> <span class='ocrx_word' id='word_1_912' title='bbox 2621 5867 2745 5908; x_wconf 87' lang='lat' dir='ltr'><strong>cum</strong></span> <span class='ocrx_word' id='word_1_913' title='bbox 2780 5852 2873 5908; x_wconf 89' lang='lat' dir='ltr'><strong>illo</strong></span> <span class='ocrx_word' id='word_1_914' title='bbox 2897 5851 3074 5924; x_wconf 91' lang='lat' dir='ltr'><strong>primo</strong></span> <span class='ocrx_word' id='word_1_915' title='bbox 3108 5849 3379 5922; x_wconf 84' lang='lat' dir='ltr'><strong>principio</strong></span> <span class='ocrx_word' id='word_1_916' title='bbox 3410 5840 3579 5903; x_wconf 79' lang='lat' dir='ltr'><strong>unum</strong></span> 
     </span>
    </p>
   </div>
  </div>
