4020 6372
311 392 383 449 33
1082 388 1585 447 COMMENTARIA
1625 388 1695 444 ΙΝ
1733 386 2070 444 PSALMOS.
2111 418 2182 430 -—
2220 386 2763 446 PBIELIMINARIA.
3483 394 3554 449 ﬂ

311 512 495 566 dicare
518 511 703 567 solum
730 510 981 567 suibciat.
1026 511 1297 567 Caeterum
1336 512 1428 566 ubi
1455 527 1558 566 vox
1586 511 1882 574 ὑπόστασις
1908 530 1955 581 Α
1982 518 2117 563 erat.
2162 506 2231 562 Et
2266 509 2358 563 ille
2399 508 2606 578 quidem
2643 523 2735 577 per
2778 508 3007 577 seipsum
3040 509 3303 581 perfectus
3343 520 3394 565 et
3442 514 3556 581 pri-

312 603 571 669 oecurrit,
604 618 706 659 nos
738 604 1093 658 substantiam
1144 605 1440 671 vertimus;
1474 611 1588 657 tum
1637 603 1766 673 quia
1800 601 1881 657 sic

311 694 529 750 Eusebii
558 711 673 750 aevo
699 710 766 751 ex
811 704 1032 767 recepto
1076 712 1229 752 more
1260 698 1649 766 accipiebatur,
1681 702 1740 749 ut
1778 694 1880 748 ha-

310 788 401 842 bet
446 786 816 855 Athanasius;
861 798 976 844 tum
1018 789 1169 860 quia,
1211 804 1338 844 cum
1384 787 1656 845 Eusebius
1698 786 1881 840 diver-

310 883 424 934 sam
460 879 518 932 in
553 878 715 935 Patre
756 892 810 936 et
839 880 978 936 Filio
1018 881 1383 937 substantiam
1415 880 1667 935 admittat
1696 885 1750 933 et
1779 878 1872 932 doc

308 976 448 1033 ceat,
493 970 703 1025 inutilis
748 986 881 1027 sane
922 971 1082 1027 fuerit
1125 985 1482 1043 personarum
1523 981 1576 1026 et
1622 970 1880 1043 byposta-

307 1061 447 1114 sium
471 1062 692 1132 vulgata
717 1063 1024 1120 distinctio.

305 1216 381 1265 IV.
404 1218 632 1283 Diversae
653 1219 1080 1270 substantiae.—V.
1102 1220 1359 1283 Inlerpres
1376 1221 1581 1273 Latinus
1604 1224 1872 1274 Demonstr.

356 1280 651 1349 evangelica:
691 1282 959 1352 Eusebium
995 1283 1060 1332 de
1085 1280 1324 1334 industria
1354 1285 1415 1334 ad
1438 1286 1724 1335 catholicam
1762 1299 1878 1335 sen-

362 1348 573 1391 tentiam
598 1344 823 1393 detorsnt.

368 1490 525 1545 Licet
567 1500 753 1547 autem
801 1509 869 1548 ex
914 1492 1212 1563 praemissis
1256 1495 1537 1565 propalam
1588 1497 1659 1552 sit
1704 1495 1876 1553 Euse-

298 1583 445 1638 bium
477 1584 755 1641 diversam
802 1600 833 1639 a
865 1594 1088 1658 paterna
1125 1587 1489 1642 substantiam
1527 1596 1582 1643 et
1618 1588 1876 1644 deitatem

298 1674 354 1729 in
380 1673 521 1730 Filio
547 1677 885 1733 constituere
910 1696 925 1732 :
957 1693 1084 1736 nam
1108 1678 1247 1734 duas
1277 1679 1333 1733 in
1356 1680 1536 1734 allatis
1562 1680 1700 1735 locis
1743 1681 1877 1736 sub-

298 1763 533 1818 stantias
581 1772 769 1834 aperte
828 1766 1152 1834 proﬁtetur:
1197 1774 1252 1822 et
1295 1782 1426 1824 sane
1474 1771 1568 1839 qui
1608 1771 1874 1825 unitatem

1983 617 2134 665 mus,
2191 610 2369 670 utpote
2415 600 2610 666 Pater,
2647 612 2696 656 et
2744 603 3134 656 constitutionis
3175 600 3311 656 Filii
3364 620 3550 666 causa,

1980 694 2115 749 nihil
2159 692 2228 747 ad
2278 693 2493 747 deitatis
2526 708 2636 747 sua:
2680 692 3114 761 complementum
3151 711 3183 747 a
3218 692 3363 748 Filio
3406 697 3551 749 acci-

1979 787 2159 854 piens;
2189 786 2272 840 hic
2305 795 2480 839 autem
2509 793 2760 856 tanquam
2784 799 2849 839 ex
2878 801 3041 839 causa
3064 786 3238 855 factus
3270 787 3440 856 ﬁlius,
3469 804 3553 843 se-

1980 877 2181 931 cundus
2206 886 2285 930 est
2317 875 2382 929 ab
2408 892 2467 930 eo
2498 876 2648 944 cujus
2682 885 2761 930 est
2798 876 2967 946 ﬁlius,
2995 879 3180 948 quippe
3204 880 3296 949 qui
3325 896 3359 933 a
3388 879 3553 935 Patre

1977 975 2028 1020 et
2056 975 2114 1019 ut
2143 967 2233 1032 sit,
2261 976 2311 1019 et
2336 977 2393 1019 ut
2427 966 2553 1020 talis
2582 967 2674 1029 sit,
2711 968 2984 1036 acceperit.
3014 968 3091 1021 Ac
3118 984 3352 1034 rursum,
3377 970 3553 1041 splen-

1977 1057 2079 1111 dor
2126 1056 2333 1128 quidem
2381 1073 2484 1111 non
2531 1072 2596 1111 ea:
2639 1058 2905 1125 proposito
2942 1066 2991 1112 et
3026 1059 3292 1112 voluntate
3336 1060 3552 1116 luminis

1978 1149 2236 1218 splendet,
2261 1146 2351 1201 sed
2382 1147 2663 1202 secundum
2688 1148 2930 1203 accidens
2955 1149 3226 1220 quidpiam
3249 1168 3281 1203 a
3303 1150 3554 1207 substan-

1980 1242 2055 1295 tia
2082 1241 2464 1309 inseparabile;
2496 1238 2669 1295 Filius
2701 1258 2816 1295 vero
2837 1258 2901 1295 ea:
2929 1243 3187 1296 sententia
3216 1251 3263 1296 et
3284 1248 3550 1313 proposito

1978 1332 2285 1395 uoluntatis,
2316 1332 2492 1401 imago
2525 1331 2707 1387 Patris
2738 1331 2991 1387 substitit.
3026 1332 3214 1388 Valens
3251 1337 3387 1389 enim
3410 1335 3550 1391 Deus

1977 1422 2113 1477 Filii
2144 1424 2307 1477 Pater
2333 1425 2559 1486 erstitit,
2593 1440 2656 1477 ac
2693 1424 2980 1477 secundum
3021 1425 3196 1479 lumen
3243 1442 3336 1496 per
3373 1428 3552 1480 omnia

1977 1515 2149 1569 simile
2177 1516 2279 1569 sibi
2308 1514 2594 1569 subsistere
2622 1514 2699 1587 (α)
2730 1516 2872 1584 fecit.
2906 1515 3010 1571 Ubi
3044 1518 3313 1587 interpres
3344 1519 3458 1573 sive
3484 1534 3551 1573 ex

1976 1608 2145 1663 insito
2189 1621 2318 1677 erga
2364 1605 2659 1662 Eusebium
2713 1608 2943 1675 all‘cctu;
2986 1608 3101 1665 sive
3134 1610 3241 1664 alia
3270 1610 3450 1680 ignota
3483 1610 3553 1666 de

1977 1712 2164 1760 causa,
2198 1698 2365 1752 multa
2386 1712 2547 1752 secus
2575 1696 2751 1767 posita
2777 1698 2845 1753 ad
2877 1699 3200 1754 catholicam
3222 1700 3551 1757 sententiam

1976 1803 2076 1858 pro
2108 1802 2261 1843 more
2295 1803 2395 1843 suo
2431 1788 2649 1843 deﬂexit
2690 1808 2702 1843 :
2734 1804 2860 1842 nam
2889 1789 3038 1853 illud,
3072 1789 3193 1842 καθ’
3222 1790 3415 1844 ἑαυτὸν
3459 1792 3553 1845 οὺ·-

295 1855 554 1926 principii
592 1865 650 1912 et
687 1856 909 1915 deitatis
951 1860 1007 1914 in
1047 1876 1156 1915 uno
1206 1860 1388 1925 Patre,
1440 1863 1665 1918 excluso
1712 1861 1871 1930 Filio,

1977 1855 2259 1951 σιωμένος,
2288 1881 2369 1936 sic
2406 1881 2686 1936 transtulit
2715 1901 2727 1933 :
2765 1879 2889 1935 Non
2915 1896 3006 1951 per
3039 1883 3267 1951 seipsum
3300 1882 3550 1938 substan-

295 1957 496 2012 εει-νει,
546 1958 952 2019 consequenter
1004 1951 1166 2005 aliam
1212 1954 1267 2007 in
1314 1952 1454 2008 Filio
1502 1960 1557 2008 et
1596 1953 1869 2009 diversam

293 2037 661 2093 substantiam
691 2047 745 2095 et
775 2041 1052 2107 deitatem,
1093 2043 1139 2098 si
1178 2044 1397 2114 quidem
1438 2043 1581 2101 Deus
1624 2045 1715 2109 sit,
1760 2054 1872 2101 sta-

292 2133 408 2181 tuat
439 2144 674 2185 necesse
701 2138 824 2199 est;
851 2147 883 2187 e
902 2148 963 2188 re
992 2144 1173 2189 tamen
1205 2133 1370 2189 luerit
1396 2152 1463 2191 ex
1487 2137 1672 2192 multis
1697 2153 1872 2207 pauca

291 2216 514 2275 Eusebii
548 2221 672 2277 loca
714 2222 772 2278 in
814 2223 1055 2279 medium
1098 2225 1313 2293 alferre,
1355 2227 1447 2281 ubi
1499 2228 1589 2283 ille
1618 2228 1873 2284 substan-

291 2312 419 2366 tiam
459 2322 516 2367 et
535 2315 794 2370 deitatem
825 2315 971 2384 Filii,
1005 2332 1036 2371 a
1062 2322 1289 2388 paterna
1312 2320 1475 2375 aliam
1497 2330 1550 2376 et
1576 2321 1870 2387 diversam,

291 2415 625 2477 separatam,
653 2408 865 2480 ipsique
892 2411 1063 2465 multo
1087 2411 1399 2469 inferiorem
1437 2424 1873 2473 commonstrare

290 2500 514 2553 nititur:
553 2500 701 2556 unde
732 2502 897 2556 etiam
941 2503 1159 2572 planius
1202 2506 1396 2561 evadat
1426 2509 1569 2577 quod
1619 2510 1873 2579 superius

292 2591 585 2660 probatum
618 2600 724 2657 est,
771 2592 1067 2649 Eusebium
1112 2596 1366 2653 videlicet
1412 2600 1676 2658 unitatem
1718 2602 1873 2672 prin-

291 2680 418 2750 cipii
452 2692 509 2736 et
559 2681 783 2738 deitatis
811 2684 866 2738 in
908 2701 1014 2740 uno
1061 2684 1244 2753 Patre,
1283 2689 1509 2745 excluso
1550 2688 1710 2756 Filio,
1761 2700 1875 2748 sta-

290 2780 467 2826 tuere.
511 2772 603 2826 Ait
645 2774 814 2843 igitur
892 2774 946 2829 in
1024 2774 1483 2834 Demonstratione
1554 2782 1871 2852 evangelica,

292 2862 333 2917 Ι.
364 2879 440 2927 Iv,
478 2879 528 2919 c.
572 2866 627 2928 '5,
660 2882 712 2935 p.
744 2866 842 2920 147
877 2886 891 2922 :
934 2868 1091 2921 Ἀλλὰ
1133 2870 1227 2922 τοῦ
1264 2870 1362 2941 μὲν
1413 2872 1667 2942 αἰσθητοῦ
1700 2872 1876 2944 φωτὸς

291 2956 597 3030 ἀχώριστος
626 2962 658 3030 ἡ
695 2962 860 3034 αὐγὴ,
892 2965 919 3015 6
944 2963 1000 3016 δὲ
1032 2963 1158 3029 Υἱὸς
1193 2966 1337 3031 ἰδίως
1364 2970 1513 3040 παρὰ
1539 2969 1629 3022 τὸν
1655 2970 1875 3044 Πατέρα

289 3047 418 3101 ισιθ⁹
446 3048 641 3102 ἑαυτὸν
676 3051 973 3121 ὑφέστηκε.
1018 3055 1127 3132 καὶ
1163 3057 1337 3125 φωτὸς
1380 3059 1479 3128 μὲν
1511 3060 1543 3130 ἡ
1588 3060 1729 3131 αὐγὴ
1763 3058 1875 3132 χώ-

295 3157 397 3210 ραν
441 3141 726 3213 ἐνεργείας
770 3143 976 3213 ἐπέχει,
1018 3146 1045 3197 6
1078 3130 1135 3199 δὲ
1167 3148 1295 3212 Υἱὸς
1341 3150 1527 3222 ἕτερόν
1575 3170 1626 3206 τι
1669 3130 1872 3225 ῆῗκατὰ

1974 1973 2103 2025 tiam
2134 1982 2341 2036 nactus,
2374 1971 2463 2026 sed
2490 1989 2522 2026 a
2555 1970 2755 2035 Patre;
2785 1988 2908 2027 cum
2950 1972 3284 2043 disparatam
3326 1975 3551 2029 omnino

1972 2064 2297 2118 sententiam
2331 2063 2519 2118 ell‘erat
2549 2062 2841 2127 Eusebius,
2872 2064 3103 2126 scilicet,
3125 2079 3217 2132 per
3244 2080 3298 2118 se
3319 2073 3367 2117 et
3403 2081 3549 2119 seor-

1970 2156 2071 2210 sim
2094 2155 2447 2209 substantiam
2480 2154 2697 2209 habens.
2729 2153 2855 2209 Pari
2883 2154 3044 2209 modo
3079 2156 3213 2210 illud
3241 2157 3333 2210 :'O
3363 2156 3419 2210 δὲ
3436 2158 3551 2211 Πα-

1969 2246 2073 2318 τὴρ
2123 2247 2468 2319 προῦπάρχει
2519 2247 2614 2300 τοῦ
2660 2244 2814 2309 Υἱοῦ,
2847 2248 2938 2299 καὶ
2970 2246 3069 2316 τῆς
3093 2247 3357 2315 γενέσεως
3385 2246 3551 2301 αὑτοῦ

1971 2339 2405 2411 προῦφέστηκεν,
2507 2339 2664 2411 μόνος
2687 2337 2980 2409 ἀγέννητος
3002 2334 3090 2408 ἦν·
3140 2339 3220 2393 sic
3241 2338 3330 2393 ille
3354 2339 3546 2393 vertit:

1971 2430 2040 2483 At
2069 2447 2102 2484 a
2127 2429 2292 2484 Patre
2320 2429 2495 2485 Filius
2536 2430 2792 2500 procedit,
2822 2439 2870 2483 et
2900 2429 3053 2483 illum
3091 2438 3324 2499 generat,
3357 2439 3412 2483 at
3440 2431 3553 2498 ipsa
3640 2464 3641 2469 η

1973 2540 2074 2578 non
2108 2525 2313 2594 genitus
2359 2534 2458 2578 est.
2506 2524 2576 2577 At
2608 2538 2737 2578 vera
2771 2522 3041 2577 sententia
3071 2521 3186 2577 haec
3232 2529 3317 2577 est
3348 2540 3361 2575 :
3388 2520 3553 2578 Pater

1973 2622 2150 2668 autem
2182 2612 2327 2668 Filio
2355 2612 2779 2682 prtecxsistebat,
2808 2620 2857 2665 et
2897 2621 3016 2665 ante
3058 2621 3232 2665 ortum
3264 2612 3378 2681 ejus
3408 2612 3553 2666 exsi-

1972 2704 2162 2770 stebat,
2184 2715 2439 2776 quatenus
2463 2705 2607 2759 solus
2637 2720 2739 2758 non
2762 2704 2965 2773 genitus
2994 2712 3128 2758 erat.
3155 2702 3247 2757 Sic
3271 2703 3436 2758 etiam
3462 2704 3554 2759 illa

1975 2796 2089 2852 fere
2133 2797 2336 2866 ubique
2384 2795 2606 2851 Eusebii
2648 2795 2793 2849 dicta
2824 2795 2878 2848 in
2909 2794 3071 2848 aliam
3099 2796 3422 2850 sententiam
3457 2793 3553 2848 dc-

1973 2884 2157 2949 torsit,
2192 2892 2252 2939 ut
2276 2884 2605 2939 catholicum
2634 2884 2886 2939 redderet
2921 2902 2934 2937 :
2970 2899 3097 2938 nam
3129 2884 3224 2938 lib.
3252 2899 3327 2945 tv,
3373 2899 3423 2938 c.
3459 2883 3549 2949 15,

1973 2993 2028 3050 p.
2065 2978 2184 3042 175,
2216 2978 2331 3032 haec
2360 2977 2581 3032 Eusebii
2604 2980 2788 3044 verba,
2817 2980 2926 3032 Καὶ
2957 2980 3116 3051 μόνον
3146 2979 3205 3044 ἐξ
3236 2976 3400 3032 αὐτοῦ
3427 2995 3553 3048 γενο-

1974 3069 2204 3141 νηθέντα
2256 3069 2389 3123 Θεὸν
2435 3069 2630 3137 Λόγον,
2667 3074 2864 3143 μετοχῇ
2913 3087 2973 3123 τε
3028 3068 3121 3124 τεῦ
3173 3073 3549 3141 γεννήσαντος,

1975 3160 2270 3232 ἀγεννήτου
2318 3161 2413 3214 καὶ
2445 3158 2660 3231 πρώτου
2694 3160 2787 3213 καὶ
2822 3161 3084 3232 μείζονος,
3119 3160 3253 3214 Θεὸν
3304 3162 3369 3215 ἐκ
3416 3161 3552 3215 Θεοῦ

290 3230 577 3325 ξνέργειαν
600 3234 878 3303 τυγχάνει,
905 3235 1026 3288 καθ’
1052 3238 1240 3292 ἑαυτὸν
1262 3240 1610 3313 οὐσιωμένος.
1642 3245 1753 3298 Καὶ
1776 3246 1874 3301 πά·
1899 3227 1945 3290 c
1975 3227 2374 3322 ἀποφανθέντα,
2401 3227 2632 3325 Χριστὸν
2652 3254 2745 3309 καὶ
2773 3227 3099 3324 ἡλειμμὲνον
3123 3253 3451 3317 ἀπεκάλεσε,
3473 3255 3555 3309 sic

290 3320 398 3387 λιν,
432 3326 466 3393 ἡ
521 3324 624 3393 μὲν
656 3325 799 3396 αὐγὴ
839 3327 1174 3399 συνυπάρχει
1213 3330 1289 3402 τῷ
1332 3332 1489 3402 φωτὶ,
1536 3335 1871 3408 συμπληρω-

287 3418 420 3489 suci,
455 3436 540 3482 τις
572 3414 707 3472 οὖσα
745 3419 941 3479 αὑτοῦ·
989 3422 1117 3476 ἄνευ
1150 3423 1259 3495 γὰρ
1292 3426 1466 3497 αὐγῆς
1501 3428 1601 3481 οὐκ
1630 3428 1696 3482 ἂν
1743 3430 1874 3483 ὑπσ-

291 3512 457 3582 σταίη
508 3512 646 3581 φῶς,
679 3513 814 3583 ὁμοῦ
841 3530 900 3565 τε
935 3514 1029 3566 καὶ
1061 3517 1181 3568 κατ’
1208 3517 1340 3570 αὐτὸ
1375 3518 1777 3591 συνυφέστηκεν
1800 3537 1812 3549 ·
1844 3523 1873 3574 6

289 3600 348 3655 δὲ
380 3601 574 3674 Πατὴρ
617 3604 959 3675 προῦπάρχει
1003 3605 1095 3658 τοῦ
1135 3606 1288 3671 Υίοῦ,
1324 3609 1419 3660 καὶ
1460 3608 1562 3679 τῆς
1605 3610 1874 3679 γενέσεως

289 3695 462 3748 αὑτοῦ
495 3695 931 3766 προῦφέστηκεν,
1043 3697 1203 3769 μόνος
1244 3699 1537 3770 ἁγέννητος
1582 3697 1669 3774 ἦν.
1705 3704 1814 3757 Καὶ
1846 3707 1874 3759 6

294 3790 399 3859 μὲν
438 3790 562 3842 καθ’
596 3789 786 3842 ἑαυτὸν
819 3789 1018 3854 τέλειος
1047 3792 1140 3843 καὶ
1172 3791 1406 3863 πρῶτος,
1430 3793 1504 3857 ὡς
1534 3794 1742 3866 Πατὴρ,
1780 3796 1876 3849 xal.

290 3880 392 3953 τῆς
434 3879 533 3933 τοῦ
574 3879 706 3933 Υἱοῦ
752 3881 1062 3944 συστάσεως
1092 3882 1283 3947 αἴτιος,
1323 3884 1474 3937 οὐδὲν
1521 3886 1601 3949 εἰς
1636 3886 1877 3957 συμπλή-

295 3986 466 4039 ρωσιν
504 3969 606 4039 τῆς
648 3968 841 4022 ἑαυτοῦ
878 3968 1126 4039 Θεότητος
1169 3968 1318 4040 παρὰ
1362 3969 1456 4023 τοῦ
1498 3970 1627 4024 Υἱοῦ
1667 3970 1877 4040 λαμϐά-

291 4077 441 4113 νων·
472 4062 501 4113 6
543 4060 601 4112 δὲ
629 4060 704 4123 ώς
748 4062 809 4127 ἐξ
853 4063 1027 4117 αίτίου
1074 4060 1312 4130 γεγονὼς
1356 4062 1490 4124 υἱὸς,
1533 4061 1782 4132 δεύτερος
1814 4054 1874 4114 οὗ

293 4152 444 4205 ἑστιν
470 4153 589 4216 υἱὸς
615 4154 938 4227 καθέστηκε,
972 4153 1122 4226 παρὰ
1146 4152 1241 4206 τοῦ
1269 4153 1480 4224 Πατρὸς
1501 4153 1595 4207 καὶ
1623 4155 1684 4206 τὸ
1712 4152 1873 4219 εἶναι,

296 4246 391 4296 καὶ
423 4245 634 4297 τοιόσδε
678 4242 816 4298 εἶναι
862 4245 1115 4317 εἰληφώς.
1160 4247 1271 4299 Καὶ
1308 4246 1487 4310 πάλιν,
1516 4248 1549 4316 ἡ
1600 4247 1696 4317 μὲν
1733 4246 1876 4317 αὐγὴ

295 4336 357 4387 εὐ
394 4335 539 4387 κατὰ
572 4339 890 4408 προαίρεσιν
924 4339 1016 4391 τοῦ
1051 4338 1225 4408 φωτὸς
1249 4337 1539 4407 ἐκλάμπει,
1573 4337 1712 4390 κατά
1738 4353 1790 4389 τι
1819 4337 1876 4389 δὲ

298 4426 396 4496 τῆς
438 4426 631 4489 οὐσίας
660 4426 1003 4498 συμϐεϐηκὸς
1035 4428 1364 4499 ἀχώριστον·
1410 4431 1438 4481 ό
1477 4428 1533 4481 δὲ
1576 4428 1703 4490 Υἱὸς
1734 4428 1879 4481 κατὰ

299 4515 528 4587 γνώμην
573 4517 669 4569 καὶ
714 4519 1029 4589 προαίρεσιν
1075 4518 1237 4573 εἰκὼν
1268 4520 1471 4591 ὑπέστη
1516 4519 1609 4571 τοῦ
1644 4519 1875 4590 Πατρός.

304 4609 596 4681 Βουληθεὶς
624 4609 731 4681 γὰρ
758 4613 786 4663 ό
818 4611 949 4675 Θεὸς
978 4611 1197 4679 γέγονεν
1227 4611 1358 4664 Υἱοῦ
1390 4610 1598 4681 Πατὴρ,
1640 4610 1735 4663 καὶ
1762 4610 1875 4679 φῶς

302 4701 555 4772 δεύτερον
594 4702 738 4755 κατὰ
764 4703 939 4756 πάντα
972 4703 1149 4774 ἑαυτῷ
1177 4704 1605 4775 ἀφωμοιωμένον
1641 4704 1878 4771 ὑπεστή-

307 4812 453 4849 σατο.
486 4795 618 4861 Quae
647 4796 728 4850 sic
768 4812 868 4867 ego
900 4796 1259 4865 interpretor:
1295 4795 1398 4850 Sed
1428 4814 1460 4848 a
1490 4795 1726 4849 sensibili
1761 4796 1879 4865 qui-

305 4887 420 4940 dent
446 4888 647 4941 lumine
667 4887 915 4957 splendor
941 4888 1180 4956 separari
1204 4905 1307 4942 non
1328 4896 1516 4955 potest,
1551 4886 1727 4942 Filius
1760 4903 1877 4941 vero

307 4996 543 5034 seorsum
587 4996 619 5032 a
654 4978 818 5034 Patre
845 4996 938 5048 per
979 4982 1205 5049 seipsum
1239 4979 1500 5034 subsistit.
1542 4979 1617 5032 Ac
1665 4979 1878 5033 luminis

307 5071 513 5143 quidem
540 5071 788 5142 splendor
811 5072 984 5126 locum
1013 5073 1298 5143 efﬁcientia:
1328 5071 1546 5134 obtinet,
1582 5069 1758 5125 Filius
1783 5086 1881 5124 au-r

311 5172 409 5215 tem
452 5163 604 5216 aliud
630 5163 900 5234 quidpiam
929 5180 1086 5233 quam
1114 5162 1398 5217 secundum
1427 5163 1754 5233 efﬁcientiam
1780 5170 1880 5228 est,

313 5270 396 5311 Der
432 5257 660 5325 seipsum
689 5256 992 5310 substantia
1031 5256 1309 5325 prwditus.
1348 5254 1601 5321 Rursum,
1635 5254 1883 5324 splendor

310 5350 469 5404 simul
509 5350 718 5403 assistit
772 5365 889 5403 cum
944 5349 1160 5414 lumine,
1212 5347 1447 5418 illudque
1495 5346 1882 5418 quodammodo

310 5443 567 5511 complet:
610 5459 733 5495 nam
763 5444 873 5496 sine
903 5441 1180 5511 splendore
1211 5442 1387 5495 lumen
1411 5456 1740 5511 nequaquam
1767 5439 1883 5493 sub-

312 5535 482 5594 sistat.
516 5534 777 5604 simulque
819 5550 935 5587 cum
977 5533 1072 5586 illo
1108 5550 1170 5587 ac
1211 5532 1498 5587 secundum
1540 5530 1676 5585 illud
1704 5530 1874 5585 subsi-

314 5628 431 5688 stit;
476 5625 643 5680 Pater
693 5636 867 5679 autem
914 5624 1057 5679 Filio
1096 5628 1512 5693 prwexsistebat,
1551 5632 1601 5677 et
1639 5632 1758 5677 ante
1792 5639 1878 5675 or-

316 5727 417 5769 tum
472 5718 585 5787 ejus
639 5718 947 5785 exsistebat,
1004 5728 1258 5787 quatenus
1306 5717 1451 5770 solus
1511 5714 1874 5785 non—genitus

1972 3345 2254 3399 transtulit
2278 3344 2367 3398 ille
2393 3362 2405 3398 ε
2437 3344 2506 3398 Εε
2530 3346 2620 3415 qui
2648 3346 2791 3399 solus
2814 3361 2877 3400 ex
2901 3346 2993 3399 illo
3022 3346 3227 3416 genitus
3250 3344 3392 3399 Deus
3426 3344 3555 3399 Ver-

1974 3438 2114 3501 bum,
2141 3438 2612 3511 communicatione
2629 3440 2889 3510 gignentis
2918 3439 3157 3509 ingenili,
3182 3437 3323 3492 Deus
3352 3437 3415 3493 dc
3440 3436 3552 3492 Deo

1970 3540 2047 3585 est
2081 3528 2407 3594 declaratus,
2441 3529 2711 3584 Christum
2756 3540 2911 3599 atque
2951 3538 3165 3583 unctum
3191 3530 3425 3591 vocavit;
3456 3528 3555 3583 ubi

1972 3636 2135 3676 voces
2181 3621 2304 3676 illas
2346 3621 2564 3693 πρώτου
2610 3621 2705 3675 καὶ
2745 3620 3006 3692 μείζονος,
3040 3621 3199 3689 primi
3231 3628 3279 3673 et
3307 3620 3550 3688 majoris,

1973 3712 2321 3781 praetermisit
2349 3712 2459 3778 ille,
2495 3713 2576 3768 sic
2616 3720 2797 3767 autem
2829 3712 3151 3767 vertendum
3187 3711 3287 3766 fuit
3319 3730 3331 3765 :
3368 3709 3435 3763 Et
3464 3727 3553 3764 so-

1972 3803 2083 3857 lum
2129 3818 2194 3857 ea:
2233 3805 2348 3872 ipso
2378 3805 2613 3875 genitum
2650 3802 2820 3857 Deum
2868 3802 3110 3867 Verbum,
3146 3801 3560 3872 participatione

1971 3894 2229 3965 genitoris
2269 3896 2583 3965 non-geniti,
2609 3895 2767 3964 primi
2795 3904 2845 3948 et
2868 3894 3114 3963 majoris,
3142 3892 3308 3947 Deum
3344 3891 3407 3945 de
3440 3890 3552 3945 Deo

1973 3985 2326 4051 declaratum,
2362 3986 2634 4041 Christum
2678 3996 2727 4040 et
2778 3996 2994 4039 unctum
3024 3986 3245 4039 vocavit.
3276 3983 3341 4037 Et
3368 3999 3419 4053 p.
3448 3982 3547 4039 181

1973 4079 2016 4133 Β
2048 4099 2060 4133 :
2099 4079 2296 4149 Διόπερ
2327 4079 2419 4131 ἐπὶ
2448 4078 2623 4149 τούτῳ
2652 4077 2833 4149 ἐχρισέ
2879 4094 2962 4142 σε,
2996 4072 3040 4131 ὧ
3070 4077 3192 4139 Θεὲ,
3222 4077 3251 4129 ό
3293 4076 3554 4130 ἀνωτάτω

1976 4174 2069 4228 καὶ
2120 4172 2318 4243 μείζων
2367 4170 2550 4234 αὐτὸς,
2584 4171 2612 4223 ό
2642 4170 2734 4223 καί
2765 4185 2857 4222 σου
2888 4168 3040 4233 Θεὸς,
3071 4168 3147 4231 ὡς
3175 4162 3312 4220 εἶναι
3342 4167 3432 4219 καὶ
3460 4166 3559 4221 τὸν

1976 4262 2259 4334 χριόμενον
2303 4262 2398 4313 καὶ
2442 4261 2531 4313 τὸν
2575 4260 2796 4331 χρίοντα
2842 4259 2975 4311 πολὺ
3024 4258 3306 4329 πρότερον,
3336 4257 3555 4311 πάντων

1979 4354 2080 4425 μὲν
2108 4354 2236 4406 ὄντα
2265 4353 2417 4417 Θεὸν,
2452 4353 2544 4405 καὶ
2587 4350 2748 4405 αὑτοῦ
2791 4350 3151 4423 διαφερόντως
3190 4349 3285 4403 τοῦ
3332 4348 3554 4425 χριομέ-

1978 4462 2090 4509 νου,
2117 4445 2211 4500 ubi
2238 4445 2293 4498 in
2318 4443 2524 4499 Graecis
2548 4443 2862 4499 necessario
2892 4443 3062 4512 legas,
3083 4441 3158 4505 ὡς
3181 4437 3317 4495 εἶναι
3342 4441 3432 4494 καὶ
3456 4438 3556 4493 τοῦ

1980 4533 2268 4605 χρωμένου
2299 4534 2389 4586 τὸν
2422 4533 2643 4603 χρίοντα
2677 4532 2810 4585 πολὺ
2845 4530 3130 4602 πρότερον,
3165 4530 3301 4584 alias
3334 4538 3557 4584 senten-

1980 4628 2055 4680 tia
2084 4641 2192 4680 non
2221 4626 2511 4680 constabit.
2536 4623 2742 4679 Locum
2776 4624 2850 4677 ita
2882 4624 3061 4687 vertit,
3094 4622 3208 4677 sive
3229 4621 3411 4691 potius
3432 4636 3557 4690 per-

1983 4717 2149 4770 vertit
2182 4716 2455 4786 interpres
2483 4715 2804 4784 ;Propterea
2835 4714 2896 4768 ob
2935 4714 3070 4766 hanc
3103 4715 3270 4782 ipsam
3313 4728 3555 4773 causam,

1981 4806 2133 4858 unxit
2168 4814 2237 4869 te,
2265 4822 2294 4860 ο
2320 4802 2484 4867 Deus,
2515 4804 2623 4863 ille,
2659 4803 2748 4873 qui
2793 4813 2911 4854 tuus
2955 4816 3154 4871 quoque
3179 4807 3255 4852 est
3284 4796 3460 4860 Deus;
3496 4806 3555 4849 ut

1982 4896 2051 4951 sit
2093 4904 2143 4949 et
2187 4896 2278 4965 qui
2306 4894 2542 4963 ungitur,
2578 4891 2743 4956 Deus,
2772 4900 2823 4944 et
2866 4892 2955 4961 qui
2997 4890 3143 4959 ungit
3175 4902 3194 4940 :
3227 4886 3316 4956 qui
3347 4885 3556 4956 quidem

1984 4988 2053 5040 sit
2084 4986 2317 5039 omnium
2348 4983 2512 5038 Deus.
2544 4982 2618 5037 Ea
2646 4997 2809 5053 porro
2830 4990 2913 5036 est
2935 4996 3060 5035 vera
3086 4978 3216 5034 dicti
3247 4976 3553 5031 sententia:

1986 5074 2115 5129 Ideo
2144 5074 2298 5127 unxit
2327 5083 2395 5137 te,
2431 5089 2460 5125 ο
2486 5072 2646 5137 Deus,
2679 5072 2769 5142 qui
2796 5086 3069 5139 supremus
3098 5078 3147 5122 et
3174 5067 3365 5135 major,
3391 5082 3453 5119 ac
3481 5066 3557 5119 tui

1984 5180 2185 5235 quoque
2218 5162 2360 5217 Deus
2388 5173 2499 5217 est:
2522 5163 2599 5216 ita
2625 5172 2681 5215 ut
2710 5178 2901 5232 angens
2925 5169 3081 5214 uncto
3106 5159 3271 5213 multo
3296 5159 3442 5227 prior
3463 5158 3554 5221 sit,

1987 5273 2106 5309 cum
2158 5256 2391 5309 omnium
2435 5254 2642 5325 quidem
2688 5255 2757 5308 sit
2786 5253 2948 5319 Deus,
2970 5252 3263 5323 praesertim
3293 5266 3411 5304 vero
3441 5250 3557 5320 ejus

1988 5348 2077 5417 qui
2104 5348 2335 5417 ungitur.
2369 5344 2433 5400 Et
2464 5362 2514 5416 p.
2548 5345 2653 5399 256
2684 5344 2727 5397 Α
2752 5363 2763 5398 :
2801 5344 2911 5396 Καὶ
2944 5345 2972 5396 6
3002 5342 3133 5405 Θεὸς
3175 5342 3380 5406 Ἰσαὰκ,
3402 5334 3446 5409 ᾧ
3466 5341 3558 5392 καὶ

1990 5437 2191 5507 στήλην
2222 5436 2517 5508 ἀνέστησεν
2549 5438 2576 5490 ὁ
2606 5434 2876 5505 Θεοφιλὴς,
2911 5432 3043 5497 Θεὸς
3078 5433 3174 5501 μὲν
3212 5427 3281 5503 ἦν
3320 5432 3417 5485 καὶ
3448 5429 3562 5483 Κύ-

1993 5546 2105 5601 ριος
2152 5528 2343 5600 (αὑτῷ
2371 5529 2480 5601 γὰρ
2505 5528 2715 5596 λέγοντι
2748 5524 3119 5597 πιστευτέον),
3151 5525 3210 5577 οὺ
3245 5524 3350 5595 μὴν
3393 5524 3422 5575 6
3466 5521 3561 5575 ἐπὶ

1987 5621 2221 5687 πάντων,
2256 5620 2368 5674 ἀλλ’
2399 5623 2426 5673 ὁ
2459 5620 2668 5673 ἐκείνου
2694 5618 2965 5689 δεύτερος,
2999 5618 3067 5670 τὰ
3094 5616 3191 5668 τοῦ
3224 5613 3436 5685 Πατρὸς
3479 5606 3559 5673 είς

1985 5712 2301 5784 ἀνθρώπους
2332 5712 2742 5793 διακονούμενος
2772 5710 2862 5765 καὶ
2892 5707 3241 5784 διαγγέλλων,
3271 5706 3362 5762 ubi
3389 5705 3561 5760 inter-

382 5852 456 5923 (a)
493 5851 615 5921 Quo
646 5868 813 5909 suasu
849 5869 943 5924 per
974 5854 1155 5909 omnia
1184 5854 1417 5911 similem
1470 5851 1667 5907 Filium
1716 5850 1884 5918 dicat,
1925 5851 2045 5906 vide
2076 5849 2238 5905 inira.
