4020 6372
472 410 545 468 ss
996 429 1009 437 α
1173 388 1444 462 unseen
1478 399 1958 460 cmssnmusrs
1997 398 2068 454 ut

2193 398 2375 457 esas
2417 399 2507 457 ιιι.
2547 433 2618 444 --
2655 400 3063 462 exsomnes.
3632 388 3633 391 ‘
3672 412 3739 467 se

464 541 601 600 pres
654 539 806 580 more
860 525 1022 580 solito
1055 541 1066 576 :
1109 522 1175 576 Et
1218 523 1359 579 Deus
1409 521 1592 587 Isaac,
1626 524 1712 577 cui
1745 532 1795 577 et
1840 522 2053 575 titulum
2083 533 2129 589 Α
2157 532 2271 573 rem
2303 518 2550 576 Graecum
2578 520 2807 587 vitiavit,
2840 528 2896 577 et
2923 523 3187 579 catliolice
3259 525 3407 598 loqui
3454 530 3739 599 compulit.

471 619 639 676 erexit
664 617 763 673 Dei
791 619 1015 679 amicus,
1036 616 1179 672 Deus
1211 617 1420 688 quidem
1442 625 1557 671 erat
1583 626 1633 671 et
1658 616 1916 671 Dominus
1939 617 2063 688 (ipsi

468 711 611 767 enim
635 710 833 765 dicenti
867 707 1183 763 credendum
1206 710 1348 780 est),
1370 726 1475 763 non
1503 718 1676 762 tamen
1709 709 1755 763 is
1788 711 1877 780 qui
1902 707 2064 763 Pater

471 808 549 855 est
581 808 630 853 et
660 817 693 853 a
732 798 877 853 nullo
907 808 1024 861 est;
1071 800 1160 853 sed
1188 800 1278 870 qui
1306 816 1390 865 ea,
1416 815 1532 870 qum
1559 798 1628 852 ad
1660 798 1877 853 Patrem
1901 802 2063 868 perli-

473 902 617 956 nent,
643 890 941 944 hominibus
973 890 1343 944 subministrat
1364 900 1414 943 et
1435 891 1668 944 nuntiat.
1712 889 1813 944 Ubi
1846 898 2065 945 verten-

475 984 604 1039 dum
632 992 751 1038 erat
781 1003 792 1037 :
821 982 891 1037 Et
925 981 1067 1037 Deus
1100 981 1279 1048 Isaac,
1309 984 1397 1037 cui
1438 991 1489 1037 et
1537 984 1747 1037 titulum
1782 984 1945 1038 erexit
1986 985 2066 1038 vir

473 1075 567 1130 ille
594 1074 894 1145 religiosus,
927 1074 1068 1128 Deus
1102 1073 1312 1145 quidem
1364 1083 1480 1128 erat
1527 1083 1577 1128 et
1624 1072 1918 1138 Dominus;
1961 1073 2065 1140 ipsi

473 1168 614 1222 enim
644 1167 840 1221 dicenti
869 1165 1188 1220 credendum
1223 1176 1338 1231 est;
1368 1184 1460 1220 nec
1493 1176 1666 1221 tamen
1701 1178 1814 1222 erat
1854 1169 1943 1223 ille
1972 1186 2064 1223 su-

470 1275 573 1328 pra
604 1260 783 1314 omnia
814 1257 1026 1331 [Deus],
1061 1260 1153 1313 sed
1187 1258 1271 1312 illi
1300 1259 1580 1323 secundus,
1616 1261 1708 1330 qui
1754 1276 1835 1315 res
1883 1260 2063 1317 Patris

421 1356 425 1361 ’
472 1356 530 1410 in
556 1354 855 1408 hominibus
886 1355 1157 1408 ministrat
1206 1364 1255 1408 et
1306 1356 1539 1410 nuntiat.
1568 1355 1699 1421 Qum
1730 1358 1977 1411 recidunt
2008 1358 2064 1413 in

472 1448 625 1502 illam
661 1446 915 1517 superius
948 1454 1432 1501 commonstrat-am
1465 1448 1685 1503 Eusebii
1714 1450 2061 1518 sententiam,

474 1540 742 1593 unitatem
778 1539 989 1593 scilicet
1013 1538 1108 1594 Dei
1138 1540 1523 1595 universorum
1553 1541 1606 1595 in
1633 1557 1740 1596 uno
1760 1540 1923 1598 Patre
1947 1559 2064 1598 ser—

474 1631 615 1693 vari,
641 1628 784 1685 Filio
816 1631 1129 1697 excluso,et
1155 1631 1211 1685 in
1245 1632 1546 1686 secundum
1580 1633 1761 1688 locum
1790 1634 2060 1703 ablegato.

479 1719 745 1776 Similiter
766 1722 965 1791 p.158,
995 1723 1058 1786 C,
1098 1722 1212 1776 hrec
1242 1721 1459 1779 Eusebii
1488 1725 1653 1779 verba
1688 1727 1839 1781 εὊτε
1866 1726 1922 1779 δὲ
1952 1726 2066 1780 Κύ-

480 1829 593 1884 ριον
626 1813 720 1866 καὶ
751 1812 883 1866 Θεὸν
907 1810 1015 1866 οἶδε
1046 1813 1137 1867 τὸν
1169 1815 1851 1885 ἐπιφαινόμενον,ταύταις
1872 1819 2063 1883 αὐταῖς

2242 613 2363 671 Jam
2409 630 2517 685 quo
2570 614 2966 673 destinavimus
2996 633 3286 688 pergamus
3325 639 3337 673 :
3374 620 3741 678 substantiam

2161 722 2294 779 ergo
2338 708 2459 764 Filii
2493 706 2786 772 Eusebius,
2816 709 2979 762 aliam
3004 717 3059 764 et
3084 710 3355 766 diversam
3389 712 3548 768 docet
3582 730 3611 768 a
3640 713 3746 768 Pa-

2160 804 2266 858 tris
2298 799 2630 863 substantia,
2665 798 2829 868 idque
2856 814 2963 853 non
2988 800 3042 853 in
3072 801 3373 871 praemissis
3395 803 3557 857 modo
3583 804 3741 868 locis,

2163 893 2260 949 sed
2298 893 2462 947 etiam
2514 890 2644 945 alibi
2676 891 3031 961 plerumque;
3076 893 3159 946 sic
3194 893 3250 948 in
3278 893 3746 949 Demonstratione

2161 982 2480 1053 euangelica,
2498 982 2595 1037 lib.
2626 998 2680 1048 v,
2713 996 2831 1050 cap.
2858 981 2911 1045 1,
2937 996 3058 1052 pag.
3085 982 3211 1047 215,
3240 992 3529 1055 postquam
3554 986 3608 1040 in
3632 1001 3745 1057 quo

2161 1076 2393 1146 quadret
2412 1074 2747 1144 comparatio
2769 1072 2946 1128 Patris
2967 1081 3020 1128 et
3040 1072 3165 1129 Filii
3194 1090 3317 1130 cum
3342 1078 3462 1133 luce
3483 1087 3536 1133 et
3552 1081 3745 1148 splen-

2162 1170 2316 1231 dore,
2351 1168 2747 1238 explicavcrat;
2782 1168 2837 1222 in
2871 1185 2979 1240 quo
3004 1168 3257 1224 diﬂ‘erant
3287 1168 3451 1226 Pater
3487 1181 3541 1226 et
3568 1170 3743 1227 Filius

2162 1275 2192 1313 a
2222 1259 2512 1330 splendore
2540 1258 2595 1315 et
2624 1260 2745 1315 luce
2797 1261 2877 1315 sic
2924 1269 3144 1316 enarrat
3174 1262 3346 1316 εἈλλ’
3368 1263 3430 1316 οὗ
3462 1267 3573 1328 τοῖς
3606 1266 3742 1318 ὑπο-

2160 1351 2415 1421 δείγμασι
2454 1351 2598 1404 κατὰ
2638 1350 2815 1405 πάντα
2845 1353 3043 1423 τρόπον
3071 1352 3292 1423 ὁμοίως,
3324 1353 3606 1424 ὠσπεροῦν
3639 1354 3743 1426 ἢδη

2164 1444 2430 1515 πρότερον
2458 1444 2791 1515 εἴρηται.Τὰ
2815 1445 2911 1514 μὲν
2943 1443 3051 1516 γὰρ
3076 1445 3257 1517 ἄψυχα
3284 1445 3509 1517 σώματα
3534 1446 3592 1500 τὸ
3613 1464 3744 1518 συμ-

2163 1532 2397 1605 ϐεϐηκὸς
2429 1536 2486 1587 ἐν
2526 1535 2773 1605 ποιότησι
2804 1535 3126 1606 κέκτηνταιο
3153 1537 3267 1608 ἤτε
3295 1536 3404 1610 γὰρ
3428 1539 3592 1610 αὐγὴ,
3612 1536 3745 1608 σύμ-

2163 1642 2328 1692 φυτος
2358 1622 2491 1678 οὖσα
2522 1628 2589 1697 τῇ
2623 1625 2717 1679 τοῦ
2750 1614 2925 1695 φωτὸς
2966 1627 3146 1697 φύσει,
3179 1630 3272 1683 καὶ
3308 1630 3581 1693 ούσιωδῶς
3614 1646 3710 1684 συν
3738 1668 3744 1673 -

2162 1717 2484 1790 υπάρχουσα
2509 1718 2587 1790 τῷ
2614 1718 2773 1786 φωτὶ,
2802 1720 2903 1773 οὐκ
2931 1708 2995 1772 ἂν
3020 1719 3233 1773 δύναιτο
3262 1721 3417 1785 ἐκτὸς
3444 1721 3744 1792 ὑφεστάναι

2163 1810 2258 1863 τοῦ
2294 1812 2351 1863 ὲν
2389 1804 2432 1878 ᾧ
2466 1814 2612 1863 ἐστιν
2635 1827 2648 1840 ’
2687 1812 2715 1863 ό
2746 1810 2801 1863 δέ
2826 1827 2889 1879 γε
2912 1809 3006 1863 τοῦ
3034 1810 3168 1864 Θεοῦ
3196 1813 3366 1881 Λόγος
3397 1813 3516 1867 καθ’
3551 1814 3742 1868 ἑαυτὸν

478 1902 665 1973 σαφῶς
690 1902 953 1973 κέχρηται
976 1904 1093 1965 ταῖς
1117 1904 1472 1974 προσρήσεσι.
1507 1902 1710 1975 Κύριον
1736 1904 1791 1957 δὲ
1814 1906 1907 1958 καὶ
1929 1905 2059 1959 Θεὸν
2094 1899 2135 1959 Β
2161 1902 2418 1955 ούσίωταί
2457 1919 2518 1954 τε
2550 1902 2644 1955 καὶ
2678 1902 2973 1974 ὑφέστηκε,
3004 1902 3099 1955 καὶ
3130 1903 3229 1957 οὐκ
3267 1905 3573 1977 ἁγεννήτως
3614 1923 3741 1959 συν-

476 1995 559 2047 ὅτι
587 1994 660 2065 μὴ
686 1994 776 2049 τὸν
795 1994 967 2048 αἴτιον
989 1994 1159 2064 λέγοι,
1183 1995 1474 2065 προφανῶς
1496 1995 1774 2060 ἐπέδειξαν
1797 1996 1894 2066 τῆς
1917 1996 2065 2060 θείας

475 2080 703 2156 Γραφῆς
754 2084 807 2137 αἱ
853 2083 1048 2148 λέξεις,
1081 2083 1308 2151 ἄγγελον
1364 2082 1499 2136 Θεοῦ
1553 2082 1943 2152 προσειποῦσαι
1973 2083 2065 2136 τὸν

476 2176 573 2229 ἐπὶ
596 2176 688 2229 τοῦ
706 2175 899 2229 Ἰακὼϐ
918 2175 1121 2245 Κύριον
1140 2176 1234 2229 καὶ
1260 2174 1390 2228 Θεὸν
1408 2175 1918 2246 προωνομασμένον.
1942 2174 2066 2228 Λεί-

477 2270 642 2324 πεταί
674 2288 756 2334 τις
778 2270 896 2342 ’ἄρα
921 2270 995 2323 ὢν
1019 2272 1076 2323 ἐν
1106 2274 1219 2334 τοῖς
1246 2266 1363 2324 οὖσι
1399 2270 1531 2334 Θεὸς
1560 2271 1654 2324 καὶ
1689 2270 1893 2342 Κύριος
1926 2268 2063 2339 μετὰ

472 2357 572 2411 τὸν
602 2358 949 2430 παμϐασιλέα
988 2359 1081 2412 καὶ
1112 2358 1243 2413 Θεὸν
1281 2359 1387 2413 τῶν
1420 2360 1555 2414 ὅλων
1574 2377 1587 2390 ’
1619 2359 1705 2431 εἴη
1737 2360 1781 2414 δ’
1814 2360 1881 2413 ἂν
1909 2352 2064 2422 οὗτος

471 2451 507 2501 ὁ
540 2450 647 2522 πρὸ
678 2450 890 2503 αἰώνων
923 2449 1015 2504 τοῦ
1049 2448 1185 2503 Θεοῦ
1212 2451 1401 2520 Λόγος,
1422 2453 1450 2504 ὁ
1475 2452 1734 2521 κρείττων
1765 2451 1863 2521 μὲν
1895 2450 1927 2521 ἢ
1961 2453 2065 2504 πᾶ-

479 2557 549 2594 σα
585 2540 852 2611 ἀγγελικὴ
886 2539 1067 2610 φύσις,
1104 2542 1270 2611 μείων
1301 2542 1357 2594 δὲ
1389 2543 1421 2613 ἢ
1465 2544 1604 2595 κατὰ
1642 2543 1703 2595 τὸ
1736 2543 1951 2614 πρῶτον
1978 2532 2063 2595 αἴ-

476 2646 612 2695 τιον,
644 2632 720 2684 ita
756 2631 945 2686 Latine
978 2631 1106 2687 fecit
1135 2632 1224 2686 ille
1259 2650 1271 2686 :
1306 2633 1522 2697 Quoties
1546 2650 1663 2687 vero
1691 2632 1978 2687 Dominum
2012 2642 2064 2688 et

465 2722 671 2787 ‘Deum,
723 2740 841 2776 eum
890 2725 981 2793 qui
1022 2733 1242 2794 apparet
1288 2726 1560 2795 intelligit,
1597 2726 1677 2779 Itis
1716 2728 1844 2795 ipsis
1883 2727 2065 2794 palam

479 2814 656 2867 utitur
704 2813 1059 2870 locationibus
1092 2833 1109 2869 :
1138 2816 1279 2887 quod
1327 2834 1442 2871 vero
1477 2818 1759 2871 Dominum
1796 2818 2065 2890 Deumque

479 2921 585 2958 non
616 2921 733 2958 eum
762 2906 1021 2976 signiﬁcet
1051 2908 1142 2978 qui
1175 2906 1343 2962 Pater
1373 2918 1471 2973 est,
1509 2910 1637 2979 ipsa:
1669 2908 1957 2980 Scriptura:
1980 2911 2065 2965 di-

481 2999 615 3051 uinae
662 2997 953 3052 locutiones
994 3000 1049 3052 in
1084 3000 1439 3067 superioribus
1476 3001 1861 3057 euidentissime
1893 3012 2066 3057 osten-

477 3091 637 3157 dunt,
666 3092 755 3144 ubi
783 3093 1028 3163 angelum
1063 3094 1160 3148 Dei
1187 3095 1455 3163 appellant
1490 3112 1607 3163 eum
1637 3097 1847 3165 quicum
1875 3096 1938 3149 de
1966 3093 2068 3149 Ja-

481 3186 578 3240 cob
607 3202 777 3241 sermo
805 3198 973 3250 esset;
1005 3196 1238 3257 superest
1275 3189 1438 3258 igitur
1470 3197 1528 3241 ut
1560 3204 1880 3259 quaeramus,
1916 3188 2063 3258 quis-

2166 1994 2398 2064 υπάρχει
2449 1990 2527 2064 τῷ
2574 1993 2771 2066 Πατρὶ,
2802 1992 2915 2047 ἀλλ’
2944 1986 3020 2058 ὡς
3074 1996 3365 2067 μονογενὴς
3406 1996 3535 2061 Υἱὸς
3581 1996 3745 2068 μόνος

2164 2086 2271 2158 πρὸ
2303 2085 2519 2139 πάντων
2550 2086 2658 2139 τῶν
2696 2079 2905 2140 αἰώνων
2938 2088 3002 2139 ὲκ
3042 2086 3136 2139 τοῦ
3168 2087 3382 2160 Πατρὸς
3406 2092 3745 2161 γεγεννημέ-

2164 2196 2272 2243 νος,
2298 2178 2403 2232 hoc
2433 2186 2517 2233 est
2543 2197 2554 2232 :
2588 2177 2689 2233 Sed
2715 2196 2818 2232 non
2850 2179 3145 2233 omnimode
3172 2183 3526 2248 exemplorum
3555 2182 3747 2237 simili-

2166 2271 2291 2323 tudo
2316 2271 2577 2335 convenit,
2606 2270 2801 2341 utjam
2830 2270 3030 2325 dictum
3053 2272 3155 2341 fuit
3182 2288 3200 2325 :
3228 2288 3353 2325 nam
3392 2288 3616 2341 corpora
3652 2273 3743 2325 in-

2166 2363 2407 2415 animata
2467 2361 2710 2417 accidens
2736 2363 2790 2416 in
2820 2355 3166 2434 qualitatibus
3199 2352 3434 2418 obtinent
3457 2379 3474 2417 :
3497 2364 3747 2433 splendor

2162 2456 2301 2508 enim
2330 2472 2446 2508 cum
2475 2464 2681 2509 natura:
2710 2454 2842 2509 lucis
2869 2464 3124 2509 connatus
3161 2453 3252 2519 sit,
3284 2462 3334 2508 et
3374 2446 3745 2509 substantiali-

2166 2553 2244 2598 ter
2269 2562 2388 2598 cum
2418 2545 2532 2597 luce
2566 2546 2875 2609 coexsistat,
2906 2553 3057 2598 extra
3088 2543 3316 2614 idipsum
3339 2546 3394 2598 in
3418 2562 3517 2615 quo
3546 2555 3621 2600 est
3651 2564 3742 2601 ne-

2163 2652 2430 2706 quaquam
2473 2636 2758 2690 subsistere
2786 2639 2987 2705 possit;
3019 2645 3073 2689 at
3102 2635 3200 2690 Dei
3244 2635 3467 2690 Verbum
3486 2653 3584 2706 per
3614 2644 3669 2692 se
3691 2647 3743 2692 et

2165 2729 2385 2781 seorsim
2421 2728 2776 2782 substantiam
2799 2726 2992 2782 obtinet
3020 2737 3069 2781 et
3098 2728 3377 2793 subsistit;
3415 2745 3575 2798 neque
3594 2720 3765 2801 inge-7

2165 2818 2272 2871 nite
2302 2816 2360 2887 (i.
2386 2833 2436 2871 e.
2460 2826 2519 2870 ut
2542 2817 3055 2888 non-genitus)Patri
3080 2819 3391 2883 coexsistit;
3421 2819 3510 2873 sed
3535 2828 3591 2873 ut
3621 2822 3745 2874 uni-

2163 2910 2367 2980 genitus
2404 2907 2602 2973 Filius,
2635 2910 2780 2963 solus
2817 2917 2939 2962 ante
2967 2909 3143 2961 omnia
3165 2909 3361 2964 stecula
3386 2925 3451 2963 ex
3477 2909 3640 2964 Patre
3656 2928 3749 2979 ge-

2166 3002 2331 3056 nitus.
2362 2999 2683 3070 Pariter-que
2713 3001 2807 3055 lib.
2840 3016 2892 3056 v1
2924 3000 3079 3054 initio
3109 3001 3379 3069 prooemii,
3413 3001 3556 3056 ineo
3581 3012 3746 3073 quem

2166 3108 2334 3163 supra
2384 3092 2677 3149 retulimus
2730 3093 2870 3155 loco,
2902 3092 2979 3146 ait
3032 3090 3231 3146 Filium
3279 3108 3402 3149 esse
3451 3096 3749 3150 secundam

2167 3192 2291 3254 post
2335 3182 2551 3239 Patrem
2601 3183 2985 3247 substantiam,
3027 3198 3148 3254 qua:
3178 3183 3342 3238 rebus
3373 3184 3534 3239 iactis
3566 3186 3749 3239 omni-

483 3295 609 3331 nam
639 3280 729 3342 sit,
764 3280 819 3333 in
851 3280 916 3333 iis
947 3295 1064 3350 qua:
1095 3288 1238 3346 sunt,
1276 3279 1416 3333 Deus
1465 3289 1515 3333 et
1570 3278 1844 3345 Dominus,
1871 3289 2062 3349 prwter
2088 3263 2131 3321 (ἶ
2165 3278 2267 3333 bus
2303 3277 2507 3348 praesit.
2546 3274 2612 3328 Et
2648 3276 2742 3332 lib.
2773 3290 2791 3329 ι
2855 3275 3055 3330 Contra
3100 3276 3432 3342 Marcellum,
3472 3292 3527 3346 p.
3559 3276 3612 3340 5,
3649 3277 3749 3343 ait,

482 3366 701 3423 Patrem
754 3371 1009 3434 omnium,
1064 3379 1115 3423 et
1147 3388 1320 3442 regem
1345 3371 1612 3442 Deumque
1660 3374 1889 3426 universi
1918 3389 1936 3426 :
1965 3373 2066 3426 erit

482 3474 662 3515 autem
690 3462 774 3515 hic
815 3461 1039 3517 Verbum
1078 3464 1195 3527 Dei,
1238 3464 1375 3535 quod
1404 3474 1481 3518 est
1509 3475 1630 3519 ante
1664 3467 1883 3530 saecula,
1914 3481 2068 3534 supe-

485 3552 598 3604 rior
634 3552 844 3622 quidem
873 3555 1015 3606 omni
1059 3554 1298 3624 angelica
1344 3567 1557 3621 natura,
1590 3556 1856 3623 profectus
1894 3565 2067 3609 autem

484 3642 551 3696 ab
601 3659 681 3701 eo,
710 3644 802 3713 qui
837 3642 1001 3697 Pater
1047 3653 1148 3699 est.
1183 3643 1289 3699 Sed
1330 3645 1487 3717 longe
1519 3647 1624 3700 alia
1658 3645 1865 3715 profert
1896 3645 2067 3701 Euse-

485 3733 633 3798 bius,
662 3736 875 3790 scilicet
902 3754 915 3790 :
943 3734 1075 3791 Cum
1102 3754 1221 3791 vero
1256 3737 1540 3791 Dominum
1569 3750 1618 3793 et
1645 3739 1835 3804 Deum,
1859 3740 1949 3809 qui
1975 3755 2070 3808 ap-

481 3836 655 3892 paret,
680 3844 792 3881 esse
821 3831 1079 3899 agnoscit,
1114 3830 1303 3884 iisdem
1358 3831 1486 3901 ipsis
1532 3830 1675 3885 clare
1710 3832 1878 3884 utitur
1900 3831 2072 3901 appel-

486 3918 774 3973 lationibus
798 3937 815 3973 :
839 3922 978 3990 quod
1010 3937 1128 3975 vero
1159 3921 1443 3976 Dominum
1475 3932 1525 3976 et
1548 3922 1717 3977 Deum
1746 3924 2071 3989 dicens,non

485 4027 625 4075 eum,
649 4013 738 4080 qui
769 4010 947 4066 Causa
973 4024 1072 4078 est,
1098 4015 1376 4085 signiﬁcet,
1400 4015 1665 4068 evidenter
1686 4014 1964 4069 ostendunt
1985 4014 2069 4067 di-

486 4105 621 4157 uina:
653 4102 945 4175 Scriptura;
975 4122 1141 4170 voces,
1176 4124 1291 4177 quae
1322 4108 1565 4178 angelum
1604 4107 1702 4161 Dei
1732 4110 1903 4177 ipsum
1936 4124 2073 4161 nun-

486 4208 707 4264 cupant,
738 4199 829 4268 qui
872 4196 1074 4252 Iacobo
1121 4197 1311 4272 [visus]
1363 4199 1619 4254 Dominus
1664 4208 1715 4254 et
1746 4199 1885 4255 Deus
1915 4211 2072 4254 antea

489 4288 786 4357 appellatus
816 4297 912 4343 est.
940 4287 1124 4342 Restat
1153 4306 1273 4360 ergo
1301 4291 1563 4359 quispiam
1582 4291 1718 4343 inter
1746 4306 1810 4343 ea
1838 4305 1953 4359 qua:
1975 4304 2072 4342 eat—-

486 4384 684 4435 sistunt
734 4381 877 4435 Deus
922 4390 969 4435 et
1026 4381 1306 4447 Dominus,
1358 4393 1474 4449 post
1518 4382 1754 4435 omnium
1803 4398 1972 4453 regem
2023 4392 2074 4435 et

490 4466 657 4522 Deum
688 4470 1051 4523 universorum
1080 4485 1097 4522 :
1127 4471 1171 4523 is
1200 4480 1375 4523 autem
1400 4470 1583 4539 fuerit,
1615 4471 1704 4541 qui
1727 4482 1850 4524 ante
1878 4471 2075 4525 saecula

489 4570 591 4625 est,
627 4560 727 4615 Dei
764 4560 1009 4624 Verbum,
1041 4564 1213 4631 major
1236 4562 1445 4631 quidem
1478 4563 1621 4616 omni
1656 4563 1892 4631 angelica
1920 4570 2076 4616 natu-

491 4670 588 4717 ra,
620 4652 795 4705 minor
826 4670 942 4707 vero
972 4652 1069 4706 illa
1113 4654 1287 4722 prima
1328 4670 1510 4707 causa.
1550 4651 1654 4708 Ubi
1687 4654 1752 4708 de
1784 4669 1934 4708 more
1965 4652 2074 4707 Eu-

491 4744 677 4801 sebius
702 4744 904 4799 Filium
926 4744 1044 4809 Dei,
1070 4760 1100 4799 a
1121 4746 1385 4815 primaria
1412 4746 1501 4799 illa
1520 4745 1719 4801 deitate
1745 4755 1798 4800 et
1824 4746 2071 4801 omnium

492 4852 660 4891 causa
690 4836 987 4901 seclusum,
1016 4836 1279 4907 dignitate
1306 4848 1358 4893 et
1379 4838 1571 4893 ordine
1599 4854 1699 4893 ceu
1730 4837 1972 4893 medium
1997 4838 2075 4893 in-

494 4935 579 4981 ter
627 4926 796 4981 Deum
837 4936 891 4980 et
935 4927 1159 4993 angelos
1207 4928 1510 4983 constituit.
1546 4927 1815 4982 Sexcenta
1851 4927 1957 4983 alia
2004 4944 2073 4984 ex

490 5017 791 5087 evangelica
831 5016 1291 5073 Demonstratione
1347 5018 1466 5073 loca
1512 5018 1706 5074 aﬂ'erre
1736 5021 1790 5073 in
1819 5026 2075 5090 promptu

493 5116 662 5174 esset,
680 5110 771 5163 ubi
796 5110 1066 5180 interpres
1095 5107 1389 5165 Eusebium
1422 5110 1487 5165 ad
1516 5111 1838 5165 catholicam
1869 5110 2077 5167 doctri-

495 5215 625 5255 nam
653 5202 738 5255 vel
773 5200 1001 5255 invitum
1033 5201 1257 5256 deduxit
1286 5220 1300 5255 :
1326 5203 1418 5257 sed
1455 5202 1571 5256 haec
1602 5198 1790 5257 lectori
1824 5209 1986 5257 erunt
2009 5202 2077 5257 ad

496 5291 770 5346 cautelam
802 5291 960 5355 satis,
994 5306 1062 5346 ne
1108 5291 1162 5345 in
1209 5288 1402 5344 Latina
1451 5289 1706 5344 versione
1754 5302 1813 5344 se
1856 5288 2078 5343 Eusebii

497 5380 824 5436 sententiam
866 5382 1139 5452 expiscari
1185 5397 1347 5453 posse
1381 5379 1637 5436 conﬁdat.
1671 5374 1909 5436 [Εειίωο
1947 5391 2080 5435 sane

498 5473 702 5529 multos
736 5474 1048 5542 interpretis
1082 5473 1312 5529 artiﬁcio
1334 5473 1401 5528 ad
1424 5471 1643 5529 Eusebii
1670 5470 1929 5527 tutandas
1955 5487 2080 5543 par-

495 5572 581 5619 tes
602 5565 905 5621 accessisse
936 5583 951 5619 :
983 5581 1110 5621 nam
1161 5565 1209 5621 is
1258 5565 1441 5620 sciens
1470 5571 1525 5619 et
1551 5565 1791 5635 prudens
1840 5563 2078 5635 scripto-

2166 3383 2291 3423 eum
2315 3368 2407 3437 qui
2439 3367 2638 3421 dixerit
2667 3365 2884 3420 Patrem
2908 3374 2963 3421 et
2993 3366 3187 3421 Filium
3222 3367 3527 3421 substantia
3551 3383 3747 3431 unum,

2167 3465 2353 3527 aperte
2389 3455 2757 3512 Sabellianum
2785 3472 2907 3512 esse
2927 3474 2941 3523 ;
2964 3464 3019 3511 et
3046 3473 3099 3527 p.
3126 3458 3196 3512 25
3224 3470 3513 3514 accusatus
3537 3474 3568 3511 a
3602 3457 3752 3513 Mar-

2166 3550 2305 3605 cello
2354 3548 2660 3612 Eusebius,
2697 3548 2841 3619 quod
2889 3557 3028 3605 teste
3081 3549 3341 3606 Narcisso
3399 3549 3750 3615 Neroniadis,

2168 3641 2305 3695 duas
2357 3656 2478 3696 esse
2523 3640 2705 3696 Patris
2746 3648 2799 3696 et
2851 3640 2976 3696 Filii
3008 3642 3344 3698 substantias
3377 3642 3603 3708 diceret,
3632 3658 3749 3697 rem

2170 3731 2262 3787 ille
2296 3747 2405 3787 non
2435 3741 2617 3803 negat,
2652 3732 2747 3788 sed
2778 3734 2883 3787 alio
2911 3749 3025 3789 rem
3070 3742 3125 3789 et
3173 3749 3480 3789 sermonem
3504 3735 3751 3790 divertit.

2170 3826 2411 3897 Tempus
2437 3843 2524 3883 me
2553 3826 2829 3893 deﬁceret,
2859 3829 2905 3885 si
2928 3828 3127 3885 similia
3158 3826 3378 3885 Eusebii
3405 3830 3523 3884 loca
3553 3841 3756 3899 conge-

2172 3936 2296 3976 rere
2327 3921 2520 3976 vellem
2551 3940 2562 3974 :
2596 3920 2664 3975 de
2684 3920 2955 3976 industria
2980 3922 3128 3977 enim
3153 3922 3243 3977 ille
3265 3922 3471 3992 passim
3504 3937 3620 3976 rem
3643 3922 3758 3992 agi-

2173 4023 2255 4069 tat
2285 4022 2339 4070 et
2375 4014 2737 4085 comprobare
2766 4015 2960 4069 nititur
2995 4015 3096 4086 (a).

2242 4149 2325 4198 VI.
2353 4147 2599 4198 Eusebius
2622 4149 2737 4198 Filii
2762 4149 2999 4199 deitatem
3023 4151 3167 4200 aliam
3192 4152 3368 4199 statuit
3399 4164 3423 4198 ε
3453 4156 3676 4212 paterna.

2244 4274 2383 4328 Cum
2414 4290 2544 4345 ergo
2588 4275 2785 4330 Filium
2821 4275 3049 4330 diversae
3083 4290 3113 4328 a
3149 4286 3381 4346 paterna
3435 4274 3762 4331 substantias

2175 4364 2343 4429 dicat,
2376 4366 2505 4420 hinc
2536 4368 2889 4437 consequitur
2916 4373 2975 4420 ut
3000 4366 3253 4421 deitatem
3277 4367 3438 4420 aliam
3467 4381 3497 4419 a
3530 4374 3761 4436 paterna

2175 4459 2233 4511 in
2269 4457 2408 4512 Filio
2448 4474 2573 4513 esse
2600 4458 2830 4513 doceat:
2863 4457 3005 4528 quod
3041 4457 3166 4512 licet
3194 4458 3387 4513 eodem
3434 4458 3663 4521 recidat,
3689 4474 3760 4513 ex

2177 4542 2313 4621 ipsis
2354 4550 2570 4606 Eusebii
2613 4550 2774 4605 dictis
2799 4550 3015 4620 planius
3044 4550 3233 4603 evadet
3262 4569 3273 4603 :
3304 4547 3450 4604 unde
3481 4550 3646 4603 etiam
3673 4562 3765 4603 as-

2180 4653 2397 4701 seratur
2429 4644 2576 4715 quod
2622 4645 2779 4699 initio
2819 4626 3314 4714 comprobavimus,
3352 4643 3561 4699 scilicet
3588 4642 3768 4697 Euse-
3803 4622 3814 4636 ’

2184 4738 2331 4791 bium
2384 4738 2649 4792 unitatem
2701 4737 2921 4792 deitatis
2965 4739 3020 4792 in
3057 4752 3166 4791 uno
3201 4735 3358 4790 Patre
3402 4735 3764 4789 constituere.

2180 4830 2271 4884 Ait
2302 4830 2466 4901 igitur
2501 4831 2595 4886 lib.
2622 4846 2655 4882 v
2698 4829 2851 4884 Dem.
2882 4847 3092 4900 evang.,
3126 4845 3174 4882 c.
3210 4830 3301 4892 50,
3348 4845 3402 4897 p.
3435 4827 3540 4882 255
3571 4826 3772 4883 ςἈλλὰ

2179 4922 2288 4994 γὰρ
2333 4920 2399 4975 δι’
2429 4922 2567 4975 ὅλων
2598 4922 2893 4993 τριάκοντα
2923 4921 3274 4992 προφητικῶν
3304 4916 3616 4989 κεφαλαίων
3643 4913 3771 4971 δεύ-

2181 5031 2338 5086 τερον
2362 5014 2493 5067 Θεὸν
2530 5015 2669 5085 μετὰ
2700 5014 2790 5067 τὸν
2821 5014 3079 5067 ἀνωτάτω
3108 5013 3201 5067 καὶ
3223 5009 3314 5065 ἐπὶ
3342 5008 3496 5075 πᾶσι,
3532 5006 3621 5063 τὸν
3655 5007 3779 5061 Σω-

2182 5098 2327 5179 τῆρα
2370 5107 2466 5159 καὶ
2505 5105 2709 5177 Κύριον
2737 5105 2918 5177 ἡμῶν,
2947 5106 3040 5159 τὸν
3086 5102 3179 5158 τοῦ
3228 5101 3364 5156 Θεοῦ
3408 5101 3601 5169 Λόγον,
3628 5090 3773 5155 εἶναι

2187 5196 2586 5269 μεμαθηκότες,
2614 5200 2698 5267 ἐφ’
2725 5198 2914 5270 ὲτέραν
2958 5197 3059 5267 τῆς
3100 5197 3218 5251 κατ’
3248 5188 3409 5248 αὑτὸν
3454 5187 3776 5261 οἰκονομίας

2185 5284 2441 5343 ὑπόθεσιν
2467 5288 2907 5362 μεταϐησόμεθα.
2929 5283 3032 5343 Ubi
3058 5288 3331 5357 interpres
3352 5299 3452 5356 pro
3477 5297 3628 5337 more
3651 5282 3773 5335 haec

2183 5381 2351 5451 impia
2373 5376 2521 5435 dicta
2554 5381 2623 5435 ad
2650 5381 2975 5435 catholicam
3000 5377 3328 5435 sententiam
3360 5374 3621 5430 detorsit:
3640 5386 3771 5425 nam

2187 5472 2270 5528 sic
2310 5471 2637 5528 transtulit:
2668 5471 2880 5526 Atenim
2928 5478 3203 5550 postquam
3250 5468 3501 5521 hactenus
3531 5479 3596 5519 ex
3642 5463 3772 5517 totis

2189 5559 2410 5634 triginta
2449 5563 2763 5633 propheticis
2804 5561 3088 5633 capitibus,
3122 5560 3310 5625 Deum,
3340 5558 3671 5614 Salvatorem
3706 5570 3773 5609 ac

580 5781 658 5841 tu)
710 5769 840 5823 Vide
864 5780 1140 5825 comment.
1168 5774 1219 5823 in
1249 5769 1392 5824 "sal.
1436 5784 1557 5838 pag.
1599 5768 1726 5828 ειο,
1766 5769 1905 5829 Βῦαίξ
1959 5765 2068 5822 Deu

2171 5776 2260 5822 ur.
2301 5782 2511 5838 eratsq,
2581 5765 2703 5831 ΗΒ,
2754 5761 2876 5829 155,
2925 5762 3054 5829 202,
3108 5760 3238 5826 250,
3282 5759 3410 5829 235,
3468 5754 3596 5822 254,
3626 5753 3772 5823 255ς

501 5840 692 5898 contra
732 5841 1072 5909 Marcellum,
1111 5842 1164 5905 4,
1191 5840 1279 5909 139,
1316 5841 1401 5907 79,
1448 5841 1565 5894 104.
