4020 6372
284 369 351 425 37
1048 362 1560 422 COMMENTARIA
1601 363 1669 418 IN
1708 361 1855 419 PSA!

1956 363 2056 420 DS.
2098 392 2170 405 —
2204 362 2610 420 PRIELIMINA
2621 362 2761 420 ΜΛ.
3456 369 3543 423 58

283 485 557 540 Dominum
593 488 859 549 nostrum,
891 481 991 537 Dei
1034 481 1259 536 Verbum
1296 497 1411 536 esse
1438 478 1747 544 didicimus,
1776 479 1846 533 ad
1874 486 1919 543 Α
1950 488 2010 533 ut
2064 479 2227 535 habet
2278 477 2575 550 Gregorius
2631 478 3049 536 Nazianzenus:
3085 478 3168 537 sic
3212 480 3243 534 6
3293 478 3544 549 θεολόγος

283 575 497 626 alterunt
528 570 638 639 ejus
667 587 786 641 qua
820 570 890 623 ad
921 570 1159 625 eumdem
1182 571 1403 639 pertinet
1442 570 1848 639 dispensationis

282 673 631 735 argumentum
669 673 1026 717 transeamus.
1061 663 1167 717 Ubi
1198 661 1522 718 vertendum
1570 662 1673 717 fuit
1710 680 1721 715 :
1752 662 1852 715 Αι-

278 759 409 811 enim
439 766 718 825 postquam
743 770 810 810 ea:
835 756 962 811 totis
983 755 1202 825 triginta
1224 754 1539 823 propheticis
1562 754 1846 822 capitibus,

277 848 553 903 secundum
578 846 771 910 Deum,
822 856 939 917 post
980 847 1133 901 illum
1164 863 1468 916 supremum
1495 856 1543 901 et
1569 848 1659 918 qui
1686 864 1849 915 supra

281 944 445 997 omnia
488 951 587 1008 est,
618 939 955 996 Salvatorem
1005 941 1207 996 scilicet
1251 940 1541 995 Dominum
1587 951 1847 1003 nostrum,

278 1034 369 1090 Dei
406 1032 652 1097 Verbum,
684 1049 797 1087 esse
824 1033 1146 1096 didicimus;
1174 1033 1293 1103 jam
1319 1032 1389 1085 ad
1407 1032 1557 1086 aliud
1579 1032 1694 1102 ejus
1715 1048 1851 1086 ueco-

277 1126 455 1179 nomite
501 1132 875 1195 argumentum
925 1136 1277 1179 transeamus.
1314 1123 1416 1179 Hic
1450 1124 1604 1181 vides
1650 1140 1850 1180 secun-

277 1216 417 1278 dum,
446 1216 564 1271 sive
595 1216 834 1270 alterum
869 1214 1062 1280 Deum,
1087 1232 1118 1270 a
1147 1232 1403 1287 supremo
1428 1217 1522 1271 illo
1548 1224 1601 1271 et
1632 1216 1725 1287 qui
1760 1232 1852 1270 su-

277 1324 366 1381 pra
390 1310 569 1363 omnia
598 1315 707 1373 est,
731 1306 1077 1372 distinctum,
1105 1308 1392 1378 prmdicari
1426 1326 1440 1364 :
1474 1323 1600 1363 nam
1632 1298 1853 1378 utrique

280 1415 419 1453 suam
450 1398 711 1452 deitatem
760 1398 1008 1463 ascribit,
1045 1397 1272 1453 alteram
1298 1413 1612 1468 supremam
1642 1405 1697 1453 et
1737 1413 1853 1452 ma-

273 1491 455 1562 jorem,
486 1506 612 1560 quae
642 1490 709 1544 ad
727 1489 947 1546 Patrem
969 1530 985 1555 ,
1009 1490 1237 1547 alteram
1268 1506 1401 1545 vero
1420 1492 1709 1555 minorem,
1733 1506 1853 1561 quae

270 1584 338 1638 ad
361 1582 888 1653 Filium,pertineat.
923 1584 989 1637 Et
1012 1598 1141 1638 vero
1174 1584 1230 1638 in
1260 1584 1403 1639 libro
1435 1584 1613 1653 primo
1648 1581 1850 1637 Contra

280 1674 596 1740 Marcellum,
633 1675 842 1730 diserte
890 1682 945 1729 et
975 1675 1092 1729 sine
1122 1674 1351 1745 ambage
1378 1673 1445 1730 de
1472 1674 1635 1729 Patre
1657 1675 1732 1728 ait
1758 1675 1850 1729 :'0

274 1767 367 1837 τὴν
406 1766 613 1820 οἰκείαν
658 1766 887 1836 θεότητα
916 1765 1271 1837 κεκτημένος,
1301 1767 1391 1837 qui
1433 1766 1702 1835 propriam
1748 1764 1852 1819 sibi

279 1836 511 1914 deitatem
545 1860 773 1914 obtinet.
799 1857 987 1929 Neque
1018 1836 1187 1922 enim,
1222 1866 1282 1913 ut
1311 1836 1404 1913 ille
1443 1860 1647 1929 passim
1676 1858 1853 1929 loqui-
1883 1836 1925 1892 Β

277 1962 375 2016 tur,
406 1950 608 2005 Filium
644 1952 709 2005 ad
746 1951 893 2004 illam
931 1949 1247 2021 primariam
1278 1950 1551 2020 pertinere
1593 1949 1851 2004 deitatem

278 2052 444 2116 putat;
467 2044 563 2099 sed
598 2044 833 2099 seorsim
862 2058 892 2096 a
916 2040 1078 2097 Patre
1101 2042 1370 2096 minorem
1394 2057 1516 2097 esse
1538 2040 1703 2096 Deum
1727 2056 1856 2111 pro-

278 2139 476 2191 nuntiat
502 2155 516 2191 :
546 2152 682 2189 nam
716 2136 771 2190 in
813 2136 1057 2191 secundo
1094 2133 1296 2190 Contra
1319 2132 1639 2188 Marcellum
1690 2134 1851 2199 libro,

275 2249 385 2304 cap.
407 2234 472 2287 16
499 2243 554 2287 et
588 2233 683 2298 l7,
706 2247 830 2303 pag.
854 2230 956 2285 126
979 2240 1032 2286 et
1055 2230 1179 2295 127,
1211 2244 1310 2300 pro
1342 2229 1553 2284 viribus
1579 2228 1855 2299 depugnat

264 2324 357 2381 ille
382 2324 593 2379 Patrem
644 2332 699 2379 et
729 2322 932 2377 Filium
961 2338 1070 2377 non
1096 2322 1348 2378 eumdem
1382 2337 1503 2376 esse
1532 2320 1735 2387 Deum;
1759 2320 1853 2376 sed

276 2432 337 2472 ex
365 2419 506 2472 inani
532 2419 633 2472 illa
680 2418 1055 2481 distinctione,
1085 2432 1252 2488 quam
1282 2416 1339 2470 in
1370 2414 1547 2484 primo
1576 2412 1853 2483 Evangelii

272 2506 488 2565 Joannis
516 2510 802 2566 versiculo
824 2510 1285 2574 comminiscitur,
1312 2508 1479 2562 alium
1527 2520 1649 2563 esse
1684 2503 1854 2559 Deum

280 2604 362 2669 qui
411 2618 577 2672 supra
632 2603 822 2657 omnia
854 2609 970 2668 est,
1007 2600 1173 2654 alium
1212 2614 1343 2655 vero
1373 2598 1564 2660 Deum,
1600 2596 1693 2665 qui
1720 2592 1857 2649 Ver-

280 2693 396 2748 bum
443 2694 676 2749 dicitur.
712 2692 1019 2764 Siquidem,
1054 2692 1133 2746 ait
1176 2691 1296 2753 ille,
1345 2688 1462 2743 haec
1509 2685 1856 2755 evangelista:

281 2786 426 2840 verba
458 2787 579 2841 :‘Ev
612 2786 766 2855 ἀρχῇ
804 2780 875 2854 ἦν
922 2785 950 2836 6
990 2784 1186 2851 Λόγος·
1217 2780 1311 2833 καὶ
1342 2780 1370 2832 ὁ
1402 2776 1571 2845 Λόγος
1613 2770 1681 2846 ἦν
1721 2772 1856 2844 πρὸς

276 2874 359 2927 τὸν
386 2874 544 2928 Θεὸν·
600 2874 707 2927 καί
742 2872 875 2935 Θεὸς
904 2868 971 2942 ἦν
1000 2874 1028 2925 6
1056 2871 1249 2939 Λόγος,
1282 2868 1451 2923 Deum
1482 2865 1699 2920 Patrem
1729 2878 1853 2917 cum

276 2964 494 3017 articulo
534 2962 883 3033 exprimunt,
919 2961 1052 3033 πρὸς
1092 2959 1183 3012 τὸν
1218 2957 1371 3019 Θεόν,
1403 2954 1573 3011 Deum
1606 2968 1737 3008 vero
1764 2950 1856 3005 Fi-

278 3055 397 3108 lium
433 3057 551 3110 sine
576 3055 841 3115 articulo,
874 3054 968 3108 καὶ
999 3053 1129 3115 Θεὸς
1152 3047 1219 3121 ἦν
1244 3053 1271 3103 6
1296 3050 1468 3117 Λόγος
1500 3067 1512 3102 :
1542 3062 1607 3102 ex
1631 3060 1741 3117 quo
1767 3060 1857 3098 ar-

279 3148 382 3217 guit
426 3149 535 3211 ille,
585 3146 769 3201 Deum
802 3145 1040 3200 Verbum
1088 3145 1208 3199 sine
1242 3142 1472 3197 articulo
1506 3153 1849 3210 expressum,

281 3239 429 3291 alium
456 3254 579 3294 esse
620 3237 799 3294 Deum
831 3235 902 3289 ab
928 3250 993 3291 eo
1024 3234 1117 3304 qui
1166 3248 1291 3287 cum
1344 3229 1574 3285 articulo
1600 3227 1854 3298 exprimi-

274 3338 563 3401 tur;atque
591 3331 676 3384 ita
711 3327 934 3384 Sabellii
962 3326 1137 3381 errori
1160 3340 1220 3380 se
1242 3337 1532 3380 occurrere
1557 3328 1729 3391 putat,
1755 3319 1851 3389 qui

279 3423 529 3488 crederet,
574 3420 807 3474 Patrem
866 3427 921 3474 et
982 3416 1181 3471 Filium
1225 3431 1335 3471 non
1385 3412 1634 3468 eumdem
1690 3411 1853 3465 modo

278 3509 464 3574 Deum,
495 3513 593 3568 sed
624 3509 881 3566 eamdem
906 3524 1030 3564 esse
1062 3522 1374 3579 personam,
1404 3520 1524 3576 quae
1550 3503 1850 3559 secundum

276 3606 445 3661 varias
474 3602 824 3674 intelligendi
850 3603 1091 3657 rationes
1118 3600 1570 3669 distingueretur,
1599 3612 1663 3651 ac
1688 3597 1852 3651 modo

274 3692 443 3761 Pater,
479 3695 649 3751 modo
687 3694 859 3749 Filius
883 3702 937 3750 et
970 3693 1204 3750 Verbum
1236 3692 1621 3763 appellaretur.

566 3825 688 3875 VII.
713 3825 919 3876 Grandis
942 3825 1301 3888 paralogismus
1322 3822 1545 3873 Eusebii.

340 3929 406 3983 At
432 3945 543 3984 non
572 3930 736 3984 videt
762 3928 1033 3984 Eusebius
1063 3944 1123 3983 se
1153 3928 1208 3982 in
1232 3927 1561 3998 impietatem
1595 3923 1855 3979 Sabellia-

264 4019 339 4077 'ua
377 4023 515 4080 forte
546 4023 889 4078 deteriorem
926 4021 1192 4085 incidere,
1229 4035 1292 4074 ac
1322 4034 1479 4075 sacro
1508 4018 1854 4087 evangelista:

270 4116 518 4185 paridem
555 4115 994 4186 paralogismum
1028 4113 1301 4184 allingere.
1334 4111 1470 4166 Nam
1512 4111 1580 4178 si,
1609 4122 1667 4166 ut
1700 4120 1854 4181 putat

276 4204 553 4273 Eusebius,
584 4207 933 4277 evangelista
965 4204 1133 4260 Deum
1168 4205 1335 4258 alium
1384 4206 1645 4274 majorem
1678 4212 1732 4259 et
1760 4219 1855 4258 su-

276 4314 510 4367 premum
550 4301 645 4354 hic
696 4299 924 4363 indicet,
954 4298 1119 4351 alium
1153 4312 1282 4351 vero
1310 4296 1574 4350 minorem
1610 4302 1664 4349 et
1698 4295 1854 4364 longe

278 4392 623 4463 inaequalem;
659 4393 1027 4461 incogitanter
1058 4388 1350 4445 admodum
1395 4388 1658 4450 Joannes,
1689 4397 1749 4441 ut
1778 4387 1855 4441 ait

280 4486 590 4557 plerumque
626 4486 1008 4552 Athanasius,
1058 4499 1150 4539 res
1193 4482 1328 4537 adeo
1378 4482 1683 4551 disparatas
1736 4480 1855 4535 sine

284 4576 381 4629 ulla
402 4577 787 4640 distinctione,
813 4592 923 4630 uno
943 4576 1244 4645 eodemque
1270 4574 1539 4629 vocabulo
1569 4579 1855 4641 utramque

283 4668 550 4737 copulans,
583 4668 923 4739 signiﬁcavit
953 4686 965 4721 :
1002 4666 1072 4719 Et
1105 4666 1352 4733 Verbum,
1402 4666 1496 4726 ait,
1544 4673 1660 4719 erat
1715 4664 1857 4732 apud

284 4758 455 4827 Deum,
483 4774 532 4815 et
566 4762 717 4816 Deus
757 4771 873 4815 erat
907 4759 1127 4814 Verbum
1159 4757 1341 4830 (Joan.
1379 4774 1417 4823 ι,
1450 4758 1523 4828 1).
1558 4756 1688 4810 Nam
1733 4756 1857 4827 quis

284 4866 382 4907 non
412 4854 555 4918 voci,
584 4853 759 4917 Deus,
785 4852 1123 4921 conjunctim
1150 4851 1415 4921 repetitae,
1439 4851 1686 4905 eamdem
1708 4858 1859 4903 utro-

284 4944 431 5015 bique
462 4946 933 5019 significationem
978 4943 1164 4997 statim
1206 4941 1516 5013 optaverit?
1546 4942 1681 5008 Quis
1711 4956 1859 4995 eam-

284 5033 393 5088 dem
415 5052 631 5099 vocem,
667 5034 758 5090 bis
787 5034 977 5089 eodem
1008 5033 1127 5088 loco
1148 5032 1512 5097 enuntiatam,
1540 5040 1651 5085 tam
1674 5031 1859 5101 dispa-

285 5129 389 5174 rata
416 5124 742 5191 signiﬁcare
771 5121 1076 5191 putaverit?
1102 5120 1242 5176 Hinc
1274 5122 1402 5176 item
1440 5122 1598 5191 longe
1623 5121 1855 5176 deterri-

284 5226 364 5264 ma
392 5213 645 5284 impietas
675 5214 1054 5283 consequitur,
1086 5230 1116 5268 ει
1154 5229 1261 5285 qua
1306 5229 1521 5288 semper
1544 5223 1669 5268 .tam
1699 5221 1858 5269 vetus

285 5316 434 5370 quam
498 5320 637 5358 nova
697 5302 947 5358 Ecclesia
1006 5319 1220 5359 summe
1274 5304 1761 5359 abliorruitznam
1810 5305 1858 5361 si

284 5390 466 5448 Filium
540 5397 719 5450 alium
769 5410 799 5449 a
847 5394 1011 5450 Patre
1061 5394 1230 5451 Deum
1292 5410 1417 5450 esse
1469 5396 1854 5461 admittamus,

288 5484 412 5541 duos
435 5502 559 5542 esse
619 5485 758 5541 deos
806 5486 1081 5541 fateamur
1118 5502 1343 5542 necesse
1392 5494 1498 5549 est,
1529 5487 1695 5541 alium
1742 5502 1859 5540 ma-

286 5576 440 5645 jorem
488 5578 775 5649 aliumque
818 5575 1085 5635 minorem
1120 5599 1132 5633 :
1170 5591 1333 5650 atque
1375 5579 1455 5634 sic
1488 5580 1542 5633 in
1574 5579 1859 5649 pluralita-

289 5675 383 5722 tem
424 5669 660 5725 deorum
712 5671 1037 5754 incidamus,
1089 5681 1143 5727 et
1201 5673 1256 5728 in
1316 5671 1578 5726 πολύθεΟν
1634 5671 1855 5738 άθεῖαν,

352 5812 419 5875 (τι)
460 5806 518 5860 ρ.
554 5807 686 5860 ιιι.

1946 570 2185 627 Joannes
2217 571 2373 626 initio
2430 572 2709 643 Evangelii
2767 573 2853 628 sui
2902 572 3131 629 deorum
3163 573 3546 642 multiplicita-

1945 672 2056 719 tem
2094 665 2389 720 induxerit.
2422 663 2521 720 llic
2572 679 2633 720 se
2682 665 2819 721 mire
2870 672 3199 735 contorquet
3249 662 3542 728 Eusebius,

1946 766 2002 812 et
2042 772 2111 812 ne
2142 756 2284 812 duos
2315 765 2544 828 cogatur
2575 758 2867 814 admittere
2896 759 3029 814 deos
3073 766 3154 813 tot
3194 757 3546 813 circuitioni-

1947 850 2053 907 bus
2093 857 2150 906 et
2196 850 2521 921 ambagibus
2570 852 2762 915 utitur,
2803 858 2865 905 ut
2916 852 3228 923 perplexam
3274 850 3540 922 arguendi

1949 942 2267 998 methodum
2292 942 2483 997 mirari
2515 942 2732 997 subeat.
2764 942 2857 997 Ait
2892 943 3059 1013 igitur
3081 942 3353 998 Eusebius
3380 944 3476 998 lib.
3503 958 3542 998 ιι

1950 1032 2149 1090 Contra
2178 1032 2491 1090 Marcellum
2515 1033 2592 1105 (a)
2622 1053 2634 1089 :
2660 1034 2790 1089 Δέον
2821 1034 3068 1088 ἐντεῦθεν
3095 1038 3354 1098 συνεῖναι,
3377 1036 3453 1101 ὡς
3480 1038 3540 1092 οὐ

1947 1123 2041 1177 δύο
2067 1125 2222 1188 θεοὺς
2242 1126 2274 1195 ή
2303 1124 2597 1197 Ἐκκλησία
2618 1125 2713 1178 τοῦ
2744 1125 2880 1179 Θεοῦ
2904 1126 3167 1197 κηρύττει
3188 1142 3205 1159 ⁸
3231 1128 3294 1182 οὐ
3315 1128 3425 1200 γὰρ
3448 1127 3544 1182 δύο

1947 1216 2237 1287 ἀγέννητα,
2269 1215 2388 1269 οὐδὲ
2413 1215 2506 1268 δύο
2536 1215 2767 1289 ἄναρχα,
2799 1216 2876 1281 ὼς
2916 1217 3176 1283 πολλάκις
3210 1220 3342 1289 ἡμῖν
3387 1220 3541 1293 εἴρη-

1947 1324 2057 1373 ται,
2084 1307 2207 1360 οὐδὲ
2230 1307 2323 1360 δύο
2352 1307 2539 1370 οὐσίας
2571 1306 2629 1373 ἐξ
2665 1308 2935 1378 ἰσοτιμίας
2964 1308 3544 1382 άντιπαρεξαγομένας

1950 1399 2198 1472 ἀλλήλοις
2234 1399 2476 1467 εἰσάγει·
2507 1398 2587 1452 διὸ
2617 1399 2738 1452 οὐδὲ
2772 1399 2865 1453 δύο
2895 1393 3055 1465 θεούς
3075 1417 3088 1430 ·
3113 1400 3250 1454 ἀλλὰ
3285 1401 3414 1471 μίαν
3442 1403 3544 1476 ἀρ-

1948 1490 2051 1563 χὴν
2082 1492 2174 1545 καὶ
2198 1491 2330 1545 Θεὸν
2367 1487 2527 1557 εἶναι,
2565 1491 2654 1545 τὸν
2684 1492 2848 1546 αὑτὸν
2875 1493 3095 1565 Πατέρα
3123 1492 3451 1551 διδάσκουσα
3471 1490 3545 1549 εῖ-

1952 1600 2042 1637 ναι
2084 1582 2178 1636 τοῦ
2231 1580 2551 1653 μονογενοῦς
2602 1582 2696 1635 καὶ
2744 1582 3029 1655 ἀγαπητοῦ
3073 1583 3223 1649 Υἱοῦ,
3252 1584 3372 1640 ‘hoc
3402 1592 3538 1641 est:

1956 1674 2097 1728 Hinc
2130 1674 2527 1745 intelligendum
2552 1684 2629 1729 est
2663 1674 2960 1729 Ecclesiam
2991 1675 3093 1730 Dei
3124 1694 3228 1730 non
3252 1676 3385 1733 duos
3410 1676 3538 1733 deos

1955 1766 2247 1835 pradicare
2279 1782 2297 1820 :
2332 1784 2435 1821 non
2459 1767 2599 1821 enim
2628 1766 2733 1821 duo
2764 1784 2867 1822 non
2897 1770 3098 1839 genita,
3126 1787 3218 1824 nec
3245 1770 3351 1826 duo
3389 1772 3542 1841 prin-

1954 1859 2087 1925 cipio
2122 1860 2379 1923 carentia,
2426 1869 2484 1912 ut
2536 1875 2672 1928 scrape
2717 1860 2921 1914 dictum
2966 1861 3193 1916 a'nobis
3239 1872 3338 1927 est,
3382 1878 3545 1934 neque

1953 1950 2089 2005 duas
2113 1950 2464 2018 substantias,
2494 1951 2689 2005 honore
2719 1953 2839 2021 pari
2858 1967 2922 2005 ex
2946 1952 3165 2007 adverso
3206 1962 3388 2007 mutuo
3427 1954 3541 2008 col-

1953 2040 2116 2105 latas,
2164 2042 2401 2106 inducit,
2447 2040 2663 2112 ideoque
2706 2058 2797 2095 nec
2842 2040 2975 2096 duos
3022 2042 3145 2097 deos
3182 2057 3202 2096 :
3242 2042 3332 2096 sed
3379 2059 3542 2096 unum

1952 2134 2266 2204 principium
2300 2144 2351 2188 et
2380 2133 2571 2199 Deum,
2609 2136 2783 2203 ipsum
2819 2133 3039 2189 Patrem
3071 2136 3329 2205 unigeniti
3367 2144 3417 2190 et
3454 2136 3541 2190 di-

1956 2228 2076 2282 lecti
2114 2227 2247 2282 Filii
2276 2245 2388 2283 esse
2410 2228 2579 2283 docet.
2612 2230 2801 2299 Itaque
2834 2235 3065 2283 eatenus
3091 2244 3198 2282 nou
3240 2229 3379 2285 duos
3409 2228 3543 2286 deos

1955 2338 2076 2377 esse
2103 2322 2254 2387 dicit,
2277 2332 2547 2392 quatenus
2572 2323 2724 2378 solus
2752 2320 2913 2377 Pater
2939 2336 3049 2376 non
3084 2322 3304 2393 genitus
3333 2330 3389 2377 et
3421 2324 3544 2378 sine

1956 2413 2247 2483 principio,
2283 2430 2427 2469 unus
2458 2413 2603 2469 Deus
2635 2420 2690 2469 et
2733 2429 2902 2486 unum
2946 2414 3279 2484 principium
3313 2423 3421 2478 est,
3451 2413 3544 2471 Fi-

1957 2505 2063 2560 lius
2089 2520 2241 2567 vero,
2271 2512 2458 2575 utpote
2491 2506 2595 2575 ipsi
2626 2506 2935 2576 inaequalis,
2969 2522 3079 2560 non
3116 2508 3171 2560 in
3202 2508 3465 2577 primaria
3488 2516 3543 2563 et

1956 2610 2064 2648 una
2109 2595 2200 2648 illa
2247 2594 2446 2649 deitate
2493 2602 2747 2650 censetur
2789 2610 2952 2650 esse:
2987 2599 3137 2666 atqui
3182 2596 3312 2651 hinc
3362 2599 3544 2654 solum

1956 2685 2209 2740 concludi
2250 2694 2451 2757 potest,
2482 2702 2593 2741 non
2640 2703 2764 2743 esse
2807 2689 2946 2744 duos
2984 2690 3223 2760 aequales
3252 2689 3406 2755 deos,
3443 2691 3539 2747 sed

1956 2793 2125 2832 unum
2152 2776 2368 2833 Patrem
2413 2794 2731 2849 supremum
2774 2794 2899 2835 esse
2944 2778 3119 2835 Deum
3156 2764 3321 2837 {cum
3357 2793 3539 2838 autem

1956 2866 2150 2931 Filius,
2186 2868 2313 2923 licet
2340 2869 2517 2938 impar
2547 2876 2601 2924 et
2629 2869 2831 2936 minor,
2851 2869 2997 2926 Deus
3027 2879 3211 2927 tamen
3243 2888 3366 2929 esse
3387 2872 3542 2928 dica-

1958 2970 2046 3014 tur
2066 2999 2081 3023 ,
2109 2959 2237 3014 biuc
2266 2976 2397 3015 sane
2424 2968 2797 3031 consequetur
2828 2962 2967 3018 duos
3008 2979 3132 3020 esse
3164 2964 3334 3033 deos;
3369 2965 3544 3035 majo-

1957 3068 2071 3107 rem
2109 3054 2298 3115 alium,
2331 3054 2560 3109 alterum
2592 3070 2721 3109 vero
2755 3055 3047 3113 minorem.

1956 3146 2085 3198 Vill.
2108 3145 2215 3195 Non
2252 3145 2459 3195 obscure
2483 3147 2629 3196 docet
2662 3147 2842 3196 Filium
2882 3161 2976 3197 non
3003 3161 3115 3198 esse
3137 3162 3257 3198 vere
3279 3150 3456 3200 Deum.
3482 3176 3544 3188 -

2202 3208 2282 3257 IX.
2309 3209 2415 3267 Quo
2438 3221 2585 3258 sensu
2615 3209 2794 3258 Filium
2819 3222 2931 3259 esse
2961 3213 3120 3261 Deum
3148 3212 3288 3260 dicit.

2020 3291 2201 3347 Probe
2229 3292 2615 3347 animadvertit
2659 3291 2932 3350 Eusebius
2963 3310 3075 3350 non
3110 3311 3273 3366 posse
3322 3298 3543 3352 ratioci-

1958 3381 2050 3435 nia
2081 3397 2178 3436 sua
2225 3381 2531 3436 consistere
2564 3400 2577 3435 :
2613 3382 2994 3451 quamobrem,
3026 3398 3147 3452 qum
3176 3382 3280 3453 ipsi
3312 3399 3418 3437 uua
3449 3397 3543 3438 su-

1959 3481 2173 3541 pererat
2204 3470 2455 3527 elabendi
2482 3471 2646 3536 ratio,
2677 3486 2747 3526 ne
2775 3471 2914 3526 duos
2941 3472 3231 3527 admittere
3280 3471 3414 3527 deos
3446 3487 3543 3526 co-

1959 3572 2136 3633 gatur,
2173 3564 2337 3619 modo
2365 3571 2552 3634 aperte
2577 3562 2755 3627 docet,
2793 3578 2920 3617 mox
2964 3577 3064 3617 nec
3115 3562 3354 3618 obscure
3401 3564 3541 3617 insi-

1958 3664 2091 3710 nuat
2114 3654 2312 3710 Filium
2338 3670 2449 3710 non
2480 3671 2605 3711 esse
2626 3670 2749 3710 vere
2773 3654 2964 3710 Deum.
2996 3653 3053 3708 ln
3077 3655 3308 3724 epistola
3337 3656 3541 3727 quippe

1959 3764 2057 3804 sua
2110 3749 2178 3802 ad
2230 3747 2682 3818 Euphrationem,
2720 3748 2790 3803 ab
2821 3747 3125 3801 Athanasio
3167 3754 3223 3801 et
3266 3762 3297 3801 a
3323 3746 3540 3802 Nicaeus

1959 3842 2200 3895 Secunda
2224 3840 2435 3911 synodo
2465 3840 2685 3894 laudata
2705 3838 2885 3909 (b),de
2914 3836 3051 3891 Filio
3078 3839 3205 3892 talia
3235 3836 3380 3892 fatur
3403 3856 3416 3893 :
3436 3837 3542 3891 Τὸν

1958 3935 2120 3988 αὐτὸν
2145 3934 2201 3988 δὲ
2234 3934 2327 3986 καὶ
2356 3933 2513 4005 μόνον
2543 3931 2793 4002 ἀληθινὸν
2819 3925 2956 3985 εἶναι
2989 3930 3229 3984 διδάσκει
3254 3930 3318 3983 δι’
3339 3924 3412 3984 ὧν
3437 3947 3542 4001 φηθ-

1962 4046 2045 4081 σιν
2062 4045 2074 4058 ·
2110 4029 2234 4083 Ἵνα
2256 4026 2595 4097 γινώσκωσί
2616 4040 2689 4080 σε
2704 4026 2811 4079 τὸν
2829 4026 3024 4094 μόνον
3041 4023 3331 4091 ἀληθινόν
3356 4024 3503 4077 Θεόν
3520 4038 3536 4053 ·

1959 4120 2078 4192 οὐχὶ
2109 4120 2183 4184 ὡς
2214 4120 2331 4183 ἐνὸς
2363 4119 2513 4181 ὄντος
2541 4119 2702 4190 μόνου
2735 4116 2828 4170 τοῦ
2874 4115 3030 4179 Θεοῦ,
3063 4114 3176 4168 ἀλλ’
3200 4114 3277 4178 ὡς
3306 4114 3424 4178 ἐνὸς
3455 4113 3541 4167 6v-

1958 4228 2048 4274 τος
2076 4212 2236 4282 μόνου
2267 4209 2519 4281 ἀληθινοῦ
2553 4207 2712 4271 Θεοῦ,
2745 4205 2882 4277 μετὰ
2915 4205 3231 4279 προσθήκης
3252 4205 3541 4273 ἀναγκαιο-

1958 4303 2125 4373 τάτης
2169 4301 2285 4365 τοῦ,
2316 4300 2630 4371 ἀληθινοῦ.
2649 4300 2801 4353 Ἐπεὶ
2852 4299 2947 4351 καὶ
2993 4298 3155 4359 αὐτὸς
3204 4296 3337 4357 Θεὸς
3392 4295 3541 4365 μὲνό

1968 4398 2116 4461 Υἱὸς,
2148 4396 2378 4449 ἀλλὀὐκ
2408 4392 2658 4464 ἀληθινὸς
2687 4391 2840 4455 Θεόςο
2859 4384 2938 4453 εἷς
2970 4391 3078 4461 γάρ
3112 4390 3227 4441 ἐστι
3261 4388 3355 4442 καὶ
3382 4386 3539 4458 μόνος

1968 4488 2217 4558 ἀληθινὸς
2236 4488 2389 4549 Θεὸς,
2421 4485 2508 4539 διὰ
2540 4485 2601 4537 τὸ
2635 4484 2709 4555 μὴ
2732 4482 2876 4553 ἔχειν
2910 4482 3015 4553 πρὸ
3038 4480 3202 4535 αὑτοῦ
3232 4497 3372 4533 τινα.
3399 4480 3461 4532 Εἰ
3481 4477 3539 4534 δὲ

1886 4546 1933 4604 D
1967 4546 2246 4643 natatum;
2265 4583 2293 4632 6
2324 4546 2452 4641 Ϋῐὺς
2477 4546 2893 4648 ἀληθινὸς,’άλλ⁹
2924 4546 2998 4637 ὧς
3027 4572 3189 4626 εἰκὼν
3223 4570 3318 4624 τοῦ
3350 4569 3539 4640 ἀληθι-

1967 4674 2080 4729 νοῦ.
2107 4675 2190 4744 εῐη
2217 4672 2281 4727 ἂν
2304 4672 2397 4725 καὶ
2418 4671 2567 4734 Θεός’
2592 4670 2713 4721 ἐπεὶ
2734 4669 2829 4721 καὶ
2850 4666 2982 4730 Θεὸς
3002 4661 3067 4736 ἦν
3084 4667 3110 4718 ό
3131 4663 3321 4731 Λόγος,
3344 4664 3403 4715 οὐ
3432 4662 3538 4732 μὴν

1965 4765 2041 4829 ὡς
2066 4768 2093 4819 ὁ
2124 4765 2283 4835 μόνος
2310 4761 2559 4832 ἀληθινὸς
2587 4759 2719 4822 Θεός
2739 4798 2753 4822 ,
2784 4759 2890 4811 hoc
2917 4766 3001 4811 est
3033 4776 3046 4811 :
3083 4754 3338 4808 Eumdem
3364 4763 3538 4809 autem

1966 4869 2015 4913 et
2050 4858 2220 4912 solum
2249 4871 2426 4909 verum
2462 4870 2574 4907 esse
2603 4852 2752 4904 docet
2795 4851 2875 4904 his
2907 4849 3072 4904 verbis
3104 4862 3122 4900 :
3155 4864 3173 4897 ι
3220 4844 3285 4899 Ut
3320 4860 3539 4913 cognos-

1967 4958 2091 5005 cant
2131 4960 2180 5003 te
2221 4947 2391 5001 solum
2434 4961 2612 4998 verum
2651 4942 2815 4997 Deum
2848 4941 3034 5013 (Joan.
3079 4954 3221 4997 xvn.
3267 4936 3342 5004 '5),
3380 4955 3397 4987 ι
3435 4952 3539 4988 non

1958 5037 2113 5107 quasi
2150 5051 2286 5089 unus
2315 5034 2460 5088 solus
2495 5034 2567 5087 sit
2610 5030 2775 5095 Deus,
2808 5028 2898 5084 sed
2935 5026 3089 5098 quasi
3131 5040 3269 5078 unus
3296 5022 3440 5078 solus
3470 5025 3540 5077 sit

1960 5144 2109 5183 verus
2136 5126 2297 5189 Deus,
2314 5142 2431 5179 cum
2464 5125 2560 5179 hoc
2586 5123 2976 5193 pernecessario
3005 5117 3392 5180 additamenta,
3417 5134 3435 5165 ι
3457 5132 3541 5169 ue-

1959 5236 2071 5274 rus.
2103 5239 2122 5271 ι
2156 5217 2301 5272 Ναηι
2330 5226 2377 5271 et
2407 5218 2518 5287 ipse
2545 5216 2755 5286 quidem
2788 5211 2981 5274 Filius,
3011 5209 3175 5271 Deus,
3204 5207 3293 5262 sed
3329 5223 3431 5260 non
3454 5222 3539 5261 ue-

1960 5326 2051 5363 rus
2077 5307 2215 5362 Deus
2242 5323 2259 5360 :
2286 5323 2421 5360 unus
2450 5313 2527 5359 est
2554 5304 2692 5357 enim
2734 5301 2877 5355 solus
2922 5313 3075 5351 verus
3110 5293 3273 5357 Deus,
3307 5309 3366 5346 eo
3400 5290 3538 5362 quod

1961 5419 2064 5456 non
2094 5400 2281 5453 habeat
2306 5398 2534 5468 aliquem
2565 5403 2685 5448 ante
2710 5404 2783 5447 se'.
2815 5388 2967 5456 Quod
2999 5389 3045 5441 si
3085 5388 3196 5455 ipse
3216 5400 3419 5456 quoque
3447 5382 3535 5435 Fia

1960 5494 2064 5547 lius
2099 5508 2253 5547 verus
2291 5500 2393 5553 est,
2426 5488 2516 5543 sed
2555 5488 2691 5541 sicut
2720 5486 2895 5552 imago
2936 5480 3041 5535 veri
3090 5479 3209 5540 Dei,
3241 5476 3383 5531 Deus
3426 5477 3541 5545 fue-

1961 5585 2031 5637 rit
2062 5598 2081 5635 :
2109 5580 2363 5651 siquidem
2385 5588 2433 5633 et
2463 5577 2603 5631 Deus
2634 5583 2749 5629 erat
2791 5570 3035 5633 Verbum,
3070 5586 3174 5623 non
3198 5577 3372 5621 tamen
3404 5574 3540 5621 sicut

1961 5676 2053 5731 ille
2095 5674 2239 5728 solus
2280 5687 2426 5726 verus
2478 5668 2640 5723 Deus.
2675 5666 2914 5735 ldipsum
2944 5664 3150 5717 diserte
3199 5660 3439 5717 declarat
3484 5657 3539 5711 iu

2035 5810 2109 5878 (b)
2153 5808 2352 5861 Alban.
2386 5813 2426 5860 t.
2459 5803 2501 5872 l;
2532 5820 2570 5858 ιι
2609 5801 2757 5869 Nic.,
2792 5807 2897 5855 act.
2929 5816 2981 5864 v,
3015 5814 3067 5868 p.
3097 5796 3221 5852 366.
