4020 6372
492 365 562 420 39
1168 360 1437 417 EUSEBII
1474 356 1954 417 CAESARIENSIS
1992 356 2142 411 OPP.
2180 355 2365 412 PARS
2397 355 2487 411 Ill.
2519 389 2586 399 —-
2612 357 3030 414 EXEGETICA.
3684 363 3753 418 40

493 486 791 542 Πεηιοηειν.
820 505 1024 559 evang.,
1055 504 1176 558 cap.
1196 490 1250 554 4,
1278 489 1545 561 pag.?26,
1566 490 1651 545 his
1675 489 1855 544 verbis
1883 508 1896 543 :
1925 490 2049 541 Οὐκ

2166 486 2265 539 οὐκ
2293 484 2586 555 ίδιόκτητον
2627 483 2797 553 αὐτὴν
2822 481 3113 553 ἐσχηκότα.
3163 481 3221 534 ⁸0
3249 482 3346 552 μὲν
3379 481 3487 553 γὰρ
3516 482 3749 549 δίδωσιν,

490 576 585 629 οὖν
616 576 703 630 διὰ
729 577 931 633 τούτων
975 582 1003 633 6
1050 580 1148 650 μὲν
1178 579 1383 651 ἀληθὴς
1407 582 1503 633 καὶ
1542 581 1701 652 μόνος
1735 579 1868 643 Θεὸς
1896 574 1976 643 εἷς
2006 582 2070 633 ἂν
2172 581 2201 631 6
2246 578 2301 631 δὲ
2339 576 2625 647 λαμϐάνει.
2664 576 2824 627 Ὥστε
2856 575 3061 645 κυρίως
3106 575 3200 627 καὶ
3235 576 3330 628 ἕνα
3373 578 3581 629 ἐκεῖνον
3612 571 3752 630 εῖναι

492 668 600 740 εἴη,
632 670 791 739 μόνος
839 672 1039 743 κυρίως
1076 673 1362 743 τυγχάνων
1395 673 1495 742 τῆς
1528 672 1897 743 προσηγορίας
1919 690 1931 701 ο
1963 674 1991 725 6
2013 672 2071 725 δὲ

489 759 738 833 δεύτερος
770 764 1026 833 μετουσίᾳ
1067 762 1161 817 τοῦ
1209 764 1441 837 ἀληθοῦς
1468 766 1570 837 τῆς
1594 766 1877 830 κοινωνίας
1909 766 2068 835 ἠξίωο

486 870 599 918 cat,
627 854 748 908 οὔτε
779 856 858 909 ὢν
887 857 1010 911 καθ’
1035 858 1246 922 ἑαυτὸν,
1271 858 1395 911 οὔτε
1423 858 1670 928 ὑφεστὼς
1694 860 1815 931 δίχα
1840 859 1935 912 τοῦ
1961 860 2069 913 θεο-

489 946 767 1012 ποιοῦντος
810 949 972 1003 αὐτὸν
1005 952 1240 1023 [ἰατρὸς.
1274 951 1385 1004 οὔτ’
1412 952 1539 1006 ἄνευ
1569 953 1664 1006 τοῦ
1701 954 1912 1024 Πατρὸς
1953 953 2069 1007 θεο-

488 1034 813 1109 λογούμενος
846 1060 858 1096 :
897 1043 1064 1097 inissa
1098 1058 1227 1097 vero
1250 1044 1565 1115 interpretis
1597 1047 1871 1109 versione,
1902 1061 2066 1116 quam

487 1127 578 1182 ille
605 1143 706 1198 pro
734 1144 884 1184 more
918 1146 1022 1186 suo
1049 1132 1118 1185 ad
1144 1133 1471 1187 catholicam
1505 1134 1662 1188 ﬁdem
1693 1136 2064 1202 concinnavit,

486 1219 570 1273 sic
598 1236 700 1276 nos
715 1221 994 1277 reddimus
1018 1242 1031 1278 :
1054 1222 1239 1294 Itaque
1264 1239 1328 1278 ex
1369 1225 1449 1278 Itis
1480 1241 1629 1280 verus
1653 1235 1701 1280 et
1738 1227 1881 1281 solus
1924 1227 2065 1281 Deus

486 1310 587 1384 (a),
618 1330 754 1368 unus
788 1316 971 1383 fuerit,
996 1318 1086 1387 qui
1105 1318 1247 1371 solus
1280 1317 1414 1371 hanc
1430 1313 1829 1388 appellationem
1861 1322 2066 1390 proprie

486 1405 713 1469 obtinet;
742 1408 997 1462 secundus
1017 1419 1189 1463 autem
1211 1412 1611 1479 participatione
1625 1413 1748 1479 veri,
1771 1416 2064 1468 communi-

485 1497 691 1551 catione
714 1498 806 1551 illa
834 1499 1083 1570 dignatus
1112 1510 1209 1565 est,
1227 1504 1432 1572 quinon
1450 1505 1561 1558 sine
1585 1504 1747 1559 Patre
1780 1507 1870 1576 qui
1892 1508 2065 1576 ipsum

482 1588 653 1643 Deum
694 1593 863 1661 efﬁcit,
899 1609 989 1660 per
1031 1611 1084 1647 se
1111 1598 1318 1648 exsistit
1356 1607 1405 1650 et
1446 1597 1719 1660 subsistit;
1747 1615 1907 1669 neque
1952 1602 2064 1654 sine

484 1680 649 1737 Patre
691 1682 833 1739 Deus
887 1699 1124 1742 vocatur.
1176 1686 1279 1743 Ubi
1311 1689 1458 1744 clare
1501 1690 1634 1745 dicit
1686 1692 1860 1747 solum
1892 1707 2062 1747 unum

484 1773 655 1830 Deum
688 1774 903 1832 Patrem
936 1794 1080 1843 esse,
1116 1780 1201 1834 cui
1231 1780 1322 1835 Dei
1352 1797 1549 1836 nomen
1578 1783 1798 1853 proprie
1843 1784 2062 1854 compe-

2171 670 2326 735 Θεὸν,
2377 669 2470 722 καὶ
2519 668 2680 738 μόνον
2709 666 2819 737 γὰρ
2875 667 2969 719 καὶ
2999 666 3158 735 φύσει
3201 667 3351 729 ὄντα,
3389 668 3483 720 καὶ
3518 667 3593 739 μὴ
3619 669 3753 738 παρ’

2171 763 2358 833 ἑτέρου
2378 760 2612 815 λαϐόντα
2629 778 2642 790 ο
2668 761 2760 814 τὸν
2787 760 2841 813 δὲ
2867 760 2975 813 τῶν
2992 760 3309 831 δευτερείων
3334 760 3620 830 ἠξιῶσθαι,
3655 763 3750 815 καὶ

2168 854 2229 907 τὸ
2259 853 2391 907 Θεὸν
2418 850 2557 906 εἶναι
2586 852 2815 907 λαϐόντα
2845 852 2996 923 παρὰ
3027 851 3118 905 τοῦ
3144 853 3356 924 Πατρὸς
3387 852 3550 923 ἔχειν,
3578 853 3655 917 ὼς
3680 852 3747 907 ἂν

2169 948 2352 1003 εἰκόνα
2393 949 2488 1002 τοῦ
2529 947 2686 1012 Θεοῦ,
2735 949 2865 1017 μιᾶς
2907 947 2994 997 ἐπ’
3035 947 3238 1016 ἀμφοῖν
3286 946 3427 999 κατά
3463 947 3525 999 τὸ
3568 946 3747 1018 παρά-

2166 1039 2363 1111 δειγμα
2382 1041 2483 1110 τῆς
2498 1038 2750 1109 θεότητος
2775 1040 2989 1090 ὲπινοου
2998 1036 3184 1106 μένης,
3206 1036 3323 1100 ἑνός
3348 1055 3406 1091 τε
3438 1037 3589 1101 ὄντος
3608 1033 3743 1090 Θεοῦ

2166 1132 2259 1185 τοῦ
2306 1132 2429 1186 καθ’
2477 1131 2667 1185 ἑαυτὸν
2696 1130 2946 1200 ἀνάρχως
2974 1129 3069 1181 καὶ
3107 1129 3415 1199 ἀγεννήτως
3450 1128 3620 1192 ὄντος,
3655 1128 3743 1183 διὰ

2165 1223 2222 1277 δὲ
2247 1223 2342 1276 τοῦ
2395 1223 2526 1276 Υἱοῦ
2555 1223 2629 1286 ὡς
2676 1222 2742 1275 ἂν
2766 1221 2831 1274 δι’
2858 1221 3125 1292 ἐσόπτρου
3152 1221 3245 1274 καὶ
3275 1222 3481 1284 εἰκόνος
3512 1219 3743 1275 ἐπιθεω-

2171 1316 2451 1385 ρουμένου.
2478 1314 2642 1368 Missa
2673 1311 2851 1365 Latini
2881 1311 3193 1381 interpretis
3224 1312 3495 1377 versione,
3527 1311 3620 1381 qui
3642 1325 3742 1383 pro

2166 1424 2316 1462 more
2339 1421 2442 1462 suo
2473 1406 2587 1460 hinc
2629 1404 2698 1458 ad
2731 1402 3056 1458 catholicam
3111 1403 3440 1457 sententiam
3486 1401 3737 1465 detorsit,

2165 1502 2247 1557 sic
2277 1515 2379 1556 nos
2405 1499 2473 1553 ad
2499 1499 2721 1553 verbum
2751 1496 3174 1565 interpretamur
3202 1492 3496 1547 :therum
3529 1493 3740 1548 etiamsi

2164 1604 2360 1649 natura
2399 1592 2696 1663 unigenitus
2728 1588 2903 1642 Filius
2936 1598 2986 1642 et
3032 1586 3171 1641 Deus
3201 1596 3378 1640 noster
3413 1585 3734 1651 celebretur,

2164 1698 2219 1741 at
2252 1704 2358 1741 non
2387 1696 2465 1740 est
2491 1686 2696 1755 primus
2733 1683 2910 1747 Deus;
2941 1681 3032 1735 sed
3054 1682 3258 1750 primus
3308 1678 3402 1732 Dei
3435 1679 3735 1749 unigenitus

2165 1779 2363 1842 Filius,
2409 1788 2458 1833 et
2506 1777 2621 1832 ideo
2672 1776 2837 1833 Deus.
2899 1772 2965 1828 In
3000 1789 3211 1828 summa
3237 1772 3345 1826 licet:
3375 1787 3539 1825 causa
3572 1770 3735 1839 fuerit

483 1867 570 1931 tit,
604 1869 901 1922 secundum
928 1878 1107 1924 autem
1147 1870 1315 1925 Deum
1352 1846 1767 1943 participatione
1791 1846 1998 1929 tantum
2029 1890 2059 1929 a
2092 1846 2135 1901 Β
2163 1872 2301 1944 quod
2336 1873 2426 1927 ille
2454 1870 2596 1925 Deus
2627 1870 2717 1935 sit,
2752 1868 2880 1938 quia
2908 1866 3051 1921 solus
3087 1873 3281 1917 natura
3308 1861 3483 1916 Filius
3511 1862 3609 1916 Dei
3629 1874 3731 1925 est,

482 1955 594 2013 Deo
622 1956 781 2014 Patre
813 1959 982 2014 Deum
1014 1960 1215 2015 factum
1247 1961 1435 2018 fuisse.
1478 1962 1613 2018 Cum
1645 1974 1824 2021 autem
1856 1966 1932 2020 ait
1974 1982 2062 2022 se-

481 2050 723 2104 cundum
758 2051 908 2104 illum
944 2051 1135 2117 Deum,
1166 2054 1253 2107 cui
1308 2055 1518 2110 scilicet
1548 2071 1656 2110 non
1691 2073 1816 2112 vere
1847 2066 1901 2112 et
1933 2073 2059 2128 pro-

480 2141 600 2211 prie
632 2142 891 2211 competit
938 2143 1085 2213 quod
1119 2143 1263 2199 Deus
1292 2146 1384 2210 sit,
1420 2162 1529 2201 non
1575 2149 1694 2203 sine
1720 2146 1892 2203 .Patre
1915 2150 2061 2204 exsi-

481 2234 728 2300 stere,ad
761 2235 892 2289 illud
918 2234 1192 2306 Evangelii
1212 2236 1438 2292 Joannis
1458 2238 1711 2308 respicit:
1738 2239 1806 2292 Et
1833 2240 2057 2294 Verbum

472 2336 592 2379 erat
615 2326 752 2396 apud
777 2326 966 2382 Deum.
983 2326 1108 2384 Ideo
1135 2338 1313 2385 autem
1335 2328 1531 2385 Filium
1550 2332 1717 2387 Deum
1743 2333 2059 2404 dignatione

476 2416 658 2475 Patris
692 2437 813 2476 esse
832 2420 937 2492 (vel
969 2422 1153 2492 potius
1175 2440 1239 2478 ex
1273 2425 1340 2479 iis
1366 2441 1487 2495 qua:
1504 2440 1668 2496 supra
1699 2428 1939 2484 diximus
1960 2445 2057 2483 vo-

477 2512 635 2581 cari),
655 2514 897 2584 ait,quia
928 2522 1013 2569 est
1042 2517 1219 2586 imago
1254 2515 1467 2574 Patris:
1494 2534 1603 2573 non
1632 2521 1851 2590 quidem
1878 2523 2057 2595 imago

472 2619 601 2673 quae
617 2606 862 2660 eamdem
887 2622 1049 2677 quam
1067 2604 1227 2661 Pater
1244 2609 1602 2665 substantiam
1621 2614 1883 2678 obtineat,
1904 2630 2052 2678 nam,

478 2702 540 2751 ut
589 2711 757 2767 supra
809 2700 1221 2768 comprobatum
1281 2709 1388 2766 est,
1421 2702 1692 2759 diversam
1748 2720 1778 2757 a
1829 2715 2054 2774 paterna

473 2787 842 2843 substantiam
870 2787 991 2842 Filii
1020 2792 1336 2858 constituit;
1366 2792 1462 2849 sed
1500 2794 1680 2865 imago
1716 2796 2054 2866 perfectissi-

477 2893 591 2946 ma,
626 2890 892 2948 quantum
924 2896 987 2935 ea
1022 2890 1205 2950 potest
1242 2898 1366 2938 esse
1416 2901 1537 2954 qua:
1581 2887 1687 2941 alia
1730 2903 1760 2941 a
1797 2904 2052 2958 supremo

474 2967 588 3025 Deo
614 2970 798 3027 fuerit.
832 2971 1181 3044 ldipsumque
1222 2975 1410 3031 multis
1445 2978 1499 3030 in
1536 2978 1673 3032 locis
1704 2986 1813 3033 tam
1846 2981 1899 3035 in
1946 2980 2054 3036 De-

474 3063 855 3115 monstratione
902 3064 1242 3134 evangelica,
1302 3082 1467 3135 quam
1521 3068 1578 3122 in
1642 3069 1799 3125 libris
1851 3069 2050 3127 Contra

2162 1984 2223 2020 ac
2261 1965 2570 2036 Unigenitus
2604 1970 2839 2024 vocatur,
2871 1969 2920 2014 et
2940 1960 3068 2031 quia
3096 1959 3261 2013 solius
3292 1956 3393 2010 Dei
3415 1957 3729 2019 animatum,

2161 2062 2409 2115 viventem
2436 2069 2484 2113 et
2508 2059 2883 2129 intelligentem
2908 2056 3189 2128 imaginem
3216 2061 3410 2116 servat,
3446 2050 3732 2105 secundum

2160 2154 2343 2207 omnia
2374 2151 2530 2205 Patri
2562 2152 2812 2216 similem,
2839 2166 2900 2204 ac
2926 2151 3085 2204 etiam
3120 2148 3288 2218 ipsius
3329 2143 3542 2198 deitatis
3594 2143 3732 2196 ima-

2157 2247 2329 2315 ginem
2377 2244 2645 2313 ferentem.
2684 2242 2803 2297 Hac
2837 2259 2959 2313 ergo
3005 2240 3068 2295 de
3117 2255 3282 2294 causa
3327 2240 3501 2307 ipsum
3542 2239 3727 2299 etiam,

2158 2347 2332 2402 utpote
2360 2337 2534 2389 solum
2588 2334 2815 2398 Filium,
2851 2335 2942 2405 qui
2985 2334 3131 2388 solus
3164 2331 3263 2385 Dei
3316 2333 3492 2399 imago
3539 2330 3631 2393 sit,
3663 2346 3729 2383 ac

2156 2428 2477 2498 non-genita:
2511 2437 2560 2481 et
2591 2426 2851 2497 principio
2897 2425 3123 2478 carentis
3175 2421 3488 2475 substantiae
3542 2420 3727 2474 Patris

2156 2520 2437 2574 virtutibus
2473 2517 2757 2571 secundum
2788 2514 3083 2584 exemplum
3120 2510 3483 2567 similitudinis
3511 2508 3729 2563 indutus

2154 2612 2248 2674 sit,
2284 2619 2439 2679 atque
2462 2609 2525 2661 ab
2561 2610 2796 2662 omnium
2826 2606 3145 2677 peritissimo
3178 2621 3241 2657 ac
3272 2602 3619 2657 seientissimo
3637 2601 3726 2669 pi-

2154 2712 2295 2757 ctore
2328 2720 2390 2757 ac
2418 2704 2537 2756 vita:
2569 2712 2783 2755 auctore
2814 2700 2999 2760 Patre,
3047 2698 3115 2751 ad
3150 2697 3613 2751 accuratissimam
3647 2695 3728 2750 si-

2154 2793 2507 2847 militudinem
2536 2794 2750 2863 effectus
2780 2793 2870 2852 sit,
2899 2790 3068 2845 Deum
3106 2789 3295 2843 merito
3325 2786 3493 2840 divini
3524 2802 3727 2840 sermo-

2154 2903 2241 2941 nes
2269 2887 2570 2957 appellant;
2602 2897 2778 2955 utpote
2807 2887 2898 2955 qui
2932 2902 3050 2939 cum
3092 2886 3213 2939 aliis
3243 2901 3276 2937 a
3306 2884 3470 2938 Patre
3496 2881 3593 2935 hac
3623 2894 3725 2949 ap-

2151 2980 2433 3049 pellatione
2463 2979 2709 3049 dignatus
2733 2981 2823 3044 sit,
2849 2995 3066 3048 eamque
3095 2979 3373 3046 acceperit,
3410 2992 3515 3030 non
3545 2984 3725 3029 autem

2151 3083 2208 3126 ut
2236 3074 2502 3142 propriam
2533 3071 2635 3125 sibi
2667 3072 2931 3125 habuerit.
2967 3069 3111 3123 Nam
3138 3069 3228 3123 ille
3262 3068 3471 3139 quidem
3494 3066 3607 3129 dat,
3639 3065 3725 3117 hic

474 3149 792 3206 Marcellum
820 3152 1083 3210 declarat.
1136 3154 1270 3210 Nam
1305 3157 1401 3212 lib.
1450 3174 1468 3212 1
1499 3158 1701 3214 Contra
1736 3160 2047 3217 Marcellum
2073 3181 2119 3239 ο
2151 3181 2269 3218 vero
2299 3163 2512 3231 accipit.
2547 3161 2636 3216 Ita
2668 3176 2724 3215 ut
2747 3163 2955 3231 proprie
2977 3161 3067 3215 ille
3099 3177 3235 3214 unus
3270 3160 3336 3213 sit
3372 3157 3535 3221 Deus,
3563 3166 3613 3211 et
3634 3172 3724 3209 so-

473 3260 528 3316 p.
573 3246 664 3311 70,
720 3247 787 3302 de
842 3246 1004 3303 Patre
1036 3250 1183 3305 clare
1214 3258 1267 3304 et
1311 3252 1430 3305 sine
1477 3254 1704 3324 ambage
1738 3256 1833 3323 ait,
1866 3256 2047 3320 Μόνος

472 3336 728 3409 ἀληθινὸς
756 3339 888 3404 Θεός
920 3356 933 3369 ⁸
967 3338 1123 3395 Solus
1149 3358 1296 3396 verus
1332 3342 1495 3399 Deus.
1528 3345 1587 3399 In
1617 3346 2045 3402 Demonstratio-

471 3446 549 3499 ne,
576 3440 758 3486 autem
792 3434 1113 3504 evangelica,
1158 3435 1196 3488 l.
1227 3452 1282 3500 v,
1323 3451 1372 3491 c.
1410 3437 1466 3500 4,
1525 3453 1649 3508 pag.
1707 3439 1833 3508 227,
1888 3458 2042 3498 suam

470 3522 711 3580 dilucide
743 3526 811 3580 de
839 3525 997 3581 Patre
1033 3537 1085 3582 et
1115 3526 1254 3583 Filio
1283 3531 1612 3585 sententiam
1640 3534 1897 3601 explicat,
1943 3536 2047 3589 ait-

470 3633 579 3689 que
601 3616 797 3672 Filium
830 3621 899 3673 ob
925 3635 1078 3675 suam
1102 3637 1225 3675 cum
1254 3620 1412 3678 Patre
1438 3624 1849 3679 similitudinem
1873 3624 2043 3681 Deum

471 3712 677 3773 vocari,
728 3712 854 3765 licet
910 3728 1017 3767 non
1052 3713 1270 3783 prOprie
1312 3722 1367 3769 et
1411 3730 1507 3785 per
1538 3732 1596 3772 se
1627 3717 1788 3771 talem
1827 3732 2043 3772 nuncu-

471 3802 742 3870 pationem
772 3802 1016 3858 obtineat
1063 3823 1075 3858 :
1116 3819 1241 3857 nam
1283 3816 1571 3876 postquam
1602 3806 1815 3861 dixerat
1845 3807 2042 3861 Filium

469 3900 667 3946 natura
731 3894 896 3948 Deum
950 3909 1075 3949 esse
1108 3935 1123 3960 ,
1188 3906 1423 3951 mentem
1485 3913 1640 3952 suam
1701 3898 1781 3953 sic
1815 3900 2037 3968 aperit:

469 3984 617 4056 Πλὴν
674 3988 723 4039 εί
760 3987 853 4040 καὶ
898 3985 1058 4055 φύσει
1102 3988 1395 4060 μονογενὴς
1438 3989 1566 4054 Υἱὸς
1594 3991 1687 4043 καὶ
1732 3992 1861 4056 Θεὸς
1887 3991 2044 4064 ἡμῶν

469 4078 885 4149 ἀνευφημεῖται,
920 4079 1032 4131 ἀλλ’
1076 4080 1174 4149 οὐχ
1217 4081 1246 4132 6
1289 4082 1503 4152 πρῶτος
1533 4082 1686 4148 Θεὸς,
1741 4085 1954 4156 πρῶτος
1985 4086 2043 4140 δὲ

467 4169 564 4224 τοῦ
603 4169 737 4223 Θεοῦ
775 4171 1070 4241 μονογενὴς
1111 4169 1259 4235 Υἱὸς,
1292 4174 1385 4225 καὶ
1431 4172 1519 4227 διά
1543 4174 1702 4227 τοῦτο
1744 4176 1896 4241 Θεός.
1932 4179 2043 4231 Καὶ

468 4260 589 4313 ὅλον
640 4277 703 4328 γε
758 4260 919 4313 τοῦτο
971 4260 1142 4314 αἴτιον
1198 4260 1265 4314 ἂν
1315 4263 1399 4333 εἴη
1447 4264 1541 4316 τοῦ
1588 4265 1682 4317 καὶ
1711 4266 1872 4319 αὑτὸν
1904 4263 2042 4320 εἶναι

466 4355 622 4420 Θεὸν,
647 4355 709 4408 τὸ
745 4354 903 4425 μόνον
936 4350 1076 4409 εἶναι
1106 4355 1266 4424 φύσει
1303 4356 1396 4409 τοῦ
1418 4356 1552 4411 Θεοῦ
1588 4358 1736 4422 Υίὸν,
1767 4360 1860 4412 καὶ
1888 4378 2043 4431 μονο-

464 4449 601 4522 γενῆ
625 4448 1003 4521 χρηματίζειν,
1034 4448 1125 4501 καὶ
1154 4449 1214 4501 τὸ
1263 4448 1330 4501 δι’
1364 4449 1486 4503 ὅλου
1529 4448 1721 4513 σώζειν
1749 4451 1844 4504 τοῦ
1875 4453 2035 4523 μόνου

2154 3257 2236 3309 lus
2288 3254 2498 3325 quidem
2541 3263 2739 3308 natura
2767 3253 3049 3315 exsistens,
3102 3265 3264 3320 neque
3313 3248 3377 3301 ab
3420 3247 3527 3301 alio
3575 3246 3724 3300 acci-

2147 3349 2327 3418 piens;
2363 3346 2447 3400 hic
2477 3362 2595 3400 vero
2646 3344 2873 3399 secundo
2909 3345 3022 3397 loco
3063 3341 3313 3411 dignatus
3355 3341 3448 3403 sit,
3502 3349 3657 3408 atque
3687 3354 3726 3391 α

2148 3440 2312 3495 Patre
2337 3441 2590 3509 acceperit
2621 3449 2678 3492 ut
2717 3436 2858 3491 Deus
2896 3452 3008 3491 esse
3050 3435 3302 3497 obtineat,
3339 3440 3519 3501 utpote
3547 3432 3725 3498 imago

2146 3533 2266 3598 Dei,
2297 3550 2414 3587 cum
2456 3550 2565 3587 una
2595 3534 2649 3586 in
2677 3529 2929 3585 ambobus
2974 3527 3261 3583 secundum
3290 3525 3582 3591 exemplum
3609 3522 3728 3575 dei-

2147 3638 2229 3682 tas
2250 3629 2594 3698 intelligatur,
2622 3642 2725 3679 uno
2755 3623 2865 3679 Deo
2909 3621 3194 3678 secundum
3229 3636 3284 3674 se
3313 3619 3426 3672 sine
3452 3614 3724 3687 principio

2144 3731 2193 3775 et
2221 3721 2555 3790 generatione
2595 3719 2897 3779 exsistente,
2943 3717 3032 3786 qui
3079 3729 3171 3783 per
3210 3710 3417 3765 Filium
3448 3707 3601 3779 quasi
3628 3720 3726 3773 per

2145 3813 2413 3881 speculum
2454 3820 2504 3865 et
2547 3810 2827 3879 imaginem
2876 3805 3267 3862 consideratur.
3323 3801 3569 3867 Quorum
3602 3797 3724 3851 haec

2145 3920 2357 3960 summa
2414 3903 2599 3966 fuerit,
2656 3912 2883 3957 eatenus
2947 3898 3124 3954 Filius
3183 3904 3379 3951 natura
3428 3892 3574 3949 Deus
3608 3897 3719 3955 est,

2144 4003 2416 4065 quatenus
2438 4001 2636 4046 natura
2661 4006 2759 4046 sua
2798 3989 2865 4042 ad
2896 3985 3310 4045 similitudinem
3342 3983 3437 4038 Dei
3469 3997 3565 4053 per
3592 3995 3721 4035 om-

2144 4087 2233 4141 nia
2258 4085 2482 4140 eﬂ‘ectus
2528 4092 2632 4148 est,
2666 4091 2830 4153 atque
2870 4081 2991 4136 ideo
3018 4078 3242 4135 deitatis
3270 4076 3492 4131 nomine
3523 4072 3722 4143 digna-

2142 4186 2233 4233 tus
2266 4186 2371 4242 est,
2402 4192 2524 4247 qua:
2554 4185 2736 4231 tamen
2778 4190 2891 4230 non
2945 4173 3051 4244 ipsi
3082 4171 3303 4243 proprie
3336 4164 3717 4236 competebat;

2144 4270 2239 4326 sed
2267 4274 2490 4338 propter
2512 4264 2927 4321 similitudinem
2957 4262 3177 4317 deitatis
3209 4273 3375 4329 quam
3411 4268 3720 4325 repraesen-

2143 4362 2313 4423 tabat,
2347 4359 2491 4415 Deus
2513 4364 2741 4412 vocatur
2766 4375 2779 4410 :
2809 4370 2911 4410 nec
2932 4355 3144 4424 primus
3190 4350 3334 4406 Deus
3354 4358 3462 4413 est,
3498 4346 3595 4401 sed
3625 4358 3719 4400 se-

2142 4453 2351 4509 cundas
2378 4452 2434 4505 in
2462 4451 2663 4505 deitate
2705 4465 2774 4504 ex
2818 4446 3133 4518 dignatione
3176 4449 3433 4513 occupat,
3487 4454 3598 4494 non
3645 4452 3717 4491 ex

461 4540 601 4597 Θεοῦ
624 4541 724 4612 τὴν
768 4539 1008 4610 ἔμψυχον
1034 4539 1128 4592 καὶ
1168 4539 1347 4603 ζῶσαν
1399 4540 1591 4611 νοεράν
1650 4544 1851 4609 εἰκόνα,
1898 4545 2040 4599 κατά

2151 4548 2262 4616 iure
2295 4555 2350 4601 et
2376 4546 2710 4615 proprietate
2745 4562 2758 4597 :
2794 4556 2922 4596 nam
2955 4539 3101 4596 Deus
3136 4539 3207 4593 ob
3236 4531 3713 4591 accuratissimam

464 4635 647 4693 πάντα
681 4633 759 4704 τῷ
788 4633 958 4704 Πατρὶ
1002 4632 1495 4705 παρωμοιωμένην,
1540 4634 1751 4705 καὶτῆς
1783 4635 2036 4709 θεότητός

460 4740 526 4783 τε
565 4728 737 4799 αὐτῆς
786 4727 884 4796 τὴν
924 4727 1182 4796 ὁμοίωσιν
1225 4725 1645 4797 ἐπιφερομένην.
1696 4727 1880 4801 Ταύτῃ
1925 4747 2037 4783 τοι-

463 4820 667 4897 γαροῦν
701 4820 795 4875 καὶ
819 4820 980 4873 αὐτὸν
1008 4819 1083 4883 ὡς
1115 4819 1179 4872 ἂν
1209 4819 1370 4890 μόνον
1402 4819 1529 4872 Υἱὸν
1552 4820 1645 4873 καὶ
1668 4820 1827 4891 μόνον
1854 4823 2037 4876 εἰκόνα

460 4915 591 4972 ὄντα
630 4912 724 4967 τοῦ
762 4912 919 4978 Θεοῦ,
955 4913 1046 4965 καὶ
1088 4911 1187 4981 τῆς
1216 4912 1508 4981 ἀγεννήτου
1534 4912 1629 4965 καὶ
1670 4913 1906 4984 ἀνάρχου
1939 4914 2033 4968 τοῦ

463 5006 677 5078 Πατρὸς
709 5005 897 5068 οὐσίας
917 5004 1016 5069 τὰς
1037 5004 1294 5074 δυνάμεις
1314 5003 1456 5057 κατὰ
1480 5004 1541 5056 τὸ
1565 5004 1912 5077 παράδειγμα
1933 5008 2033 5079 τῆς

459 5096 772 5170 ὁμοιώσεως
830 5095 1325 5168 περιϐεϐλημένον,
1381 5097 1486 5150 ὑπό
1541 5114 1603 5149 τε
1666 5097 1759 5151 τοῦ
1815 5099 2031 5156 πάντων

458 5189 854 5265 τεχνικωτάτου
886 5189 981 5242 καὶ
1031 5189 1500 5258 πανεπιστήμονος
1537 5187 1826 5261 ζωγράφου
1857 5206 1917 5243 τε
1937 5192 2032 5245 καὶ

461 5280 726 5345 ζωοποιοῦ
765 5281 976 5353 Πατρὸς
1009 5282 1089 5343 εἰς
1116 5280 1179 5334 τὸ
1204 5279 1283 5333 ἔτι
1321 5280 1546 5351 ἀκριϐὲς
1588 5281 1687 5351 τῆς
1719 5281 2030 5352 ὁμοιώσεως

460 5372 918 5449 ἀπειργασμένον,
958 5372 1090 5425 Θεὸν
1136 5371 1360 5437 εἰκότως
1381 5373 1431 5424 ot
1463 5371 1593 5425 Θεῖοι
1640 5374 2027 5445 ἀναγορεύουσι

460 5462 642 5531 λόγοι·
677 5461 752 5527 ὡς
807 5464 900 5515 καὶ
951 5462 1154 5535 ταύτης
1199 5463 1339 5534 μετά
1378 5464 1487 5517 τῶν
1527 5465 1701 5519 ἄλλων
1738 5466 1887 5538 παρά
1932 5466 2025 5521 τοῦ

460 5554 671 5627 [ἰατρὸς
727 5554 1027 5625 ἠξιωμένον
1080 5556 1470 5628 προσηγορίας,
1502 5560 1551 5615 εί
1577 5557 1765 5631 ,ηφότα
1794 5575 1873 5623 τε,
1912 5559 2026 5612 ἀλλ’

2141 4638 2548 4696 similitudinem
2572 4636 2675 4690 hac
2700 4635 2851 4689 illum
2880 4630 3242 4703 appellatione
3270 4624 3511 4681 donavit.
3539 4619 3717 4674 Euse-

2136 4732 2311 4787 bianze
2334 4731 2401 4784 de
2422 4727 2544 4782 Filii
2575 4729 2777 4784 deitate
2805 4726 3065 4780 doctrina:
3094 4722 3367 4776 luculenta
3397 4716 3526 4770 item
3553 4710 3715 4767 testi-

2138 4825 2319 4878 monia
2341 4821 2497 4877 ali‘ert
2522 4821 2863 4892 Nicephorus
2892 4816 3202 4889 patriarcha
3234 4815 3291 4870 in
3312 4804 3709 4869 Antirrheticis,

2133 4915 2295 4984 cujus
2318 4914 2502 4984 Operis
2529 4927 2638 4967 non
2676 4912 2943 4966 hactenus
2973 4906 3104 4963 editi
3133 4920 3197 4959 ac
3227 4904 3350 4958 luce
3375 4896 3708 4970 dignissimi,

2138 5007 2432 5063 editionem
2467 5012 2625 5076 parat
2652 5002 3056 5059 eruditissimus
3078 4996 3369 5052 Anselmus
3398 4987 3715 5044 Bandurius

2138 5110 2345 5154 noster.
2395 5096 2522 5155 Haec
2564 5098 2729 5168 igitur
2759 5101 3014 5163 excerpta
3055 5090 3210 5144 aﬂ'ert
3246 5086 3340 5142 ille
3370 5100 3439 5139 ex
3478 5079 3710 5168 epistola

2139 5189 2357 5245 Eusebii
2388 5189 2457 5244 ad
2485 5164 2861 5243 Constantiam
2890 5186 3186 5256 Augustam
3213 5198 3229 5236 :
3253 5178 3428 5239 Μόνος
3457 5172 3588 5243 γοῦν
3616 5164 3709 5223 οὓς

2135 5300 2225 5346 τος
2261 5281 2400 5352 μετά
2424 5281 2514 5334 τὸν
2544 5280 2806 5334 ἀνωτάτω
2830 5277 2961 5331 Θεὸν
2992 5276 3087 5330 καὶ
3110 5271 3329 5342 Πατέρα
3353 5264 3560 5328 δίκαιός
3590 5264 3710 5315 ἐστι

2136 5375 2339 5447 Κύριος
2371 5375 2463 5427 καὶ
2493 5371 2836 5433 δικαιοσύνας
2861 5370 3137 5440 ἠγάπησε,
3174 5364 3229 5419 id
3254 5371 3373 5418 est:
3406 5358 3508 5414 Hic
3533 5358 3713 5425 itaque

2134 5470 2280 5524 solus
2326 5477 2445 5537 post
2476 5479 2775 5534 supremum
2827 5461 2995 5515 Deum
3026 5468 3077 5514 et
3128 5457 3366 5517 Patrem,
3407 5451 3590 5520 justus
3632 5454 3713 5499 est

2137 5562 2413 5625 Dominus,
2445 5571 2494 5615 et
2521 5558 2770 5629 justitias
2795 5555 3013 5617 dilexit;
3043 5561 3098 5609 et
3134 5548 3327 5622 paucis
3362 5542 3670 5613 interiectis
3690 5555 3713 5597 :

529 5735 608 5808 (a)
847 5736 1044 5791 Contra
1080 5735 1411 5805 Marcellum,
1450 5754 1554 5812 pag
1621 5741 1693 5811 to,
1728 5742 1886 5814 μόνος
1921 5744 2049 5817 dine

2151 5747 2362 5811 ςΘεός·
2414 5754 2466 5802 et
2508 5743 2603 5800 lib.
2673 5756 2711 5801 ιι
2752 5738 2949 5795 Contra
2986 5733 3320 5798 Heracliam,
3388 5720 3711 5821 ρει-109,

457 5816 510 5863 ει
542 5807 599 5880 'p.
638 5807 727 5876 ετ,
764 5808 851 5864 96.
