4020 6372
292 275 353 331 Η
1101 280 1604 339 COMMENTARIA
1638 284 1705 340 IN
1732 285 2070 342 PSALMOS.
2112 320 2182 330 —
2218 288 2752 347 PRAELIMINARIA.
3461 305 3531 357 42

294 398 408 449 Ὅτι
454 396 650 467 ἔχομεν
692 398 787 450 καὶ
822 400 983 469 ἡμεῖς
1022 402 1279 473 ἀρχιερέα
1312 403 1483 474 μέγαν
1516 404 1836 475 διεληλυθὸτε

1968 406 2098 459 illud
2126 407 2397 474 αὐτόθεος,
2446 411 2554 480 ipse
2586 412 2727 465 Deus
2754 410 2863 483 (b);
2895 413 3007 469 sive
3033 413 3177 483 quod
3216 415 3345 471 alibi
3374 418 3528 483 dicit,

287 490 407 552 τοὺς
436 490 720 560 οὐρα·κοῦς,
764 491 971 562 Ἰησοῦν
1000 493 1091 545 τὸν
1117 493 1244 547 Υἰὸν
1277 494 1369 547 τοῦ
1399 495 1553 550 Θεοῢ’
1584 492 1644 552 οὗ
1670 498 1736 551 τὰ
1765 500 1862 569 μὲν

287 581 542 635 ἀνωτάτω
566 583 661 635 καὶ
694 587 962 653 κορυφαῖα
993 586 1089 656 τῆς
1118 586 1371 657 θεότητος
1400 589 1654 643 ἐπέκεινα
1680 592 1862 663 πάσης

284 673 510 736 κτίσεως
559 674 836 744 διήκοντα,
882 676 1199 747 καλύμματι
1250 680 1498 751 πατρικῷ
1544 682 1643 752 τῆς
1679 682 1860 737 ἐνθέου

284 764 579 835 ἀῐδιὸτητος
621 766 716 819 καὶ
763 768 1089 840 ἁγεννησίας
1141 772 1594 838 ὲπικαλύπτεται,
1625 778 1677 832 id
1725 787 1854 834 est:

286 856 421 923 Quia
456 857 712 912 habemus
740 870 790 913 et
825 879 919 915 nos
947 861 1259 931 Pontiﬁcem
1292 882 1559 935 magnum,
1590 873 1679 940 qui
1704 871 1858 927 cozlos

282 950 587 1015 praeterivit,
613 949 796 1004 Iesum
820 951 1020 1008 Filium
1042 956 1160 1021 Dei,
1185 961 1336 1028 cujus
1368 960 1594 1015 Deitatis
1614 980 1859 1032 suprema

282 1049 327 1093 et
357 1058 590 1105 summa,
622 1061 787 1113 supra
816 1063 1016 1101 omnem
1048 1060 1347 1105 creaturam
1382 1055 1739 1122 pervadentia,
1761 1072 1857 1125 pa-

284 1142 423 1187 terno
458 1134 653 1189 diuinis
674 1139 989 1194 (eternitatis
1010 1151 1059 1194 et
1082 1143 1512 1201 innascibilitatis
1539 1151 1856 1217 aperimenlo

282 1235 644 1295 conteguntur.
679 1228 791 1283 Sub
822 1232 937 1286 haec
962 1241 1140 1288 autem
1172 1237 1372 1293 clarius
1409 1258 1422 1292 :
1472 1240 1527 1293 Ὀ
1558 1241 1615 1294 δὲ
1642 1244 1733 1296 ἐπὶ
1762 1245 1853 1298 τοῦ

285 1316 529 1385 μετώπου
580 1319 843 1387 στέφανος
874 1322 972 1391 τῆς
1013 1322 1192 1376 ἐνθέου
1226 1328 1319 1378 καὶ
1358 1334 1855 1403 παντοκρατορικῆς

283 1406 550 1475 βασιλείας
583 1426 644 1461 τε
682 1412 774 1463 καὶ
811 1410 1125 1477 δεσποτείας
1153 1415 1341 1486 ἐδήλου
1374 1421 1762 1491 προσηγορίαν,
1787 1423 1854 1493 ἣν

283 1498 421 1568 μόνῳ
455 1499 534 1569 τῷ
568 1502 866 1571 Μονογενεῖ
886 1504 914 1555 ὁ
941 1505 1197 1558 ἀνωτάτω
1235 1508 1326 1560 καὶ
1363 1509 1520 1578 μόνος
1554 1512 1717 1565 αὑτοῦ
1744 1515 1855 1567 Πα-

277 1591 376 1661 τὴρ
408 1593 746 1663 ἐδωρήσατο,
782 1594 913 1647 Θεὸν
961 1598 1056 1649 καὶ
1102 1599 1305 1670 Κύριον
1348 1603 1443 1655 καὶ
1477 1604 1701 1673 βασιλέα
1744 1606 1852 1661 τῶν

277 1683 407 1736 ὅλων
431 1685 592 1753 μόνον
619 1688 782 1742 αὐτὸν
814 1690 956 1758 μετά
987 1708 1049 1759 γε
1080 1693 1271 1746 ἑαυτὸν
1302 1696 1604 1764 ἀναδείξας,
1639 1699 1688 1753 id
1723 1708 1807 1755 est
1833 1720 1845 1755 :

1962 498 2210 569 ἀληθινὸς
2232 500 2380 564 Θεός,
2407 519 2556 557 verus
2582 502 2760 566 Deus;
2788 504 2997 559 scilicet
3013 515 3325 574 comparate
3350 510 3417 564 ad
3435 509 3533 564 ho-

1962 589 2159 651 mines,
2191 591 2282 658 qui
2308 591 2600 661 aliquando
2632 594 2704 647 dii
2739 595 3117 663 appellantur:
3153 613 3279 651 nam
3306 613 3533 670 compa-

1961 687 2080 734 rate
2113 681 2179 733 ad
2209 680 2445 747 Patrem,
2481 685 2593 739 sive
2623 684 2791 739 Deum
2824 686 3230 754 universorum,
3266 706 3375 746 non
3403 708 3530 748 vere

1960 778 2011 825 et
2040 772 2257 842 proprie
2285 773 2428 830 Deus
2457 776 2678 843 dicitur,
2717 779 3015 834 secundum
3056 768 3275 838 Eusebii
3307 793 3531 840 sentcn-

1961 874 2109 918 nam.

1958 977 2017 1026 Χ.
2041 978 2195 1037 Quam
2217 980 2419 1030 adversa
2443 983 2621 1033 rationi
2654 990 2707 1094 ft
2728 986 2997 1096 gritscorum
3035 990 3237 1039 Patrum
3260 993 3527 1045 sententiae

2676 1061 2726 1095 ra
2762 1062 2788 1095 a
2820 1085 2830 1096 .

2676 1061 2830 1096 radat.

2030 1121 2121 1178 Sic
2151 1125 2240 1180 ille
2267 1142 2336 1182 ne
2355 1127 2493 1183 duos
2523 1129 2656 1187 deos
2685 1133 2867 1189 dicere
2892 1143 3139 1206 cogatur,
3168 1135 3361 1192 Filium
3398 1156 3527 1196 vere

1957 1214 2125 1270 Deum
2156 1232 2279 1273 esse
2304 1228 2483 1291 negat,
2520 1221 2933 1293 Evangeliorum
2964 1227 3110 1281 dicta
3144 1228 3468 1301 distorquet,
3495 1248 3525 1285 a

1956 1308 2259 1376 priscorum
2274 1308 2496 1365 Patrum
2514 1312 2761 1369 doctrina
2778 1316 3028 1384 discedit,
3046 1326 3099 1373 et
3113 1319 3180 1373 ad
3196 1320 3525 1378 Arianorum

1954 1405 2137 1463 partes
2151 1398 2379 1455 accedit.
2394 1398 2529 1455 Nam
2549 1411 2607 1456 ut
2626 1404 2917 1475 Evangelia
2936 1414 3047 1463 tres
3068 1424 3189 1465 esse
3209 1412 3265 1465 in
3287 1428 3395 1467 uno
3413 1413 3523 1469 Deo

1954 1501 2218 1555 personas
2240 1490 2385 1546 clare
2417 1491 2689 1561 indicant;
2723 1496 2799 1550 ita
2834 1498 3099 1555 rationem
3130 1501 3224 1557 Dei
3257 1502 3313 1558 in
3346 1505 3520 1560 tribus

1956 1595 2116 1633 unam
2137 1589 2191 1636 et
2212 1582 2455 1638 eamdem
2479 1600 2605 1641 esse
2634 1585 2830 1642 docent
2852 1609 2862 1642 :
2884 1591 3108 1646 stultum
3130 1595 3326 1663 quippe
3351 1604 3435 1651 est
3464 1598 3518 1652 in

1953 1664 2055 1719 hoc
2083 1665 2307 1724 Joannis
2324 1670 2489 1735 dicto,
2521 1690 2559 1737 ι,
2589 1674 2611 1727 1
2642 1694 2653 1728 :
2681 1673 2746 1729 In
2766 1678 3021 1746 principio
3046 1694 3161 1735 erat
3204 1682 3446 1751 Verbum,
3470 1696 3521 1743 et

277 1752 481 1828 Corona
508 1787 687 1831 autem
713 1780 768 1832 in
797 1752 970 1848 fronte
998 1752 1191 1851 posita,
1215 1784 1380 1839 divini
1406 1796 1455 1841 et
1479 1791 1846 1854 omnipotentis
1879 1768 1921 1821 Β
1959 1752 2180 1854 ἶεΐὺωπ
2203 1768 2319 1854 σαί
2337 1761 2474 1854 apud
2490 1761 2739 1854 .Deum’el
2756 1765 2895 1821 Deus
2910 1780 3024 1822 erat
3050 1770 3290 1840 verbum’
3309 1775 3446 1831 duas
3464 1785 3519 1833 et

276 1870 416 1937 regni
452 1886 516 1921 ac
553 1870 780 1925 dominii
819 1876 1218 1943 appellationem
1250 1878 1707 1951 declarat:quam
1745 1886 1848 1941 soli

278 1955 554 2029 Uuigenito
575 1979 851 2031 supremus
867 1974 917 2018 et
938 1967 1079 2021 solus
1096 1969 1209 2037 ejus
1231 1969 1390 2026 Pater
1408 1960 1641 2038 donavit,
1655 1976 1843 2043 Deum,

270 2049 557 2103 Dominum
586 2060 638 2105 et
662 2051 847 2123 Regem
877 2057 1239 2113 universorum
1262 2063 1432 2116 solum
1457 2066 1628 2133 ipsum
1649 2079 1764 2136 post
1792 2088 1847 2126 se

268 2138 572 2195 declarans.
607 2140 710 2197 Ubi
740 2144 894 2201 vides
919 2160 984 2200 ex
1006 2146 1259 2215 Eusebio,
1287 2151 1507 2217 Filium,
1536 2157 1630 2212 Dei
1657 2168 1710 2214 et
1732 2161 1844 2216 Do-

269 2232 397 2285 mini
418 2235 835 2302 appellationem
855 2253 919 2292 ex
939 2241 1052 2294 sola
1070 2242 1379 2313 dignatione
1392 2246 1564 2307 Patris
1577 2251 1842 2321 obtinere,

271 2335 333 2373 ac
361 2322 661 2377 secundum
685 2340 714 2378 a
743 2325 903 2382 Patre
933 2327 1097 2385 Deum
1121 2348 1263 2398 esse,
1294 2350 1404 2404 quo
1437 2341 1658 2408 respicit
1680 2344 1843 2398 etiam

271 2410 358 2465 ille
368 2410 903 2472 Commentariorum
924 2420 1155 2485 locus,in
1172 2439 1383 2495 argum.
1401 2431 1537 2498 psal.
1555 2446 1700 2486 Lxxu
1716 2433 1846 2489 Asa-

270 2501 383 2571 phi,
403 2512 457 2557 et
472 2505 538 2557 ad
564 2507 701 2574 psal.
725 2523 757 2560 x
779 2508 877 2562 :Ac
896 2526 958 2564 ne
984 2513 1099 2581 quis
1131 2515 1193 2568 ob
1212 2520 1549 2585 monarchiw,
1564 2524 1670 2577 sive
1687 2526 1841 2579 unius

270 2594 533 2663 principii,
554 2597 810 2653 rationem
827 2601 1145 2669 turbaretur,
1166 2606 1436 2664 Christum
1448 2610 1543 2666 Dei
1557 2614 1721 2669 Deum
1733 2633 1843 2672 esse

272 2684 525 2750 audiens;
550 2702 897 2760 congruenter
912 2696 992 2748 hic
1011 2698 1202 2752 multos
1220 2700 1343 2755 deos
1362 2705 1593 2758 nominat
1612 2723 1719 2771 eos,
1752 2711 1842 2779 qui

270 2777 363 2829 sub
382 2778 493 2831 hac
514 2780 827 2836 incusantur
844 2800 863 2837 :
882 2795 1084 2841 tantum
1115 2806 1217 2844 non
1234 2793 1539 2861 prwcipiens
1562 2806 1618 2849 ut
1635 2814 1696 2853 ne
1711 2815 1840 2853 cun—

267 2878 469 2922 cternur
483 2869 532 2922 F
536 2872 687 2925 ilium
705 2891 904 2946 quoque
924 2877 1020 2931 Dei
1037 2879 1201 2933 Deum
1226 2898 1427 2938 vocare.
1447 2884 1505 2940 Si
1524 2889 1661 2942 enim
1674 2893 1840 2959 gentis

266 2962 541 3030 principes,
556 2967 644 3034 qui
656 2967 795 3021 male
808 2969 1111 3035 audiebant,
1142 2972 1234 3027 Dei
1251 2977 1456 3031 nomine
1469 2978 1675 3049 dignati
1694 2993 1835 3049 sunt,

267 3052 421 3123 quod,
452 3071 650 3123 quaeso,
681 3060 971 3126 periculum
997 3063 1178 3130 fuerit,
1202 3068 1250 3120 si
1277 3069 1446 3122 virum
1469 3070 1698 3128 dextera:
1716 3074 1833 3143 Dei,
1860 3110 1904 3168 Ο

269 3152 312 3168 _,
352 3145 515 3168 ηιμ,
932 3154 958 3168 ρ
1092 3166 1099 3168 .
1260 3157 1295 3168 -κ
1473 3163 1487 3168 ι

263 3152 312 3195 et
343 3145 519 3212 ﬁlium
548 3146 777 3213 hominis
819 3154 1214 3222 conﬁrmatum,
1248 3157 1417 3213 Deum
1458 3163 1747 3231 fateamur,
1780 3168 1835 3222 id

264 3241 364 3295 est,
398 3249 522 3288 cum
560 3236 810 3296 homines
838 3243 1001 3296 etiam
1036 3246 1109 3299 dii
1142 3258 1422 3312 vocentur.
1458 3254 1627 3310 multo
1661 3260 1834 3328 magis

264 3340 557 3394 possumus
591 3330 867 3387 Christum
894 3338 1167 3407 appellare
1199 3340 1387 3407 Deum,
1418 3347 1547 3416 quin
1577 3348 1706 3405 hinc
1728 3368 1837 3407 me-

265 3424 347 3470 tus
382 3418 454 3471 sit
480 3434 552 3474 ne
580 3421 954 3489 pluralitatem
988 3428 1213 3486 deorum
1242 3442 1295 3489 et
1320 3436 1713 3508 princigiorum
1749 3443 1833 3498 in-

261 3506 548 3575 ducamus,
582 3514 711 3582 quia
744 3518 956 3573 scilicet
1000 3519 1170 3578 Filius
1216 3541 1324 3580 non
1357 3506 1572 3600 proprie
1621 3542 1673 3589 et
1708 3551 1833 3593 vere

262 3600 401 3657 Deus
430 3617 538 3668 est,
569 3607 715 3675 quod
737 3608 826 3664 hic
847 3610 938 3666 ille
962 3612 1222 3681 insinuat,
1246 3627 1298 3673 et
1323 3622 1451 3677 alibi
1474 3624 1617 3680 clare
1639 3634 1691 3681 et
1713 3629 1833 3685 sine

258 3696 483 3765 ambage
511 3696 669 3753 dixit.
700 3700 828 3755 Ideo
845 3711 1044 3773 autem,
1067 3717 1123 3760 ut
1141 3708 1255 3779 ipse
1272 3712 1323 3765 in
1343 3714 1507 3769 allato
1528 3717 1668 3782 loco,
1696 3720 1750 3773 in
1768 3722 1831 3775 li-

259 3785 371 3839 bris
386 3786 589 3842 Contra
605 3790 997 3855 Harcellum,et
1013 3798 1064 3851 in
1081 3798 1383 3858 Comment.
1400 3807 1454 3859 in
1476 3809 1611 3876 psal.
1630 3826 1826 3879 Lxxxv,

260 3874 608 3946 10,explicat,
629 3878 771 3936 Deus
788 3883 877 3939 ille
899 3890 1269 3954 prasomnibus
1286 3892 1374 3960 iis,
1388 3874 1587 3963 qui—Dei
1609 3874 1830 3957 nomine

254 3965 465 4036 dignati
502 3978 650 4035 sunt,
693 3976 1015 4043 appellatur,
1063 3981 1191 4050 quia
1224 3984 1281 4039 in
1325 3984 1445 4054 ipso
1488 3990 1606 4043 solo
1648 3990 1827 4047 Patris

254 4057 559 4115 similitudo
605 4074 892 4133 servatur;
925 4068 1063 4124 etin
1103 4083 1225 4127 ortu
1269 4090 1369 4129 suo
1411 4092 1440 4130 a
1478 4077 1641 4135 Patre
1682 4081 1825 4140 Deus

252 4150 428 4207 factus
460 4162 516 4208 et
542 4155 837 4225 deputatus
862 4168 965 4227 est,
1003 4160 1338 4236 θεοποιηθεὶς
1366 4178 1424 4222 ut
1457 4185 1643 4241 supra,
1682 4176 1825 4231 unde

249 4245 411 4297 etiam
433 4254 522 4301 est
548 4248 693 4317 quod
716 4250 969 4317 αὐτόθεος
991 4265 1215 4312 vocetur
1247 4261 1301 4313 in
1343 4260 1488 4315 Hist.
1542 4264 1667 4319 eccl.
1696 4266 1731 4319 l.
1766 4282 1820 4329 x,

252 4350 303 4403 p.
342 4337 449 4391 375
485 4337 588 4409 (α),
620 4346 1030 4413 comparatione
1057 4349 1264 4405 scilicet
1286 4351 1588 4421 hominum,
1622 4356 1715 4425 qui
1743 4355 1819 4410 dii

1950 1845 2257 1916 disparatas
2290 1848 2382 1905 Dei
2416 1852 2654 1909 rationes
2692 1858 2985 1921 somniare,
3021 1869 3074 1914 et
3119 1862 3515 1933 ineptissimam

1948 1938 2400 2011 amphibologiam
2424 1945 2677 2015 scriptori
2702 1962 2859 2003 sacro
2888 1949 3157 2022 aliingere,
3184 1956 3328 2011 unde
3346 1959 3514 2026 prisci

1946 2026 2203 2086 Ecclesia:
2213 2031 2418 2100 Patres,
2432 2043 2539 2089 tam
2560 2037 2596 2090 ii
2612 2040 2703 2108 qui
2721 2040 2787 2094 ad
2802 2057 2972 2111 usque
2985 2054 3237 2113 quartum
3252 2051 3512 2105 saeculum

1945 2120 2197 2187 ﬂoruere,
2234 2140 2395 2195 quam
2426 2128 2463 2182 ii
2490 2130 2582 2198 qui
2612 2145 2678 2185 ex
2709 2139 2823 2186 toto
2853 2135 2985 2190 orbe
3022 2142 3195 2193 coacti
3236 2139 3510 2198 Nicaenam

1946 2216 2212 2285 synodum
2233 2217 2597 2287 celebrarunt,
2619 2223 2720 2276 etsi
2770 2223 3143 2295 hypostasium
3169 2238 3223 2285 et
3250 2246 3511 2300 persona-

1945 2318 2065 2357 rum
2098 2305 2324 2362 vocibus
2364 2324 2471 2363 non
2506 2317 2807 2380 uterentur,
2850 2314 3039 2370 eadem
3089 2321 3355 2375 sententia
3395 2331 3508 2381 tres

1946 2410 2113 2448 unum
2143 2398 2478 2455 constituere
2513 2400 2705 2469 Deum,
2738 2412 3055 2463 constanter
3086 2409 3370 2467 docebant.
3406 2413 3507 2471 llic

1944 2492 2190 2557 apposite
2227 2503 2390 2545 aurea
2425 2492 2516 2546 illa
2542 2485 2787 2566 Dionysii
2819 2498 3196 2567 Alexandrini,
3219 2520 3379 2575 quem
3411 2523 3508 2577 pa-

1943 2581 2201 2635 trocinari
2255 2583 2361 2638 sibi
2410 2583 2548 2640 falso
2590 2587 2913 2656 jactitabant
2964 2590 3173 2660 Ariani,
3233 2601 3505 2654 sententia

1942 2670 2119 2725 locum
2164 2672 2361 2729 habeat
2394 2694 2406 2729 :
2443 2675 2601 2731 Οὕτω
2647 2679 2744 2750 μὲν
2777 2683 2936 2753 ἡμεῖς
2973 2686 3052 2747 εἵς
3084 2703 3142 2738 τε
3171 2688 3270 2759 τὴν
3302 2690 3507 2761 Τριάδα

1941 2762 2039 2833 τὴν
2068 2764 2269 2832 μονάδα
2311 2765 2647 2840 πλατύνομεν
2690 2772 3013 2843 ἀδιαίρετον,
3046 2776 3139 2829 καὶ
3176 2778 3271 2850 τὴν
3304 2781 3506 2851 Τριάδα

1942 2854 2102 2909 πάλιν
2145 2857 2411 2927 ἀμείωτον
2456 2862 2533 2923 εἰς
2574 2861 2671 2932 τὴν
2708 2865 2907 2934 μονάδα
2937 2870 3501 2942 συγκεφαλαιούμεθα,

1941 2947 2045 3002 hoc
2071 2955 2195 3002 est:
2228 2948 2318 3003 Sic
2349 2950 2555 3021 quidem
2589 2969 2682 3007 nos
2736 2954 3105 3012 indivisibilem
3150 2961 3406 3015 unitatem
3446 2966 3502 3017 in

1944 3039 2261 3097 Trinitatem
2301 3043 2616 3111 dilatamus,
2662 3054 2713 3099 et
2765 3047 3078 3104 Trinitatem
3125 3053 3335 3118 iterum,
3385 3072 3504 3126 qua!

1936 3133 2180 3188 imminui
2214 3137 2408 3206 nequit,
2450 3139 2503 3190 in
2531 3138 2786 3192 unitatem
2817 3142 3189 3198 contra/timus.
3216 3143 3317 3200 Ubi
3346 3148 3500 3205 vides

1937 3227 2200 3282 unitatem
2235 3227 2351 3293 Dei,
2384 3238 2574 3284 contra
2599 3246 2759 3301 quam
2792 3231 3060 3292 Eusebius
3097 3241 3279 3303 sentit,
3312 3242 3367 3296 in
3398 3244 3499 3297 tri~

1934 3318 2037 3375 bus
2067 3322 2317 3389 personis
2347 3323 2629 3378 constitui.
2661 3322 2943 3395 Siquidem
2970 3328 3211 3388 Trinitas
3247 3335 3334 3388 illa
3360 3337 3497 3393 nihil

1933 3411 2127 3465 unitati
2153 3412 2335 3477 officit,
2365 3415 2493 3483 quia
2522 3416 2576 3469 in
2606 3417 2783 3473 tribus
2806 3434 2913 3474 una
2939 3432 3153 3484 natura.
3190 3427 3496 3485 substantia

1932 3508 1985 3555 et
2019 3500 2194 3558 deitas
2238 3505 2476 3559 exsistit.
2522 3504 2597 3559 De
2628 3509 2898 3562 sententia
2938 3527 3066 3565 vero
3082 3513 3313 3571 ,Eusebii
3347 3518 3494 3573 circa

1934 3590 2194 3662 Spiritum
2225 3607 2489 3663 sanctum,
2518 3614 2626 3652 non
2655 3608 2737 3654 est
2757 3600 2899 3669 quod
2929 3601 3229 3660 disseratur
3257 3612 3494 3665 :etenim

1931 3686 2013 3739 vel
2044 3686 2079 3739 ii
2110 3687 2199 3756 qui
2244 3688 2362 3756 ejus
2408 3688 2473 3742 de
2520 3688 2655 3745 Filio
2695 3692 2999 3747 doctrinam
3033 3698 3169 3751 tueri
3201 3710 3492 3769 conantur,

1930 3791 2039 3831 non
2066 3777 2277 3833 inficias
2300 3788 2430 3833 eunt
2459 3781 2636 3851 ipsum
2668 3783 2734 3838 de
2759 3783 2960 3853 Spiritu
2995 3796 3182 3843 sancto
3210 3805 3316 3845 non
3348 3802 3494 3849 recte

1930 3870 2191 3926 locutum.
2221 3870 2355 3925 Nam
2388 3873 2529 3927 libro
2562 3886 2746 3927 contra
2783 3875 3097 3931 Marcellum
3123 3880 3192 3951 (c)
3237 3883 3329 3946 ait,
3369 3884 3493 3954 Spi-

1928 3964 2092 4017 ritum
2123 3972 2369 4020 sanctum
2402 3981 2576 4034 neque
2600 3967 2764 4022 Deum
2796 3986 2972 4039 neque
3007 3970 3200 4027 Filium
3231 3992 3382 4041 esse;
3415 3979 3491 4033 ita

1928 4063 1986 4107 ut
2016 4054 2165 4107 illum
2194 4054 2450 4109 decernat
2475 4056 2611 4111 Filio
2644 4058 2977 4125 inferiorem,
3001 4062 3198 4132 quippe
3227 4080 3388 4135 quem
3420 4082 3491 4123 ne

1926 4162 1988 4201 ex
2026 4146 2337 4217 dignatione
2382 4149 2600 4218 quidem
2640 4149 2809 4206 Deum
2850 4156 3153 4224 nuncupari
3194 4158 3323 4212 velit
3351 4178 3364 4213 :
3392 4161 3487 4214 sed

1926 4248 2047 4308 post
2082 4237 2274 4293 Filium
2320 4256 2428 4294 non
2464 4257 2691 4296 numero
2730 4250 2961 4311 tantum,
2997 4246 3090 4300 sed
3124 4247 3283 4301 etiam
3316 4250 3489 4319 gradu

1925 4336 1979 4384 et
2011 4330 2271 4399 dignitate
2310 4331 2630 4387 constituat.
2674 4332 2731 4385 In
2774 4333 2858 4388 his
2904 4352 3033 4390 vero
3077 4342 3488 4397 commentariis

250 4436 549 4496 vocantur;
602 4447 703 4486 nec
740 4442 924 4491 tamen
973 4439 1049 4493 dii
1070 4440 1175 4495 dici
1203 4457 1449 4512 possunt,
1479 4446 1525 4502 si
1554 4419 1677 4503 cum
1718 4449 1813 4505 illo
1850 4456 1895 4512 D
1925 4433 2149 4488 perraro
2179 4419 2246 4473 de
2280 4419 2481 4512 Sp'rim
2507 4430 2696 4475 saneto
2721 4423 2885 4477 verba
2910 4424 3056 4491 fam"
3092 4444 3219 4497 qum
3242 4430 3482 4486 nondum

249 4518 629 4587 conferantur,
652 4533 713 4579 ut
742 4526 903 4583 habet
933 4529 988 4585 in
1012 4530 1099 4586 his
1135 4538 1560 4595 commentariis.
1592 4542 1744 4607 Quod
1769 4545 1817 4597 si

250 4611 383 4663 illud
412 4612 702 4682 adjiciatur
729 4618 830 4689 (sic
870 4620 1003 4690 ille),
1041 4641 1059 4673 ι
1100 4624 1177 4677 Tu
1203 4643 1257 4680 es
1286 4626 1428 4682 Deus
1453 4632 1596 4686 solus
1638 4632 1813 4703 (Psal.

250 4717 445 4769 Luxv,
464 4707 553 4777 i0)
570 4727 617 4773 ς»
634 4710 690 4762 id
706 4712 934 4781 applices
958 4715 1248 4782 Saluatori,
1271 4720 1366 4774 hoc
1386 4722 1509 4776 item
1530 4741 1811 4794 apponens,

255 4812 275 4844 α
301 4794 424 4849 Non
454 4808 529 4851 est
556 4801 747 4855 similis
770 4805 847 4856 tui
872 4805 927 4858 in
949 4806 1076 4870 diis,
1106 4807 1324 4864 Domine
1344 4810 1508 4879 (Ibid.
1528 4813 1605 4884 8);
1633 4833 1651 4865 ι
1678 4817 1816 4869 sicut

246 4889 385 4940 enim
410 4891 457 4942 si
483 4905 531 4943 te
551 4908 668 4945 cum
696 4898 996 4952 memoratis
1018 4900 1121 4953 diis
1148 4916 1525 4969 comparemus,
1560 4921 1580 4956 ι
1616 4923 1719 4960 non
1738 4917 1816 4961 est

247 4979 437 5035 similis
468 4984 567 5047 tui,
596 5002 617 5037 s
651 4986 728 5039 sic
757 4988 805 5040 si
826 4998 875 5041 te
901 4992 1231 5060 conferamus
1255 5011 1372 5048 cum
1401 4996 1607 5062 iisdem,
1644 5009 1731 5053 «tu
1758 5018 1813 5055 es

245 5071 389 5126 Deus
426 5076 593 5130 solus.
626 5097 646 5130 ι
697 5079 965 5149 Siquidem
1007 5085 1150 5140 solus
1184 5086 1431 5142 Salvator
1464 5100 1514 5143 et
1554 5089 1812 5146 Dominus

246 5173 423 5216 noster
457 5183 477 5215 ι
516 5167 568 5219 in
607 5170 861 5239 principio
904 5184 1048 5238 erat,
1090 5175 1187 5230 Dei
1240 5178 1460 5232 Verbum
1488 5190 1625 5247 erat,
1671 5184 1811 5252 apud

244 5254 414 5308 Deum
433 5268 569 5323 erat,
584 5271 632 5313 et
653 5260 795 5317 Deus
810 5274 924 5317 erat
946 5264 1128 5335 (Joan.
1147 5283 1184 5332 I,
1206 5268 1256 5339 1)
1279 5285 1329 5321 :s
1351 5272 1684 5339 quamobrem
1707 5290 1811 5326 non

244 5354 320 5396 est
338 5346 534 5400 similis
556 5348 655 5415 ipsi
676 5350 730 5403 in
757 5351 882 5416 diis,
907 5370 969 5407 ac
997 5355 1144 5410 solus
1164 5358 1271 5424 ipse
1297 5361 1451 5428 quasi
1471 5361 1527 5415 in
1542 5362 1644 5415 diis
1667 5362 1808 5418 Deus

246 5434 437 5502 fuerit;
476 5454 595 5492 cum
625 5442 799 5497 nullus
826 5459 891 5498 ea:
913 5446 1095 5500 multis
1140 5448 1273 5512 illis,
1306 5453 1393 5519 qui
1425 5450 1502 5505 dii
1536 5464 1805 5523 vocantur,

244 5532 636 5596 comparatione
661 5534 802 5591 illius
838 5537 973 5593 Deus
1000 5540 1105 5593 dici
1132 5542 1317 5611 possit.
1355 5540 1499 5619 Hinc
1539 5544 1806 5618 intelligas

314 5643 389 5722 (ᾳ)
413 5642 649 5722 ἰξυίιιςρε
672 5648 994 5722 Patrologia:
1014 5662 1217 5709 nostrae
1248 5662 1378 5710 tom.
1431 5654 1551 5711 ΧΧ.

310 5712 385 5783 (b)
425 5712 577 5769 Dem.
610 5735 685 5772 ev.
718 5737 770 5789 p.
806 5712 926 5777 156.

525 5814 793 5879 Panos.
827 5820 944 5882 Gn.
976 5820 1213 5882 XXIII.

1920 4521 2066 4565 mota
2096 4512 2272 4566 fuerat
2294 4512 2360 4566 de
2392 4511 2590 4581 Spiritu
2623 4521 2813 4568 sancto
2839 4519 3088 4585 quaastio.
3114 4519 3250 4575 Nam
3280 4524 3379 4579 etsi
3413 4526 3482 4580 ab

1919 4614 2107 4657 exortu
2146 4603 2458 4670 Arianismi,
2492 4620 2751 4674 sequaces
2792 4606 2905 4661 Arii
2937 4610 3004 4664 de
3039 4609 3245 4679 Spiritu
3287 4623 3479 4668 sancto

1917 4695 2081 4765 impie
2113 4697 2399 4759 sentirent,
2447 4696 2686 4751 nondum
2728 4698 3004 4770 quidpiam
3036 4702 3321 4758 adversum
3353 4720 3481 4774 pro-

1916 4790 2173 4845 tulerant.
2204 4789 2309 4843 Sed
2334 4796 2456 4858 post
2476 4796 2704 4842 mortem
2730 4790 2842 4843 Arii
2862 4800 2916 4846 et
2939 4792 3178 4861 Eusebii,
3206 4796 3296 4849 ubi
3316 4795 3478 4850 Aria-

1916 4896 2110 4936 norum
2145 4889 2271 4937 sunt
2298 4882 2438 4935 facta
2466 4883 2716 4949 divortia,
2744 4882 3113 4938 Macedoniaui
3136 4894 3188 4940 et
3206 4887 3471 4941 Pneuma~

1917 4974 2151 5029 tomacbi
2184 4974 2449 5044 Spiritum
2496 4986 2767 5043 sanctum,
2807 4978 3032 5047 perinde
3066 4988 3226 5046 atque
3253 4977 3470 5045 Filium,

1914 5068 2056 5122 inter
2088 5067 2303 5138 opiticia
2333 5077 2387 5123 et
2424 5085 2511 5125 res
2548 5080 2759 5127 creatas
2802 5073 2981 5142 palam
3022 5080 3337 5140 computare
3361 5086 3476 5127 coe-

1914 5170 2128 5229 perunt.

2248 5274 2330 5323 XI.
2357 5274 2475 5326 Cum
2492 5275 2685 5325 Arianis
2707 5276 2852 5338 plane
2873 5278 3135 5325 consentit.

1985 5355 2045 5410 In
2079 5357 2145 5412 iis
2172 5373 2335 5427 porro
2378 5373 2499 5427 quae
2532 5373 2695 5428 supra
2739 5358 3038 5424 attulimus,
3086 5374 3207 5412 cum
3251 5357 3380 5413 Ario
3418 5368 3472 5413 ct

1910 5448 2125 5503 Arianis
2158 5451 2313 5518 plane
2340 5451 2612 5504 consentit
2658 5449 2921 5503 Eusebius
2971 5449 3047 5521 (d)
3083 5470 3096 5505 :
3124 5466 3245 5505 nam
3279 5460 3332 5507 et
3366 5452 3469 5519 ipsi

1909 5542 2136 5611 perinde
2156 5548 2315 5611 atque
2343 5541 2695 5597 Caesariensis
2719 5541 2809 5596 ille
2836 5543 3052 5612 praesul,
3084 5560 3250 5599 unum
3290 5552 3344 5598 et
3376 5558 3467 5597 so-

1982 5656 2048 5724 (ς)
2090 5654 2150 5709 P.
2186 5657 2287 5709 tu
2314 5664 2366 5710 et
2394 5655 2514 5709 175.

1978 5728 2053 5798 (ά)
2086 5727 2285 5781 Athan.
2318 5742 2370 5795 p.
2402 5726 2523 5791 7‘28,
2553 5725 2675 5779 79.9.
