  <div class='ocr_page' id='page_1' title='image "/cluster/home/n/w/nwhite01/storage/ocr_20150623/23/nnc1.0046978313/035.png"; bbox 0 0 4020 6372; ppageno 0'>
   <div class='ocr_carea' id='block_1_1' title="bbox 442 340 3669 409">
    <p class='ocr_par' dir='ltr' id='par_1_1' title="bbox 442 340 3669 409">
     <span class='ocr_line' id='line_1_1' title="bbox 442 340 3669 409; baseline -0.005 0"><span class='ocrx_word' id='word_1_1' title='bbox 442 356 510 409; x_wconf 68' lang='grc'><strong>45</strong></span> <span class='ocrx_word' id='word_1_2' title='bbox 1115 346 1382 403; x_wconf 82' lang='lat' dir='ltr'><strong>EUSEBII</strong></span> <span class='ocrx_word' id='word_1_3' title='bbox 1415 344 1895 402; x_wconf 67' lang='lat' dir='ltr'><strong>CIESARIENSIS</strong></span> <span class='ocrx_word' id='word_1_4' title='bbox 1934 344 2085 402; x_wconf 82' lang='lat' dir='ltr'><strong>OPP.</strong></span> <span class='ocrx_word' id='word_1_5' title='bbox 2124 343 2304 399; x_wconf 76' lang='lat' dir='ltr'><strong>PARS</strong></span> <span class='ocrx_word' id='word_1_6' title='bbox 2343 342 2429 398; x_wconf 82' lang='lat' dir='ltr'><strong>HI.</strong></span> <span class='ocrx_word' id='word_1_7' title='bbox 2472 373 2540 383; x_wconf 94' lang='lat'>—</span> <span class='ocrx_word' id='word_1_8' title='bbox 2578 340 2985 397; x_wconf 77' lang='lat' dir='ltr'><strong>EXEGETICA.</strong></span> <span class='ocrx_word' id='word_1_9' title='bbox 3599 340 3669 393; x_wconf 69' lang='lat' dir='ltr'><strong>M</strong></span> 
     </span>
    </p>
   </div>
   <div class='ocr_carea' id='block_1_2' title="bbox 442 454 3665 537">
    <p class='ocr_par' dir='ltr' id='par_1_2' title="bbox 442 454 3665 537">
     <span class='ocr_line' id='line_1_2' title="bbox 442 454 3665 537; baseline -0.007 -11"><span class='ocrx_word' id='word_1_10' title='bbox 442 474 552 526; x_wconf 88' lang='lat' dir='ltr'><strong>lum</strong></span> <span class='ocrx_word' id='word_1_11' title='bbox 589 485 712 528; x_wconf 70' lang='lat' dir='ltr'><strong>vc.)</strong></span> <span class='ocrx_word' id='word_1_12' title='bbox 746 469 937 533; x_wconf 90' lang='lat' dir='ltr'><strong>Deum,</strong></span> <span class='ocrx_word' id='word_1_13' title='bbox 972 467 1183 521; x_wconf 88' lang='lat' dir='ltr'><strong>Patrem</strong></span> <span class='ocrx_word' id='word_1_14' title='bbox 1221 466 1451 529; x_wconf 87' lang='lat' dir='ltr'><strong>scilicet,</strong></span> <span class='ocrx_word' id='word_1_15' title='bbox 1486 466 1877 532; x_wconf 72' lang='lat' dir='ltr'><strong>admittebant;</strong></span> <span class='ocrx_word' id='word_1_16' title='bbox 1908 463 2003 517; x_wconf 86' lang='lat' dir='ltr'><strong>Fi—</strong></span> <span class='ocrx_word' id='word_1_17' title='bbox 2032 463 2231 537; x_wconf 78' lang='grc' dir='ltr'><strong>Α’ΧΙῙῙ.</strong></span> <span class='ocrx_word' id='word_1_18' title='bbox 2282 464 2386 522; x_wconf 90' lang='lat' dir='ltr'><strong>Quo</strong></span> <span class='ocrx_word' id='word_1_19' title='bbox 2428 476 2577 512; x_wconf 86' lang='lat' dir='ltr'><strong>sensu</strong></span> <span class='ocrx_word' id='word_1_20' title='bbox 2623 475 2874 537; x_wconf 37' lang='lat' dir='ltr'><strong>asotia&quot;?</strong></span> <span class='ocrx_word' id='word_1_21' title='bbox 2899 466 3070 537; x_wconf 77' lang='lat' dir='ltr'><strong>neget,</strong></span> <span class='ocrx_word' id='word_1_22' title='bbox 3110 466 3163 510; x_wconf 87' lang='lat' dir='ltr'><strong>et</strong></span> <span class='ocrx_word' id='word_1_23' title='bbox 3216 458 3437 524; x_wconf 84' lang='lat' dir='ltr'><strong>genitum</strong></span> <span class='ocrx_word' id='word_1_24' title='bbox 3484 454 3665 508; x_wconf 84' lang='lat' dir='ltr'><strong>Filium</strong></span> 
     </span>
    </p>
   </div>
   <div class='ocr_carea' id='block_1_3' title="bbox 441 558 2005 630">
    <p class='ocr_par' dir='ltr' id='par_1_3' title="bbox 441 558 2005 630">
     <span class='ocr_line' id='line_1_3' title="bbox 441 558 2005 630; baseline -0.006 -12"><span class='ocrx_word' id='word_1_25' title='bbox 441 565 574 618; x_wconf 90' lang='lat' dir='ltr'><strong>lium</strong></span> <span class='ocrx_word' id='word_1_26' title='bbox 596 578 724 617; x_wconf 89' lang='lat' dir='ltr'><strong>vero</strong></span> <span class='ocrx_word' id='word_1_27' title='bbox 759 563 896 615; x_wconf 90' lang='lat' dir='ltr'><strong>alius</strong></span> <span class='ocrx_word' id='word_1_28' title='bbox 928 577 955 612; x_wconf 91' lang='lat' dir='ltr'><strong>a</strong></span> <span class='ocrx_word' id='word_1_29' title='bbox 992 568 1215 630; x_wconf 86' lang='lat' dir='ltr'><strong>paterna</strong></span> <span class='ocrx_word' id='word_1_30' title='bbox 1246 558 1545 613; x_wconf 84' lang='lat' dir='ltr'><strong>substantia</strong></span> <span class='ocrx_word' id='word_1_31' title='bbox 1567 596 1581 619; x_wconf 94' lang='lat'><strong>,</strong></span> <span class='ocrx_word' id='word_1_32' title='bbox 1616 572 1790 624; x_wconf 86' lang='lat' dir='ltr'><strong>neque</strong></span> <span class='ocrx_word' id='word_1_33' title='bbox 1820 571 2005 609; x_wconf 86' lang='lat' dir='ltr'><strong>verum</strong></span> 
     </span>
    </p>
   </div>
   <div class='ocr_carea' id='block_1_4' title="bbox 440 645 2007 720">
    <p class='ocr_par' dir='ltr' id='par_1_4' title="bbox 440 645 2007 720">
     <span class='ocr_line' id='line_1_4' title="bbox 440 645 2007 720; baseline -0.004 -12"><span class='ocrx_word' id='word_1_34' title='bbox 440 671 563 709; x_wconf 91' lang='lat' dir='ltr'><strong>esse</strong></span> <span class='ocrx_word' id='word_1_35' title='bbox 595 653 759 706; x_wconf 81' lang='lat' dir='ltr'><strong>Deum</strong></span> <span class='ocrx_word' id='word_1_36' title='bbox 799 651 1200 720; x_wconf 68' lang='lat' dir='ltr'><strong>praedicabant:</strong></span> <span class='ocrx_word' id='word_1_37' title='bbox 1234 650 1358 712; x_wconf 88' lang='lat' dir='ltr'><strong>etsi,</strong></span> <span class='ocrx_word' id='word_1_38' title='bbox 1397 648 1620 716; x_wconf 85' lang='lat' dir='ltr'><strong>perinde</strong></span> <span class='ocrx_word' id='word_1_39' title='bbox 1654 655 1815 715; x_wconf 88' lang='lat' dir='ltr'><strong>atque</strong></span> <span class='ocrx_word' id='word_1_40' title='bbox 1841 645 2007 701; x_wconf 87' lang='lat' dir='ltr'><strong>Euse-</strong></span> 
     </span>
    </p>
   </div>
   <div class='ocr_carea' id='block_1_5' title="bbox 446 736 2008 810">
    <p class='ocr_par' dir='ltr' id='par_1_5' title="bbox 446 736 2008 810">
     <span class='ocr_line' id='line_1_5' title="bbox 446 736 2008 810; baseline -0.005 -11"><span class='ocrx_word' id='word_1_41' title='bbox 446 746 590 807; x_wconf 85' lang='lat' dir='ltr'><strong>bius,</strong></span> <span class='ocrx_word' id='word_1_42' title='bbox 643 744 707 797; x_wconf 89' lang='lat' dir='ltr'><strong>de</strong></span> <span class='ocrx_word' id='word_1_43' title='bbox 754 741 890 794; x_wconf 87' lang='lat' dir='ltr'><strong>Filio</strong></span> <span class='ocrx_word' id='word_1_44' title='bbox 937 743 1218 810; x_wconf 85' lang='lat' dir='ltr'><strong>loquentes</strong></span> <span class='ocrx_word' id='word_1_45' title='bbox 1267 755 1297 792; x_wconf 91' lang='lat' dir='ltr'><strong>a</strong></span> <span class='ocrx_word' id='word_1_46' title='bbox 1344 736 1437 791; x_wconf 86' lang='lat' dir='ltr'><strong>Dei</strong></span> <span class='ocrx_word' id='word_1_47' title='bbox 1493 738 1850 807; x_wconf 82' lang='lat' dir='ltr'><strong>appellatione</strong></span> <span class='ocrx_word' id='word_1_48' title='bbox 1899 753 2008 791; x_wconf 89' lang='lat' dir='ltr'><strong>non</strong></span> 
     </span>
    </p>
   </div>
   <div class='ocr_carea' id='block_1_6' title="bbox 446 829 2007 900">
    <p class='ocr_par' dir='ltr' id='par_1_6' title="bbox 446 829 2007 900">
     <span class='ocr_line' id='line_1_6' title="bbox 446 829 2007 900; baseline -0.003 -14"><span class='ocrx_word' id='word_1_49' title='bbox 446 836 832 897; x_wconf 80' lang='lat' dir='ltr'><strong>abhorrerent;</strong></span> <span class='ocrx_word' id='word_1_50' title='bbox 866 832 1062 885; x_wconf 87' lang='lat' dir='ltr'><strong>Filium</strong></span> <span class='ocrx_word' id='word_1_51' title='bbox 1100 833 1255 900; x_wconf 88' lang='lat' dir='ltr'><strong>longe</strong></span> <span class='ocrx_word' id='word_1_52' title='bbox 1288 831 1549 899; x_wconf 90' lang='lat' dir='ltr'><strong>imparem</strong></span> <span class='ocrx_word' id='word_1_53' title='bbox 1580 836 1635 883; x_wconf 88' lang='lat' dir='ltr'><strong>et</strong></span> <span class='ocrx_word' id='word_1_54' title='bbox 1688 829 2007 897; x_wconf 71' lang='lat' dir='ltr'><strong>inzequalem</strong></span> 
     </span>
    </p>
   </div>
   <div class='ocr_carea' id='block_1_7' title="bbox 443 919 2009 994">
    <p class='ocr_par' dir='ltr' id='par_1_7' title="bbox 443 919 2009 994">
     <span class='ocr_line' id='line_1_7' title="bbox 443 919 2009 994; baseline -0.004 -14"><span class='ocrx_word' id='word_1_55' title='bbox 443 925 611 989; x_wconf 82' lang='lat' dir='ltr'><strong>Patri,</strong></span> <span class='ocrx_word' id='word_1_56' title='bbox 635 925 860 994; x_wconf 86' lang='lat' dir='ltr'><strong>ipsoque</strong></span> <span class='ocrx_word' id='word_1_57' title='bbox 887 925 1149 977; x_wconf 89' lang='lat' dir='ltr'><strong>minorem</strong></span> <span class='ocrx_word' id='word_1_58' title='bbox 1173 921 1509 974; x_wconf 88' lang='lat' dir='ltr'><strong>atlirmabant</strong></span> <span class='ocrx_word' id='word_1_59' title='bbox 1534 940 1544 972; x_wconf 90' lang='lat'>:</span> <span class='ocrx_word' id='word_1_60' title='bbox 1574 920 1717 989; x_wconf 84' lang='lat' dir='ltr'><strong>quod</strong></span> <span class='ocrx_word' id='word_1_61' title='bbox 1743 919 2009 974; x_wconf 88' lang='lat' dir='ltr'><strong>Eusebius</strong></span> 
     </span>
    </p>
   </div>
   <div class='ocr_carea' id='block_1_8' title="bbox 445 1011 2011 1082">
    <p class='ocr_par' dir='ltr' id='par_1_8' title="bbox 445 1011 2011 1082">
     <span class='ocr_line' id='line_1_8' title="bbox 445 1011 2011 1082; baseline -0.005 -11"><span class='ocrx_word' id='word_1_62' title='bbox 445 1019 500 1071; x_wconf 88' lang='lat' dir='ltr'><strong>in</strong></span> <span class='ocrx_word' id='word_1_63' title='bbox 533 1018 682 1071; x_wconf 90' lang='lat' dir='ltr'><strong>hisce</strong></span> <span class='ocrx_word' id='word_1_64' title='bbox 733 1014 1160 1078; x_wconf 85' lang='lat' dir='ltr'><strong>commentariis,</strong></span> <span class='ocrx_word' id='word_1_65' title='bbox 1219 1013 1273 1065; x_wconf 90' lang='lat' dir='ltr'><strong>in</strong></span> <span class='ocrx_word' id='word_1_66' title='bbox 1316 1011 1631 1082; x_wconf 85' lang='lat' dir='ltr'><strong>Evangelica</strong></span> <span class='ocrx_word' id='word_1_67' title='bbox 1670 1011 2011 1082; x_wconf 73' lang='lat' dir='ltr'><strong>Demonstra-</strong></span> 
     </span>
    </p>
   </div>
   <div class='ocr_carea' id='block_1_9' title="bbox 448 1103 2012 1173">
    <p class='ocr_par' dir='ltr' id='par_1_9' title="bbox 448 1103 2012 1173">
     <span class='ocr_line' id='line_1_9' title="bbox 448 1103 2012 1173; baseline -0.004 -10"><span class='ocrx_word' id='word_1_68' title='bbox 448 1113 583 1164; x_wconf 84' lang='lat' dir='ltr'><strong>tione</strong></span> <span class='ocrx_word' id='word_1_69' title='bbox 614 1116 667 1165; x_wconf 87' lang='lat' dir='ltr'><strong>et</strong></span> <span class='ocrx_word' id='word_1_70' title='bbox 714 1110 767 1163; x_wconf 90' lang='lat' dir='ltr'><strong>in</strong></span> <span class='ocrx_word' id='word_1_71' title='bbox 802 1109 956 1163; x_wconf 85' lang='lat' dir='ltr'><strong>libris</strong></span> <span class='ocrx_word' id='word_1_72' title='bbox 1003 1104 1545 1161; x_wconf 61' lang='lat' dir='ltr'><strong>Contra&#39;Marcellum</strong></span> <span class='ocrx_word' id='word_1_73' title='bbox 1578 1103 2012 1173; x_wconf 83' lang='lat' dir='ltr'><strong>frequentissime</strong></span> 
     </span>
    </p>
   </div>
   <div class='ocr_carea' id='block_1_10' title="bbox 447 1196 2012 1271">
    <p class='ocr_par' dir='ltr' id='par_1_10' title="bbox 447 1196 2012 1271">
     <span class='ocr_line' id='line_1_10' title="bbox 447 1196 2012 1271; baseline -0.004 -13"><span class='ocrx_word' id='word_1_74' title='bbox 447 1204 579 1258; x_wconf 88' lang='lat' dir='ltr'><strong>dicit</strong></span> <span class='ocrx_word' id='word_1_75' title='bbox 628 1218 691 1257; x_wconf 79' lang='lat' dir='ltr'><strong>ac</strong></span> <span class='ocrx_word' id='word_1_76' title='bbox 749 1202 967 1271; x_wconf 86' lang='lat' dir='ltr'><strong>repetit,</strong></span> <span class='ocrx_word' id='word_1_77' title='bbox 1005 1217 1106 1255; x_wconf 90' lang='lat' dir='ltr'><strong>nec</strong></span> <span class='ocrx_word' id='word_1_78' title='bbox 1143 1216 1204 1255; x_wconf 89' lang='lat' dir='ltr'><strong>ea</strong></span> <span class='ocrx_word' id='word_1_79' title='bbox 1237 1201 1292 1252; x_wconf 89' lang='lat' dir='ltr'><strong>in</strong></span> <span class='ocrx_word' id='word_1_80' title='bbox 1328 1215 1384 1253; x_wconf 93' lang='lat' dir='ltr'><strong>re</strong></span> <span class='ocrx_word' id='word_1_81' title='bbox 1416 1214 1655 1268; x_wconf 87' lang='lat' dir='ltr'><strong>unquam</strong></span> <span class='ocrx_word' id='word_1_82' title='bbox 1685 1196 2012 1251; x_wconf 80' lang='lat' dir='ltr'><strong>circuitione</strong></span> 
     </span>
    </p>
   </div>
   <div class='ocr_carea' id='block_1_11' title="bbox 446 1295 1003 1363">
    <p class='ocr_par' dir='ltr' id='par_1_11' title="bbox 446 1295 1003 1363">
     <span class='ocr_line' id='line_1_11' title="bbox 446 1295 1003 1363; baseline -0.004 -16"><span class='ocrx_word' id='word_1_83' title='bbox 446 1298 531 1350; x_wconf 86' lang='lat' dir='ltr'><strong>vel</strong></span> <span class='ocrx_word' id='word_1_84' title='bbox 564 1295 788 1363; x_wconf 75' lang='lat' dir='ltr'><strong>ambage</strong></span> <span class='ocrx_word' id='word_1_85' title='bbox 816 1295 1003 1346; x_wconf 87' lang='lat' dir='ltr'><strong>utitur.</strong></span> 
     </span>
    </p>
   </div>
   <div class='ocr_carea' id='block_1_12' title="bbox 451 1422 2013 1495">
    <p class='ocr_par' dir='ltr' id='par_1_12' title="bbox 451 1422 2013 1495">
     <span class='ocr_line' id='line_1_12' title="bbox 451 1422 2013 1495; baseline -0.005 -16"><span class='ocrx_word' id='word_1_86' title='bbox 451 1428 551 1479; x_wconf 81' lang='lat' dir='ltr'><strong>XII.</strong></span> <span class='ocrx_word' id='word_1_87' title='bbox 600 1431 702 1488; x_wconf 89' lang='lat' dir='ltr'><strong>Qua</strong></span> <span class='ocrx_word' id='word_1_88' title='bbox 744 1428 993 1477; x_wconf 79' lang='lat' dir='ltr'><strong>sententia</strong></span> <span class='ocrx_word' id='word_1_89' title='bbox 1030 1437 1279 1495; x_wconf 52' lang='grc' dir='ltr'>τῷόμοουσὶῳ</span> <span class='ocrx_word' id='word_1_90' title='bbox 1310 1425 1434 1495; x_wconf 62' lang='grc' dir='ltr'>ςεὶνθ</span> <span class='ocrx_word' id='word_1_91' title='bbox 1476 1422 2013 1473; x_wconf 88' lang='lat' dir='ltr'><strong>consubstantialisub-</strong></span> 
     </span>
    </p>
   </div>
   <div class='ocr_carea' id='block_1_13' title="bbox 1096 1494 1365 1547">
    <p class='ocr_par' dir='ltr' id='par_1_13' title="bbox 1096 1494 1365 1547">
     <span class='ocr_line' id='line_1_13' title="bbox 1096 1494 1365 1547; baseline -0.007 -12"><span class='ocrx_word' id='word_1_92' title='bbox 1096 1494 1365 1547; x_wconf 76' lang='lat' dir='ltr'><strong>scripserit.</strong></span> 
     </span>
    </p>
   </div>
   <div class='ocr_carea' id='block_1_14' title="bbox 490 1613 2013 1687">
    <p class='ocr_par' dir='ltr' id='par_1_14' title="bbox 490 1613 2013 1687">
     <span class='ocr_line' id='line_1_14' title="bbox 490 1613 2013 1687; baseline -0.007 -14"><span class='ocrx_word' id='word_1_93' title='bbox 490 1618 769 1687; x_wconf 57' lang='lat' dir='ltr'><strong>&quot;Objicere</strong></span> <span class='ocrx_word' id='word_1_94' title='bbox 792 1617 966 1671; x_wconf 84' lang='lat' dir='ltr'><strong>solent</strong></span> <span class='ocrx_word' id='word_1_95' title='bbox 1001 1616 1095 1686; x_wconf 91' lang='lat' dir='ltr'><strong>qui</strong></span> <span class='ocrx_word' id='word_1_96' title='bbox 1126 1615 1344 1670; x_wconf 84' lang='lat' dir='ltr'><strong>Eusebii</strong></span> <span class='ocrx_word' id='word_1_97' title='bbox 1400 1623 1582 1685; x_wconf 87' lang='lat' dir='ltr'><strong>partes</strong></span> <span class='ocrx_word' id='word_1_98' title='bbox 1604 1613 2013 1681; x_wconf 69' lang='lat' dir='ltr'><strong>&#39;-tutautur,ip-</strong></span> 
     </span>
    </p>
   </div>
   <div class='ocr_carea' id='block_1_15' title="bbox 455 1706 2016 1780">
    <p class='ocr_par' dir='ltr' id='par_1_15' title="bbox 455 1706 2016 1780">
     <span class='ocr_line' id='line_1_15' title="bbox 455 1706 2016 1780; baseline -0.005 -15"><span class='ocrx_word' id='word_1_99' title='bbox 455 1727 571 1765; x_wconf 87' lang='lat' dir='ltr'><strong>sum</strong></span> <span class='ocrx_word' id='word_1_100' title='bbox 609 1712 662 1763; x_wconf 89' lang='lat' dir='ltr'><strong>in</strong></span> <span class='ocrx_word' id='word_1_101' title='bbox 691 1711 897 1780; x_wconf 84' lang='lat' dir='ltr'><strong>synodo</strong></span> <span class='ocrx_word' id='word_1_102' title='bbox 932 1708 1169 1771; x_wconf 73' lang='lat' dir='ltr'><strong>Nicaena,</strong></span> <span class='ocrx_word' id='word_1_103' title='bbox 1200 1707 1276 1777; x_wconf 79' lang='grc' dir='ltr'><strong>τῷ</strong></span> <span class='ocrx_word' id='word_1_104' title='bbox 1306 1707 1595 1777; x_wconf 82' lang='grc' dir='ltr'>ὁμοουσίῳ,</span> <span class='ocrx_word' id='word_1_105' title='bbox 1641 1706 1754 1759; x_wconf 85' lang='lat' dir='ltr'><strong>sive</strong></span> <span class='ocrx_word' id='word_1_106' title='bbox 1779 1706 2016 1757; x_wconf 89' lang='lat' dir='ltr'><strong>consub-</strong></span> 
     </span>
    </p>
   </div>
   <div class='ocr_carea' id='block_1_16' title="bbox 455 1794 2016 1870">
    <p class='ocr_par' dir='ltr' id='par_1_16' title="bbox 455 1794 2016 1870">
     <span class='ocr_line' id='line_1_16' title="bbox 455 1794 2016 1870; baseline -0.006 -12"><span class='ocrx_word' id='word_1_107' title='bbox 455 1802 1137 1870; x_wconf 37' lang='lat' dir='ltr'><strong>stantiali&#39;Subscripsisse.</strong></span> <span class='ocrx_word' id='word_1_108' title='bbox 1168 1798 1233 1852; x_wconf 88' lang='lat' dir='ltr'><strong>Et</strong></span> <span class='ocrx_word' id='word_1_109' title='bbox 1257 1800 1309 1853; x_wconf 90' lang='lat' dir='ltr'><strong>id</strong></span> <span class='ocrx_word' id='word_1_110' title='bbox 1333 1814 1464 1852; x_wconf 88' lang='lat' dir='ltr'><strong>sane</strong></span> <span class='ocrx_word' id='word_1_111' title='bbox 1495 1798 1820 1851; x_wconf 81' lang='lat' dir='ltr'><strong>testiﬁcatur</strong></span> <span class='ocrx_word' id='word_1_112' title='bbox 1850 1794 2016 1849; x_wconf 88' lang='lat' dir='ltr'><strong>Euse-</strong></span> 
     </span>
    </p>
   </div>
   <div class='ocr_carea' id='block_1_17' title="bbox 454 1891 2011 1963">
    <p class='ocr_par' dir='ltr' id='par_1_17' title="bbox 454 1891 2011 1963">
     <span class='ocr_line' id='line_1_17' title="bbox 454 1891 2011 1963; baseline -0.007 -14"><span class='ocrx_word' id='word_1_113' title='bbox 454 1896 577 1949; x_wconf 89' lang='lat' dir='ltr'><strong>bius</strong></span> <span class='ocrx_word' id='word_1_114' title='bbox 617 1897 670 1949; x_wconf 91' lang='lat' dir='ltr'><strong>in</strong></span> <span class='ocrx_word' id='word_1_115' title='bbox 704 1896 935 1963; x_wconf 83' lang='lat' dir='ltr'><strong>epistola</strong></span> <span class='ocrx_word' id='word_1_116' title='bbox 984 1908 1082 1947; x_wconf 90' lang='lat' dir='ltr'><strong>sua</strong></span> <span class='ocrx_word' id='word_1_117' title='bbox 1140 1892 1208 1945; x_wconf 89' lang='lat' dir='ltr'><strong>ad</strong></span> <span class='ocrx_word' id='word_1_118' title='bbox 1262 1891 1657 1953; x_wconf 67' lang='lat' dir='ltr'><strong>Caesarienses;</strong></span> <span class='ocrx_word' id='word_1_119' title='bbox 1709 1904 1833 1941; x_wconf 90' lang='lat' dir='ltr'><strong>nam</strong></span> <span class='ocrx_word' id='word_1_120' title='bbox 1866 1902 2011 1949; x_wconf 85' lang='lat' dir='ltr'><strong>cum,</strong></span> 
     </span>
    </p>
   </div>
   <div class='ocr_carea' id='block_1_18' title="bbox 454 1978 2017 2058">
    <p class='ocr_par' dir='ltr' id='par_1_18' title="bbox 454 1978 2017 2058">
     <span class='ocr_line' id='line_1_18' title="bbox 454 1978 2017 2058; baseline -0.006 -17"><span class='ocrx_word' id='word_1_121' title='bbox 454 1990 1111 2058; x_wconf 72' lang='lat' dir='ltr'><strong>imperatorepraesente,</strong></span> <span class='ocrx_word' id='word_1_122' title='bbox 1143 1985 1371 2038; x_wconf 89' lang='lat' dir='ltr'><strong>instaret</strong></span> <span class='ocrx_word' id='word_1_123' title='bbox 1409 1981 1585 2037; x_wconf 82' lang='lat' dir='ltr'><strong>exsilii</strong></span> <span class='ocrx_word' id='word_1_124' title='bbox 1617 1987 1815 2044; x_wconf 82' lang='lat' dir='ltr'><strong>metus,</strong></span> <span class='ocrx_word' id='word_1_125' title='bbox 1848 1978 2017 2033; x_wconf 86' lang='lat' dir='ltr'><strong>Euse-</strong></span> 
     </span>
    </p>
   </div>
   <div class='ocr_carea' id='block_1_19' title="bbox 456 2070 2019 2148">
    <p class='ocr_par' dir='ltr' id='par_1_19' title="bbox 456 2070 2019 2148">
     <span class='ocr_line' id='line_1_19' title="bbox 456 2070 2019 2148; baseline -0.007 -14"><span class='ocrx_word' id='word_1_126' title='bbox 456 2081 602 2143; x_wconf 88' lang='lat' dir='ltr'><strong>bius,</strong></span> <span class='ocrx_word' id='word_1_127' title='bbox 625 2079 718 2148; x_wconf 85' lang='lat' dir='ltr'><strong>qui</strong></span> <span class='ocrx_word' id='word_1_128' title='bbox 746 2092 941 2132; x_wconf 42' lang='lat' dir='ltr'><strong>non‘ex</strong></span> <span class='ocrx_word' id='word_1_129' title='bbox 963 2091 1150 2131; x_wconf 89' lang='lat' dir='ltr'><strong>eorum</strong></span> <span class='ocrx_word' id='word_1_130' title='bbox 1177 2088 1404 2127; x_wconf 90' lang='lat' dir='ltr'><strong>numero</strong></span> <span class='ocrx_word' id='word_1_131' title='bbox 1434 2074 1556 2137; x_wconf 89' lang='lat' dir='ltr'><strong>fuit,</strong></span> <span class='ocrx_word' id='word_1_132' title='bbox 1588 2070 1681 2141; x_wconf 90' lang='lat' dir='ltr'><strong>qui</strong></span> <span class='ocrx_word' id='word_1_133' title='bbox 1705 2071 1773 2125; x_wconf 90' lang='lat' dir='ltr'><strong>de</strong></span> <span class='ocrx_word' id='word_1_134' title='bbox 1802 2070 2019 2125; x_wconf 81' lang='lat' dir='ltr'><strong>civitate</strong></span> 
     </span>
    </p>
   </div>
   <div class='ocr_carea' id='block_1_20' title="bbox 457 2158 2017 2237">
    <p class='ocr_par' dir='ltr' id='par_1_20' title="bbox 457 2158 2017 2237">
     <span class='ocr_line' id='line_1_20' title="bbox 457 2158 2017 2237; baseline -0.006 -14"><span class='ocrx_word' id='word_1_135' title='bbox 457 2171 767 2224; x_wconf 86' lang='lat' dir='ltr'><strong>maluerunt</strong></span> <span class='ocrx_word' id='word_1_136' title='bbox 806 2182 967 2237; x_wconf 89' lang='lat' dir='ltr'><strong>quam</strong></span> <span class='ocrx_word' id='word_1_137' title='bbox 1000 2168 1066 2220; x_wconf 91' lang='lat' dir='ltr'><strong>de</strong></span> <span class='ocrx_word' id='word_1_138' title='bbox 1099 2158 1368 2221; x_wconf 86' lang='lat' dir='ltr'><strong>sententia</strong></span> <span class='ocrx_word' id='word_1_139' title='bbox 1398 2162 1685 2228; x_wconf 85' lang='lat' dir='ltr'><strong>dimoveri,</strong></span> <span class='ocrx_word' id='word_1_140' title='bbox 1723 2175 1863 2230; x_wconf 80' lang='lat' dir='ltr'><strong>aegre</strong></span> <span class='ocrx_word' id='word_1_141' title='bbox 1893 2167 2017 2213; x_wconf 83' lang='lat' dir='ltr'><strong>tan—</strong></span> 
     </span>
    </p>
   </div>
   <div class='ocr_carea' id='block_1_21' title="bbox 458 2251 2020 2332">
    <p class='ocr_par' dir='ltr' id='par_1_21' title="bbox 458 2251 2020 2332">
     <span class='ocr_line' id='line_1_21' title="bbox 458 2251 2020 2332; baseline -0.008 -16"><span class='ocrx_word' id='word_1_142' title='bbox 458 2264 579 2317; x_wconf 85' lang='lat' dir='ltr'><strong>dem</strong></span> <span class='ocrx_word' id='word_1_143' title='bbox 620 2260 821 2332; x_wconf 79' lang='lat' dir='ltr'><strong>synodi</strong></span> <span class='ocrx_word' id='word_1_144' title='bbox 853 2258 1069 2330; x_wconf 85' lang='lat' dir='ltr'><strong>placitis</strong></span> <span class='ocrx_word' id='word_1_145' title='bbox 1100 2271 1360 2312; x_wconf 87' lang='lat' dir='ltr'><strong>assensus</strong></span> <span class='ocrx_word' id='word_1_146' title='bbox 1401 2262 1513 2317; x_wconf 90' lang='lat' dir='ltr'><strong>est;</strong></span> <span class='ocrx_word' id='word_1_147' title='bbox 1550 2260 1608 2306; x_wconf 93' lang='lat' dir='ltr'><strong>ut</strong></span> <span class='ocrx_word' id='word_1_148' title='bbox 1646 2253 1761 2322; x_wconf 80' lang='lat' dir='ltr'><strong>ipse</strong></span> <span class='ocrx_word' id='word_1_149' title='bbox 1794 2266 1895 2306; x_wconf 88' lang='lat' dir='ltr'><strong>nec</strong></span> <span class='ocrx_word' id='word_1_150' title='bbox 1923 2251 2020 2305; x_wconf 92' lang='lat' dir='ltr'><strong>ob-</strong></span> 
     </span>
    </p>
   </div>
   <div class='ocr_carea' id='block_1_22' title="bbox 460 2344 2020 2417">
    <p class='ocr_par' dir='ltr' id='par_1_22' title="bbox 460 2344 2020 2417">
     <span class='ocr_line' id='line_1_22' title="bbox 460 2344 2020 2417; baseline -0.008 -9"><span class='ocrx_word' id='word_1_151' title='bbox 460 2369 619 2409; x_wconf 88' lang='lat' dir='ltr'><strong>scure</strong></span> <span class='ocrx_word' id='word_1_152' title='bbox 648 2354 824 2406; x_wconf 86' lang='lat' dir='ltr'><strong>innuit</strong></span> <span class='ocrx_word' id='word_1_153' title='bbox 855 2352 908 2404; x_wconf 90' lang='lat' dir='ltr'><strong>in</strong></span> <span class='ocrx_word' id='word_1_154' title='bbox 938 2350 1124 2404; x_wconf 89' lang='lat' dir='ltr'><strong>eadem</strong></span> <span class='ocrx_word' id='word_1_155' title='bbox 1158 2348 1404 2417; x_wconf 87' lang='lat' dir='ltr'><strong>epistola,</strong></span> <span class='ocrx_word' id='word_1_156' title='bbox 1440 2346 1529 2399; x_wconf 69' lang='grc' dir='ltr'><strong>καὶ</strong></span> <span class='ocrx_word' id='word_1_157' title='bbox 1569 2345 1757 2416; x_wconf 82' lang='grc' dir='ltr'><strong>μέχρις</strong></span> <span class='ocrx_word' id='word_1_158' title='bbox 1786 2344 2020 2414; x_wconf 74' lang='grc' dir='ltr'><strong>ἐσχάτης</strong></span> 
     </span>
    </p>
   </div>
   <div class='ocr_carea' id='block_1_23' title="bbox 458 2437 2017 2517">
    <p class='ocr_par' dir='ltr' id='par_1_23' title="bbox 458 2437 2017 2517">
     <span class='ocr_line' id='line_1_23' title="bbox 458 2437 2017 2517; baseline -0.005 -18"><span class='ocrx_word' id='word_1_159' title='bbox 458 2446 607 2517; x_wconf 79' lang='grc' dir='ltr'><strong>ὧρας</strong></span> <span class='ocrx_word' id='word_1_160' title='bbox 640 2442 985 2513; x_wconf 78' lang='grc' dir='ltr'>ὲνιστάμεθα,</span> <span class='ocrx_word' id='word_1_161' title='bbox 1021 2456 1183 2511; x_wconf 81' lang='lat' dir='ltr'><strong>usque</strong></span> <span class='ocrx_word' id='word_1_162' title='bbox 1215 2438 1281 2493; x_wconf 89' lang='lat' dir='ltr'><strong>ad</strong></span> <span class='ocrx_word' id='word_1_163' title='bbox 1319 2450 1605 2491; x_wconf 69' lang='lat' dir='ltr'><strong>extremam</strong></span> <span class='ocrx_word' id='word_1_164' title='bbox 1643 2438 1827 2490; x_wconf 81' lang='lat' dir='ltr'><strong>horam</strong></span> <span class='ocrx_word' id='word_1_165' title='bbox 1855 2437 2017 2492; x_wconf 83' lang='lat' dir='ltr'><strong>obsti-</strong></span> 
     </span>
    </p>
   </div>
   <div class='ocr_carea' id='block_1_24' title="bbox 464 2530 2020 2601">
    <p class='ocr_par' dir='ltr' id='par_1_24' title="bbox 464 2530 2020 2601">
     <span class='ocr_line' id='line_1_24' title="bbox 464 2530 2020 2601; baseline -0.004 -12"><span class='ocrx_word' id='word_1_166' title='bbox 464 2540 639 2591; x_wconf 81' lang='lat' dir='ltr'><strong>timus.</strong></span> <span class='ocrx_word' id='word_1_167' title='bbox 673 2536 852 2601; x_wconf 85' lang='lat' dir='ltr'><strong>Quare</strong></span> <span class='ocrx_word' id='word_1_168' title='bbox 885 2535 939 2588; x_wconf 88' lang='lat' dir='ltr'><strong>id</strong></span> <span class='ocrx_word' id='word_1_169' title='bbox 970 2548 1079 2586; x_wconf 89' lang='lat' dir='ltr'><strong>non</strong></span> <span class='ocrx_word' id='word_1_170' title='bbox 1115 2540 1244 2601; x_wconf 87' lang='lat' dir='ltr'><strong>puto</strong></span> <span class='ocrx_word' id='word_1_171' title='bbox 1270 2548 1392 2586; x_wconf 88' lang='lat' dir='ltr'><strong>esse</strong></span> <span class='ocrx_word' id='word_1_172' title='bbox 1423 2533 1559 2584; x_wconf 87' lang='lat' dir='ltr'><strong>tanti</strong></span> <span class='ocrx_word' id='word_1_173' title='bbox 1594 2531 1659 2584; x_wconf 89' lang='lat' dir='ltr'><strong>ad</strong></span> <span class='ocrx_word' id='word_1_174' title='bbox 1690 2531 1808 2600; x_wconf 90' lang='lat' dir='ltr'><strong>ejus</strong></span> <span class='ocrx_word' id='word_1_175' title='bbox 1835 2530 2020 2585; x_wconf 84' lang='lat' dir='ltr'><strong>defen-</strong></span> 
     </span>
    </p>
   </div>
   <div class='ocr_carea' id='block_1_25' title="bbox 461 2621 2023 2696">
    <p class='ocr_par' dir='ltr' id='par_1_25' title="bbox 461 2621 2023 2696">
     <span class='ocr_line' id='line_1_25' title="bbox 461 2621 2023 2696; baseline -0.005 -13"><span class='ocrx_word' id='word_1_176' title='bbox 461 2629 669 2683; x_wconf 90' lang='lat' dir='ltr'><strong>sionem</strong></span> <span class='ocrx_word' id='word_1_177' title='bbox 703 2646 715 2679; x_wconf 91' lang='lat'><strong>:</strong></span> <span class='ocrx_word' id='word_1_178' title='bbox 745 2627 875 2696; x_wconf 88' lang='lat' dir='ltr'><strong>quid</strong></span> <span class='ocrx_word' id='word_1_179' title='bbox 896 2626 1039 2679; x_wconf 87' lang='lat' dir='ltr'><strong>enim</strong></span> <span class='ocrx_word' id='word_1_180' title='bbox 1064 2631 1390 2679; x_wconf 81' lang='lat' dir='ltr'><strong>exoneratus</strong></span> <span class='ocrx_word' id='word_1_181' title='bbox 1419 2632 1561 2676; x_wconf 89' lang='lat' dir='ltr'><strong>metu</strong></span> <span class='ocrx_word' id='word_1_182' title='bbox 1594 2621 1832 2684; x_wconf 89' lang='lat' dir='ltr'><strong>fecisset,</strong></span> <span class='ocrx_word' id='word_1_183' title='bbox 1864 2636 2023 2690; x_wconf 84' lang='lat' dir='ltr'><strong>expe-</strong></span> 
     </span>
    </p>
   </div>
   <div class='ocr_carea' id='block_1_26' title="bbox 461 2711 2020 2788">
    <p class='ocr_par' dir='ltr' id='par_1_26' title="bbox 461 2711 2020 2788">
     <span class='ocr_line' id='line_1_26' title="bbox 461 2711 2020 2788; baseline -0.008 -13"><span class='ocrx_word' id='word_1_184' title='bbox 461 2720 642 2775; x_wconf 82' lang='lat' dir='ltr'><strong>riundi</strong></span> <span class='ocrx_word' id='word_1_185' title='bbox 672 2726 912 2788; x_wconf 85' lang='lat' dir='ltr'><strong>potestas</strong></span> <span class='ocrx_word' id='word_1_186' title='bbox 943 2733 1051 2770; x_wconf 86' lang='lat' dir='ltr'><strong>non</strong></span> <span class='ocrx_word' id='word_1_187' title='bbox 1081 2714 1205 2769; x_wconf 91' lang='lat' dir='ltr'><strong>fuit.</strong></span> <span class='ocrx_word' id='word_1_188' title='bbox 1240 2714 1345 2769; x_wconf 87' lang='lat' dir='ltr'><strong>Sed</strong></span> <span class='ocrx_word' id='word_1_189' title='bbox 1376 2724 1555 2768; x_wconf 88' lang='lat' dir='ltr'><strong>tamen</strong></span> <span class='ocrx_word' id='word_1_190' title='bbox 1594 2714 1669 2767; x_wconf 89' lang='lat' dir='ltr'><strong>ita</strong></span> <span class='ocrx_word' id='word_1_191' title='bbox 1705 2713 1903 2767; x_wconf 91' lang='lat' dir='ltr'><strong>ibidem</strong></span> <span class='ocrx_word' id='word_1_192' title='bbox 1927 2711 2020 2764; x_wconf 78' lang='grc' dir='ltr'><strong>τοῦ</strong></span> 
     </span>
    </p>
   </div>
   <div class='ocr_carea' id='block_1_27' title="bbox 460 2802 2022 2881">
    <p class='ocr_par' dir='ltr' id='par_1_27' title="bbox 460 2802 2022 2881">
     <span class='ocr_line' id='line_1_27' title="bbox 460 2802 2022 2881; baseline -0.006 -16"><span class='ocrx_word' id='word_1_193' title='bbox 460 2811 742 2881; x_wconf 78' lang='grc' dir='ltr'>ὁμοουσίου</span> <span class='ocrx_word' id='word_1_194' title='bbox 773 2808 1132 2880; x_wconf 76' lang='lat' dir='ltr'><strong>significatum</strong></span> <span class='ocrx_word' id='word_1_195' title='bbox 1163 2808 1374 2873; x_wconf 77' lang='lat' dir='ltr'><strong>extulit,</strong></span> <span class='ocrx_word' id='word_1_196' title='bbox 1400 2815 1461 2860; x_wconf 91' lang='lat' dir='ltr'><strong>ut</strong></span> <span class='ocrx_word' id='word_1_197' title='bbox 1482 2807 1585 2861; x_wconf 90' lang='lat' dir='ltr'><strong>sibi</strong></span> <span class='ocrx_word' id='word_1_198' title='bbox 1613 2802 2022 2875; x_wconf 80' lang='lat' dir='ltr'><strong>pristina&#39;repe-</strong></span> 
     </span>
    </p>
   </div>
   <div class='ocr_carea' id='block_1_28' title="bbox 462 2894 2023 2963">
    <p class='ocr_par' dir='ltr' id='par_1_28' title="bbox 462 2894 2023 2963">
     <span class='ocr_line' id='line_1_28' title="bbox 462 2894 2023 2963; baseline -0.005 -8"><span class='ocrx_word' id='word_1_199' title='bbox 462 2902 811 2963; x_wconf 20' lang='lat' dir='ltr'><strong>tere‘liceret,</strong></span> <span class='ocrx_word' id='word_1_200' title='bbox 836 2899 1009 2954; x_wconf 89' lang='lat' dir='ltr'><strong>sicubi</strong></span> <span class='ocrx_word' id='word_1_201' title='bbox 1055 2897 1286 2952; x_wconf 80' lang='lat' dir='ltr'><strong>facultas</strong></span> <span class='ocrx_word' id='word_1_202' title='bbox 1328 2898 1562 2952; x_wconf 85' lang='lat' dir='ltr'><strong>adesset.</strong></span> <span class='ocrx_word' id='word_1_203' title='bbox 1608 2894 1744 2949; x_wconf 88' lang='lat' dir='ltr'><strong>Nam</strong></span> <span class='ocrx_word' id='word_1_204' title='bbox 1784 2895 1897 2950; x_wconf 63' lang='lat' dir='ltr'><strong>haec</strong></span> <span class='ocrx_word' id='word_1_205' title='bbox 1929 2909 2023 2949; x_wconf 88' lang='lat' dir='ltr'><strong>ea-</strong></span> 
     </span>
    </p>
   </div>
   <div class='ocr_carea' id='block_1_29' title="bbox 464 2985 2025 3063">
    <p class='ocr_par' dir='ltr' id='par_1_29' title="bbox 464 2985 2025 3063">
     <span class='ocr_line' id='line_1_29' title="bbox 464 2985 2025 3063; baseline -0.006 -15"><span class='ocrx_word' id='word_1_206' title='bbox 464 2994 584 3050; x_wconf 91' lang='lat' dir='ltr'><strong>dem</strong></span> <span class='ocrx_word' id='word_1_207' title='bbox 614 2995 669 3047; x_wconf 92' lang='lat' dir='ltr'><strong>in</strong></span> <span class='ocrx_word' id='word_1_208' title='bbox 696 2993 926 3063; x_wconf 90' lang='lat' dir='ltr'><strong>epistola</strong></span> <span class='ocrx_word' id='word_1_209' title='bbox 954 2990 1162 3061; x_wconf 87' lang='lat' dir='ltr'><strong>profert</strong></span> <span class='ocrx_word' id='word_1_210' title='bbox 1196 3011 1208 3045; x_wconf 90' lang='lat'>:</span> <span class='ocrx_word' id='word_1_211' title='bbox 1244 2989 1657 3061; x_wconf 84' lang='grc' dir='ltr'><strong>Παραστατικὸν</strong></span> <span class='ocrx_word' id='word_1_212' title='bbox 1690 2989 1746 3042; x_wconf 79' lang='grc' dir='ltr'><strong>δὲ</strong></span> <span class='ocrx_word' id='word_1_213' title='bbox 1788 2985 1923 3041; x_wconf 74' lang='grc' dir='ltr'>εἶναι</span> <span class='ocrx_word' id='word_1_214' title='bbox 1965 2986 2025 3040; x_wconf 83' lang='grc' dir='ltr'><strong>τὸ</strong></span> 
     </span>
    </p>
   </div>
   <div class='ocr_carea' id='block_1_30' title="bbox 466 3079 2026 3156">
    <p class='ocr_par' dir='ltr' id='par_1_30' title="bbox 466 3079 2026 3156">
     <span class='ocr_line' id='line_1_30' title="bbox 466 3079 2026 3156; baseline -0.005 -16"><span class='ocrx_word' id='word_1_215' title='bbox 466 3087 785 3156; x_wconf 77' lang='grc' dir='ltr'>ὀμοούσιον</span> <span class='ocrx_word' id='word_1_216' title='bbox 804 3085 883 3151; x_wconf 84' lang='grc' dir='ltr'><strong>τῷ</strong></span> <span class='ocrx_word' id='word_1_217' title='bbox 897 3083 1081 3154; x_wconf 46' lang='lat' dir='ltr'><strong>Harp;</strong></span> <span class='ocrx_word' id='word_1_218' title='bbox 1099 3084 1157 3137; x_wconf 81' lang='grc' dir='ltr'><strong>τὸ</strong></span> <span class='ocrx_word' id='word_1_219' title='bbox 1189 3082 1451 3154; x_wconf 81' lang='grc' dir='ltr'>μηδεμίαν</span> <span class='ocrx_word' id='word_1_220' title='bbox 1484 3082 1774 3152; x_wconf 80' lang='grc' dir='ltr'><strong>ἐμφέρειαν</strong></span> <span class='ocrx_word' id='word_1_221' title='bbox 1802 3081 1937 3151; x_wconf 85' lang='grc' dir='ltr'>πρὸς</span> <span class='ocrx_word' id='word_1_222' title='bbox 1959 3079 2026 3132; x_wconf 85' lang='grc' dir='ltr'><strong>τὰ</strong></span> 
     </span>
    </p>
   </div>
   <div class='ocr_carea' id='block_1_31' title="bbox 465 3167 2026 3246">
    <p class='ocr_par' dir='ltr' id='par_1_31' title="bbox 465 3167 2026 3246">
     <span class='ocr_line' id='line_1_31' title="bbox 465 3167 2026 3246; baseline -0.008 -16"><span class='ocrx_word' id='word_1_223' title='bbox 465 3177 665 3246; x_wconf 79' lang='grc' dir='ltr'>γενητᾶ</span> <span class='ocrx_word' id='word_1_224' title='bbox 688 3175 965 3245; x_wconf 53' lang='lat' dir='ltr'><strong>actio-parca</strong></span> <span class='ocrx_word' id='word_1_225' title='bbox 990 3174 1077 3226; x_wconf 80' lang='grc' dir='ltr'>τὸν</span> <span class='ocrx_word' id='word_1_226' title='bbox 1108 3173 1230 3225; x_wconf 84' lang='grc' dir='ltr'>Υἱὸν</span> <span class='ocrx_word' id='word_1_227' title='bbox 1258 3171 1350 3223; x_wconf 83' lang='grc' dir='ltr'>τοῦ</span> <span class='ocrx_word' id='word_1_228' title='bbox 1385 3170 1515 3222; x_wconf 83' lang='grc' dir='ltr'><strong>Θεοῦ</strong></span> <span class='ocrx_word' id='word_1_229' title='bbox 1553 3170 1756 3240; x_wconf 77' lang='grc' dir='ltr'>φέρειν,</span> <span class='ocrx_word' id='word_1_230' title='bbox 1801 3168 1943 3239; x_wconf 83' lang='grc' dir='ltr'><strong>μόνῳ</strong></span> <span class='ocrx_word' id='word_1_231' title='bbox 1970 3167 2026 3219; x_wconf 81' lang='grc' dir='ltr'><strong>δὲ</strong></span> 
     </span>
    </p>
   </div>
   <div class='ocr_carea' id='block_1_32' title="bbox 464 3254 2026 3339">
    <p class='ocr_par' dir='ltr' id='par_1_32' title="bbox 464 3254 2026 3339">
     <span class='ocr_line' id='line_1_32' title="bbox 464 3254 2026 3339; baseline -0.008 -18"><span class='ocrx_word' id='word_1_232' title='bbox 464 3269 543 3339; x_wconf 79' lang='grc' dir='ltr'><strong>τῷ</strong></span> <span class='ocrx_word' id='word_1_233' title='bbox 565 3269 739 3338; x_wconf 72' lang='grc' dir='ltr'><strong>ΙΙατρὶ</strong></span> <span class='ocrx_word' id='word_1_234' title='bbox 764 3266 841 3336; x_wconf 80' lang='grc' dir='ltr'><strong>τῷ</strong></span> <span class='ocrx_word' id='word_1_235' title='bbox 856 3264 1205 3334; x_wconf 80' lang='grc' dir='ltr'><strong>γεγεννηκότι</strong></span> <span class='ocrx_word' id='word_1_236' title='bbox 1232 3260 1639 3331; x_wconf 75' lang='grc' dir='ltr'><strong>ἀφωμοιῶσθαι,</strong></span> <span class='ocrx_word' id='word_1_237' title='bbox 1670 3260 1761 3312; x_wconf 70' lang='grc' dir='ltr'><strong>καὶ</strong></span> <span class='ocrx_word' id='word_1_238' title='bbox 1788 3259 1861 3329; x_wconf 85' lang='grc' dir='ltr'>μὴ</span> <span class='ocrx_word' id='word_1_239' title='bbox 1889 3254 2026 3310; x_wconf 77' lang='grc' dir='ltr'>εἶναι</span> 
     </span>
    </p>
   </div>
   <div class='ocr_carea' id='block_1_33' title="bbox 467 3349 2027 3429">
    <p class='ocr_par' dir='ltr' id='par_1_33' title="bbox 467 3349 2027 3429">
     <span class='ocr_line' id='line_1_33' title="bbox 467 3349 2027 3429; baseline -0.007 -18"><span class='ocrx_word' id='word_1_240' title='bbox 467 3360 526 3424; x_wconf 80' lang='grc' dir='ltr'>ὲξ</span> <span class='ocrx_word' id='word_1_241' title='bbox 566 3359 754 3429; x_wconf 83' lang='grc' dir='ltr'><strong>ἐτέρας</strong></span> <span class='ocrx_word' id='word_1_242' title='bbox 777 3357 919 3420; x_wconf 76' lang='grc' dir='ltr'>τινὸς</span> <span class='ocrx_word' id='word_1_243' title='bbox 966 3353 1311 3416; x_wconf 74' lang='grc' dir='ltr'>ὑποστάσεώς</span> <span class='ocrx_word' id='word_1_244' title='bbox 1339 3370 1395 3405; x_wconf 87' lang='grc' dir='ltr'>τε</span> <span class='ocrx_word' id='word_1_245' title='bbox 1430 3352 1523 3405; x_wconf 69' lang='grc' dir='ltr'><strong>καὶ</strong></span> <span class='ocrx_word' id='word_1_246' title='bbox 1559 3352 1764 3414; x_wconf 81' lang='grc' dir='ltr'><strong>οὐσίας,</strong></span> <span class='ocrx_word' id='word_1_247' title='bbox 1809 3349 1920 3403; x_wconf 86' lang='grc' dir='ltr'><strong>ἀλλ’</strong></span> <span class='ocrx_word' id='word_1_248' title='bbox 1965 3350 2027 3401; x_wconf 82' lang='grc' dir='ltr'>ὲκ</span> 
     </span>
    </p>
   </div>
   <div class='ocr_carea' id='block_1_34' title="bbox 466 3442 2028 3520">
    <p class='ocr_par' dir='ltr' id='par_1_34' title="bbox 466 3442 2028 3520">
     <span class='ocr_line' id='line_1_34' title="bbox 466 3442 2028 3520; baseline -0.008 -16"><span class='ocrx_word' id='word_1_249' title='bbox 466 3446 559 3504; x_wconf 77' lang='grc' dir='ltr'><strong>τοῦ</strong></span> <span class='ocrx_word' id='word_1_250' title='bbox 595 3450 826 3520; x_wconf 84' lang='grc' dir='ltr'><strong>Πατρός,</strong></span> <span class='ocrx_word' id='word_1_251' title='bbox 858 3449 960 3502; x_wconf 88' lang='lat' dir='ltr'><strong>hoc</strong></span> <span class='ocrx_word' id='word_1_252' title='bbox 993 3454 1077 3502; x_wconf 89' lang='lat' dir='ltr'><strong>est</strong></span> <span class='ocrx_word' id='word_1_253' title='bbox 1111 3465 1121 3499; x_wconf 94' lang='lat'><strong>:</strong></span> <span class='ocrx_word' id='word_1_254' title='bbox 1160 3445 1347 3498; x_wconf 86' lang='lat' dir='ltr'><strong>Verum</strong></span> <span class='ocrx_word' id='word_1_255' title='bbox 1386 3444 1525 3497; x_wconf 81' lang='lat' dir='ltr'><strong>hisce</strong></span> <span class='ocrx_word' id='word_1_256' title='bbox 1576 3442 1765 3505; x_wconf 81' lang='lat' dir='ltr'><strong>verbis,</strong></span> <span class='ocrx_word' id='word_1_257' title='bbox 1798 3455 2028 3495; x_wconf 68' lang='lat' dir='ltr'><strong>consus-</strong></span> 
     </span>
    </p>
   </div>
   <div class='ocr_carea' id='block_1_35' title="bbox 468 3535 2029 3606">
    <p class='ocr_par' dir='ltr' id='par_1_35' title="bbox 468 3535 2029 3606">
     <span class='ocr_line' id='line_1_35' title="bbox 468 3535 2029 3606; baseline -0.008 -9"><span class='ocrx_word' id='word_1_258' title='bbox 468 3543 1038 3606; x_wconf 73' lang='lat' dir='ltr'><strong>STANTMLEI&#39;PATRI,</strong></span> <span class='ocrx_word' id='word_1_259' title='bbox 1072 3541 1300 3594; x_wconf 84' lang='lat' dir='ltr'><strong>indicari</strong></span> <span class='ocrx_word' id='word_1_260' title='bbox 1348 3539 1549 3592; x_wconf 78' lang='lat' dir='ltr'><strong>nullam</strong></span> <span class='ocrx_word' id='word_1_261' title='bbox 1580 3537 1722 3589; x_wconf 82' lang='lat' dir='ltr'><strong>Filio</strong></span> <span class='ocrx_word' id='word_1_262' title='bbox 1760 3535 1865 3589; x_wconf 85' lang='lat' dir='ltr'><strong>Dei</strong></span> <span class='ocrx_word' id='word_1_263' title='bbox 1911 3550 2029 3587; x_wconf 84' lang='lat' dir='ltr'><strong>cum</strong></span> 
     </span>
    </p>
   </div>
   <div class='ocr_carea' id='block_1_36' title="bbox 468 3626 2030 3703">
    <p class='ocr_par' dir='ltr' id='par_1_36' title="bbox 468 3626 2030 3703">
     <span class='ocr_line' id='line_1_36' title="bbox 468 3626 2030 3703; baseline -0.006 -16"><span class='ocrx_word' id='word_1_264' title='bbox 468 3635 625 3703; x_wconf 78' lang='lat' dir='ltr'><strong>factis</strong></span> <span class='ocrx_word' id='word_1_265' title='bbox 659 3643 708 3688; x_wconf 86' lang='lat' dir='ltr'><strong>et</strong></span> <span class='ocrx_word' id='word_1_266' title='bbox 740 3635 929 3688; x_wconf 76' lang='lat' dir='ltr'><strong>creatis</strong></span> <span class='ocrx_word' id='word_1_267' title='bbox 973 3633 1124 3686; x_wconf 83' lang='lat' dir='ltr'><strong>rebus</strong></span> <span class='ocrx_word' id='word_1_268' title='bbox 1171 3649 1282 3685; x_wconf 79' lang='lat' dir='ltr'><strong>esse</strong></span> <span class='ocrx_word' id='word_1_269' title='bbox 1332 3630 1771 3689; x_wconf 79' lang='lat' dir='ltr'><strong>similitudinem;</strong></span> <span class='ocrx_word' id='word_1_270' title='bbox 1807 3626 1895 3681; x_wconf 83' lang='lat' dir='ltr'><strong>sed</strong></span> <span class='ocrx_word' id='word_1_271' title='bbox 1929 3626 2030 3680; x_wconf 81' lang='lat' dir='ltr'><strong>soli</strong></span> 
     </span>
    </p>
   </div>
   <div class='ocr_carea' id='block_1_37' title="bbox 469 3721 2027 3797">
    <p class='ocr_par' dir='ltr' id='par_1_37' title="bbox 469 3721 2027 3797">
     <span class='ocr_line' id='line_1_37' title="bbox 469 3721 2027 3797; baseline -0.006 -15"><span class='ocrx_word' id='word_1_272' title='bbox 469 3728 646 3791; x_wconf 87' lang='lat' dir='ltr'><strong>Patri,</strong></span> <span class='ocrx_word' id='word_1_273' title='bbox 679 3729 766 3797; x_wconf 88' lang='lat' dir='ltr'><strong>qui</strong></span> <span class='ocrx_word' id='word_1_274' title='bbox 809 3729 979 3795; x_wconf 73' lang='lat' dir='ltr'><strong>ipsum</strong></span> <span class='ocrx_word' id='word_1_275' title='bbox 1027 3727 1225 3795; x_wconf 81' lang='lat' dir='ltr'><strong>genuit,</strong></span> <span class='ocrx_word' id='word_1_276' title='bbox 1269 3722 1597 3777; x_wconf 87' lang='lat' dir='ltr'><strong>omnimodo</strong></span> <span class='ocrx_word' id='word_1_277' title='bbox 1639 3721 1863 3774; x_wconf 74' lang='lat' dir='ltr'><strong>similem</strong></span> <span class='ocrx_word' id='word_1_278' title='bbox 1897 3737 2027 3783; x_wconf 79' lang='lat' dir='ltr'><strong>esse,</strong></span> 
     </span>
    </p>
   </div>
   <div class='ocr_carea' id='block_1_38' title="bbox 469 3813 2031 3887">
    <p class='ocr_par' dir='ltr' id='par_1_38' title="bbox 469 3813 2031 3887">
     <span class='ocr_line' id='line_1_38' title="bbox 469 3813 2031 3887; baseline -0.003 -17"><span class='ocrx_word' id='word_1_279' title='bbox 469 3836 625 3886; x_wconf 84' lang='lat' dir='ltr'><strong>neque</strong></span> <span class='ocrx_word' id='word_1_280' title='bbox 660 3834 723 3873; x_wconf 77' lang='lat' dir='ltr'><strong>ex</strong></span> <span class='ocrx_word' id='word_1_281' title='bbox 767 3818 877 3871; x_wconf 83' lang='lat' dir='ltr'><strong>alia</strong></span> <span class='ocrx_word' id='word_1_282' title='bbox 926 3835 1083 3887; x_wconf 84' lang='lat' dir='ltr'><strong>quam</strong></span> <span class='ocrx_word' id='word_1_283' title='bbox 1143 3833 1207 3871; x_wconf 73' lang='lat' dir='ltr'><strong>ea:</strong></span> <span class='ocrx_word' id='word_1_284' title='bbox 1250 3816 1430 3870; x_wconf 85' lang='lat' dir='ltr'><strong>Patris</strong></span> <span class='ocrx_word' id='word_1_285' title='bbox 1504 3816 1776 3885; x_wconf 81' lang='lat' dir='ltr'><strong>Itypostasi</strong></span> <span class='ocrx_word' id='word_1_286' title='bbox 1820 3825 1869 3868; x_wconf 90' lang='lat' dir='ltr'><strong>et</strong></span> <span class='ocrx_word' id='word_1_287' title='bbox 1913 3813 2031 3870; x_wconf 71' lang='lat' dir='ltr'><strong>tub-</strong></span> 
     </span>
    </p>
   </div>
   <div class='ocr_carea' id='block_1_39' title="bbox 467 3906 2029 3964">
    <p class='ocr_par' dir='ltr' id='par_1_39' title="bbox 467 3906 2029 3964">
     <span class='ocr_line' id='line_1_39' title="bbox 467 3906 2029 3964; baseline -0.003 -1"><span class='ocrx_word' id='word_1_288' title='bbox 467 3911 666 3963; x_wconf 79' lang='lat' dir='ltr'><strong>stantia</strong></span> <span class='ocrx_word' id='word_1_289' title='bbox 717 3926 847 3963; x_wconf 80' lang='lat' dir='ltr'><strong>esse.</strong></span> <span class='ocrx_word' id='word_1_290' title='bbox 899 3910 1001 3963; x_wconf 68' lang='lat' dir='ltr'><strong>libi</strong></span> <span class='ocrx_word' id='word_1_291' title='bbox 1054 3909 1206 3964; x_wconf 89' lang='lat' dir='ltr'><strong>vides</strong></span> <span class='ocrx_word' id='word_1_292' title='bbox 1255 3917 1478 3963; x_wconf 88' lang='lat' dir='ltr'><strong>eatenus</strong></span> <span class='ocrx_word' id='word_1_293' title='bbox 1501 3906 1694 3961; x_wconf 89' lang='lat' dir='ltr'><strong>Filium</strong></span> <span class='ocrx_word' id='word_1_294' title='bbox 1716 3906 1861 3959; x_wconf 87' lang='lat' dir='ltr'><strong>Patri</strong></span> <span class='ocrx_word' id='word_1_295' title='bbox 1896 3922 2029 3960; x_wconf 92' lang='lat' dir='ltr'><strong>con-</strong></span> 
     </span>
    </p>
   </div>
   <div class='ocr_carea' id='block_1_40' title="bbox 470 3996 2031 4071">
    <p class='ocr_par' dir='ltr' id='par_1_40' title="bbox 470 3996 2031 4071">
     <span class='ocr_line' id='line_1_40' title="bbox 470 3996 2031 4071; baseline -0.003 -15"><span class='ocrx_word' id='word_1_296' title='bbox 470 4003 880 4056; x_wconf 87' lang='lat' dir='ltr'><strong>substantialem</strong></span> <span class='ocrx_word' id='word_1_297' title='bbox 904 4001 1033 4066; x_wconf 89' lang='lat' dir='ltr'><strong>dici,</strong></span> <span class='ocrx_word' id='word_1_298' title='bbox 1054 4010 1329 4071; x_wconf 81' lang='lat' dir='ltr'><strong>quatenus</strong></span> <span class='ocrx_word' id='word_1_299' title='bbox 1356 4017 1465 4054; x_wconf 86' lang='lat' dir='ltr'><strong>non</strong></span> <span class='ocrx_word' id='word_1_300' title='bbox 1500 4000 1702 4054; x_wconf 87' lang='lat' dir='ltr'><strong>creatis</strong></span> <span class='ocrx_word' id='word_1_301' title='bbox 1731 3999 1911 4062; x_wconf 85' lang='lat' dir='ltr'><strong>rebus,</strong></span> <span class='ocrx_word' id='word_1_302' title='bbox 1937 3996 2031 4051; x_wconf 91' lang='lat' dir='ltr'><strong>sed</strong></span> 
     </span>
    </p>
   </div>
   <div class='ocr_carea' id='block_1_41' title="bbox 468 4092 2029 4162">
    <p class='ocr_par' dir='ltr' id='par_1_41' title="bbox 468 4092 2029 4162">
     <span class='ocr_line' id='line_1_41' title="bbox 468 4092 2029 4162; baseline -0.002 -17"><span class='ocrx_word' id='word_1_303' title='bbox 468 4092 617 4147; x_wconf 86' lang='lat' dir='ltr'><strong>Patri</strong></span> <span class='ocrx_word' id='word_1_304' title='bbox 660 4094 808 4147; x_wconf 93' lang='lat' dir='ltr'><strong>omni</strong></span> <span class='ocrx_word' id='word_1_305' title='bbox 860 4094 1021 4146; x_wconf 87' lang='lat' dir='ltr'><strong>modo</strong></span> <span class='ocrx_word' id='word_1_306' title='bbox 1070 4094 1263 4147; x_wconf 86' lang='lat' dir='ltr'><strong>similis</strong></span> <span class='ocrx_word' id='word_1_307' title='bbox 1314 4102 1420 4147; x_wconf 90' lang='lat' dir='ltr'><strong>est.</strong></span> <span class='ocrx_word' id='word_1_308' title='bbox 1464 4092 1774 4162; x_wconf 78' lang='grc' dir='ltr'>Ὁμοούσιος</span> <span class='ocrx_word' id='word_1_309' title='bbox 1806 4092 2029 4160; x_wconf 92' lang='lat' dir='ltr'><strong>quippe,</strong></span> 
     </span>
    </p>
   </div>
   <div class='ocr_carea' id='block_1_42' title="bbox 467 4183 2031 4251">
    <p class='ocr_par' dir='ltr' id='par_1_42' title="bbox 467 4183 2031 4251">
     <span class='ocr_line' id='line_1_42' title="bbox 467 4183 2031 4251; baseline -0.003 -13"><span class='ocrx_word' id='word_1_310' title='bbox 467 4190 584 4238; x_wconf 72' lang='lat' dir='ltr'><strong>sive</strong></span> <span class='ocrx_word' id='word_1_311' title='bbox 628 4185 1133 4251; x_wconf 85' lang='lat' dir='ltr'><strong>consubstantialis,</strong></span> <span class='ocrx_word' id='word_1_312' title='bbox 1182 4184 1331 4237; x_wconf 88' lang='lat' dir='ltr'><strong>Patri</strong></span> <span class='ocrx_word' id='word_1_313' title='bbox 1381 4183 1551 4239; x_wconf 87' lang='lat' dir='ltr'><strong>Filius</strong></span> <span class='ocrx_word' id='word_1_314' title='bbox 1598 4192 1683 4238; x_wconf 86' lang='lat' dir='ltr'><strong>est</strong></span> <span class='ocrx_word' id='word_1_315' title='bbox 1734 4184 2031 4237; x_wconf 90' lang='lat' dir='ltr'><strong>secundum</strong></span> 
     </span>
    </p>
   </div>
   <div class='ocr_carea' id='block_1_43' title="bbox 469 4271 2030 4342">
    <p class='ocr_par' dir='ltr' id='par_1_43' title="bbox 469 4271 2030 4342">
     <span class='ocr_line' id='line_1_43' title="bbox 469 4271 2030 4342; baseline -0.001 -17"><span class='ocrx_word' id='word_1_316' title='bbox 469 4272 783 4336; x_wconf 84' lang='lat' dir='ltr'><strong>Eusebium,</strong></span> <span class='ocrx_word' id='word_1_317' title='bbox 815 4274 940 4342; x_wconf 84' lang='lat' dir='ltr'><strong>quia</strong></span> <span class='ocrx_word' id='word_1_318' title='bbox 964 4272 1083 4341; x_wconf 88' lang='lat' dir='ltr'><strong>ejus</strong></span> <span class='ocrx_word' id='word_1_319' title='bbox 1109 4274 1436 4336; x_wconf 86' lang='lat' dir='ltr'><strong>substantia,</strong></span> <span class='ocrx_word' id='word_1_320' title='bbox 1473 4273 1648 4327; x_wconf 90' lang='lat' dir='ltr'><strong>Patris</strong></span> <span class='ocrx_word' id='word_1_321' title='bbox 1671 4271 2030 4326; x_wconf 87' lang='lat' dir='ltr'><strong>substantiam</strong></span> 
     </span>
    </p>
   </div>
   <div class='ocr_carea' id='block_1_44' title="bbox 472 4366 2031 4431">
    <p class='ocr_par' dir='ltr' id='par_1_44' title="bbox 472 4366 2031 4431">
     <span class='ocr_line' id='line_1_44' title="bbox 472 4366 2031 4431; baseline -0.002 -13"><span class='ocrx_word' id='word_1_322' title='bbox 472 4368 671 4431; x_wconf 86' lang='lat' dir='ltr'><strong>refert;</strong></span> <span class='ocrx_word' id='word_1_323' title='bbox 709 4366 780 4419; x_wconf 88' lang='lat' dir='ltr'><strong>ita</strong></span> <span class='ocrx_word' id='word_1_324' title='bbox 812 4376 872 4419; x_wconf 91' lang='lat' dir='ltr'><strong>ut</strong></span> <span class='ocrx_word' id='word_1_325' title='bbox 901 4369 1111 4421; x_wconf 86' lang='lat' dir='ltr'><strong>ratione</strong></span> <span class='ocrx_word' id='word_1_326' title='bbox 1143 4367 1518 4421; x_wconf 89' lang='lat' dir='ltr'><strong>similitudinis</strong></span> <span class='ocrx_word' id='word_1_327' title='bbox 1549 4381 1652 4419; x_wconf 91' lang='lat' dir='ltr'><strong>una</strong></span> <span class='ocrx_word' id='word_1_328' title='bbox 1688 4366 1758 4418; x_wconf 89' lang='lat' dir='ltr'><strong>sit</strong></span> <span class='ocrx_word' id='word_1_329' title='bbox 1794 4366 1845 4417; x_wconf 89' lang='lat' dir='ltr'><strong>in</strong></span> <span class='ocrx_word' id='word_1_330' title='bbox 1882 4373 2031 4416; x_wconf 83' lang='lat' dir='ltr'><strong>utra—</strong></span> 
     </span>
    </p>
   </div>
   <div class='ocr_carea' id='block_1_45' title="bbox 469 4456 2028 4527">
    <p class='ocr_par' dir='ltr' id='par_1_45' title="bbox 469 4456 2028 4527">
     <span class='ocr_line' id='line_1_45' title="bbox 469 4456 2028 4527; baseline -0.001 -17"><span class='ocrx_word' id='word_1_331' title='bbox 469 4473 576 4526; x_wconf 86' lang='lat' dir='ltr'><strong>que</strong></span> <span class='ocrx_word' id='word_1_332' title='bbox 619 4458 923 4512; x_wconf 83' lang='lat' dir='ltr'><strong>substantia</strong></span> <span class='ocrx_word' id='word_1_333' title='bbox 965 4460 1394 4527; x_wconf 76' lang='lat' dir='ltr'><strong>repraesentatio.</strong></span> <span class='ocrx_word' id='word_1_334' title='bbox 1440 4458 1594 4524; x_wconf 86' lang='lat' dir='ltr'><strong>Quod</strong></span> <span class='ocrx_word' id='word_1_335' title='bbox 1647 4458 1772 4510; x_wconf 88' lang='lat' dir='ltr'><strong>alibi</strong></span> <span class='ocrx_word' id='word_1_336' title='bbox 1826 4456 2028 4526; x_wconf 89' lang='lat' dir='ltr'><strong>passim</strong></span> 
     </span>
    </p>
   </div>
   <div class='ocr_carea' id='block_1_46' title="bbox 468 4546 2025 4618">
    <p class='ocr_par' dir='ltr' id='par_1_46' title="bbox 468 4546 2025 4618">
     <span class='ocr_line' id='line_1_46' title="bbox 468 4546 2025 4618; baseline -0.001 -15"><span class='ocrx_word' id='word_1_337' title='bbox 468 4550 735 4612; x_wconf 88' lang='lat' dir='ltr'><strong>enuntiat,</strong></span> <span class='ocrx_word' id='word_1_338' title='bbox 770 4551 1111 4618; x_wconf 75' lang='lat' dir='ltr'><strong>maximeque</strong></span> <span class='ocrx_word' id='word_1_339' title='bbox 1150 4552 1203 4602; x_wconf 93' lang='lat' dir='ltr'><strong>in</strong></span> <span class='ocrx_word' id='word_1_340' title='bbox 1247 4551 1399 4604; x_wconf 91' lang='lat' dir='ltr'><strong>libris</strong></span> <span class='ocrx_word' id='word_1_341' title='bbox 1432 4546 1628 4603; x_wconf 83' lang='lat' dir='ltr'><strong>Contra</strong></span> <span class='ocrx_word' id='word_1_342' title='bbox 1661 4548 1971 4601; x_wconf 73' lang='lat' dir='ltr'><strong>Marcellum</strong></span> <span class='ocrx_word' id='word_1_343' title='bbox 2006 4565 2025 4601; x_wconf 88' lang='lat'><strong><em>:</em></strong></span> 
     </span>
    </p>
   </div>
   <div class='ocr_carea' id='block_1_47' title="bbox 471 4640 2027 4708">
    <p class='ocr_par' dir='ltr' id='par_1_47' title="bbox 471 4640 2027 4708">
     <span class='ocr_line' id='line_1_47' title="bbox 471 4640 2027 4708; baseline -0.001 -16"><span class='ocrx_word' id='word_1_344' title='bbox 471 4641 527 4693; x_wconf 87' lang='lat' dir='ltr'><strong>in</strong></span> <span class='ocrx_word' id='word_1_345' title='bbox 567 4654 676 4708; x_wconf 90' lang='lat' dir='ltr'><strong>quo</strong></span> <span class='ocrx_word' id='word_1_346' title='bbox 711 4648 889 4694; x_wconf 86' lang='lat' dir='ltr'><strong>autem</strong></span> <span class='ocrx_word' id='word_1_347' title='bbox 910 4656 1039 4694; x_wconf 88' lang='lat' dir='ltr'><strong>eam</strong></span> <span class='ocrx_word' id='word_1_348' title='bbox 1089 4640 1499 4695; x_wconf 86' lang='lat' dir='ltr'><strong>similitudinem</strong></span> <span class='ocrx_word' id='word_1_349' title='bbox 1541 4640 1855 4703; x_wconf 89' lang='lat' dir='ltr'><strong>constituat,</strong></span> <span class='ocrx_word' id='word_1_350' title='bbox 1901 4653 2027 4691; x_wconf 83' lang='lat' dir='ltr'><strong>mox</strong></span> 
     </span>
    </p>
   </div>
   <div class='ocr_carea' id='block_1_48' title="bbox 469 4729 2026 4801">
    <p class='ocr_par' dir='ltr' id='par_1_48' title="bbox 469 4729 2026 4801">
     <span class='ocr_line' id='line_1_48' title="bbox 469 4729 2026 4801; baseline -0.001 -18"><span class='ocrx_word' id='word_1_351' title='bbox 469 4732 717 4801; x_wconf 86' lang='lat' dir='ltr'><strong>pluribus</strong></span> <span class='ocrx_word' id='word_1_352' title='bbox 746 4732 1133 4800; x_wconf 80' lang='lat' dir='ltr'><strong>expendemus.</strong></span> <span class='ocrx_word' id='word_1_353' title='bbox 1172 4730 1327 4797; x_wconf 83' lang='lat' dir='ltr'><strong>Quod</strong></span> <span class='ocrx_word' id='word_1_354' title='bbox 1354 4730 1537 4799; x_wconf 83' lang='lat' dir='ltr'><strong>adjicit</strong></span> <span class='ocrx_word' id='word_1_355' title='bbox 1568 4730 1657 4785; x_wconf 90' lang='lat' dir='ltr'><strong>ille</strong></span> <span class='ocrx_word' id='word_1_356' title='bbox 1687 4729 1880 4783; x_wconf 89' lang='lat' dir='ltr'><strong>Filium</strong></span> <span class='ocrx_word' id='word_1_357' title='bbox 1917 4744 2026 4782; x_wconf 89' lang='lat' dir='ltr'><strong>non</strong></span> 
     </span>
    </p>
   </div>
   <div class='ocr_carea' id='block_1_49' title="bbox 471 4821 2026 4894">
    <p class='ocr_par' dir='ltr' id='par_1_49' title="bbox 471 4821 2026 4894">
     <span class='ocr_line' id='line_1_49' title="bbox 471 4821 2026 4894; baseline -0.003 -17"><span class='ocrx_word' id='word_1_358' title='bbox 471 4842 532 4877; x_wconf 81' lang='lat' dir='ltr'><strong>ex</strong></span> <span class='ocrx_word' id='word_1_359' title='bbox 569 4825 696 4887; x_wconf 87' lang='lat' dir='ltr'><strong>alia,</strong></span> <span class='ocrx_word' id='word_1_360' title='bbox 737 4840 898 4894; x_wconf 85' lang='lat' dir='ltr'><strong>quam</strong></span> <span class='ocrx_word' id='word_1_361' title='bbox 948 4840 1014 4878; x_wconf 81' lang='lat' dir='ltr'><strong>ex</strong></span> <span class='ocrx_word' id='word_1_362' title='bbox 1065 4822 1244 4878; x_wconf 88' lang='lat' dir='ltr'><strong>Patris</strong></span> <span class='ocrx_word' id='word_1_363' title='bbox 1292 4823 1570 4892; x_wconf 83' lang='lat' dir='ltr'><strong>hypostasi</strong></span> <span class='ocrx_word' id='word_1_364' title='bbox 1617 4829 1670 4877; x_wconf 85' lang='lat' dir='ltr'><strong>et</strong></span> <span class='ocrx_word' id='word_1_365' title='bbox 1721 4821 2026 4876; x_wconf 69' lang='lat' dir='ltr'><strong>substantia</strong></span> 
     </span>
    </p>
   </div>
   <div class='ocr_carea' id='block_1_50' title="bbox 469 4911 2027 4982">
    <p class='ocr_par' dir='ltr' id='par_1_50' title="bbox 469 4911 2027 4982">
     <span class='ocr_line' id='line_1_50' title="bbox 469 4911 2027 4982; baseline -0.003 -15"><span class='ocrx_word' id='word_1_366' title='bbox 469 4930 612 4979; x_wconf 80' lang='lat' dir='ltr'><strong>esse,</strong></span> <span class='ocrx_word' id='word_1_367' title='bbox 649 4932 755 4969; x_wconf 90' lang='lat' dir='ltr'><strong>non</strong></span> <span class='ocrx_word' id='word_1_368' title='bbox 784 4916 857 4969; x_wconf 89' lang='lat' dir='ltr'><strong>ita</strong></span> <span class='ocrx_word' id='word_1_369' title='bbox 890 4914 1141 4982; x_wconf 84' lang='lat' dir='ltr'><strong>intelligit</strong></span> <span class='ocrx_word' id='word_1_370' title='bbox 1171 4913 1459 4977; x_wconf 87' lang='lat' dir='ltr'><strong>Eusebius,</strong></span> <span class='ocrx_word' id='word_1_371' title='bbox 1500 4912 1642 4981; x_wconf 89' lang='lat' dir='ltr'><strong>quod</strong></span> <span class='ocrx_word' id='word_1_372' title='bbox 1664 4911 1775 4979; x_wconf 85' lang='lat' dir='ltr'><strong>jam</strong></span> <span class='ocrx_word' id='word_1_373' title='bbox 1805 4911 2027 4979; x_wconf 65' lang='lat' dir='ltr'><strong>conspi-</strong></span> 
     </span>
    </p>
   </div>
   <div class='ocr_carea' id='block_1_51' title="bbox 470 4999 2028 5076">
    <p class='ocr_par' dir='ltr' id='par_1_51' title="bbox 470 4999 2028 5076">
     <span class='ocr_line' id='line_1_51' title="bbox 470 4999 2028 5076; baseline -0.003 -17"><span class='ocrx_word' id='word_1_374' title='bbox 470 5023 572 5061; x_wconf 87' lang='lat' dir='ltr'><strong>cue</strong></span> <span class='ocrx_word' id='word_1_375' title='bbox 602 5009 885 5076; x_wconf 90' lang='lat' dir='ltr'><strong>probatum</strong></span> <span class='ocrx_word' id='word_1_376' title='bbox 918 5014 1021 5067; x_wconf 88' lang='lat' dir='ltr'><strong>est,</strong></span> <span class='ocrx_word' id='word_1_377' title='bbox 1067 5013 1127 5058; x_wconf 88' lang='lat' dir='ltr'><strong>ut</strong></span> <span class='ocrx_word' id='word_1_378' title='bbox 1167 5005 1411 5059; x_wconf 86' lang='lat' dir='ltr'><strong>eamdem</strong></span> <span class='ocrx_word' id='word_1_379' title='bbox 1444 5011 1595 5073; x_wconf 85' lang='lat' dir='ltr'><strong>putet</strong></span> <span class='ocrx_word' id='word_1_380' title='bbox 1619 5017 1739 5057; x_wconf 90' lang='lat' dir='ltr'><strong>esse</strong></span> <span class='ocrx_word' id='word_1_381' title='bbox 1767 4999 1944 5055; x_wconf 87' lang='lat' dir='ltr'><strong>Patris</strong></span> <span class='ocrx_word' id='word_1_382' title='bbox 1974 5010 2028 5055; x_wconf 90' lang='lat' dir='ltr'><strong>et</strong></span> 
     </span>
    </p>
   </div>
   <div class='ocr_carea' id='block_1_52' title="bbox 470 5094 2026 5153">
    <p class='ocr_par' dir='ltr' id='par_1_52' title="bbox 470 5094 2026 5153">
     <span class='ocr_line' id='line_1_52' title="bbox 470 5094 2026 5153; baseline -0.003 -3"><span class='ocrx_word' id='word_1_383' title='bbox 470 5097 591 5152; x_wconf 81' lang='lat' dir='ltr'><strong>Filii</strong></span> <span class='ocrx_word' id='word_1_384' title='bbox 622 5098 978 5153; x_wconf 85' lang='lat' dir='ltr'><strong>substantiam</strong></span> <span class='ocrx_word' id='word_1_385' title='bbox 1017 5116 1030 5151; x_wconf 91' lang='lat'><strong>:</strong></span> <span class='ocrx_word' id='word_1_386' title='bbox 1063 5097 1116 5149; x_wconf 90' lang='lat' dir='ltr'><strong>id</strong></span> <span class='ocrx_word' id='word_1_387' title='bbox 1150 5099 1291 5149; x_wconf 92' lang='lat' dir='ltr'><strong>enim</strong></span> <span class='ocrx_word' id='word_1_388' title='bbox 1331 5096 1604 5150; x_wconf 77' lang='lat' dir='ltr'><strong>sexcentis</strong></span> <span class='ocrx_word' id='word_1_389' title='bbox 1641 5094 1697 5147; x_wconf 87' lang='lat' dir='ltr'><strong>in</strong></span> <span class='ocrx_word' id='word_1_390' title='bbox 1744 5094 1881 5148; x_wconf 86' lang='lat' dir='ltr'><strong>locis</strong></span> <span class='ocrx_word' id='word_1_391' title='bbox 1930 5109 2026 5146; x_wconf 78' lang='lat' dir='ltr'><strong>cx-</strong></span> 
     </span>
    </p>
   </div>
   <div class='ocr_carea' id='block_1_53' title="bbox 471 5186 2026 5259">
    <p class='ocr_par' dir='ltr' id='par_1_53' title="bbox 471 5186 2026 5259">
     <span class='ocr_line' id='line_1_53' title="bbox 471 5186 2026 5259; baseline -0.003 -16"><span class='ocrx_word' id='word_1_392' title='bbox 471 5192 639 5259; x_wconf 85' lang='lat' dir='ltr'><strong>plodit</strong></span> <span class='ocrx_word' id='word_1_393' title='bbox 672 5191 780 5256; x_wconf 88' lang='lat' dir='ltr'><strong>ille,</strong></span> <span class='ocrx_word' id='word_1_394' title='bbox 815 5198 868 5241; x_wconf 91' lang='lat' dir='ltr'><strong>et</strong></span> <span class='ocrx_word' id='word_1_395' title='bbox 907 5198 967 5242; x_wconf 92' lang='lat' dir='ltr'><strong>ut</strong></span> <span class='ocrx_word' id='word_1_396' title='bbox 1011 5187 1232 5242; x_wconf 86' lang='lat' dir='ltr'><strong>Sabellii</strong></span> <span class='ocrx_word' id='word_1_397' title='bbox 1270 5187 1572 5241; x_wconf 88' lang='lat' dir='ltr'><strong>doctrinam</strong></span> <span class='ocrx_word' id='word_1_398' title='bbox 1617 5186 1883 5251; x_wconf 84' lang='lat' dir='ltr'><strong>traducit;</strong></span> <span class='ocrx_word' id='word_1_399' title='bbox 1933 5186 2026 5239; x_wconf 90' lang='lat' dir='ltr'><strong>sed</strong></span> 
     </span>
    </p>
   </div>
   <div class='ocr_carea' id='block_1_54' title="bbox 471 5277 2029 5352">
    <p class='ocr_par' dir='ltr' id='par_1_54' title="bbox 471 5277 2029 5352">
     <span class='ocr_line' id='line_1_54' title="bbox 471 5277 2029 5352; baseline -0.004 -17"><span class='ocrx_word' id='word_1_400' title='bbox 471 5284 614 5352; x_wconf 90' lang='lat' dir='ltr'><strong>quod</strong></span> <span class='ocrx_word' id='word_1_401' title='bbox 662 5283 1021 5336; x_wconf 83' lang='lat' dir='ltr'><strong>substantiam</strong></span> <span class='ocrx_word' id='word_1_402' title='bbox 1063 5296 1093 5333; x_wconf 90' lang='lat' dir='ltr'><strong>a</strong></span> <span class='ocrx_word' id='word_1_403' title='bbox 1140 5292 1384 5349; x_wconf 88' lang='lat' dir='ltr'><strong>paterna,</strong></span> <span class='ocrx_word' id='word_1_404' title='bbox 1429 5277 1605 5347; x_wconf 87' lang='lat' dir='ltr'><strong>quoad</strong></span> <span class='ocrx_word' id='word_1_405' title='bbox 1648 5277 1933 5351; x_wconf 84' lang='lat' dir='ltr'><strong>imaginem</strong></span> <span class='ocrx_word' id='word_1_406' title='bbox 1975 5283 2029 5331; x_wconf 89' lang='lat' dir='ltr'><strong>et</strong></span> 
     </span>
    </p>
   </div>
   <div class='ocr_carea' id='block_1_55' title="bbox 474 5366 2026 5438">
    <p class='ocr_par' dir='ltr' id='par_1_55' title="bbox 474 5366 2026 5438">
     <span class='ocr_line' id='line_1_55' title="bbox 474 5366 2026 5438; baseline -0.002 -16"><span class='ocrx_word' id='word_1_407' title='bbox 474 5369 905 5433; x_wconf 87' lang='lat' dir='ltr'><strong>similitudinem,</strong></span> <span class='ocrx_word' id='word_1_408' title='bbox 931 5384 1246 5438; x_wconf 83' lang='lat' dir='ltr'><strong>expressam</strong></span> <span class='ocrx_word' id='word_1_409' title='bbox 1280 5367 1567 5435; x_wconf 83' lang='lat' dir='ltr'><strong>acceperit,</strong></span> <span class='ocrx_word' id='word_1_410' title='bbox 1598 5366 1721 5419; x_wconf 91' lang='lat' dir='ltr'><strong>licet</strong></span> <span class='ocrx_word' id='word_1_411' title='bbox 1762 5366 2026 5419; x_wconf 88' lang='lat' dir='ltr'><strong>minorem</strong></span> 
     </span>
    </p>
   </div>
   <div class='ocr_carea' id='block_1_56' title="bbox 472 5458 2029 5529">
    <p class='ocr_par' dir='ltr' id='par_1_56' title="bbox 472 5458 2029 5529">
     <span class='ocr_line' id='line_1_56' title="bbox 472 5458 2029 5529; baseline 0.001 -18"><span class='ocrx_word' id='word_1_412' title='bbox 472 5472 525 5514; x_wconf 77' lang='lat' dir='ltr'><strong>rt</strong></span> <span class='ocrx_word' id='word_1_413' title='bbox 568 5461 722 5529; x_wconf 87' lang='lat' dir='ltr'><strong>longe</strong></span> <span class='ocrx_word' id='word_1_414' title='bbox 768 5460 1027 5527; x_wconf 89' lang='lat' dir='ltr'><strong>imparem</strong></span> <span class='ocrx_word' id='word_1_415' title='bbox 1078 5479 1089 5513; x_wconf 92' lang='lat'>:</span> <span class='ocrx_word' id='word_1_416' title='bbox 1136 5460 1268 5513; x_wconf 91' lang='lat' dir='ltr'><strong>illud</strong></span> <span class='ocrx_word' id='word_1_417' title='bbox 1311 5474 1474 5527; x_wconf 89' lang='lat' dir='ltr'><strong>porro</strong></span> <span class='ocrx_word' id='word_1_418' title='bbox 1517 5458 1739 5528; x_wconf 87' lang='lat' dir='ltr'><strong>perinde</strong></span> <span class='ocrx_word' id='word_1_419' title='bbox 1780 5466 1939 5528; x_wconf 87' lang='lat' dir='ltr'><strong>atque</strong></span> <span class='ocrx_word' id='word_1_420' title='bbox 1970 5461 2029 5512; x_wconf 84' lang='grc' dir='ltr'>τὸ</span> 
     </span>
    </p>
   </div>
   <div class='ocr_carea' id='block_1_57' title="bbox 471 5550 2027 5621">
    <p class='ocr_par' dir='ltr' id='par_1_57' title="bbox 471 5550 2027 5621">
     <span class='ocr_line' id='line_1_57' title="bbox 471 5550 2027 5621; baseline 0 -16"><span class='ocrx_word' id='word_1_421' title='bbox 471 5553 771 5621; x_wconf 80' lang='grc' dir='ltr'>ὀμοούσιον,</span> <span class='ocrx_word' id='word_1_422' title='bbox 798 5553 925 5620; x_wconf 87' lang='lat' dir='ltr'><strong>quia</strong></span> <span class='ocrx_word' id='word_1_423' title='bbox 954 5554 1005 5605; x_wconf 88' lang='lat' dir='ltr'><strong>in</strong></span> <span class='ocrx_word' id='word_1_424' title='bbox 1038 5551 1253 5607; x_wconf 70' lang='lat' dir='ltr'><strong>Nicazna</strong></span> <span class='ocrx_word' id='word_1_425' title='bbox 1285 5550 1386 5606; x_wconf 86' lang='lat' dir='ltr'><strong>tide</strong></span> <span class='ocrx_word' id='word_1_426' title='bbox 1417 5552 1807 5618; x_wconf 89' lang='lat' dir='ltr'><strong>contineretur,</strong></span> <span class='ocrx_word' id='word_1_427' title='bbox 1835 5552 2027 5606; x_wconf 78' lang='lat' dir='ltr'><strong>admit-</strong></span> 
     </span>
    </p>
   </div>
   <div class='ocr_carea' id='block_1_58' title="bbox 474 5654 974 5700">
    <p class='ocr_par' dir='ltr' id='par_1_58' title="bbox 474 5654 974 5700">
     <span class='ocr_line' id='line_1_58' title="bbox 474 5654 974 5700; baseline 0 -1"><span class='ocrx_word' id='word_1_428' title='bbox 474 5656 585 5699; x_wconf 84' lang='lat' dir='ltr'><strong>tere</strong></span> <span class='ocrx_word' id='word_1_429' title='bbox 616 5654 841 5698; x_wconf 83' lang='lat' dir='ltr'><strong>coactus</strong></span> <span class='ocrx_word' id='word_1_430' title='bbox 874 5658 974 5700; x_wconf 85' lang='lat' dir='ltr'><strong>est.</strong></span> 
     </span>
    </p>
   </div>
   <div class='ocr_carea' id='block_1_59' title="bbox 547 5778 1643 5873">
    <p class='ocr_par' dir='ltr' id='par_1_59' title="bbox 547 5778 1643 5873">
     <span class='ocr_line' id='line_1_59' title="bbox 547 5778 1643 5873; baseline 0.002 -18"><span class='ocrx_word' id='word_1_431' title='bbox 547 5805 620 5872; x_wconf 88' lang='lat' dir='ltr'><strong>(a)</strong></span> <span class='ocrx_word' id='word_1_432' title='bbox 663 5802 845 5860; x_wconf 82' lang='lat' dir='ltr'><strong>Contr.</strong></span> <span class='ocrx_word' id='word_1_433' title='bbox 883 5802 1117 5856; x_wconf 77' lang='lat' dir='ltr'><strong>Marcell.</strong></span> <span class='ocrx_word' id='word_1_434' title='bbox 1149 5802 1240 5857; x_wconf 83' lang='lat' dir='ltr'><strong>lib.</strong></span> <span class='ocrx_word' id='word_1_435' title='bbox 1277 5818 1314 5867; x_wconf 90' lang='lat' dir='ltr'><strong>t,</strong></span> <span class='ocrx_word' id='word_1_436' title='bbox 1354 5817 1405 5873; x_wconf 90' lang='lat' dir='ltr'><strong>p.</strong></span> <span class='ocrx_word' id='word_1_437' title='bbox 1436 5778 1524 5868; x_wconf 55' lang='grc' dir='ltr'><strong>Οἳ,</strong></span> <span class='ocrx_word' id='word_1_438' title='bbox 1557 5801 1643 5857; x_wconf 84' lang='grc'><strong>69.</strong></span> 
     </span>
    </p>
   </div>
   <div class='ocr_carea' id='block_1_60' title="bbox 2811 527 2953 574">
    <p class='ocr_par' dir='ltr' id='par_1_60' title="bbox 2811 527 2953 574">
     <span class='ocr_line' id='line_1_60' title="bbox 2811 527 2953 574; baseline -0.007 -1"><span class='ocrx_word' id='word_1_439' title='bbox 2811 527 2953 574; x_wconf 89' lang='lat' dir='ltr'><strong>dicat.</strong></span> 
     </span>
    </p>
   </div>
   <div class='ocr_carea' id='block_1_61' title="bbox 2145 619 3667 692">
    <p class='ocr_par' dir='ltr' id='par_1_61' title="bbox 2145 619 3667 692">
     <span class='ocr_line' id='line_1_61' title="bbox 2145 619 3667 692; baseline -0.004 -13"><span class='ocrx_word' id='word_1_440' title='bbox 2145 626 2312 692; x_wconf 29' lang='lat' dir='ltr'><strong>i‘Quia</strong></span> <span class='ocrx_word' id='word_1_441' title='bbox 2344 642 2471 681; x_wconf 90' lang='lat' dir='ltr'><strong>vero</strong></span> <span class='ocrx_word' id='word_1_442' title='bbox 2512 626 2564 678; x_wconf 90' lang='lat' dir='ltr'><strong>in</strong></span> <span class='ocrx_word' id='word_1_443' title='bbox 2611 624 2826 678; x_wconf 77' lang='lat' dir='ltr'><strong>Nicaena</strong></span> <span class='ocrx_word' id='word_1_444' title='bbox 2865 624 2988 688; x_wconf 86' lang='lat' dir='ltr'><strong>ﬁde,</strong></span> <span class='ocrx_word' id='word_1_445' title='bbox 3023 624 3110 678; x_wconf 89' lang='lat' dir='ltr'><strong>cui</strong></span> <span class='ocrx_word' id='word_1_446' title='bbox 3151 622 3472 691; x_wconf 87' lang='lat' dir='ltr'><strong>subscripsit</strong></span> <span class='ocrx_word' id='word_1_447' title='bbox 3500 619 3667 674; x_wconf 86' lang='lat' dir='ltr'><strong>Euse-</strong></span> 
     </span>
    </p>
   </div>
   <div class='ocr_carea' id='block_1_62' title="bbox 2104 715 3666 784">
    <p class='ocr_par' dir='ltr' id='par_1_62' title="bbox 2104 715 3666 784">
     <span class='ocr_line' id='line_1_62' title="bbox 2104 715 3666 784; baseline -0.004 -9"><span class='ocrx_word' id='word_1_448' title='bbox 2104 722 2252 784; x_wconf 90' lang='lat' dir='ltr'><strong>bius,</strong></span> <span class='ocrx_word' id='word_1_449' title='bbox 2285 721 2572 774; x_wconf 89' lang='lat' dir='ltr'><strong>damnatur</strong></span> <span class='ocrx_word' id='word_1_450' title='bbox 2603 720 2728 773; x_wconf 81' lang='lat' dir='ltr'><strong>item</strong></span> <span class='ocrx_word' id='word_1_451' title='bbox 2759 720 3073 774; x_wconf 87' lang='lat' dir='ltr'><strong>Arianicum</strong></span> <span class='ocrx_word' id='word_1_452' title='bbox 3098 718 3249 782; x_wconf 92' lang='lat' dir='ltr'><strong>illud,</strong></span> <span class='ocrx_word' id='word_1_453' title='bbox 3274 718 3331 783; x_wconf 76' lang='grc' dir='ltr'>ἐξ</span> <span class='ocrx_word' id='word_1_454' title='bbox 3354 717 3452 769; x_wconf 62' lang='grc' dir='ltr'>οὐκ</span> <span class='ocrx_word' id='word_1_455' title='bbox 3480 715 3666 778; x_wconf 79' lang='grc' dir='ltr'>ὄντων,</span> 
     </span>
    </p>
   </div>
   <div class='ocr_carea' id='block_1_63' title="bbox 2108 805 3671 880">
    <p class='ocr_par' dir='ltr' id='par_1_63' title="bbox 2108 805 3671 880">
     <span class='ocr_line' id='line_1_63' title="bbox 2108 805 3671 880; baseline -0.006 -14"><span class='ocrx_word' id='word_1_456' title='bbox 2108 828 2171 866; x_wconf 79' lang='lat' dir='ltr'><strong>ea:</strong></span> <span class='ocrx_word' id='word_1_457' title='bbox 2200 829 2302 866; x_wconf 87' lang='lat' dir='ltr'><strong>non</strong></span> <span class='ocrx_word' id='word_1_458' title='bbox 2333 812 2727 873; x_wconf 72' lang='lat' dir='ltr'><strong>exsistentibus,</strong></span> <span class='ocrx_word' id='word_1_459' title='bbox 2770 820 2823 866; x_wconf 92' lang='lat' dir='ltr'><strong>et</strong></span> <span class='ocrx_word' id='word_1_460' title='bbox 2858 810 3050 864; x_wconf 87' lang='lat' dir='ltr'><strong>Filium</strong></span> <span class='ocrx_word' id='word_1_461' title='bbox 3091 811 3328 880; x_wconf 89' lang='lat' dir='ltr'><strong>genitum</strong></span> <span class='ocrx_word' id='word_1_462' title='bbox 3370 817 3422 862; x_wconf 93' lang='lat' dir='ltr'><strong>et</strong></span> <span class='ocrx_word' id='word_1_463' title='bbox 3450 823 3557 862; x_wconf 90' lang='lat' dir='ltr'><strong>non</strong></span> <span class='ocrx_word' id='word_1_464' title='bbox 3590 805 3671 858; x_wconf 79' lang='lat' dir='ltr'><strong>fa-</strong></span> 
     </span>
    </p>
   </div>
   <div class='ocr_carea' id='block_1_64' title="bbox 2107 900 3671 971">
    <p class='ocr_par' dir='ltr' id='par_1_64' title="bbox 2107 900 3671 971">
     <span class='ocr_line' id='line_1_64' title="bbox 2107 900 3671 971; baseline -0.006 -14"><span class='ocrx_word' id='word_1_465' title='bbox 2107 910 2253 957; x_wconf 86' lang='lat' dir='ltr'><strong>ctum</strong></span> <span class='ocrx_word' id='word_1_466' title='bbox 2285 919 2404 959; x_wconf 88' lang='lat' dir='ltr'><strong>esse</strong></span> <span class='ocrx_word' id='word_1_467' title='bbox 2433 904 2763 968; x_wconf 89' lang='lat' dir='ltr'><strong>declaratur;</strong></span> <span class='ocrx_word' id='word_1_468' title='bbox 2820 903 2960 955; x_wconf 89' lang='lat' dir='ltr'><strong>hanc</strong></span> <span class='ocrx_word' id='word_1_469' title='bbox 3004 900 3197 971; x_wconf 77' lang='lat' dir='ltr'><strong>synodi</strong></span> <span class='ocrx_word' id='word_1_470' title='bbox 3240 900 3541 953; x_wconf 84' lang='lat' dir='ltr'><strong>doctrinam</strong></span> <span class='ocrx_word' id='word_1_471' title='bbox 3574 911 3671 949; x_wconf 87' lang='lat' dir='ltr'><strong>ore</strong></span> 
     </span>
    </p>
   </div>
   <div class='ocr_carea' id='block_1_65' title="bbox 2110 985 3674 1054">
    <p class='ocr_par' dir='ltr' id='par_1_65' title="bbox 2110 985 3674 1054">
     <span class='ocr_line' id='line_1_65' title="bbox 2110 985 3674 1054; baseline -0.005 -9"><span class='ocrx_word' id='word_1_472' title='bbox 2110 1000 2268 1047; x_wconf 89' lang='lat' dir='ltr'><strong>tenus</strong></span> <span class='ocrx_word' id='word_1_473' title='bbox 2319 991 2561 1047; x_wconf 89' lang='lat' dir='ltr'><strong>defendit</strong></span> <span class='ocrx_word' id='word_1_474' title='bbox 2603 991 2893 1054; x_wconf 85' lang='lat' dir='ltr'><strong>Eusebius,</strong></span> <span class='ocrx_word' id='word_1_475' title='bbox 2940 1006 3007 1044; x_wconf 89' lang='lat' dir='ltr'><strong>ne</strong></span> <span class='ocrx_word' id='word_1_476' title='bbox 3054 987 3398 1043; x_wconf 82' lang='lat' dir='ltr'><strong>Cdnstautini</strong></span> <span class='ocrx_word' id='word_1_477' title='bbox 3440 985 3674 1039; x_wconf 60' lang='lat' dir='ltr'><strong>Nicmnae</strong></span> 
     </span>
    </p>
   </div>
   <div class='ocr_carea' id='block_1_66' title="bbox 2108 1081 3675 1153">
    <p class='ocr_par' dir='ltr' id='par_1_66' title="bbox 2108 1081 3675 1153">
     <span class='ocr_line' id='line_1_66' title="bbox 2108 1081 3675 1153; baseline -0.007 -14"><span class='ocrx_word' id='word_1_478' title='bbox 2108 1085 2366 1141; x_wconf 71' lang='lat' dir='ltr'><strong>doctrina:</strong></span> <span class='ocrx_word' id='word_1_479' title='bbox 2396 1084 2729 1139; x_wconf 87' lang='lat' dir='ltr'><strong>tenacissimi</strong></span> <span class='ocrx_word' id='word_1_480' title='bbox 2759 1082 3183 1153; x_wconf 90' lang='lat' dir='ltr'><strong>indignationem</strong></span> <span class='ocrx_word' id='word_1_481' title='bbox 3210 1081 3547 1141; x_wconf 80' lang='lat' dir='ltr'><strong>incurreret;</strong></span> <span class='ocrx_word' id='word_1_482' title='bbox 3578 1092 3675 1129; x_wconf 88' lang='lat' dir='ltr'><strong>ore</strong></span> 
     </span>
    </p>
   </div>
   <div class='ocr_carea' id='block_1_67' title="bbox 2111 1169 3673 1243">
    <p class='ocr_par' dir='ltr' id='par_1_67' title="bbox 2111 1169 3673 1243">
     <span class='ocr_line' id='line_1_67' title="bbox 2111 1169 3673 1243; baseline -0.008 -12"><span class='ocrx_word' id='word_1_483' title='bbox 2111 1187 2268 1233; x_wconf 89' lang='lat' dir='ltr'><strong>tenus</strong></span> <span class='ocrx_word' id='word_1_484' title='bbox 2291 1177 2427 1237; x_wconf 82' lang='lat' dir='ltr'><strong>dixi.</strong></span> <span class='ocrx_word' id='word_1_485' title='bbox 2480 1192 2586 1230; x_wconf 90' lang='lat' dir='ltr'><strong>non</strong></span> <span class='ocrx_word' id='word_1_486' title='bbox 2618 1192 2684 1230; x_wconf 81' lang='lat' dir='ltr'><strong>ex</strong></span> <span class='ocrx_word' id='word_1_487' title='bbox 2713 1175 3023 1243; x_wconf 85' lang='lat' dir='ltr'><strong>conjectura</strong></span> <span class='ocrx_word' id='word_1_488' title='bbox 3052 1180 3105 1227; x_wconf 90' lang='lat' dir='ltr'><strong>et</strong></span> <span class='ocrx_word' id='word_1_489' title='bbox 3131 1173 3385 1242; x_wconf 90' lang='lat' dir='ltr'><strong>opinione</strong></span> <span class='ocrx_word' id='word_1_490' title='bbox 3409 1169 3673 1239; x_wconf 87' lang='lat' dir='ltr'><strong>quadam;</strong></span> 
     </span>
    </p>
   </div>
   <div class='ocr_carea' id='block_1_68' title="bbox 2111 1257 3673 1336">
    <p class='ocr_par' dir='ltr' id='par_1_68' title="bbox 2111 1257 3673 1336">
     <span class='ocr_line' id='line_1_68' title="bbox 2111 1257 3673 1336; baseline -0.012 -11"><span class='ocrx_word' id='word_1_491' title='bbox 2111 1269 2204 1325; x_wconf 90' lang='lat' dir='ltr'><strong>sed</strong></span> <span class='ocrx_word' id='word_1_492' title='bbox 2234 1284 2299 1322; x_wconf 79' lang='lat' dir='ltr'><strong>ex</strong></span> <span class='ocrx_word' id='word_1_493' title='bbox 2329 1267 2462 1336; x_wconf 88' lang='lat' dir='ltr'><strong>ipsis</strong></span> <span class='ocrx_word' id='word_1_494' title='bbox 2498 1265 2713 1321; x_wconf 88' lang='lat' dir='ltr'><strong>Eusebii</strong></span> <span class='ocrx_word' id='word_1_495' title='bbox 2763 1264 2948 1330; x_wconf 87' lang='lat' dir='ltr'><strong>dictis,</strong></span> <span class='ocrx_word' id='word_1_496' title='bbox 2999 1264 3093 1333; x_wconf 91' lang='lat' dir='ltr'><strong>qui</strong></span> <span class='ocrx_word' id='word_1_497' title='bbox 3126 1278 3188 1318; x_wconf 89' lang='lat' dir='ltr'><strong>ea</strong></span> <span class='ocrx_word' id='word_1_498' title='bbox 3227 1263 3280 1315; x_wconf 93' lang='lat' dir='ltr'><strong>in</strong></span> <span class='ocrx_word' id='word_1_499' title='bbox 3319 1276 3376 1315; x_wconf 87' lang='lat' dir='ltr'><strong>re</strong></span> <span class='ocrx_word' id='word_1_500' title='bbox 3416 1275 3558 1313; x_wconf 90' lang='lat' dir='ltr'><strong>unus</strong></span> <span class='ocrx_word' id='word_1_501' title='bbox 3589 1257 3673 1311; x_wconf 88' lang='lat' dir='ltr'><strong>sui</strong></span> 
     </span>
    </p>
   </div>
   <div class='ocr_carea' id='block_1_69' title="bbox 2112 1348 3675 1430">
    <p class='ocr_par' dir='ltr' id='par_1_69' title="bbox 2112 1348 3675 1430">
     <span class='ocr_line' id='line_1_69' title="bbox 2112 1348 3675 1430; baseline -0.01 -16"><span class='ocrx_word' id='word_1_502' title='bbox 2112 1360 2283 1430; x_wconf 89' lang='lat' dir='ltr'><strong>ipsius</strong></span> <span class='ocrx_word' id='word_1_503' title='bbox 2317 1358 2584 1426; x_wconf 89' lang='lat' dir='ltr'><strong>interpres</strong></span> <span class='ocrx_word' id='word_1_504' title='bbox 2614 1372 2739 1411; x_wconf 89' lang='lat' dir='ltr'><strong>esse</strong></span> <span class='ocrx_word' id='word_1_505' title='bbox 2768 1357 2959 1411; x_wconf 88' lang='lat' dir='ltr'><strong>valeat.</strong></span> <span class='ocrx_word' id='word_1_506' title='bbox 2997 1354 3130 1408; x_wconf 88' lang='lat' dir='ltr'><strong>Nam</strong></span> <span class='ocrx_word' id='word_1_507' title='bbox 3172 1352 3324 1415; x_wconf 87' lang='lat' dir='ltr'><strong>illud,</strong></span> <span class='ocrx_word' id='word_1_508' title='bbox 3367 1348 3426 1415; x_wconf 75' lang='grc' dir='ltr'><strong>ἐξ</strong></span> <span class='ocrx_word' id='word_1_509' title='bbox 3453 1350 3549 1402; x_wconf 79' lang='grc' dir='ltr'><strong>οὐκ</strong></span> <span class='ocrx_word' id='word_1_510' title='bbox 3586 1348 3675 1399; x_wconf 72' lang='grc' dir='ltr'><strong>ὅν-</strong></span> 
     </span>
    </p>
   </div>
   <div class='ocr_carea' id='block_1_70' title="bbox 2111 1441 3678 1519">
    <p class='ocr_par' dir='ltr' id='par_1_70' title="bbox 2111 1441 3678 1519">
     <span class='ocr_line' id='line_1_70' title="bbox 2111 1441 3678 1519; baseline -0.008 -17"><span class='ocrx_word' id='word_1_511' title='bbox 2111 1468 2237 1515; x_wconf 82' lang='grc' dir='ltr'><strong>των,</strong></span> <span class='ocrx_word' id='word_1_512' title='bbox 2267 1450 2479 1504; x_wconf 91' lang='lat' dir='ltr'><strong>duobus</strong></span> <span class='ocrx_word' id='word_1_513' title='bbox 2516 1441 2699 1519; x_wconf 82' lang='lat' dir='ltr'><strong>potest</strong></span> <span class='ocrx_word' id='word_1_514' title='bbox 2732 1446 2907 1502; x_wconf 91' lang='lat' dir='ltr'><strong>modis</strong></span> <span class='ocrx_word' id='word_1_515' title='bbox 2956 1444 3220 1515; x_wconf 85' lang='lat' dir='ltr'><strong>intelligi;</strong></span> <span class='ocrx_word' id='word_1_516' title='bbox 3256 1444 3450 1513; x_wconf 91' lang='lat' dir='ltr'><strong>primo,</strong></span> <span class='ocrx_word' id='word_1_517' title='bbox 3501 1442 3574 1493; x_wconf 90' lang='lat' dir='ltr'><strong>ita</strong></span> <span class='ocrx_word' id='word_1_518' title='bbox 3616 1447 3678 1492; x_wconf 86' lang='lat' dir='ltr'><strong>ut</strong></span> 
     </span>
    </p>
   </div>
   <div class='ocr_carea' id='block_1_71' title="bbox 2112 1530 3674 1611">
    <p class='ocr_par' dir='ltr' id='par_1_71' title="bbox 2112 1530 3674 1611">
     <span class='ocr_line' id='line_1_71' title="bbox 2112 1530 3674 1611; baseline -0.009 -16"><span class='ocrx_word' id='word_1_519' title='bbox 2112 1543 2204 1611; x_wconf 91' lang='lat' dir='ltr'><strong>qui</strong></span> <span class='ocrx_word' id='word_1_520' title='bbox 2232 1556 2339 1595; x_wconf 89' lang='lat' dir='ltr'><strong>non</strong></span> <span class='ocrx_word' id='word_1_521' title='bbox 2362 1548 2520 1594; x_wconf 87' lang='lat' dir='ltr'><strong>antea</strong></span> <span class='ocrx_word' id='word_1_522' title='bbox 2542 1538 2833 1601; x_wconf 87' lang='lat' dir='ltr'><strong>exstiterit,</strong></span> <span class='ocrx_word' id='word_1_523' title='bbox 2860 1537 3072 1590; x_wconf 90' lang='lat' dir='ltr'><strong>initium</strong></span> <span class='ocrx_word' id='word_1_524' title='bbox 3098 1532 3396 1589; x_wconf 78' lang='lat' dir='ltr'><strong>exsistendi</strong></span> <span class='ocrx_word' id='word_1_525' title='bbox 3422 1530 3674 1600; x_wconf 90' lang='lat' dir='ltr'><strong>accipiat,</strong></span> 
     </span>
    </p>
   </div>
   <div class='ocr_carea' id='block_1_72' title="bbox 2113 1628 3677 1692">
    <p class='ocr_par' dir='ltr' id='par_1_72' title="bbox 2113 1628 3677 1692">
     <span class='ocr_line' id='line_1_72' title="bbox 2113 1628 3677 1692; baseline -0.008 -6"><span class='ocrx_word' id='word_1_526' title='bbox 2113 1639 2167 1686; x_wconf 90' lang='lat' dir='ltr'><strong>et</strong></span> <span class='ocrx_word' id='word_1_527' title='bbox 2201 1646 2325 1685; x_wconf 90' lang='lat' dir='ltr'><strong>cum</strong></span> <span class='ocrx_word' id='word_1_528' title='bbox 2360 1631 2496 1684; x_wconf 88' lang='lat' dir='ltr'><strong>nihil</strong></span> <span class='ocrx_word' id='word_1_529' title='bbox 2541 1637 2700 1683; x_wconf 87' lang='lat' dir='ltr'><strong>antea</strong></span> <span class='ocrx_word' id='word_1_530' title='bbox 2746 1628 2979 1691; x_wconf 47' lang='lat' dir='ltr'><strong>fuisset;</strong></span> <span class='ocrx_word' id='word_1_531' title='bbox 3005 1628 3062 1681; x_wconf 92' lang='lat' dir='ltr'><strong>in</strong></span> <span class='ocrx_word' id='word_1_532' title='bbox 3107 1642 3288 1681; x_wconf 89' lang='lat' dir='ltr'><strong>rerum</strong></span> <span class='ocrx_word' id='word_1_533' title='bbox 3324 1632 3516 1677; x_wconf 87' lang='lat' dir='ltr'><strong>natura</strong></span> <span class='ocrx_word' id='word_1_534' title='bbox 3551 1637 3677 1692; x_wconf 84' lang='lat' dir='ltr'><strong>pro-</strong></span> 
     </span>
    </p>
   </div>
   <div class='ocr_carea' id='block_1_73' title="bbox 2115 1718 3673 1794">
    <p class='ocr_par' dir='ltr' id='par_1_73' title="bbox 2115 1718 3673 1794">
     <span class='ocr_line' id='line_1_73' title="bbox 2115 1718 3673 1794; baseline -0.007 -16"><span class='ocrx_word' id='word_1_535' title='bbox 2115 1724 2237 1778; x_wconf 88' lang='lat' dir='ltr'><strong>deat</strong></span> <span class='ocrx_word' id='word_1_536' title='bbox 2269 1743 2281 1777; x_wconf 91' lang='lat'><strong>:</strong></span> <span class='ocrx_word' id='word_1_537' title='bbox 2306 1738 2467 1794; x_wconf 88' lang='lat' dir='ltr'><strong>quam</strong></span> <span class='ocrx_word' id='word_1_538' title='bbox 2496 1737 2677 1776; x_wconf 89' lang='lat' dir='ltr'><strong>veram</strong></span> <span class='ocrx_word' id='word_1_539' title='bbox 2704 1720 2871 1775; x_wconf 89' lang='lat' dir='ltr'><strong>fuisse</strong></span> <span class='ocrx_word' id='word_1_540' title='bbox 2900 1727 3034 1789; x_wconf 90' lang='lat' dir='ltr'><strong>puto</strong></span> <span class='ocrx_word' id='word_1_541' title='bbox 3055 1718 3376 1772; x_wconf 87' lang='lat' dir='ltr'><strong>Arianorum</strong></span> <span class='ocrx_word' id='word_1_542' title='bbox 3404 1726 3636 1771; x_wconf 88' lang='lat' dir='ltr'><strong>mentem</strong></span> <span class='ocrx_word' id='word_1_543' title='bbox 3662 1734 3673 1767; x_wconf 89' lang='lat'><strong>:</strong></span> 
     </span>
    </p>
   </div>
   <div class='ocr_carea' id='block_1_74' title="bbox 2046 1806 3682 1902">
    <p class='ocr_par' dir='ltr' id='par_1_74' title="bbox 2046 1806 3682 1902">
     <span class='ocr_line' id='line_1_74' title="bbox 2046 1806 3682 1902; baseline -0.006 -34"><span class='ocrx_word' id='word_1_544' title='bbox 2046 1849 2087 1902; x_wconf 78' lang='lat' dir='ltr'><strong>B</strong></span> <span class='ocrx_word' id='word_1_545' title='bbox 2115 1824 2169 1868; x_wconf 90' lang='lat' dir='ltr'><strong>et</strong></span> <span class='ocrx_word' id='word_1_546' title='bbox 2198 1814 2324 1868; x_wconf 89' lang='lat' dir='ltr'><strong>huic</strong></span> <span class='ocrx_word' id='word_1_547' title='bbox 2362 1813 2645 1869; x_wconf 51' lang='lat' dir='ltr'><strong>sententiae</strong></span> <span class='ocrx_word' id='word_1_548' title='bbox 2674 1811 2938 1866; x_wconf 89' lang='lat' dir='ltr'><strong>Eusebius</strong></span> <span class='ocrx_word' id='word_1_549' title='bbox 2971 1825 3183 1879; x_wconf 88' lang='lat' dir='ltr'><strong>semper</strong></span> <span class='ocrx_word' id='word_1_550' title='bbox 3214 1809 3431 1872; x_wconf 89' lang='lat' dir='ltr'><strong>institit,</strong></span> <span class='ocrx_word' id='word_1_551' title='bbox 3462 1808 3551 1877; x_wconf 90' lang='lat' dir='ltr'><strong>qui</strong></span> <span class='ocrx_word' id='word_1_552' title='bbox 3589 1806 3682 1859; x_wconf 78' lang='lat' dir='ltr'><strong>Fi-</strong></span> 
     </span>
    </p>
   </div>
   <div class='ocr_carea' id='block_1_75' title="bbox 2120 1897 3680 1971">
    <p class='ocr_par' dir='ltr' id='par_1_75' title="bbox 2120 1897 3680 1971">
     <span class='ocr_line' id='line_1_75' title="bbox 2120 1897 3680 1971; baseline -0.006 -11"><span class='ocrx_word' id='word_1_553' title='bbox 2120 1906 2249 1961; x_wconf 92' lang='lat' dir='ltr'><strong>lium</strong></span> <span class='ocrx_word' id='word_1_554' title='bbox 2276 1916 2400 1961; x_wconf 89' lang='lat' dir='ltr'><strong>ante</strong></span> <span class='ocrx_word' id='word_1_555' title='bbox 2429 1906 2760 1960; x_wconf 89' lang='lat' dir='ltr'><strong>creationem</strong></span> <span class='ocrx_word' id='word_1_556' title='bbox 2790 1918 2897 1957; x_wconf 92' lang='lat' dir='ltr'><strong>non</strong></span> <span class='ocrx_word' id='word_1_557' title='bbox 2926 1904 3313 1971; x_wconf 86' lang='lat' dir='ltr'><strong>sempiternum</strong></span> <span class='ocrx_word' id='word_1_558' title='bbox 3345 1915 3465 1954; x_wconf 89' lang='lat' dir='ltr'><strong>esse</strong></span> <span class='ocrx_word' id='word_1_559' title='bbox 3494 1897 3680 1953; x_wconf 88' lang='lat' dir='ltr'><strong>defen-</strong></span> 
     </span>
    </p>
   </div>
   <div class='ocr_carea' id='block_1_76' title="bbox 2122 1990 3680 2067">
    <p class='ocr_par' dir='ltr' id='par_1_76' title="bbox 2122 1990 3680 2067">
     <span class='ocr_line' id='line_1_76' title="bbox 2122 1990 3680 2067; baseline -0.006 -17"><span class='ocrx_word' id='word_1_560' title='bbox 2122 1996 2202 2050; x_wconf 90' lang='lat' dir='ltr'><strong>dit</strong></span> <span class='ocrx_word' id='word_1_561' title='bbox 2231 1996 2338 2067; x_wconf 90' lang='lat' dir='ltr'><strong>(a);</strong></span> <span class='ocrx_word' id='word_1_562' title='bbox 2381 1996 2644 2058; x_wconf 89' lang='lat' dir='ltr'><strong>secundo,</strong></span> <span class='ocrx_word' id='word_1_563' title='bbox 2689 2010 2757 2048; x_wconf 82' lang='lat' dir='ltr'><strong>ex</strong></span> <span class='ocrx_word' id='word_1_564' title='bbox 2796 2008 2903 2047; x_wconf 92' lang='lat' dir='ltr'><strong>non</strong></span> <span class='ocrx_word' id='word_1_565' title='bbox 2938 1993 3279 2047; x_wconf 87' lang='lat' dir='ltr'><strong>exstantibus</strong></span> <span class='ocrx_word' id='word_1_566' title='bbox 3320 1991 3524 2061; x_wconf 91' lang='lat' dir='ltr'><strong>aliquid</strong></span> <span class='ocrx_word' id='word_1_567' title='bbox 3565 1990 3680 2043; x_wconf 83' lang='lat' dir='ltr'><strong>ﬁeri</strong></span> 
     </span>
    </p>
   </div>
   <div class='ocr_carea' id='block_1_77' title="bbox 2118 2081 3677 2155">
    <p class='ocr_par' dir='ltr' id='par_1_77' title="bbox 2118 2081 3677 2155">
     <span class='ocr_line' id='line_1_77' title="bbox 2118 2081 3677 2155; baseline -0.006 -14"><span class='ocrx_word' id='word_1_568' title='bbox 2118 2088 2353 2152; x_wconf 85' lang='lat' dir='ltr'><strong>dicatur,</strong></span> <span class='ocrx_word' id='word_1_569' title='bbox 2375 2102 2499 2140; x_wconf 91' lang='lat' dir='ltr'><strong>cum</strong></span> <span class='ocrx_word' id='word_1_570' title='bbox 2525 2102 2591 2141; x_wconf 83' lang='lat' dir='ltr'><strong>ex</strong></span> <span class='ocrx_word' id='word_1_571' title='bbox 2615 2086 2765 2140; x_wconf 91' lang='lat' dir='ltr'><strong>nullo</strong></span> <span class='ocrx_word' id='word_1_572' title='bbox 2788 2087 3195 2155; x_wconf 72' lang='lat' dir='ltr'><strong>praeexsistente</strong></span> <span class='ocrx_word' id='word_1_573' title='bbox 3215 2084 3476 2153; x_wconf 88' lang='lat' dir='ltr'><strong>originem</strong></span> <span class='ocrx_word' id='word_1_574' title='bbox 3493 2081 3641 2135; x_wconf 88' lang='lat' dir='ltr'><strong>ducit</strong></span> <span class='ocrx_word' id='word_1_575' title='bbox 3665 2100 3677 2133; x_wconf 93' lang='lat'>:</span> 
     </span>
    </p>
   </div>
   <div class='ocr_carea' id='block_1_78' title="bbox 2121 2176 3686 2249">
    <p class='ocr_par' dir='ltr' id='par_1_78' title="bbox 2121 2176 3686 2249">
     <span class='ocr_line' id='line_1_78' title="bbox 2121 2176 3686 2249; baseline -0.003 -17"><span class='ocrx_word' id='word_1_576' title='bbox 2121 2195 2229 2249; x_wconf 88' lang='lat' dir='ltr'><strong>quo</strong></span> <span class='ocrx_word' id='word_1_577' title='bbox 2266 2194 2429 2232; x_wconf 90' lang='lat' dir='ltr'><strong>sensu</strong></span> <span class='ocrx_word' id='word_1_578' title='bbox 2479 2178 2745 2233; x_wconf 88' lang='lat' dir='ltr'><strong>Eusebius</strong></span> <span class='ocrx_word' id='word_1_579' title='bbox 2780 2177 2975 2232; x_wconf 87' lang='lat' dir='ltr'><strong>Filium</strong></span> <span class='ocrx_word' id='word_1_580' title='bbox 3016 2194 3083 2232; x_wconf 82' lang='lat' dir='ltr'><strong>ex</strong></span> <span class='ocrx_word' id='word_1_581' title='bbox 3131 2192 3240 2231; x_wconf 89' lang='lat' dir='ltr'><strong>non</strong></span> <span class='ocrx_word' id='word_1_582' title='bbox 3291 2176 3686 2230; x_wconf 77' lang='lat' dir='ltr'><strong>exsistentibus</strong></span> 
     </span>
    </p>
   </div>
   <div class='ocr_carea' id='block_1_79' title="bbox 2120 2265 3683 2337">
    <p class='ocr_par' dir='ltr' id='par_1_79' title="bbox 2120 2265 3683 2337">
     <span class='ocr_line' id='line_1_79' title="bbox 2120 2265 3683 2337; baseline -0.001 -18"><span class='ocrx_word' id='word_1_583' title='bbox 2120 2266 2391 2336; x_wconf 91' lang='lat' dir='ltr'><strong>prodiisse</strong></span> <span class='ocrx_word' id='word_1_584' title='bbox 2420 2276 2597 2337; x_wconf 86' lang='lat' dir='ltr'><strong>negat,</strong></span> <span class='ocrx_word' id='word_1_585' title='bbox 2627 2282 2752 2319; x_wconf 91' lang='lat' dir='ltr'><strong>nam</strong></span> <span class='ocrx_word' id='word_1_586' title='bbox 2780 2269 2982 2336; x_wconf 87' lang='lat' dir='ltr'><strong>passim</strong></span> <span class='ocrx_word' id='word_1_587' title='bbox 3013 2265 3143 2320; x_wconf 90' lang='lat' dir='ltr'><strong>dicit</strong></span> <span class='ocrx_word' id='word_1_588' title='bbox 3174 2274 3226 2321; x_wconf 87' lang='lat' dir='ltr'><strong>et</strong></span> <span class='ocrx_word' id='word_1_589' title='bbox 3259 2274 3461 2335; x_wconf 88' lang='lat' dir='ltr'><strong>pugnat</strong></span> <span class='ocrx_word' id='word_1_590' title='bbox 3489 2265 3683 2318; x_wconf 80' lang='lat' dir='ltr'><strong>Filium</strong></span> 
     </span>
    </p>
   </div>
   <div class='ocr_carea' id='block_1_80' title="bbox 2121 2357 3683 2428">
    <p class='ocr_par' dir='ltr' id='par_1_80' title="bbox 2121 2357 3683 2428">
     <span class='ocr_line' id='line_1_80' title="bbox 2121 2357 3683 2428; baseline -0.003 -14"><span class='ocrx_word' id='word_1_591' title='bbox 2121 2374 2186 2414; x_wconf 81' lang='lat' dir='ltr'><strong>ex</strong></span> <span class='ocrx_word' id='word_1_592' title='bbox 2215 2358 2375 2412; x_wconf 90' lang='lat' dir='ltr'><strong>Patre</strong></span> <span class='ocrx_word' id='word_1_593' title='bbox 2403 2359 2642 2428; x_wconf 89' lang='lat' dir='ltr'><strong>genitum</strong></span> <span class='ocrx_word' id='word_1_594' title='bbox 2674 2374 2813 2421; x_wconf 88' lang='lat' dir='ltr'><strong>esse,</strong></span> <span class='ocrx_word' id='word_1_595' title='bbox 2846 2359 2969 2412; x_wconf 90' lang='lat' dir='ltr'><strong>licet</strong></span> <span class='ocrx_word' id='word_1_596' title='bbox 2996 2372 3105 2411; x_wconf 90' lang='lat' dir='ltr'><strong>non</strong></span> <span class='ocrx_word' id='word_1_597' title='bbox 3130 2373 3230 2412; x_wconf 89' lang='lat' dir='ltr'><strong>sua</strong></span> <span class='ocrx_word' id='word_1_598' title='bbox 3261 2358 3365 2412; x_wconf 91' lang='lat' dir='ltr'><strong>sibi</strong></span> <span class='ocrx_word' id='word_1_599' title='bbox 3394 2357 3683 2411; x_wconf 85' lang='lat' dir='ltr'><strong>ratiocinia</strong></span> 
     </span>
    </p>
   </div>
   <div class='ocr_carea' id='block_1_81' title="bbox 2120 2448 3683 2520">
    <p class='ocr_par' dir='ltr' id='par_1_81' title="bbox 2120 2448 3683 2520">
     <span class='ocr_line' id='line_1_81' title="bbox 2120 2448 3683 2520; baseline -0.004 -14"><span class='ocrx_word' id='word_1_600' title='bbox 2120 2458 2399 2506; x_wconf 85' lang='lat' dir='ltr'><strong>constent:</strong></span> <span class='ocrx_word' id='word_1_601' title='bbox 2435 2450 2697 2520; x_wconf 89' lang='lat' dir='ltr'><strong>siquidem</strong></span> <span class='ocrx_word' id='word_1_602' title='bbox 2732 2451 2785 2503; x_wconf 93' lang='lat' dir='ltr'><strong>in</strong></span> <span class='ocrx_word' id='word_1_603' title='bbox 2826 2451 2929 2504; x_wconf 86' lang='lat' dir='ltr'><strong>hoc</strong></span> <span class='ocrx_word' id='word_1_604' title='bbox 2958 2449 3345 2503; x_wconf 87' lang='lat' dir='ltr'><strong>commentario</strong></span> <span class='ocrx_word' id='word_1_605' title='bbox 3378 2448 3473 2512; x_wconf 88' lang='lat' dir='ltr'><strong>ait,</strong></span> <span class='ocrx_word' id='word_1_606' title='bbox 3528 2448 3683 2501; x_wconf 78' lang='lat' dir='ltr'><strong>Psat.</strong></span> 
     </span>
    </p>
   </div>
   <div class='ocr_carea' id='block_1_82' title="bbox 2122 2540 3685 2608">
    <p class='ocr_par' dir='ltr' id='par_1_82' title="bbox 2122 2540 3685 2608">
     <span class='ocr_line' id='line_1_82' title="bbox 2122 2540 3685 2608; baseline -0.003 -11"><span class='ocrx_word' id='word_1_607' title='bbox 2122 2560 2264 2608; x_wconf 79' lang='lat' dir='ltr'><strong>xuv,</strong></span> <span class='ocrx_word' id='word_1_608' title='bbox 2298 2544 2355 2606; x_wconf 70' lang='lat'><strong>9,</strong></span> <span class='ocrx_word' id='word_1_609' title='bbox 2372 2542 2566 2595; x_wconf 86' lang='lat' dir='ltr'><strong>Filium</strong></span> <span class='ocrx_word' id='word_1_610' title='bbox 2588 2557 2615 2594; x_wconf 91' lang='lat' dir='ltr'><strong>a</strong></span> <span class='ocrx_word' id='word_1_611' title='bbox 2630 2540 2789 2595; x_wconf 89' lang='lat' dir='ltr'><strong>Patre</strong></span> <span class='ocrx_word' id='word_1_612' title='bbox 2810 2557 2875 2596; x_wconf 72' lang='lat' dir='ltr'><strong>ex</strong></span> <span class='ocrx_word' id='word_1_613' title='bbox 2904 2540 3066 2594; x_wconf 89' lang='lat' dir='ltr'><strong>corde</strong></span> <span class='ocrx_word' id='word_1_614' title='bbox 3081 2548 3132 2594; x_wconf 89' lang='lat' dir='ltr'><strong>et</strong></span> <span class='ocrx_word' id='word_1_615' title='bbox 3149 2556 3214 2593; x_wconf 81' lang='lat' dir='ltr'><strong>ex</strong></span> <span class='ocrx_word' id='word_1_616' title='bbox 3232 2541 3531 2595; x_wconf 88' lang='lat' dir='ltr'><strong>visceribus</strong></span> <span class='ocrx_word' id='word_1_617' title='bbox 3557 2555 3685 2608; x_wconf 89' lang='lat' dir='ltr'><strong>pro-</strong></span> 
     </span>
    </p>
   </div>
   <div class='ocr_carea' id='block_1_83' title="bbox 2122 2629 3682 2699">
    <p class='ocr_par' dir='ltr' id='par_1_83' title="bbox 2122 2629 3682 2699">
     <span class='ocr_line' id='line_1_83' title="bbox 2122 2629 3682 2699; baseline -0.005 -10"><span class='ocrx_word' id='word_1_618' title='bbox 2122 2634 2266 2688; x_wconf 85' lang='lat' dir='ltr'><strong>duci.</strong></span> <span class='ocrx_word' id='word_1_619' title='bbox 2299 2633 2365 2686; x_wconf 89' lang='lat' dir='ltr'><strong>Et</strong></span> <span class='ocrx_word' id='word_1_620' title='bbox 2431 2635 2485 2685; x_wconf 91' lang='lat' dir='ltr'><strong>iu</strong></span> <span class='ocrx_word' id='word_1_621' title='bbox 2518 2632 2975 2686; x_wconf 85' lang='lat' dir='ltr'><strong>Demonstratione</strong></span> <span class='ocrx_word' id='word_1_622' title='bbox 3013 2631 3326 2699; x_wconf 78' lang='lat' dir='ltr'><strong>evangelica,</strong></span> <span class='ocrx_word' id='word_1_623' title='bbox 3369 2632 3405 2685; x_wconf 94' lang='lat' dir='ltr'><strong>l.</strong></span> <span class='ocrx_word' id='word_1_624' title='bbox 3443 2645 3514 2692; x_wconf 87' lang='lat' dir='ltr'><strong>tv,</strong></span> <span class='ocrx_word' id='word_1_625' title='bbox 3550 2646 3597 2683; x_wconf 92' lang='lat' dir='ltr'><strong>c.</strong></span> <span class='ocrx_word' id='word_1_626' title='bbox 3624 2629 3682 2692; x_wconf 69' lang='grc'><strong>2,</strong></span> 
     </span>
    </p>
   </div>
   <div class='ocr_carea' id='block_1_84' title="bbox 2124 2720 3685 2793">
    <p class='ocr_par' dir='ltr' id='par_1_84' title="bbox 2124 2720 3685 2793">
     <span class='ocr_line' id='line_1_84' title="bbox 2124 2720 3685 2793; baseline -0.001 -16"><span class='ocrx_word' id='word_1_627' title='bbox 2124 2739 2177 2793; x_wconf 93' lang='lat' dir='ltr'><strong>p.</strong></span> <span class='ocrx_word' id='word_1_628' title='bbox 2239 2722 2374 2786; x_wconf 73' lang='lat' dir='ltr'><strong>HG,</strong></span> <span class='ocrx_word' id='word_1_629' title='bbox 2430 2720 2627 2775; x_wconf 89' lang='lat' dir='ltr'><strong>Filium</strong></span> <span class='ocrx_word' id='word_1_630' title='bbox 2677 2722 2920 2792; x_wconf 86' lang='lat' dir='ltr'><strong>genitum</strong></span> <span class='ocrx_word' id='word_1_631' title='bbox 2985 2720 3260 2785; x_wconf 88' lang='lat' dir='ltr'><strong>declarat,</strong></span> <span class='ocrx_word' id='word_1_632' title='bbox 3328 2721 3685 2789; x_wconf 80' lang='lat' dir='ltr'><strong>similiterque</strong></span> 
     </span>
    </p>
   </div>
   <div class='ocr_carea' id='block_1_85' title="bbox 2125 2813 3681 2885">
    <p class='ocr_par' dir='ltr' id='par_1_85' title="bbox 2125 2813 3681 2885">
     <span class='ocr_line' id='line_1_85' title="bbox 2125 2813 3681 2885; baseline -0.003 -14"><span class='ocrx_word' id='word_1_633' title='bbox 2125 2831 2179 2885; x_wconf 91' lang='lat' dir='ltr'><strong>p.</strong></span> <span class='ocrx_word' id='word_1_634' title='bbox 2220 2815 2344 2879; x_wconf 77' lang='grc'><strong>148,</strong></span> <span class='ocrx_word' id='word_1_635' title='bbox 2386 2822 2439 2868; x_wconf 89' lang='lat' dir='ltr'><strong>et</strong></span> <span class='ocrx_word' id='word_1_636' title='bbox 2472 2816 2670 2884; x_wconf 87' lang='lat' dir='ltr'><strong>passim</strong></span> <span class='ocrx_word' id='word_1_637' title='bbox 2712 2814 2915 2882; x_wconf 88' lang='lat' dir='ltr'><strong>ubique</strong></span> <span class='ocrx_word' id='word_1_638' title='bbox 2953 2828 3076 2866; x_wconf 90' lang='lat' dir='ltr'><strong>cum</strong></span> <span class='ocrx_word' id='word_1_639' title='bbox 3119 2814 3173 2866; x_wconf 90' lang='lat' dir='ltr'><strong>in</strong></span> <span class='ocrx_word' id='word_1_640' title='bbox 3207 2813 3310 2866; x_wconf 91' lang='lat' dir='ltr'><strong>hoc</strong></span> <span class='ocrx_word' id='word_1_641' title='bbox 3351 2813 3469 2881; x_wconf 88' lang='lat' dir='ltr'><strong>ipso</strong></span> <span class='ocrx_word' id='word_1_642' title='bbox 3497 2827 3681 2881; x_wconf 81' lang='lat' dir='ltr'><strong>Opere,</strong></span> 
     </span>
    </p>
   </div>
   <div class='ocr_carea' id='block_1_86' title="bbox 2124 2904 3684 2975">
    <p class='ocr_par' dir='ltr' id='par_1_86' title="bbox 2124 2904 3684 2975">
     <span class='ocr_line' id='line_1_86' title="bbox 2124 2904 3684 2975; baseline -0.004 -13"><span class='ocrx_word' id='word_1_643' title='bbox 2124 2917 2237 2963; x_wconf 83' lang='lat' dir='ltr'><strong>tum</strong></span> <span class='ocrx_word' id='word_1_644' title='bbox 2282 2907 2335 2959; x_wconf 91' lang='lat' dir='ltr'><strong>in</strong></span> <span class='ocrx_word' id='word_1_645' title='bbox 2388 2907 2542 2960; x_wconf 88' lang='lat' dir='ltr'><strong>libris</strong></span> <span class='ocrx_word' id='word_1_646' title='bbox 2593 2905 2792 2959; x_wconf 84' lang='lat' dir='ltr'><strong>Contra</strong></span> <span class='ocrx_word' id='word_1_647' title='bbox 2833 2904 3162 2969; x_wconf 80' lang='lat' dir='ltr'><strong>Marcellum,</strong></span> <span class='ocrx_word' id='word_1_648' title='bbox 3206 2905 3440 2975; x_wconf 83' lang='lat' dir='ltr'><strong>genitum</strong></span> <span class='ocrx_word' id='word_1_649' title='bbox 3491 2904 3684 2957; x_wconf 87' lang='lat' dir='ltr'><strong>Filium</strong></span> 
     </span>
    </p>
   </div>
   <div class='ocr_carea' id='block_1_87' title="bbox 2126 2994 3685 3051">
    <p class='ocr_par' dir='ltr' id='par_1_87' title="bbox 2126 2994 3685 3051">
     <span class='ocr_line' id='line_1_87' title="bbox 2126 2994 3685 3051; baseline -0.001 0"><span class='ocrx_word' id='word_1_650' title='bbox 2126 2996 2406 3051; x_wconf 89' lang='lat' dir='ltr'><strong>contendit</strong></span> <span class='ocrx_word' id='word_1_651' title='bbox 2432 3016 2444 3050; x_wconf 74' lang='grc' dir='ltr'>ε</span> <span class='ocrx_word' id='word_1_652' title='bbox 2474 3005 2527 3050; x_wconf 90' lang='lat' dir='ltr'><strong>et</strong></span> <span class='ocrx_word' id='word_1_653' title='bbox 2554 3006 2733 3050; x_wconf 88' lang='lat' dir='ltr'><strong>tamen</strong></span> <span class='ocrx_word' id='word_1_654' title='bbox 2759 2997 2916 3049; x_wconf 90' lang='lat' dir='ltr'><strong>aliam</strong></span> <span class='ocrx_word' id='word_1_655' title='bbox 2943 3012 2972 3049; x_wconf 91' lang='lat' dir='ltr'><strong>a</strong></span> <span class='ocrx_word' id='word_1_656' title='bbox 2997 2994 3155 3051; x_wconf 87' lang='lat' dir='ltr'><strong>Patre</strong></span> <span class='ocrx_word' id='word_1_657' title='bbox 3180 2997 3533 3051; x_wconf 87' lang='lat' dir='ltr'><strong>substantiam</strong></span> <span class='ocrx_word' id='word_1_658' title='bbox 3562 2994 3685 3049; x_wconf 83' lang='lat' dir='ltr'><strong>Filii</strong></span> 
     </span>
    </p>
   </div>
   <div class='ocr_carea' id='block_1_88' title="bbox 2127 3088 3687 3158">
    <p class='ocr_par' dir='ltr' id='par_1_88' title="bbox 2127 3088 3687 3158">
     <span class='ocr_line' id='line_1_88' title="bbox 2127 3088 3687 3158; baseline -0.004 -13"><span class='ocrx_word' id='word_1_659' title='bbox 2127 3105 2266 3153; x_wconf 83' lang='lat' dir='ltr'><strong>esse,</strong></span> <span class='ocrx_word' id='word_1_660' title='bbox 2310 3105 2418 3143; x_wconf 90' lang='lat' dir='ltr'><strong>non</strong></span> <span class='ocrx_word' id='word_1_661' title='bbox 2449 3103 2678 3143; x_wconf 89' lang='lat' dir='ltr'><strong>numero</strong></span> <span class='ocrx_word' id='word_1_662' title='bbox 2738 3097 2968 3149; x_wconf 88' lang='lat' dir='ltr'><strong>tantum,</strong></span> <span class='ocrx_word' id='word_1_663' title='bbox 3004 3089 3095 3142; x_wconf 89' lang='lat' dir='ltr'><strong>sed</strong></span> <span class='ocrx_word' id='word_1_664' title='bbox 3127 3088 3383 3158; x_wconf 86' lang='lat' dir='ltr'><strong>dignitate</strong></span> <span class='ocrx_word' id='word_1_665' title='bbox 3403 3095 3455 3139; x_wconf 89' lang='lat' dir='ltr'><strong>et</strong></span> <span class='ocrx_word' id='word_1_666' title='bbox 3480 3088 3687 3156; x_wconf 88' lang='lat' dir='ltr'><strong>magni-</strong></span> 
     </span>
    </p>
   </div>
   <div class='ocr_carea' id='block_1_89' title="bbox 2052 3178 3686 3250">
    <p class='ocr_par' dir='ltr' id='par_1_89' title="bbox 2052 3178 3686 3250">
     <span class='ocr_line' id='line_1_89' title="bbox 2052 3178 3686 3250; baseline -0.004 -12"><span class='ocrx_word' id='word_1_667' title='bbox 2052 3182 2095 3238; x_wconf 87' lang='lat' dir='ltr'><strong><em>C</em></strong></span> <span class='ocrx_word' id='word_1_668' title='bbox 2130 3182 2315 3235; x_wconf 90' lang='lat' dir='ltr'><strong>tudine</strong></span> <span class='ocrx_word' id='word_1_669' title='bbox 2351 3181 2698 3250; x_wconf 84' lang='lat' dir='ltr'><strong>pronuntiat;</strong></span> <span class='ocrx_word' id='word_1_670' title='bbox 2730 3179 2809 3232; x_wconf 88' lang='lat' dir='ltr'><strong>ita</strong></span> <span class='ocrx_word' id='word_1_671' title='bbox 2839 3187 2895 3232; x_wconf 91' lang='lat' dir='ltr'><strong>ut</strong></span> <span class='ocrx_word' id='word_1_672' title='bbox 2924 3195 3024 3234; x_wconf 91' lang='lat' dir='ltr'><strong>nec</strong></span> <span class='ocrx_word' id='word_1_673' title='bbox 3052 3194 3176 3233; x_wconf 83' lang='lat' dir='ltr'><strong>vere</strong></span> <span class='ocrx_word' id='word_1_674' title='bbox 3208 3188 3260 3233; x_wconf 89' lang='lat' dir='ltr'><strong>et</strong></span> <span class='ocrx_word' id='word_1_675' title='bbox 3296 3179 3510 3248; x_wconf 86' lang='lat' dir='ltr'><strong>proprie</strong></span> <span class='ocrx_word' id='word_1_676' title='bbox 3544 3178 3686 3233; x_wconf 85' lang='lat' dir='ltr'><strong>Deus</strong></span> 
     </span>
    </p>
   </div>
   <div class='ocr_carea' id='block_1_90' title="bbox 2129 3268 3689 3343">
    <p class='ocr_par' dir='ltr' id='par_1_90' title="bbox 2129 3268 3689 3343">
     <span class='ocr_line' id='line_1_90' title="bbox 2129 3268 3689 3343; baseline -0.003 -17"><span class='ocrx_word' id='word_1_677' title='bbox 2129 3272 2234 3326; x_wconf 90' lang='lat' dir='ltr'><strong>dici</strong></span> <span class='ocrx_word' id='word_1_678' title='bbox 2269 3272 2474 3343; x_wconf 87' lang='lat' dir='ltr'><strong>possit;</strong></span> <span class='ocrx_word' id='word_1_679' title='bbox 2507 3271 2600 3325; x_wconf 90' lang='lat' dir='ltr'><strong>sed</strong></span> <span class='ocrx_word' id='word_1_680' title='bbox 2631 3271 2705 3322; x_wconf 87' lang='lat' dir='ltr'><strong>ait</strong></span> <span class='ocrx_word' id='word_1_681' title='bbox 2736 3270 2887 3322; x_wconf 91' lang='lat' dir='ltr'><strong>illum</strong></span> <span class='ocrx_word' id='word_1_682' title='bbox 2919 3270 3207 3338; x_wconf 84' lang='lat' dir='ltr'><strong>imaginem</strong></span> <span class='ocrx_word' id='word_1_683' title='bbox 3239 3284 3347 3320; x_wconf 83' lang='lat' dir='ltr'><strong>non</strong></span> <span class='ocrx_word' id='word_1_684' title='bbox 3378 3270 3537 3322; x_wconf 87' lang='lat' dir='ltr'><strong>modo</strong></span> <span class='ocrx_word' id='word_1_685' title='bbox 3565 3268 3689 3321; x_wconf 53' lang='lat' dir='ltr'><strong>Dei.</strong></span> 
     </span>
    </p>
   </div>
   <div class='ocr_carea' id='block_1_91' title="bbox 2130 3359 3687 3430">
    <p class='ocr_par' dir='ltr' id='par_1_91' title="bbox 2130 3359 3687 3430">
     <span class='ocr_line' id='line_1_91' title="bbox 2130 3359 3687 3430; baseline -0.004 -12"><span class='ocrx_word' id='word_1_686' title='bbox 2130 3364 2279 3428; x_wconf 89' lang='lat' dir='ltr'><strong>tatis,</strong></span> <span class='ocrx_word' id='word_1_687' title='bbox 2333 3363 2429 3418; x_wconf 90' lang='lat' dir='ltr'><strong>sed</strong></span> <span class='ocrx_word' id='word_1_688' title='bbox 2475 3363 2637 3417; x_wconf 90' lang='lat' dir='ltr'><strong>etiam</strong></span> <span class='ocrx_word' id='word_1_689' title='bbox 2687 3362 2913 3414; x_wconf 87' lang='lat' dir='ltr'><strong>unitatis</strong></span> <span class='ocrx_word' id='word_1_690' title='bbox 2954 3368 3191 3430; x_wconf 63' lang='lat' dir='ltr'><strong>paterna:</strong></span> <span class='ocrx_word' id='word_1_691' title='bbox 3235 3359 3687 3428; x_wconf 87' lang='lat' dir='ltr'><strong>perfectissimam</strong></span> 
     </span>
    </p>
   </div>
   <div class='ocr_carea' id='block_1_92' title="bbox 2130 3450 3691 3523">
    <p class='ocr_par' dir='ltr' id='par_1_92' title="bbox 2130 3450 3691 3523">
     <span class='ocr_line' id='line_1_92' title="bbox 2130 3450 3691 3523; baseline -0.004 -13"><span class='ocrx_word' id='word_1_692' title='bbox 2130 3471 2283 3519; x_wconf 89' lang='lat' dir='ltr'><strong>esse,</strong></span> <span class='ocrx_word' id='word_1_693' title='bbox 2324 3462 2486 3523; x_wconf 89' lang='lat' dir='ltr'><strong>atque</strong></span> <span class='ocrx_word' id='word_1_694' title='bbox 2516 3454 2637 3507; x_wconf 87' lang='lat' dir='ltr'><strong>ideo</strong></span> <span class='ocrx_word' id='word_1_695' title='bbox 2666 3469 2732 3506; x_wconf 80' lang='lat' dir='ltr'><strong>ex</strong></span> <span class='ocrx_word' id='word_1_696' title='bbox 2758 3452 3310 3521; x_wconf 81' lang='lat' dir='ltr'><strong>Patre-prodeuntem,</strong></span> <span class='ocrx_word' id='word_1_697' title='bbox 3345 3453 3469 3521; x_wconf 91' lang='lat' dir='ltr'><strong>quia</strong></span> <span class='ocrx_word' id='word_1_698' title='bbox 3500 3452 3564 3504; x_wconf 89' lang='lat' dir='ltr'><strong>ad</strong></span> <span class='ocrx_word' id='word_1_699' title='bbox 3587 3450 3691 3504; x_wconf 92' lang='lat' dir='ltr'><strong>Pa-</strong></span> 
     </span>
    </p>
   </div>
   <div class='ocr_carea' id='block_1_93' title="bbox 2129 3542 3691 3613">
    <p class='ocr_par' dir='ltr' id='par_1_93' title="bbox 2129 3542 3691 3613">
     <span class='ocr_line' id='line_1_93' title="bbox 2129 3542 3691 3613; baseline -0.005 -11"><span class='ocrx_word' id='word_1_700' title='bbox 2129 3550 2229 3603; x_wconf 91' lang='lat' dir='ltr'><strong>tris</strong></span> <span class='ocrx_word' id='word_1_701' title='bbox 2272 3545 2681 3602; x_wconf 89' lang='lat' dir='ltr'><strong>similitudincm</strong></span> <span class='ocrx_word' id='word_1_702' title='bbox 2726 3545 2797 3600; x_wconf 91' lang='lat' dir='ltr'><strong>sit</strong></span> <span class='ocrx_word' id='word_1_703' title='bbox 2834 3558 3111 3613; x_wconf 81' lang='lat' dir='ltr'><strong>expressa,</strong></span> <span class='ocrx_word' id='word_1_704' title='bbox 3158 3543 3295 3595; x_wconf 80' lang='grc' dir='ltr'><strong>κατὰ</strong></span> <span class='ocrx_word' id='word_1_705' title='bbox 3332 3542 3553 3613; x_wconf 77' lang='grc' dir='ltr'>γνώμην</span> <span class='ocrx_word' id='word_1_706' title='bbox 3596 3544 3691 3595; x_wconf 68' lang='grc' dir='ltr'><strong>καὶ</strong></span> 
     </span>
    </p>
   </div>
   <div class='ocr_carea' id='block_1_94' title="bbox 2131 3633 3685 3711">
    <p class='ocr_par' dir='ltr' id='par_1_94' title="bbox 2131 3633 3685 3711">
     <span class='ocr_line' id='line_1_94' title="bbox 2131 3633 3685 3711; baseline -0.004 -20"><span class='ocrx_word' id='word_1_707' title='bbox 2131 3639 2469 3711; x_wconf 81' lang='grc' dir='ltr'>προαίρεσιν,</span> <span class='ocrx_word' id='word_1_708' title='bbox 2498 3638 2550 3691; x_wconf 91' lang='lat' dir='ltr'><strong>id</strong></span> <span class='ocrx_word' id='word_1_709' title='bbox 2576 3648 2679 3701; x_wconf 87' lang='lat' dir='ltr'><strong>est,</strong></span> <span class='ocrx_word' id='word_1_710' title='bbox 2707 3652 2773 3690; x_wconf 81' lang='lat' dir='ltr'><strong>ex</strong></span> <span class='ocrx_word' id='word_1_711' title='bbox 2802 3636 3078 3689; x_wconf 87' lang='lat' dir='ltr'><strong>voluntate</strong></span> <span class='ocrx_word' id='word_1_712' title='bbox 3107 3641 3159 3688; x_wconf 90' lang='lat' dir='ltr'><strong>et</strong></span> <span class='ocrx_word' id='word_1_713' title='bbox 3187 3634 3465 3704; x_wconf 86' lang='lat' dir='ltr'><strong>proposito</strong></span> <span class='ocrx_word' id='word_1_714' title='bbox 3488 3633 3685 3695; x_wconf 89' lang='lat' dir='ltr'><strong>Patris,</strong></span> 
     </span>
    </p>
   </div>
   <div class='ocr_carea' id='block_1_95' title="bbox 2132 3726 3689 3797">
    <p class='ocr_par' dir='ltr' id='par_1_95' title="bbox 2132 3726 3689 3797">
     <span class='ocr_line' id='line_1_95' title="bbox 2132 3726 3689 3797; baseline -0.006 -11"><span class='ocrx_word' id='word_1_715' title='bbox 2132 3748 2239 3786; x_wconf 76' lang='lat' dir='ltr'><strong>non</strong></span> <span class='ocrx_word' id='word_1_716' title='bbox 2274 3748 2340 3787; x_wconf 82' lang='lat' dir='ltr'><strong>ex</strong></span> <span class='ocrx_word' id='word_1_717' title='bbox 2368 3738 2577 3785; x_wconf 52' lang='lat' dir='ltr'><strong>natura;</strong></span> <span class='ocrx_word' id='word_1_718' title='bbox 2604 3730 2960 3794; x_wconf 88' lang='lat' dir='ltr'><strong>necessitate;</strong></span> <span class='ocrx_word' id='word_1_719' title='bbox 2990 3742 3110 3797; x_wconf 65' lang='lat' dir='ltr'><strong>quae</strong></span> <span class='ocrx_word' id='word_1_720' title='bbox 3144 3736 3323 3780; x_wconf 89' lang='lat' dir='ltr'><strong>tamen</strong></span> <span class='ocrx_word' id='word_1_721' title='bbox 3352 3728 3551 3796; x_wconf 88' lang='lat' dir='ltr'><strong>imago,</strong></span> <span class='ocrx_word' id='word_1_722' title='bbox 3583 3726 3689 3779; x_wconf 87' lang='lat' dir='ltr'><strong>alia</strong></span> 
     </span>
    </p>
   </div>
   <div class='ocr_carea' id='block_1_96' title="bbox 2133 3818 3694 3892">
    <p class='ocr_par' dir='ltr' id='par_1_96' title="bbox 2133 3818 3694 3892">
     <span class='ocr_line' id='line_1_96' title="bbox 2133 3818 3694 3892; baseline -0.004 -14"><span class='ocrx_word' id='word_1_723' title='bbox 2133 3825 2201 3879; x_wconf 89' lang='lat' dir='ltr'><strong>sit</strong></span> <span class='ocrx_word' id='word_1_724' title='bbox 2225 3840 2254 3877; x_wconf 91' lang='lat' dir='ltr'><strong>a</strong></span> <span class='ocrx_word' id='word_1_725' title='bbox 2280 3832 2503 3892; x_wconf 87' lang='lat' dir='ltr'><strong>paterna</strong></span> <span class='ocrx_word' id='word_1_726' title='bbox 2535 3822 2761 3885; x_wconf 87' lang='lat' dir='ltr'><strong>Deitate,</strong></span> <span class='ocrx_word' id='word_1_727' title='bbox 2796 3822 2993 3879; x_wconf 90' lang='lat' dir='ltr'><strong>minor.</strong></span> <span class='ocrx_word' id='word_1_728' title='bbox 3019 3821 3210 3888; x_wconf 90' lang='lat' dir='ltr'><strong>impar,</strong></span> <span class='ocrx_word' id='word_1_729' title='bbox 3238 3834 3357 3889; x_wconf 80' lang='lat' dir='ltr'><strong>quae</strong></span> <span class='ocrx_word' id='word_1_730' title='bbox 3381 3818 3694 3888; x_wconf 84' lang='lat' dir='ltr'><strong>dignatione</strong></span> 
     </span>
    </p>
   </div>
   <div class='ocr_carea' id='block_1_97' title="bbox 2130 3909 3689 3981">
    <p class='ocr_par' dir='ltr' id='par_1_97' title="bbox 2130 3909 3689 3981">
     <span class='ocr_line' id='line_1_97' title="bbox 2130 3909 3689 3981; baseline -0.003 -16"><span class='ocrx_word' id='word_1_731' title='bbox 2130 3911 2348 3981; x_wconf 88' lang='lat' dir='ltr'><strong>quidem</strong></span> <span class='ocrx_word' id='word_1_732' title='bbox 2373 3909 2553 3965; x_wconf 87' lang='lat' dir='ltr'><strong>Patris</strong></span> <span class='ocrx_word' id='word_1_733' title='bbox 2576 3911 2631 3964; x_wconf 88' lang='lat' dir='ltr'><strong>in</strong></span> <span class='ocrx_word' id='word_1_734' title='bbox 2660 3918 2782 3963; x_wconf 91' lang='lat' dir='ltr'><strong>ortu</strong></span> <span class='ocrx_word' id='word_1_735' title='bbox 2808 3925 2907 3964; x_wconf 92' lang='lat' dir='ltr'><strong>suo</strong></span> <span class='ocrx_word' id='word_1_736' title='bbox 2930 3910 3021 3965; x_wconf 91' lang='lat' dir='ltr'><strong>Dei</strong></span> <span class='ocrx_word' id='word_1_737' title='bbox 3046 3925 3243 3963; x_wconf 88' lang='lat' dir='ltr'><strong>nomen</strong></span> <span class='ocrx_word' id='word_1_738' title='bbox 3268 3910 3567 3978; x_wconf 89' lang='lat' dir='ltr'><strong>acceperit,</strong></span> <span class='ocrx_word' id='word_1_739' title='bbox 3596 3910 3689 3965; x_wconf 93' lang='lat' dir='ltr'><strong>sed</strong></span> 
     </span>
    </p>
   </div>
   <div class='ocr_carea' id='block_1_98' title="bbox 2132 3999 3020 4070">
    <p class='ocr_par' dir='ltr' id='par_1_98' title="bbox 2132 3999 3020 4070">
     <span class='ocr_line' id='line_1_98' title="bbox 2132 3999 3020 4070; baseline -0.002 -15"><span class='ocrx_word' id='word_1_740' title='bbox 2132 4016 2242 4055; x_wconf 89' lang='lat' dir='ltr'><strong>non</strong></span> <span class='ocrx_word' id='word_1_741' title='bbox 2272 4015 2399 4055; x_wconf 87' lang='lat' dir='ltr'><strong>vere</strong></span> <span class='ocrx_word' id='word_1_742' title='bbox 2428 4007 2481 4054; x_wconf 88' lang='lat' dir='ltr'><strong>et</strong></span> <span class='ocrx_word' id='word_1_743' title='bbox 2511 4001 2729 4070; x_wconf 90' lang='lat' dir='ltr'><strong>proprie</strong></span> <span class='ocrx_word' id='word_1_744' title='bbox 2759 3999 2903 4054; x_wconf 91' lang='lat' dir='ltr'><strong>Deus</strong></span> <span class='ocrx_word' id='word_1_745' title='bbox 2932 4002 3020 4054; x_wconf 90' lang='lat' dir='ltr'><strong>sit.</strong></span> 
     </span>
    </p>
   </div>
   <div class='ocr_carea' id='block_1_99' title="bbox 2202 4088 3691 4147">
    <p class='ocr_par' dir='ltr' id='par_1_99' title="bbox 2202 4088 3691 4147">
     <span class='ocr_line' id='line_1_99' title="bbox 2202 4088 3691 4147; baseline -0.002 -2"><span class='ocrx_word' id='word_1_746' title='bbox 2202 4092 2278 4146; x_wconf 80' lang='lat' dir='ltr'><strong>Ex</strong></span> <span class='ocrx_word' id='word_1_747' title='bbox 2322 4091 2434 4147; x_wconf 87' lang='lat' dir='ltr'><strong>Deo</strong></span> <span class='ocrx_word' id='word_1_748' title='bbox 2462 4099 2641 4146; x_wconf 90' lang='lat' dir='ltr'><strong>autem</strong></span> <span class='ocrx_word' id='word_1_749' title='bbox 2675 4101 2729 4146; x_wconf 90' lang='lat' dir='ltr'><strong>et</strong></span> <span class='ocrx_word' id='word_1_750' title='bbox 2765 4108 2829 4145; x_wconf 79' lang='lat' dir='ltr'><strong>ex</strong></span> <span class='ocrx_word' id='word_1_751' title='bbox 2868 4090 3172 4146; x_wconf 84' lang='lat' dir='ltr'><strong>substantia</strong></span> <span class='ocrx_word' id='word_1_752' title='bbox 3216 4090 3309 4145; x_wconf 91' lang='lat' dir='ltr'><strong>Dei</strong></span> <span class='ocrx_word' id='word_1_753' title='bbox 3344 4105 3464 4144; x_wconf 88' lang='lat' dir='ltr'><strong>esse</strong></span> <span class='ocrx_word' id='word_1_754' title='bbox 3493 4088 3691 4143; x_wconf 89' lang='lat' dir='ltr'><strong>Filium</strong></span> 
     </span>
    </p>
   </div>
   <div class='ocr_carea' id='block_1_100' title="bbox 2132 4183 3693 4253">
    <p class='ocr_par' dir='ltr' id='par_1_100' title="bbox 2132 4183 3693 4253">
     <span class='ocr_line' id='line_1_100' title="bbox 2132 4183 3693 4253; baseline -0.004 -13"><span class='ocrx_word' id='word_1_755' title='bbox 2132 4184 2263 4240; x_wconf 90' lang='lat' dir='ltr'><strong>dicit</strong></span> <span class='ocrx_word' id='word_1_756' title='bbox 2294 4186 2507 4239; x_wconf 82' lang='lat' dir='ltr'><strong>ratione</strong></span> <span class='ocrx_word' id='word_1_757' title='bbox 2556 4184 2958 4248; x_wconf 86' lang='lat' dir='ltr'><strong>similitudinis;</strong></span> <span class='ocrx_word' id='word_1_758' title='bbox 3015 4183 3470 4253; x_wconf 89' lang='lat' dir='ltr'><strong>quemadmodum</strong></span> <span class='ocrx_word' id='word_1_759' title='bbox 3514 4184 3693 4252; x_wconf 87' lang='lat' dir='ltr'><strong>imago</strong></span> 
     </span>
    </p>
   </div>
   <div class='ocr_carea' id='block_1_101' title="bbox 2132 4276 3700 4347">
    <p class='ocr_par' dir='ltr' id='par_1_101' title="bbox 2132 4276 3700 4347">
     <span class='ocr_line' id='line_1_101' title="bbox 2132 4276 3700 4347; baseline -0.001 -17"><span class='ocrx_word' id='word_1_760' title='bbox 2132 4277 2437 4347; x_wconf 78' lang='lat' dir='ltr'><strong>cujuspiam</strong></span> <span class='ocrx_word' id='word_1_761' title='bbox 2470 4292 2499 4329; x_wconf 91' lang='lat' dir='ltr'><strong>a</strong></span> <span class='ocrx_word' id='word_1_762' title='bbox 2528 4276 2861 4346; x_wconf 89' lang='lat' dir='ltr'><strong>peritissimo</strong></span> <span class='ocrx_word' id='word_1_763' title='bbox 2896 4276 3103 4346; x_wconf 86' lang='lat' dir='ltr'><strong>pictore</strong></span> <span class='ocrx_word' id='word_1_764' title='bbox 3132 4276 3452 4329; x_wconf 89' lang='lat' dir='ltr'><strong>concinnata</strong></span> <span class='ocrx_word' id='word_1_765' title='bbox 3472 4314 3485 4337; x_wconf 86' lang='lat'><strong>,</strong></span> <span class='ocrx_word' id='word_1_766' title='bbox 3536 4290 3602 4328; x_wconf 73' lang='lat' dir='ltr'><strong>ex</strong></span> <span class='ocrx_word' id='word_1_767' title='bbox 3628 4288 3700 4328; x_wconf 83' lang='lat' dir='ltr'><strong>eo</strong></span> 
     </span>
    </p>
   </div>
   <div class='ocr_carea' id='block_1_102' title="bbox 2132 4366 3692 4438">
    <p class='ocr_par' dir='ltr' id='par_1_102' title="bbox 2132 4366 3692 4438">
     <span class='ocr_line' id='line_1_102' title="bbox 2132 4366 3692 4438; baseline -0.003 -15"><span class='ocrx_word' id='word_1_768' title='bbox 2132 4376 2185 4423; x_wconf 85' lang='lat' dir='ltr'><strong>et</strong></span> <span class='ocrx_word' id='word_1_769' title='bbox 2212 4383 2275 4423; x_wconf 84' lang='lat' dir='ltr'><strong>ex</strong></span> <span class='ocrx_word' id='word_1_770' title='bbox 2310 4383 2541 4437; x_wconf 89' lang='lat' dir='ltr'><strong>persona</strong></span> <span class='ocrx_word' id='word_1_771' title='bbox 2575 4371 2692 4436; x_wconf 87' lang='lat' dir='ltr'><strong>ejus</strong></span> <span class='ocrx_word' id='word_1_772' title='bbox 2725 4383 2984 4438; x_wconf 82' lang='lat' dir='ltr'><strong>expressa</strong></span> <span class='ocrx_word' id='word_1_773' title='bbox 3014 4383 3248 4436; x_wconf 88' lang='lat' dir='ltr'><strong>eumque</strong></span> <span class='ocrx_word' id='word_1_774' title='bbox 3278 4366 3514 4436; x_wconf 89' lang='lat' dir='ltr'><strong>perfecte</strong></span> <span class='ocrx_word' id='word_1_775' title='bbox 3538 4367 3692 4421; x_wconf 81' lang='lat' dir='ltr'><strong>exhi-</strong></span> 
     </span>
    </p>
   </div>
   <div class='ocr_carea' id='block_1_103' title="bbox 2134 4462 3691 4527">
    <p class='ocr_par' dir='ltr' id='par_1_103' title="bbox 2134 4462 3691 4527">
     <span class='ocr_line' id='line_1_103' title="bbox 2134 4462 3691 4527; baseline -0.003 -10"><span class='ocrx_word' id='word_1_776' title='bbox 2134 4464 2261 4517; x_wconf 88' lang='lat' dir='ltr'><strong>bere</strong></span> <span class='ocrx_word' id='word_1_777' title='bbox 2281 4463 2483 4516; x_wconf 87' lang='lat' dir='ltr'><strong>dicitur</strong></span> <span class='ocrx_word' id='word_1_778' title='bbox 2508 4480 2520 4516; x_wconf 93' lang='lat'>:</span> <span class='ocrx_word' id='word_1_779' title='bbox 2548 4463 2650 4517; x_wconf 90' lang='lat' dir='ltr'><strong>etsi</strong></span> <span class='ocrx_word' id='word_1_780' title='bbox 2677 4462 2899 4517; x_wconf 87' lang='lat' dir='ltr'><strong>alterius</strong></span> <span class='ocrx_word' id='word_1_781' title='bbox 2920 4472 2973 4516; x_wconf 91' lang='lat' dir='ltr'><strong>et</strong></span> <span class='ocrx_word' id='word_1_782' title='bbox 2994 4462 3221 4516; x_wconf 65' lang='lat' dir='ltr'><strong>diversae</strong></span> <span class='ocrx_word' id='word_1_783' title='bbox 3242 4462 3563 4517; x_wconf 69' lang='lat' dir='ltr'><strong>substantia:</strong></span> <span class='ocrx_word' id='word_1_784' title='bbox 3589 4462 3691 4527; x_wconf 90' lang='lat' dir='ltr'><strong>sit;</strong></span> 
     </span>
    </p>
   </div>
   <div class='ocr_carea' id='block_1_104' title="bbox 2134 4551 3692 4619">
    <p class='ocr_par' dir='ltr' id='par_1_104' title="bbox 2134 4551 3692 4619">
     <span class='ocr_line' id='line_1_104' title="bbox 2134 4551 3692 4619; baseline -0.002 -12"><span class='ocrx_word' id='word_1_785' title='bbox 2134 4554 2209 4608; x_wconf 88' lang='lat' dir='ltr'><strong>ita</strong></span> <span class='ocrx_word' id='word_1_786' title='bbox 2247 4553 2438 4619; x_wconf 83' lang='lat' dir='ltr'><strong>Filius,</strong></span> <span class='ocrx_word' id='word_1_787' title='bbox 2472 4555 2775 4609; x_wconf 86' lang='lat' dir='ltr'><strong>secundum</strong></span> <span class='ocrx_word' id='word_1_788' title='bbox 2810 4552 3125 4618; x_wconf 87' lang='lat' dir='ltr'><strong>Eusebium,</strong></span> <span class='ocrx_word' id='word_1_789' title='bbox 3167 4568 3231 4606; x_wconf 81' lang='lat' dir='ltr'><strong>ex</strong></span> <span class='ocrx_word' id='word_1_790' title='bbox 3263 4552 3565 4607; x_wconf 90' lang='lat' dir='ltr'><strong>substantia</strong></span> <span class='ocrx_word' id='word_1_791' title='bbox 3596 4551 3692 4606; x_wconf 86' lang='lat' dir='ltr'><strong>Dei</strong></span> 
     </span>
    </p>
   </div>
   <div class='ocr_carea' id='block_1_105' title="bbox 2133 4642 3693 4713">
    <p class='ocr_par' dir='ltr' id='par_1_105' title="bbox 2133 4642 3693 4713">
     <span class='ocr_line' id='line_1_105' title="bbox 2133 4642 3693 4713; baseline -0.003 -13"><span class='ocrx_word' id='word_1_792' title='bbox 2133 4654 2185 4700; x_wconf 90' lang='lat' dir='ltr'><strong>et</strong></span> <span class='ocrx_word' id='word_1_793' title='bbox 2216 4661 2279 4697; x_wconf 82' lang='lat' dir='ltr'><strong>ex</strong></span> <span class='ocrx_word' id='word_1_794' title='bbox 2312 4644 2421 4699; x_wconf 90' lang='lat' dir='ltr'><strong>Deo</strong></span> <span class='ocrx_word' id='word_1_795' title='bbox 2451 4660 2573 4699; x_wconf 91' lang='lat' dir='ltr'><strong>esse</strong></span> <span class='ocrx_word' id='word_1_796' title='bbox 2610 4645 2832 4710; x_wconf 90' lang='lat' dir='ltr'><strong>dicitur,</strong></span> <span class='ocrx_word' id='word_1_797' title='bbox 2877 4646 2969 4713; x_wconf 91' lang='lat' dir='ltr'><strong>qui</strong></span> <span class='ocrx_word' id='word_1_798' title='bbox 3020 4653 3103 4699; x_wconf 89' lang='lat' dir='ltr'><strong>est</strong></span> <span class='ocrx_word' id='word_1_799' title='bbox 3148 4643 3323 4713; x_wconf 89' lang='lat' dir='ltr'><strong>imago</strong></span> <span class='ocrx_word' id='word_1_800' title='bbox 3349 4660 3411 4697; x_wconf 82' lang='lat' dir='ltr'><strong>ex</strong></span> <span class='ocrx_word' id='word_1_801' title='bbox 3452 4642 3562 4697; x_wconf 83' lang='lat' dir='ltr'><strong>Deo</strong></span> <span class='ocrx_word' id='word_1_802' title='bbox 3597 4658 3693 4696; x_wconf 79' lang='lat' dir='ltr'><strong>ex-</strong></span> 
     </span>
    </p>
   </div>
   <div class='ocr_carea' id='block_1_106' title="bbox 2133 4731 3697 4804">
    <p class='ocr_par' dir='ltr' id='par_1_106' title="bbox 2133 4731 3697 4804">
     <span class='ocr_line' id='line_1_106' title="bbox 2133 4731 3697 4804; baseline -0.001 -17"><span class='ocrx_word' id='word_1_803' title='bbox 2133 4750 2342 4804; x_wconf 85' lang='lat' dir='ltr'><strong>pressa,</strong></span> <span class='ocrx_word' id='word_1_804' title='bbox 2386 4734 2552 4788; x_wconf 91' lang='lat' dir='ltr'><strong>Deum</strong></span> <span class='ocrx_word' id='word_1_805' title='bbox 2586 4733 2825 4802; x_wconf 85' lang='lat' dir='ltr'><strong>perfecte</strong></span> <span class='ocrx_word' id='word_1_806' title='bbox 2859 4738 3278 4802; x_wconf 73' lang='lat' dir='ltr'><strong>repraesentans,</strong></span> <span class='ocrx_word' id='word_1_807' title='bbox 3323 4731 3427 4785; x_wconf 85' lang='lat' dir='ltr'><strong>etsi</strong></span> <span class='ocrx_word' id='word_1_808' title='bbox 3464 4731 3697 4785; x_wconf 87' lang='lat' dir='ltr'><strong>alterius</strong></span> 
     </span>
    </p>
   </div>
   <div class='ocr_carea' id='block_1_107' title="bbox 2132 4821 3693 4892">
    <p class='ocr_par' dir='ltr' id='par_1_107' title="bbox 2132 4821 3693 4892">
     <span class='ocr_line' id='line_1_107' title="bbox 2132 4821 3693 4892; baseline -0.003 -13"><span class='ocrx_word' id='word_1_809' title='bbox 2132 4832 2187 4879; x_wconf 92' lang='lat' dir='ltr'><strong>et</strong></span> <span class='ocrx_word' id='word_1_810' title='bbox 2214 4825 2441 4879; x_wconf 69' lang='lat' dir='ltr'><strong>diversa:</strong></span> <span class='ocrx_word' id='word_1_811' title='bbox 2476 4825 2795 4879; x_wconf 80' lang='lat' dir='ltr'><strong>substantiae</strong></span> <span class='ocrx_word' id='word_1_812' title='bbox 2835 4824 2924 4879; x_wconf 87' lang='lat' dir='ltr'><strong>sit.</strong></span> <span class='ocrx_word' id='word_1_813' title='bbox 2967 4824 3024 4877; x_wconf 91' lang='lat' dir='ltr'><strong>ln</strong></span> <span class='ocrx_word' id='word_1_814' title='bbox 3058 4838 3165 4892; x_wconf 90' lang='lat' dir='ltr'><strong>quo</strong></span> <span class='ocrx_word' id='word_1_815' title='bbox 3204 4837 3336 4877; x_wconf 88' lang='lat' dir='ltr'><strong>sane</strong></span> <span class='ocrx_word' id='word_1_816' title='bbox 3367 4821 3632 4876; x_wconf 87' lang='lat' dir='ltr'><strong>Eusebius</strong></span> <span class='ocrx_word' id='word_1_817' title='bbox 3662 4836 3693 4875; x_wconf 88' lang='lat' dir='ltr'><strong>a</strong></span> 
     </span>
    </p>
   </div>
   <div class='ocr_carea' id='block_1_108' title="bbox 2134 4914 3698 4985">
    <p class='ocr_par' dir='ltr' id='par_1_108' title="bbox 2134 4914 3698 4985">
     <span class='ocr_line' id='line_1_108' title="bbox 2134 4914 3698 4985; baseline -0.003 -15"><span class='ocrx_word' id='word_1_818' title='bbox 2134 4924 2283 4971; x_wconf 86' lang='lat' dir='ltr'><strong>recto</strong></span> <span class='ocrx_word' id='word_1_819' title='bbox 2322 4916 2680 4971; x_wconf 88' lang='lat' dir='ltr'><strong>ratiocinandi</strong></span> <span class='ocrx_word' id='word_1_820' title='bbox 2723 4931 2921 4985; x_wconf 88' lang='lat' dir='ltr'><strong>genere</strong></span> <span class='ocrx_word' id='word_1_821' title='bbox 2967 4916 3203 4969; x_wconf 88' lang='lat' dir='ltr'><strong>immane</strong></span> <span class='ocrx_word' id='word_1_822' title='bbox 3246 4923 3506 4983; x_wconf 89' lang='lat' dir='ltr'><strong>quantum</strong></span> <span class='ocrx_word' id='word_1_823' title='bbox 3538 4914 3698 4967; x_wconf 84' lang='lat' dir='ltr'><strong>aber-</strong></span> 
     </span>
    </p>
   </div>
   <div class='ocr_carea' id='block_1_109' title="bbox 2134 5007 3690 5076">
    <p class='ocr_par' dir='ltr' id='par_1_109' title="bbox 2134 5007 3690 5076">
     <span class='ocr_line' id='line_1_109' title="bbox 2134 5007 3690 5076; baseline -0.002 -15"><span class='ocrx_word' id='word_1_824' title='bbox 2134 5016 2265 5063; x_wconf 82' lang='lat' dir='ltr'><strong>rat:</strong></span> <span class='ocrx_word' id='word_1_825' title='bbox 2301 5023 2425 5061; x_wconf 90' lang='lat' dir='ltr'><strong>nam</strong></span> <span class='ocrx_word' id='word_1_826' title='bbox 2472 5024 2537 5063; x_wconf 78' lang='lat' dir='ltr'><strong>ex</strong></span> <span class='ocrx_word' id='word_1_827' title='bbox 2582 5008 2857 5063; x_wconf 86' lang='lat' dir='ltr'><strong>communi</strong></span> <span class='ocrx_word' id='word_1_828' title='bbox 2900 5015 2953 5062; x_wconf 89' lang='lat' dir='ltr'><strong>et</strong></span> <span class='ocrx_word' id='word_1_829' title='bbox 2999 5014 3216 5076; x_wconf 89' lang='lat' dir='ltr'><strong>recepto</strong></span> <span class='ocrx_word' id='word_1_830' title='bbox 3250 5007 3529 5061; x_wconf 87' lang='lat' dir='ltr'><strong>hominum</strong></span> <span class='ocrx_word' id='word_1_831' title='bbox 3567 5022 3690 5069; x_wconf 92' lang='lat' dir='ltr'><strong>usu,</strong></span> 
     </span>
    </p>
   </div>
   <div class='ocr_carea' id='block_1_110' title="bbox 2133 5096 3694 5170">
    <p class='ocr_par' dir='ltr' id='par_1_110' title="bbox 2133 5096 3694 5170">
     <span class='ocr_line' id='line_1_110' title="bbox 2133 5096 3694 5170; baseline -0.003 -16"><span class='ocrx_word' id='word_1_832' title='bbox 2133 5103 2227 5170; x_wconf 92' lang='lat' dir='ltr'><strong>qui</strong></span> <span class='ocrx_word' id='word_1_833' title='bbox 2273 5115 2399 5154; x_wconf 82' lang='lat' dir='ltr'><strong>vere</strong></span> <span class='ocrx_word' id='word_1_834' title='bbox 2444 5101 2700 5169; x_wconf 87' lang='lat' dir='ltr'><strong>gignitur,</strong></span> <span class='ocrx_word' id='word_1_835' title='bbox 2751 5099 3021 5169; x_wconf 85' lang='lat' dir='ltr'><strong>gignentis</strong></span> <span class='ocrx_word' id='word_1_836' title='bbox 3073 5098 3434 5153; x_wconf 89' lang='lat' dir='ltr'><strong>substantiam</strong></span> <span class='ocrx_word' id='word_1_837' title='bbox 3478 5096 3694 5165; x_wconf 87' lang='lat' dir='ltr'><strong>plenam</strong></span> 
     </span>
    </p>
   </div>
   <div class='ocr_carea' id='block_1_111' title="bbox 2136 5189 3691 5261">
    <p class='ocr_par' dir='ltr' id='par_1_111' title="bbox 2136 5189 3691 5261">
     <span class='ocr_line' id='line_1_111' title="bbox 2136 5189 3691 5261; baseline -0.001 -16"><span class='ocrx_word' id='word_1_838' title='bbox 2136 5193 2509 5261; x_wconf 81' lang='lat' dir='ltr'><strong>integramque</strong></span> <span class='ocrx_word' id='word_1_839' title='bbox 2562 5194 2781 5261; x_wconf 88' lang='lat' dir='ltr'><strong>accipit,</strong></span> <span class='ocrx_word' id='word_1_840' title='bbox 2840 5200 2899 5245; x_wconf 83' lang='lat' dir='ltr'><strong>ut</strong></span> <span class='ocrx_word' id='word_1_841' title='bbox 2943 5193 3088 5246; x_wconf 79' lang='lat' dir='ltr'><strong>filius</strong></span> <span class='ocrx_word' id='word_1_842' title='bbox 3135 5192 3317 5246; x_wconf 81' lang='lat' dir='ltr'><strong>vocari</strong></span> <span class='ocrx_word' id='word_1_843' title='bbox 3373 5193 3566 5261; x_wconf 88' lang='lat' dir='ltr'><strong>possit.</strong></span> <span class='ocrx_word' id='word_1_844' title='bbox 3619 5189 3691 5243; x_wconf 84' lang='lat' dir='ltr'><strong>Ea</strong></span> 
     </span>
    </p>
   </div>
   <div class='ocr_carea' id='block_1_112' title="bbox 2135 5282 3695 5354">
    <p class='ocr_par' dir='ltr' id='par_1_112' title="bbox 2135 5282 3695 5354">
     <span class='ocr_line' id='line_1_112' title="bbox 2135 5282 3695 5354; baseline -0.003 -18"><span class='ocrx_word' id='word_1_845' title='bbox 2135 5286 2335 5354; x_wconf 83' lang='lat' dir='ltr'><strong>quippe</strong></span> <span class='ocrx_word' id='word_1_846' title='bbox 2390 5292 2471 5338; x_wconf 89' lang='lat' dir='ltr'><strong>est</strong></span> <span class='ocrx_word' id='word_1_847' title='bbox 2523 5284 2615 5336; x_wconf 87' lang='lat' dir='ltr'><strong>ﬁlii</strong></span> <span class='ocrx_word' id='word_1_848' title='bbox 2668 5285 2885 5353; x_wconf 89' lang='lat' dir='ltr'><strong>proprie</strong></span> <span class='ocrx_word' id='word_1_849' title='bbox 2936 5284 3069 5337; x_wconf 89' lang='lat' dir='ltr'><strong>dicti</strong></span> <span class='ocrx_word' id='word_1_850' title='bbox 3124 5286 3285 5349; x_wconf 85' lang='lat' dir='ltr'><strong>ratio,</strong></span> <span class='ocrx_word' id='word_1_851' title='bbox 3342 5291 3399 5337; x_wconf 90' lang='lat' dir='ltr'><strong>ut</strong></span> <span class='ocrx_word' id='word_1_852' title='bbox 3450 5282 3695 5337; x_wconf 83' lang='lat' dir='ltr'><strong>eamdem</strong></span> 
     </span>
    </p>
   </div>
   <div class='ocr_carea' id='block_1_113' title="bbox 2134 5373 3694 5443">
    <p class='ocr_par' dir='ltr' id='par_1_113' title="bbox 2134 5373 3694 5443">
     <span class='ocr_line' id='line_1_113' title="bbox 2134 5373 3694 5443; baseline -0.001 -18"><span class='ocrx_word' id='word_1_853' title='bbox 2134 5390 2361 5442; x_wconf 84' lang='lat' dir='ltr'><strong>prorsus</strong></span> <span class='ocrx_word' id='word_1_854' title='bbox 2400 5390 2557 5443; x_wconf 90' lang='lat' dir='ltr'><strong>quam</strong></span> <span class='ocrx_word' id='word_1_855' title='bbox 2591 5382 2744 5442; x_wconf 88' lang='lat' dir='ltr'><strong>pater</strong></span> <span class='ocrx_word' id='word_1_856' title='bbox 2777 5384 3025 5427; x_wconf 90' lang='lat' dir='ltr'><strong>naturam</strong></span> <span class='ocrx_word' id='word_1_857' title='bbox 3067 5373 3338 5433; x_wconf 86' lang='lat' dir='ltr'><strong>obtineat:</strong></span> <span class='ocrx_word' id='word_1_858' title='bbox 3381 5375 3534 5432; x_wconf 86' lang='lat' dir='ltr'><strong>alias.</strong></span> <span class='ocrx_word' id='word_1_859' title='bbox 3585 5389 3694 5425; x_wconf 83' lang='lat' dir='ltr'><strong>non</strong></span> 
     </span>
    </p>
   </div>
   <div class='ocr_carea' id='block_1_114' title="bbox 2137 5464 3697 5535">
    <p class='ocr_par' dir='ltr' id='par_1_114' title="bbox 2137 5464 3697 5535">
     <span class='ocr_line' id='line_1_114' title="bbox 2137 5464 3697 5535; baseline -0.001 -18"><span class='ocrx_word' id='word_1_860' title='bbox 2137 5466 2300 5525; x_wconf 78' lang='lat' dir='ltr'><strong>filius,</strong></span> <span class='ocrx_word' id='word_1_861' title='bbox 2337 5467 2428 5519; x_wconf 85' lang='lat' dir='ltr'><strong>sed</strong></span> <span class='ocrx_word' id='word_1_862' title='bbox 2463 5466 2737 5535; x_wconf 80' lang='lat' dir='ltr'><strong>opificium</strong></span> <span class='ocrx_word' id='word_1_863' title='bbox 2770 5465 2905 5527; x_wconf 87' lang='lat' dir='ltr'><strong>erit;</strong></span> <span class='ocrx_word' id='word_1_864' title='bbox 2946 5466 3210 5530; x_wconf 88' lang='lat' dir='ltr'><strong>eamdem,</strong></span> <span class='ocrx_word' id='word_1_865' title='bbox 3246 5467 3489 5534; x_wconf 87' lang='lat' dir='ltr'><strong>inquam,</strong></span> <span class='ocrx_word' id='word_1_866' title='bbox 3515 5464 3697 5532; x_wconf 80' lang='lat' dir='ltr'><strong>specie</strong></span> 
     </span>
    </p>
   </div>
   <div class='ocr_carea' id='block_1_115' title="bbox 2137 5556 3700 5626">
    <p class='ocr_par' dir='ltr' id='par_1_115' title="bbox 2137 5556 3700 5626">
     <span class='ocr_line' id='line_1_115' title="bbox 2137 5556 3700 5626; baseline -0.001 -17"><span class='ocrx_word' id='word_1_867' title='bbox 2137 5565 2388 5609; x_wconf 82' lang='lat' dir='ltr'><strong>naturam</strong></span> <span class='ocrx_word' id='word_1_868' title='bbox 2435 5557 2488 5609; x_wconf 90' lang='lat' dir='ltr'><strong>in</strong></span> <span class='ocrx_word' id='word_1_869' title='bbox 2543 5557 2706 5610; x_wconf 69' lang='lat' dir='ltr'><strong>rebus</strong></span> <span class='ocrx_word' id='word_1_870' title='bbox 2758 5557 2978 5619; x_wconf 91' lang='lat' dir='ltr'><strong>creatis,</strong></span> <span class='ocrx_word' id='word_1_871' title='bbox 3028 5573 3148 5626; x_wconf 64' lang='lat' dir='ltr'><strong>qum</strong></span> <span class='ocrx_word' id='word_1_872' title='bbox 3194 5556 3537 5624; x_wconf 75' lang='lat' dir='ltr'><strong>multiplicari</strong></span> <span class='ocrx_word' id='word_1_873' title='bbox 3572 5570 3700 5622; x_wconf 83' lang='lat' dir='ltr'><strong>pos--</strong></span> 
     </span>
    </p>
   </div>
   <div class='ocr_carea' id='block_1_116' title="bbox 2137 5646 3695 5716">
    <p class='ocr_par' dir='ltr' id='par_1_116' title="bbox 2137 5646 3695 5716">
     <span class='ocr_line' id='line_1_116' title="bbox 2137 5646 3695 5716; baseline -0.001 -17"><span class='ocrx_word' id='word_1_874' title='bbox 2137 5654 2295 5708; x_wconf 85' lang='lat' dir='ltr'><strong>sunt;</strong></span> <span class='ocrx_word' id='word_1_875' title='bbox 2335 5648 2577 5702; x_wconf 87' lang='lat' dir='ltr'><strong>eamdem</strong></span> <span class='ocrx_word' id='word_1_876' title='bbox 2609 5662 2736 5702; x_wconf 86' lang='lat' dir='ltr'><strong>vero</strong></span> <span class='ocrx_word' id='word_1_877' title='bbox 2778 5648 3055 5702; x_wconf 90' lang='lat' dir='ltr'><strong>numerice</strong></span> <span class='ocrx_word' id='word_1_878' title='bbox 3100 5650 3155 5702; x_wconf 91' lang='lat' dir='ltr'><strong>in</strong></span> <span class='ocrx_word' id='word_1_879' title='bbox 3197 5648 3413 5709; x_wconf 86' lang='lat' dir='ltr'><strong>divinis,</strong></span> <span class='ocrx_word' id='word_1_880' title='bbox 3448 5646 3573 5716; x_wconf 89' lang='lat' dir='ltr'><strong>quia</strong></span> <span class='ocrx_word' id='word_1_881' title='bbox 3602 5661 3695 5699; x_wconf 76' lang='lat' dir='ltr'><strong>na-</strong></span> 
     </span>
    </p>
   </div>
  </div>
