4020 6372
340 374 404 427 45
1118 375 1616 433 COMMENTARIA
1655 377 1722 431 IN
1762 378 2101 436 PSALMOS.
2145 412 2212 423 —
2252 384 2800 447 PRELIMINARIA.

3510 406 3578 458 46

336 503 450 544 tura
482 488 576 545 Dei
611 506 737 545 cum
768 491 1119 562 multiplicari
1154 506 1407 564 nequeat,
1446 504 1634 566 utpote
1666 498 1903 563 inﬁnita,
1936 503 1982 558 A
2011 514 2134 552 men
2160 500 2250 556 ille
2282 504 2480 574 ubique
2503 507 2638 562 alias
2666 524 2788 562 cum
2822 510 2889 565 de
2918 510 3055 566 Filio
3078 513 3319 585 loquitur
3350 522 3569 590 respuit,

335 597 438 635 non
462 590 645 650 potest
669 583 776 637 nisi
807 599 913 637 una
943 595 995 639 et
1021 585 1137 655 ipsa
1161 588 1461 658 eademque
1490 595 1907 648 communicari.

332 671 528 726 Verum
566 673 679 727 haec
714 675 939 730 minime
971 678 1243 746 quadrare
1281 697 1391 735 non
1421 683 1701 737 nesciebat
1738 685 1910 740 Euse-

330 764 470 825 bius,
510 772 565 818 et
601 767 733 833 quia
770 768 1002 821 arduum
1033 777 1118 824 est
1155 781 1343 825 contra
1379 774 1545 827 animi
1578 776 1903 830 sententiam

329 856 416 909 diu
463 856 812 927 multumque
858 860 1116 924 scribere,
1169 863 1299 931 quin
1339 865 1587 919 nonnihil
1618 883 1684 920 ex
1724 876 1905 922 mente

327 949 612 1016 scriptoris
642 951 729 1003 vel
762 951 1132 1020 imprudenter
1155 955 1339 1009 eﬂluat
1358 998 1372 1023 ,
1400 972 1509 1010 non
1539 960 1654 1027 pari
1686 975 1901 1030 semper

326 1041 482 1094 modo
512 1040 791 1096 Eusebius
832 1043 1108 1112 loquitur:
1139 1062 1262 1098 nam
1296 1050 1350 1101 in
1383 1047 1685 1105 Demonstr.
1740 1068 1898 1105 evan-

322 1134 483 1201 gelica
518 1132 721 1187 Filium
744 1135 823 1189 sic
847 1145 1146 1205 nuncupat,
1183 1137 1257 1189 Td
1288 1137 1517 1193 τέλειον
1538 1141 1642 1193 τοῦ
1666 1144 1896 1196 τελείου

323 1224 757 1294 δημιούργημα,
792 1227 891 1279 καὶ
933 1228 1126 1295 σοροῦ
1170 1230 1364 1297 σοφὸν
1401 1231 1892 1302 ἀρχιτεκτόνημα,

322 1313 623 1382 Perfectum
656 1318 875 1386 perfecti
903 1318 1191 1386 opiﬁcium,
1218 1331 1267 1373 et
1290 1322 1541 1390 sapientis
1564 1324 1773 1392 sapiens
1799 1342 1890 1377 ar-

323 1406 568 1474 tefactum
601 1423 621 1460 :
650 1414 705 1463 et
734 1409 789 1461 in
817 1409 1045 1478 epistola
1083 1411 1148 1465 ad
1181 1412 1543 1468 Alexandrum
1568 1414 1667 1486 (a),
1693 1416 1890 1471 Filium

320 1514 429 1551 rem
458 1497 662 1552 factam
685 1515 809 1555 esse
831 1502 961 1554 dicit
990 1522 1002 1555 :
1025 1509 1079 1555 et
1106 1504 1431 1559 Arianorum
1459 1520 1681 1562 causam
1704 1518 1888 1578 aperte

322 1597 641 1659 propugnat,
685 1592 778 1661 qui
810 1592 1063 1647 dicebant
1095 1593 1293 1648 Filium
1330 1595 1533 1650 factum
1570 1598 1761 1667 fuisse,
1791 1603 1886 1658 sed

318 1696 421 1733 non
452 1692 510 1734 ut
540 1682 779 1751 aliquam
812 1700 877 1738 ex
911 1686 1074 1741 rebus
1122 1685 1314 1752 factis;
1364 1697 1418 1742 et
1467 1698 1709 1745 creatum
1754 1693 1883 1748 item

318 1773 501 1838 fuisse,
537 1776 634 1829 sed
669 1792 777 1830 non
810 1785 867 1830 ut
895 1779 1131 1847 aliquam
1163 1796 1230 1834 ex
1261 1781 1425 1837 rebus
1456 1785 1674 1839 creatis.
1709 1783 1884 1840 Caate-

315 1879 429 1917 rum
460 1865 678 1919 etiamsi
720 1883 786 1921 ex
824 1869 993 1922 animi
1031 1872 1297 1925 sententia
1342 1872 1612 1930 Eusebius
1642 1874 1876 1931 Verbum

313 1971 432 2009 vere
466 1958 709 2026 genitum
739 1969 791 2013 et
818 1958 1015 2015 Filium
1042 1962 1260 2027 dixerit,
1296 1967 1461 2020 verbo
1484 1975 1691 2021 tantum
1717 1977 1875 2027 tenus

311 2049 375 2103 ab
403 2050 626 2106 Arianis
657 2050 1029 2123 discrepabit:
1058 2073 1181 2115 nam
1214 2059 1291 2111 illi
1326 2060 1551 2128 perinde
1581 2070 1741 2130 atque
1764 2061 1876 2119 Eii-3

310 2142 487 2196 sebius
520 2142 759 2199 Verbum
789 2160 820 2198 a
852 2144 1013 2202 Patre
1042 2149 1387 2217 productum,
1432 2151 1741 2207 substantia
1787 2154 1873 2207 di-

307 2248 519 2287 versum
552 2250 617 2289 ac
650 2237 832 2293 minus
863 2254 984 2295 esse
1027 2239 1187 2295 Patre
1217 2243 1512 2311 putabant;
1552 2258 1621 2297 an
1655 2260 1785 2300 vero
1816 2247 1871 2301 id

304 2322 407 2378 dici
438 2327 611 2394 poSsit
640 2328 881 2398 genitum
922 2346 1062 2396 esse,
1098 2332 1165 2388 de
1203 2335 1423 2391 nomine
1467 2345 1677 2391 tantum
1722 2354 1872 2408 quae-

306 2417 407 2470 stio
435 2426 540 2472 est.

687 2534 807 2583 XIV.
835 2536 1013 2585 Filium
1038 2544 1187 2600 negat
1218 2544 1473 2588 aeternum.

367 2611 521 2677 Quod
546 2614 611 2669 ad
648 2618 1000 2673 aeternitatem
1040 2636 1170 2673 vero
1201 2619 1321 2673 Filii
1355 2630 1481 2676 ante
1510 2623 1861 2687 creationem,

302 2718 365 2756 ne
384 2705 551 2759 latum
584 2723 817 2777 unguem
848 2710 915 2763 ab
937 2712 1261 2765 Arianorum
1286 2715 1554 2767 sententia
1577 2716 1863 2772 deﬂectere

299 2794 529 2857 videtur,
564 2799 658 2865 qui
690 2798 945 2854 dicebant
984 2800 1180 2855 Filium
1216 2818 1321 2857 non
1358 2805 1524 2857 ἀΐδιον
1564 2807 1678 2860 sive
1719 2822 1862 2861 sem-

298 2886 562 2950 piternum
598 2903 721 2941 esse
752 2908 764 2940 :
810 2889 905 2943 sed
939 2900 1064 2946 ante
1092 2894 1274 2947 omnia
1307 2894 1525 2948 factum.
1567 2894 1659 2949 Sic
1688 2904 1741 2950 et
1770 2898 1860 2951 ille

298 2970 486 3026 Filium
530 2976 751 3043 quidem
806 2980 1015 3049 πρῶτον
1064 2982 1170 3034 τῶν
1214 2983 1381 3037 ὄντων
1428 2986 1681 3038 ἁπάντων
1727 2985 1859 3041 dicit

295 3064 589 3121 Demonstr.
629 3087 810 3139 evang.
855 3088 909 3140 p.
952 3074 1073 3138 146,
1106 3075 1158 3126 id
1192 3084 1297 3140 est,
1327 3076 1567 3131 Primum
1625 3080 1857 3133 omnium

2012 598 2065 643 et
2092 591 2192 646 soli
2227 591 2370 647 Patri
2406 605 2713 665 competere
2736 599 2871 653 dicit
2906 621 2917 654 :
2958 603 3185 673 parique
3222 606 3384 661 modo
3414 616 3583 664 tetra-

2010 697 2290 750 grammon
2320 696 2458 754 mm,
2486 691 2630 757 quod
2676 692 2877 758 passim
2912 696 2987 747 ait
3020 696 3075 749 in
3116 696 3202 752 his
3230 698 3580 756 Commenta-

2008 775 2107 829 riis
2144 776 2230 828 uni
2263 775 2407 831 Patri
2441 792 2749 851 competere
2790 802 2981 855 posse;
3018 790 3185 843 semel
3208 790 3261 843 in
3294 807 3577 847 commcn-

2007 866 2148 918 tario
2176 867 2414 938 itemque
2444 874 2611 927 semel
2657 875 2709 927 in
2767 876 3224 933 Demonstratione
3252 883 3571 952 evangelica,

2005 959 2082 1010 ait
2108 957 2245 1013 Filio
2274 960 2665 1032 nonnunquam
2699 971 3013 1037 ascriptum
3034 970 3226 1036 fuisse,
3264 990 3576 1029 accommo—

2003 1051 2126 1105 date
2152 1052 2380 1118 scilicet,
2418 1072 2593 1125 neque
2620 1061 2857 1128 proprie,
2887 1073 2942 1115 ut
2963 1064 3089 1118 alibi
3118 1065 3183 1119 de
3216 1064 3308 1119 Dei
3332 1054 3571 1136 appella-

2001 1141 2146 1195 tione
2179 1142 2385 1197 dictum
2430 1155 2533 1201 est.
2583 1148 2700 1204 Non
2750 1154 3135 1222 sempiternum
3175 1165 3357 1210 autem
3399 1157 3568 1213 fuisse

1999 1231 2235 1290 Verbum
2268 1250 2394 1296 ante
2427 1246 2755 1297 creationem
2782 1248 2972 1314 probat
2995 1248 3097 1303 hoc
3117 1249 3425 1306 dilemmate
3455 1252 3567 1306 Eu-

1997 1328 2203 1393 sebius,
2247 1333 2301 1385 in
2333 1332 2451 1388 loco
2481 1333 2680 1389 Contra
2718 1334 3029 1391 Marcellum
3060 1341 3315 1409 superius
3357 1358 3566 1399 memo—

1994 1428 2115 1473 rato
2141 1420 2231 1475 :Si
2272 1422 2442 1481 Filius
2465 1426 2728 1492 sitatam;
2759 1431 2873 1484 sive
2901 1433 3287 1502 sempiternus,
3334 1436 3418 1492 vel
3452 1437 3561 1491 duo

1991 1523 2152 1568 erunt
2192 1519 2546 1588 sempiterna,
2577 1538 2771 1592 nempe
2800 1523 2961 1579 Pater
2995 1533 3049 1580 et
3078 1525 3270 1592 Filius,
3302 1530 3444 1599 quod
3473 1540 3561 1586 est

1990 1622 2019 1658 a
2060 1608 2163 1663 [ide
2193 1609 2491 1677 absonum;
2543 1615 2627 1667 vel
2669 1612 2831 1670 Pater
2868 1625 2922 1670 et
2968 1615 3139 1673 Filius
3186 1634 3353 1673 unum
3398 1632 3559 1677 erunt

1988 1702 2403 1767 sempiternum,
2440 1703 2584 1771 quod
2623 1711 2707 1759 est
2739 1703 3128 1761 Sabellianum.
3161 1709 3299 1764 Ante
3319 1713 3554 1766 creatio-

1986 1803 2107 1842 nem
2146 1791 2312 1861 igitur
2346 1792 2579 1848 Verbum
2629 1811 2756 1851 non‘
2786 1799 3175 1867 sempiternum
3210 1815 3332 1855 esse
3366 1801 3554 1857 docuit

1986 1877 2285 1947 Eusebius;
2335 1900 2512 1954 neque
2560 1895 2741 1942 tamen
2795 1904 2884 1943 res
2930 1897 3143 1945 creatas
3196 1892 3379 1945 statim
3427 1901 3554 1961 post

1985 1970 2147 2027 Verbi
2192 1985 2373 2031 ortum
2420 1978 2596 2034 editas
2640 1996 2762 2036 esse
2802 1989 2981 2051 putat;
3040 1982 3135 2037 sed
3169 1983 3550 2053 interpositum

1983 2063 2216 2130 spatium
2269 2065 2409 2119 inter
2456 2066 2621 2122 Verbi
2664 2077 2717 2123 et
2759 2070 3096 2139 opiﬁciorum
3129 2073 3545 2141 productionem

1980 2155 2267 2208 constituit
2295 2157 2383 2212 ille
2414 2176 2427 2211 :
2459 2174 2566 2228 qua
2599 2161 2654 2213 in
2682 2176 2740 2215 re
2765 2162 2982 2231 paulum
3014 2162 3298 2219 deﬂectere
3327 2164 3546 2224 videtur

1978 2246 2047 2300 ab
2067 2246 2282 2303 Ariana:
2311 2259 2470 2305 sectae
2493 2253 2848 2323 principibus,
2872 2256 2963 2324 qui
2991 2256 3226 2311 Verbum
3259 2258 3325 2311 ad
3354 2272 3537 2313 rerum

1976 2339 2219 2393 omnium
2275 2344 2605 2398 creationem
2657 2346 2982 2414 productum
3034 2349 3152 2403 sine
3212 2349 3540 2406 intermedio

1970 2429 2151 2497 spatio
2176 2432 2602 2501 arbitrabantur,
2630 2444 2689 2490 ut
2718 2438 2810 2492 illo
2836 2439 2977 2495 Deus
3000 2440 3066 2494 ad
3093 2441 3305 2511 opificia
3329 2444 3539 2498 edenda

1974 2536 2071 2575 ceu
2099 2522 2463 2581 instrumento
2498 2536 2759 2584 uteretur.

2342 2658 2444 2709 XV.
2472 2660 2667 2713 Summa
2686 2664 2921 2715 doctrina:
2940 2667 3158 2718 Eusebii.

2041 2778 2288 2854 En-crgo
2335 2792 2505 2840 totam
2559 2788 2878 2845 Eusebiana:
2918 2793 3204 2864 theologiae
3242 2812 3532 2851 summam.

1969 2871 2121 2930 Unus
2150 2891 2313 2932 verus
2339 2878 2408 2932 ab
2428 2887 2632 2934 aeterno
2656 2880 2797 2936 Deus
2822 2882 2981 2938 Pater
3008 2884 3129 2949 fuit,
3159 2886 3251 2955 qui
3278 2888 3534 2944 omnibus

1967 2974 2130 3037 atque
2164 2969 2328 3024 etiam
2365 2968 2502 3025 Filio
2536 2987 2636 3027 suo
2678 2976 3004 3043 praeexsistit
3038 2997 3050 3031 :
3088 2976 3393 3050 Filiumque
3426 2982 3534 3035 sibi

1964 3068 2153 3129 postea
2199 3077 2309 3115 non
2342 3079 2410 3116 ex
2454 3067 2779 3122 necessitate
2824 3075 3050 3133 naturae,
3096 3070 3192 3125 sed
3240 3087 3306 3126 ex
3359 3072 3533 3129 libero

291 3173 605 3228 quacunque
629 3173 786 3226 sunt;
828 3163 991 3233 idque
1018 3168 1222 3234 passim
1264 3169 1458 3237 repetit
1500 3170 1556 3222 in
1581 3169 1669 3223 his
1701 3184 1853 3223 com-
1886 3192 1925 3249 ρ
1964 3153 2262 3249 “luminis
2301 3156 2527 3210 arbitrio
2564 3173 2627 3211 ³ο
2679 3162 2980 3229 Ρτοβοείίον
3018 3163 3274 3231 Ρτοάυῖίι
3303 3179 3369 3217 εἰ
3401 3165 3533 3219 Slib'

292 3252 595 3313 mentariis,
634 3253 798 3321 inque
833 3254 986 3311 libris
1018 3266 1201 3310 contra
1237 3257 1552 3311 Marcellum
1573 3276 1590 3311 :
1618 3261 1854 3329 itemque

291 3339 363 3390 ait
388 3339 586 3395 Filium
619 3345 725 3414 πρὸ
749 3346 953 3416 χρόνων
986 3348 1235 3413 αἰωνίων,
1269 3358 1322 3405 et
1348 3351 1452 3422 πρὸ
1483 3352 1699 3406 πάντων
1726 3352 1849 3405 αἰώ-

286 3446 407 3492 νων,
447 3433 501 3485 id
532 3445 637 3498 est,
670 3446 788 3490 ante
826 3438 1041 3502 saecula,
1097 3441 1417 3509 productum
1452 3461 1464 3496 :
1499 3458 1624 3497 nam
1654 3446 1853 3498 saecula

283 3525 334 3568 et
363 3529 581 3588 tempus
610 3538 771 3579 omne
813 3541 937 3580 cum
984 3529 1184 3583 mundo
1228 3532 1460 3601 ccepisse
1508 3548 1631 3587 cum
1666 3535 1853 3590 multis

282 3611 404 3664 aliis
444 3615 724 3669 veteribus
772 3620 1087 3681 arbitratur,
1145 3638 1245 3676 nec
1295 3640 1396 3678 vox
1447 3625 1662 3690 αἰώνιος
1707 3630 1850 3697 apud

281 3701 599 3770 Eusebium,
637 3724 737 3778 pro
769 3714 1068 3767 aateruitate
1096 3724 1222 3769 ante
1249 3717 1581 3772 creationem
1615 3736 1848 3790 usquam

279 3798 513 3851 sumitur
543 3818 556 3852 :
585 3816 709 3854 nam
743 3803 1051 3872 hujusmodi
1084 3809 1444 3864 aeternitatem
1478 3811 1532 3864 in
1563 3809 1703 3867 Filio
1735 3814 1850 3866 evi-

275 3887 466 3941 denter
490 3900 651 3960 negat
670 3901 722 3945 et
743 3907 926 3947 contra
958 3894 1272 3951 Marcellum
1305 3914 1474 3969 agens
1506 3902 1738 3956 alIirmat
1764 3903 1850 3957 Fi~

273 3980 403 4032 lium
457 3998 567 4036 non
618 4000 777 4053 posse
810 3987 917 4041 diei
968 3991 1135 4043 ἀΐδιον
1180 3992 1295 4047 sive
1337 3996 1752 4063 sempiternum,
1789 4008 1848 4052 ut

270 4069 457 4125 videre
487 4082 592 4135 est,
627 4076 662 4127 l.
695 4092 756 4137 ll,
786 4093 835 4132 c.
871 4079 953 4143 l2,
984 4088 1037 4133 et
1067 4083 1215 4137 alibi.
1250 4084 1361 4140 Nec
1396 4086 1631 4142 diﬁiteor
1660 4097 1843 4143 tamen

274 4161 323 4212 in
351 4164 774 4222 Commentariis
812 4169 865 4221 in
912 4169 1155 4229 Psalmos
1200 4174 1265 4228 ad
1298 4176 1443 4231 hunc
1473 4180 1611 4247 psal.
1646 4195 1686 4233 ιι
1718 4197 1842 4235 ver-

269 4266 412 4314 sum,
448 4252 561 4322 Ego
591 4256 741 4311 hodie
760 4262 913 4329 genui
928 4271 996 4324 te,
1029 4263 1142 4319 hinc
1168 4266 1354 4321 haberi
1382 4270 1553 4338 τἘτὼ
1578 4270 1842 4340 σήμερον

269 4344 602 4412 τεῖνεέννηκά
629 4365 721 4414 σε,
745 4351 982 4421 δηλονότι
1016 4359 1141 4431 περὶ
1171 4360 1270 4429 τῆς
1300 4361 1553 4432 χρονικῆς
1583 4362 1685 4433 ἔφη
1715 4380 1839 4431 γεν-

268 4439 494 4505 νήσεως·
522 4442 648 4511 περὶ
685 4444 791 4514 γὰρ
822 4446 920 4515 τῆς
952 4448 1185 4518 ἁνὰρχου
1216 4453 1379 4522 φησὶν
1406 4453 1565 4516 αὐτὸς
1599 4455 1627 4505 ὁ
1652 4455 1832 4507 Δαυῒδ·

1958 3246 2158 3299 stantia
2183 3263 2281 3302 sua
2308 3267 2319 3301 :
2347 3264 2456 3303 non
2482 3250 2844 3306 substantiam
2871 3268 3023 3308 suam
3046 3256 3161 3310 sive
3186 3265 3382 3324 totam,
3414 3258 3530 3316 sive

1955 3338 2217 3404 decisam,
2247 3340 2385 3395 Filio
2406 3344 2839 3413 communicaris;
2864 3346 2958 3401 sed
2985 3346 3345 3405 substantiam
3365 3353 3527 3407 aliam

1954 3429 2021 3483 ad
2062 3432 2147 3485 sui
2191 3447 2285 3502 per
2326 3433 2508 3487 omnia
2539 3435 2953 3492 similitudinem
2994 3445 3049 3492 et
3085 3440 3374 3513 imaginem
3407 3460 3529 3513 pro-

1954 3522 2191 3585 ducens;
2238 3535 2501 3593 quantum
2536 3527 2746 3583 scilicet
2784 3536 2963 3599 potest
3003 3533 3313 3588 substantia
3347 3550 3377 3588 a
3412 3536 3525 3591 Deo

1953 3614 2166 3670 diversa
2217 3615 2312 3670 Dei
2362 3618 2653 3687 imaginem
2687 3620 2868 3676 ferre:
2904 3638 3030 3677 nam
3066 3626 3224 3696 longe
3256 3629 3433 3697 impar
3468 3639 3526 3684 et

1952 3707 2131 3759 minor
2167 3705 2327 3763 Patre
2374 3708 2547 3765 Filius
2571 3719 2673 3766 est.
2707 3712 2842 3766 Cum
2871 3724 3051 3770 autem
3084 3717 3261 3787 imago
3294 3720 3383 3772 illa
3412 3736 3522 3775 una

1950 3795 2118 3851 Deum
2154 3799 2568 3869 perfectissime,
2609 3810 2871 3872 quantum
2919 3806 3035 3860 lieri
3080 3817 3276 3877 potest,
3322 3826 3523 3881 reprae-

1949 3900 2146 3955 sentet,
2174 3909 2282 3947 non
2314 3895 2637 3949 substantiae
2670 3896 2831 3950 modo
2859 3896 2977 3962 Dei,
3023 3902 3116 3955 sed
3144 3903 3305 3956 etiam
3339 3904 3522 3959 unita-

1948 3983 2020 4037 tis
2045 3985 2164 4053 ejus
2196 3986 2372 4056 imago
2400 3995 2499 4042 est.
2541 3988 2695 4043 Unde
2716 3986 2787 4043 ob
2821 3990 2966 4044 illam
2996 3993 3214 4047 unicam
3238 4004 3292 4050 et
3323 3996 3516 4066 singu-

1946 4076 2111 4132 larem
2135 4079 2566 4146 similitudinem,
2594 4081 2763 4139 Filius
2787 4084 2855 4139 ab
2896 4086 3104 4156 origine
3122 4086 3265 4143 Deus
3289 4097 3519 4146 vocatus

1944 4178 1998 4224 et
2025 4171 2202 4227 factus
2240 4182 2344 4237 est,
2378 4174 2713 4247 Θεοποιηθείς
2745 4198 2758 4232 ;
2792 4180 2885 4248 qui
2920 4181 3024 4235 etsi
3058 4197 3185 4238 vere
3219 4182 3365 4240 Deus
3403 4184 3513 4240 dici

1943 4277 2050 4316 non
2081 4266 2273 4333 possit,
2322 4267 2366 4319 si
2405 4281 2530 4320 cum
2578 4266 2741 4323 Patre
2785 4280 3156 4341 comparetur,
3197 4284 3516 4346 comparate

1942 4363 2120 4409 tamen
2154 4356 2220 4409 ad
2254 4367 2533 4414 creaturas
2567 4375 2691 4415 vere
2736 4361 2881 4418 Deus
2928 4364 3137 4428 dicitur
3175 4385 3187 4420 :
3224 4369 3350 4437 quia
3382 4369 3514 4439 ipsa:

1942 4446 2206 4519 imagines
2240 4449 2334 4505 Dei
2368 4452 2524 4521 longe
2556 4453 2987 4522 imperfectiores
3016 4466 3163 4511 sunt.
3196 4458 3377 4524 Quare
3408 4461 3511 4515 αὐ-

282 4528 371 4580 Ὲκ
422 4533 684 4599 γαστρὸς
724 4535 837 4602 πρὸ
878 4538 1189 4607 ἑωσφόρον
1221 4542 1550 4610 γεγέννηκά
1594 4562 1688 4611 σε,
1732 4546 1833 4601 hoc

1964 4541 2123 4605 ’όθεος
2155 4542 2379 4605 dicitur,
2417 4543 2553 4607 sive,
2603 4545 2711 4613 ipse
2745 4544 2910 4610 Deus,
2941 4548 3068 4617 quia
3103 4566 3166 4603 ex
3199 4551 3511 4605 omnimoda

268 4628 346 4670 est
376 4639 387 4671 :
424 4640 442 4669 ι
474 4620 587 4689 Ego
604 4623 756 4677 hodie
772 4630 926 4695 genui
963 4639 1030 4693 te,
1072 4650 1088 4681 ι
1120 4632 1172 4683 id
1200 4633 1437 4689 videlicet
1462 4634 1525 4689 de
1559 4639 1828 4707 temporali

269 4724 593 4778 generatione
630 4717 850 4784 dictum,
877 4738 992 4790 qua:
1026 4738 1117 4790 per
1155 4730 1498 4783 oeconomiam
1534 4731 1681 4798 facta
1710 4742 1826 4795 est;

268 4802 327 4855 de
352 4805 446 4856 illa
474 4823 697 4877 namque
719 4826 834 4878 qua:
854 4815 966 4866 sine
991 4818 1247 4885 principio
1268 4829 1365 4883 est,
1386 4822 1461 4875 ait
1489 4824 1596 4891 ipse
1619 4824 1791 4879 David
1813 4842 1830 4879 :

274 4909 291 4939 ι
333 4892 411 4945 Ex
445 4904 593 4949 utero
618 4911 739 4954 ante
767 4901 1043 4972 luciferum
1079 4909 1233 4976 genui
1270 4920 1317 4962 te
1347 4910 1649 4981 (Psalmtx,
1674 4916 1764 4985 5).
1807 4936 1824 4967 )

268 4981 459 5040 Verum
489 4989 540 5041 id
571 4991 703 5043 nihil
725 5008 866 5047 verre
886 4995 1105 5050 Eusebii
1129 5002 1411 5055 sententiae
1432 5002 1651 5068 olliciat,
1678 4981 1828 5071 nam,
1864 5020 1865 5023 ‘

267 5084 322 5127 ut
348 5079 521 5143 vides,
554 5081 786 5151 ἄναρχον
816 5095 972 5138 vocat
1012 5086 1174 5143 Verbi
1226 5095 1655 5161 generationem,
1700 5100 1829 5168 quia

266 5177 385 5221 ante
437 5171 744 5239 luciferum,
797 5175 849 5229 id
884 5185 989 5241 est,
1033 5186 1157 5234 ante
1190 5182 1517 5252 principium
1563 5190 1825 5259 temporis

265 5258 359 5312 fuit
391 5281 403 5314 :
439 5263 708 5332 siquidem
746 5265 1003 5333 Verbum,
1040 5278 1096 5323 ut
1127 5272 1202 5326 ait
1228 5271 1488 5341 Joannes,
1530 5279 1584 5331 in
1616 5258 1825 5348 princi-

265 5350 345 5415 pio
383 5360 518 5413 erat,
551 5354 698 5421 quod
729 5355 817 5410 ille
848 5358 915 5411 de
962 5360 1230 5430 principio
1263 5367 1521 5433 temporis
1552 5368 1821 5436 explicat,

264 5444 414 5506 amne
466 5441 591 5495 ideo
642 5445 727 5498 hic
762 5446 994 5518 ἄναρχος
1038 5450 1198 5507 Verbi
1242 5462 1396 5508 ortus
1436 5455 1657 5522 dicitur,
1690 5460 1820 5529 quia

262 5542 373 5582 cum
402 5543 531 5587 ante
561 5550 723 5591 omne
751 5546 964 5609 tempus
1002 5553 1055 5596 et
1083 5555 1205 5599 ante
1248 5548 1430 5601 omnia
1470 5551 1669 5604 saecula
1698 5550 1821 5607 fue-
1865 5598 1878 5620 ,

263 5616 342 5681 rit,
382 5636 490 5674 non
534 5622 715 5694 habet‘
737 5627 1065 5697 principium
1105 5634 1388 5702 temporis.
1426 5635 1693 5707 Ἀναρχον
1735 5647 1818 5692 ta-

320 5798 390 5865 (a)
426 5799 591 5856 Conc.
634 5799 842 5878 Nimim,
867 5812 973 5859 act.
1009 5805 1061 5873 6,
1091 5824 1142 5879 p.
1171 5810 1305 5873 498.,

1940 4632 2031 4685 illa
2062 4633 2421 4688 similitudine
2457 4634 2596 4689 Deus
2627 4637 2696 4690 ab
2735 4644 2861 4691 ortu
2900 4641 3206 4709 appellatus
3236 4650 3347 4709 est;
3381 4658 3507 4711 cum

1938 4734 2129 4777 contra
2155 4726 2328 4795 angeli
2359 4734 2413 4781 et
2438 4728 2688 4786 homines
2715 4733 3016 4787 secundum
3045 4726 3280 4803 aliquam
3315 4735 3510 4789 simili.

1937 4815 2143 4869 tudinis
2189 4818 2456 4873 rationem
2501 4822 2576 4875 dii
2625 4832 3030 4893 nuncupentur.
3082 4824 3309 4879 Genitus
3339 4826 3506 4880 etiam

1935 4905 2041 4959 dici
2088 4916 2264 4976 potest
2308 4918 2361 4963 et
2407 4912 2565 4967 debet
2611 4913 2806 4975 Filius,
2844 4916 2971 4985 quia
3017 4917 3118 4971 etsi
3164 4932 3273 4969 non
3314 4916 3505 4971 eadem

1933 5014 2095 5068 quam
2126 4999 2288 5055 Pater
2320 5004 2679 5060 substantiam
2710 5007 2929 5070 habeat,
2962 5024 3024 5062 ex
3062 5009 3369 5063 substantia
3403 5009 3507 5064 Pa-

1933 5090 2031 5143 tris
2078 5105 2143 5144 eo
2188 5108 2295 5161 quo
2341 5110 2507 5165 supra
2556 5096 2792 5151 diximus
2841 5096 3003 5151 modo
3048 5097 3346 5166 productus
3395 5108 3499 5154 est.

1932 5179 2195 5239 IEternus
2232 5195 2409 5240 autem
2453 5202 2560 5242 non
2607 5197 2690 5245 est
2740 5188 2947 5253 Filius,
2995 5190 3089 5243 sed
3140 5201 3263 5248 ante
3309 5204 3502 5246 omnes

1874 5274 1877 5277 λ
1929 5282 2211 5329 creaturas
2259 5280 2494 5357 genitus.
2548 5280 2699 5335 Hanc
2752 5281 3083 5351 ipsissimam
3118 5296 3239 5337 esse
3275 5280 3499 5338 Eusebii

1928 5364 1994 5419 de
2022 5365 2201 5423 Verbo
2229 5368 2533 5425 doctrinam
2564 5373 2769 5442 liquido
2797 5374 3210 5443 comprobatum
3243 5377 3498 5446 superius

1927 5465 2028 5512 est.
2064 5456 2217 5524 Quod
2244 5462 2289 5515 si
2320 5462 2374 5514 in
2402 5462 2488 5517 his
2519 5463 2790 5520 Eusebius
2818 5480 3002 5519 secum
3027 5480 3273 5535 pugnare
3301 5467 3496 5537 depre-

1924 5548 2192 5605 hendatur
2212 5590 2226 5615 ,
2271 5552 2324 5605 id
2354 5567 2485 5607 sane
2512 5555 2792 5623 proprium
2836 5555 3042 5610 erroris
3082 5564 3186 5621 est,
3217 5566 3277 5611 ut
3310 5557 3494 5613 consi-

1925 5647 2068 5695 Stere
2092 5655 2201 5694 non
2230 5642 2426 5707 valeat,
2458 5643 2670 5713 sibique
2702 5644 2804 5714 ipsi
2839 5644 3172 5703 adversetur.
