4020 6372
418 387 487 442 ι’]
1133 367 1400 429 FUSEBII
1437 354 1912 421 CAESARlENSlS
1948 352 2101 410 OPP.
2142 351 2322 406 PARS
2358 350 2448 408 Ill.
2481 380 2552 391 —
2583 344 2993 403 EXEGETICA.
3590 345 3661 400 43

419 523 544 577 XVI.
567 519 715 583 ἄζει-θ
752 511 1049 583 defenditur.
1089 538 1146 548 -
1170 502 1610 583 XVIlLArianum
1652 497 1863 564 probant
1895 499 1992 543 tam
2023 496 2068 553 Α
2098 492 2254 547 libuit
2283 459 2575 546 desistere.
2603 487 2720 554 Qua
2753 487 2807 541 in
2840 501 2900 540 re
2931 485 3062 556 quid
3104 485 3308 540 certius
3347 463 3658 553 evangelica

899 581 1058 639 gesta,
1075 585 1220 634 quam
1240 570 1437 630 scripta.

496 692 563 744 At
593 688 686 758 qui
718 689 1005 756 purgatum
1037 675 1330 732 Eusebium
1367 671 1574 732 volunt,
1603 682 1725 721 cum
1755 671 1988 725 veteres,

425 793 541 840 tum
570 778 924 837 recentiores,
956 773 1011 826 in
1033 769 1268 824 medium
1293 765 1412 834 ejus
1432 762 1575 816 dicta
1597 759 1848 820 aﬁ'erunt,
1873 771 1992 825 qua:

428 872 755 930 catholicum
784 865 1060 921 hominem
1094 873 1318 930 arguere
1357 859 1634 925 pugnant;
1678 845 1993 918 hujusmodi

431 974 580 1032 sunt,
609 962 754 1034 quod
784 959 985 1015 dixerit
1005 957 1097 1010 ille
1125 969 1188 1009 ex
1223 953 1352 1015 Deo,
1388 955 1444 1004 et'
1472 964 1537 1003 ex
1568 943 1872 1001 substantia
1901 939 1993 994 Dei

429 1045 552 1115 esse
579 1055 798 1118 Filium,
825 1049 971 1122 quod
1003 1063 1128 1103 vere
1153 1046 1320 1100 Deum
1355 1051 1408 1096 et
1449 1039 1698 1093 αὑτόοεον
1732 1034 1996 1106 praedica-

431 1152 592 1217 verit,
630 1145 776 1218 quod
819 1149 1105 1202 internum,
1138 1136 1280 1207 quod
1311 1132 1613 1204 ὁμοούσιον,
1651 1128 1851 1198 quibus
1895 1139 1996 1179 nos

433 1216 710 1302 omnibus,
734 1238 855 1307 ipso
883 1230 1121 1288 Eusebio
1161 1229 1242 1283 usi
1274 1228 1590 1295 interprete,
1615 1216 1997 1290 jam'occurri-

433 1351 575 1390 mus.
600 1331 799 1386 Verum
822 1328 938 1381 hinc
967 1323 1043 1377 illi
1073 1338 1139 1377 ex
1167 1318 1375 1374 arbitrii
1399 1316 1481 1372 sui
1514 1311 1803 1375 sententia,
1825 1323 2000 1377 neque

436 1444 501 1483 ex
532 1427 650 1496 ipsa
677 1419 896 1477 Eusebii
927 1423 1128 1480 mente,
1169 1411 1416 1482 pluribus
1447 1409 1505 1462 in
1542 1405 1679 1459 locis
1719 1414 1998 1471 expressa,

437 1493 794 1586 com—probare
826 1508 931 1564 nisi
961 1513 1092 1562 sunt
1126 1524 1138 1558 :
1171 1503 1261 1556 alii
1297 1514 1512 1570 quoque
1543 1493 1854 1563 interpretis
1881 1507 2003 1546 vcr—

441 1609 595 1664 sione
627 1601 858 1672 decepti,
891 1614 954 1654 ex
983 1597 1137 1651 libris
1160 1592 1222 1646 de
1252 1587 1708 1645 Demonstratione
1740 1589 1794 1638 et
1820 1591 2004 1635 contra

443 1697 776 1759 Marcellum,
801 1692 994 1746 Latine
1022 1695 1232 1741 tantum
1259 1682 1432 1745 lectis,
1457 1680 1523 1734 ad
1548 1692 1664 1732 eam
1695 1675 2006 1743 opinionem

445 1793 815 1848 accesserunt,
841 1797 967 1854 pars
990 1777 1227 1833 Marcelli
1255 1774 1400 1828 dicta
1423 1786 1522 1842 pro
1543 1766 1865 1823 Eusebianis
1886 1763 2010 1817 sub-

446 1887 758 1946 stituentes,
794 1887 1053 1933 internum
1100 1872 1168 1925 ab
1210 1868 1441 1923 Eusebio
1479 1863 1674 1918 Filium
1726 1857 2008 1933 praedic—ari
2041 1854 2082 1908 Β

448 1975 694 2033 arbitrati
727 1979 853 2028 sunt
882 1988 894 2022 :
926 1966 1061 2022 nulli
1108 1965 1273 2018 hosce
1303 1957 1521 2013 Eusebii
1569 1950 2006 2011 Commentarios

444 2069 816 2136 inspexerunt,
851 2058 940 2112 ubi
964 2056 1138 2126 palam
1165 2053 1254 2107 ille
1276 2056 1509 2104 mentem
1535 2059 1687 2100 suam
1721 2042 1916 2112 aperit,
1953 2048 2009 2093 et

447 2131 668 2216 nonnisi
691 2155 1002 2221 comparate
1036 2143 1104 2199 ad
1129 2141 1377 2197 homines
1403 2136 1598 2191 Filium
1626 2133 1810 2189 vocari
1839 2131 2008 2184 Deum

449 2248 706 2304 insinuat.
747 2241 862 2312 Ego
891 2251 1020 2292 vero
1067 2249 1153 2288 me
1198 2228 1456 2302 proﬁteor
1487 2226 1591 2278 hac
1630 2223 1685 2277 in
1710 2221 2011 2292 quaestione

448 2340 583 2396 nihil
613 2310 953 2407 prazjudicati
988 2325 1257 2387 attulisse,
1297 2319 1393 2376 sed
1428 2330 1656 2389 pronum
1691 2327 1906 2382 semper
1944 2310 2012 2364 ad

451 2431 719 2485 mitiorem
751 2421 1029 2479 ferendam
1073 2413 1415 2474 sententiam,
1445 2408 1666 2464 Eusebii
1697 2407 1901 2475 scripta
1926 2419 2012 2458 as-

450 2522 604 2576 sidue
635 2517 934 2578 lectitasse,
963 2509 1296 2583 ponderasse
1327 2503 1473 2558 dicta
1506 2508 1561 2556 et
1594 2498 1915 2560 sententias,
1951 2511 2015 2550 ac

452 2615 668 2667 demum
707 2608 788 2663 rei
820 2603 1206 2676 perspicuitate
1235 2601 1459 2660 victum,
1496 2598 1690 2649 contra
1722 2588 2014 2646 Eusebium

451 2704 721 2760 calculum
767 2699 1038 2770 posuisse.
1083 2694 1261 2756 Certe,
1309 2698 1367 2746 ut
1414 2687 1571 2743 initio
1620 2684 1754 2750 dixi,
1798 2681 2016 2736 Eusebii

452 2801 604 2866 gesta
656 2806 780 2847 cum
832 2786 1053 2858 scriptis
1085 2784 1161 2837 ita
1193 2786 1530 2843 consonant;
1575 2781 1634 2830 ut
1681 2773 1810 2827 hinc
1853 2772 2018 2826 etiam

457 2883 705 2942 testatior
751 2882 966 2936 animus
1005 2873 1380 2943 sententiaque
1426 2870 1575 2926 illius
1599 2867 1852 2922 omnibus
1897 2879 2020 2918 esse

455 2980 651 3036 valeat.
680 2975 761 3030 Ab
786 2971 1012 3029 exordio
1035 2969 1179 3025 enim
1199 2963 1494 3021 Arianismi
1519 2963 1586 3018 ad
1615 2960 1822 3016 obitum
1847 2969 2022 3026 usque

457 3089 592 3138 cum.
625 3068 844 3124 Arianis
882 3060 1313 3120 concordissime
1342 3059 1497 3123 vixit,
1547 3051 1794 3110 nascenti
1826 3047 2022 3104 haeresi

461 3179 661 3222 nomen
699 3161 876 3227 dedit;
925 3161 980 3213 in
1012 3156 1229 3212 Niczena
1277 3151 1505 3225 synodo,
1550 3156 1813 3220 quantum
1847 3143 2020 3205 licuit,

459 3253 756 3312 Catholicis
786 3250 1031 3316 obstitit;
1074 3246 1170 3302 sed
1219 3243 1310 3314 qui
1351 3239 1592 3311 apprime
1620 3236 1844 3292 calleret
1892 3247 2028 3288 con-

461 3347 656 3405 cedere
699 3343 952 3412 tempori,
984 3341 1202 3395 demum
1233 3333 1402 3390 cessit
1441 3339 1497 3387 et
1539 3328 1865 3398 subscripsit
1899 3345 1913 3381 :
1947 3325 2028 3381 sic

460 3439 606 3494 enim
635 3434 898 3491 suadebat
923 3433 1105 3494 timor,
1136 3443 1245 3483 non
1267 3424 1511 3482 diuturni
1540 3421 1800 3491 magister
1825 3417 1984 3474 ollicii
2012 3438 2023 3471 :

468 3543 578 3601 qua
610 3527 755 3583 enim
799 3531 981 3578 mente
1007 3521 1059 3576 id
1094 3518 1285 3590 egerit,
1319 3516 1421 3573 sibi
1451 3512 1686 3568 subditis
1710 3509 1926 3582 populis
1948 3508 2030 3563 sic

462 3617 757 3683 enarravit,
788 3621 847 3669 ut
878 3613 982 3669 sibi
1022 3611 1254 3682 pristina
1282 3605 1580 3678 repetendi,
1614 3603 1789 3658 sicubi
1822 3602 2026 3662 liceret,

467 3709 674 3764 aditum
703 3703 1004 3774 reliquerit.
1041 3699 1162 3754 Non
1189 3698 1282 3752 diu
1314 3711 1443 3752 vero
1469 3701 1660 3766 postea
1698 3693 1820 3746 ﬁcte
1847 3704 2032 3744 recon-

469 3801 706 3855 ciliatam
762 3811 888 3852 cum
942 3794 1240 3850 Catholicis
1289 3789 1518 3862 gratiam
1570 3783 1928 3850 disturbavit;
1973 3787 2034 3835 ut

472 3893 687 3948 nescias
712 3891 906 3961 plusne
939 3902 1118 3958 operae
1150 3886 1206 3938 in
1235 3883 1482 3954 pellendo
1513 3877 1814 3934 Athanasio
1835 3889 2034 3946 posuet

468 3989 561 4053 rit,
608 3999 769 4056 quam
808 3984 862 4037 in
905 3977 1242 4037 restituendo
1289 3975 1438 4030 Ario.
1481 3974 1682 4027 Contra
1721 3968 2033 4022 Marcellum

469 4076 920 4148 intemperantior
966 4073 1200 4128 fortasse
1247 4084 1412 4139 quam
1455 4067 1738 4132 debuerat,
1774 4078 1879 4117 non
1911 4061 2033 4130 plus

473 4171 542 4226 ad
572 4167 1000 4241 propulsandum
1030 4164 1202 4229 illum,
1243 4177 1406 4232 quam
1441 4160 1506 4214 ad
1542 4157 1854 4229 purgandos
1876 4155 2037 4208 Aria-

473 4274 668 4315 norum
700 4255 1064 4328 primipilares
1092 4253 1336 4324 scripsit.
1363 4250 1659 4306 llistoriam
1691 4247 1919 4302 Nicmnte
1947 4260 2036 4316 sy-

473 4353 601 4408 nodi
635 4351 755 4406 luse
793 4349 1056 4412 narravit,
1099 4353 1151 4401 et
1201 4345 1357 4416 quasi
1403 4359 1500 4413 per
1543 4341 2036 4396 dissimulationem

474 4439 781 4513 ignorandi,
813 4439 941 4508 quia
989 4446 1262 4506 gestorum
1294 4433 1468 4505 pudor
1501 4432 1778 4487 silentium
1806 4431 2038 4499 impera-

2097 583 2367 646 cautione,
2392 581 2470 634 Ex
2485 579 2740 649 fructibus
2763 595 2942 633 eorum
2964 578 3281 649 cognoscetis
3296 579 3419 631 eos?
3439 575 3658 646 (Matth.

2097 690 2194 738 vn,
2229 673 2340 745 16.)
2369 673 2529 730 Certe
2557 672 2856 728 secundum
2882 670 3153 724 Nicaenam
3179 669 3443 741 synodum
3475 667 3663 722 foven-

2098 766 2180 820 dae
2204 765 2472 819 Arianicae
2493 764 2570 819 rei
2600 763 2674 816 ita
2697 769 2846 816 totus
2873 761 3120 814 incubuit
3145 761 3256 822 ille,
3280 767 3338 813 ut
3365 758 3497 812 nihil
3525 772 3664 828 prae—

2099 859 2395 916 termisisse
2428 858 2677 913 videatur
2707 870 2816 926 quo
2849 870 2908 910 se
2936 854 3198 907 Arianum
3229 851 3501 923 proderet.

2695 969 2921 1026 CAPUT
2961 968 3073 1023 Vll.

2102 1101 2168 1139 DE
2208 1099 2458 1147 EELIQUIS
2497 1098 2550 1138 IN
2589 1099 2776 1147 QUIBUS
2813 1098 2914 1136 νει
2968 1098 2997 1134 Α
3038 1095 3158 1135 FIDE
3201 1092 3475 1132 ABERRARE
3513 1091 3667 1130 VIDE-

2173 1170 2279 1210 τ’υῆ
2317 1171 2570 1210 EUSEBIUS
2610 1171 2662 1208 ιΝ
2700 1171 2785 1209 HIS
2821 1165 3240 1214 COMENTARIIS,
3281 1164 3380 1204 γει
3421 1163 3669 1201 EXPLICA-

2176 1242 2336 1281 TIONE
2374 1242 2506 1282 OPUS
2544 1241 2738 1279 IIABET.

2105 1335 2156 1392 Ι.
2200 1335 2456 1390 Eusebius
2500 1335 2801 1404 plerumque
2843 1351 2974 1397 sua,
3041 1349 3143 1386 non
3185 1329 3461 1404 Ecclesiae,
3516 1345 3670 1383 sensa

2177 1406 2360 1460 tradit.
2404 1401 2609 1461 IL'An
2635 1401 2779 1474 neget
2811 1415 3082 1474 peccatum
3120 1401 3395 1474 originale,
3435 1409 3484 1453 et
3515 1416 3581 1451 an
3609 1401 3671 1474 id

2177 1477 2438 1546 dogmatis
2480 1493 2542 1531 ex
2575 1468 3094 1546 Origene'hquserit.
3303 1471 3384 1524 An
3431 1479 3573 1546 putet
3601 1468 3667 1522 Β.

2188 1541 2455 1617 Virginem
2506 1547 2641 1600 alios
2674 1541 2837 1614 quam
2867 1545 3136 1599 Christum
3180 1542 3318 1617 [ilics
3364 1541 3668 1617 suscepisse.

2181 1611 2449 1672 lVfEam
2509 1633 2613 1670 non
2656 1611 2809 1684 quasi
2865 1630 3048 1684 suam,
3109 1613 3209 1684 sed!
3249 1611 3402 1684 quasi
3438 1611 3674 1684 alienam

2179 1688 2486 1744 sententiam
2539 1679 2739 1740 attulit.
2800 1685 2860 1742 ν.
2898 1683 3019 1737 Νοη
3047 1682 3233 1736 statuit
3264 1679 3398 1733 duas
3431 1681 3486 1732 in
3512 1679 3673 1734 Chri-

2181 1769 2261 1810 sto
2288 1774 2558 1839 personas.
2606 1755 2700 1810 VI.
2731 1753 2869 1821 Quid
2900 1753 2964 1808 de
2994 1752 3315 1821 confessione
3343 1761 3675 1820 peccatorum

2183 1838 2420 1882 senserit.

2105 1941 2144 1990 l.
2175 1939 2731 2001 Eusebiusplerumque
2755 1950 2858 1996 sua,
2901 1948 3001 1984 non
3047 1932 3301 1992 Ecclesiae,
3341 1944 3482 1980 sensa
3510 1927 3678 1979 tradit.

2177 2043 2314 2098 Cum
2349 2043 2473 2112 quis
2510 2058 2575 2097 eo
2612 2040 2827 2096 devenit
2865 2049 2922 2094 ut
2954 2038 3077 2094 ﬁdei
3105 2037 3357 2107 dogmata
3393 2051 3456 2090 ex
3485 2033 3679 2104 judicii

2109 2135 2193 2188 sui
2258 2134 2484 2188 arbitrio
2525 2131 2788 2195 deﬁniat,
2830 2147 2892 2185 ac
2927 2130 3042 2187 sive
3075 2146 3141 2185 ex
3175 2128 3521 2200 praejudicata
3561 2128 3681 2197 Opi-

2110 2227 2290 2290 nione,
2321 2227 2434 2282 sive
2460 2242 2526 2281 ex
2554 2225 2745 2280 aliectu
2776 2225 3119 2296 partiumque
3151 2223 3351 2290 studio,
3376 2221 3680 2275 divinarum

2111 2333 2293 2372 rerum
2331 2318 2746 2388 explicationem
2790 2316 3169 2387 aggrediatur,
3214 2315 3351 2370 nihil
3387 2314 3583 2366 mirum
3632 2313 3681 2366 si

2113 2411 2425 2480 frequenter
2473 2411 2687 2464 aberret
2729 2427 2742 2463 :
2783 2408 2961 2462 omnia
3016 2410 3213 2478 quippe
3269 2414 3395 2462 sunt
3451 2405 3679 2467 incerta,

2113 2519 2237 2558 cum
2295 2502 2459 2557 semel
2529 2502 2598 2556 ab
2652 2500 2906 2555 Ecclesia:
2966 2499 3183 2554 statutis
3225 2498 3526 2552 discessum
3574 2506 3677 2551 est.

2114 2594 2248 2651 Nam
2285 2609 2407 2651 cum
2441 2608 2641 2648 arcana
2672 2592 2899 2648 Deitatis
2933 2599 2986 2648 et
3022 2591 3321 2662 religionis,
3353 2590 3420 2645 ab
3446 2589 3686 2644 humano

2117 2705 2280 2744 sensu
2328 2687 2715 2750 remotissima,
2754 2685 2964 2740 Numen
2993 2685 3178 2754 ipsum
3223 2683 3524 2747 tradiderit,
3555 2696 3687 2735 non-

2123 2781 2230 2834 nisi
2286 2779 2529 2850 ejusdem
2590 2776 2840 2832 Numinis
2875 2792 2978 2846 ope
3027 2783 3081 2830 et
3117 2774 3301 2830 aﬁlatu
3349 2789 3416 2828 ea
3457 2780 3691 2844 possunt

2117 2871 2378 2940 explicari
2422 2884 2486 2923 ac
2525 2878 2672 2924 recte
2713 2867 2917 2938 percipi
2955 2883 2968 2917 :
3007 2880 3070 2920 ac
3125 2881 3250 2920 cum
3309 2864 3404 2919 uni
3431 2863 3690 2918 Ecclesia:

2119 2961 2432 3016 earumdem
2477 2974 2664 3014 rerum
2713 2960 2999 3014 arbitrium
3030 2956 3173 3014 Deus
3210 2956 3549 3028 permiserit,
3583 2957 3689 3025 ipsi

2121 3054 2222 3109 soli
2263 3053 2450 3108 eadem
2479 3051 2792 3122 explananti
2825 3067 2885 3106 se
2927 3048 3242 3104 adfuturum
3283 3049 3559 3118 pollicitus
3583 3056 3691 3102 est.

2125 3143 2270 3198 Nihil
2312 3145 2495 3212 itaque
2538 3143 2781 3199 insolens
2807 3149 2911 3206 est,
2941 3142 2987 3198 si
3020 3141 3310 3206 Eusebius,
3339 3141 3431 3209 qui
3456 3140 3694 3209 plerum-

2129 3251 2232 3306 que
2261 3235 2666 3304 Scripturarum
2703 3244 2756 3290 et
2786 3233 3045 3288 Ecclesia:
3071 3233 3324 3303 dogmata
3350 3248 3414 3287 ex
3449 3247 3613 3287 sensu
3639 3239 3697 3285 et

2129 3330 2385 3400 opinione
2417 3343 2516 3384 sua
2556 3329 2828 3382 aestimare
2863 3341 3030 3381 ausus
3061 3333 3165 3391 est,
3197 3325 3252 3378 in
3286 3324 3472 3378 multis
3508 3323 3696 3392 lapsus

2131 3425 2219 3479 sit.
2264 3421 2329 3477 Et
2372 3420 2480 3490 jam
2515 3420 2734 3490 quidem
2773 3419 2892 3488 ejus
2917 3419 2983 3474 de
2998 3417 3176 3472 Verbo
3207 3416 3301 3472 Dei
3341 3425 3596 3480 mentem,
3627 3431 3695 3469 ex

2130 3513 2375 3584 ejusdem
2421 3511 2646 3568 Eusebii
2697 3511 2950 3581 scriptis,
3011 3510 3212 3564 Ariana
3274 3509 3394 3563 labe
3449 3508 3697 3562 vitiatam

2132 3606 2719 3670 contmonstravimus;
2757 3611 3006 3673 superest
3039 3611 3097 3656 ut
3126 3612 3324 3657 caatera
3352 3600 3700 3656 Commenta-

2131 3703 2337 3758 riorum
2372 3703 2511 3762 loca,
2549 3698 2640 3754 ubi
2670 3698 2753 3751 vel
2783 3696 3111 3751 heterodoxa
3143 3695 3228 3748 vel
3252 3700 3505 3762 suspecta
3533 3691 3702 3746 tradi-

2133 3795 2280 3850 disse
2309 3794 2544 3859 videtur,
2574 3790 2814 3845 breviter
2852 3785 3244 3856 expendamus.

2137 3902 2195 3952 ll.
2240 3903 2317 3951 An
2344 3903 2500 3962 neget
2538 3902 2792 3964 peccatum
2824 3895 3080 3964 originale.
3107 3895 3212 3964 “An
3253 3894 3303 3942 id
3347 3894 3591 3956 dogmatis
3637 3905 3698 3940 ex

2673 3957 2888 4019 0rigene
2922 3957 3159 4005 hauserit.

2203 4066 2495 4121 Peccatum
2539 4065 2825 4134 originale,
2853 4062 2968 4117 sive
2989 4061 3204 4129 culpam
3244 4061 3312 4114 ab
3339 4061 3578 4114 humano
3612 4074 3703 4128 ge-

2136 4174 2266 4214 nere
2308 4174 2374 4214 ex
2405 4156 2596 4210 Adami
2634 4157 2788 4225 lapsu
2831 4162 3189 4216 contractam,
3239 4167 3438 4222 negare
3477 4166 3704 4220 prorsus

2136 4250 2350 4305 videtur
2401 4247 2672 4302 Eusebius
2739 4247 2804 4300 ad
2866 4246 3061 4316 psalm.
3110 4259 3302 4304 xum,
3365 4242 3443 4296 6:
3486 4241 3596 4295 Cur
3635 4243 3705 4294 ti—

2137 4339 2284 4393 mebo
2317 4339 2371 4391 in
2395 4336 2478 4391 die
2505 4336 2686 4392 mala?
2723 4335 2984 4406 Iniquilas
3017 4333 3251 4387 calcanei
3280 4333 3379 4386 mei
3407 4329 3706 4384 circumda-

2141 4431 2212 4484 bit
2257 4447 2338 4484 me
2375 4447 2392 4485 :
2439 4429 2527 4483 ubi
2576 4430 2656 4485 sic
2689 4428 2851 4482 habet
2881 4445 2893 4480 :
2920 4427 2981 4479 El
3009 4425 3064 4477 δὲ
3096 4423 3617 4496 πρόσωπονΚυρίου
3648 4423 3709 4474 τὸ

474 4535 590 4597 bat,
623 4547 692 4586 ne
720 4530 944 4585 verbum
974 4528 1193 4597 quidem
1234 4525 1362 4580 fecit
1394 4524 1462 4579 de
1491 4523 1622 4577 Ario
1656 4530 1710 4576 et
1742 4522 1809 4575 de
1835 4520 2025 4573 Ariana

2140 4522 2316 4591 λέγον,
2352 4521 2587 4592 πτέρναν
2620 4520 2784 4574 αὐτοῦ
2819 4518 2984 4590 εὕρῃς
3010 4519 3101 4570 τὸν
3135 4517 3355 4585 ἔσχατον
3385 4515 3479 4568 τοῦ
3518 4513 3707 4584 σώμα-

476 4622 672 4679 haeresi
705 4620 888 4691 :quod
920 4618 1146 4689 perinde
1171 4626 1255 4671 est
1283 4631 1347 4668 ac
1378 4614 1422 4670 si
1448 4615 1570 4684 quis
1590 4611 1919 4666 Tridentinus
1952 4625 2042 4681 sy--

476 4715 609 4770 nodi
643 4712 930 4768 historiam
971 4718 1180 4772 texens,
1214 4708 1282 4762 de
1310 4705 1636 4777 quibusdam
1667 4707 1731 4757 ὲκ
1764 4703 2041 4774 παρέργου

477 4807 646 4878 gestis
673 4809 873 4872 ageret,
905 4802 973 4856 de
1001 4800 1240 4855 Luthero
1269 4799 1426 4853 nihil.
1476 4796 1533 4851 Si
1575 4811 1697 4851 cum
1731 4796 1929 4850 talibus
1952 4810 2047 4865 ge-

482 4897 738 4954 stistalia
765 4894 967 4964 scripta
989 4908 1099 4947 non
1129 4892 1314 4947 obsint
1345 4889 1637 4960 quominus
1662 4886 1928 4941 Eusebius
1954 4900 2046 4939 ca-

483 4991 719 5046 tholicus
759 4988 976 5043 dicatur
1011 5001 1134 5040 meo
1179 4983 1443 5054 periculo,
1485 4995 1646 5036 nemo
1677 4994 1916 5049 unquam
1946 4977 2048 5032 fuit

485 5090 577 5136 aut
609 5080 826 5135 futurus
862 5087 966 5141 est,
1010 5075 1141 5146 quin
1171 5071 1497 5128 Eusebianis
1525 5069 1928 5132 conditionibus
1957 5082 2049 5120 or-

483 5172 758 5228 thodoxus
788 5170 896 5224 dici
921 5169 1118 5224 valeat.
1148 5164 1292 5219 Nihil
1315 5178 1497 5217 moror
1517 5177 1612 5218 eos
1638 5161 1731 5230 qui
1755 5159 2048 5214 Eusebium

485 5272 610 5319 ante
638 5263 912 5318 Nicaenam
949 5257 1168 5330 quidem
1202 5255 1469 5328 synodum
1509 5252 1764 5308 Arianice
1810 5251 2053 5307 sensisse

487 5370 552 5409 ac
579 5353 867 5423 scripsisse
901 5351 1160 5418 fatentur,
1186 5358 1376 5420 postea
1398 5362 1525 5402 vero
1545 5335 1704 5402 secus
1734 5364 1747 5400 :
1779 5360 1903 5400 nam
1925 5359 2050 5399 cum

489 5448 608 5504 sine
634 5446 1010 5502 controversia
1040 5445 1140 5500 hos
1173 5440 1609 5499 Commentarios
1641 5447 1694 5495 et
1722 5439 1893 5493 libros
1914 5438 2053 5493 Con-

491 5549 576 5593 tra
607 5536 939 5601 Marcellum,
966 5537 1111 5592 unde
1135 5535 1453 5606 perspicuas
1481 5541 1534 5588 et
1558 5531 1868 5601 frequentes
1897 5531 2054 5583 Aria-

488 5632 653 5687 nismi
706 5637 866 5685 notas
917 5629 1183 5692 eruimus,
1232 5628 1391 5696 longe
1433 5633 1558 5696 post
1596 5624 1742 5677 illam
1785 5623 2054 5693 synodum

489 5720 742 5784 ediderit,
793 5719 1006 5774 inutilis
1059 5733 1282 5785 prorsus
1320 5717 1412 5770 illa
1458 5715 1738 5771 distinctio
1785 5732 1799 5769 :
1837 5729 1961 5767 nam
1997 5723 2056 5767 ut

492 5824 619 5865 vere
645 5809 712 5864 de
734 5807 967 5866 Eusebio
991 5805 1221 5870 dicatur,
1256 5821 1356 5860 nec
1384 5805 1639 5876 paenituit
1673 5805 1926 5874 cmpisse,
1955 5818 2054 5858 nec

2143 4632 2232 4678 τος
2294 4615 2386 4668 καὶ
2432 4616 2498 4684 τῇ
2541 4615 2611 4683 τῇ
2664 4612 3026 4682 πλησιάζοντα
3091 4609 3324 4664 Ἰούδαν·
3393 4605 3549 4676 σῶμα
3602 4605 3711 4676 γὰρ

2144 4706 2348 4776 Κυρίου
2392 4706 2441 4756 οἱ
2481 4703 2790 4758 ἀπόστολοι.
2836 4703 2912 4755 Οὐ
2957 4699 3228 4770 φοϐοῦμαι
3278 4692 3369 4750 οὖν
3406 4695 3502 4766 τὴν
3543 4692 3713 4747 Ἰούδα

2147 4795 2432 4867 προδοσίαν
2481 4797 2537 4847 ἐν
2589 4793 2666 4863 τῷ
2721 4791 2892 4863 καιρῷ
2949 4787 3041 4843 τοῦ
3097 4785 3364 4857 σταυροῦ·
3402 4782 3522 4836 ἐπεὶ
3578 4781 3714 4851 μηδὲ

2146 4885 2371 4947 ἕκαστος
2401 4883 2500 4953 τὴν
2528 4880 2619 4935 τοῦ
2653 4879 2820 4950 ’Λδὰμ
2845 4877 3150 4949 παρακοήν·
3188 4873 3390 4942 ταύτην
3439 4870 3548 4940 γὰρ
3609 4871 3713 4920 ὑπ-

2147 4973 2444 5048 ῃνιξὰμεοα
2472 4971 2705 5043 πτέρναν
2735 4968 2959 5039 ἀνομίας
2995 4961 3151 5018 εἶναι.
3185 4963 3369 5026 Οὐδεὶς
3395 4963 3503 5031 γὰρ
3531 4962 3596 5014 δι’
3624 4961 3718 5014 ἄλ-

2149 5069 2239 5122 λου
2271 5067 2467 5121 κακίαν
2499 5063 2937 5126 καταδικάζεται,
2957 5060 3011 5114 id
3036 5066 3118 5114 est
3140 5074 3152 5109 :
3175 5057 3233 5112 Si
3259 5072 3481 5126 persona
3501 5054 3717 5108 Domini

2151 5171 2225 5215 est
2258 5177 2373 5231 quae
2415 5160 2664 5229 loquitur,
2725 5155 3032 5208 calcaneum
3064 5153 3176 5220 ejus
3209 5149 3564 5218 deprehendas
3606 5163 3718 5201 esse

2151 5252 2370 5315 Judam,
2403 5253 2492 5321 qui
2520 5251 2736 5303 ultimus
2769 5248 2820 5300 in
2855 5260 3088 5314 corpore,
3118 5255 3166 5296 et
3201 5252 3353 5295 terra’
3380 5240 3721 5309 propinquior

2152 5355 2284 5403 erat.
2307 5344 2450 5398 Nam
2481 5357 2665 5410 corpus
2687 5338 2901 5394 Domini
2946 5345 3066 5390 sunt
3100 5333 3342 5404 apostoli.
3410 5330 3532 5384 Non
3566 5331 3721 5384 timeo

2153 5441 2329 5510 itaque
2346 5435 2503 5490 Juda:
2534 5432 2877 5504 proditionem
2913 5430 2970 5482 in
3002 5440 3226 5496 tempore
3249 5425 3418 5480 crucis
3445 5421 3724 5492 :quande-

2153 5529 2359 5600 quidem
2387 5542 2546 5596 neque
2577 5523 2771 5594 singuli
2792 5521 3024 5576 homines
3050 5518 3244 5574 Adami
3279 5513 3724 5584 inobsequentiam

2157 5623 2336 5675 timere
2382 5617 2567 5672 debent
2604 5636 2621 5673 :
2654 5616 2791 5669 hanc
2835 5614 3023 5684 quippe
3076 5610 3382 5664 calcaneum
3427 5604 3725 5677 iniquitatis

2156 5728 2265 5766 esse
2306 5708 2779 5763 subindicavimus.
2850 5703 3016 5759 Nemo
3065 5704 3204 5756 enim
3247 5714 3455 5770 propter
3507 5697 3726 5750 alterius

2158 5803 2442 5872 nequitiam
2485 5798 2883 5866 condemnatur.
2919 5795 3023 5852 Ubi
3058 5795 3234 5849 innuit
3268 5792 3379 5856 ille,
3414 5804 3521 5844 non
3553 5785 3728 5858 magis
