4020 6372
327 408 387 463 ‘9
1100 399 1604 459 COMMENTARIA
1642 397 1705 454 IN
1745 390 2082 450 PSALMOS.
2115 345 2748 453 —Pli’2£Ll.\IlNARlA.
3484 394 3554 454 50

324 521 678 580 damnandum
705 535 876 591 genus
905 519 1204 572 humanum
1228 533 1351 573 esse
1390 516 1460 570 ob
1489 514 1682 569 Adami
1729 512 1883 567 inoh-
1912 511 1955 566 A
1985 521 2079 573 pro
2113 510 2230 564 istis
2261 512 2602 581 accipiamus,
2639 526 2842 564 necesse
2875 518 2951 564 est
2984 526 3077 563 nos
3105 518 3346 562 sanctam
3385 509 3559 580 Virgi-

325 608 676 686 sequenti'am,
722 627 886 681 quam
918 621 1143 664 caeteros
1185 608 1463 678 apostolos
1493 607 1561 660 ob
1579 605 1732 660 ludat
1766 618 1892 674 pro-

322 709 591 763 ditionem.
639 702 746 768 Qui
787 701 1075 770 Origenem
1117 700 1186 754 de
1234 705 1458 768 peccato
1493 695 1744 766 originali
1784 708 1891 747 non

325 786 582 854 catholica
619 794 862 850 sensisse
891 798 1104 862 putant,
1135 790 1430 844 Eusebium
1472 804 1537 844 ex
1562 786 1892 855 Origeniana

323 889 621 959 disciplina,
656 887 713 940 in
754 902 862 955 qua
900 885 1132 939 eductus
1187 882 1311 945 fuit,
1348 881 1462 935 haec
1492 879 1744 934 hausisse
1773 879 1893 947 opi-

323 981 611 1034 nabantur.
657 975 794 1029 Nam
841 975 923 1039 is,
966 980 1027 1028 ut
1066 974 1282 1043 ignorat
1329 986 1512 1033 nemo,
1543 967 1890 1037 Origenianis

321 1085 526 1140 semper
555 1068 804 1138 partibus
828 1065 1002 1122 haesit.
1019 1062 1222 1120 Verum
1252 1062 1307 1115 in
1337 1059 1616 1115 hodiernis
1643 1057 1891 1128 Origenis

321 1161 535 1231 scriptis
565 1160 701 1214 nihil
729 1174 841 1213 non
873 1172 1064 1213 sanum
1093 1162 1148 1210 et
1167 1153 1531 1209 orthodoxam
1567 1152 1640 1205 de
1668 1159 1890 1221 peccato

319 1248 565 1318 originali
617 1247 870 1301 traditur.
937 1244 1029 1298 Sic
1085 1242 1374 1298 Comment.
1441 1243 1496 1295 in
1553 1239 1887 1305 Matthwum,

321 1341 478 1396 Huet.
519 1357 572 1410 p.
605 1340 734 1403 59!,
763 1340 940 1410 arguit
967 1337 1057 1392 ille
1087 1352 1152 1391 ex
1188 1337 1410 1390 lavacro
1445 1334 1888 1403 regenerationis,

324 1435 463 1507 quod
493 1436 656 1490 etiam
686 1432 986 1488 infantibus
1023 1429 1428 1488 conferebatur,
1462 1426 1735 1482 hominem
1770 1443 1891 1481 sor--

322 1529 481 1584 dibus
533 1527 879 1596 inquinatum
929 1522 1105 1578 nasci.
1180 1521 1245 1574 Et
1297 1522 1351 1574 in
1397 1519 1678 1583 Joannem,
1728 1518 1910 1573 Huet..

323 1638 368 1691 p.
420 1621 550 1682 500,
614 1619 712 1681 ait,
754 1615 869 1668 Nos
921 1612 1155 1686 quandiu
1213 1627 1488 1680 peccamus
1546 1619 1782 1664 nostram
1829 1625 1893 1662 ea:

315 1714 526 1768 diabolo
554 1711 941 1782 generationem
991 1705 1221 1761 nondum
1254 1705 1458 1758 exuisse
1487 1721 1548 1756 ac
1570 1704 1888 1771 deposuisse.

321 1806 482 1857 Ὅσον
537 1800 798 1870 ποιοῦμεν
832 1797 1135 1868 ἁμαρτίας,
1181 1793 1390 1846 οὐδέπω
1427 1793 1524 1862 τὴν
1557 1793 1622 1844 ὲκ
1653 1791 1746 1844 τοῦ
1779 1792 1891 1846 δια-

323 1895 474 1947 ϐόλου
527 1893 742 1961 γένεσιν
792 1886 1233 1957 ἀπεκδυσάμεθα.
1273 1884 1340 1938 1η
1397 1883 1623 1938 Leuitico
1683 1892 1886 1946 autem,

317 1988 449 2043 edit.
479 1984 800 2040 Gem-.brard
846 1999 899 2052 p.
931 1982 999 2036 90
1025 2001 1038 2034 :
1079 1980 1412 2048 Quwcunque
1442 1979 1623 2032 anima
1653 1979 1705 2031 in
1736 1995 1892 2032 carne

319 2080 584 2141 nascitur,
633 2077 933 2146 iniquitatis
975 2084 1025 2128 et
1062 2074 1269 2142 peccati
1300 2071 1452 2128 sorde
1497 2071 1792 2140 polluitur;
1840 2081 1894 2125 et

321 2169 555 2224 inferius
581 2189 594 2222 :
622 2165 683 2220 Si
713 2165 846 2218 nihil
886 2173 1017 2218 esset
1041 2165 1094 2216 in
1133 2164 1367 2232 parvulis
1388 2204 1401 2228 ,
1435 2162 1572 2232 quod
1602 2161 1672 2214 ad
1707 2162 1892 2215 remis-

317 2263 517 2315 sionem
549 2259 758 2312 deberet
794 2267 841 2311 et
875 2257 1254 2325 indulgentiam
1281 2257 1559 2324 pertinere,
1595 2256 1771 2325 gratia
1800 2254 1894 2307 ba-

317 2352 497 2419 ptismi
546 2349 818 2417 superﬂua
868 2347 1148 2400 videretur.
1205 2343 1316 2400 Nec
1347 2342 1891 2414 praetermittendum,

316 2445 431 2497 haec
465 2439 866 2498 Commentaria
909 2438 963 2490 in
997 2435 1285 2490 Leviticum
1331 2451 1430 2505 pro
1463 2435 1663 2504 spuriis
1689 2432 1892 2504 passim

317 2535 528 2590 haberi.
599 2531 840 2600 ldipsum
893 2536 1079 2584 tamen
1126 2529 1255 2582 alibi
1304 2529 1463 2582 docet
1528 2525 1792 2596 Origenes
1839 2527 1895 2580 in

324 2625 464 2687 suis,
513 2638 636 2692 quae
685 2621 956 2689 hodieque
1011 2625 1347 2688 supersunt,
1416 2617 1720 2688 operibus:
1756 2615 1896 2671 unde

318 2712 587 2767 inferatur
623 2724 722 2765 eos
755 2709 851 2779 qui
900 2707 1186 2776 Origenem
1242 2707 1345 2760 hac
1393 2707 1448 2761 in
1489 2714 1642 2776 parte
1686 2706 1898 2760 violata:

323 2803 448 2858 ﬁdei
490 2808 789 2863 accusant,
824 2815 891 2856 ex
923 2800 1154 2870 objectis
1197 2800 1504 2870 priscorum
1547 2798 1669 2868 ejus
1703 2798 1897 2853 adver-

323 2895 615 2959 sariorum,
661 2908 772 2947 non
806 2907 873 2947 ex
909 2892 1030 2961 ejus
1058 2891 1339 2946 hodiernis
1377 2890 1654 2960 operibus,
1694 2890 1747 2945 id
1781 2890 1900 2960 epi-

322 2985 503 3040 nionis
530 2992 810 3038 mutuatos
861 2997 1002 3038 esse.
1037 2980 1104 3035 Et
1126 2997 1259 3037 sane
1303 2982 1359 3036 in
1389 2981 1598 3053 synodo
1622 2997 1678 3047 v,
1707 2979 1900 3052 Orige-

325 3093 420 3131 nes
450 3077 574 3131 ideo
602 3076 894 3130 damnatus
938 3081 993 3128 et
1023 3072 1365 3144 proscriptus
1407 3081 1492 3129 est
1520 3093 1533 3128 :
1569 3073 1714 3128 unde
1760 3073 1899 3128 forte

325 3169 538 3223 dicatur
569 3183 694 3239 qua:
732 3168 787 3220 in
820 3165 1097 3221 hodiernis
1145 3166 1265 3236 ejus
1293 3165 1514 3235 scriptis
1548 3180 1645 3236 pro
1673 3173 1899 3234 peccato

327 3261 576 3332 originali
621 3267 960 3328 comparent,
1007 3259 1185 3312 aliena
1244 3272 1409 3312 manu
1458 3259 1670 3312 invecta
1705 3257 1893 3312 fuisse.

328 3349 460 3402 Nam
493 3364 663 3419 opera
688 3347 942 3418 Origenis
978 3347 1034 3400 in
1063 3345 1401 3416 Scripturam
1424 3387 1438 3411 ,
1472 3347 1642 3402 variis
1677 3347 1731 3400 in
1761 3347 1897 3402 locis

329 3443 678 3513 interpolata,
711 3451 806 3496 aut
846 3441 1034 3497 vitiata
1064 3439 1149 3494 vel
1193 3448 1447 3493 truncata
1481 3438 1631 3494 fuere
1669 3456 1680 3490 :
1721 3455 1899 3509 neque

328 3535 380 3589 in
403 3545 656 3606 promptu
691 3543 776 3590 est
800 3535 980 3590 dicere
1006 3549 1255 3605 quasnam
1293 3533 1346 3585 in
1379 3533 1598 3602 scriptis
1627 3532 1746 3601 ejus
1775 3547 1900 3586 cor-

329 3637 506 3696 rupta,
547 3642 798 3696 quamam
845 3642 1136 3696 germana,
1178 3634 1233 3680 et
1257 3624 1628 3679 Graeculorum
1671 3625 1898 3679 ausibus

333 3721 536 3773 intacta
577 3727 730 3775 sunt.
769 3717 951 3772 Rufini
985 3734 1203 3788 quoque
1229 3717 1407 3772 versio
1434 3718 1598 3787 vulgo
1645 3724 1900 3786 suspecta

332 3812 584 3866 habetur.
637 3811 796 3877 Quod
823 3809 1122 3866 Eusebium
1167 3824 1301 3865 vero
1346 3816 1578 3879 spectat,
1619 3807 1728 3862 duo
1761 3807 1900 3862 forte

329 3908 536 3973 possint
565 3903 634 3956 ad
659 3903 1036 3973 purgationem
1066 3902 1187 3972 ejus
1216 3900 1476 3972 proferri;
1508 3900 1683 3970 primo
1716 3901 1899 3954 locum

329 3989 583 4056 superius
633 3991 888 4054 allatum,
945 4006 1055 4044 non
1107 3991 1417 4059 integrum,
1455 3991 1550 4044 sed
1584 3997 1900 4043 truncatum

331 4082 500 4136 fuisse
535 4096 548 4132 :
584 4090 646 4134 ut
683 4082 810 4136 hinc
849 4082 1140 4136 manifeste
1184 4084 1455 4154 arguitur,
1503 4082 1651 4152 quod
1697 4082 1814 4150 ipse
1843 4097 1902 4136 se

331 4173 584 4244 superius
635 4173 908 4229 indicasse
943 4174 1291 4238 testificetur,
1331 4173 1648 4228 calcaneum
1697 4173 1901 4244 iniqui-

330 4270 454 4322 tatis
503 4281 630 4321 esse
671 4264 861 4318 Adami
890 4265 1396 4335 inobsequentiam,
1431 4267 1577 4336 quod
1628 4281 1898 4336 nusquam

333 4360 464 4414 alias
501 4359 560 4412 in
593 4358 680 4412 his
711 4357 1118 4412 commentariis
1152 4358 1420 4425 habetur;
1471 4358 1714 4414 secundo
1753 4358 1899 4427 quod

333 4455 458 4509 alibi
507 4455 564 4506 in
605 4452 693 4506 his
725 4451 1131 4506 commentariis
1179 4459 1462 4521 peccatum
1503 4451 1770 4522 originale
1797 4453 1898 4505 ad-

1994 617 2109 653 nem
2143 603 2457 673 reliquorum
2494 603 2726 672 fratrum
2756 604 2869 670 ejus
2895 612 3114 655 matrem
3138 601 3328 655 dicere.
3367 600 3556 655 Verum

1991 689 2222 747 Iacobus
2243 734 2256 758 ,
2286 695 2375 763 qui
2406 694 2600 748 dicitur
2632 695 2802 764 frater
2824 693 3056 754 Domini,
3099 709 3204 746 non
3236 692 3438 746 videtur
3468 707 3559 761 pe-

1992 786 2232 854 regrinus
2266 787 2365 854 ipsi
2392 787 2589 856 fuisse,
2640 804 2732 841 nec
2762 786 2886 856 ﬁdei
2939 787 2994 838 in
3027 786 3200 853 ipsum
3239 793 3557 850 extraneas;

1992 881 2096 932 imo
2140 895 2258 932 vero
2291 895 2426 932 unus
2478 889 2593 931 erat
2636 895 2701 932 ea:
2746 879 2851 946 iis,
2909 878 2998 948 qui
3042 893 3160 930 cum
3200 877 3386 946 primis
3423 878 3560 932 inter

1991 988 2265 1042 germanos
2295 971 2405 1040 ejus
2437 969 2722 1032 discipulos
2752 969 3226 1040 computabantur;
3253 970 3332 1023 ita
3362 979 3420 1023 ut
3452 971 3559 1039 ipse

1991 1063 2192 1131 primus
2213 1059 2674 1130 Jerosolymitana:
2704 1059 2956 1114 Ecclesia:
3004 1059 3248 1114 thronum
3280 1062 3554 1129 acciperet.

1993 1151 2197 1221 Reliqui
2225 1152 2348 1205 item
2378 1151 2491 1219 ejus
2521 1150 2736 1220 fratres,
2767 1151 2865 1205 etsi
2895 1168 2927 1204 a
2957 1152 3213 1220 principio
3245 1167 3348 1204 non
3377 1151 3558 1206 crede-

1994 1252 2106 1296 rent
2145 1245 2198 1295 in
2233 1244 2443 1311 ipsum;
2473 1251 2527 1295 at
2561 1252 2759 1296 certum
2792 1252 2869 1296 est
2907 1259 2992 1296 eos
3033 1252 3213 1310 postea
3253 1242 3554 1297 credidisse.

1996 1333 2201 1388 Narrat
2231 1336 2368 1388 enim
2398 1333 2740 1404 Evangelium
2761 1334 2970 1406 (Matth.
3008 1349 3109 1396 xu,
3142 1333 3230 1389 47)
3261 1343 3482 1388 matrem
3509 1345 3560 1388 et

1992 1427 2185 1495 fratres
2221 1426 2334 1495 ejus
2365 1427 2511 1496 foras
2555 1427 2782 1490 stetisse,
2822 1436 3113 1495 qua'rentes
3162 1443 3280 1480 eum
3335 1427 3555 1498 alloqui.

1994 1519 2062 1572 Et
2090 1521 2143 1573 in
2167 1519 2385 1573 Actibus
2413 1519 2773 1587 apostolorum
2812 1519 3014 1572 dicitur.
3035 1558 3048 1583 ,
3086 1518 3259 1587 fuisse
3294 1520 3558 1588 apostolos

1992 1628 2101 1664 una
2127 1622 2510 1681 perseverantes
2544 1613 2597 1665 in
2628 1612 2864 1666 oratione
2896 1629 3013 1664 cum
3037 1610 3215 1664 Maria
3245 1620 3413 1665 matre
3445 1613 3559 1681 ejus

1992 1713 2040 1756 et
2087 1703 2346 1771 fratribus
2391 1703 2506 1772 ejus
2543 1702 2685 1774 (Act.
2723 1719 2763 1767 ι,
2792 1703 2898 1773 14).
2937 1703 3041 1769 Qui
3075 1720 3194 1774 ergo
3230 1705 3562 1758 existimetur

1994 1797 2060 1849 iis
2091 1796 2392 1866 peregrinus
2420 1799 2568 1851 esse?
2606 1793 2801 1850 Nullus
2835 1798 3009 1868 itaque
3043 1797 3188 1852 locus
3224 1807 3475 1866 superest,
3502 1806 3559 1850 ut

1992 1883 2056 1938 de
2101 1886 2166 1938 iis
2212 1884 2422 1938 dicatur
2465 1900 2483 1938 :
2529 1904 2547 1936 (
2580 1884 2880 1939 Extraneus
2927 1887 3100 1956 factus
3145 1903 3262 1940 sum
3301 1887 3558 1956 fratribus

1994 1979 2144 2040 meis,
2167 1986 2216 2030 et
2237 1980 2541 2047 peregrinus
2567 1977 2694 2047 [iliis
2735 1980 2920 2033 matris
2947 1995 3095 2034 meae.
3132 1998 3149 2030 ι
3187 1977 3312 2032 Non
3333 1979 3468 2034 enim
3494 1980 3559 2033 iis

1991 2072 2326 2141 peregrinus,
2358 2071 2448 2124 sed
2483 2070 2708 2124 multum
2738 2073 2997 2138 pretiosus
3033 2080 3176 2135 erat;
3227 2073 3303 2124 ita
3339 2080 3398 2125 ut
3434 2070 3557 2124 nul-

1996 2164 2201 2217 latenus
2236 2162 2444 2217 credere
2481 2164 2635 2216 liceat
2674 2179 2836 2232 supra
2867 2173 3184 2217 memoratos
3222 2163 3414 2232 fratres
3446 2165 3559 2234 ejus

1995 2257 2136 2326 filios
2159 2256 2210 2310 Μ
2221 2259 2350 2310 ανίιε
2375 2257 2558 2325 fuisse.
2609 2256 2720 2309 Alii
2751 2273 2878 2310 sane
2916 2257 3110 2326 fuerint
3146 2257 3235 2326 qui
3273 2257 3328 2311 in
3357 2257 3561 2327 psalmo

1995 2350 2099 2418 ﬁlii
2130 2351 2316 2403 matris
2343 2351 2455 2418 ejus
2480 2349 2746 2414 dicuntur,
2769 2348 3054 2418 quibusque
3083 2357 3364 2403 extraneas
3387 2348 3560 2418 factus

1995 2451 2093 2497 est.
2142 2441 2421 2511 Intelligas
2467 2459 2623 2511 porro
2661 2451 2880 2495 matrem
2914 2440 3121 2511 quidem
3149 2441 3262 2510 ejus
3309 2458 3421 2496 esse
3459 2439 3561 2494 Ju-

1995 2534 2233 2589 dazorum
2279 2533 2633 2605 Synagogam,
2669 2544 2774 2589 etc.
2833 2534 3019 2589 Graeca
3064 2533 3349 2595 brevitatis
3395 2549 3562 2588 causa

1997 2625 2322 2690 omittimus,
2355 2627 2482 2695 quia
2505 2626 2656 2680 nulla
2683 2625 2749 2680 de
2780 2625 2846 2680 iis
2876 2632 3058 2695 potest
3088 2625 3224 2678 oriri
3255 2633 3563 2680 controver-

1998 2717 2098 2771 sia.
2130 2715 2228 2771 ilic
2260 2725 2461 2779 autem.
2501 2723 2559 2770 ut
2596 2715 2781 2771 videre
2807 2724 2914 2780 est,
2949 2732 3065 2770 rem
3103 2715 3561 2787 προϐληματικὼς

1998 2816 2211 2863 tantum
2245 2811 2532 2878 proponit,
2575 2823 2676 2863 nec
2706 2823 2825 2862 eam
2867 2809 3015 2862 velut
3046 2824 3199 2863 suam
3231 2808 3562 2863 sententiam

1999 2900 2173 2956 affert.
2217 2898 2352 2954 Nam
2393 2901 2468 2954 ita
2507 2900 2686 2970 arguit
2735 2899 2825 2954 ille
2866 2916 2881 2953 :
2929 2899 2986 2953 Si
3020 2901 3160 2955 filios
3210 2901 3404 2956 matris
3440 2900 3560 2968 ejus

1999 2992 2090 3047 hic
2118 2992 2186 3047 ad
2213 2992 2453 3047 litteram
2487 2993 2842 3062 accipiamus,
2885 2991 3012 3046 hinc
3045 2992 3402 3062 consequitur
3434 3005 3563 3046 san‘

2000 3090 2144 3136 ctam
2177 3080 2455 3151 Virginem
2486 3080 2825 3150 reliquorum
2860 3079 3090 3134 fratrum
3123 3081 3244 3150 ejus
3287 3095 3411 3136 esse
3447 3096 3562 3134 ma-

2001 3179 2170 3234 trem;
2206 3185 2330 3224 cum
2371 3176 2550 3226 autem
2593 3169 2732 3222 nolit
2762 3168 2852 3222 hic
2883 3183 3173 3239 germanos
3216 3167 3414 3224 fratres
3441 3170 3562 3236 eius

1999 3259 2332 3330 significari,
2381 3273 2558 3329 neque
2608 3258 2884 3327 sequelam
2916 3258 3062 3313 haud
3099 3259 3263 3314 dubie
3308 3260 3561 3314 admittit.

1997 3349 2063 3404 Et
2089 3365 2220 3405 sane
2248 3365 2356 3403 non
2387 3350 2662 3405 nesciebat
2689 3349 2778 3404 ille
2799 3359 3037 3405 veterum
3065 3349 3322 3406 Ecclesia:
3342 3349 3562 3404 Patrum

1996 3458 2115 3502 eam
2165 3442 2490 3498 sententiam
2525 3440 2716 3507 fuisse,
2742 3440 2971 3496 Mariam
3012 3443 3173 3498 unius
3199 3443 3405 3498 Christi
3441 3458 3565 3498 esse

1996 3541 2259 3597 matrem,
2292 3532 2647 3599 Tertulliani,
2686 3531 2981 3588 Clementis
3015 3533 3400 3598 Alexandrini,
3438 3533 3563 3588 Ori-

1997 3628 2149 3698 genis
2175 3643 2188 3680 :
2214 3628 2307 3698 qui
2336 3634 2518 3682 tamen
2549 3635 2856 3696 postremus
2884 3628 3064 3681 innuit
3095 3628 3388 3682 nonnullos
3408 3644 3564 3684 secus

1997 3719 2292 3783 aastimare,
2348 3727 2402 3774 et
2433 3718 2669 3774 Eusebio
2717 3734 2920 3788 suppar
2959 3719 3192 3774 Basilius
3239 3735 3353 3774 rem
3406 3719 3565 3790 quasi

1999 3809 2244 3865 nandum
2283 3809 2560 3865 deﬁnitam
2600 3812 2874 3881 proponit.
2911 3810 3110 3865 Verum
3135 3810 3379 3868 Ecclesia
3411 3811 3562 3867 dein-

1999 3916 2127 3970 ceps
2180 3901 2234 3954 in
2278 3899 2584 3954 Helvidium
2629 3901 2955 3955 sententiam
3001 3901 3240 3967 ferente,
3302 3911 3569 3973 quotquot

2000 3991 2059 4047 B.
2094 3993 2365 4062 Virginem
2401 3992 2537 4046 alios
2571 4001 2763 4061 praeter
2784 3991 3061 4049 Christum
3091 3993 3230 4050 tilios
3259 3995 3568 4067 suscepisse

2001 4086 2277 4148 dixerunt,
2310 4099 2410 4154 pro
2441 4083 2790 4140 heterodoxis
2814 4086 2986 4140 habiti
3019 4093 3169 4141 sunt.

2243 4222 2300 4271 V.
2326 4222 2434 4272 Non
2455 4221 2628 4272 statuit
2648 4222 2768 4271 duas
2786 4224 2837 4271 in
2859 4221 3053 4273 Christo
3076 4235 3326 4285 personas.

2070 4347 2284 4404 Passim
2312 4348 2584 4406 Eusebius
2619 4349 2676 4403 in
2704 4350 2791 4405 his
2833 4351 3240 4406 commentariis
3266 4349 3334 4404 de
3373 4349 3571 4404 huma-

2003 4429 2174 4496 nitate
2197 4441 2434 4508 Christi,
2471 4443 2632 4512 quasi
2670 4441 2738 4497 de
2775 4457 3011 4512 persona
3058 4441 3292 4512 quadam
3328 4443 3568 4512 propria,

335 4548 549 4598 mittere
586 4543 876 4596 videatur:
915 4542 996 4596 sic
1029 4542 1086 4596 in
1117 4542 1231 4596 haec
1254 4543 1421 4597 verba
1451 4542 1647 4612 psalmi
1676 4557 1729 4608 ι,
1767 4541 1898 4596 Ecce
1929 4539 1976 4595 1)
2004 4531 2168 4586 νει·ῢᾶ
2210 4531 2389 4586 facere
2433 4532 2669 4597 Videtur,
2725 4532 2853 4587 dum
2901 4534 3206 4588 sexceﬂlies
3253 4531 3568 4596 humanam.

338 4637 466 4689 enim
497 4637 552 4688 in
582 4636 949 4703 iniquitatibus
972 4645 1247 4704 conceptus
1264 4651 1401 4698 sum,
1431 4637 1505 4690 ait
1532 4635 1766 4691 infantes
1792 4649 1900 4689 nou

339 4732 389 4783 in
414 4731 606 4786 matris
634 4729 1037 4800 iniquitatibus,
1069 4728 1164 4784 sed
1199 4729 1251 4782 in
1281 4730 1419 4792 suis,
1443 4728 1618 4782 nasci.

343 4863 417 4916 lll.
445 4865 518 4913 An
543 4868 688 4925 putet
734 4865 809 4926 BL
833 4863 1089 4926 Virginem
1130 4860 1251 4910 alios
1274 4869 1456 4924 praeter
1491 4861 1752 4926 Christum
1779 4863 1904 4911 filios

396 4927 639 4974 habuisse.
668 4949 729 4958 --
751 4925 830 4975 1V.
879 4925 934 4973 Id
960 4939 1058 4973 non
1083 4925 1220 4986 quasi
1238 4938 1392 4984 suam,
1418 4925 1507 4973 sed
1534 4927 1670 4985 quasi
1693 4925 1903 4975 alienam

397 4989 688 5036 sententiam
705 4988 888 5036 attulit.

409 5092 502 5147 Est
532 5089 922 5147 aliusEusebii
954 5091 1131 5153 locus,
1166 5089 1223 5142 in
1253 5104 1364 5158 quo
1401 5089 1576 5158 prima
1615 5087 1796 5142 fronte
1822 5088 1904 5142 vi-

343 5184 527 5238 deatur
555 5183 802 5246 credere,
836 5173 928 5236 aut
955 5181 1233 5252 probabile
1266 5180 1579 5236 existimare
1607 5179 1667 5233 Β.
1700 5177 1764 5231 V.
1789 5179 1903 5232 Ma-

345 5279 472 5329 riam
513 5277 651 5330 alios
686 5285 880 5344 praeter
906 5276 1185 5330 Christum
1230 5273 1369 5328 ﬁlios
1413 5271 1767 5340 suscepisse;
1814 5285 1904 5324 ve-

347 5382 460 5419 rum
504 5365 819 5419 accuratius
862 5364 1146 5433 explorata
1188 5361 1483 5416 verborum
1526 5359 1669 5412 serie
1710 5357 1904 5424 depre-

347 5460 598 5512 henditur
623 5458 775 5511 illum
803 5458 943 5509 hanc
973 5453 1299 5508 sententiam
1319 5450 1476 5521 quasi
1505 5451 1760 5510 alienam,
1793 5463 1903 5500 non

344 5566 464 5604 vero
502 5564 691 5612 suam,
738 5561 1060 5617 proponere.
1106 5544 1282 5599 Locus
1327 5545 1406 5599 sic
1440 5543 1602 5597 habet
1643 5539 1721 5594 ad;
1761 5540 1906 5593 hunc

343 5643 473 5712 psal.
531 5656 702 5695 LXVIII
741 5656 960 5694 versum
995 5658 1008 5692 :
1047 5658 1064 5690 ι
1090 5636 1391 5690 Extraneus
1431 5635 1606 5704 factus
1643 5649 1759 5686 sum
1790 5633 1905 5701 fra-

345 5737 504 5789 tribus
545 5737 710 5800 meis,
755 5742 803 5786 et
834 5731 1132 5801 peregrinus
1180 5729 1310 5799 ﬁliis
1361 5729 1548 5780 matris
1596 5743 1742 5780 metr.
1777 5745 1795 5778 ι
1847 5724 1907 5780 Si

344 5831 495 5900 igitur
527 5829 671 5899 ﬁlios
713 5826 898 5879 matris
945 5825 1058 5894 ejus
1098 5824 1152 5875 in
1189 5822 1282 5876 hoc
1321 5821 1525 5891 psalmo
1568 5821 1644 5875 sic
1675 5829 1901 5885 vocatos,

2007 4637 2168 4692 quam
2201 4621 2452 4678 Christus
2495 4624 2794 4693 assumpsit
2835 4631 3122 4689 naturam,
3165 4623 3424 4678 hominem
3448 4623 3572 4678 Ser-

2006 4714 2234 4778 vatoris,
2277 4721 2331 4768 et
2373 4714 2634 4768 hominem
2673 4715 2872 4770 Christi
2926 4725 3242 4783 nuncupat,
3299 4724 3354 4770 et
3406 4714 3571 4768 alium

2009 4818 2039 4856 a
2069 4802 2248 4858 Verbo
2275 4803 2484 4858 Christi
2527 4804 2804 4860 hominem
2851 4805 3094 4860 indicare
3125 4804 3339 4858 videtur
3373 4821 3390 4857 :
3426 4804 3572 4874 quod

2009 4895 2266 4967 loquendi
2313 4911 2486 4966 genus
2515 4895 2818 4950 secundum
2858 4896 2973 4950 haec
3011 4897 3196 4950 multis
3259 4895 3574 4951 nominibus

2011 4998 2321 5058 suspectum
2345 5003 2466 5043 esse
2507 4989 2692 5057 C(Bpit,
2731 5004 2856 5042 cum
2888 4989 3128 5043 haeretici
3157 4987 3402 5058 quidam,
3437 4986 3574 5044 Ver-

2009 5081 2140 5135 bum
2189 5081 2281 5135 Dei
2323 5079 2379 5133 in
2427 5080 2704 5134 hominem
2741 5095 2803 5134 ex
2846 5079 3016 5133 Maria
3068 5087 3256 5132 natum
3285 5119 3301 5144 ,
3354 5079 3577 5149 perinde

2011 5183 2173 5241 atque
2221 5172 2350 5226 olim
2404 5173 2460 5225 in
2504 5175 2834 5243 prophetas,
2892 5171 3178 5226 advenisse
3223 5181 3574 5242 pugnarent:

2010 5265 2243 5320 maxime
2270 5279 2397 5319 vero
2424 5275 2632 5333 postea,
2663 5280 2787 5318 cum
2822 5264 3014 5319 horum
3037 5263 3282 5334 vestigiis
3315 5264 3576 5321 insistens

2009 5354 2326 5419 Nestorius,
2372 5357 2508 5410 duas
2546 5356 2601 5410 in
2625 5355 2845 5410 Christo
2875 5370 3140 5425 personas
3182 5371 3304 5411 esse
3347 5356 3581 5411 afﬁrma—

2010 5456 2112 5502 ret.
2139 5445 2340 5502 Verum
2372 5455 2664 5517 antequam
2696 5448 2798 5502 hac
2838 5447 2895 5500 in
2929 5461 2989 5501 re
3019 5458 3281 5503 novarenl
3309 5447 3574 5510 haeretici,

2013 5537 2112 5595 SS.
2141 5538 2331 5594 Patres
2364 5541 2431 5593 ab
2455 5539 2819 5608 hisloquendi
2857 5538 3148 5609 generibus
3177 5555 3284 5595 non
3313 5541 3578 5597 abhorre-

2012 5634 2162 5688 bant.
2203 5633 2338 5686 Nam
2367 5633 2701 5686 Athanasius
2729 5631 2910 5686 virum
2944 5647 3011 5686 ex
3033 5630 3202 5684 Maria
3243 5640 3452 5696 natum,
3487 5631 3578 5683 ho-

2012 5730 2202 5782 minem
2231 5727 2599 5790 Dominicum,
2639 5739 2747 5778 non
2789 5724 2957 5780 semel
2993 5723 3305 5793 appellavit.
3342 5723 3578 5794 Epipha-

2014 5821 2140 5875 nius
2173 5817 2425 5874 similiter
2458 5817 2560 5871 hac
2587 5815 2842 5887 loquendi
2871 5816 3104 5872 formula
3131 5826 3216 5872 est
3242 5831 3394 5871 usus.
3437 5812 3574 5878 Quia
