4020 6372
310 399 370 454 53
1051 394 1556 452 COMMENTARIA
1599 393 1666 448 IN
1705 393 2126 450 PSALMOS.——
2167 393 2706 450 PRASLIMINARIA.
3452 393 3520 446 55

307 509 542 566 Ecclesiae
565 509 920 574 consuetudo,
947 510 1252 568 ritusunus
1271 511 1453 576 fuerit,
1483 513 1538 565 in
1577 511 1644 565 iis
1665 519 1841 564 tamen

1946 511 2346 584 κεχωρημένως
2369 512 2661 574 ἰδιάζον-τας
2686 511 3024 580 προσκυνεῖν,
3039 507 3149 562 ἀλλ’
3171 507 3520 570 ἀπαντῶντας

306 619 412 673 quae
431 605 493 658 ad
523 613 802 659 externum
851 619 1056 660 morem
1113 606 1463 676 minoresque
1499 604 1856 660 caeremonias

305 695 572 766 pertinent,
620 703 686 750 et.
701 703 1007 766 temporum
1047 705 1102 751 et
1147 697 1390 751 locorum
1429 697 1854 752 consuetudines

303 787 450 840 variae
492 785 875 852 observantur,
913 802 1034 856 quae
1085 787 1296 842 scilicet
1345 795 1601 858 possunt,
1649 788 1854 842 illibata

303 881 602 936 Christiana.
619 881 906 952 religione,
929 883 1146 936 mutari.

453 993 612 1044 II.<De
637 996 965 1050 conventibus
993 995 1382 1046 Christianorum
1405 1000 1674 1046 matutinis.

361 1098 502 1164 Quod
555 1100 803 1170 plerique
840 1101 1146 1170 priscorum
1215 1101 1471 1156 Ecclesiae
1521 1101 1850 1171 scriptorum

301 1189 502 1244 tradunt
529 1189 599 1246 de
629 1194 992 1248 conventibus
1035 1193 1475 1248 Christianorum
1511 1195 1567 1247 in
1593 1194 1846 1258 ecclesia,

299 1279 554 1336 Dominica
584 1283 676 1338 die
695 1285 958 1339 celebrari
991 1284 1187 1348 solitis,
1221 1285 1398 1352 deque
1432 1287 1574 1340 sacri
1603 1286 1850 1355 corporis

298 1377 478 1431 Christi
501 1377 706 1431 ibidem
731 1378 932 1432 usitata
981 1380 1354 1446 comestione;
1413 1380 1466 1434 id
1499 1379 1764 1435 Eusebius
1796 1381 1847 1435 in

299 1459 446 1521 variis
473 1467 668 1521 horum
703 1470 1220 1525 commentariorum
1249 1471 1386 1526 locis
1417 1487 1518 1525 nec
1553 1472 1730 1527 obiter
1754 1487 1850 1527 ex-

297 1559 460 1628 plicat.
495 1558 554 1614 In
579 1575 738 1615 more
789 1561 989 1632 quippe
1021 1571 1152 1617 tunc
1185 1571 1324 1628 erat,
1359 1573 1418 1619 ut
1456 1563 1740 1620 Dominica
1761 1566 1850 1623 die

295 1650 570 1706 Christiani
598 1668 796 1709 omnes
825 1663 1074 1709 exortum
1104 1655 1236 1711 solis
1255 1663 1660 1711 anteverterent
1685 1665 1738 1713 et
1781 1659 1846 1713 ad

298 1743 566 1797 ecclesiam
629 1753 1007 1814 properarent,
1064 1745 1157 1801 ubi
1211 1747 1510 1802 matutinos
1548 1757 1848 1804 conventus

293 1837 550 1892 exoriente
575 1835 707 1892 luce
760 1853 872 1891 una
926 1838 1100 1892 coacti
1161 1838 1652 1906 celebrabant;ut,
1677 1840 1732 1893 in
1761 1839 1850 1896 die

291 1930 664 1984 resurrectioni
720 1929 936 1984 Domini
971 1937 1314 1992 consecrata,
1361 1947 1521 1986 sacro
1579 1931 1846 1987 Dominici

289 2023 515 2093 corporis
539 2023 674 2077 cibo
705 2023 936 2089 refecti,
981 2023 1176 2094 pignus
1209 2022 1406 2078 futurae
1421 2033 1474 2079 et
1513 2024 1764 2096 gloriosae
1791 2024 1848 2079 in

288 2129 434 2168 carne
459 2114 890 2169 resurrectionis
936 2117 1284 2184 acciperent:
1334 2131 1548 2185 unoque
1579 2123 1848 2172 concentu

289 2207 440 2261 Deum
470 2213 522 2263 et
547 2207 837 2262 Christum
888 2209 1247 2271 celebrarent,
1277 2225 1375 2279 pro
1408 2209 1568 2265 bonis
1610 2213 1848 2282 acceptis

291 2297 478 2366 gratias
531 2303 786 2367 agerent,
839 2313 937 2366 pro
984 2300 1314 2354 necessariis
1342 2309 1454 2353 tum
1501 2301 1696 2356 animae
1732 2312 1846 2357 tum

287 2389 501 2448 corpori.
543 2387 724 2442 Deum
783 2388 982 2448 obnixe
1030 2399 1408 2460 precarentur.
1445 2392 1516 2446 De
1551 2393 1636 2448 his
1666 2393 1850 2465 itaque

285 2481 636 2534 conventibus
693 2481 806 2532 haec
859 2480 1020 2533 habet
1067 2477 1333 2532 Eusebius
1401 2477 1456 2530 in
1519 2480 1652 2544 psal.
1711 2492 1840 2538 ut,

281 2589 405 2628 vers.
446 2573 514 2628 50
559 2592 572 2626 :
611 2591 636 2622 ε
683 2571 1136 2625 Manducaverunt
1177 2579 1228 2623 et
1267 2570 1618 2623 adoraverunt
1667 2584 1841 2624 omnes

281 2665 476 2734 pingues
503 2673 684 2726 terra,
715 2673 764 2717 et
789 2666 846 2717 in
873 2673 1142 2732 conspectu
1171 2661 1286 2730 ejus
1307 2659 1512 2726 cadent,
1534 2667 1640 2714 etc.
1671 2679 1690 2710 ›
1719 2657 1842 2714 Sin—

284 2748 404 2816 gulis
443 2751 856 2805 resurrectionis
906 2749 1204 2804 Saluatoris
1252 2751 1421 2804 nostri
1468 2751 1648 2806 diebus
1674 2793 1688 2818 ,
1731 2769 1848 2823 qua:

283 2835 858 2902 Dominicte'vocantur,
907 2841 1034 2908 ipsis
1069 2840 1237 2894 oculis
1278 2857 1488 2895 cernere
1527 2853 1614 2895 est-
1649 2857 1734 2896 eos
1759 2843 1848 2912 qui

281 2939 470 2983 sacrum
491 2932 672 2984 cibum
701 2941 750 2984 et
774 2930 1044 2994 Salutare,
1089 2931 1144 2984 id
1187 2941 1266 2984 est
1309 2931 1606 2986 Saluatoris
1658 2947 1845 2999 corpus

281 3021 542 3090 accipiunt,
569 3031 696 3090 post
717 3023 885 3089 ipsum
908 3039 1053 3076 esum
1073 3023 1264 3091 viviﬁci
1285 3023 1522 3077 alimenti
1545 3024 1845 3094 largitorem

279 3123 320 3165 et
337 3128 566 3179 promum
587 3113 842 3180 adorare,
866 3122 1018 3182 atque
1039 3115 1224 3167 mirari
1241 3115 1515 3168 verborum
1534 3114 1846 3184 hujusmodi

277 3213 514 3270 euentum,
541 3221 608 3259 ac
639 3221 696 3258 re
719 3215 884 3275 gesta,
928 3205 1103 3276 quoad
1145 3207 1440 3274 planiorem
1489 3207 1617 3260 dicti
1638 3217 1845 3262 senten-
1873 3235 1912 3290 ο

279 3297 712 3365 tiam,impletum
751 3298 1078 3352 vaticinium.
1106 3297 1238 3364 Quae
1271 3308 1452 3354 autem
1478 3300 1624 3367 quod
1663 3300 1730 3354 ad
1771 3302 1844 3354 ri-

277 3395 376 3440 tum
401 3391 734 3444 exteriorem
773 3388 865 3441 illa
905 3389 1152 3444 adoratio
1203 3399 1370 3454 esset,
1408 3391 1508 3458 sic,
1541 3392 1730 3458 paucis
1760 3393 1844 3446 in-

275 3480 556 3549 terpositis,
584 3480 832 3550 explicat
861 3496 874 3531 :
906 3499 924 3530 (
973 3477 1040 3533 In
1062 3491 1341 3550 conspectu
1365 3483 1476 3550 ejus
1498 3482 1686 3536 cadent
1731 3501 1845 3536 om-

273 3587 352 3624 nes
373 3572 458 3641 qui
479 3571 808 3625 descendunt
839 3571 893 3623 in
923 3581 1158 3628 terram:
1191 3593 1209 3622 I
1234 3588 1330 3640 pro
1357 3590 1458 3642 quo
1481 3574 1694 3644 Aquila,
1724 3593 1742 3624 ι
1779 3573 1842 3628 In

272 3664 456 3718 vultum
480 3665 602 3734 ejus
643 3664 852 3733 ﬂectant
876 3681 930 3718 se
956 3681 1133 3718 omnes
1162 3667 1252 3735 qui
1292 3665 1612 3720 descendunt
1653 3667 1707 3720 in
1733 3668 1846 3734 pul-

271 3773 444 3810 verem.
475 3777 494 3808 ι
523 3756 694 3822 Queis
721 3757 998 3825 manifeste
1028 3773 1231 3824 eorum,
1283 3760 1372 3827 qui
1397 3759 1449 3812 in
1494 3759 1714 3812 ecclesia
1751 3759 1844 3814 Dei

269 3865 422 3918 genua
443 3849 689 3917 ﬂectunt,
713 3865 910 3902 morem
935 3848 1212 3902 declarat:
1262 3849 1334 3902 ibi
1364 3851 1503 3906 enim
1547 3867 1714 3920 genua
1749 3851 1843 3921 fle-

270 3952 472 4006 ctentes,
501 3953 668 4012 atque
694 3941 957 4011 frontibus
983 3944 1092 3996 suis
1123 3952 1278 3996 terra:
1301 3943 1678 4009 incumbentes,
1707 3945 1844 3998 hunc

268 4033 514 4088 adorandi
547 4035 718 4088 ritum
740 4041 968 4088 servant.
1011 4033 1098 4086 Ἐν
1195 4035 1394 4102 γόνατα
1420 4034 1717 4100 κλίναντες,
1749 4037 1842 4091 καὶ

265 4121 326 4173 τὰ
347 4123 568 4191 μέτωπα
599 4125 684 4186 εἰς
703 4122 806 4193 γῆν
824 4121 1148 4193 ἐρείσαντες,
1167 4122 1353 4176 τοῦτον
1376 4129 1698 4197 προσκυνεῖν
1726 4126 1844 4178 εἰώ-

267 4213 379 4267 ϐασι
408 4214 500 4267 τὸν
522 4213 748 4285 τρόπον.
779 4211 853 4268 De
881 4213 1162 4268 matutinis
1187 4215 1316 4267 item
1337 4217 1693 4272 conventibus
1710 4221 1840 4288 agit,

267 4307 694 4376 psal.va,vers.
719 4303 832 4368 6,et
859 4321 1010 4368 Lvnt,
1039 4307 1129 4360 ubi
1159 4321 1334 4375 genua
1358 4306 1606 4364 ﬂectendi
1637 4325 1840 4366 morem

268 4399 712 4467 antiquissimum
771 4397 1010 4452 declarat
1043 4415 1055 4449 :
1085 4399 1478 4467 procumbendi
1527 4401 1656 4457 item
1705 4419 1838 4458 con-

267 4491 630 4555 suetudinem,
655 4489 740 4544 vel
769 4489 960 4559 primis
989 4490 1250 4548 Ecclesiae
1291 4493 1510 4548 saeculis
1553 4502 1836 4561 statutam,

1957 606 2036 666 εἰς
2057 605 2153 675 τὴν
2171 603 2462 674 ἐκκλησίαν
2489 604 2676 669 αὐτοῦς
2707 603 2756 657 id
2780 611 2862 658 est
2885 621 2897 655 :
2928 600 3045 656 Non
3071 601 3179 655 vult
3215 601 3352 654 enim
3372 611 3524 654 extra

1955 695 2248 758 ecclesiam,
2269 712 2430 766 neque
2453 697 2507 750 in
2549 712 2753 750 secessu
2795 703 3019 749 semotas
3066 693 3290 748 adorare
3317 694 3521 762 ipsum;

1956 786 2308 842 sed-accedere
2319 787 2470 856 jubet
2523 786 2604 840 ad.
2633 787 2907 841 ecclesiam
2956 803 3133 840 suam.
3173 783 3524 854 ldipsumque

1955 879 2187 935 Basilius
2239 880 2402 933 habet
2453 879 2506 932 in
2574 878 2821 933 eumdem
2888 878 3178 946 psalmum,
3233 875 3380 928 hom.
3429 873 3520 932 9.8,

1953 987 2006 1041 p.
2031 973 2126 1026 181
2162 992 2174 1025 ;
2211 970 2354 1035 Ἔξω
2373 969 2648 1038 τῆςιάγίας
2679 969 2844 1036 αὐλῆς
2880 968 2938 1019 οὐ
2967 965 3071 1038 χρὴ
3105 967 3424 1037 προσκυνεῖν
3447 963 3524 1034 τῷ

1953 1063 2162 1133 Κυρίῳ,
2203 1061 2314 1115 ἀλλ’
2341 1061 2488 1113 ἔνδον
2535 1059 2820 1130 γενόμενον
2847 1075 2858 1108 :
2887 1058 2941 1112 id
2979 1065 3062 1112 est
3106 1075 3119 1110 :
3155 1055 3278 1108 Non
3323 1063 3524 1123 oportet

1950 1153 2244 1222 quempiam
2272 1161 2425 1204 extra
2472 1165 2681 1203 sacram
2724 1148 2903 1200 aulam
2950 1145 3174 1200 adorare
3215 1143 3520 1206 Dominum,

1951 1245 2041 1300 sed
2069 1246 2210 1298 intus
2233 1244 2482 1313 positum.
2507 1241 2576 1295 At
2606 1257 2765 1297 nemo
2781 1257 2961 1295 rerum
2987 1255 3270 1295 sacrarum
3294 1239 3377 1293 vel
3409 1253 3526 1292 me-

1949 1339 2208 1394 diocriter
2237 1336 2443 1406 peritus
2475 1336 2709 1405 ignorat,
2737 1335 2876 1388 hanc
2899 1333 3168 1403 prmcipue
3213 1346 3366 1386 novae
3387 1331 3522 1400 legis

1948 1439 2233 1492 tesseram,
2285 1429 2388 1482 hoc
2443 1427 2775 1490 institutum,
2812 1423 2957 1477 hanc
2994 1423 3289 1477 solemnem
3316 1420 3526 1476 Christi

1949 1523 2252 1579 doctrinam
2298 1537 2440 1586 esse,
2484 1520 2629 1591 quod
2670 1519 2812 1573 Deus
2861 1519 3060 1588 ubique
3099 1513 3409 1572 adorandus
3451 1513 3555 1567 sit--

1950 1615 2004 1667 in
2025 1615 2216 1684 spiritu
2235 1623 2282 1668 et
2307 1613 2525 1668 veritate
2551 1628 2568 1665 :
2599 1625 2776 1681 neque
2809 1609 2874 1664 ad
2905 1623 3022 1665 eam
3049 1623 3164 1664 rem
3195 1620 3422 1662 necesse
3451 1603 3525 1660 sit

1951 1707 2286 1776 assignatum
2338 1707 2648 1776 quempiam
2679 1703 2832 1757 adire
2871 1703 3049 1756 locum
3075 1721 3118 1768 ;,
3144 1701 3238 1756 sed
3288 1701 3526 1770 quisque

1951 1800 2202 1870 privatim
2225 1801 2372 1854 hunc
2395 1800 2598 1853 cultum
2646 1798 2954 1868 persolvere
2983 1797 3158 1867 possit
3207 1809 3268 1847 ac
3307 1793 3519 1848 debeat.

1881 1879 1920 1933 Β
1949 1891 2060 1946 Cur
2075 1907 2203 1962 ergo
2225 1892 2327 1944 viri
2353 1891 2602 1945 doctrina
2635 1891 2896 1960 insignes,
2937 1888 3169 1943 Basilius
3210 1884 3438 1954 Magnus
3468 1890 3524 1936 ct

1951 1981 2242 2046 Eusebius,
2272 1983 2340 2037 ab
2368 1981 2679 2052 hujusmodi
2708 1981 2882 2041 cultu,
2926 1980 3020 2046 qui
3051 1979 3120 2032 ab
3153 1979 3272 2048 ipso
3301 1975 3523 2030 Christo

1949 2073 2186 2129 traditus
2217 2082 2270 2130 et
2300 2075 2545 2128 sancitus
2597 2080 2700 2134 est,
2754 2071 3003 2128 homines
3051 2066 3428 2123 absterreant?
3454 2063 3524 2117 At

1949 2169 2095 2228 enim
2124 2183 2225 2223 nec
2245 2169 2302 2222 in
2347 2165 2529 2222 Veteri
2576 2164 2793 2236 quidem
2826 2163 3352 2225 Testantento,,cum
3398 2167 3524 2228 post

1949 2262 2134 2331 templi
2159 2260 2460 2326 conditum,
2486 2274 2594 2312 non
2641 2255 2909 2316 sacriﬁcia
2931 2298 2944 2321 ,
2975 2271 3084 2311 non
3104 2261 3282 2308 certas
3321 2261 3522 2306 statas—

1950 2367 2056 2422 que
2083 2353 2437 2406 caeremonias
2485 2350 2613 2404 alibi
2643 2350 2954 2420 persolvere
2983 2347 3191 2400 licitum
3224 2351 3392 2407 esset,
3428 2357 3519 2396 ve-

1949 2446 2110 2498 titum
2135 2460 2372 2515 usquam
2417 2444 2648 2516 legimus
2683 2457 2954 2513 quemque
3004 2455 3170 2510 penes
3202 2453 3261 2493 se
3287 2451 3443 2492 orare
3466 2443 3522 2491 et

1951 2535 2182 2590 adorare
2213 2535 2402 2600 Deum,
2453 2536 2499 2590 si
2523 2535 2732 2590 liberet.
2781 2533 2897 2590 Imo
2943 2548 3074 2588 vero
3105 2530 3315 2594 Daniel,
3343 2530 3396 2582 in
3419 2527 3520 2581 Ba-

1949 2628 2146 2700 bylone
2168 2644 2418 2692 versans,
2447 2627 2756 2698 frequenter
2781 2625 2948 2682 Deum
2982 2625 3244 2680 adorabat
3273 2642 3286 2678 :
3323 2623 3522 2692 aliique

1949 2723 2087 2776 bene
2115 2721 2270 2776 multi
2301 2722 2480 2776 sancti
2529 2720 2632 2775 viri
2668 2719 2837 2774 Deum
2887 2729 3038 2774 extra
3081 2717 3339 2787 templum
3389 2715 3520 2770 ado-.-

1949 2828 2105 2868 rasse
2131 2812 2632 2884 deprehenduntur.
2666 2810 2794 2865 Haec
2822 2811 3009 2880 itaque
3045 2808 3232 2862 Basilii
3271 2815 3324 2862 et
3351 2805 3522 2860 Ense-

1950 2905 2024 2960 bii
2051 2907 2170 2960 loca
2197 2922 2266 2960 ex
2301 2906 2552 2976 superius
2600 2904 2764 2958 allato
2797 2902 3018 2958 Eusebii
3051 2903 3171 2956 loco
3199 2908 3326 2956 sunt
3349 2899 3526 2969 expli-

1948 2997 2147 3061 cauda,
2172 2996 2262 3049 ubi
2297 2997 2524 3049 recitata
2563 2993 2772 3064 Aquilae
2799 2991 3050 3049 versione
3083 2994 3160 3046 sic
3191 2991 3353 3044 habet
3382 2989 3472 3043 ille
3501 3005 3524 3040 τ

1948 3086 2108 3154 Queis
2159 3087 2435 3156 manifeste
2474 3103 2674 3151 eorum,
2705 3087 2792 3157 qui
2839 3087 2892 3138 in
2948 3083 3166 3138 ecclesia
3209 3083 3306 3136 Dei
3352 3099 3520 3152 genua

1947 3181 2184 3248 ﬂectunt,
2214 3195 2412 3233 morem
2443 3179 2683 3232 declarat
2710 3195 2726 3231 :
2750 3179 2823 3230 ibi
2849 3178 2984 3230 enim
3023 3192 3190 3246 genua
3234 3175 3516 3246 flectentes,

1948 3285 2102 3344 atque
2115 3274 2380 3339 frontibus
2403 3276 2510 3326 suis
2535 3281 2688 3326 terra:
2708 3271 3090 3334 incumbentes,
3107 3269 3243 3322 hunc
3260 3266 3522 3320 adorandi

1945 3367 2106 3419 ritum
2141 3375 2369 3420 servant.
2405 3365 2609 3435 Opinor
2642 3364 2804 3434 igitur
2827 3363 2970 3418 hunc
2998 3361 3258 3416 adorandi
3289 3375 3516 3422 morem,

1945 3465 2134 3528 utpote
2158 3459 2561 3530 quodammodo
2609 3465 3016 3521 consecratum,
3049 3463 3200 3511 extra
3228 3450 3520 3508 ecclesiam

1943 3553 2170 3606 vetitum
2197 3551 2366 3606 fuisse
2400 3567 2501 3606 :ea
2544 3567 2790 3621 prorsus.
2817 3550 3026 3604 ratione
3047 3563 3154 3617 qua
3205 3545 3366 3598 hodie
3408 3558 3518 3598 non

1944 3645 2069 3698 licet
2090 3644 2287 3712 cuique
2315 3642 2544 3697 arbitrio
2599 3657 2718 3702 suo,
2771 3639 3004 3709 exempli
3035 3653 3202 3692 causa
3233 3636 3519 3690 incensum

1945 3744 1998 3790 et
2032 3737 2384 3808 thymiamata
2415 3737 2469 3789 in
2505 3736 2636 3788 vicis
2667 3744 2718 3790 et
2743 3733 2936 3804 plateis
2962 3731 3269 3804 promiscue
3299 3729 3516 3792 oﬂ‘erre,

1945 3828 2070 3896 quia
2109 3827 2222 3881 haec
2252 3827 2476 3898 speciali
2523 3827 2628 3880 ritu
2660 3833 2980 3881 consecrata
3028 3830 3081 3878 et
3122 3829 3325 3876 statuta
3349 3827 3517 3884 ‘sunt;

1945 3919 2018 3974 ita
2043 3921 2150 3975 illis
2178 3922 2539 3990 temporibus,
2563 3920 2666 3974 etsi
2697 3918 2904 3971 licitum
2925 3916 3122 3986 cuique
3166 3921 3312 3970 esset
3344 3912 3518 3968 Deum

1944 4027 2110 4078 penes
2141 4026 2197 4065 se
2215 4011 2426 4082 precari
2455 4019 2509 4065 et
2529 4011 2760 4064 adorare
2781 4047 2795 4070 ,
2834 4007 2926 4060 illo
2953 4014 3130 4062 tamen
3175 4005 3337 4060 modo
3375 4019 3518 4075 genu

1944 4105 2196 4160 ﬂectendi
2226 4119 2289 4158 ac
2334 4104 2390 4157 in
2422 4103 2655 4158 frontem
2700 4099 3095 4171 procumbendi
3136 4109 3288 4152 extra
3342 4097 3520 4152 eccle-

1945 4197 2082 4250 siam
2131 4195 2360 4249 adorare
2381 4195 2606 4250 vetitum
2641 4201 2795 4248 erat:
2833 4199 3058 4261 eratque
3108 4190 3234 4243 huic
3269 4190 3343 4244 rei
3363 4189 3520 4243 locus

1944 4292 2106 4354 atque
2139 4291 2351 4354 tempus
2374 4284 2750 4339 ecclesiastico
2783 4297 2992 4336 canone
3031 4283 3388 4336 constitutum
3413 4294 3428 4332 :
3449 4294 3528 4333 ne

1943 4375 2200 4429 fortassis
2224 4375 2351 4428 hinc
2373 4375 2519 4430 risus
2544 4382 2598 4428 et
2627 4373 3021 4428 cachinnorum
3063 4371 3288 4428 materia
3313 4369 3516 4424 Iudaeis

1944 4473 1998 4520 et
2046 4467 2300 4532 ethnicis,
2335 4482 2568 4536 quorum
2613 4473 2728 4520 tum
2786 4467 2977 4536 ingens
3024 4471 3141 4519 erat
3199 4460 3514 4524 multitudo,

265 4580 452 4635 diserte
477 4581 744 4651 explicat.
767 4579 846 4632 Ad
875 4581 1139 4650 psalmum
1163 4597 1294 4636 vero
1346 4597 1462 4646 xei,
1483 4582 1658 4638 iusius
1677 4553 1837 4639 enar;
1868 4583 1912 4637 D
1945 4559 2490 4624 sni’mi'ﬁs‘mrelur;
2543 4573 2694 4651 "ever
2731 4558 2861 4612 hinc
2886 4559 3106 4628 (“ﬁdam
3159 4571 3224 4610 ex
3262 4553 3517 4624 freqiien'

265 4683 341 4728 rat
360 4691 456 4730 cur
481 4673 790 4730 Christiani
815 4672 1116 4726 Sabbatum
1135 4673 1190 4726 in
1222 4673 1558 4728 Dominicam
1595 4683 1835 4730 transtu-

265 4766 412 4820 lerint
437 4785 450 4818 :
481 4782 594 4838 qua
621 4749 836 4819 ratione
857 4765 1034 4834 primo
1056 4764 1299 4820 diluculo
1325 4773 1628 4820 conventus
1653 4774 1833 4836 agant,

263 4873 418 4926 panes
447 4858 844 4929 propositionis
866 4855 1116 4920 offerant,
1131 4857 1204 4910 ad
1229 4855 1504 4910 Orientem
1529 4858 1670 4912 versi
1713 4873 1838 4927 pre-

265 4959 465 5014 centur,
493 4951 746 5021 psalmos
775 4963 886 5001 una
938 4947 1308 5002 multitudinis
1337 4961 1472 5001 voce
1507 4948 1826 5012 concinant,

263 5048 312 5094 et
369 5050 586 5104 caetera,
639 5057 760 5111 quae
791 5039 1237 5112 ,μυστικωτὲρως
1311 5039 1402 5093 ille
1463 5040 1830 5110 prosequitur.

264 5125 598 5184 Psalmorum
636 5139 814 5182 autem
849 5139 1070 5182 cantum
1119 5129 1176 5182 in
1205 5129 1718 5185 omnibusuniversi
1747 5147 1834 5186 or-

262 5219 338 5274 bis
363 5229 471 5274 tam
519 5219 836 5274 Graecorum
869 5235 1032 5289 quam
1061 5221 1441 5285 barbarorum,
1474 5223 1721 5278 ecclesiis
1743 5225 1835 5277 ob-

265 5311 460 5368 servari
491 5311 828 5364 testiﬁcatur
863 5309 974 5374 ille,
1004 5311 1142 5378 psal.
1175 5325 1298 5364 va.

317 5427 408 5476 III-
421 5427 500 5477 De
521 5427 758 5476 adorandi
779 5427 878 5487 ritu
901 5425 950 5474 in
976 5426 1186 5474 ecclesia
1207 5421 1470 5487 singularis
1493 5425 1692 5476 Eusebii
1718 5433 1771 5477 et

649 5486 816 5537 Basilii
847 5489 1100 5536 sententia
1126 5486 1436 5549 explanatur.

329 5569 622 5642 Singulare
642 5586 867 5643 prorsus
904 5587 966 5624 ac
990 5569 1401 5638 ponderandum
1433 5581 1516 5626 est
1562 5573 1702 5642 quod
1755 5573 1830 5625 ait

265 5659 546 5728 Eusebius,
604 5679 710 5717 non
743 5664 905 5718 licere
947 5671 1098 5727 extra
1152 5663 1437 5718 ecclesiam
1481 5664 1650 5719 Deum
1697 5665 1828 5718 ado-

269 5769 376 5808 rare
403 5771 416 5804 :
447 5764 506 5808 ut
535 5756 656 5824 ipse
677 5755 742 5808 ad
765 5755 1032 5824 psalmum
1081 5768 1271 5813 xxvi",
1307 5756 1392 5810 his
1430 5757 1610 5811 verbis
1652 5773 1829 5811 enun-

269 5843 356 5898 tiat
386 5869 396 5902 :
431 5848 508 5900 Οὐ
539 5845 650 5918 γὰρ
675 5845 778 5913 ἔξω
800 5847 897 5916 τῆς
923 5845 1217 5916 ἐκκλησίας
1251 5847 1516 5916 βούλεται,
1547 5849 1670 5902 οὐδὲ
1699 5850 1828 5904 ἀνα-

1939 4653 2425 4708 tioriadorationis
2459 4669 2558 4706 usu
2614 4650 2914 4705 inﬁdelium
2965 4651 3178 4705 animos
3226 4660 3516 4716 exaspera-

1938 4751 2058 4798 rent
2085 4743 2139 4795 in
2169 4743 2554 4806 Christianos;
2590 4756 2698 4794 neu
2749 4741 2965 4795 demum
2999 4739 3274 4794 ementita.
3296 4735 3514 4805 pictatis

1937 4833 2118 4902 specie
2152 4832 2377 4903 gloriam
2402 4841 2456 4886 et
2478 4833 2693 4886 laudem
2741 4831 3036 4884 humanam
3083 4832 3510 4897 aucuparentur,

1937 4936 2031 4980 aut
2060 4925 2166 4979 alia
2215 4925 2374 4980 nobis
2403 4925 2584 4994 ignota
2623 4924 2690 4980 de
2733 4939 2920 4980 causa.
2967 4923 3120 4977 Hunc
3167 4923 3351 4989 itaque
3379 4917 3513 4972 ado-

1935 5017 2096 5072 randi
2143 5032 2352 5072 morem
2407 5024 2593 5072 vetant
2653 5015 2890 5073 Basilius
2929 5023 2984 5070 et
3033 5012 3300 5068 Eusebius
3355 5017 3509 5064 extra

1935 5110 2225 5164 ecclesiam
2257 5125 2517 5180 peragere
2549 5126 2561 5160 :
2605 5125 2782 5179 neque
2825 5109 3012 5163 volunt
3040 5107 3160 5161 ideo
3194 5103 3511 5158 adoratione

1935 5201 2025 5254 illa
2051 5200 2283 5265 interna,
2337 5201 2538 5271 ubique
2581 5199 2798 5254 Numini
2845 5197 3174 5270 prmstanda,
3205 5197 3306 5266 piis
3333 5195 3512 5250 homi-

1933 5293 2097 5346 nibus
2151 5291 2442 5346 interdici:
2474 5290 2618 5362 quod
2654 5290 2922 5344 neminem
2977 5297 3109 5359 puto
3156 5287 3366 5342 inﬁcias
3402 5287 3511 5340 itu-

1933 5400 2076 5438 rum.
2113 5383 2263 5438 Alias
2295 5383 2628 5438 enimdidem
2649 5381 2886 5436 Basilius
2925 5388 2980 5445 et
3018 5381 3307 5446 Eusebius,
3335 5379 3507 5434 Deum

1932 5493 2031 5547 pro
2054 5476 2224 5530 lubito
2253 5477 2519 5546 cujusque
2563 5474 2896 5529 adorandum
2942 5481 3190 5529 statuunt
3220 5493 3234 5528 :
3267 5473 3411 5545 quod
3453 5475 3508 5527 in

1933 5568 2156 5637 scriptis
2189 5567 2372 5623 Basilii
2407 5567 2717 5636 frequenter
2738 5565 3062 5634 comperias,
3096 5579 3160 5619 ac
3187 5567 3240 5618 in
3278 5565 3506 5620 hisitem

1933 5663 2342 5716 commentariis
2377 5659 2642 5714 Eusebius
2691 5673 2791 5711 nec
2829 5659 2996 5712 semel
3023 5656 3358 5710 adorandum
3389 5656 3509 5708 ubi-

1931 5771 2037 5825 que
2065 5755 2232 5810 Deum
2263 5769 2384 5808 esse
2406 5753 2588 5807 docet.
2627 5753 2686 5805 ln
2735 5758 3100 5822 promptuque
3143 5760 3309 5818 esset,
3337 5751 3506 5804 multa

1932 5847 1998 5902 ad
2035 5847 2089 5902 id
2131 5845 2593 5916 comprobandum
2643 5847 2764 5902 loca
2805 5863 3096 5919 congerere
3123 5863 3134 5899 :
3161 5860 3348 5902 verum
3381 5861 3508 5902 cum
