4020 6372
447 423 518 478 55
1104 409 1375 470 EUSEBll
1411 407 1884 464 CESARIENSIS
1923 408 2072 464 OPP.
2106 404 2281 461 PARS
2321 405 2406 462 ΙΙΙ.
2443 436 2510 445 -
2551 404 2960 462 EXECETICA.
3611 407 3678 462 5c

446 547 631 602 nullus
663 546 762 598 hac
802 541 868 596 de
897 554 956 594 re
997 536 1384 594 controversia:
1411 535 1566 592 locus
1589 551 1711 592 esse
1734 535 1932 600 valeat,
1959 535 2024 591 iis
2053 538 2098 594 Α
2125 532 2478 597 servabatur;
2513 529 2800 586 Matthazus
2827 544 2959 584 sane
2991 526 3206 598 propria
3232 525 3680 597 interpretatione

446 637 735 694 allerendis
764 634 1204 704 supersedemus.

505 770 589 822 IV.
617 769 809 819 Inﬁnita
847 741 973 818 dona
1000 769 1228 818 ecclesiis
1258 767 1466 817 Eusebii
1511 774 1734 830 tempore
1758 768 1951 819 collata.

514 894 572 949 In
602 895 866 966 psalmum
895 911 1045 961 Lxx1,
1075 895 1214 951 Deus
1232 897 1496 966 judicium
1525 904 1669 948 tuum
1701 895 1808 965 regi
1837 893 2014 960 da,‘ad

445 989 592 1043 hunc
619 1001 857 1052 versum,
884 987 953 1040 Et
982 989 1110 1043 vivet
1141 999 1189 1042 et
1214 987 1429 1041 dabitur
1460 989 1507 1041 ei
1525 987 1588 1040 de
1628 1003 1758 1040 auro
1780 985 2013 1050 Arabiae,

444 1076 814 1133 aitEusebius
843 1097 856 1131 :
888 1076 956 1130 Et
980 1078 1117 1131 alias
1173 1095 1374 1149 quoque
1424 1079 1479 1131 in
1518 1076 1748 1130 ecclesiis
1794 1076 2013 1140 Christi,

443 1171 572 1238 ipsis
596 1170 763 1224 oculis
795 1168 1029 1224 videmus
1061 1168 1277 1238 infinita
1331 1185 1396 1222 ea:
1456 1186 1588 1223 auro
1622 1185 1755 1239 puro
1784 1169 2012 1234 cimelia,

442 1265 502 1318 in
533 1265 646 1334 ejus
669 1265 918 1318 honorem
941 1271 1267 1317 consecrata.
1289 1261 1406 1328 Quo
1438 1261 1623 1317 videas
1651 1278 1760 1316 non
1791 1277 2014 1328 novum,

444 1371 621 1426 neque
645 1370 838 1410 recens
865 1355 1145 1409 inductum
1169 1369 1375 1408 morem
1409 1370 1550 1418 esse,
1586 1353 1729 1408 dona
1753 1363 1808 1408 et
1852 1355 2017 1408 cime-

445 1449 516 1503 lia
549 1449 605 1502 in
662 1446 913 1503 ecclesiis
953 1445 1160 1502 Christi
1221 1446 1583 1501 consecrandi
1617 1465 1629 1499 :
1662 1446 1794 1515 quin
1834 1445 2016 1515 potius

443 1541 590 1610 quod
615 1538 880 1594 Eusebius
911 1538 1408 1608 frequentissimum
1433 1536 1658 1601 indicat,
1679 1538 1790 1607 jam
1825 1553 2016 1608 perra-

444 1650 569 1688 rum
612 1648 734 1689 esse
777 1632 1400 1703 comprobaturmeque
1451 1630 1595 1685 enim
1633 1631 1704 1684 ita
1755 1632 1922 1684 multa
1950 1645 2017 1685 ex

446 1742 580 1781 auro
623 1741 762 1796 puro
803 1724 1018 1780 cimelia
1056 1724 1111 1777 in
1147 1722 1363 1791 templis
1404 1721 1566 1777 hodie
1617 1721 2012 1793 deprehendas.

444 1815 641 1872 Narrat
687 1832 815 1872 vero
863 1816 1007 1871 idem
1057 1814 1326 1871 Eusebius
1359 1814 1803 1878 Constantinum,
1840 1814 2016 1869 eccle-

447 1912 585 1965 siam
618 1911 733 1966 sive
756 1909 1076 1980 martyrium
1102 1907 1404 1962 Salvatoris
1427 1947 1439 1969 ,
1467 1905 1609 1975 quod
1647 1906 1761 1976 ipse
1805 1905 2015 1975 magni-
2046 1912 2088 1966 B

445 2001 860 2056 ﬁcentissimum
892 2006 1256 2062 exstruxerat,
1315 1997 1541 2052 intinitis
1587 1997 1832 2052 donariis
1865 1997 2016 2053 locu-

443 2093 704 2164 pletasse,
747 2089 945 2160 partim
971 2105 1038 2144 ex
1097 2096 1231 2143 auro
1291 2097 1345 2143 et
1397 2096 1644 2156 argento,
1695 2088 1890 2157 partim
1949 2102 2013 2141 ex

445 2183 676 2254 gemmis
709 2192 762 2238 et
795 2183 916 2238 aliis
965 2181 1221 2252 pretiosis
1277 2180 1531 2235 cimeliis.
1587 2179 1689 2246 Qui
1723 2180 2017 2249 imperator

445 2277 570 2331 aliis
598 2275 834 2330 fortasse
862 2274 1113 2344 exemplo
1155 2287 1220 2327 ac
1256 2271 1478 2327 stimulo
1513 2269 1696 2334 fuerit,
1733 2279 1790 2324 ut
1819 2270 2018 2324 similia

444 2367 588 2421 dona
634 2365 884 2421 certatim
931 2365 987 2418 in
1047 2363 1293 2419 ecclesiis
1335 2367 1742 2418 consecrarent.
1777 2359 2016 2429 ldipsum

443 2458 636 2528 paucis
665 2457 862 2527 repetit
893 2456 958 2509 ad
997 2455 1265 2526 psalmum
1304 2469 1471 2518 cxvn,
1516 2453 1774 2522 additque
1823 2451 2017 2506 diebus

444 2549 748 2620 praesertim
779 2547 1184 2604 solemnitatum
1231 2545 1521 2600 ecclesiam
1565 2544 1724 2598 donis
1747 2558 2018 2598 exornan-

445 2643 571 2697 dam
592 2657 732 2698 esse.
769 2639 873 2696 Ubi
901 2641 968 2695 ad
999 2641 1112 2695 [nec
1136 2638 1448 2710 Symmachi
1477 2636 1674 2701 verba,
1716 2635 2018 2706 Συνδήσατε

443 2739 504 2790 ἐν
554 2733 858 2804 πανηγύρει
915 2731 1266 2802 πυκάσματα,
1319 2729 1424 2791 ἓως
1470 2727 1581 2782 τῶν
1626 2727 1870 2794 κεράτων
1923 2726 2017 2779 τοῦ

446 2827 852 2900 θυσιαστηρίου,
878 2825 932 2879 id
960 2834 1062 2888 est,
1101 2822 1362 2894 Colligate
1383 2822 1437 2876 in
1467 2821 1767 2876 celebritate
1793 2819 2023 2873 densita-

447 2931 520 2976 tes
551 2937 712 2990 usque
739 2917 806 2972 ad
833 2934 1031 2971 cornua
1063 2917 1295 2979 altaris;
1343 2915 1458 2969 haec
1483 2914 1645 2968 habet
1675 2935 1684 2966 :
1718 2911 1815 2965 llis
1846 2920 2020 2964 autem

445 3013 707 3080 principit,
739 3010 919 3065 multis
949 3008 1170 3063 cimeliis
1223 3007 1438 3061 domum
1489 3006 1587 3060 Dei
1616 3003 1834 3074 replere,
1870 3011 2022 3073 atque

447 3105 686 3160 donariis
717 3102 1071 3175 frequentibus
1102 3102 1270 3170 Ipsam
1289 3099 1602 3170 temporibus
1628 3097 2023 3152 solemnitatum

541 3211 721 3250 onare.

1046 3347 1278 3404 CAPUT
1327 3347 1419 3400 IX.

593 3477 960 3520 HISCELLANEA
1007 3478 1238 3526 ρυιεωιι
1292 3477 1633 3516 οΒεΕιινΑΝοΔ
1689 3476 1741 3514 IN
1793 3476 1885 3514 IIIS.

1023 3547 1444 3589 COMHENTARIIS.
1798 3548 1801 3549 ⁷

451 3687 505 3745 I.
541 3686 756 3742 Eusebii
788 3688 850 3740 de
877 3687 1119 3742 Matt/ta’i
1143 3685 1424 3756 Evangelia
1449 3683 1836 3756 sententias”.
1855 3682 2024 3737 Joan-

521 3775 610 3812 nes
650 3757 911 3811 Hebraico
953 3757 1242 3826 exemplari
1276 3753 1411 3826 usus
1430 3768 1548 3826 est,
1581 3753 1808 3826 Paulus
1850 3763 2022 3807 autem

527 3828 709 3882 (ἔτ-ατο
761 3827 916 3881 LXX
947 3824 1319 3896 lnterpretum.
1382 3824 1503 3880 III.
1555 3825 1796 3896 Apostoli
1845 3841 2022 3896 omnes

522 3900 782 3967 martyrio
817 3901 1076 3962 coronati,
1096 3895 1168 3950 ea:
1202 3915 1307 3966 qua
1342 3897 1479 3949 tribu
1504 3895 1698 3966 singuli
1721 3895 2024 3965 fuerintde-

524 3969 775 4037 prehendi
805 3980 996 4036 potest.
1048 3968 1152 4022 IV.
1201 3970 1284 4021 An
1334 3967 1709 4037 prophetarum
1761 3967 2022 4037 successio

526 4035 596 4092 ad
641 4035 903 4094 Joannem
947 4039 1246 4107 Baptistam
1289 4039 1597 4106 pervenerit.
1646 4035 1707 4087 ιν.
1764 4035 2022 4088 Eusebius

525 4109 726 4163 labitur
749 4107 874 4161 dum
904 4109 1183 4162 monac/tos
1217 4127 1248 4161 a
1280 4107 1594 4178 Symmacho
1617 4108 2024 4178 memoraripu-

527 4190 628 4234 tat.
674 4179 772 4233 VI.
805 4179 1052 4232 Monac/ti
1099 4175 1573 4246 perrnri'tempore
1611 4177 1841 4230 Eusebii.
1889 4175 2021 4229 VII.

527 4250 831 4321 Martyrum
861 4251 1138 4321 cruciatus
1171 4249 1490 4321 singulares:
1539 4247 1909 4321 VII-I._._I_ud_rei
1932 4246 2025 4321 Je-

526 4316 913 4390 rosolymorum
943 4318 1092 4390 aditu
1125 4316 1418 4390 interclusi.
1456 4318 1658 4390 Quare.
1691 4316 1797 4370 IX.
1827 4317 2034 4390 Tradi-.

530 4387 692 4444 tiones
724 4389 968 4453 qua’dam
997 4388 1329 4442 Judworum.
1359 4387 1428 4441 Χ.
1462 4387 1889 4441 Christianorum
1927 4388 2025 4454 [τεο
2119 4399 2124 4406 “

529 4463 742 4530 quentia
785 4462 841 4512 in
903 4458 1242 4530 Moabititle,_
1272 4457 1626 4530 Ammonitide
1659 4465 1707 4530 et
1757 4457 2019 4513 Iduma'a.

531 4528 637 4586 XI.
671 4531 930 4584 Eusebius
965 4533 1040 4582 ait
1083 4528 1333 4582 mundum
1367 4528 1627 4594 spltwrica
1663 4529 1836 4593 forma
1883 4544 2031 4599 esse;

527 4612 728 4659 montes
753 4609 801 4655 et
825 4613 1001 4670 petras
1035 4601 1224 4653 sensim
1257 4615 1504 4658 crescere.

656 4737 696 4785 Ι.
722 4735 918 4786 Eusebii
940 4737 1002 4784 de
1027 4735 1241 4784 Mattbaai
1266 4733 1538 4796 Evangelio
1560 4735 1828 4782 sententia.

527 4887 614 4942 Ait
636 4885 904 4942 Eusebius
931 4884 1262 4948 Matthaeum,
1299 4881 1558 4939 Hebraeus
1584 4897 1708 4937 cum
1740 4889 1903 4947 esset,
1938 4881 2029 4935 ubi

458 4978 672 5033 Veteris
697 4976 1031 5032 Testamenti
1052 4977 1232 5031 locum
1257 4976 1456 5039 attulit,
1483 4975 1702 5044 pr0pria
1724 4989 1880 5027 usum
1911 4989 2034 5028 esse

459 5070 952 5140 interpretatione:
1001 5085 1127 5122 nam
1163 5068 1318 5135 illud,
1361 5075 1616 5154 asp-9:7:
1655 5073 1819 5127 main
1858 5074 2034 5128 unus

457 5163 605 5231 quod
627 5163 700 5215 ita
724 5178 754 5215 a
783 5160 1136 5232 Septuaginta
1159 5161 1550 5231 lnterpretibus
1573 5159 1840 5222 redditur,
1865 5157 2036 5226 Φθέγ-

461 5249 625 5322 ξομαι
658 5251 1016 5323 προϐλήματα
1032 5250 1563 5322 ἀπ’ἀρχῆς,ιοᾳααν
1605 5249 1934 5318 problemata
1967 5249 2030 5302 ab

460 5343 615 5396 initio
638 5343 814 5413 (Psal.
851 5359 1057 5405 Lxxvu,
1086 5344 1165 5410 2),
1203 5345 1254 5398 in
1279 5341 1728 5404 Grazcojlatthaei
1775 5348 1923 5395 textu
1952 5341 2033 5395 his

461 5435 646 5489 verbis
661 5437 908 5500 vertitur,
927 5437 1243 5509 Ἐρεύξομαι
1257 5433 1612 5506 κεκρυμμένα
1622 5433 2040 5502 ἀπὸκαταϐο),ἦς.

464 5528 693 5597 κόσμου,
731 5526 1000 5582 Eructabo
1027 5529 1336 5584 abscondita
1376 5545 1408 5581 a
1439 5527 1815 5582 constitutione
1834 5525 2036 5578 mundi.

465 5619 536 5674 At
564 5636 690 5675 cum
729 5619 1039 5687 Matthaeus,
1070 5622 1295 5686 lrenmo,
1340 5621 1602 5692 Origene,
1638 5619 1873 5674 Eusebio
1919 5618 2036 5687 ipso

457 5721 518 5793 et
567 5711 900 5785 Hieronymo
927 5715 1183 5779 testibus,
1218 5715 1574 5785 Evangelium
1605 5711 1870 5768 llebraice
1900 5711 2036 5766 scri-

468 5810 660 5876 pserit,
724 5808 882 5876 cujus
932 5811 1212 5877 exemplar
1242 5823 1356 5862 :evo
1391 5805 1702 5878 Hieronymi
1753 5806 1805 5858 in
1840 5803 2038 5859 biblio-

467 5901 623 5955 theca
666 5900 1027 5966 Caesariensi,
1080 5917 1108 5955 a
1167 5899 1449 5964 Pamphilo
1495 5897 1730 5968 Martyre
1783 5896 2033 5963 collecta,

2119 624 2303 678 Graeca
2329 639 2462 679 usus
2498 637 2607 676 non
2635 629 2739 685 est,
2788 621 2882 675 sed
2914 619 3033 689 ipsa
3073 618 3342 674 llebraica
3378 618 3545 673 verba
3575 615 3678 690 Sy-

2115 715 2502 772 ro-Chaldaico
2548 729 2822 779 sermone,
2866 713 3046 783 qualis
3091 719 3221 768 tunc
3269 712 3412 782 apud
3462 711 3680 768 Judzeos

2118 823 2220 862 usu
2253 807 2525 871 veniebat,
2557 806 2846 875 expressit,
2880 811 2939 858 ut
2985 804 3042 857 in
3087 819 3221 858 voce
3255 802 3479 857 Lamma
3509 802 3681 859 Saba—

2116 897 2293 952 cthani
2327 896 2725 967 deprehendas,
2763 897 2819 949 in
2870 895 3100 964 aliisque
3144 910 3252 949 non
3282 895 3494 965 paucis,
3521 895 3678 966 queis

2115 989 2292 1059 palam
2342 995 2426 1043 est
2475 987 2783 1041 Matthreum
2835 986 2890 1040 in
2944 985 3236 1056 Evangelio
3283 1003 3382 1042 suo
3415 985 3678 1044 Hebraice

2116 1079 2449 1150 conscripto,
2486 1078 2661 1134 sicubi
2694 1078 2812 1131 loca
2855 1093 2921 1132 ex
2973 1075 3154 1132 Veteri
3204 1076 3553 1134 Testamento
3585 1094 3679 1134 oc-

2116 1173 2430 1237 currebant,
2461 1187 2524 1226 ea
2555 1169 3005 1242 Syro-Chaldaico
3027 1185 3274 1226 sermone
3303 1173 3675 1242 expressisse:

2117 1279 2187 1318 an
2216 1279 2346 1319 vero
2379 1265 2594 1335 pr0pria
2628 1263 2718 1318 ille
2739 1263 3180 1332 interpretatione
3216 1264 3288 1318 sit
3325 1278 3478 1331 usus,
3513 1279 3581 1317 an
3613 1280 3678 1320 ex

2117 1357 2224 1412 alia
2267 1357 2419 1427 prius
2477 1356 2740 1412 adornata
2791 1357 3040 1412 versione
3088 1357 3206 1411 loca
3255 1357 3326 1412 sit
3375 1366 3676 1422 mutuatus,

2119 1449 2261 1504 haud
2314 1449 2448 1504 levis
2497 1451 2723 1520 quaestio
2773 1459 2881 1506 est.
2931 1448 3127 1504 Postea
3175 1457 3353 1502 autem
3412 1448 3679 1519 interpres

2118 1540 2358 1606 Graecus,
2381 1543 2506 1613 quis
2531 1543 2620 1597 ille
2649 1542 2812 1596 fuerit
2845 1543 3111 1598 incertum
3131 1556 3256 1597 esse
3288 1547 3471 1594 narrat
3499 1540 3682 1598 Hiero-

2119 1649 2333 1705 nymus,
2393 1635 2507 1689 haec
2562 1635 2784 1706 pr0pria
2832 1633 3278 1704 interpretatione
3311 1631 3550 1698 donavit,
3581 1649 3681 1690 nec

2118 1725 2255 1780 LXX
2288 1726 2734 1796 interpretatione
2755 1734 2838 1782 est
2866 1742 3020 1781 usus.

2119 1878 2180 1928 II.
2212 1879 2426 1928 Joannes
2463 1878 2704 1928 Hebraico
2726 1880 2998 1941 exemplari
3037 1893 3155 1928 usus
3177 1885 3272 1939 est,
3298 1880 3480 1931 Paulus
3517 1884 3682 1930 autem

2563 1941 2730 1990 Graeco
2752 1941 2873 1990 LXX
2894 1941 3242 2004 lnterpretum.

2183 2062 2447 2120 Joannem
2477 2065 2745 2132 similiter,
2785 2073 2970 2136 utpote
3022 2064 3305 2133 Hebraeum
3361 2075 3414 2122 et
3459 2082 3525 2122 ex
3576 2063 3686 2119 He-

2113 2156 2275 2211 braeis
2301 2165 2502 2221 ortum,
2549 2159 2624 2212 ait
2649 2158 2916 2214 Eusebius
2946 2159 3013 2213 ad
3043 2161 3313 2230 psalmum
3347 2175 3438 2225 XL,
3465 2159 3686 2229 propria

2115 2247 2564 2319 interpretatione
2596 2266 2755 2306 usum
2786 2266 2910 2305 esse
2931 2252 3023 2306 ubi
3056 2253 3316 2324 πτέρναν,
3349 2252 3485 2318 sive,
3517 2251 3690 2307 calca-

2116 2356 2270 2394 neum
2290 2341 2476 2406 vertit,
2514 2357 2623 2412 quo
2653 2342 2774 2397 loco
2797 2340 2938 2395 LXX
2969 2345 3320 2415 πτερνισμόν,
3352 2343 3406 2397 id
3432 2351 3537 2406 est,
3561 2357 3689 2410 sup-

2114 2431 2531 2500 plantationem,
2589 2441 2902 2504 posuerant.
2956 2433 3162 2490 Contra
3221 2449 3352 2489 vero
3405 2435 3686 2504 apostolus

2116 2522 2343 2588 Paulus,
2366 2525 2446 2580 sic
2474 2523 2760 2592 Eusebius,
2781 2541 2866 2595 ps.
2885 2526 3030 2592 111,7,
3053 2527 3375 2597 legisperitus
3394 2542 3511 2579 cum
3530 2534 3685 2590 esset,

2117 2614 2175 2669 in
2206 2613 2450 2685 Epistula
2496 2615 2563 2670 ad
2609 2614 2864 2672 Hebraeos
2913 2614 3266 2687 Septuaginta
3326 2614 3683 2685 interpretum

2119 2705 2368 2760 versione
2388 2711 2469 2760 est
2502 2720 2655 2760 usus.
2691 2704 2816 2760 Haec
2846 2722 2974 2761 vero
3005 2707 3253 2776 pluribus
3282 2706 3337 2760 in
3366 2706 3690 2760 collectione

2122 2793 2515 2864 Hexaplorum,
2555 2811 2586 2849 a
2608 2797 2768 2852 nobis
2797 2798 3111 2867 propediem
3135 2795 3474 2865 adornanda,
3501 2797 3688 2868 explo-

2120 2886 2291 2941 randa
2312 2888 2550 2943 venient.
2599 2882 2603 2890 ’

2195 3012 2285 3064 ΠΙ.
2305 3014 2534 3076 Apostoli
2553 3029 2726 3065 omnes
2749 3017 2983 3074 martyrio
3002 3018 3235 3065 coronati.
3264 3016 3336 3066 Ex
3357 3029 3461 3078 qua
3474 3015 3610 3065 tribu

2443 3079 2626 3140 singuli
2647 3078 2832 3127 fuerint
2853 3078 3162 3145 deprehendi
3181 3084 3359 3141 potest.

2196 3229 2254 3283 In
2286 3227 2435 3282 illum
2458 3228 2649 3298 psalmi
2674 3245 2798 3282 uxt
2821 3243 3062 3293 versum,
3085 3227 3154 3282 Et
3181 3229 3487 3284 honorabile
3507 3247 3694 3288 nomen

2125 3336 2306 3376 eorum
2339 3337 2519 3374 coram
2549 3319 2685 3385 illo;
2721 3321 2835 3375 sive
2857 3321 3157 3375 secundum
3182 3319 3585 3392 Symmachum,
3627 3321 3695 3375 Et

2121 3414 2391 3480 pretiosus
2414 3413 2512 3466 erit
2551 3413 2771 3482 sanguis
2811 3428 2992 3466 eorum
3026 3429 3205 3466 coram
3239 3413 3355 3479 illo,
3388 3414 3502 3468 haec
3532 3415 3696 3471 habet

2122 3503 2392 3560 Eusebius
2449 3521 2463 3557 :
2524 3504 2684 3571 Queis
2751 3513 2923 3572 aperte
2977 3521 3150 3558 necem
3203 3505 3418 3559 illorum
3457 3507 3693 3576 (aposto-

2125 3595 2322 3667 lorum)
2385 3595 2755 3658 subindicavit,
2823 3613 2925 3665 qua
2996 3597 3192 3666 singuli
3255 3598 3400 3651 vario
3449 3599 3697 3669 martyrii

2123 3703 2307 3757 genere
2344 3687 2522 3756 affecti
2559 3699 2703 3753 sunt,
2747 3703 2809 3740 ac
2852 3685 2990 3739 alius
3021 3687 3126 3741 alio
3152 3686 3327 3751 modo,
3359 3687 3422 3740 ob
3460 3690 3697 3743 testimo-

2124 3781 2273 3834 nium
2304 3779 2366 3832 de
2399 3779 2494 3832 illo
2536 3781 2744 3846 datum,
2792 3777 3066 3849 sanguinis
3111 3795 3330 3847 agonem
3376 3779 3558 3834 subiit.
3616 3780 3696 3835 E1

2124 3871 2492 3926 monumentis
2522 3881 2699 3925 autem
2717 3871 2902 3935 certis,
2924 3886 3042 3939 quae
3068 3869 3180 3938 jam
3210 3881 3524 3939 supersunt,
3550 3872 3693 3926 haud

2129 3961 2282 4016 facile
2310 3970 2392 4016 est
2431 3961 2773 4032 singulorum
2798 3961 3167 4030 apostolorum
3201 3961 3522 4030 martyrium
3549 3976 3697 4019 com-

2127 4056 2376 4124 probare.
2415 4052 2614 4107 Verum
2666 4052 2956 4116 Eusebius,
2993 4061 3051 4105 ut
3091 4055 3407 4122 apostolicis
3441 4056 3698 4124 tempori-

2127 4150 2230 4204 bus
2264 4149 2514 4210 vicinior,
2559 4147 2738 4217 potuit
2770 4145 3001 4201 forsitan
3032 4145 3098 4200 de
3147 4148 3416 4218 cujusque
3467 4149 3697 4219 apostoli

2126 4239 2387 4310 martyrio
2415 4239 2678 4293 certiores
2715 4245 2870 4293 notas
2900 4238 3165 4294 invenire.
3202 4239 3298 4296 Est
3319 4255 3447 4295 vero
3479 4240 3698 4309 illajam

2126 4347 2226 4386 usu
2261 4346 2396 4400 pene
2425 4340 2638 4400 recepta
2664 4330 2848 4398 Opinio
2875 4331 3153 4399 apostolos
3183 4347 3371 4387 onmes
3406 4349 3504 4402 pro
3538 4333 3700 4386 Chri-

2128 4431 2214 4477 sto
2241 4437 2434 4491 psssos
2461 4437 2604 4484 esse,
2637 4421 2740 4476 etsi
2767 4437 2876 4474 non
2910 4422 3092 4477 desint
3119 4424 3212 4492 qui
3243 4440 3403 4480 secus
3428 4425 3698 4480 arbitren-

2126 4526 2236 4570 tur.
2265 4514 2466 4570 Verum
2497 4530 2560 4568 ea
2599 4515 2652 4568 in
2685 4530 2742 4568 re
2789 4531 3049 4584 perquam
3079 4514 3294 4571 dillicile
3325 4524 3407 4572 est
3433 4518 3698 4588 explorati

2063 4625 2105 4680 ι)
2131 4607 2406 4678 quidpiam
2433 4607 2624 4661 aderre
2660 4627 2672 4660 :
2709 4623 2830 4660 nam
2862 4608 3161 4677 apostolica
3191 4617 3430 4680 tempora
3469 4619 3516 4664 et
3550 4618 3702 4681 gesta

2139 4705 2307 4758 tantis
2337 4710 2464 4756 sunt
2494 4702 2740 4757 tenebris
2762 4701 2956 4764 otTusa,
2992 4710 3050 4756 ut
3076 4718 3175 4756 nec
3200 4703 3291 4757 ubi
3312 4711 3535 4757 mortem
3560 4703 3707 4756 obieo

2134 4802 2244 4850 rint
2274 4796 2530 4866 apostoli,
2581 4796 2773 4865 paucis
2822 4796 3085 4866 exceptis,
3123 4811 3221 4850 nec
3271 4811 3407 4868 quas
3435 4794 3584 4849 orbis
3617 4810 3706 4850 re-

2134 4889 2320 4956 giones
2343 4887 2702 4956 peragrarint,
2728 4887 2800 4940 ita
2822 4887 3109 4957 perspicue
3133 4889 3343 4941 narrari
3367 4889 3559 4957 possit.
3593 4886 3718 4941 Nec-

2135 4979 2295 5032 modo
2327 4995 2447 5048 quae
2467 4979 2579 5048 jam
2607 4980 3122 5033 traduntur-incerta
3153 4988 3314 5046 sunt;
3340 4979 3434 5034 sed
3466 4980 3627 5032 etiam
3660 4979 3707 5034 si

2133 5087 2237 5141 qua
2252 5072 2316 5125 ab
2329 5071 2582 5134 Eusebio,
2599 5080 2652 5125 et
2672 5087 2703 5124 a
2731 5073 2926 5126 coaevis
2947 5077 3040 5125 aut
3063 5072 3390 5142 supparibus
3423 5071 3718 5140 scriptori-.

2136 5161 2237 5215 bus
2260 5163 2488 5232 carptim
2505 5161 2571 5216 de
2588 5161 2694 5216 illis
2713 5159 3085 5231 proferantur,
3106 5179 3211 5216 non
3239 5164 3311 5216 ita
3346 5163 3490 5216 clare
3515 5177 3710 5217 recen-

2135 5263 2342 5308 sentur.
2371 5251 2524 5318 Quod
2555 5259 2736 5304 autem
2767 5252 2842 5304 ait
2872 5249 3162 5315 Eusebius,
3188 5252 3242 5305 in
3262 5251 3401 5320 psal.
3426 5267 3596 5311 van,
3629 5250 3700 5304 23

2136 5347 2201 5400 ad
2235 5347 2391 5400 linem
2416 5365 2427 5399 :
2453 5343 2511 5398 Si
2525 5344 2641 5412 quis
2654 5359 2770 5397 vero
2791 5359 2880 5410 per
2905 5343 3064 5396 otium
3086 5351 3332 5396 accurate
3355 5343 3707 5412 perquisierit,

2136 5439 2385 5508 cujusque
2410 5435 2636 5504 apostoli
2687 5434 2880 5488 tribum
2916 5434 3132 5502 reperiet
3173 5448 3188 5484 :
3231 5451 3352 5486 nam
3384 5434 3548 5486 cuivis
3573 5447 3714 5501 qua!-

2137 5530 2271 5583 renti
2295 5528 2456 5581 datur
2486 5545 2518 5580 a
2545 5527 2821 5582 Servatore
2851 5525 3146 5579 inveniendi
3182 5525 3499 5593 promissio;
3531 5525 3607 5587 id,
3628 5525 3712 5577 i11-

2138 5635 2324 5690 quam,
2354 5619 2575 5674 Eusebii
2605 5634 2720 5674 arvo
2755 5619 2989 5672 fortasse
3026 5625 3241 5687 poterat
3275 5633 3342 5672 ex
3389 5632 3712 5670 monumen-

2139 5713 2208 5767 tis
2237 5719 2481 5765 veterum
2529 5710 2822 5780 explorari.
2870 5707 2988 5762 Jam
3035 5725 3163 5764 vero
3195 5725 3316 5763 eum
3352 5723 3543 5762 eorum
3573 5707 3715 5761 bene

2138 5803 2307 5855 multa
2341 5801 2541 5855 fuerint
2569 5806 2839 5855 vetustate
2863 5798 3153 5853 obliterata
3181 5806 3236 5852 et
3260 5797 3558 5862 exstincta;
3597 5796 3712 5849 l'ru-

2142 5905 2276 5962 stra,
2322 5904 2385 5951 ut
2431 5895 2687 5961 arbitror,
2724 5899 3001 5964 quaeratur
3053 5908 3118 5948 ex
3174 5907 3279 5959 qua
3336 5891 3477 5947 tribu
3511 5889 3724 5961 singuli.
