4020 6372
259 415 314 470 57
1009 416 1512 474 COMMENTARIA
1548 417 1616 473 IN
1647 419 1982 478 PSALMOS.
2023 454 2092 462 —
2115 415 2671 481 PRAELIMINARIA:
3397 431 3468 490 58

261 531 460 602 apostoli
490 531 789 601 prodierint
825 553 837 588 :
870 536 1012 604 quod
1038 537 1202 590 etiam
1237 537 1285 592 si
1318 536 1652 608 deprehendi
1678 555 1799 609 pos-
1824 547 1868 601 Α
1901 541 2106 607 sebius,
2142 541 2358 610 Hilario
2390 553 2444 598 et
2475 544 2714 599 fortasse
2761 545 2852 598 alii
2886 542 3095 615 perrari
3148 548 3200 601 in
3233 547 3467 604 desertis

260 634 344 685 set,
376 640 474 678 non
498 640 683 695 magno
715 641 895 696 operae
916 628 1087 696 pretio
1123 628 1295 684 ﬁeret.

259 718 413 766 ll'.An
453 717 801 779 prophetarum
850 721 1198 830 success:o_tad
1238 722 1481 771 Joannem
1524 721 1792 784 Baptistam

858 793 1043 830 nerven
1083 795 1120 830 τι
1148 818 1160 829 .

858 794 1160 842 pervenerit.

313 859 477 930 Neque
509 862 635 916 item
659 865 890 932 probatu
918 862 1077 919 facile
1096 874 1180 920 est
1207 866 1356 935 quod
1388 866 1465 920 ait
1494 867 1788 931 Eusebius,

257 952 374 1020 psal.
402 967 583 1016 tum,
617 956 670 1020 8,
698 955 751 1017 9,
770 954 856 1016 l0,
876 955 1258 1024 prophetarum
1277 956 1678 1012 successionem
1699 972 1792 1011 us-

255 1057 344 1111 que
363 1043 421 1095 ad
450 1041 708 1098 Joannem
739 1044 1031 1116 Baptistam
1055 1049 1342 1103 devenisse
1371 1068 1384 1103 :
1412 1063 1537 1102 nam
1567 1064 1633 1103 ex
1666 1049 1790 1104 libri

258 1131 654 1192 Machabzeorum
717 1144 772 1191 et
833 1134 1245 1208 FlaviiJoscphi
1278 1139 1613 1203 testimonio,
1660 1136 1790 1193 Per—

255 1239 411 1277 sarum
441 1232 684 1294 tempore
699 1226 858 1281 desiit
888 1228 978 1281 illa
1010 1230 1392 1298 prophetarum
1418 1231 1617 1297 series;
1643 1236 1700 1283 ut
1724 1246 1790 1286 ne

254 1316 323 1369 vel
337 1331 486 1369 unum
503 1332 533 1369 a
548 1315 823 1372 Nehemia:
833 1321 1163 1390 temporibus
1177 1321 1494 1390 prophetam
1511 1322 1791 1393 assignare

253 1407 428 1462 valeas.
445 1405 625 1472 Quare
645 1410 856 1464 aestimo
873 1410 1094 1467 Eusebii
1112 1412 1317 1466 dictum
1335 1426 1442 1466 non
1461 1413 1527 1467 ad
1553 1414 1788 1469 litteram

253 1496 600 1567 accipiendum
624 1515 779 1567 esse;
807 1502 901 1556 sed
928 1502 1170 1558 indicare
1196 1504 1373 1558 solum
1395 1504 1567 1574 legem
1589 1515 1642 1561 et
1662 1522 1790 1576 pro-

253 1587 417 1656 phetas
448 1588 500 1641 in
533 1587 803 1645 Joannem
831 1592 1130 1662 Baptistam
1154 1594 1428 1656 desinere,
1457 1597 1591 1664 quin
1628 1606 1787 1668 neget

252 1679 586 1735 intermissam
620 1683 916 1753 aliquando
940 1685 1108 1741 fuisse
1138 1687 1526 1757 prophetarum
1567 1705 1791 1746 succes-

251 1786 452 1826 suonem.

250 1860 283 1908 Υ
324 1861 546 1930 Eusebius
566 1863 761 1930 labitur
778 1867 892 1930 dum
925 1868 1186 1930 monachos
1207 1883 1234 1917 a
1261 1868 1550 1930 Symmacho
1602 1883 1790 1918 memo-

301 1925 384 1970 rari
415 1932 569 1985 putat.
595 1953 664 1962 -—
690 1927 772 1974 Vl.
795 1928 1016 1977 Monachi
1042 1933 1230 1990 perrari
1259 1925 1482 1993 tempore
1507 1932 1727 1981 Eusebii.

305 2004 376 2059 Ad
399 2005 540 2061 hunc
567 2025 794 2064 versum
823 2011 1017 2081 psalmi
1051 2028 1220 2077 vau,
1249 2015 1353 2080 Qui
1385 2015 1682 2068 inhabitare
1705 2014 1787 2082 fa-

245 2094 302 2146 cit
349 2097 492 2151 unius
548 2101 722 2154 moris
789 2102 841 2154 in
896 2101 1072 2165 domo,
1131 2111 1376 2157 veterum
1430 2104 1786 2172 interpretum

243 2189 499 2243 lectionem
565 2191 728 2245 aﬂ'ert
774 2191 1063 2258 Eusebius,
1145 2194 1237 2248 ubi
1299 2193 1610 2265 Symmachi
1668 2210 1790 2248 ver-

245 2279 314 2332 sio
361 2280 434 2333 sic
485 2281 654 2336 habet
683 2301 695 2336 :
724 2283 952 2350 Αίδωσιν
1001 2287 1167 2339 οἰκεῖν
1201 2287 1450 2356 μοναχοῖς
1478 2285 1652 2338 οἰκίαν
1683 2303 1696 2314 ·
1735 2287 1788 2340 id

243 2377 312 2422 est
334 2389 348 2425 :
374 2370 470 2423 Dat
509 2371 920 2425 inhabitandam
954 2376 1226 2429 monachis
1257 2375 1469 2427 domum
1498 2390 1524 2438 ;,
1553 2391 1678 2428 nam
1716 2375 1788 2429 ita

242 2476 328 2516 nos
358 2464 613 2519 vertimus
650 2466 778 2535 quia
829 2465 1096 2523 Eusebius
1144 2467 1211 2521 de
1266 2466 1549 2522 monachis
1608 2467 1786 2520 locum

241 2553 449 2620 explicat
483 2572 496 2606 :
547 2555 679 2614 etsi.
712 2570 832 2610 mea
869 2557 1088 2626 quidem
1133 2558 1424 2622 sententia,
1455 2573 1561 2611 non
1595 2572 1788 2610 mona-

241 2642 439 2696 chorum
469 2644 792 2699 institutum
826 2647 915 2704 hic
945 2646 1303 2718 Symmachus
1343 2647 1638 2717 respiciat,
1691 2647 1788 2701 sed

243 2734 487 2788 solitarios
515 2737 825 2806 generatim
852 2739 1145 2807 quoslibet.
1169 2737 1386 2792 Atenim
1410 2754 1520 2808 quo
1541 2745 1784 2807 tempore

243 2822 574 2895 Symmachus
603 2829 920 2883 versionem
950 2845 1105 2884 suam
1167 2831 1533 2894 concinnavit,
1577 2832 1786 2885 scilicet

242 2914 473 2985 Septimio
491 2917 793 2984 Severo,ut
807 2921 984 2974 verior
1000 2920 1103 2975 fert
1118 2921 1322 2991 opinio,
1343 2921 1661 2991 imperante,
1679 2937 1792 2975 mo-

240 3010 506 3064 nachorum
533 3027 604 3066 ne
627 3027 830 3068 nomen
848 3013 1270 3083 quidemnotum
1291 3022 1429 3079 erat,
1448 3029 1625 3083 neque
1645 3015 1788 3070 ullus

241 3107 349 3154 tunc
364 3102 412 3154 in
437 3103 568 3158 orbe
601 3104 936 3164 monachus.
960 3105 1062 3161 nisi
1085 3105 1317 3161 fortasse
1342 3106 1397 3159 in
1429 3105 1788 3175 penitioribus

1899 639 1954 686 et
1985 632 2225 688 latibulis
2257 635 2510 702 agebant.
2543 633 2658 688 Sub
2690 635 2805 689 haec
2831 645 3010 690 autem
3044 637 3250 693 Hilario
3280 641 3334 694 in
3369 641 3471 693 Pa-

1899 723 2112 776 laestina
2145 732 2198 779 et
2235 725 2391 796 Syria
2433 727 2630 781 mirum
2682 729 2740 782 in
2795 728 3016 782 modum
3073 732 3468 787 monachorum

1901 815 2209 871 institutum
2242 818 2416 883 auxit,
2471 827 2526 873 et
2573 829 2705 875 tunc
2751 822 3088 877 monasteria
3134 824 3272 880 bene
3301 827 3468 881 multa

1898 909 2115 963 condita
2148 915 2295 964 sunt.

2173 1025 2279 1074 VII.
2307 1025 2577 1088 Martyrum
2614 1029 2861 1078 cruciatus
2894 1029 3192 1092 singulares.

1967 1126 2264 1198 Martyrum
2277 1131 2359 1184 sui
2376 1131 2634 1200 temporis
2650 1132 3008 1195 cruciatus,in
3023 1133 3136 1187 haec
3147 1133 3308 1186 verba
3325 1134 3472 1202 psal-

1896 1217 1970 1270 mi
1991 1217 2163 1286 (Psal.
2180 1234 2302 1282 va,
2319 1219 2698 1287 10):Quoniam
2715 1220 3364 1291 probastinos,Deus,igne
3374 1239 3466 1277 nos

1895 1311 2214 1364 examinasti
2260 1313 2396 1365 sicut
2442 1313 2780 1365 examinator
2825 1323 3117 1383 argentum,
3152 1328 3258 1368 non
3291 1314 3467 1369 obiter

1895 1401 2156 1456 describit
2175 1402 2462 1459 Eusebius.
2481 1403 2558 1458 Ac
2586 1404 2711 1459 licet
2734 1405 2787 1458 in
2804 1404 3048 1459 Historia
3090 1406 3465 1470 ecclesiastica,

1895 1491 1962 1546 de
1986 1489 2260 1546 Maximini
2292 1495 2606 1549 carniﬁcina
2636 1510 2823 1564 agens,
2854 1497 3147 1550 multorum
3170 1504 3466 1568 martyrum

1894 1597 2095 1653 agones
2128 1583 2495 1653 descripserit,
2537 1586 2624 1639 hic
2657 1594 2835 1640 tamen
2869 1588 3129 1641 nonnulla
3160 1588 3325 1658 tangit
3356 1590 3460 1644 sin-

1894 1676 2122 1745 gularia,
2156 1692 2257 1730 nec
2291 1676 2428 1732 forte
2485 1678 2613 1730 alibi
2667 1678 2972 1740 enuntiata,
3033 1695 3085 1733 v.
3125 1678 3302 1748 g.:Et
3350 1697 3471 1734 vero

1892 1765 2196 1835 plerumque
2227 1767 2304 1820 vel
2349 1767 2581 1836 pupillas
2635 1767 2906 1820 oculorum
2956 1769 3315 1832 verberabant,
3341 1770 3468 1823 dum

1893 1855 2068 1923 capita
2095 1854 2413 1908 athletarum
2451 1855 2550 1908 Dei
2599 1857 2768 1926 plagis
2805 1856 3081 1912 caederent.
3109 1859 3466 1912 'Atrocitatem

1890 1961 2020 1999 vero
2073 1945 2460 2014 suppliciorum
2520 1947 2744 2015 subjicit
2803 1948 2890 2003 his
2947 1950 3180 2004 verbis:
3239 1949 3467 2004 Ferrum

1891 2037 2096 2106 quippe,
2124 2048 2173 2090 et
2208 2037 2349 2106 [erro
2394 2037 2550 2090 illata
2574 2040 2835 2108 supplicia
2855 2080 2870 2103 ,
2918 2041 3128 2111 aliaque
3156 2043 3340 2096 mortis
3380 2060 3467 2112 ge-

1890 2146 2166 2199 nera,quce
2196 2132 2429 2184 maxima
2456 2147 2580 2199 pars
2615 2143 2853 2186 nostrum
2876 2135 3146 2198 sustinuit,
3180 2151 3273 2202 pro
3301 2137 3466 2192 nihilo

1889 2230 2262 2289 computantur
2298 2236 2362 2274 ea:
2400 2221 2718 2275 deteriorum
2760 2228 3173 2292 comparatione.
3231 2227 3467 2294 Quamo-

1892 2311 2032 2366 brem
2063 2312 2172 2366 hcce
2197 2313 2404 2382 quidem
2448 2322 2702 2367 tacemus.
2751 2315 2891 2380 Quia
2920 2333 3036 2369 vero
3066 2319 3202 2370 inter
3234 2321 3462 2384 atrocia,

1891 2405 2028 2458 nihil
2091 2404 2357 2460 crudelius
2393 2414 2540 2460 'nece
2592 2422 2682 2475 per
2729 2409 2899 2476 ignem
2955 2418 3005 2461 et
3062 2426 3255 2479 aquam
3309 2412 3465 2464 illata

1889 2497 2245 2562 existimatur,
2285 2498 2394 2552 hcce
2451 2516 2545 2552 nos
2593 2499 3155 2568 perpessosdicimus.
3182 2501 3325 2555 Nam
3367 2503 3463 2556 alii

1891 2597 2129 2640 nostrum
2161 2589 2215 2642 in
2249 2591 2386 2643 mari
2415 2599 2464 2644 et
2494 2591 2546 2644 in
2575 2591 2884 2659 ﬂuminibus
2917 2591 3141 2646 demersi
3189 2604 3332 2657 sunt,
3368 2596 3462 2648 alii

1888 2675 2023 2745 ignis
2048 2679 2359 2747 supplicium
2380 2681 2610 2736 luerunt.
2632 2682 2696 2736 Et
2713 2696 2904 2739 Caetera
2926 2701 3046 2756 quae
3074 2687 3250 2742 fusius
3278 2687 3352 2742 ibi
3377 2689 3466 2742 ille

1890 2768 2259 2836 prosequitur.

1970 2875 2098 2928 Vlll.
2123 2879 2280 2929 Judaei
2299 2880 2718 2942 Jerosolymorum
2743 2884 2876 2932 aditu
2900 2883 3175 2946 interclusi,
3193 2897 3368 2946 quare.

1959 3007 2111 3062 Trita
2135 3025 2223 3064 res
2256 3017 2310 3065 et
2329 3010 2462 3064 nulli
2497 3027 2606 3064 non
2639 3019 2766 3066 nota
2794 3019 2899 3074 est,
2929 3010 3134 3067 Judaeis
3171 3024 3461 3084 postquam

1889 3100 2271 3156 Barchocheba
2319 3103 2457 3157 duce
2486 3142 2500 3164 ,
2543 3103 2809 3158 seditione
2850 3104 3025 3168 facta,
3082 3105 3186 3159 sub
3223 3105 3461 3163 Adriano

242 3189 429 3263 £gypti
461 3194 804 3257 recessibus,
836 3193 1006 3251 fuisse
1050 3204 1290 3267 putatur.
1347 3197 1527 3263 Quare
1563 3196 1650 3250 hic
1683 3212 1788 3250 vox
1816 3236 1857 3292 C
1890 3196 2133 3264 principe
2180 3197 2346 3250 armis
2381 3197 2594 3250 subacti
2626 3212 2688 3251 ac
2721 3214 2856 3267 pene
2884 3199 3256 3254 internecione
3301 3201 3460 3257 deleti

242 3283 439 3351 paulo;
469 3299 571 3353 pro
610 3286 863 3339 solitario
915 3288 1156 3357 quolibet
1197 3288 1254 3342 in
1303 3303 1525 3343 secessu
1567 3287 1787 3357 degenti

239 3374 563 3443 accipienda;
605 3391 723 3430 non
759 3392 857 3447 pro
891 3380 1194 3445 monachis,
1249 3396 1480 3450 quorum
1529 3395 1559 3433 a
1589 3388 1788 3452 quarto

238 3468 411 3520 saeculo
462 3467 786 3523 institutum
826 3469 1029 3525 ﬂoruit.
1080 3470 1215 3525 Nam
1267 3472 1396 3542 quia
1445 3473 1595 3528 solus
1642 3474 1789 3527 vivat

235 3567 417 3624 oportet
445 3561 536 3629 qui
570 3561 712 3615 velit
739 3561 930 3616 abesse
950 3575 980 3614 a
1010 3562 1277 3615 malorum
1303 3563 1603 3624 consortio,
1636 3569 1790 3631 quot-

236 3655 348 3716 quot
375 3649 722 3704 declinanda:
757 3649 1074 3720 frequentiae
1128 3665 1297 3706 causa
1347 3650 1403 3704 in
1438 3667 1662 3706 secessu
1693 3652 1788 3706 de-

235 3740 425 3806 gebant,
461 3741 694 3812 μοναχοί
727 3741 911 3797 Grazce
939 3743 1342 3798 vocitabantur.
1379 3743 1630 3797 Attamen
1669 3759 1790 3812 qua:

235 3829 289 3884 de
315 3833 594 3888 monachis
630 3834 722 3887 hic
773 3835 937 3889 habet
991 3834 1260 3890 Eusebius
1313 3851 1422 3888 non
1467 3836 1790 3904 praetermit-

234 3922 372 3974 tenda
405 3942 417 3977 :
449 3923 679 3977 Primus
712 3926 907 3993 itaque,
941 3925 1036 3989 ait,
1071 3923 1200 3980 ordo
1228 3941 1410 3978 eorum
1438 3925 1527 3994 qui
1559 3927 1610 3976 in
1634 3922 1790 3977 Chri-

234 4025 299 4066 sto
329 4017 638 4084 proﬁciunt,
684 4025 760 4070 est
796 4016 1190 4071 monachorum.
1230 4014 1333 4070 Sed
1368 4015 1482 4068 rari
1529 4026 1649 4068 sunt
1681 4015 1785 4079 illi,

232 4122 372 4175 quare
398 4107 694 4160 secundum
724 4108 996 4178 Aquilam,
1029 4106 1293 4177 Unigeniti
1327 4106 1426 4160 Dei
1451 4105 1619 4158 vocati
1642 4115 1784 4168 sunt,

231 4201 404 4255 similes
434 4201 569 4267 {acti
603 4202 877 4271 unigenito
912 4199 1058 4254 Filio
1087 4200 1186 4254 Dei
1213 4218 1230 4254 :
1255 4201 1540 4255 secundum
1566 4199 1787 4269 Septua-

228 4293 356 4360 ginta
388 4291 716 4362 lnterpretes
752 4301 946 4354 autem,
982 4292 1160 4356 unius,
1219 4308 1324 4346 non
1381 4292 1570 4346 diversi
1625 4292 1788 4348 moris

230 4392 355 4445 sunt,
389 4401 552 4453 neque
582 4383 811 4441 subinde
841 4399 1034 4435 morem
1087 4384 1336 4446 variant;
1365 4384 1455 4437 sed
1503 4399 1665 4436 unum
1695 4400 1786 4436 co-.

231 4473 344 4540 lunt,
374 4478 460 4546 qui
490 4477 562 4530 ad
591 4477 809 4530 virtutis
843 4493 1089 4530 cacumen
1141 4476 1370 4530 advenit.
1413 4475 1567 4546 Ipsos
1608 4486 1786 4529 autem

1891 3293 2038 3351 sunt,
2069 3285 2528 3358 Jerosolymorum
2581 3288 2786 3345 aditum
2847 3289 3200 3344 interclusum
3252 3291 3460 3358 fuisse;

1889 3392 2209 3432 concessum
2263 3385 2443 3433 tamen
2500 3385 2558 3433 ut
2602 3381 2899 3448 quotannis
2936 3381 3002 3435 ad
3040 3391 3221 3438 certos
3260 3384 3460 3441 limites

1890 3469 2107 3540 lugendi
2171 3485 2338 3525 causa
2394 3471 2640 3539 proxime
2701 3473 2892 3526 urbem
2959 3475 3302 3530 accederent.
3359 3475 3453 3532 Ve-

1889 3575 2012 3615 rum
2073 3560 2342 3617 Eusebius
2409 3563 2477 3616 ad
2544 3579 2703 3617 suum
2774 3580 2948 3632 usque
3024 3573 3236 3635 tempus
3314 3567 3460 3622 hunc

1889 3667 2096 3707 morem
2159 3655 2340 3724 vigere
2396 3655 2651 3724 graphice
2710 3665 2897 3709 narrat
2952 3656 3038 3711 his
3095 3658 3329 3712 verbis:
3374 3657 3461 3711 Ir-

1890 3754 2095 3798 ruentes
2125 3733 2368 3808 Romani,
2415 3745 2570 3798 dictis
2616 3746 2924 3813 propheticis
2959 3748 3457 3816 ﬁnemintulerunt:

1889 3829 2143 3899 siquidem
2184 3831 2437 3884 victorum
2502 3832 2629 3900 lege,
2697 3835 2950 3887 universa:
3006 3833 3252 3889 Iudaicae
3317 3829 3459 3906 genti

1890 3919 2040 3972 aditu
2091 3919 2324 3973 locorum
2370 3921 2704 3973 interdictum
2737 3931 2814 3973 est
2848 3937 2866 3973 :
2907 3922 3222 3976 inevitabilis
3276 3925 3461 3992 quippe

1893 4011 2016 4080 legis
2044 4011 2518 4081 transgressoribus
2549 4012 2804 4079 impendet
2838 4012 2989 4066 ultio.
3017 4012 3368 4079 Quamobrem
3392 4015 3458 4066 ad

1889 4104 2025 4156 hanc
2051 4120 2208 4174 usque
2238 4103 2394 4166 diem,
2421 4103 2487 4155 ad
2518 4115 2684 4157 certos
2717 4105 2961 4157 terminos
3002 4105 3055 4157 in
3107 4105 3330 4158 circuitu
3372 4121 3462 4158 ac-

1890 4193 2145 4258 cedentes,
2172 4195 2354 4262 procul
2377 4195 2669 4246 consistunt
2695 4208 2714 4246 :
2744 4211 2905 4265 neque
2939 4195 3110 4247 solum
3138 4193 3292 4258 illud,
3323 4195 3459 4264 quod

1890 4303 2101 4341 sacrum
2145 4287 2270 4340 olim
2297 4285 2662 4354 reputabatur.
2687 4289 2764 4339 vel
2795 4287 2980 4355 procul
3011 4289 3304 4356 conspicere
3332 4290 3459 4356 ipsis

1891 4379 2218 4441 conceditur;
2251 4378 2339 4432 sed
2362 4379 2506 4446 [oras
2523 4379 2921 4445 circumeuntes,
2949 4377 3259 4447 Scripturaz,
3277 4380 3341 4433 de
3357 4397 3460 4450 qua

1882 4467 1999 4536 jam
2033 4469 2227 4537 agitur,
2259 4467 2414 4536 ﬁdem
2447 4469 2748 4531 conciliant,
2782 4467 3015 4522 dicenti:
3043 4487 3060 4518 (
3087 4466 3463 4524 Convertentur

231 4571 367 4622 unius
394 4587 563 4635 some,
587 4568 969 4635 Quintaeditio
1001 4571 1220 4633 vocavit,
1242 4581 1296 4622 ut
1334 4580 1452 4639 pote
1475 4571 1564 4639 qui
1597 4571 1786 4624 solita-

1890 4557 1956 4612 ad
1983 4573 2264 4625 vesperam,
2290 4567 2337 4609 et
2369 4556 2562 4623 [amem
2591 4557 2860 4625 patientur
2896 4566 2952 4608 ut
2985 4572 3161 4622 canes,
3186 4567 3234 4609 et
3278 4557 3462 4609 circui-

230 4660 286 4711 rii
303 4671 344 4713 et
362 4663 783 4730 pra’ciuclisinl.
803 4661 867 4715 Et
885 4663 938 4715 in
957 4663 1094 4731 psal.
1112 4677 1342 4726 Lxxxnl,
1365 4663 1398 4714 4
1435 4683 1447 4717 :
1473 4661 1517 4714 E
1534 4679 1588 4716 re
1611 4673 1786 4724 autem

227 4749 422 4844 dixeris,
455 4755 734 4823 expeditos
768 4753 886 4807 illos
906 4754 1121 4820 milites,
1148 4757 1237 4823 qui
1258 4756 1602 4809 monasticam
1626 4757 1786 4810 vitam

228 4851 432 4916 amplexi
455 4861 608 4914 sunt,
647 4867 743 4919 pro
764 4850 1063 4918 passeribus
1093 4850 1364 4906 habendos
1399 4867 1543 4914 esse;
1583 4868 1669 4906 eos
1697 4869 1787 4906 au-

229 4946 314 4991 tem
341 4943 424 5008 qui
455 4943 640 4995 liberis
665 4941 796 4995 dant
830 4957 1062 5010 operam,
1088 4957 1149 4995 ac
1166 4942 1382 5013 reliquis
1415 4944 1536 4997 vita:
1562 4943 1783 5012 negotiis

225 5040 266 5082 et
293 5034 422 5086 curis
469 5051 527 5087 se
573 5032 797 5097 dedunt,
831 5035 1053 5088 turturis
1095 5036 1255 5088 vicem
1287 5050 1460 5103 agere.
1501 5035 1619 5099 Quo
1646 5042 1786 5087 tem—

227 5137 340 5190 pore
384 5125 552 5195 igitur
598 5125 874 5180 Eusebius
927 5126 1042 5179 hazc
1090 5127 1356 5180 scriberet
1415 5125 1671 5194 perpauci
1728 5127 1782 5180 in

225 5215 337 5268 orbe
363 5216 623 5271 monachi
654 5227 833 5280 erant,
863 5232 926 5270 ac
956 5218 1177 5271 nonnisi
1215 5218 1268 5270 in
1313 5216 1552 5288 Egypto
1590 5232 1783 5270 mona-

225 5306 398 5359 sticum
432 5323 615 5377 genus
655 5306 1125 5382 frequentabatur,
1156 5311 1477 5364 auctoribus
1515 5309 1777 5383 Antonio,

225 5398 322 5463 qui,
355 5414 499 5453 anno
532 5400 668 5464 271,
718 5401 972 5453 monachi
1015 5409 1222 5454 statum
1278 5403 1583 5471 amplexus,
1623 5402 1783 5454 innu-

224 5501 383 5546 meros
412 5493 672 5562 exemplo
710 5508 811 5547 suo
862 5493 1081 5562 pellexit
1120 5494 1186 5546 ad
1221 5509 1406 5563 parem
1434 5497 1558 5548 vitae
1589 5495 1782 5548 condi-

227 5582 403 5637 tionem
433 5586 910 5656 amplectendam;
944 5585 1263 5652 Pachomio,
1289 5587 1383 5657 qui
1423 5587 1478 5640 in
1504 5588 1784 5642 Thebaide

227 5678 568 5730 monasticum
612 5693 784 5746 genus
828 5679 1026 5731 mirum
1075 5679 1130 5732 in
1179 5678 1398 5731 modum
1451 5678 1693 5741 adauxit,
1729 5684 1783 5732 et

227 5760 413 5821 Amune
442 5758 736 5832 Nitrieusi,
764 5768 1126 5838 complurium
1159 5768 1620 5821 monasteriorum
1658 5766 1781 5820 fun-

229 5851 414 5915 dature.
453 5859 515 5915 ln
547 5859 844 5917 Palaestina
886 5875 1036 5925 vero,
1090 5859 1178 5915 ubi
1211 5859 1370 5918 sodes
1407 5858 1639 5914 habebat
1671 5857 1779 5913 Eu-

1890 4649 2015 4701 bunt
2045 4649 2326 4702 civitatem.
2367 4667 2384 4698 ›
2419 4645 2592 4718 (Psal.
2624 4661 2778 4710 Lvul,
2856 4647 2944 4717 7.)
2984 4646 3224 4716 ldipsum
3265 4647 3462 4715 repetit

1886 4737 1942 4792 in
1959 4739 2094 4807 psal.
2115 4755 2258 4798 LXIX,
2294 4736 2385 4800 26,
2414 4737 2714 4806 adjicitque
2757 4737 2966 4790 nullum
2997 4735 3458 4807 JerosolymisJu-

1886 4833 2123 4885 diﬁOl‘Ulll
2142 4831 2472 4886 domicilium
2493 4845 2796 4899 superesse,
2817 4832 2868 4883 in
2888 4846 2994 4898 quo
3020 4828 3189 4882 δι’ωοί
3220 4829 3462 4883 habitare

1885 4918 2116 4986 possint,
2146 4933 2334 4971 verum
2358 4917 2540 4972 excisa
2567 4918 2747 4970 omnia
2770 4932 2833 4972 ac
2867 4917 3111 4970 funditus
3129 4918 3304 4970 deleta
3336 4917 3459 4969 uni-

1886 5025 2150 5079 versaque
2178 5025 2402 5080 prorsus
2434 5010 2566 5078 ipsis
2591 5010 2802 5062 sublata
2846 5008 3016 5063 fuisse
3041 5027 3056 5076 ;
3083 5009 3154 5061 ita
3184 5016 3242 5060 ut
3276 5022 3460 5062 sacer-

1885 5099 2096 5165 dotum,
2127 5099 2549 5156 Sadducaaorum
2596 5109 2650 5154 et
2704 5099 3103 5155 Pharisaeorum
3149 5114 3219 5153 ne
3262 5113 3458 5152 nomen

1884 5193 2102 5263 quidem
2128 5201 2458 5279 superesset.

2162 5285 2242 5334 IX.
2265 5285 2575 5335 Traditiones
2613 5284 2834 5346 quaedam
2871 5283 3170 5332 Judaorum.

1954 5390 2303 5445 Hebraeorum
2349 5389 2694 5443 traditionem
2727 5387 2803 5439 ait
2830 5401 2984 5451 esse,
3030 5399 3179 5438 mare
3211 5381 3458 5438 Rubrum

1884 5486 1939 5539 in
1968 5485 2243 5540 duodecim
2287 5485 2542 5538 sectioncs
2573 5482 2800 5534 divisum
2843 5479 3008 5548 fuisse
3043 5477 3326 5532 secundum
3359 5494 3462 5531 nu-

1886 5599 2086 5636 merum
2109 5580 2382 5635 duodecim
2413 5577 2674 5640 tribuum,
2711 5575 2784 5627 ita
2816 5582 2876 5626 ut
2913 5572 3141 5641 singula:
3198 5571 3374 5625 tribus
3403 5571 3457 5624 in

1885 5669 2164 5739 assignato
2205 5667 2308 5722 sibi
2356 5672 2537 5719 meatu
2584 5663 3010 5733 pertransirent;
3060 5678 3181 5731 qum
3218 5661 3462 5714 narratio

1886 5777 1993 5815 non
2017 5762 2231 5815 vult-tur
2261 5773 2386 5812 cum
2416 5757 2599 5811 divina
2626 5755 2908 5824 Scriptura
2931 5770 3257 5817 consonare,
3295 5762 3459 5821 atque

1889 5856 2009 5912 ideo
2051 5855 2191 5910 inter
2229 5851 2556 5908 Rabbinicas
2612 5849 2823 5908 fabulas
2880 5850 3016 5907 forte
3073 5847 3456 5921 computanda.
