4020 6372
533 390 602 445 59
1213 386 1486 442 EUSEBII
1525 385 2006 442 CAESARIENSIS
2040 382 2422 442 OPP..P.ARS
2444 382 2642 438 lll..-—
2673 381 3084 438 EXEGETICA.
3715 380 3785 434 60

535 505 678 561 Inter
707 503 1055 559 Hebraeorum
1103 503 1426 559 traditiones
1461 505 1669 574 pariter
1715 504 2106 558 recensendum
2138 507 2192 562 Α*
2211 507 2358 566 runt,
2406 514 2638 570 quorum
2677 499 2759 553 vis
2791 506 2844 553 et
2893 497 3162 552 sententia
3200 496 3439 550 nondum
3474 495 3783 560 observata,

531 605 616 653 est
643 598 785 668 quod
817 597 978 651 habet
1003 596 1293 659 Ensebius,
1320 595 1543 650 A'zotios
1565 595 1689 649 ideo
1714 595 1768 648 in
1790 594 2112 665 posteriori-

534 689 637 744 bus
667 697 719 742 et
770 688 1058 760 podicibus
1088 702 1383 758 percussos
1412 703 1556 752 esse,
1590 685 1737 757 quod
1790 686 1857 740 iis
1891 685 1944 738 in
1987 699 2113 754 par—

531 782 676 837 tibus
707 789 1048 852 peccassent.
1087 789 1137 836 et
1172 782 1547 854 ἁρῤενοκοίται
1600 786 1808 842 essent,
1839 778 1946 833 nisi
2002 777 2114 831 ford-

531 883 678 928 tasse
707 891 770 929 ea
803 874 1023 930 Eusebii
1054 873 1248 944 ipsius,
1273 887 1374 927 nec
1423 873 1493 927 ab
1545 871 1667 927 aliis
1699 881 1919 940 accepta
1950 867 2113 923 fuerit

531 984 735 1035 opinio.

531 1082 588 1130 Χ.
615 1080 996 1131 Christianorum
1024 1080 1300 1190 frequeili‘tlia
1325 1079 1374 1126 in
1398 1076 1682 1137 Moab‘itide,
1707 1075 2036 1125 Ammonitide
2061 1081 2112 1124 et

1239 1157 1242 1159 ·
1265 1153 1435 1189 umaea.

1239 1153 1435 1189 lumina.

601 1247 657 1301 In
699 1247 822 1301 haec
859 1246 1023 1301 verba
1089 1245 1227 1315 psal.
1279 1259 1411 1310 cvn,
1465 1243 1553 1304 10,
1604 1240 1951 1296 Moab'lebes
2001 1242 2111 1311 sp'ei

531 1359 678 1404 mete,
711 1343 764 1394 in
803 1339 1096 1392 ldumteam
1147 1337 1428 1390 extendam
1479 1335 1888 1388 calceamentum
1916 1351 2106 1399 meum,

530 1434 639 1487 duo
686 1433 846 1487 nobis
874 1431 1046 1501 aperit
1079 1429 1369 1490 Eusebius,
1404 1427 1658 1481 nimirum
1687 1427 2028 1481 Ammonitas
2055 1434 2110 1480 et

533 1525 798 1579 Moabitas
855 1525 1000 1577 inter
1057 1521 1266 1574 Arabas
1317 1534 1432 1573 :evo
1462 1534 1563 1574 suo
1598 1519 1754 1573 sedes
1811 1517 2104 1584 habuisse;

528 1621 766 1689 itemque
816 1633 984 1688 penes
1035 1616 1394 1681 Ammouitas,
1446 1614 1710 1668 Meabilas
1741 1623 1793 1668 et
1843 1605 2108 1667 ldumaios

530 1712 809 1766 inﬁnitam
861 1726 1004 1766 esse
1035 1709 1471 1763 Christianorum
1530 1706 1954 1770 multitudinem,
1996 1705 2108 1760 lizec

529 1805 648 1873 ejus
688 1804 852 1858 verba
883 1810 1011 1857 sunt
1047 1821 1060 1856 :
1095 1801 1162 1854 Et
1195 1802 1304 1854 htrc
1338 1817 1488 1869 opere
1520 1799 1781 1868 completa
1823 1798 1942 1851 licet
1981 1797 2106 1865 ipsis

529 1896 692 1948 oculis
726 1895 985 1963 percipere
1013 1895 1099 1955 iis,
1158 1894 1248 1963 qui
1282 1893 1337 1946 in
1365 1892 1603 1944 Arabum
1645 1893 1851 1960 regione
1880 1889 2108 1959 peregri-

529 1994 744 2046 nantur,
805 2000 919 2036 cum
961 1983 1166 2036 videant
1227 1979 1495 2034 Maabitas
1527 1990 1576 2034 et
1620 1981 1973 2041 Ammanitas,
2023 1978 2110 2047 qui

526 2091 678 2142 penes
711 2075 830 2128 illos
865 2091 1054 2144 magno
1093 2090 1307 2126 numero
1362 2083 1505 2134 sunt,
1563 2071 1828 2125 Ecclesias
1884 2069 1980 2123 Dei
2016 2070 2112 2122 im-

527 2170 685 2235 plere.
723 2166 1098 2234 Similiterque,
1138 2185 1155 2215 ι
1195 2166 1250 2218 in
1286 2163 1605 2226 Idumtram,
1641 2163 1836 2232 inquit,
1871 2177 2110 2214 conscen-

527 2260 651 2313 dam
701 2260 1050 2313 calceamento
1110 2273 1254 2317 meo,
1322 2276 1340 2308 ›
1380 2243 1667 2309 secundum
1708 2253 2105 2324 Symmachum.

529 2354 699 2420 Quam
745 2353 868 2406 item
906 2349 1297 2418 pra’dictionem
1318 2348 1370 2400 in
1392 2355 1635 2415 promptu
1669 2355 1744 2398 est
1793 2345 2108 2414 completam

527 2444 696 2498 videre
746 2444 813 2496 iis
839 2444 925 2510 qui
961 2445 1011 2494 in
1039 2440 1332 2494 Idumaeam
1383 2438 1688 2500 concedunt,
1728 2445 1777 2490 et
1809 2435 2108 2489 multitudi-

526 2553 642 2589 nem
679 2533 1038 2586 Ecclesiarum
1080 2531 1177 2584 Dei
1216 2530 1289 2584 ibi
1326 2530 1692 2598 conspiciunt.
1726 2537 1782 2580 ut
1838 2536 2108 2581 cunctetur

526 2639 674 2675 nemo
699 2622 958 2689 conﬁteri,
993 2636 1105 2673 rere
1139 2621 1193 2673 in
1244 2622 1359 2672 loca
1385 2619 1482 2671 illa
1539 2634 1875 2672 conscensum
1905 2617 2106 2686 factum

521 2731 653 2770 ϐεδε.

528 2825 591 2874 XI
635 2822 880 2874 Eusebius
899 2824 970 2873 ait
992 2821 1226 2894 mundum
1249 2822 1483 2894 sphmrica
1507 2819 1656 2870 forma
1681 2833 1810 2870 esse.
1841 2820 2033 2869 Mbnles
2053 2824 2106 2870 et

991 2891 1158 2946 petras
1181 2891 1364 2932 sensim
1383 2895 1644 2931 crescere.

594 2988 861 3043 Eusebius
911 2988 1029 3058 qui,
1061 2988 1138 3040 uti
1173 2988 1411 3042 diximus
1433 3029 1448 3055 ,
1495 2987 2102 3057 descriptionibus~ple-

524 3096 750 3150 rumque
783 3081 999 3150 gaudet,
1021 3081 1086 3134 ad
1111 3081 1386 3152 physicam
1420 3078 1649 3134 subinde
1680 3078 2102 3148 speculationem

523 3173 772 3227 vertitur.
811 3173 898 3225 Ait
925 3189 1052 3227 vero
1084 3189 1191 3227 non
1239 3187 1347 3225 uno
1378 3172 1499 3227 loco
1547 3171 1809 3225 mundum
1837 3170 2102 3241 sphaerica

488 3265 698 3320 'forma
754 3280 876 3319 esse
934 3285 947 3319 ε
1016 3281 1136 3335 qua:
1186 3266 1371 3334 opinio
1417 3265 1546 3320 olim
1593 3265 1902 3335 agitabatur
1958 3265 2104 3319 inter

525 3358 858 3427 scriptores;
909 3357 1030 3412 aliis
1078 3358 1316 3427 planam,
1352 3357 1630 3411 montibus
1674 3366 1853 3411 tamen
1904 3357 2103 3412 distin-

523 3461 687 3511 ctam,
715 3455 872 3502 terras
901 3448 1241 3518 superﬁciem
1300 3448 1744 3518 praedicantibus,
1789 3464 1819 3502 e
1872 3464 2104 3517 quorum

524 3555 754 3593 numero
797 3539 1142 3610 Augustinus
1186 3548 1238 3595 et
1287 3539 1516 3595 Cosmas
1567 3539 1856 3610 Egyptius
1914 3556 2105 3595 mona-

525 3631 682 3695 chus,
738 3633 830 3702 qui
881 3633 1077 3686 librum
1133 3648 1194 3686 ea
1252 3631 1319 3687 de
1369 3647 1428 3686 re
1480 3631 1648 3685 edidit
1685 3631 2103 3702 Topographiam

526 3719 890 3776 Christianam
923 3723 1276 3792 inscriptum,
1318 3722 1411 3776 ubi
1458 3721 1725 3790 sphaeram
1785 3723 1958 3777 sacris
1993 3722 2104 3775 Lit-

524 3814 657 3867 teris
708 3821 891 3882 aperte
921 3829 1224 3883 repugnare
1250 3815 1531 3869 contendit
1566 3814 1690 3881 ille;
1720 3814 1843 3868 aliis
1891 3830 2098 3879 veram,

524 3913 578 3958 et
605 3906 972 3976 experimento
1016 3907 1232 3961 domum
1264 3918 1530 3962 assertam
1561 3946 1576 3970 ,
1607 3907 1916 3977 Opinionem
1947 3919 2103 3963 tuen-

525 3998 692 4062 tibus,
751 4000 927 4068 qualis
977 3999 1262 4063 Eusebius,
1315 3999 1407 4068 qui
1457 4001 1719 4054 muudum
1777 4001 2100 4070 sphaericum

521 4105 644 4144 esse
699 4106 807 4144 non
861 4091 1026 4145 semel
1057 4091 1336 4144 indicavit.
1373 4091 1504 4145 Eam
1537 4100 1718 4148 tamen
1751 4093 2096 4154 sententiam,

524 4197 631 4235 non
661 4189 719 4236 ut
750 4197 904 4236 suam
938 4183 1048 4246 ille,
1081 4181 1177 4236 sed
1207 4190 1268 4236 ut
1299 4183 1532 4237 alienam
1568 4183 1742 4238 aﬁert.
1788 4182 2100 4239 Verisimile

525 4272 650 4326 item
685 4273 982 4326 arbitratur
1010 4283 1222 4328 montes
1283 4283 1343 4330 et
1368 4282 1548 4346 petras
1584 4275 1787 4330 sensim
1829 4291 2099 4337 crescere,

522 4372 687 4435 atque
718 4365 948 4420 occultis
979 4365 1296 4437 intimisque
1330 4367 1680 4423 incrementis
1711 4368 1946 4435 majores
1975 4384 2101 4421 eva-

519 4459 684 4524 dere;
712 4474 833 4528 quae
860 4459 1243 4528 quorumdam,
1273 4460 1447 4529 inquit
1471 4459 1579 4520 ille,
1599 4460 1682 4514 sui
1706 4457 1802 4513 aevi
1831 4459 2100 4529 physiolo-

520 4567 711 4621 gorum
740 4560 856 4606 erat
877 4551 1170 4620 opinio;ut
1193 4553 1304 4620 jam
1323 4567 1352 4606 e
1374 4552 1578 4607 nostris
1596 4561 1722 4606 sunt
1744 4552 1835 4621 qui
1863 4552 2096 4620 idipsum
2132 4541 2175 4594 Ι)

521 4649 884 4711 propugnent,
913 4643 1409 4714 experimentisque
1439 4642 1747 4698 manifestis
1789 4659 1900 4697 rem
1949 4658 2096 4697 com-

523 4734 739 4805 probari
766 4733 1057 4790 alﬁrment.

1143 4845 1372 4902 CAPUT
1413 4845 1480 4903 x.
1553 4915 1559 4922 ο

522 4974 588 5012 DE
640 4975 932 5015 IDIOTISBIIS
980 4977 1186 5016 EUSEBII
1229 4978 1280 5015 IN
1315 4978 1400 5016 IIIS
1436 4977 1873 5025 COMMENTARIIS,
1927 4979 1994 5016 ET
2031 4979 2094 5016 DE

691 5046 966 5086 SINGULABI
999 5048 1325 5094 QUABUMDAM
1361 5048 1539 5088 YOCUM
1570 5049 1924 5088 SIGNIFICATU.

521 5137 563 5198 Ι.
609 5142 760 5216 vocis
781 5142 921 5216 gleg-
936 5160 1076 5216 usus
1118 5145 1422 5216 singularis.
1470 5145 1554 5199 II.
1590 5145 1823 5216 Itemque
1861 5145 1966 5198 τοῦ
2001 5146 2097 5197 δο-

773 5212 1355 5287 ΙΙζε-Ἐντυγχάνειν·
1385 5217 1509 5284 quid
1533 5212 1796 5287 signiﬁcat
1820 5217 1959 5284 apud
1997 5216 2099 5268 Eu-

593 5284 811 5338 sebium.
840 5283 944 5338 IV.
968 5283 1327 5352 Περίσέασις
1345 5283 1438 5353 pro
1455 5283 1779 5341 calamitate.
1818 5283 1876 5341 V.
1929 5289 2098 5340 Ὑπα-

594 5355 795 5407 κούειν
823 5355 1151 5424 respondere.
1198 5355 1293 5411 VI.
1331 5358 1627 5426 Σωτήριος
1647 5359 1792 5428 quid,
1821 5369 1918 5411 etc.

595 5465 709 5520 Etsi
739 5483 768 5521 a
794 5468 978 5524 multis
1015 5471 1308 5541 Graeceque
1338 5472 1685 5540 peritissimis
1708 5473 1862 5536 viris,
1903 5473 1956 5526 in
1985 5474 2098 5526 col-

523 5557 737 5627 ligenda
785 5559 1090 5614 Graecarum
1147 5563 1389 5616 omnium
1454 5578 1650 5619 vocum
1705 5565 2097 5634 significatione

521 5657 673 5701 tanta
703 5656 774 5703 su
810 5650 1078 5705 industria
1110 5652 1458 5717 desudatum,
1488 5663 1546 5708 ut
1578 5671 1848 5725 perpauca
1887 5655 1997 5724 jam
2029 5657 2096 5710 ad

523 5741 818 5807 perfectam
854 5740 1160 5795 Graicorum
1201 5744 1530 5814 scriptorum
1563 5744 1971 5814 intelligentiam
2002 5743 2097 5798 de-

524 5829 822 5886 siderentur
852 5851 865 5901 ;
903 5834 1133 5891 subinde
1155 5843 1334 5892 tamen
1365 5836 1586 5890 nomina
1609 5835 1879 5906 verbaque
1901 5850 2094 5890 occuro

2217 592 2604 662 interpretibus
2635 589 2855 646 errandi
2888 591 3107 646 occasio
3144 605 3270 645 esse
3298 587 3533 655 possint.
3575 585 3782 655 Hujus-

2213 686 2357 740 modi
2384 693 2561 739 autem
2583 699 2755 754 pauca
2776 683 2860 738 his
2877 683 2934 736 in
2956 680 3364 736 commentariis
3387 687 3622 741 exstant,
3646 692 3786 748 quo-

2214 793 2334 831 rum
2367 775 2757 848 prazcipua‘hic
2801 773 3125 844 consignare
3160 778 3214 826 et
3243 770 3532 840 explanare
3564 769 3737 824 visum
3763 786 3780 824 :
3811 794 3814 797 ·

2214 883 2337 924 nam
2361 865 2750 924 minutiem-ad
2774 865 3008 920 indicem
3041 878 3225 919 rerum
3255 862 3578 930 allegamus.

2607 979 2645 1029 Ι.
2671 980 2818 1031 Vocis
2851 992 2930 1040 pio,
2957 990 3074 1026 usus
3098 973 3394 1036 singularis.-

2284 1084 2589 1156 Singularis
2611 1093 2694 1138 est
2717 1081 2860 1152 apud
2886 1080 3177 1135 Eusebium
3201 1077 3352 1132 vocis
3378 1075 3487 1146 βίοζ
3515 1074 3783 1145 significa-

2211 1178 2286 1232 ti‘o
2313 1195 2325 1229 :
2362 1175 2563 1246 passim
2591 1175 2790 1244 quippe
2810 1187 2908 1242 pro
2934 1186 3130 1242 genere
3166 1170 3444 1223 hominum
3472 1167 3738 1236 accipitur
3763 1184 3778 1219 :

2213 1269 2291 1323 sic
2315 1267 2451 1336 psal.
2475 1283 2529 1330 ν,
2549 1267 2584 1319 2
2605 1285 2618 1318 :
2643 1265 2890 1328 Τοιοῦτος
2924 1263 3021 1334 μὲν
3041 1256 3132 1315 οὖν
3155 1261 3444 1330 ἐτύγχανεν
3470 1260 3578 1320 πᾶς
3609 1257 3636 1307 ὁ
3676 1256 3782 1327 πρὸ

2209 1359 2306 1430 τῆς
2332 1359 2423 1411 τοῦ
2437 1358 2691 1429 ’Σωτῆρος
2715 1355 2867 1429 ἡμῶν
2889 1355 3186 1428 παρουσίας
3209 1351 3338 1422 βίος,
3369 1351 3422 1404 id
3451 1360 3557 1415 est,
3589 1349 3786 1417 Hujus-

2210 1451 2353 1506 modi
2367 1451 2598 1522 profecto
2629 1460 2742 1506 erat
2757 1448 3192 1524 anthalvatoris
3217 1445 3492 1499 adventum
3511 1451 3673 1496 totum
3695 1442 3782 1492 lto-

2209 1545 2409 1597 minum
2438 1559 2596 1614 genus
2623 1559 2642 1596 :
2669 1550 2723 1598 et
2738 1541 2874 1612 psal.
2897 1557 3063 1608 vau,
3086 1556 3228 1596 vers.
3251 1541 3283 1594 5
3304 1542 3323 1592 ἐ
3343 1539 3457 1591 Ἵνα
3487 1536 3595 1607 γὰρ
3615 1533 3778 1603 ἐπιϐῇ

2212 1643 2240 1694 ὁ
2263 1639 2393 1702 Θεὸς
2417 1638 2492 1708 τῷ
2521 1640 2628 1691 τῶν
2653 1636 2949 1709 ἀνθρώπων
2980 1636 3097 1705 βίῳ,
3127 1637 3228 1688 lioc
3253 1645 3354 1701 est,
3389 1633 3526 1686 Nam
3558 1644 3612 1685 ut
3641 1632 3779 1686 Dens

2216 1732 2284 1784 ad
2316 1732 2584 1783 hominum
2613 1746 2771 1799 genus
2805 1728 3086 1794 accederet,
3120 1737 3171 1780 et
3199 1725 3396 1794 passim
3425 1726 3560 1779 alios
3589 1742 3600 1776 :
3631 1726 3781 1778 item-

2141 1855 2181 1909 Β
2213 1836 2319 1891 que
2354 1822 2405 1872 in
2435 1819 2540 1874 line
2568 1836 2619 1872 Vl
2654 1819 2773 1872 libri
2806 1817 3214 1885 I’rteparationis
3242 1817 3568 1887 evangelicie,
3591 1818 3619 1868 ὁ
3643 1817 3780 1886 σύμ-ο

2215 1929 2326 1975 πας
2357 1910 2464 1963 τῶν
2495 1910 2792 1981 ἀνθρώπων
2826 1910 2955 1980 βίος,
2981 1911 3276 1964 universum
3306 1910 3571 1962 hominum
3597 1925 3775 1978 genus.

2217 2003 2480 2058 Similiter
2530 2004 2892 2068 Athanasius,
2941 2013 2982 2057 t.
3015 2002 3066 2069 Ι,
3122 2019 3246 2074 pag.
3285 2003 3442 2066 1‘255,
3479 2000 3778 2064 καταλαζο-

2215 2095 2493 2165 νευόμενοι
2532 2096 2625 2148 τοῦ
2670 2096 2774 2148 τῶν
2820 2094 3117 2165 ἀνθρώπων
3148 2095 3283 2164 βίου,
3326 2093 3538 2162 superbe
3571 2105 3778 2162 agent-es

2215 2187 2492 2239 adversum
2523 2203 2681 2256 genus
2726 2187 3033 2239 humanum.
3075 2185 3192 2252 Quo
3230 2187 3391 2240 etiam
3435 2200 3536 2238 usu
3576 2187 3625 2236 in
3661 2183 3803 2236 aliis-

2211 2278 2340 2332 item
2375 2278 2735 2346 scriptoribus
2773 2279 3030 2343 occurrit,
3077 2289 3126 2333 et
3160 2280 3216 2332 in
3264 2277 3533 2333 lleliodori
3565 2275 3782 2329 [Ethio—

2216 2371 2354 2441 picis
2378 2387 2485 2426 non
2517 2372 2683 2426 semel
2713 2371 3052 2426 observatur.
3235 2351 3241 2356 I

2695 2475 2771 2524 IL-
2789 2474 3016 2535 Itemque
3042 2488 3105 2522 τοῦ
3129 2479 3249 2521 δοκεῖν

2274 2551 2394 2610 A'lia
2425 2571 2527 2611 vox
2549 2563 2653 2619 est,
2675 2555 2728 2608 in
2749 2570 2854 2624 qua
2887 2555 3011 2608 item
3043 2552 3234 2606 Latine
3263 2547 3637 2604 transferenda
3669 2561 3806 2600 ncir.

2205 2648 2363 2716 pauci
2396 2649 2719 2718 interpretes
2745 2647 3046 2708 -labuntur,
3083 2644 3301 2699 scilicet
3339 2641 3534 2703 δοκεῖν,
3589 2639 3779 2700 uideri,

2204 2735 2382 2801 δοκεῖ,
2435 2739 2637 2794 videtur
2666 2735 2874 2805 :.quod
2920 2735 3143 2789 verbum
3183 2733 3344 2802 vulgo
3377 2738 3672 2799 usurpatur
3711 2727 3778 2778 ad

2204 2827 2554 2882 minuendam
2573 2826 2982 2880 aﬁirmationem
3004 2843 3018 2891 ;
3038 2824 3111 2877 ita
3141 2830 3201 2876 ut
3228 2823 3296 2886 si,
3328 2820 3477 2875 verbi
3500 2831 3687 2878 causa,
3715 2815 3783 2870 de

2205 2919 2459 2988 quopiam
2480 2917 2884 2981 dicatur,.6oxei
2916 2913 3051 2971 εἶναι
3082 2913 3268 2983 σοφός,
3310 2912 3525 2966 videtur.
3553 2925 3664 2962 esse
3687 2923 3780 2962 sa-

2204 3013 2372 3082 piens,
2405 3011 2459 3066 id
2485 3018 2543 3064 ut
2579 3016 2954 3065 asseveranter
2982 3008 3188 3062 dictum
3227 3020 3337 3059 non
3369 3005 3654 3070 habeatur,
3686 3001 3781 3058 sed

2205 3105 2601 3159 dubitationem
2626 3101 2933 3173 quamdam
2973 3101 3245 3172 praeferat.
3288 3099 3489 3154 Verum
3527 3097 3782 3167 frequen-

2131 3199 2172 3256 C
2195 3197 2416 3252 tissime
2449 3195 2590 3266 apud
2621 3195 2917 3263 scriptores
2947 3193 3084 3248 bene
3116 3193 3320 3247 multos
3349 3190 3495 3244 δοκεῖ
3520 3189 3655 3244 nihil
3681 3187 3784 3242 mi-

2208 3291 2328 3344 nuit
2360 3288 2794 3351 aﬁirniationem,
2836 3293 2896 3340 ut
2936 3285 3170 3354 exempli
3207 3287 3398 3355 gratia.
3423 3285 3478 3337 in
3515 3283 3600 3338 his
3632 3297 3785 3336 com-

2207 3380 2488 3436 mentariis
2525 3380 2590 3433 ad
2610 3379 2877 3448 psalmum
2904 3393 3094 3440 cxvui,
3127 3393 3271 3432 vers.-
3303 3376 3426 3441 156,
3457 3375 3525 3430 de
3560 3373 3669 3428 Deo
3696 3372 3782 3427 di-

2207 3479 2348 3532 citur
2386 3475 2722 3536 δικαιότατος
2756 3467 2893 3526 εἶναι
2933 3473 3227 3536 δοκεῖ,’.υὶ)ἰ
3284 3469 3605 3525 vertendum
3667 3470 3784 3524 sine

2206 3573 2392 3636 dubio,
2430 3569 2760 3638 justissimus
2803 3579 2900 3621 est.
2960 3564 3510 3635 Innumeraprol‘erri
3561 3570 3784 3633 possent

2205 3677 2329 3715 cum
2355 3677 2421 3716 ex
2449 3659 2703 3719 Eusebio,
2745 3667 2856 3712 tum
2883 3673 2949 3712 ex
2976 3657 3096 3712 aliis
3126 3655 3488 3725 scriptoribus
3514 3653 3780 3721 exempla.

2208 3751 2297 3807 Sic
2326 3753 2467 3822 apud
2497 3751 2879 3813 Athanasium,
2943 3751 3029 3802 ἵνα
3066 3749 3240 3802 τοίνυν
3269 3750 3360 3800 καὶ
3387 3740 3461 3800 ὧν
3499 3746 3785 3815 ἐπιθυμεῖς

2204 3843 2830 3915 τετυχηκέναιιδοκοίης,
2877 3851 2934 3894 ut
2979 3842 3138 3911 igitur
3182 3849 3364 3910 optata
3420 3837 3808 3907 consequaris.-

2207 3935 2313 3991 Sed
2336 3939 2447 4002 jam
2485 3937 2587 3990 hac
2616 3937 2683 3990 de
2715 3952 2773 3989 re
2805 3942 3094 3989 tractatum
3120 3950 3148 3987 a
3173 3935 3332 3988 nobis
3370 3941 3474 3987 est.

2364 4104 2370 4110 ,
2389 4048 2470 4096 ιῐῐ.
2495 4052 2730 4112 ὲγωηάνιιν
2747 4049 2865 4108 quid
2882 4048 3131 4109 signiﬁcet
3151 4046 3280 4108 apud
3305 4045 3592 4095 Eusebium.

2273 4154 2331 4208 in
2358 4153 2710 4207 Onomastico
2739 4153 2805 4206 ad
2830 4152 3112 4226 Athanasii
3138 4151 3314 4221 Opera
3349 4152 3661 4205 monuimus
3684 4166 3782 4203 vo—

2202 4264 2318 4303 cem
2351 4247 2694 4316 ὲντυγχὰνειν
2729 4245 3047 4316 plerumque
3079 4242 3408 4314 signiﬁcare,
3443 4245 3687 4313 conqueri
3716 4242 3782 4296 de

2203 4340 2416 4409 aliquo,
2465 4353 2746 4399 accusare,
2803 4338 3102 4404 petitionem
3172 4335 3421 4388 adversus
3481 4334 3780 4404 quempiam

2200 4431 2425 4499 principi
2470 4429 2546 4483 vel
2586 4428 2926 4498 magistratui
2965 4427 3189 4494 o/Ierre:
3232 4434 3286 4480 et
3321 4441 3506 4481 vocem
3536 4426 3778 4495 ἐντυχία,

2199 4523 2500 4591 petitionem
2531 4521 2796 4573 adversus
2821 4519 3080 4588 aliquem,
3113 4518 3225 4573 sive
3256 4519 3647 4571 accusationem
3679 4533 3782 4572 ex-

2196 4615 2452 4684 primere.
2513 4611 2716 4666 Eodem
2752 4627 2855 4665 usu
2906 4611 3359 4680 κατεντυγχάνειν
3399 4610 3451 4663 in
3496 4610 3581 4664 his
3630 4625 3785 4663 com—

2195 4705 2480 4760 mentariis
2499 4704 2760 4765 occurrit,
2783 4718 2866 4773 ps.
2894 4703 3075 4768 “11,9
3096 4722 3107 4756 :
3131 4702 3376 4774 Ἥρμοζε
3397 4701 3453 4753 δὲ
3474 4701 3542 4754 τὰ
3560 4701 3784 4772 προκεί-

2199 4810 2334 4864 μενα
2359 4793 2451 4846 καὶ
2496 4791 2571 4862 τῷ
2611 4769 2864 4865 προφή-τῃ
2908 4791 3085 4863 Ἠλίᾳ,
3120 4793 3178 4855 ὃς
3211 4769 3376 4860 ’ἔλεγε
3416 4769 3781 4863 κατεντ-υγχά-
3812 4769 3832 4789 ’

2195 4901 2302 4938 νων
2353 4883 2444 4937 τοῦ
2488 4883 2651 4938 λαοῦ·
2700 4885 2911 4951 Κύριε,
2962 4883 3106 4949 τοὺς
3148 4882 3459 4952 προφήτας
3505 4900 3622 4937 σου
3669 4885 3784 4937 ἀὲ(-

2195 4978 2485 5038 ἐκτειναν,
2529 4976 2627 5030 καὶ
2661 4976 2732 5029 τὰ
2763 4975 3159 5042 θυσιαστήριά
3203 4991 3318 5029 σου
3365 4974 3778 5044 κατέσκαψαν,

2196 5069 2249 5122 id
2285 5077 2368 5123 est
2408 5085 2421 5120 :
2464 5067 2591 5122 Hinc
2612 5084 2770 5136 porro
2805 5067 2974 5121 Helia:
3001 5067 3265 5136 prophetae
3281 5067 3657 5137 congruebant,
3688 5071 3780 5136 qui

2198 5159 2421 5213 Domino
2465 5169 2649 5213 contra
2687 5159 2937 5228 populum
2980 5158 3284 5226 supplicans
3323 5159 3400 5210 ita
3445 5158 3777 5227 loquebatur,

2205 5270 2223 5301 ‹
2262 5251 2505 5317 Domine,
2555 5251 2834 5320 prophetas
2875 5260 2990 5304 tuos
3021 5249 3342 5314 occiderunt,
3370 5261 3418 5304 et
3445 5249 3641 5303 altaria
3686 5261 3780 5303 tua

2213 5347 2596 5408 subuerterant,
2625 5353 2734 5398 etc.
2796 5363 2814 5394 ι

2623 5455 2702 5504 1V.
2735 5470 2955 5519 Πιρῑστσσις
2985 5469 3073 5518 pro
3097 5457 3394 5506 calamitate.

2267 5561 2593 5631 Περὶστασις
2670 5562 2812 5617 idem
2863 5563 2966 5617 sibi
3005 5562 3119 5615 vult
3163 5564 3305 5632 quod
3352 5565 3778 5625 circumstantia.

2199 5652 2336 5720 apud
2367 5652 2788 5718 Quintilianum,
2825 5652 3087 5709 Senecam
3128 5665 3180 5710 et
3208 5655 3271 5708 A.
3294 5654 3546 5714 Gellium.
3577 5655 3776 5708 Veruzn

2198 5744 2490 5813 aliquando
2532 5745 2800 5814 signiﬁcat
2846 5762 3167 5812 aerumnam,
3215 5748 3509 5803 infaustum
3562 5764 3775 5806 casum,

2197 5835 2582 5890 calamitatem.
2611 5835 2731 5901 Quo
2758 5853 2922 5893 sensu
2950 5853 3162 5910 semper
3183 5839 3236 5892 in
3262 5838 3345 5893 liis
3371 5838 3780 5894 commentariis
