4020 6372
235 377 288 432 6|
1053 370 1560 428 COMMENTARIA
1601 370 1665 425 IN
1705 369 2043 424 PSAIMOS.
2076 401 2146 411 -—
2179 366 2718 424 PREUMINARH.
3420 367 3489 422 62

235 500 546 563 usurpatur.
565 491 658 547 Sic
672 505 755 562 ps.
777 506 854 556 ιν,
871 489 1014 555 9,10
1040 510 1052 544 :
1087 489 1291 544 Μαθὼν
1305 491 1413 562 γὰρ
1431 492 1580 564 παρὰ
1596 492 1688 544 τοῦ
1704 493 1797 544 Σω·

1919 486 2075 540 teuda
2107 495 2190 540 est
2219 487 2333 541 rsic
2384 488 2426 558 ἡ,
2455 490 2718 559 σωτήριος
2741 484 3073 548 διδασκαλία,
3099 483 3354 537 salutaris
3385 482 3486 534 do-

229 590 386 659 τῆρος
419 589 516 640 καὶ
540 585 645 639 τῶν
673 585 781 638 σῶν
809 582 1172 652 ἐπαγγελιῶν,
1189 585 1292 648 ὅτι,
1309 586 1357 636 εί
1375 585 1469 637 καϊ
1496 585 1563 638 τὰ
1582 585 1813 655 μάλιστα

230 677 363 731 κατὰ
396 677 492 729 τδν
543 675 812 729 ἐνεστῶτα
857 676 970 746 βίον
1007 675 1174 728 λύπαι
1216 692 1304 745 μοι
1349 677 1444 728 καὶ
1479 675 1684 745 θλίψεις
1721 676 1814 729 καὶ

229 772 527 841 «sapae-p.01
571 771 666 823 καὶ
717 770 1068 840 περιστάσεις
1124 770 1184 822 οὑ
1236 769 1633 832 διαλείπουσιν,
1695 768 1812 822 ἀλλ’

227 861 375 915 ἔσται
406 880 494 932 μοι
518 862 709 934 καιρὸς
736 862 769 913 ὁ,
797 861 896 932 τῆς
920 861 1241 931 ἀπαλλαγῆς
1272 859 1366 914 τοῦ
1396 859 1664 931 σώματος,
1691 859 1811 914 καθ’

223 954 278 1007 ὃν
308 957 367 1006 ἐν
398 955 595 1026 εἰρήνῃ
621 955 921 1024 ποιήσομαι
941 953 1038 1024 τὴν
1072 953 1327 1024 κοίμησιν
1349 971 1360 982 ·
1395 952 1500 1006 hoc
1521 959 1603 1006 est
1631 971 1643 1006 :
1678 951 1812 1006 Cum

222 1047 356 1099 enim
391 1063 425 1098 a
456 1043 761 1110 Saluatore,
801 1061 966 1114 exque
1005 1047 1281 1114 promissis
1331 1047 1440 1099 tuis
1486 1044 1808 1111 edidicerim,

219 1138 432 1191 etiamsi
460 1139 591 1190 mihi
620 1137 853 1205 dolores,
881 1155 1151 1203 a'rumna’,
1178 1139 1512 1201 tentationes,
1537 1138 1811 1192 calamita-

218 1240 294 1283 tes
341 1231 397 1282 in
433 1232 688 1298 presenti
733 1231 841 1284 vita
888 1248 993 1284 non
1035 1230 1306 1299 deﬁciant,
1357 1230 1597 1299 futurum
1635 1241 1809 1283 tamen

218 1322 352 1374 mihi
385 1332 590 1390 tempus
634 1331 732 1385 est,
772 1339 876 1391 quo
916 1340 947 1376 a
979 1339 1195 1391 corpore
1235 1321 1483 1376 decedam
1513 1339 1576 1377 ac
1604 1324 1658 1375 in
1683 1338 1810 1390 pace

216 1414 504 1466 dormiam.
549 1411 665 1468 Etsi
695 1421 877 1467 autem
926 1415 1011 1470 his
1068 1413 1476 1469 commentariis
1516 1430 1616 1468 vox
1649 1415 1808 1485 περί-

219 1522 410 1567 cras-ig
439 1506 645 1575 passim
681 1512 959 1569 occurrat,
992 1507 1081 1560 vix
1113 1506 1324 1575 uspiam
1355 1506 1464 1559 alio
1505 1521 1672 1560 sensu
1703 1521 1806 1560 usu

213 1597 384 1661 venit,
416 1612 583 1667 quam
619 1612 720 1666 pro
764 1597 1076 1651 calamitate
1107 1615 1120 1650 :
1161 1595 1474 1665 frequenter
1513 1595 1640 1649 item
1670 1595 1806 1650 dici-

212 1697 307 1742 tur
343 1690 733 1760 περιστατικὸς
779 1689 999 1760 καιρός,
1046 1705 1139 1760 pro
1185 1698 1414 1755 tempore
1460 1687 1802 1752 calamitoso,

214 1790 274 1833 et
295 1781 563 1836 arumnis
597 1781 782 1850 pleno.

703 1914 761 1964 ν.
789 1917 988 1966 imos.“
1011 1914 1333 1977 respondere.

281 2059 590 2117 Observato
640 2061 769 2117 item
801 2061 1010 2132 dignus.
1033 2073 1116 2118 est
1152 2062 1302 2118 vocis
1339 2061 1632 2115 ὑπακούειν
1662 2077 1797 2117 usus

210 2169 309 2223 pro
342 2152 660 2222 respondere
685 2170 703 2205 :
740 2153 900 2222 cujus
955 2153 1068 2222 jam
1117 2155 1363 2222 exempla
1394 2154 1678 2209 attulimus
1706 2152 1796 2208 t.l

207 2261 434 2314 operum
461 2245 748 2298 Athanasii
768 2261 822 2315 p.
842 2245 975 2300 554..
992 2244 1115 2299 Fuit
1131 2253 1309 2300 autem
1325 2261 1429 2300 vox
1451 2246 1640 2301 istlnec
1657 2247 1797 2300 mul-

207 2343 386 2388 torum
425 2344 538 2390 tam
562 2344 831 2400 veterum,
858 2351 1022 2406 quam
1055 2337 1417 2390 recentiorum
1438 2337 1792 2406 interpretum

208 2429 492 2498 se0pulus,
517 2429 614 2499 qui
639 2429 825 2482 audire
841 2427 926 2482 vel
942 2428 1224 2482 subaudire
1249 2436 1564 2484 verterunt:
1597 2444 1794 2499 quam-

205 2521 391 2573 obrem
423 2535 532 2574 non
553 2519 652 2575 abs
667 2537 726 2575 re
745 2520 908 2574 fuerit
924 2521 1167 2590 exempla
1184 2521 1432 2592 quaedam
1449 2537 1512 2576 ex
1535 2521 1618 2576 his
1643 2536 1794 2574 com-

205 2612 493 2666 mentariis
517 2611 785 2681 proferre.
801 2611 858 2667 ln
874 2613 1191 2683 praefatione
1206 2613 1426 2669 Eusebii
1450 2615 1503 2668 in
1522 2612 1790 2676 Psalmos,

206 2703 393 2772 (infra,
421 2703 532 2758 col.
575 2703 665 2772 81)
705 2723 717 2758 :
750 2705 942 2758 Ἦνίκα
993 2706 1171 2759 τοίνυν
1207 2706 1436 2776 ἐσκίρτα
1484 2704 1544 2756 τὸ
1567 2702 1792 2773 Πνεῦμα

201 2797 293 2849 ἐπί
324 2813 449 2849 τινα
473 2797 585 2849 τῶν
619 2797 894 2867 ἀρχόντων
923 2797 1030 2850 τῶν
1058 2797 1370 2868 ψαλτῳδῶν,
1390 2799 1439 2850 οἱ
1467 2796 1640 2850 λοιποὶ
1668 2797 1792 2867 ήσυ-

199 2888 318 2956 χίαν
347 2883 485 2958 ἦγον
504 2887 854 2960 παρεστῶτες
873 2889 967 2942 καὶ
989 2890 1354 2952 ὑπακούοντες
1379 2887 1683 2960 συμφώνως
1711 2887 1789 2957 τῷ

198 2980 474 3047 ψάλλοντι,
511 2980 850 3051 Ἀλληλοιπα,
887 2981 941 3036 id
970 2990 1054 3038 est
1077 3002 1088 3037 :
1113 2982 1241 3036 Cum
1262 2983 1440 3052 itaque
1469 2981 1700 3046 Spiritus
1731 2980 1787 3033 in

199 3073 501 3141 quempiam
521 3073 820 3142 principum
844 3083 1121 3128 cantorum
1142 3073 1286 3127 insili
1294 3083 1392 3135 ret,
1423 3073 1598 3127 caeteri
1617 3073 1787 3142 quiete

197 3162 420 3231 agebant
435 3172 702 3227 astantes,
721 3180 783 3216 ac
816 3180 935 3217 voce
960 3180 1186 3218 consona
1209 3163 1786 3232 psallentiresponden-
1813 3189 1854 3244 C

199 3264 291 3316 tes,
310 3255 573 3310 Alleluia.
599 3255 858 3326 Apertius
877 3272 1006 3311 vero
1035 3256 1184 3312 Psal.
1219 3272 1368 3320 an,
1400 3271 1525 3310 vers
1553 3255 1652 3308 19:
1678 3254 1797 3306 Καὶ-

196 3348 498 3420 ὲπειδήπερ
525 3348 701 3402 ταῦτα
715 3350 777 3402 τὸ
794 3347 1018 3420 Πνεῦμα
1035 3349 1094 3401 τὸ
1113 3349 1265 3418 ἅγιον
1285 3347 1636 3420 προφητικῶς
1662 3346 1789 3418 μέλ-

195 3435 351 3490 λοντα
374 3438 604 3492 ἔσεσθαι
641 3440 1034 3511 πρωνεφώνει,
1068 3441 1225 3512 χορὸς
1257 3439 1500 3508 ἀγγέλων
1526 3438 1790 3492 ὑπακούει

195 3529 595 3599 συνευχόμενος
622 3532 689 3600 τῇ
730 3530 838 3583 τῶν
868 3531 1207 3603 πραγμάτων
1248 3528 1539 3593 τελειώσει,
1576 3527 1798 3581 πιστοὺι

193 3621 354 3688 μενος
387 3638 448 3673 τε
486 3621 628 3673 αὐτὰ
649 3622 744 3674 καί
769 3622 942 3691 λέγων
962 3641 974 3652 ·
1009 3622 1241 3687 Γένοιτο,
1273 3621 1510 3689 γένοιτοέ
1537 3620 1642 3674 hoc
1668 3628 1783 3674 est:
1828 3673 1837 3684 ,

189 3710 258 3764 Et
284 3714 416 3777 quia
447 3713 565 3766 hmc
598 3712 832 3782 Spiritus
873 3723 1089 3768 sanctus
1118 3713 1414 3782 prophetiae
1441 3712 1624 3780 futura
1649 3727 1787 3780 pra:—

184 3804 424 3868 dixerat,
455 3806 652 3860 chorus
707 3808 1014 3877 angelorum
1055 3808 1330 3876 respondet
1360 3824 1467 3860 una
1502 3807 1793 3876 deprecans

180 3914 276 3964 pro
301 3901 384 3953 rei
412 3903 895 3966 consummatione,
919 3902 1455 3972 illaqueconﬁrmans
1481 3916 1543 3954 ac
1568 3900 1743 3953 dicens
1765 3915 1782 3953 :

181 3987 338 4054 Fiat,
379 3991 517 4058 ﬁat!
543 3991 749 4047 Eodem
781 4008 1001 4063 quoque
1046 3993 1353 4065 signiﬁcatu
1393 4006 1500 4046 vox.
1536 4008 1784 4063 προσυπ-

181 4080 350 4133 ακούε
362 4097 412 4133 ιν
455 4085 587 4140 alibi
624 4083 880 4153 occurrit,
910 4083 966 4138 id
991 4092 1095 4146 est,
1122 4082 1189 4135 ad
1216 4079 1418 4152 aliquid
1451 4080 1780 4148 respondere.

180 4171 364 4242 Hujus
396 4174 583 4239 vocis,
632 4174 736 4229 hac
778 4174 1049 4230 sententia
1093 4183 1351 4244 acceptas,
1405 4172 1785 4244 frequentissi-

181 4281 307 4320 mus
359 4277 450 4321 est
500 4265 647 4338 apud
678 4267 979 4338 scriptores
1026 4267 1328 4336 prtesertim
1377 4266 1782 4321 ecclesiasticos

180 4373 343 4412 usus.

769 4492 855 4544 Vl.
879 4506 1057 4557 ιιιιεριος
1081 4495 1218 4557 quid,
1242 4499 1358 4545 etc-

253 4617 455 4674 Parem
501 4619 771 4673 cautelam
807 4618 1066 4675 adhibeas
1109 4619 1166 4674 in
1218 4635 1352 4674 voce
1385 4620 1649 4692 σωτήριος
1678 4633 1778 4688 pro

187 4715 428 4780 utroque
453 4724 655 4779 genere
683 4710 987 4766 masculino
1019 4719 1073 4766 et
1101 4710 1362 4766 feminino
1403 4709 1656 4778 usurpari
1687 4724 1779 4765 so-

189 4799 310 4865 lita,
352 4801 518 4869 cujus
550 4801 700 4869 prior
743 4801 1070 4872 signiﬁcatio
1095 4813 1177 4858 est
1205 4802 1498 4867 salutaris;
1535 4803 1628 4858 sed
1661 4802 1777 4856 fre-

191 4894 476 4960 quentiori
525 4909 626 4948 usu
672 4894 814 4964 apud
859 4894 1308 4962 ecclesiasticos,
1337 4895 1614 4950 salvatoris
1647 4909 1770 4948 ver.-

1919 576 2128 640 ctrina;
2170 577 2348 645 aptius
2384 587 2563 630 autem
2614 587 2821 640 vertas,
2858 574 3152 629 Saluatoris
3207 573 3484 636 doctrina;

1917 668 2107 723 eodem
2151 668 2310 723 modo
2356 669 2497 739 apud
2527 668 2914 732 Athanasium,
2949 665 3012 718 τὸ
3045 665 3307 734 σωτήριον
3346 680 3484 735 μαρ-

1918 761 2102 834 τὺριον
2125 803 2140 826 ,
2183 765 2497 833 martyrium
2534 762 2648 817 sive
2692 760 2913 814 ecclesia
2959 757 3275 814 Seruatoris.
3312 755 3370 810 ln
3401 756 3487 811 his

1918 871 2047 910 vero
2075 857 2480 911 commentariis
2513 855 2593 910 sic
2623 854 2734 908 fere
2766 868 2978 922 semper
3009 850 3296 918 intelligas.

1981 945 2040 999 In
2073 945 2159 999 his
2187 945 2605 999 commentariis
2629 944 2830 1013 passim
2859 943 3349 1002 observes,.vocem
3373 935 3488 989 ἀλλ’

1914 1039 1969 1110 ἦ,
2000 1054 2121 1108 qua:
2149 1037 2440 1108 signiﬁcat,
2476 1039 2598 1099 nisi,
2632 1037 2720 1089 ubi
2745 1035 2990 1104 sequitur
3024 1030 3253 1092 vocalis,
3285 1029 3489 1084 omissa

1912 1130 2218 1200 particula,
2271 1126 2338 1195 ἦ,
2418 1127 2668 1200 exprimi.
2752 1123 2843 1178 Sic
2899 1123 2993 1176 lib.
3083 1138 3141 1176 III
3177 1143 3190 1176 :
3225 1120 3491 1189 Κληρονο-

1914 1220 2009 1290 μία
2040 1220 2096 1273 δὲ
2139 1218 2303 1272 αὑτοῦ
2334 1218 2418 1280 τίς
2457 1213 2524 1288 ἦν
2555 1216 2690 1287 μετά
2725 1215 2816 1267 τὸν
2850 1215 3110 1285 πρότερον
3150 1212 3275 1265 λαὸν
3303 1211 3416 1265 ἀλλ’
3453 1211 3487 1280 ή

1911 1313 1969 1377 ἐξ
1995 1311 2163 1365 ἐθνῶν
2201 1309 2514 1381 Ἐκκλησία,
2545 1308 2599 1361 id
2629 1315 2711 1362 est
2748 1327 2759 1362 :
2802 1306 3097 1361 [hereditas
3136 1321 3293 1375 porro
3317 1305 3484 1363 illius.

1907 1418 2151 1471 quamam
2181 1409 2295 1455 erat
2318 1411 2433 1470 post
2457 1401 2683 1468 priorem
2702 1399 2854 1451 illum
2875 1398 3146 1466 populum,
3179 1397 3282 1449 nisi
3304 1394 3486 1448 Eccle-

1908 1492 1989 1544 sia
2014 1491 2286 1561 gentium?
2318 1490 2409 1544 ubi
2453 1488 2566 1542 ἀλλ’
2601 1491 2634 1559 ἡ
2663 1504 2760 1558 pro
2794 1487 2908 1541 ἀλλ’
2940 1487 2972 1557 ἣ
3002 1490 3034 1557 ἡ
3077 1487 3314 1556 ponitur.
3350 1481 3486 1538 Sex-

1907 1587 2067 1634 centa
2095 1587 2253 1635 notes
2281 1580 2481 1634 similia
2525 1580 2577 1633 in
2610 1580 2696 1634 his
2721 1579 3150 1637 commentariis,
3183 1576 3272 1630 ubi
3303 1576 3484 1630 hiatus

1904 1673 2111 1727 vitandi
2135 1688 2300 1729 causa
2327 1673 2360 1744 ἡ
2389 1681 2515 1728 ante
2541 1671 2783 1726 vocalem
2806 1671 3092 1725 omittitur.
3123 1669 3188 1724 Et
3214 1668 3483 1740 principio

1906 1769 2122 1836 quidem
2181 1771 2436 1838 putabam
2487 1781 2586 1836 ego
2633 1765 3045 1820 amanuensium
3087 1766 3219 1818 vitio
3269 1765 3303 1835 ἦ
3348 1763 3481 1817 illud

1833 1831 1877 1887 Β
1903 1859 2207 1926 excidisse;
2254 1875 2443 1914 verum
2476 1857 2603 1927 quia
2649 1857 2704 1910 in
2742 1857 3018 1921 omnibus,
3049 1856 3199 1910 nullo
3227 1864 3476 1926 excepto,

1901 1953 2183 2009 codicibus
2216 1954 2378 2006 etiam
2429 1951 2851 2021 antiquissimis,
2901 1951 2975 2006 ita
3013 1951 3216 2020 passim
3255 1951 3474 2020 legitur,

1899 2052 2110 2099 certum
2162 2045 2337 2098 habeo
2386 2044 2455 2098 ab
2488 2044 2606 2112 ipso
2653 2050 2875 2098 auctore
2916 2057 3264 2111 suppressam
3297 2043 3476 2110 εὐφω-

1899 2137 2016 2200 νίας
2041 2153 2170 2206 ergo
2222 2135 2544 2206 particulam
2580 2135 2768 2191 fuisse.
2807 2133 2998 2189 Parem
3046 2134 3288 2188 omnium
3323 2134 3475 2192 codi-

1898 2243 2022 2282 cum
2057 2242 2386 2282 consensum
2435 2226 2689 2281 advertas
2718 2227 2772 2280 in
2807 2240 2940 2280 voce
2981 2223 3347 2280 ἀποκλὰεσθαι
3374 2239 3474 2295 pro

1897 2317 2312 2382 ἀποκλαίεσθαι,
2330 2318 2456 2386 ﬂere
2472 2333 2490 2378 ;
2506 2333 2627 2386 qua:
2641 2317 3082 2385 frequentissime
3100 2316 3201 2371 hoc
3233 2317 3287 2370 in
3309 2333 3472 2387 opere

1895 2416 2192 2478 comparet,
2224 2414 2278 2462 et
2321 2407 2566 2471 ἐξέκαον,
2597 2421 2696 2476 pro
2731 2406 2994 2472 ἐξέκαιον.
3028 2404 3130 2460 Ubi
3166 2421 3353 2459 eorum
3377 2407 3470 2476 qui

1895 2496 2125 2551 antehac
2152 2494 2464 2550 Graecorum
2505 2497 2832 2566 scriptorum
2863 2509 3028 2565 opera
3077 2495 3290 2564 publica
3330 2493 3472 2550 fece-

1893 2599 2040 2652 runt,
2075 2603 2282 2648 morem
2305 2596 2600 2644 sectamur.
2627 2589 2665 2641 li
2696 2587 2863 2652 enim,
2891 2587 3018 2657 quia
3042 2586 3325 2657 euphonia:
3347 2602 3471 2658 gra-

1891 2685 1966 2738 tia
1995 2685 2220 2754 ταμεῖον
2248 2697 2347 2752 pro
2375 2683 2643 2752 ταμιεῖον,
2668 2678 2824 2748 ὑγεία
2857 2695 2954 2748 pro
2985 2678 3162 2747 ὑγίεια
3195 2679 3472 2750 legebatur

1891 2775 1947 2830 in
1977 2775 2278 2830 codicibus.
2303 2773 2508 2827 omisso
2545 2773 2722 2843 primo
2759 2789 2797 2835 t,
2837 2773 3060 2842 ταμεῖον
3093 2782 3146 2826 et
3179 2771 3335 2839 ὑγεία
3358 2771 3470 2842 ple-

1889 2882 2120 2937 rumque
2153 2865 2462 2922 ediderunt.
2504 2864 2826 2934 Quanquam
2877 2863 2993 2918 leve
3032 2863 3264 2919 fortasse
3286 2866 3471 2920 videa-

1889 2968 1997 3023 tur,
2028 2974 2248 3013 monere
2283 2974 2354 3013 ne
2380 2957 2578 3027 pigeat,
2613 2971 2800 3011 vocem
2837 2956 3021 3020 Δαυῖδ,
3069 2971 3189 3026 quae
3226 2958 3386 3028 vulgo
3413 2958 3468 3012 in

1887 3051 2170 3106 codicibus
2217 3051 2322 3106 Δᾶδ
2368 3049 2598 3118 legitur;
2644 3048 2820 3102 sicubi
2870 3056 2985 3102 tota'
3031 3049 3375 3104 describatur
3411 3051 3466 3104 in

1889 3139 2277 3195 vetustioribus
2304 3135 2716 3204 manuscriptis,
2742 3151 2838 3204 per
2872 3154 2902 3188 υ
2932 3134 3109 3190 efferri
3143 3135 3325 3200 Δαυῒδ,
3358 3151 3465 3190 non

1891 3244 2068 3288 autem
2105 3231 2288 3295 Δαὸίδ,
2339 3236 2399 3284 ut
2449 3229 2504 3282 in
2541 3226 2704 3282 editis
2739 3225 3034 3282 Bibliorum
3089 3227 3303 3297 legitur.
3340 3228 3466 3296 quia

1888 3341 2080 3395 nempe
2107 3324 2162 3378 in
2191 3321 2476 3376 Hebraicis
2501 3318 2926 3388 exemplaribus,
2954 3335 3048 3388 per
3073 3327 3179 3374 tau
3210 3329 3302 3380 'm
3343 3322 3467 3377 des—

1890 3414 2137 3470 cribitur.
2168 3411 2286 3477 Qua
2326 3415 2380 3467 in
2419 3428 2479 3468 re
2507 3420 2754 3466 veterum
2785 3413 3026 3465 omnium
3075 3411 3322 3480 codicum
3357 3426 3467 3464 mo-

1887 3523 2002 3564 rem
2024 3507 2189 3577 sequi
2209 3506 2384 3561 visum
2405 3510 2509 3559 est.

1957 3599 2248 3662 Caeterum,
2284 3607 2343 3652 ut
2371 3612 2656 3666 speramus
2688 3611 2799 3650 non
2833 3595 3103 3664 ingratum
3136 3591 3322 3646 lectori
3348 3590 3464 3645 fore

1887 3691 2182 3747 Eusebium
2214 3697 2462 3745 nostrum
2485 3729 2499 3753 ,
2534 3689 2609 3742 ita
2637 3689 2691 3741 in
2721 3695 2930 3757 partem
2966 3684 3153 3754 gratia:
3185 3682 3462 3738 vocandos

1885 3799 2174 3839 censemus
2223 3797 2340 3845 eos,
2385 3781 2478 3851 qui
2511 3780 2669 3834 nobis
2718 3779 2801 3833 vel
2852 3777 3071 3832 codices
3113 3775 3198 3830 vel
3238 3788 3460 3844 operam

1886 3876 2168 3931 contulere
2199 3888 2376 3929 suam.
2402 3872 2482 3925 Ex
2510 3871 2678 3940 Regia
2699 3879 2847 3924 certe
2868 3867 3217 3928 bibliotheca,
3235 3865 3462 3935 jubente

1885 3967 2256 4023 illustrissimo
2281 3965 2472 4020 abbate
2511 3979 2579 4018 ne
2612 3963 2867 4027 Louvors,
2901 3960 3144 4030 ejusdem
3183 3958 3458 4029 praefecto,

1884 4061 2102 4117 codices
2141 4059 2300 4114 nobis
2331 4073 2429 4129 pro
2464 4065 2611 4120 voto,
2647 4056 2809 4125 idque
2844 4055 2908 4109 ad
2945 4054 3264 4108 diuturnum
3300 4068 3460 4108 usum

1883 4153 2067 4208 traditi
2093 4164 2219 4207 sunt
2250 4165 2280 4203 ιι
2319 4149 2654 4204 doctissimis
2697 4155 2752 4202 et
2795 4145 3146 4201 amicissimis
3174 4144 3309 4199 viris
3337 4142 3458 4199 Cle-

1884 4253 2052 4298 mente
2075 4251 2129 4296 et
2158 4241 2418 4305 Boiuinio,
2451 4239 2794 4294 custodibus.
2826 4235 3019 4292 Parem
3049 4237 3458 4291 beneﬁcentiam

1881 4335 2087 4406 experti
2142 4350 2333 4390 sumus
2381 4347 2549 4403 penes
2595 4331 3088 4386 eminentissimum
3130 4327 3457 4382 cardinalem

1883 4445 1949 4483 ne
1980 4429 2225 4492 Consum,
2258 4428 2350 4497 qui
2382 4426 2541 4480 nobis
2581 4425 2790 4478 codicis
2821 4421 3259 4494 praestantissimi
3294 4435 3456 4490 supra

1812 4533 1858 4591 ι)
1885 4520 2168 4576 memorati
2211 4519 2423 4588 copiam
2459 4515 2604 4571 fecit.
2654 4514 2718 4568 Et
2769 4513 3198 4568 illustrissimum
3243 4511 3446 4564 archie-

1882 4615 2168 4687 piscopum
2207 4610 2724 4680 Rothomagensem,
2755 4607 2915 4676 cujus
2937 4605 3279 4661 bibliothecae
3302 4601 3452 4656 codi-

1883 4710 2042 4762 cibus
2064 4707 2132 4761 ad
2164 4713 2352 4761 nutum
2377 4703 2481 4758 frui
2515 4703 2660 4765 licet,
2696 4709 2923 4755 curante
2943 4698 3098 4754 Dom.
3121 4697 3193 4754 du
3219 4697 3452 4760 Chesne,

1883 4799 2321 4857 bibliothecario.
2349 4797 2530 4862 Salve,
2568 4795 2780 4851 erudite
2812 4795 3004 4850 lector.
