4020 6372
531 431 603 486 63
1235 426 1508 484 EUSEBII
1545 423 2031 483 CASSARIENSIS
2069 423 2220 480 OPP.
2254 423 2456 480 PARS.
2499 424 2589 481 Ill.
2629 458 2699 466 —
2739 424 3147 481 EXEGETICA.
3715 425 3785 480 61

1763 747 1870 807 DE
1914 745 2576 808 CONTINUATIONE

851 930 1352 1024 COMMEN
1373 927 1512 1017 TA
1536 922 2018 1018 RIORUM
2095 923 2579 1014 EUSEBII
2669 923 3472 1015 CIESARIENSIS

1173 1122 1229 1182 A
1282 1116 1617 1184 PSALMO
1650 1118 1857 1181 CXIX
1898 1115 2160 1192 USQUE
2215 1116 2331 1177 AD
2377 1115 2839 1179 PSALTERII
2883 1117 3171 1182 FINEM

1618 1293 2108 1374 EDITOBIS
2186 1294 2713 1373 MONITUM.

1025 1477 1252 1552 (Angelo
1284 1475 1412 1544 ΜΑΙ,
1451 1473 1781 1531 Bibliotheca
1812 1490 1945 1529 nova
1975 1472 2226 1540 Patrum,
2258 1479 2299 1527 ι.
2336 1470 2428 1537 1v,
2476 1460 2545 1544 μ’
2585 1472 2674 1528 65.
2710 1474 2895 1528 ιίοιηεε
2926 1473 3082 1537 1847,
3120 1473 3275 1547 εει-4.)

609 1724 703 1779 Vir
737 1724 1093 1791 doctissimus,
1126 1735 1175 1781 et
1208 1726 1272 1780 de
1316 1725 1484 1781 sacris
1516 1724 1736 1780 Litteris
1765 1726 2139 1784 immortaliter
2180 1730 2419 1793 meritus,
2465 1745 2525 1781 ac
2564 1727 2833 1784 Haurina:
2875 1730 3097 1799 familia:
3146 1748 3405 1785 summum
3445 1730 3623 1796 decus,
3660 1732 3793 1787 Ber-

530 1819 732 1874 nardus
777 1820 1209 1891 Montfauconius
1241 1822 1295 1875 in
1336 1822 1647 1890 prwfatione
1680 1820 1749 1874 ad
1794 1821 2006 1877 Eusebii
2034 1823 2377 1878 Cwsariensis
2408 1839 2536 1893 quos
2579 1821 2743 1875 edidit
2780 1822 3198 1879 Commentarios
3237 1825 3306 1878 ad
3330 1822 3677 1890 Psalterium,
3712 1828 3791 1878 ait

530 1929 585 1983 p.
617 1928 676 1965 tu
713 1930 727 1965 :
766 1930 785 1963 ι
829 1909 1011 1982 Neque
1051 1920 1225 1965 tamen
1255 1910 1308 1964 id
1339 1911 1583 1981 consequi
1613 1913 1901 1980 potuimus,
1937 1924 1992 1966 ut
2028 1923 2192 1968 totum
2220 1914 2652 1967 commentarium
2676 1914 2752 1971 ad
2774 1914 3017 1968 ultimum
3050 1932 3209 1985 usque
3244 1916 3509 1984 psalmum
3534 1932 3599 1971 ει.
3625 1919 3679 1971 in
3706 1917 3792 1970 ln-

533 2021 639 2058 cem
666 2004 901 2075 proferre
927 2003 1104 2058 liceret
1131 2020 1149 2056 :
1181 2005 1233 2057 in
1280 2003 1426 2058 nullo
1457 2005 1596 2058 enim
1631 2020 1696 2058 ex
1733 2006 2037 2059 memoratis
2066 2004 2333 2059 codicibus
2361 2004 2505 2058 ultra
2530 2019 2696 2059 cxvm
2745 2006 3008 2075 psalmum
3037 2007 3305 2077 quidpiam
3338 2008 3577 2077 offertur.
3610 2008 3793 2075 Quod-

531 2114 629 2169 que
656 2115 748 2169 per
779 2097 908 2151 mihi
934 2098 1126 2151 mirum
1167 2098 1333 2152 visum
1352 2105 1453 2161 est,
1490 2097 1700 2151 Catena:
1728 2097 1841 2151 illm
1864 2095 2036 2168 Regia:
2066 2095 2405 2169 (Parisiacw)
2434 2112 2550 2167 quae
2580 2113 2743 2166 usque
2772 2098 2840 2152 ad
2862 2113 3027 2153 cxvm
3056 2099 3318 2168 psalmum
3347 2102 3794 2171 interpretationi-

534 2193 630 2249 bus
673 2193 882 2248 Eusebii
904 2202 1147 2254 utuntur,
1184 2192 1260 2244 ita
1289 2200 1345 2244 ut
1369 2190 1546 2245 nullus
1572 2200 1797 2245 veterum
1827 2192 2166 2259 interpretum
2197 2189 2328 2244 adeo
2356 2190 2712 2260 frequentatus
2750 2201 3015 2254 occurrat,
3044 2193 3095 2245 in
3120 2207 3286 2249 cxvm
3314 2194 3519 2262 psalmo
3540 2197 3617 2249 ita
3636 2197 3794 2266 ﬁnem

532 2290 734 2359 faciunt
766 2288 1049 2343 Eusebium
1072 2289 1125 2341 in
1160 2286 1387 2341 medium
1415 2287 1693 2355 afferendi,
1720 2296 1777 2340 ut
1808 2304 1870 2341 ne
1892 2288 2100 2340 verbum
2118 2284 2325 2355 quidem
2358 2286 2578 2340 ulterius
2604 2284 2817 2341 Eusebii
2836 2298 3156 2355 compareat.
3183 2287 3329 2343 Unde
3343 2290 3636 2360 conjectare
3660 2292 3795 2361 forte

534 2384 709 2449 liceat,
735 2402 767 2439 a
787 2384 967 2438 multis
975 2385 1091 2453 jam
1118 2384 1328 2439 sceculis
1353 2382 1569 2438 Eusebii
1584 2380 2002 2437 Commentarios
2018 2382 2116 2434 hac
2132 2374 2418 2450 posteriore
2442 2381 2686 2449 suiparte
2706 2389 2975 2435 truncatos
2993 2381 3331 2437 librariorum
3354 2384 3558 2438 incuria
3574 2385 3753 2454 fuisse.
3770 2403 3789 2435 ι

533 2476 603 2530 Et
632 2478 839 2550 quidem
879 2476 1312 2547 Montfauconius
1364 2485 1500 2530 recte
1540 2492 1633 2529 nos
1682 2489 1875 2541 monet,
1909 2472 2195 2528 Eusebium
2235 2473 2291 2527 in
2325 2482 2491 2527 totum
2526 2489 2706 2541 reapse
2753 2472 3075 2528 Psalterium
3108 2476 3401 2545 scripsisse,
3438 2486 3564 2530 teste
3604 2476 3798 2532 Hiero-

534 2572 689 2641 nymo
726 2569 801 2625 De
833 2571 1021 2639 script.
1048 2570 1210 2632 eccl.,
1243 2583 1362 2637 cap.
1391 2568 1451 2621 81
1481 2586 1494 2621 :
1526 2586 1546 2619 ‹
1588 2565 1847 2620 Eusebius
1883 2568 1937 2619 in
1963 2582 2027 2619 (ιι.
2051 2565 2283 2634 psalmos
2325 2564 2714 2619 eruditissimos
2748 2564 3167 2621 Commentarios
3202 2566 3386 2621 edidit.
3427 2587 3445 2620 ι
3484 2567 3553 2620 Et
3586 2569 3639 2621 in
3683 2570 3798 2637 epi-

532 2663 675 2718 stola
718 2662 805 2727 75,
837 2662 905 2717 ad
946 2663 1299 2733 Augustinum
1327 2678 1345 2715 :
1386 2678 1404 2712 ι
1445 2659 1688 2715 Psalmos
1733 2659 2065 2729 interpretati
2099 2668 2221 2713 sunt
2268 2658 2409 2723 apud
2453 2656 2663 2713 Gra'cos
2705 2661 2911 2721 primus
2942 2660 3214 2742 Origenes,
3249 2660 3509 2719 secundus
3540 2660 3797 2722 Eusebius

535 2754 902 2824 thsariensis,
947 2795 960 2811 .
1004 2798 1021 2812 .
1063 2796 1080 2812 .
1118 2755 1184 2811 de
1204 2756 1404 2830 integro
1433 2753 1775 2813 Psalmorum
1813 2774 2031 2828 corpore
2049 2752 2294 2816 dicimus.
2334 2779 2354 2813 ›

607 2871 709 2927 His
735 2890 828 2944 ego
869 2874 1010 2944 apud
1044 2873 1506 2943 Montfauconium
1544 2874 1721 2938 lectis,
1752 2884 1802 2929 et
1827 2892 1944 2930 cum
1987 2893 2051 2932 ne
2085 2877 2225 2947 apud
2279 2876 2523 2934 Corderii
2552 2879 2760 2949 quidem
2806 2879 3062 2935 Catenam
3108 2879 3395 2935 Eusebium
3448 2881 3654 2951 uspiam
3680 2893 3798 2950 post

534 2965 735 3020 dictum
784 2968 1064 3022 terminum
1115 2967 1327 3021 laudari
1355 2968 1602 3031 viderem,
1634 2968 1852 3038 quwsivi
1879 2968 2062 3023 sedulo
2095 2971 2150 3024 in
2189 2970 2461 3027 Vaticanis
2501 2973 2770 3027 codicibus
2801 2975 3037 3046 nunquid
3067 2974 3201 3045 forte
3241 2974 3452 3039 lateret,
3487 2973 3627 3045 quod
3653 2974 3800 3029 ultra

536 3061 845 3131 prwdictam
871 3063 984 3131 ejus
1011 3061 1291 3117 editionem
1325 3070 1643 3116 excurreret.
1689 3061 1761 3116 Et
1787 3064 2022 3117 continui
2053 3065 2263 3134 quidem
2292 3068 2679 3129 commentarii,
2706 3066 2881 3138 qualis
2919 3066 3058 3138 apud
3085 3067 3544 3138 Montfauconium
3570 3076 3668 3131 est,
3693 3076 3798 3121 tres

536 3154 644 3209 vidi
669 3154 870 3210 codices
909 3154 1209 3218 Vaticanos,
1249 3172 1471 3227 quorum
1502 3165 1677 3209 tamen
1724 3154 1903 3210 nullus
1936 3157 2080 3235 ultra
2115 3158 2380 3229 psalmum
2419 3174 2551 3225 cm,
2595 3171 2787 3229 praeter
2828 3162 3129 3233 interjectas
3168 3162 3409 3227 lacunas,
3461 3160 3796 3231 procedebat.

540 3250 682 3322 Ergo
711 3252 780 3305 ad
809 3250 1039 3306 Catenas
1084 3249 1371 3307 Yaticanas
1412 3267 1717 3316 conversus,
1750 3250 1805 3304 in
1832 3251 2019 3321 quibus
2052 3251 2265 3307 Eusebii
2295 3252 2569 3307 abundant
2595 3244 2864 3324 excerpta,
2896 3256 2951 3308 in
2991 3255 3249 3326 plerisque
3277 3255 3453 3325 utique
3493 3254 3679 3325 agnovi
3708 3251 3808 3308 de‘

538 3348 693 3417 ﬁcere
730 3333 941 3401 omnino
980 3345 1265 3400 Eusebium
1302 3355 1419 3416 post
1453 3345 1713 3415 psalmum
1746 3360 1937 3407 cxvut,
1970 3361 2086 3415 qute
2115 3363 2196 3400 res
2237 3345 2779 3416 cumMontfauconii
2817 3347 2881 3401 de
2928 3334 3218 3402 Parisiacis
3250 3346 3462 3402 Catenis
3491 3346 3799 3399 narratione

537 3440 799 3509 congruit.
836 3439 938 3494 Sed
988 3448 1162 3492 tamen
1199 3437 1338 3509 quod
1366 3437 1485 3491 huic
1526 3436 1682 3504 docto
1725 3435 1916 3491 editori
1946 3454 2048 3491 non
2081 3436 2287 3508 obtigit,
2319 3449 2376 3491 ut
2422 3439 2567 3493 ultra
2605 3456 2725 3494 eum
2776 3440 3056 3499 terminum
3091 3437 3394 3509 pra'terrehi
3441 3447 3635 3507 posset,
3670 3437 3799 3490 mihi

539 3532 809 3588 commode
837 3550 898 3587 ac
943 3532 1165 3602 feliciter
1208 3531 1410 3586 obvenit
1438 3548 1456 3585 :
1486 3531 1674 3585 etenim
1704 3531 1841 3585 inter
1890 3540 1962 3583 tot
2006 3530 2315 3594 Vaticanus.
2356 3541 2459 3585 tres
2492 3532 2665 3586 inveni
2696 3530 2950 3597 Catenas,
2974 3533 3043 3585 'in
3079 3531 3267 3602 quibus
3305 3529 3519 3584 Eusebii
3552 3537 3801 3597 excerpta

542 3643 643 3680 non
667 3623 1043 3679 contemnenda
1077 3641 1239 3693 usque
1283 3625 1352 3678 ad
1381 3621 1637 3677 Psalterii
1668 3623 1822 3692 ﬁnem
1853 3621 2113 3693 leguntur.
2161 3622 2350 3689 Prima
2377 3633 2457 3678 est
2499 3634 2684 3678 catena
2713 3625 2994 3693 pervetusti
3032 3623 3350 3678 membranei
3374 3621 3592 3687 codicis,
3616 3622 3800 3676 steculi

541 3718 704 3788 ferme
726 3733 779 3771 ιι
804 3734 954 3789 quem
983 3717 1038 3771 in
1062 3715 1249 3786 Cyrilli
1273 3715 1500 3771 editione
1522 3715 1596 3787 (in
1621 3733 1724 3785 qua
1760 3714 2048 3769 Vaticanus
2072 3715 2140 3768 ad
2172 3716 2495 3770 Psalterium
2526 3714 2756 3771 Catenas
2788 3716 3065 3786 descripsi)
3097 3716 3365 3787 designavi
3388 3715 3568 3769 littera
3598 3713 3664 3768 D.
3701 3714 3799 3769 Se-

542 3814 716 3866 cunda
741 3821 818 3866 est
852 3810 1046 3866 codicis
1080 3813 1204 3865 item
1233 3810 1443 3881 egregii,
1477 3809 1790 3879 bombycini,
1815 3810 1996 3862 sazculi
2016 3810 2227 3864 circiter
2256 3824 2379 3874 xm,
2404 3827 2557 3881 quem
2586 3810 2830 3865 denotavi
2870 3811 3048 3864 littera
3086 3808 3149 3865 C.
3191 3809 3371 3863 Tertia
3403 3816 3481 3861 est
3505 3805 3701 3861 codicis
3729 3803 3796 3871 ϐ,

543 3904 827 3959 chartacei.
862 3903 1092 3973 Denique
1129 3903 1289 3957 etiam
1323 3903 1379 3956 in
1411 3900 1676 3955 codicibus
1705 3899 1753 3953 E
1774 3910 1821 3955 et
1854 3900 1919 3966 L,
1952 3902 2208 3956 nonnulla
2237 3900 2450 3957 Eusebii
2474 3913 2592 3973 post
2631 3918 2797 3958 cxvm
2828 3903 3091 3972 psalmum
3120 3901 3318 3957 scholia
3339 3910 3636 3970 supersunt.
3663 3897 3800 3964 Quae

544 4012 663 4048 cum
692 3997 768 4049 ita
799 4012 852 4050 se
879 3994 1145 4059 haberent,
1187 3993 1333 4049 nolui
1365 3993 1603 4065 equidem
1644 3993 1879 4047 oblatam
1920 3993 2227 4063 facultatem
2270 3995 2509 4050 omittere
2549 3996 2824 4065 supplendi
2852 3997 3131 4067 egregiam,
3160 4004 3415 4066 quantum
3462 3993 3589 4047 mihi
3617 3992 3791 4057 licuit,

544 4085 936 4156 Montfauconii
985 4087 1295 4155 editionem,
1327 4094 1377 4140 et
1413 4087 1459 4140 si
1489 4102 1591 4138 non
1614 4086 1875 4156 integrum
1917 4085 2127 4149 Eusebii
2150 4087 2621 4156 Commentarium,
2656 4090 2841 4143 saltem
2886 4090 3000 4159 ejus
3035 4098 3277 4156 excerpta
3315 4098 3365 4143 et
3396 4086 3647 4153 reliquias
3678 4094 3798 4139 stu-

542 4181 688 4235 diose
715 4198 742 4235 e
773 4179 1037 4235 codicibus
1060 4189 1318 4250 sumptas,
1350 4178 1641 4234 Latinitate
1671 4179 1852 4245 etiam,
1886 4181 2186 4235 imminente
2216 4182 2382 4251 prelo,
2419 4199 2450 4235 a
2485 4198 2563 4236 me
2592 4182 2841 4244 donatas,
2878 4181 2946 4236 ad
2971 4180 3219 4235 Ecclesia:
3250 4195 3406 4235 usum
3425 4176 3723 4249 perducere.

615 4294 782 4349 Porro
814 4294 955 4348 haud
992 4297 1297 4349 continuum
1325 4294 1459 4349 hunc
1480 4311 1591 4350 esse
1619 4294 2089 4359 Commentarium,
2115 4297 2233 4366 jam
2262 4296 2398 4368 dixi,
2436 4299 2559 4368 quia
2601 4298 2811 4351 nonnisi
2846 4314 2873 4351 e
2900 4298 3097 4351 catenis
3130 4305 3401 4364 excerptas
3423 4310 3455 4347 a
3486 4292 3633 4347 nobis
3670 4291 3798 4359 fuit.

544 4386 685 4450 Quid
711 4388 866 4442 vero?
898 4384 1086 4440 Nonne
1108 4395 1157 4440 et
1185 4386 1468 4441 Athanasii
1495 4387 1549 4440 in
1580 4385 1848 4452 Psalmos,
1885 4404 2056 4441 nonne
2079 4389 2237 4441 etiam
2273 4367 2583 4443 Theodoreti
2616 4391 2669 4442 in
2716 4388 2919 4444 Isaiam
2943 4389 3225 4458 deperdita’
3251 4387 3619 4458 expositiones,
3653 4384 3801 4450 prio-

543 4478 620 4531 ris
644 4476 850 4547 quidem
877 4495 909 4531 a
950 4476 1376 4548 Montfauconio,
1416 4479 1724 4548 posterioris
1760 4496 1792 4533 a
1820 4478 2105 4535 Sirmondo
2126 4497 2153 4535 e
2182 4478 2396 4537 Catenis
2428 4484 2791 4539 tantummodo
2825 4484 3071 4539 delibata:
3096 4484 3351 4553 fuerunt?
3381 4481 3448 4535 Et
3480 4479 3685 4552 quidem
3700 4478 3801 4548 ju-

540 4570 719 4624 dicare
744 4586 800 4625 se
833 4570 963 4625 dicit
992 4569 1330 4635 Sirmondus,
1365 4570 1651 4627 medullam
1678 4572 1821 4627 haud
1859 4572 2014 4627 dubie
2042 4590 2354 4645 succumque
2385 4575 2634 4646 cujusque
2653 4578 2833 4646 scripti
2854 4578 3109 4631 contineri
3140 4577 3191 4630 in
3221 4574 3434 4631 Catenis
3459 4573 3646 4627 solere.
3680 4569 3803 4625 Etsi

541 4673 716 4718 autem
747 4664 855 4719 Itwc
889 4663 1101 4718 Eusebii
1129 4664 1335 4719 scholia
1365 4666 1419 4720 in
1440 4666 1700 4735 plerisque
1735 4667 1956 4735 psalmis
1988 4668 2229 4721 tenuiora
2268 4677 2413 4733 sunt,
2446 4678 2683 4722 attamen
2711 4670 2764 4722 in
2803 4669 3002 4739 aliquot
3027 4669 3102 4721 ita
3140 4666 3431 4729 abundant,
3472 4673 3529 4716 ut
3552 4678 3710 4732 prope
3733 4680 3805 4718 ex

542 4760 744 4828 inteqro
784 4772 934 4826 opere
981 4773 1250 4828 superesse
1275 4756 1570 4822 videantur,
1613 4761 1659 4812 si
1680 4767 1816 4813 certe
1844 4760 2042 4828 partim
2087 4760 2417 4828 psalmorum
2464 4760 2813 4831 quorumdam
2866 4743 3188 4823 brevitatem,
3228 4761 3423 4828 partim
3474 4757 3803 4812 scholiorum

541 4850 748 4919 copiam
768 4856 1078 4918 spectemus,
1102 4847 1259 4902 veluti
1288 4848 1357 4901 ad
1395 4848 1627 4919 psalmos
1646 4865 1807 4915 cxxv,
1834 4864 2040 4914 cxxvu,
2069 4865 2276 4917 cum,
2306 4867 2525 4917 cxxxlv,
2544 4868 2638 4916 CL,‘
2668 4863 2715 4906 et
2747 4853 2815 4906 ad
2842 4868 2999 4920 CXLV,
3032 4868 3179 4916 cux,
3213 4867 3337 4907 cu.
3365 4850 3613 4905 lamvero
3655 4850 3801 4903 theo-

543 4942 740 5012 logicus
764 4943 818 4996 in
845 4941 945 4996 hac
972 4958 1107 4995 nova
1127 4939 1342 4995 Eusebii
1365 4951 1517 5010 parte
1555 4946 1618 4996 de
1655 4941 1856 4997 Christi
1876 4942 2152 4997 divinitate
2183 4960 2364 4998 sensus
2396 4961 2558 4999 sanus
2593 4944 3016 5016 orthodoxusque
3046 4945 3235 5014 ubique
3255 4954 3352 5008 est,
3380 4942 3596 4999 moralis
3622 4951 3802 4994 autem

540 5043 589 5090 et
623 5034 934 5090 doctrinalis
975 5035 1126 5091 valde
1149 5037 1265 5105 pius
1302 5046 1352 5089 et
1380 5036 1550 5103 utilis,
1573 5035 1637 5090 de
1666 5046 1801 5091 recte
1834 5035 2035 5107 agenda
2068 5038 2196 5102 vita,
2231 5037 2296 5090 de
2328 5037 2520 5091 orandi
2556 5055 2676 5102 usu,
2720 5038 2785 5093 de
2827 5039 3020 5092 anima:
3058 5038 3479 5101 immortalitate,
3521 5035 3585 5088 de
3613 5034 3801 5103 futura

541 5129 670 5193 vita,
703 5128 767 5182 de
792 5128 1157 5183 haereticorum
1203 5128 1618 5198 reprehensione,
1652 5136 1758 5184 etc.
1793 5128 1875 5183 Ad
1903 5146 2114 5183 sacram
2147 5130 2379 5183 criticem
2407 5138 2455 5183 et
2504 5130 2849 5200 philologiam
2879 5128 3017 5200 quod
3067 5129 3275 5194 attinet,
3311 5127 3495 5182 laudat
3536 5124 3800 5180 Eusebius

542 5237 646 5273 non
683 5219 841 5274 semel
871 5220 1135 5290 Aquilam,
1167 5221 1359 5289 stepius
1400 5220 1792 5291 Symmachum,
1823 5219 2132 5290 quandoque
2164 5223 2324 5275 etiam
2353 5220 2781 5285 Theodotionem,
2817 5221 3163 5291 Septuaginta
3194 5219 3529 5288 Interpretes,
3557 5218 3802 5287 quintam

542 5313 841 5377 editionem,
868 5322 917 5367 et
956 5315 1128 5368 varios
1155 5313 1417 5369 interdum
1441 5312 1663 5378 codices,
1688 5313 1905 5385 denique
1938 5312 2279 5368 llebrworum
2304 5323 2504 5367 textum
2547 5323 2701 5384 atque
2731 5314 3050 5368 idiotismos.
3083 5313 3262 5379 Quare
3288 5322 3337 5366 et
3370 5327 3502 5365 nova
3526 5307 3802 5375 hexapla-

544 5405 689 5460 ribus
717 5405 1057 5461 varietatibus
1090 5407 1317 5462 accessio
1348 5406 1467 5460 hinc
1492 5407 1609 5477 ﬁeri
1632 5405 1905 5460 videbitur.
1939 5405 2021 5459 Ad
2043 5406 2307 5475 psalmum
2337 5420 2559 5483 cxxxlv,
2593 5408 2828 5476 loquitur
2871 5407 3063 5459 diserte
3097 5402 3353 5458 Eusebius
3385 5402 3448 5456 de
3468 5400 3799 5455 ethnicorum

543 5514 642 5551 sua
680 5507 836 5552 wtate
885 5499 1236 5564 conversione,
1269 5515 1398 5571 quos
1444 5515 1645 5570 reapse,
1680 5500 1949 5569 regnantis
1981 5499 2314 5569 potissimum
2344 5500 2582 5568 exemplo
2622 5498 2981 5562 Constantini,
3025 5496 3282 5564 plurimos
3334 5494 3400 5548 ad
3436 5492 3801 5549 Christianam

547 5591 703 5661 ﬁdem
725 5594 1006 5649 accessisse
1025 5594 1238 5647 scimus.
1267 5592 1656 5664 Qualiscunque
1694 5592 1900 5648 demum
1930 5594 1999 5648 sit
2034 5592 2221 5647 horum
2253 5592 2573 5648 scholiorum
2606 5608 2753 5658 usus,
2799 5604 2936 5646 certe
2973 5601 3080 5645 tam
3118 5591 3277 5661 prisci
3307 5581 3541 5656 clariq'ue
3568 5585 3800 5639 hominis

545 5683 707 5739 nulla
737 5702 770 5738 a
803 5701 883 5738 me
906 5684 1369 5756 prtctermittendte
1398 5685 1632 5756 reliquitc
1669 5694 1843 5741 erant.

2134 5818 2213 5848 .l"
