4020 6372
263 343 323 400 εὸ
1343 333 1771 390 COMMENTAR

1872 333 1949 406 ,ιΝ
1989 332 2332 391 PSALMOS.
3409 337 3475 387 ιδ

269 489 3443 530 W

789 665 1556 826 EUSEBII
1617 597 2903 824 CZESARIENS'IS

955 952 1869 1048 COMMENTARIA
1943 953 2066 1041 IN
2151 951 2717 1044 PSALMOS.

245 1261 512 1322 EL’SEBH
545 1260 640 1314 IN
667 1260 1125 1318 PSALMORUM
1158 1257 1777 1317 INSCRIPTIONES.
1811 1266 1854 1321 Α

301 1332 750 1390 ΙΝΤΕΒΡΗΕΤΑ
763 1332 891 1387 ΤΙΟ
927 1332 1399 1398 QUARUMDAM
1433 1329 1778 1388 COMPEN-

295 1405 397 1462 DL!
431 1403 638 1460 MORE
667 1401 1107 1458 DESCRIPTA.
1505 1417 1508 1420 '

289 1523 491 1578 Centum
515 1525 566 1572 et
605 1518 1003 1590 quinquaginta
1037 1519 1229 1589 psalmi
1257 1526 1385 1575 sunt
1420 1527 1509 1574 :et
1527 1534 1658 1575 sane
1688 1535 1780 1575 sa-

235 1633 308 1671 cer
345 1625 418 1670 est
465 1612 979 1684 quinquagenarius
1037 1627 1334 1676 numerus,
1371 1613 1467 1666 illo
1511 1613 1781 1683 siquidem

233 1711 410 1763 dierum
441 1707 724 1760 curriculo
747 1706 1058 1762 instituitur
1087 1705 1435 1772 Pentecoste,
1461 1721 1525 1761 ac
1550 1705 1780 1762 totidem

231 1815 460 1857 annorum
483 1815 721 1856 numero
749 1800 1034 1863 Jubilzeus,
1069 1807 1130 1854 ut
1155 1809 1355 1855 vocant
1385 1799 1616 1866 Hebraei,
1639 1799 1782 1854 cele-

231 1895 408 1948 bratur.
445 1892 618 1948 Nabla
658 1893 804 1963 apud
851 1892 1108 1948 Hebraeos
1147 1901 1376 1948 vocatur
1416 1891 1779 1963 psalterium;

227 1985 348 2056 quod
377 2001 438 2040 ex
483 1985 722 2040 musicis
756 1984 1142 2039 instrumentis
1193 1983 1370 2038 solum
1411 1981 1780 2038 rectissimum

225 2087 310 2138 est.
331 2093 494 2147 neque
515 2077 584 2131 ab
623 2077 828 2132 inﬁmis
860 2077 1110 2148 partibus
1137 2075 1205 2129 ad
1239 2089 1434 2130 sonum
1467 2073 1780 2138 adhibetur,

225 2169 302 2224 sed
329 2185 355 2223 a
389 2170 646 2239 supernis
675 2169 895 2224 sonanti
937 2184 1042 2223 aere
1076 2169 1393 2222 instruitur.
1433 2166 1638 2222 Psalmi
1685 2169 1784 2221 ita-

223 2279 310 2332 que
341 2271 590 2317 vocantur
616 2271 895 2332 quotquot
929 2263 1044 2317 sola
1073 2263 1569 2318 instrumentorum
1591 2262 1783 2332 pulsa-

225 2355 519 2418 tione,nullis
537 2355 798 2410 admistis
813 2356 1061 2419 vocibus,
1069 2355 1476 2426 persolvuntur.
1491 2354 1782 2410 Canticum

222 2445 392 2500 dicitur
413 2447 554 2516 quod
576 2449 742 2502 suavi
773 2447 1140 2517 aequabilique
1167 2461 1302 2502 voce
1333 2448 1584 2514 canitur;
1609 2449 1784 2503 canti-

1883 1250 2256 1308 ΕΥΣΕΒΙΟΥ
2294 1249 2416 1302 ΕΙΣ
2465 1249 2598 1300 ΤΑΣ
2642 1245 3054 1298 ΕΠῘΓΡΑΦΑΣ
3100 1244 3238 1296 ΤΩΝ
3283 1245 3463 1298 ΨΑΛ-

1939 1327 1998 1377 Μ
1999 1323 2114 1377 ΩΝ.
2165 1319 2546 1374 ΕΡΜΗΝΕΙΛ
2587 1317 2807 1370 ΤΙΝΩΝ
2835 1315 2996 1368 ΚΑΤ
3025 1312 3426 1368 ΕΠΙΤΟΜΗΝ.

1967 1542 2190 1597 Ἑκατὸν
2225 1539 2560 1608 πεντήκοντα
2589 1533 2945 1603 τυγχάνουσιν
2977 1533 3026 1584 οἱ
3055 1531 3279 1602 ψαλμοὶ,
3314 1529 3463 1602 ίεροῦ

1881 1637 1976 1691 τοῦ
2015 1643 2057 1688 ν’
2089 1633 2448 1703 τυγχάνοντος
2488 1626 2746 1698 ἀριθμοῦ⁸
2795 1627 2853 1676 ἐν
2898 1623 2996 1694 μὲν
3027 1624 3262 1695 ἡμέραις
3295 1623 3462 1676 ποιῶν

1883 1731 1982 1800 τὴν
2015 1721 2418 1797 Πεντηκοστὴν,
2445 1721 2502 1773 ἐν
2531 1719 2587 1772 δὲ
2619 1719 2882 1778 ἐνιαυτοῖς
2913 1717 3004 1768 τὸν
3031 1718 3160 1786 παρ’
3193 1716 3462 1789 Ἑϐραίοις

1883 1819 2212 1891 καλούμενον
2229 1815 2402 1886 Ἰωήλ.
2427 1811 2614 1865 Νάϐλα
2642 1810 2698 1862 δὲ
2719 1809 2846 1880 παρ’
2865 1807 3129 1876 Ἑϐραίοις
3157 1808 3372 1877 λέγεται
3401 1807 3462 1860 τὸ

1883 1911 2198 1982 ψαλτήριον,
2218 1909 2246 1961 ὃ
2261 1907 2323 1978 δὴ
2345 1905 2500 1976 μόνον
2517 1901 2625 1955 τῶν
2656 1897 2933 1972 μουσικῶν
2967 1899 3214 1970 ὀργάνων
3235 1897 3460 1970 ὀρθότα-

1883 2021 1994 2068 τον,
2015 2003 2110 2056 καὶ
2135 2001 2209 2073 μὴ
2236 1999 2664 2073 συνεργούμενον
2699 1997 2778 2057 εἰς
2795 1990 2926 2064 ἦχον
2950 1995 3014 2046 ἐκ
3043 1993 3150 2044 τῶν
3167 1990 3463 2045 κατωτάτω

1888 2093 2087 2168 μερῶν,
2137 2093 2252 2146 ἀλλ’
2297 2091 2502 2145 ἄνωθεν
2547 2089 2690 2160 ἔχειν
2735 2087 2826 2139 τὸν
2879 2083 3191 2156 ὑπηχοῦντα
3240 2082 3456 2154 χαλκόν.

1883 2187 2105 2258 Ψαλμοὶ
2127 2187 2224 2256 μὲν
2247 2179 2337 2238 οὖν
2358 2185 2406 2237 οἱ
2431 2183 2516 2236 διὰ
2541 2182 2706 2253 μόνον
2723 2179 2816 2232 τοῦ
2835 2177 3065 2250 ὀργάνου
3088 2175 3255 2246 χωρὶς
3278 2174 3462 2244 φωνῆς

1883 2277 2328 2348 ἀνακρουόμενοι·
2361 2273 2472 2345 ᾠδὴ
2511 2271 2568 2324 δὲ
2607 2272 2656 2324 οἱ
2683 2269 2772 2322 διὰ
2803 2269 2984 2338 φωνῆς
3023 2262 3313 2336 ἐμμελοῦς·
3347 2261 3462 2332 ᾠδὴ

1884 2369 1940 2421 δέ
1972 2366 2184 2438 ψαλμοῦ
2221 2365 2282 2418 τὸ
2313 2363 2390 2434 τῷ
2426 2361 2642 2434 ὀργάνῳ
2675 2360 2962 2430 σύμφωνον
2996 2357 3222 2426 ἐπάγειν
3251 2355 3453 2426 φωνήν·

1884 2459 2094 2531 ψαλμὺς
2127 2458 2184 2511 δὲ
2217 2457 2358 2528 ᾠδῆς
2403 2454 2694 2518 ἀνάπαλιν,
2741 2449 3159 2526 προηγουμένης
3199 2449 3299 2519 τῆς
3349 2448 3458 2500 τῶν

219 2549 322 2590 cum
343 2537 547 2606 psalmi,
570 2537 732 2608 quod
765 2551 874 2592 una
915 2553 1041 2591 cum
1074 2538 1462 2594 instrumentis
1499 2553 1771 2594 consonas

1887 2550 2245 2626 κρουσμάτων
2287 2549 2488 2620 φωνῆς.
2547 2543 2899 2615 ’Δλληγορίας
2937 2543 2994 2596 δὲ
3036 2542 3204 2613 νόμῳ,
3245 2539 3456 2610 ψαλμδς

222 2628 596 2685 admittitvoces
615 2647 639 2696 ;
663 2630 912 2699 psalmus
930 2631 1132 2694 cantici
1149 2646 1394 2695 rursum,
1417 2646 1543 2686 cum
1569 2631 1771 2686 instru-

1883 2614 1978 2715 μέν
2005 2614 2254 2712 σώματος
2274 2614 2486 2709 ιίίνησις
2509 2614 2822 2706 ἐναρμόνιος
2843 2635 2922 2696 εἰς
2940 2631 3201 2702 ἐργασίαν
3225 2629 3458 2700 ἀγαθὴν,

222 2725 488 2773 mentorum
523 2720 878 2774 musicorum
909 2735 1080 2776 sonus
1106 2722 1336 2778 vocibus
1355 2723 1530 2792 praeit.
1563 2722 1620 2777 Si
1651 2724 1779 2777 alle-

219 2809 372 2879 gorice
393 2827 477 2867 res
507 2811 848 2882 accipiatur,
873 2813 1120 2883 psalmus
1151 2825 1236 2869 est
1257 2815 1562 2871 concinnus
1587 2830 1777 2886 corpo-

219 2901 280 2954 ris
317 2909 482 2958 motus
519 2903 591 2957 ad
647 2918 786 2974 opus
813 2905 1018 2960 bonum
1068 2905 1516 2976 exsequendum,
1557 2907 1776 2962 etiamsi

220 2995 562 3065 contemplatio
621 3010 804 3066 parva
856 2997 1245 3067 subsequatur.
1299 2998 1588 3053 Canticum
1621 2999 1775 3054 nullo

219 3102 351 3156 opere
371 3089 676 3145 admisturn
709 3097 796 3144 est
827 3089 1080 3146 veritatis
1116 3091 1566 3161 comprehensio,
1591 3100 1774 3149 mente

217 3179 270 3232 ad
295 3177 374 3234 Dei
389 3180 617 3250 ejusque
653 3195 971 3236 sermonum
993 3182 1513 3252 contemplationem
1537 3183 1775 3240 illustra-

219 3279 278 3323 ta.
304 3270 576 3326 Canticum
637 3271 845 3341 psalmi
889 3271 1094 3328 dicitur
1143 3288 1267 3327 cum
1309 3274 1550 3344 cognitio
1588 3286 1772 3330 actum

221 3364 464 3429 praecedit,
523 3363 690 3432 juxta
738 3363 872 3416 illud
914 3382 928 3418 :
975 3362 1360 3433 Concupiscens
1415 3368 1768 3437 sapientiam,

219 3469 338 3506 serra
377 3453 656 3519 mandata,
704 3465 758 3508 et
803 3454 1062 3510 Dominus
1107 3457 1357 3526 praebebit
1402 3460 1552 3513 illam
1596 3461 1691 3515 tibi
1726 3463 1765 3519 ί.

215 3539 426 3598 Psalmus
441 3545 644 3598 cantici
671 3551 764 3599 est
791 3552 950 3601 actus
977 3546 1214 3602 ducente
1231 3549 1540 3619 cognitione
1565 3551 1768 3608 admis-

217 3647 308 3696 sus,
345 3635 567 3692 docente
601 3637 824 3692 scilicet
853 3653 963 3708 quo
997 3648 1158 3709 pacto
1192 3655 1370 3710 quove
1399 3641 1645 3714 tempore
1696 3647 1768 3701 sit

216 3725 444 3793 agendum
483 3745 496 3780 :
531 3736 880 3798 quapropter
923 3729 980 3782 in
1023 3729 1382 3801 inscriptione
1428 3735 1767 3804 psalmorum

215 3829 294 3868 τοι
323 3816 547 3872 canticis
575 3815 782 3887 praeit;
813 3830 924 3870 non
955 3817 1100 3887 enim
1134 3831 1164 3870 a
1190 3821 1648 3890 contemplatione
1681 3822 1768 3877 \ir

212 3916 398 3962 sanctus
436 3909 698 3972 orditur,
733 3909 828 3963 sed
873 3907 978 3964 ﬁde
1021 3911 1247 3965 omnino
1277 3910 1344 3964 ad
1393 3927 1558 3982 opera
1602 3930 1763 3970 exsc-

1877 2737 1982 2791 κᾶν
2024 2735 2096 2806 μὴ
2122 2734 2262 2787 πάνυ
2299 2751 2382 2796 τις
2407 2729 2742 2800 ἐπακολουθῇ
2786 2725 3003 2798 θεωρία·
3041 2725 3150 2796 ᾠδὴ
3190 2723 3246 2775 δέ
3286 2721 3456 2792 χωρὶς

1877 2826 2129 2900 πράξεως
2172 2823 2430 2896 ἀληθείας
2476 2820 2800 2890 κατάληψις,
2851 2816 3232 2887 φωτιζομένης
3275 2813 3455 2885 ψυχῆς

1875 2919 2006 2991 περὶ
2037 2918 2170 2971 Θεοῦ
2212 2918 2304 2971 καὶ
2345 2913 2453 2968 τῶν
2493 2913 2688 2982 λογίων
2720 2909 2905 2965 αὐτοῦ.
2969 2909 3086 2980 ᾩδὴ
3121 2907 3176 2960 δὲ
3213 2903 3456 2976 ψαλμοῦ,

1875 3009 2222 3083 προαγούσης
2245 3005 2496 3079 πράξεως
2512 3003 2784 3074 γνώσεως-
2801 2999 2941 3054 κατὰ
2953 2999 3030 3051 τό·
3051 2993 3454 3083 Ἐπιθυμήσοις

1873 3082 2092 3169 σοφίας
2124 3097 2491 3165 ὄιατήρησοφ⁸
2515 3092 2786 3157 ἐντολὰς,
2818 3090 2916 3142 καὶ
2955 3089 3169 3156 Κύριος
3193 3082 3453 3155 χορηγή-

1872 3207 1966 3247 σει
1997 3207 2096 3246 σοι
2123 3193 2336 3260 αὐτήν.
2357 3188 2586 3259 Ψαλμὸς
2605 3187 2660 3240 δὲ
2681 3185 2824 3256 ᾠδῆς
2848 3183 3044 3254 πρᾶξις
3068 3181 3172 3234 ὑπὸ
3197 3175 3453 3248 γνώσεως

1870 3285 2232 3356 ὁδηγουμὲνη,
2267 3283 2394 3354 περὶ
2420 3279 2514 3334 τοῦ
2535 3279 2651 3342 πῶς
2672 3279 2764 3330 καὶ
2785 3277 2916 3329 πότε
2937 3275 3226 3345 πρακτέον·
3256 3275 3335 3328 διὸ
3359 3275 3452 3327 καὶ

1871 3373 2086 3446 πρῶται
2116 3374 2224 3427 τῶν
2253 3371 2483 3444 ψαλμῶν
2509 3372 2564 3424 αἱ
2592 3367 2912 3440 ἐπιγραφαί·
2950 3367 3008 3419 οὐ
3044 3366 3150 3437 γὰρ
3181 3365 3288 3419 ἀπὸ
3317 3365 3452 3418 θεω-

1873 3465 1994 3539 ρίας
2019 3466 2046 3517 ὁ
2074 3465 2226 3533 ἆγιος
2245 3463 2491 3533 ἄρχεται,
2517 3459 2631 3513 ἀλλ’
2659 3458 2803 3512 ἆπαν
2839 3456 3019 3508 πίστει
3041 3459 3161 3517 ταῖς
3188 3453 3450 3525 πράξεσιν

1870 3535 2166 3626 ἐπιτρέχει.
2213 3553 2336 3605 Ἐπὶ
2363 3552 2418 3604 δὲ
2445 3549 2523 3621 τῷ
2552 3547 2693 3601 τέλει
2725 3535 2915 3599 πολλαὶ
2941 3546 2997 3596 αἱ
3022 3542 3172 3614 ᾠδαίο
3198 3544 3290 3595 καὶ
3313 3543 3448 3594 ὅπου

1868 3643 2194 3714 ἀναϐαθμοὶ,
2229 3639 2462 3712 οὐδαμοῦ
2502 3637 2735 3708 ψαλμὺς,
2765 3635 2888 3690 οὔτε
2923 3635 3042 3689 καθ’
3067 3635 3279 3697 ἑαυτὸν,
3322 3631 3444 3686 οὔτε

1872 3737 1989 3806 μετ’
2021 3734 2342 3804 ἐπιπλοκῆς.
2386 3731 2531 3803 ᾮδαὶ
2567 3729 2622 3782 δὲ
2652 3729 2829 3782 πάντα
2868 3727 2988 3780 καθ’
3025 3727 3241 3788 ἑαυτάς·
3269 3727 3302 3797 ἡ
3337 3725 3452 3794 γὰρ

1867 3828 2128 3890 ἀνάϐασις
2153 3827 2290 3898 πρὸς
2316 3825 2481 3895 μόνην
2503 3824 2603 3894 ὁρᾷ
2623 3821 2874 3891 θεωρίαν.
2897 3818 3186 3889 Διάψαλμα
3215 3817 3272 3870 δὲ
3295 3817 3450 3888 παρὰ
3521 3826 3530 3836 ’

1871 3921 1968 3991 μὲν
2013 3919 2214 3989 Ἀκύλᾳ
2247 3918 2341 3970 καὶ
2369 3915 2448 3988 τῷ
2484 3912 2758 3987 Ἐϐραῖκῷ
2785 3912 2846 3964 οὐ
2883 3913 3078 3964 κεῖται·
3111 3910 3232 3964 ἀντὶ
3263 3910 3320 3962 δὲ
3347 3909 3446 3962 αὐ-

211 3998 388 4064 quenda
413 4001 612 4054 currit.
653 3999 776 4055 Sub
805 3997 964 4054 ﬁnem
1007 4002 1178 4056 multa
1217 4003 1431 4058 cantica
1474 4015 1623 4064 sunt.
1661 4007 1764 4063 Ubi
1793 3995 1834 4050 C
1869 4011 1961 4065 τοῦ
1987 4012 2048 4064 τὸ
2069 4013 2182 4065 ἀεί.

212 4101 358 4146 autem
386 4096 588 4166 gradus
617 4095 899 4151 habent“?
921 4113 1194 4166 ηυείιυειπι
1229 4099 1474 4168 Psalmis
1500 4141 1514 4164 ς
1546 4118 1722 4173 neque
1762 4121 1857 4176 per
1899 4123 1957 4162 se
1983 4109 2154 4170 solus,
2193 4121 2368 4176 neque
2413 4103 2518 4156 alia
2565 4099 2822 4168 adjuncta
2882 4113 3016 4154 voce
3079 4096 3436 4152 inscribitur:

211 4187 364 4242 εθάὶὺὶ
385 4193 604 4246 cantica
629 4191 814 4245 solum
840 4200 1220 4261 apponuntur;
1243 4209 1370 4247 nam
1425 4197 1519 4250 ubi
1577 4213 1842 4259 ascensus
1879 4203 2143 4274 graduum
2171 4208 2274 4264 est,
2311 4199 2385 4254 ibi
2418 4199 2534 4252 sola
2565 4195 2950 4264 contemplatio
2981 4200 3277 4264 spectatur.
3313 4191 3440 4244 Dia-

213 4283 384 4348 psalma
410 4299 579 4353 porro
603 4284 758 4356 apud
791 4283 1044 4353 Aquilam
1067 4293 1121 4339 et
1151 4285 1206 4339 in
1235 4285 1504 4344 llebraico
1531 4307 1642 4346 non
1664 4303 1842 4350 exstat
1868 4315 1880 4351 :
1908 4297 2004 4353 sed
2039 4295 2161 4366 ejus
2187 4295 2332 4360 loco,
2367 4307 2567 4360 semper
2602 4289 2918 4346 ascribitur.

319 4412 852 4469 ARGUMENTUM
883 4413 1196 4472 EUSEBII
1221 4417 1616 4478 ΡἉΜΡΙΙΙΙΛ.

263 4523 394 4580 Libri
432 4527 794 4585 Psalmorum
845 4531 1036 4586 isthaac
1075 4533 1274 4589 divisio
1309 4535 1494 4602 fuerit,
1525 4545 1584 4593 ut
1632 4556 1758 4595 cum

208 4617 302 4687 ipsa
331 4625 678 4680 accuratiora
700 4627 1058 4696 exemplaria,
1091 4637 1206 4683 tum
1241 4628 1542 4688 Hebraicus
1577 4637 1758 4690 textus

205 4713 584 4773 circumferunt.
615 4717 812 4789 Neque
839 4709 991 4788 vero,
1023 4730 1082 4776 ut
1104 4723 1228 4792 quis
1255 4723 1394 4778 forte
1411 4725 1759 4784 existimave—

205 4805 278 4870 rit,
301 4823 480 4866 omnes
509 4813 722 4882 psalmi
767 4820 898 4868 sunt
943 4811 1165 4868 Davidis
1183 4831 1200 4880 ;
1233 4814 1328 4869 sed
1359 4816 1588 4870 aliorum
1618 4833 1758 4887 quo-

205 4912 290 4966 que
315 4904 734 4973 prophetarum,
757 4906 850 4974 qui
885 4906 1168 4974 psallendo
1189 4907 1506 4978 prophetica
1533 4911 1755 4963 oracula

203 4989 418 5050 edebant.
445 4995 632 5062 Quare
657 4998 808 5067 apud
839 4997 1389 5064 l-lebrazos,universa
1419 5003 1754 5072 psalmorum

203 5084 458 5153 scriptura,
489 5104 606 5144 non
641 5088 871 5145 Davidis
892 5089 996 5145 fert
1018 5091 1450 5161 inscriptionem,
1480 5093 1574 5148 sed
1605 5093 1759 5148 inde-

206 5173 328 5231 ﬁnite
377 5179 513 5235 liber
553 5181 913 5238 Psalmorum
959 5192 1210 5238 vocatur.
1258 5181 1316 5236 ln
1359 5193 1544 5254 partes
1589 5199 1758 5254 porro

205 5267 410 5340 quinque
437 5271 662 5328 Hebraei
693 5273 896 5328 librum
919 5273 1262 5332 Psalmorum
1282 5277 1550 5332 dividunt.
1575 5275 1758 5332 Prima

205 5374 308 5426 pars
333 5379 360 5416 a
381 5366 562 5434 primo
593 5367 670 5420 ad
707 5367 1188 5437 quadragesimum
1217 5369 1488 5439 psalmum
1516 5369 1758 5438 comple-

205 5451 368 5520 ctitur;
407 5457 686 5520 secunda,
717 5471 746 5509 a
773 5457 1190 5528 quadragesimo
1218 5461 1395 5529 primo
1435 5457 1503 5512 ad
1533 5449 1754 5527 septua-

207 5545 432 5610 gesimum
457 5549 800 5618 secundum;
823 5552 982 5606 tertia
1012 5567 1042 5605 a
1085 5553 1488 5623 septuagesimo
1513 5550 1753 5607 secundo

209 5634 262 5690 ad
293 5641 690 5713 octogesimum
736 5653 1022 5714 octavum;
1052 5654 1246 5717 quarta
1266 5685 1281 5713 ,
1320 5647 1389 5702 ab
1417 5643 1754 5717 octbgesimo

263 5815 280 5850 ⁸
311 5817 472 5876 Eccli.
505 5837 559 5888 ι,
595 5820 696 5876 53.

1966 4429 2330 4482 ΥΠΟΘΕΣΙΣ
2361 4423 2743 4478 ΕΥΣΕΒῙΟΥ
2777 4421 2920 4474 ἹὊΥ
2941 4419 3342 4474 ΠΛΜΦΙΛΟΥ.

1937 4539 2047 4610 Τῆς
2072 4537 2252 4609 βίϐλου
2279 4537 2386 4590 τῶν
2407 4533 2653 4605 Ψαλμῶν
2669 4533 2764 4604 ἥδε
2793 4531 2858 4585 ἂν
2887 4531 2976 4602 εἴη
3000 4533 3032 4600 ἡ
3053 4529 3337 4601 διαίρεσις,
3359 4524 3436 4587 ὡς

1863 4631 1932 4684 τὰ
1967 4629 2312 4702 ἀκριϐῆιτῶν
2357 4625 2705 4698 ἀντιγράφων
2754 4622 2885 4674 αύτό
2927 4639 2986 4674 τε
3032 4621 3090 4673 τὸ
3149 4615 3438 4702 Ἑϐραῖκὺν

1865 4701 2128 4793 περιέχει.
2169 4721 2281 4790 Οὐχ
2310 4719 2385 4782 ὡς
2421 4717 2486 4771 ἄν
2523 4733 2606 4778 τις
2651 4713 2910 4766 ὑπολάϐοι
2950 4711 3148 4772 πάντες
3190 4708 3296 4760 εἰσὶ
3342 4701 3438 4757 τοῦ

1863 4794 2026 4870 Δαυῗδ
2055 4816 2104 4867 οἱ
2140 4811 2364 4882 ψαλμοὶ,
2407 4809 2544 4862 ἀλλὰ
2581 4811 2674 4862 καὶ
2713 4807 2915 4876 ἐτέρων
2950 4799 3242 4874 προφητῶν
3273 4800 3330 4850 ἐν
3357 4794 3436 4862 τῷ

1860 4907 2080 4977 ψάλλειν
2105 4903 2576 4977 προφητευόντων.
2606 4901 2804 4971 Διόπερ
2828 4901 2864 4968 ἡ
2897 4897 3046 4948 πᾶσα
3077 4889 3262 4964 γραφὴ
3303 4887 3432 4957 παρ’

1873 4997 2142 5070 Ἑϐραίοις
2171 4996 2276 5048 τῶν
2308 4992 2540 5068 ψαλμῶν,
2563 4993 2622 5046 οὐ
2656 4991 2752 5044 τοῦ
2783 4987 2946 5042 Δαυῒδ
2978 4984 3289 5056 ἐπιγράφει·
3321 4979 3435 5032 ἀλλ’

1859 5087 2177 5159 ἀδιορίστως
2201 5084 2380 5155 βίϐλος
2407 5083 2637 5154 ψαλμῶν
2679 5079 3023 5150 ὀνομάζεται.
3055 5076 3150 5136 Εἰς
3183 5071 3343 5126 πέντε
3377 5071 3436 5123 δὲ

1861 5179 2004 5252 μέρη
2029 5177 2128 5248 τὴν
2149 5178 2329 5230 πᾶσαν
2349 5175 2456 5230 τῶν
2475 5172 2719 5244 Ψαλμῶν
2751 5169 2928 5240 βίϐλον
2947 5166 3133 5227 παῖδες
3171 5161 3438 5233 Ἐϐραίων

1857 5271 2143 5343 διαιροῦσι·
2182 5268 2398 5340 πρῶτον
2439 5269 2518 5330 εἰς
2549 5269 2674 5328 τοὺς
2705 5263 2812 5316 ἀπὸ
2865 5267 2912 5314 α’
2952 5258 3110 5330 μέχρι
3147 5263 3217 5326 μ’·
3254 5254 3435 5306 δεύτε-

1863 5381 1954 5436 ρον
1982 5365 2061 5427 είς
2089 5364 2214 5426 τοὺς
2246 5363 2353 5416 ἀπὸ
2385 5368 2472 5432 μα’
2508 5359 2698 5430 μέχρις
2724 5355 2821 5408 οϐ’·
2859 5351 3043 5424 τρίτον
3077 5353 3156 5414 εἰς
3179 5349 3304 5411 τοὺς
3324 5345 3438 5400 ἀπὸ

1858 5463 1938 5526 07'-
1963 5449 2158 5528 ¹μέχρις
2189 5461 2300 5525 πη¹·
2325 5452 2583 5522 τέταρτον
2612 5449 2690 5510 είς
2712 5447 2837 5508 τοὺς
2863 5443 2970 5498 ἀπὸ
2999 5443 3085 5496 πθ¹
3114 5441 3304 5513 μέχρις

1859 5548 2110 5619 πέμπτον
2151 5547 2230 5609 εἰς
2253 5545 2376 5607 τοὺς
2407 5542 2514 5596 ἀπὸ
2557 5545 2642 5610 ρς¹
2676 5537 2836 5608 μέχρι
2862 5535 3066 5598 τέλους.
3109 5531 3432 5602 Ἀνεπίγρα-

1860 5658 1949 5712 φοι
1979 5639 2036 5694 δέ
2059 5640 2164 5694 εἱσι
2187 5635 2392 5711 ψαλμοὶ
2410 5632 2495 5702 ιϐ’,
2517 5627 2987 5701 ἐπιγεγραμμένοι
3010 5626 3144 5701 ρλοι’.
3171 5623 3289 5680 Τῶν
3311 5625 3434 5676 ἐπι-
