4020 6372
310 348 364 404 π,
1365 326 1868 385 COMMENTARIA
1902 332 1968 386 IN
2008 330 2342 388 PSALMOS.
3437 328 3504 386 74

307 463 475 531 στήσας
500 457 657 528 αὐτὴν
681 458 760 519 είς
787 452 1158 525 Ἰερουσαλὴμ,
1191 454 1500 523 ἐπιλέγεται
1520 455 1584 508 ὲκ
1610 455 1707 526 τῆς
1740 472 1821 523 φυι

1944 450 2280 522 reposuisset
2301 450 2470 515 illam,
2500 466 2563 506 ex
2596 448 2739 504 tribu
2774 446 2903 504 Levi
2948 449 3279 519 psalmorum
3320 460 3508 505 canto~

300 553 380 621 λῆς
400 547 517 602 Λευῒ
534 547 716 618 κλήρῳ
738 545 1047 616 ψαλτῳδοὺς
1071 545 1337 616 ἄρχοντας
1357 545 1511 615 ᾠδῶν
1544 546 1832 617 τέσσαρας,

296 641 373 696 τοῦ
400 639 598 709 ψάλλειν
630 639 727 691 καὶ
768 637 914 709 ᾄδειν
942 635 1170 689 ἐνώπιον
1214 637 1310 707 τῆς
1352 636 1582 689 κιϐωτοῦ
1609 636 1685 707 τῷ
1724 640 1835 690 Κυ-

300 735 398 806 ρίῳ,
443 733 526 786 καὶ
556 729 849 801 ἀναφέρειν
882 728 1062 799 φωνὴν
1094 729 1433 800 εὐφροσύνης
1464 731 1544 793 είς
1588 729 1836 800 ἐξομολό-

295 842 428 895 γησιν
449 822 532 876 καὶ
553 822 755 876 αἴνεσιν
776 824 834 874 ἐν
856 822 1103 892 ὀργάνοις
1120 822 1506 892 ἡρμοσμένοις,
1534 822 1625 876 καὶ
1647 822 1831 893 ᾠδαῖς,

295 918 370 969 καὶ
394 915 640 985 κινὺραις,
670 914 764 968 καλ⁵
801 916 1044 980 νάϐλαις,
1079 919 1170 969 καὶ
1214 916 1534 986 τυμπάνοις,
1571 915 1662 969 καὶ
1695 932 1834 986 κυμ-

294 1009 465 1071 ϐάλοις,
506 1007 597 1059 καὶ
647 1007 950 1078 ψαλτηρίῳ,
1003 1010 1097 1061 καὶ
1158 1008 1439 1079 κερατίνη,
1492 1008 1582 1061 τὸν
1639 1008 1830 1076 Ἀσὸιφ,

292 1099 457 1168 Αίμάν,
502 1098 688 1162 Αίθάν,
745 1096 1012 1170 Ἰδιθοὺμ·
1044 1094 1141 1163 οἷς·
1166 1096 1397 1169 ἀριθμὸς
1439 1095 1593 1169 ᾠδῶν
1646 1100 1832 1153 ἐπετέ-

290 1205 447 1251 τακτο,
472 1190 700 1259 ᾀδόντων
738 1190 1028 1244 διακοσίων
1067 1190 1394 1263 ὀγδοήκοντα
1422 1191 1584 1255 ὀκτὼ,
1621 1192 1833 1261 ἑκάστῳ

292 1280 624 1350 ἐϐδομήκοντα
670 1280 785 1346 δύο,
812 1285 874 1335 ὲκ
907 1282 1000 1335 τοῦ
1038 1282 1168 1353 Χὰμ
1198 1281 1298 1346 λϐ’,
1332 1282 1426 1335 τοῦ
1466 1283 1585 1354 Σὴμ
1613 1282 1711 1344 κε’,
1738 1282 1832 1336 τοῦ

301 1371 450 1440 Ἰάφεθ
485 1378 558 1424 ιε’.
591 1373 824 1438 Οἴτινες,
861 1374 1092 1437 ἑστῶτες
1124 1373 1430 1446 ἔμπροσθεν
1467 1374 1568 1443 τῆς
1601 1374 1832 1428 κιϐωτοῦ

288 1463 524 1535 Διαθήκης
572 1467 806 1536 Κυρίου.
857 1466 1081 1536 ἔψαλλον
1122 1467 1216 1521 καὶ
1246 1464 1375 1540 ᾖδον
1414 1467 1493 1538 τῷ
1525 1467 1738 1537 Κυρίῳο
1775 1465 1834 1532 ὃς

290 1556 371 1624 μὲν
397 1557 447 1609 ἐν
474 1556 686 1628 κινύρα,
711 1558 769 1622 ὃς
811 1558 867 1612 δὲ
898 1561 955 1612 ἐν
982 1560 1300 1631 κυμϐάλοις,
1342 1560 1399 1624 ὃς
1432 1560 1488 1613 δὲ
1520 1561 1577 1613 ὲν
1609 1559 1830 1632 κιθάρᾳ,

282 1649 333 1709 ὃς
369 1647 416 1699 δὲ
455 1649 509 1701 ὲν
552 1647 875 1721 ψαλτηρίῳ’
912 1643 986 1704 ὧν
1039 1650 1201 1722 μέσος
1240 1651 1424 1704 ἵστατο
1475 1651 1504 1703 ὁ
1565 1650 1834 1722 μακάριος

282 1737 433 1802 Austri,
455 1741 611 1804 αὑτὸς
636 1742 822 1812 ἄρχων
847 1742 1125 1814 ἀρχόντων
1164 1742 1336 1815 ᾠδῶν,
1368 1742 1584 1814 κρατῶν
1608 1743 1701 1795 ἐπὶ
1722 1742 1834 1814 χεῖ-

1940 560 2029 599 res
2051 551 2313 615 quatuor,
2352 543 2691 597 canticorum
2723 541 3018 611 principes,
3052 540 3153 595 sibi
3187 550 3333 599 sorte
3361 540 3505 596 dele-

1938 636 2052 707 git;
2097 643 2156 689 ut
2189 636 2245 689 in
2292 642 2589 703 conspectu
2644 647 2785 687 areas
2841 632 3072 687 Domino
3130 632 3421 702 psallerent
3455 642 3508 689 et

1936 733 2246 790 cantarent,
2292 740 2588 795 vocemque
2637 724 2857 788 laetitiae,
2917 725 2972 780 in
3022 725 3421 781 confessionem
3452 732 3506 780 et

1938 819 2154 874 laudem
2189 818 2569 872 instrumentis
2610 817 2901 873 concinnis
2958 816 3284 888 proferrent,
3332 816 3507 872 canti-

1936 911 2040 976 cis,
2078 911 2303 981 eyniris,
2351 910 2548 975 nablis,
2581 912 2875 982 tympanis,
2904 911 3190 981 cymbalis,
3225 909 3504 980 psalterio,

1934 1010 1992 1058 et
2025 1002 2156 1057 tuba
2203 1018 2437 1068 cornea;
2469 1002 2721 1058 videlicet
2771 1002 2975 1071 Asapb,
3016 1001 3236 1067 Alman,
3278 1001 3507 1064 Ethan,

1937 1093 2194 1158 ldithum,
2227 1094 2387 1165 queis
2421 1102 2609 1150 certus
2640 1095 2981 1149 canticorum
3011 1109 3270 1150 numerus
3302 1094 3509 1148 consti-

1937 1199 2089 1246 tutus
2124 1201 2241 1246 erat
2263 1208 2277 1257 ;
2312 1190 2587 1260 deputatis
2612 1188 2931 1244 cantoribus
2955 1188 3205 1243 ducentis
3229 1188 3505 1258 octoginta

1936 1292 2110 1348 octo;
2186 1283 2417 1352 singulis
2489 1282 2747 1337 nimirum
2809 1279 3150 1350 septuaginta
3221 1279 3349 1334 duo.
3427 1277 3504 1332 Ex

1933 1373 2143 1429 Chamo
2212 1375 2325 1429 sive
2386 1373 2576 1427 Chami
2639 1373 2896 1443 progenie
2954 1372 3177 1442 triginta
3237 1370 3381 1438 duo;
3439 1384 3504 1425 ex

1938 1468 2103 1522 Semo
2134 1467 2326 1537 viginti
2360 1468 2637 1538 quinque;
2671 1482 2735 1521 ex
2771 1465 3000 1537 Japheto
3032 1463 3366 1535 quindecim.
3399 1462 3505 1531 Qui

1935 1569 2144 1616 stantes
2175 1574 2359 1614 coram
2402 1575 2529 1613 arca
2560 1560 2874 1614 testamenti
2905 1558 3143 1623 Domini,
3182 1556 3504 1626 psallebant,

1933 1654 2312 1722 canebantque
2358 1650 2617 1716 Domino;
2670 1651 2762 1705 alii
2815 1650 3025 1721 cinyra,
3076 1649 3169 1703 alii
3217 1648 3503 1719 cymbalis,

1935 1744 2159 1815 quidam
2193 1743 2427 1805 cithara,
2454 1740 2619 1810 aliqui
2646 1739 2905 1811 psalterio
2938 1758 2950 1793 :
2986 1738 3040 1793 in
3061 1752 3294 1808 quorum
3327 1736 3505 1791 medio

282 1849 367 1902 p1;
407 1833 461 1886 τὸ
506 1834 825 1905 ψαλτήριον.
860 1837 1127 1901 Ἕκαστος
1182 1837 1239 1890 δὲ
1283 1834 1410 1910 ᾖδεν
1461 1836 1556 1890 καὶ
1605 1836 1821 1905 ἔψαλλεν

1936 1836 2273 1891 consistebat
2303 1833 2494 1898 David,
2531 1835 2648 1903 ipse
2678 1830 2932 1902 princeps
2982 1829 3286 1899 principum
3332 1826 3508 1882 canti-

280 1921 434 1989 ὑμνῶν
455 1922 539 1975 τὸν
569 1924 706 1977 Θεὸν
733 1925 872 1996 ἁγίῳ
904 1926 1177 1998 Πνεὺματι
1216 1927 1581 1997 τεταγμένως.
1640 1927 1827 1980 Ἠνίκα

276 2012 427 2066 τοίνυν
446 2015 669 2087 ἐσκίρτα
694 2016 754 2070 τὸ
775 2017 999 2089 Πνεῦμα
1020 2018 1111 2073 ὲπί
1132 2036 1253 2073 τινα
1279 2019 1386 2072 τῶν
1415 2020 1689 2089 ἀρχόντων
1715 2020 1825 2073 τῶν

274 2106 552 2178 ψαλτῳδῶν,
576 2113 626 2163 oi
652 2112 832 2166 λοιποὶ
881 2113 1109 2184 ἡσυχίαν
1148 2109 1284 2183 ἦγον
1341 2112 1689 2183 παρεστῶτες
1732 2112 1828 2166 καὶ

274 2195 604 2264 ὑπακούοντες
623 2201 701 2271 (1)
721 2205 1026 2272 συμφώνως
1040 2202 1118 2273 τῷ
1138 2201 1413 2271 ψάλλοντι,
1444 2200 1825 2269 Ἀλληλούϊα.

1934 1943 2148 1993 eorum,
2184 1943 2348 1981 manu
2383 1936 2626 1981 tractans
2648 1923 2986 1996 psalterium.
3022 1920 3233 1994 Singuli
3262 1935 3394 1976 vero
3415 1934 3507 1974 ca-

1934 2020 2136 2075 hebant
2167 2026 2222 2075 et
2254 2018 2581 2089 psallebant,
2622 2016 2839 2089 hymnis
2875 2014 3043 2070 Deum
3067 2014 3355 2073 concinne,
3382 2009 3507 2081 Spi-

1933 2113 2042 2167 ritu
2078 2122 2268 2167 sancto
2290 2112 2447 2175 moti,
2490 2111 2848 2166 celebrantes.
2873 2108 3009 2163 Cum
3051 2107 3233 2176 itaque
3266 2104 3504 2175 Spiritus

1939 2205 1995 2258 in
2025 2204 2336 2274 quempiam
2361 2202 2669 2274 principum
2701 2208 2987 2256 cantorum
3036 2199 3289 2261 insiliret,
3321 2197 3503 2251 caeteri

272 2297 427 2362 quiete
464 2299 696 2366 agebant
733 2306 978 2354 astantes
1023 2315 1087 2353 ae
1119 2315 1252 2367 voce
1283 2314 1527 2354 consona
1562 2300 1817 2369 psallenti
1854 2300 2273 2371 respondentes,
2314 2299 2569 2353 Alleluia.

339 2387 419 2439 Ἐν
456 2391 515 2459 τῇ
556 2389 825 2460 Ἐϐραῖκῇ
860 2389 1025 2462 βίϐλῳ
1058 2392 1166 2443 τῶν
1192 2391 1421 2462 ψαλμῶν
1455 2392 1583 2446 ἄνευ
1608 2392 1704 2463 τῆς
1734 2390 1829 2445 τοῦ

2006 2393 2065 2446 In
2104 2389 2374 2446 liebraico
2404 2390 2744 2445 Psalmorum
2770 2388 2929 2451 libro,
2960 2386 3356 2457 psalmiomnes
3383 2382 3504 2439 sine

271 2477 475 2550 ἀριθμοῦ
504 2483 825 2553 προσθήκης
854 2484 1238 2555 ἀνεγράφησαν
1270 2483 1317 2538 οἱ
1352 2484 1551 2548 πάντες
1589 2483 1681 2537 καὶ
1708 2484 1821 2537 δια-

1926 2482 2147 2538 mlmeri
2176 2480 2453 2535 additione
2484 2480 2635 2535 varie
2665 2479 2915 2548 inscripti
2951 2486 3099 2533 sunt.
3133 2476 3198 2530 Et
3221 2483 3350 2532 sunt
3380 2476 3502 2545 qui-

269 2570 441 2641 φόρως.
491 2575 551 2625 Οἱ
591 2572 697 2643 μέν
734 2577 839 2627 είσι
891 2574 1247 2646 συνημμένοι,
1295 2577 1343 2629 οἱ
1385 2576 1441 2629 δὲ
1484 2573 1822 2648 διῃρημένοι.

278 2658 465 2729 Ἀμέλει
496 2663 523 2714 ὁ
552 2662 654 2731 μὲν
688 2663 907 2735 πρῶτος
936 2657 1303 2736 καὶίδεὺτερος
1350 2665 1685 2736 συνημμένοι
1718 2663 1824 2717 εἰσὶ

268 2751 388 2804 κατὰ
414 2753 469 2804 τὺ
510 2754 801 2824 Ἐϐραῖκόν
820 2769 833 2785 ο
871 2756 965 2808 καὶ
996 2755 1155 2809 πάλιν
1180 2758 1208 2808 ό
1241 2756 1447 2820 ἔνατος,
1481 2754 1822 2827 συνημμένος

266 2842 377 2911 παρ’
402 2843 542 2912 ἡμῖν,
589 2845 652 2896 ἐν
677 2842 754 2914 τῷ
795 2844 1069 2916 Ἐϐραῖκῷ
1099 2845 1348 2917 διῄρηται
1381 2849 1461 2909 είς
1503 2842 1612 2900 δύο.
1646 2848 1823 2919 Παρα-

264 2934 497 3004 τηρητέον
526 2936 605 3000 δὲ,
652 2938 735 2989 ὅτι
774 2937 849 3007 μὴ
884 2937 1025 2990 κατὰ
1054 2938 1371 2992 ἀκολουθίαν
1413 2939 1521 2991 τῶν
1545 2939 1644 3008 τῆς
1680 2940 1821 2992 ίστο-

267 3025 599 3101 ρίεςγρόνων
633 3033 669 3101 ἡ
705 3028 814 3084 τῶν
846 3029 1075 3101 ψαλμῶν
1118 3029 1397 3098 σύγκειται
1442 3031 1623 3096 τάξις·
1661 3032 1818 3102 ἐνήλ-

262 3120 428 3175 λακται
448 3125 501 3176 δὲ
524 3125 684 3195 παρὰ
710 3124 867 3187 πολὺ,
903 3122 1084 3187 καθὼς
1112 3124 1144 3195 ἡ
1171 3122 1351 3193 βίϐλος
1372 3124 1479 3177 τῶν
1500 3125 1816 3190 Βασιλειῶν,

264 3213 339 3264 καὶ
367 3213 554 3285 αὑτηή
605 3214 763 3279 τάξις
793 3213 959 3285 δηλοῖ.
994 3214 1203 3284 Πολλῆς
1252 3215 1430 3267 τοίνυν
1478 3233 1821 3287 κατακρατη-

266 3302 409 3373 πάσης
456 3304 904 3375 εἰδωλολατρείας
951 3302 1044 3358 τοῦ
1088 3304 1353 3358 Ἰουδαίων
1407 3305 1609 3368 ἔθνους,
1653 3305 1820 3376 λήθην

262 3397 430 3461 αὑτούς
475 3416 609 3467 φασι
666 3398 996 3468 πεποιῆσθαι
1025 3399 1133 3451 τῶν
1179 3399 1421 3470 πατρίων
1467 3399 1714 3470 γραφῶν,
1746 3402 1821 3463 ὠς

263 3488 375 3558 μηδὲ
419 3490 509 3542 τοῦ
543 3490 829 3552 Μωῢσέως
863 3486 1025 3559 νόμου
1055 3488 1233 3559 βίϐλον
1275 3490 1649 3561 ἐπιφέρεσθαι,
1687 3491 1818 3561 μηδὲ

262 3581 455 3650 μνήμην
474 3581 570 3651 τῆς
596 3580 711 3632 τῶν
734 3581 985 3647 πατέρων
1009 3578 1287 3643 εὐσεϐείας
1315 3579 1639 3645 ἀποσώζειν.
1664 3579 1820 3633 Οὕτω

258 3670 367 3737 γοῦν
390 3674 508 3735 τοὺς
544 3673 834 3744 προφήτας
859 3670 1088 3741 ἀνῄρουν
1124 3670 1495 3741 διελέγχοντας
1520 3671 1697 3725 αὐτῶν
1721 3671 1820 3734 τὰς

256 3762 564 3827 δυσσεϐείας.
616 3764 757 3816 Οὐδὲ
790 3764 884 3816 νῦν
926 3763 1236 3833 θαυμαστὸν
1280 3765 1337 3815 ὲν
1384 3763 1607 3835 τοιαύτῃ
1649 3780 1817 3816 κατα-

256 3853 419 3907 στάσει
452 3855 664 3924 καιρῶν
700 3854 928 3908 καὶτῶν
963 3854 1347 3926 ἐμφερομένων
1374 3855 1525 3917 τινὰς
1556 3857 1619 3925 τῇ
1655 3854 1820 3925 βίϐλῳ

252 3948 344 3999 τῶν
364 3948 593 4019 ψαλμῶν
621 3949 1084 4011 διαπεπτωκέναι,
1120 3948 1260 4020 λήθῃ
1292 3966 1349 4000 τε
1378 3950 1605 4019 μακροῖς
1639 3964 1816 4022 παρα-

251 4037 469 4093 δεδόσθαι
490 4042 901 4112 χρόνοις.“Ύστε
910 4058 998 4112 ρον
1012 4041 1068 4094 δὲ
1084 4041 1221 4111 μετά
1233 4040 1425 4104 ταῦτα,
1444 4040 1552 4093 εἴτε
1562 4040 1814 4111 Ἕσδραν,

251 4128 344 4182 εἴτε
389 4132 536 4195 τινας
569 4134 797 4203 ἑτέρους
828 4134 1132 4204 προφήτας,
1186 4135 1314 4206 περὶ
1352 4133 1451 4204 τὴν
1499 4132 1818 4204 συναγωγὴν

249 4220 408 4274 αὑτῶν
432 4224 854 4287 ἐσπουδακέναι,
880 4224 1000 4294 μεθ’
1026 4217 1099 4277 ὧν
1123 4225 1217 4277 καὶ
1231 4225 1328 4296 τὴν
1351 4225 1527 4294 βίϐλον
1551 4225 1656 4278 τῶν
1681 4224 1817 4294 ψαλ-

252 4311 352 4379 μῶν
376 4313 659 4384 ἡγιοχέναι
709 4315 855 4383 (sic),
886 4315 987 4367 οὑκ
1032 4313 1243 4386 ἀθρόως
1273 4314 1499 4386 εὑρόντα
1528 4317 1656 4380 τοὺς
1683 4316 1817 4369 πάν-

248 4416 349 4467 τας,
382 4407 513 4460 ἀλλὰ
538 4406 684 4461 κατὰ
708 4407 993 4478 διαφόρους
1024 4408 1267 4477 χρόνους.
1299 4406 1407 4460 Καὶ
1440 4408 1649 4461 τάττειν
1674 4408 1730 4460 δὲ
1758 4409 1817 4460 ὲν

1930 2577 2053 2632 dem
2084 2577 2174 2631 alii
2207 2576 2509 2647 conjuncti,
2536 2576 2627 2629 alii
2658 2590 2787 2629 vero
2815 2573 2996 2629 divisi.
3034 2572 3177 2627 Sane
3207 2572 3419 2642 primus
3448 2580 3503 2625 et

1931 2672 2204 2727 secundus
2233 2670 2388 2740 juxta
2415 2668 2742 2723 Hebraicum
2773 2667 3101 2737 copulantur
3126 2685 3140 2720 :
3168 2680 3345 2720 nonus
3367 2679 3502 2718 con-

1928 2772 2013 2818 tra
2038 2764 2130 2833 qui
2166 2762 2308 2833 apud
2340 2778 2441 2817 nos
2472 2759 2804 2829 conjunctus
2838 2765 2941 2821 est,
2974 2757 3028 2811 in
3053 2757 3193 2813 duos
3214 2755 3356 2827 apud
3385 2753 3498 2811 He-

1927 2856 2172 2911 braieum
2209 2862 2417 2908 textum
2458 2853 2826 2908 distribuitur.
2869 2848 3283 2905 Observandum
3316 2854 3497 2902 autem

1927 2952 2033 3010 est,
2070 2961 2182 2999 non
2214 2943 2281 2998 ad
2312 2943 2508 2998 seriem
2534 2943 2778 2997 historia:
2810 2950 3141 3010 temporum,
3162 2939 3497 3009 psalmorUm

1926 3038 2177 3093 ordinem
2198 3036 2558 3091 constitutum
2591 3049 2711 3089 esse
2738 3050 2748 3086 :
2789 3032 3057 3101 siquidem
3097 3031 3327 3085 multum
3348 3044 3501 3082 com-

1927 3136 2187 3190 mutatur,
2213 3128 2292 3182 uti
2316 3125 2629 3197 Regnorum
2654 3125 2792 3180 liber
2823 3139 2887 3177 ae
2914 3123 2995 3178 vel
3017 3123 3133 3193 ipse
3161 3123 3295 3176 ordo
3323 3120 3499 3175 decla-

1924 3226 2029 3273 rat.
2060 3217 2196 3272 Cum
2228 3218 2413 3284 itaque
2440 3214 2611 3268 multo
2642 3212 2967 3268 idololatrias
3015 3226 3212 3281 genere
3234 3208 3497 3265 Judaicus

1925 3310 2159 3379 populus
2191 3309 2547 3371 detineretur,
2582 3306 2774 3361 dicunt
2807 3320 2871 3360 eo
2899 3319 3073 3373 usque
3095 3303 3401 3365 devenisse,
3435 3307 3497 3354 ut

1924 3404 2131 3473 patrias
2161 3402 2463 3473 scripturas
2514 3417 2544 3456 e
2592 3399 2856 3455 memoria
2895 3398 3298 3459 oblitterarent,
3336 3397 3410 3449 ita
3437 3401 3497 3448 ut

1924 3509 2098 3564 neque
2124 3493 2375 3548 Mosaicae
2406 3492 2541 3562 legis
2570 3491 2707 3545 liber
2757 3489 2899 3543 ultra
2930 3488 3288 3557 reperiretur,
3315 3500 3493 3553 neque

1923 3591 2162 3653 paternae
2187 3582 2403 3651 pietatis
2430 3579 2749 3635 memoriam
2772 3582 3182 3631 conservarent.
3204 3573 3494 3627 Enimvero

1923 3674 2218 3744 prophetas
2270 3672 2614 3741 impietatem
2669 3684 2825 3724 suam
2865 3672 3231 3737 eoarguentes
3284 3663 3494 3717 interfi-

1921 3765 2158 3819 eiebant.
2190 3761 2334 3817 Nihil
2385 3763 2567 3831 itaque
2608 3761 2809 3814 mirum
2843 3768 2927 3814 est
2955 3758 3009 3811 in
3052 3756 3145 3809 tali
3183 3767 3491 3825 temporum

1921 3855 2255 3919 conditione,
2274 3854 2514 3923 psalmos
2532 3852 2740 3921 aliquot
2766 3850 2896 3905 olim
2917 3849 2971 3901 in
2995 3847 3335 3901 Psalmorum
3354 3846 3492 3901 libro

1920 3953 2296 4011 occurrentes,
2332 3946 2493 4015 longo
2528 3957 2800 3998 annorum
2842 3940 3119 3994 curriculo
3150 3938 3361 3992 incuria
3392 3937 3493 3992 ob-

1922 4038 2195 4093 litteratos
2222 4036 2515 4097 excidisse.
2556 4034 2669 4089 Sub
2695 4034 2809 4088 haec
2842 4040 3024 4087 autem
3058 4032 3213 4084 aiunt
3244 4029 3359 4085 sive
3392 4031 3491 4083 Es-

1919 4131 2096 4193 dram,
2117 4130 2232 4185 sive
2255 4130 2392 4185 alios
2415 4128 2680 4199 quosdam
2700 4130 3015 4197 prophetas,
3034 4124 3182 4194 ipsos
3202 4122 3492 4192 colligendi

1918 4238 2107 4277 curam
2144 4222 2454 4291 suscepisse
2481 4260 2496 4285 ,
2538 4227 2835 4289 posteaque
2890 4215 3232 4271 Psalmorum
3291 4214 3488 4268 librum

1918 4328 2295 4379 consecrasse,
2331 4328 2433 4367 nec
2455 4310 2742 4366 confertim
2778 4316 3027 4378 repertos
3072 4321 3262 4362 omnes
3296 4304 3489 4367 fuisse,

1919 4405 2014 4461 sed
2043 4404 2278 4468 diversis
2309 4404 2670 4474 temporibus.
2714 4400 2929 4457 Primos
2974 4408 3155 4454 autem
3187 4398 3491 4453 collocasse

248 4494 463 4566 πρώτοις
486 4500 617 4561 τοὺς
639 4495 891 4567 πρώτους
923 4497 1370 4569 εὑρισκομένους’
1407 4496 1540 4569 μηδὲ
1568 4499 1694 4562 τοὺς
1719 4499 1813 4551 τοῦ

1926 4514 2013 4554 eos
2040 4498 2131 4567 qui
2162 4497 2327 4567 primi
2360 4496 2564 4550 inventi
2603 4495 2819 4549 fuerant
2858 4512 2872 4556 ;
2928 4493 3168 4562 hincque
3196 4490 3398 4545 factum
3431 4498 3492 4542 ut

247 4585 388 4641 Δαυῖδ
418 4588 621 4660 ἑφεξῆς
654 4587 868 4642 κεῖσθαι
910 4589 1117 4654 πάντας
1137 4606 1150 4619 ·
1181 4589 1239 4644 έν
1277 4607 1338 4643 τε
1367 4587 1446 4661 τῷ
1479 4588 1679 4661 μεταξὺ
1719 4592 1814 4644 καὶ

1926 4590 1953 4644 li
1985 4592 2138 4660 quia
2169 4587 2373 4641 Davide
2423 4586 2719 4654 conscripti
2762 4591 2889 4642 sunt
2934 4598 3045 4637 non
3090 4585 3492 4651 consequenter

244 4674 338 4730 τῶν
364 4678 493 4733 υἱῶν
517 4678 693 4750 Κορὲ,
729 4679 824 4733 καὶ
852 4678 946 4733 τοῦ
985 4681 1176 4750 Ἀσὰφ,
1206 4682 1299 4734 καὶ
1318 4680 1677 4753 Σολομῶντος,
1720 4683 1815 4737 καὶ

1926 4685 2151 4749 iaceant,
2210 4680 2305 4737 sed
2342 4678 2611 4734 commisti
2644 4692 2767 4731 cum
2813 4676 2882 4732 iis
2927 4674 3021 4745 qui
3060 4673 3293 4728 ﬁliorum
3324 4671 3486 4733 Core,

243 4767 518 4835 Μωῦσέως,
536 4770 726 4841 Αίμάν
750 4788 831 4835 τε,
861 4771 956 4825 καὶ
981 4771 1169 4837 Αίθάν,
1192 4772 1289 4826 καὶ
1322 4773 1571 4845 ’Ῑδιθοὺμ,
1598 4777 1691 4829 καὶ
1712 4776 1814 4830 πά-

243 4858 313 4913 λιν
343 4862 433 4917 τοῦ
461 4852 1006 4936 Δαυτδεὺρίσγεσθαι
1034 4865 1234 4936 ἀναμὶξ
1258 4868 1314 4920 ὲν
1341 4867 1406 4938 τῇ
1448 4866 1614 4939 βίϐλῳ
1644 4885 1801 4923 κατα-

242 4957 616 5028 ῖεταγμένους,
671 4957 733 5009 οὑ
755 4954 875 5009 καθ’
907 4956 1001 5020 οὓς
1048 4956 1346 5027 ἐλέχθησαν
1390 4958 1631 5029 χρόνους,
1677 4960 1812 5013 ἀλλὰ

243 5046 346 5099 καθ’
368 5048 458 5111 οὓς
481 5048 769 5120 εὕρηνται.
798 5048 989 5102 Ἔνθεν
1008 5066 1065 5101 τε
1100 5048 1368 5120 συμϐῆναι
1402 5052 1525 5114 τοὺς
1546 5054 1660 5116 τοῖς
1686 5051 1808 5124 χρό-

242 5152 335 5203 ννις
353 5140 613 5212 ὑστέρους
640 5140 891 5209 πρώτους
916 5140 1255 5210 εὑρεθέντας,
1283 5140 1656 5211 ἀναληφθῆναι
1680 5161 1807 5214 προ-

238 5228 437 5301 τέρους·
470 5235 600 5297 τοὺς
634 5231 693 5284 δὲ
722 5232 1016 5303 προτέρους
1050 5232 1186 5301 μετά
1214 5230 1385 5286 ταῦτα
1409 5234 1728 5304 εὑρεθέντας
1747 5237 1806 5291 ὲν

236 5317 444 5395 δευτέρᾳ.
464 5324 709 5392 ταγῆναι
734 5322 889 5394 χώρᾳ
906 5339 919 5354 ·
948 5323 1009 5378 τὸ
1028 5321 1070 5376 δ’
1100 5324 1230 5377 αὐτὸ
1246 5321 1423 5397 εὕροις
1445 5324 1806 5397 γεγενημένον

239 5406 287 5460 ὲν
308 5414 410 5472 τοῖς
436 5413 770 5482 προφήταις.

297 5499 475 5554 Πάντα
498 5503 695 5572 ὥσπερ
728 5505 785 5555 ὲν
817 5503 1035 5572 μεγάλῳ
1068 5504 1174 5558 τινὶ
1201 5503 1295 5556 καὶ
1317 5504 1479 5574 κοινῷ
1499 5504 1709 5575 ταμείῳ
1733 5505 1799 5576 τῇ

241 5582 387 5661 βίϐλῳ
413 5594 525 5645 τῶν
550 5592 789 5663 ψαλμῶν
818 5592 1257 5665 τεθησαὺρισται.
1286 5594 1521 5647 Κάκεϊνο
1550 5594 1607 5647 δὲ
1642 5595 1808 5665 τηρή-

1912 4776 2142 4847 Asapbi,
2163 4771 2491 4838 Salomonis,
2511 4770 2734 4842 Moysis,
2754 4769 2976 4832 Eman,
2996 4765 3459 4829 [Etbaanithum
3473 4807 3486 4830 ,

1915 4882 2247 4937 rursumque
2272 4863 2496 4919 Davidis
2532 4862 2933 4924 inscribuntur,
2972 4873 3081 4917 non
3112 4857 3323 4910 ratione
3348 4860 3489 4908 tem-

1914 4960 2065 5031 poris
2092 4973 2202 5028 quo
2234 4957 2471 5027 primum
2500 4953 2631 5008 editi
2654 4961 2709 5008 et
2738 4950 3097 5022 pronuntiati,
3130 4946 3224 5004 sed
3256 4959 3365 5015 quo
3391 4944 3488 5000 de.

1919 5047 2174 5118 prehensi
2196 5052 2343 5102 sunt.
2374 5043 2622 5113 Hincque
2649 5042 2970 5112 contigisse,
3020 5047 3077 5093 ut
3117 5036 3211 5107 qui
3241 5043 3487 5104 tempore

1916 5139 2251 5211 posteriores
2274 5144 2452 5201 erant,
2486 5152 2610 5190 cum
2640 5134 2801 5203 primi
2824 5131 3024 5202 reperti
3056 5129 3282 5190 fuerint,
3322 5126 3484 5197 primi

1911 5229 2137 5300 repositi
2172 5230 2283 5283 sint
2310 5246 2323 5294 ;
2356 5242 2420 5281 ac
2444 5228 2564 5282 vice
2601 5239 2760 5281 versa
2778 5223 2871 5293 qui
2894 5221 3054 5293 primi
3085 5219 3324 5283 fuerant,
3355 5218 3485 5289 quia

1911 5326 2034 5390 post
2059 5319 2196 5372 alios
2226 5317 2534 5382 ermisunt,
2568 5314 2927 5385 posteriorem
2963 5311 3018 5364 in
3034 5310 3214 5364 locum
3229 5308 3486 5365 sinteon—

1910 5410 2083 5465 stituti
2104 5430 2115 5463 :
2135 5410 2282 5479 quod
2304 5409 2481 5478 ipsum
2506 5408 2560 5461 in
2576 5405 2853 5478 prophetis
2868 5403 3070 5459 factum
3087 5400 3481 5472 deprehendas.

1982 5503 2042 5555 In
2077 5501 2219 5555 libro
2247 5499 2587 5554 Psalmorum
2642 5497 2825 5550 omnia
2863 5510 2962 5549 ceu
2978 5494 3033 5547 in
3062 5507 3259 5563 magno
3285 5506 3351 5545 ae
3380 5505 3484 5560 pu-

1918 5595 2063 5650 blico
2093 5592 2358 5665 penuario
2377 5588 2656 5645 recondita
2683 5595 2830 5644 sunt.
2856 5585 3267 5643 Observandum
3299 5589 3483 5637 autem

297 5703 363 5782 (1)
402 5704 791 5782 ζζέῖααξούειν,
829 5706 883 5760 id
924 5714 1009 5782 est
1048 5704 1354 5782 respondere
1404 5707 1617 5763 :multa
1651 5706 1815 5778 hujus
1854 5709 2263 5782 signiﬁcationis
2316 5706 2557 5777 exempla
2600 5704 2882 5761 attulimus
2936 5704 2993 5759 in
3025 5704 3262 5760 editione
3313 5698 3480 5755 Atha-

239 5775 381 5829 nasii.
403 5774 544 5829 Vide
591 5776 653 5828 in
684 5774 1032 5831 Onomastico
1062 5776 1282 5831 ibidem.

461 5872 747 5929 ΡΑτιιοι.
779 5871 894 5931 Gn.
946 5870 1182 5935 XXIII.

3233 5859 3270 5918 3
