4020 6372
436 327 506 383 75
1167 314 1435 373 EUSEBII
1472 313 1949 371 CAESARIENSIS
1979 314 2128 371 OPP.
2158 314 2341 370 PARS
2376 314 2466 371 111.
2496 343 2567 357 ο-
2603 314 3015 372 EXEGETICA.
3609 332 3674 385 τδ

432 453 519 499 est
550 444 745 499 librum
794 446 1127 513 psalmorum
1161 454 1286 516 post
1318 444 1517 515 Moysis
1568 446 1763 515 legem,
1804 459 2004 500 novam

2123 464 2239 510 τεις,
2274 449 2350 511 ὡς
2398 451 2429 519 ή
2479 449 2657 517 βίϐλος
2692 451 2798 501 τῶν
2831 446 3058 517 ψαλμῶν
3106 444 3294 515 καινὴν
3333 444 3676 498 διδασκαλίαν

434 537 726 605 complecti
782 537 1087 592 doctrinam
1115 577 1129 603 ,
1174 538 1463 607 ipsumque
1497 543 1619 607 post
1651 544 2006 591 memoratam

437 628 638 699 Moysis
696 632 1046 699 scripturam,
1078 628 1382 687 secundum
1405 670 1418 695 ,
1451 629 1519 683 ad
1548 628 1850 682 doctrinam
1883 643 2007 697 spe-

433 728 693 785 ctantem,
713 737 834 777 esse
858 722 1075 775 librum.
1092 720 1228 776 Cum
1253 722 1436 792 itaque
1463 731 1585 791 post
1608 728 1840 775 mortem
1857 720 2007 791 Moy-

436 811 513 867 εἰς
539 818 593 867 et
638 811 789 875 Jesu,
816 821 869 866 et
904 822 1027 881 post
1052 813 1304 882 judicum
1327 820 1565 882 tempus,
1599 812 2003 868 David‘aetatem

435 904 688 971 duxerit;
746 910 937 974 utpote
989 906 1084 975 qui
1134 904 1434 961 Salvatoris
1488 914 1644 975 pater
1696 905 2006 974 nuncupari

433 996 715 1063 meruerit,
749 1014 955 1053 novum
998 998 1115 1068 ipse
1144 998 1388 1061 modum,
1421 995 1741 1068 psalmodize
1773 997 2003 1060 scilicet,

431 1089 642 1157 primus
666 1087 907 1144 Hebraeis
940 1090 1198 1156 tradidit;
1227 1105 1336 1158 quo
1360 1090 1452 1142 illa
1486 1103 1607 1159 qum
1629 1089 1695 1143 de
1718 1088 2006 1144 sacriﬁciis

434 1194 465 1232 a
494 1178 675 1250 Moyse
714 1181 922 1236 sancita
954 1180 1170 1235 fuerant
1202 1183 1269 1237 de
1292 1181 1474 1236 medio
1512 1182 1671 1245 tollit,
1692 1195 2007 1249 novumque

433 1268 603 1322 divini
660 1269 843 1324 cultus
906 1285 1115 1324 morem
1148 1285 1245 1340 per
1274 1270 1509 1340 hymnos
1540 1285 1604 1325 ac
1649 1271 2005 1341 jubilationes

432 1360 640 1414 invehit
672 1380 685 1415 :
722 1363 937 1431 aliaque
991 1362 1129 1417 bene
1180 1363 1351 1416 multa
1389 1363 1591 1433 Moysis
1646 1364 1818 1438 legem
1847 1365 2007 1436 longe

432 1454 746 1522 superantia
776 1470 872 1524 per
903 1462 1078 1509 totum
1107 1470 1244 1525 opus
1270 1455 1482 1510 edocet.

679 1631 899 1686 Eusebii
918 1631 1265 1686 Cmsariensis
1291 1632 1354 1685 de
1377 1633 1755 1701 diapsalmate.

505 1723 814 1793 Diapsalma
858 1724 1204 1793 scripserunt
1254 1724 1582 1793 interpretes
1637 1723 1715 1777 illi
1759 1722 2002 1794 quinque

430 1816 731 1888 principes,
782 1816 876 1886 qui
902 1831 932 1870 a
959 1815 1165 1870 Davide
1215 1830 1342 1886 rege
1374 1831 1442 1870 ex
1473 1814 1621 1870 tribu
1666 1814 1797 1869 Levi
1823 1814 2003 1869 allecti
2033 1811 2075 1866 Β

432 1917 562 1963 sunt
598 1927 612 1976 ;
647 1924 901 1979 quorum
932 1909 1051 1963 haec
1083 1909 1304 1963 nomina
1338 1924 1349 1959 :
1406 1907 1624 1976 Asaph,
1682 1907 1778 1963 ﬁlii
1840 1906 2001 1971 Core,

431 2000 917 2067 Eman,AEtham,
950 2002 1185 2055 ldithum
1215 2022 1227 2056 :
1261 2002 1427 2057 hosce
1450 2009 1634 2057 certus
1663 2001 2005 2057 canticorum

434 2108 697 2148 numerus
726 2093 1186 2162 consequebatur,
1240 2093 1450 2147 scilicet
1479 2093 1729 2162 singulos
1786 2099 2005 2161 septua-

432 2184 585 2254 ginta
614 2181 745 2237 duo.
777 2182 844 2236 lli
872 2182 1095 2237 stabant
1119 2183 1172 2237 in
1203 2190 1504 2252 conspectu
1547 2180 1849 2237 sanctuarii
1893 2180 2006 2233 Do-

430 2276 589 2340 mini,
647 2274 933 2330 laudantes
967 2275 1215 2328 omuium
1246 2272 1537 2328 Dominum
1572 2289 1585 2337 ;
1614 2272 1755 2326 alius
1785 2270 2009 2343 cymba-

432 2366 504 2428 la,
542 2366 684 2421 alius
736 2365 1082 2435 psalterium,
1121 2365 1262 2419 alius
1316 2364 1560 2435 cinyram
1592 2402 1606 2427 ,
1641 2362 1781 2416 alius
1818 2361 2007 2414 tubam

421 2471 711 2521 corneam,
747 2457 886 2511 alius
916 2456 1187 2510 citharam
1210 2456 1449 2510 tenebat.
1474 2453 1717 2520 Quorum
1744 2453 1801 2507 in
1829 2451 2009 2506 medio

431 2550 615 2605 stabat
645 2549 836 2605 David.
870 2549 1093 2618 Hocque
1121 2555 1282 2618 pacto
1310 2548 1526 2603 cantica
1557 2547 2007 2617 auspicabantur,

430 2644 751 2714 hujusmodi
791 2643 1157 2697 instrumenta
1204 2641 1462 2696 manibus
1505 2648 1779 2695 tenentes.
1831 2640 2009 2710 Atque

433 2737 658 2807 singuli,
688 2733 899 2804 Spiritu
928 2740 1119 2788 sancto
1148 2739 1424 2796 movente,
1454 2731 1624 2787 Deum
1671 2730 1891 2798 hymnis
1920 2746 2012 2786 ce-

430 2826 759 2889 lebrabant,
797 2838 1098 2894 omnesque
1149 2838 1259 2877 una
1310 2822 1568 2894 psallenti
1624 2821 2009 2885 succinebant,

433 2916 687 2970 Alleluia.
713 2914 1027 2970 Absistente
1062 2919 1243 2968 autem
1272 2914 1341 2968 ad
1391 2913 1557 2968 breve
1587 2918 1804 2982 tempus
1835 2909 2014 2981 Spiri-

432 3018 523 3065 tus
540 3007 716 3064 sancti
734 3007 932 3077 gratia,
950 3005 1174 3075 organis
1191 3005 1451 3075 deinceps
1471 3003 1841 3068 cessantibus,
1855 3011 2010 3070 tunc,

435 3105 519 3159 uti
551 3119 650 3175 par
667 3108 809 3166 erat,
844 3099 1150 3169 diapsalma
1180 3097 1518 3153 scribebant.

1019 3186 1341 3243 PSALMUS
1380 3185 1422 3242 Ι.

504 3286 672 3341 Vsus.
701 3285 752 3338 1.
787 3283 984 3338 Beatus
1012 3282 1088 3336 vir
1104 3282 1193 3353 qui
1218 3297 1321 3334 non
1346 3280 1476 3333 abiit
1504 3280 1563 3334 in
1594 3281 2019 3349 consilioimpio-

438 3396 579 3433 r-um.
644 3374 1098 3445 Quandoquidem
1157 3372 1243 3428 vel
1302 3373 1421 3443 ipso
1479 3380 1691 3428 natura
1754 3373 2017 3428 instinctu

430 3486 627 3527 oninrs
660 3468 1053 3524 beatitudinem
1086 3467 1424 3538 appetimus,
1482 3465 1615 3520 boni
1674 3465 1833 3520 ﬁnem
1895 3474 2009 3519 sta-

435 3570 650 3620 tuentes
683 3560 1032 3627 felicitatem;
1086 3574 1385 3630 erroreque
1431 3559 1631 3613 mentis
1674 3558 1824 3612 ducti
1871 3573 2023 3612 com-

436 3659 640 3729 plures,
674 3654 822 3710 illam
854 3652 913 3708 in
955 3651 1331 3722 Voluptatibus
1362 3650 1642 3720 corporeis
1672 3649 2020 3718 quaerendam

424 3756 667 3823 -putant,
710 3747 950 3811 divitias,
979 3745 1275 3814 dignitates
1298 3783 1313 3809 ,
1346 3742 1746 3812 praesentisque
1775 3740 1900 3794 vita:
1928 3756 2023 3793 vo-

438 3844 677 3913 luptates
721 3842 774 3896 in
827 3839 1002 3910 pretio
1038 3838 1332 3902 habentes;
1381 3836 1509 3889 hinc
1538 3834 1661 3903 jure
1694 3833 2020 3903 hymnorum

441 3934 508 3989 ad
540 3934 711 3989 Deum
740 3931 1070 3986 laudandum
1100 3928 1389 3985 exordium
1412 3927 1639 3981 ductum
1671 3932 1775 3990 est,
1804 3923 2026 3979 descri—

438 4026 702 4095 biturque
737 4022 992 4094 quisnam
1035 4036 1162 4075 vere
1218 4020 1411 4073 beatus
1456 4018 1568 4080 sit,
1619 4023 1782 4086 atque
1819 4016 2023 4070 bonum

440 4117 602 4172 ﬁnem
634 4132 664 4171 a
699 4113 809 4169 Deo
841 4120 1233 4182 eunsequatur.
1282 4110 1350 4163 Et
1382 4123 1515 4166 sane
1556 4108 1678 4171 hic,
1726 4107 1854 4177 quia
1899 4121 2025 4175 per-
2048 4116 2068 4151 ι

438 4226 605 4281 quam
648 4208 760 4263 rari
804 4206 1022 4262 fuerant
1046 4205 1082 4259 ii
1115 4203 1208 4275 qui
1232 4203 1359 4257 olim
1390 4201 1559 4272 probe
1588 4202 1756 4255 vitam
1778 4206 2022 4268 egerant,

441 4316 613 4356 unum
669 4299 977 4368 quempiam
1034 4296 1252 4350 beatum
1305 4292 1565 4362 praedicat
1606 4289 1919 4346 Psalmisla.
1958 4290 2029 4341 At

444 4394 702 4449 Servator
732 4397 918 4445 noster
948 4389 1043 4458 qui
1092 4386 1404 4455 complures
1452 4385 1641 4439 beatos
1673 4380 1882 4445 effecit,
1913 4381 2029 4451 plu-

2108 537 2350 606 περιέχει
2379 538 2516 609 μετὰ
2534 539 2632 608 τὴν
2663 539 2937 600 Μωῦσέως
2972 535 3308 604 νομοθεσίαν,
3334 535 3429 589 καὶ
3457 536 3538 589 ὃτι
3562 535 3678 587 δευ-

2108 627 2237 696 τέρα
2269 631 2403 699 μετὰ
2431 630 2528 701 τὴν
2557 630 2825 693 Μωῦσέως
2850 629 3164 699 νομοθεσίαν
3190 628 3405 699 γραφὴν
3424 626 3678 681 διδασκα-

2106 720 2229 789 λικὴ
2262 720 2440 790 βίϐλος
2467 721 2605 792 αὕτη
2632 722 2908 792 τυγχάνει.
2935 721 3088 776 Μετὰ
3116 720 3245 789 γοῦν
3278 719 3375 790 τὴν
3402 718 3679 781 Μωῦσέως

2106 814 2199 864 καὶ
2234 814 2405 882 Ἰησοῦ
2439 814 2691 884 τελευτὴν
2722 815 2815 868 καὶ
2855 813 2990 883 μετὰ
3017 814 3141 876 τοὺς
3170 811 3359 884 κριτὰς
3399 809 3558 863 Δαυῒδ
3589 828 3680 879 γε-

2107 904 2346 974 νόμενος,
2384 905 2582 959 ὡσανεὶ
2614 905 2706 958 τοῦ
2736 907 2983 976 Σωτῆρος
3020 904 3180 968 αὐτὸς
3215 903 3548 975 χρηματίσαι
3580 920 3682 954 rra-

2107 999 2211 1069 τηρ
2243 998 2619 1062 καταξιωθεὶς,
2656 998 2840 1052 καινὸν
2873 1000 3071 1069 τρόπον
3107 997 3197 1050 τὸν
3239 999 3335 1068 τῆς
3365 996 3680 1067 ψαλμῳδίας

2106 1088 2320 1161 πρῶτος
2356 1090 2622 1161 Ἑϐραίοις
2639 1091 2920 1162 παρέδωκε
2938 1108 2950 1120 ·
2976 1091 3040 1143 δι’
3056 1084 3122 1161 ἦς
3138 1091 3348 1160 ἀναιρεῖ
3376 1088 3451 1160 (1)
3495 1088 3590 1159 μὲν
3613 1087 3682 1140 τὰ

2107 1182 2257 1251 παρὰ
2283 1183 2488 1254 Μωῦσῇ
2525 1182 2650 1254 περὶ
2677 1182 2874 1235 θυσιῶν
2902 1181 3381 1252 νενομοθετημένα,
3412 1181 3597 1233 καινὸν
3625 1180 3681 1232 δὲ

2104 1273 2195 1325 τὸν
2211 1273 2274 1325 δι’
2299 1272 2480 1343 ὓμνων
2516 1275 2609 1326 καὶ
2622 1273 2951 1344 ἀλαλαγμῶν
2973 1274 3169 1343 τρόπον
3182 1274 3282 1344 τῆς
3308 1272 3399 1326 τοῦ
3427 1273 3561 1325 Θεοῦ
3590 1270 3683 1324 λα-

2103 1366 2288 1437 τρείας
2335 1366 2543 1434 εἰσάγει
2569 1384 2582 1398 ο
2615 1367 2709 1419 καὶ
2751 1365 2885 1420 ἄλλα
2916 1364 2973 1418 δὲ
2999 1364 3223 1417 πλεῖστα
3269 1362 3359 1417 τὸν
3408 1363 3683 1424 Μωῦσέως

2104 1460 2265 1528 νόμον
2315 1457 2759 1528 ὲπαναϐεϐηκότα
2802 1457 2866 1510 δι’
2898 1458 3025 1530 ὅλης
3069 1457 3233 1511 αὐτοῦ
3281 1458 3379 1529 τῆς
3425 1472 3684 1527 πραγμα-

2110 1551 2258 1615 τείας
2289 1551 2549 1605 διδάσκει.

2174 1644 2467 1697 Εὐσεϐίου
2495 1642 2848 1711 Καισαρείας
2873 1640 3008 1710 περὶ
3032 1639 3135 1695 τοῦ
3173 1638 3601 1708 διαψάλματος.

2178 1734 2462 1805 Ἔγραῲαν
2509 1734 2571 1786 τὸ
2622 1733 2899 1804 διάψαλμα
2946 1735 2993 1785 οἱ
3046 1731 3478 1803 ὲρμηνεύσαντες
3523 1730 3686 1783 πέντε

2104 1825 2381 1897 ἄρχοντες,
2426 1826 2474 1879 οἳ
2508 1826 2813 1894 ἐξελέγοντο
2843 1824 2950 1878 ὑπὸ
2981 1822 3142 1877 Δαυῒδ
3186 1823 3279 1877 τοῦ
3325 1822 3585 1894 βασιλέως
3622 1824 3689 1875 ὲκ

2104 1917 2205 1986 τῆς
2233 1916 2406 1987 φυλῆς
2431 1918 2579 1971 Λευῒ·
2610 1910 2684 1971 ὧν
2706 1916 2773 1969 τά
2801 1916 3041 1986 ὀνόματά
3060 1917 3166 1983 είσι
3196 1915 3388 1981 ταῦτα,
3425 1913 3613 1981 Ἀσάφ,
3636 1917 3685 1967 οἱ

2107 2010 2212 2062 υἱοὶ
2240 2009 2406 2081 Κορὲ,
2436 2009 2635 2079 Αίμὰν,
2664 2008 2867 2079 Αίθὰμ,
2915 2004 3172 2077 Ἰδιθούμ·
3204 2006 3413 2070 τούτοις
3456 2005 3688 2077 ἀριθμὸς

2106 2101 2258 2172 ᾠδῶν
2289 2101 2707 2173 παρηκολούθει,
2736 2100 2952 2171 ἑκάστῳ
2989 2100 3355 2172 ὲῦδομήκοντα
3380 2097 3492 2154 δύο.
3530 2091 3688 2151 Οὗτοι

2106 2195 2323 2247 ἵσταντο
2362 2191 2593 2247 ἐνώπιον
2632 2192 2726 2246 τοῦ
2763 2190 3103 2263 ἁγιάσματος
3147 2191 3373 2262 Κυρίου,
3416 2187 3689 2252 αἰνοῦντες

2107 2286 2197 2341 τὸν
2229 2286 2446 2339 πάντων
2466 2285 2731 2357 δεσπότην
2750 2326 2766 2350 ,
2795 2284 2854 2348 ὃς
2883 2283 2982 2356 μὲν
3012 2283 3079 2337 κύ
3089 2282 3289 2354 μϐαλα,
3328 2282 3386 2345 ὃς
3414 2282 3470 2334 δὲ
3495 2281 3691 2351 ψαλτή-

2111 2395 2243 2451 ριον,
2284 2379 2343 2443 ὃς
2375 2378 2434 2432 δὲ
2466 2375 2723 2450 κινύραν,
2763 2376 2823 2440 ὃς
2846 2376 2903 2430 δὲ
2944 2375 3258 2445 κερατίνην,
3291 2374 3348 2437 ὃς
3381 2375 3436 2427 δὲ
3460 2373 3691 2444 κιθάραν
3728 2444 3737 2455 .

2109 2470 2266 2541 έχων,
2302 2464 2376 2522 ὧν
2414 2469 2573 2540 μέσος
2616 2469 2800 2521 ἵστατο
2832 2469 2861 2519 ὁ
2896 2466 3076 2520 Δαυῖδ.
3102 2467 3210 2519 Καὶ
3245 2465 3416 2527 οὓτως
3463 2465 3692 2535 ἤρχοντο

2108 2560 2217 2613 τῶν
2240 2559 2391 2629 ᾠδῶν
2435 2559 2761 2631 κρατοῦντες
2782 2558 2875 2611 ἐπὶ
2908 2561 3064 2627 χεῖρα
3092 2557 3159 2611 τὰ
3204 2556 3426 2611 τοιαῦτα
3453 2554 3687 2623 ὃργανα’

2110 2650 2205 2703 καὶ
2255 2648 2483 2713 ἕκαστος
2529 2649 2808 2719 Πνεύματι
2862 2649 3002 2720 ἁγίῳ
3042 2648 3356 2719 κινούμενος
3400 2645 3557 2718 ὕμνει
3602 2647 3693 2699 τὸν

2111 2740 2262 2804 Θεὸν,
2293 2742 2388 2794 καὶ
2416 2740 2615 2802 πάντες
2649 2740 2962 2811 ἐπεφώνουν
2990 2740 3067 2812 τῷ
3105 2741 3358 2811 ψάλλοντι
3386 2740 3448 2794 τὸ
3491 2742 3694 2808 Ἁλλη-

2111 2833 2306 2886 λούΐα.
2376 2830 2643 2901 Ὀπηνίκα
2694 2832 2750 2884 δὲ
2804 2833 2836 2901 ή
2889 2830 2982 2885 τοῦ
3030 2831 3345 2903 Πνεύματος
3391 2831 3482 2884 τοῦ
3537 2832 3692 2901 ἁγίου

2113 2921 2328 2991 ἀπέστη
2369 2922 2530 2994 χάρις
2564 2921 2699 2992 πρὸς
2734 2922 2928 2993 βραχὺ,
2960 2920 3065 2974 τῶν
3106 2921 3352 2992 ὀργάνων
3392 2920 3576 2975 λοιπὸν
3619 2921 3694 2993 μὴ

2114 3013 2469 3084 κινουμένων,
2523 3014 2584 3066 τὸ
2640 3013 2941 3085 τηνικαῦτα
2992 3013 3139 3077 εἰκὸς
3180 3013 3274 3066 καὶ
3314 3014 3375 3066 τὸ
3415 3013 3696 3084 διάψαλμα

2116 3103 2372 3174 ἔγραφον.

2709 3198 3001 3251 ΨΑΛΜΟΣ
3029 3186 3109 3251 Αί.

2188 3286 2488 3357 Μακάριος
2525 3290 2557 3343 ὀ
2588 3287 2745 3356 ἀνὴρ
2795 3287 2863 3353 ὃς
2906 3290 3017 3341 οὐκ
3057 3287 3348 3355 ἐπορεύθη
3392 3285 3463 3340 ἐν
3492 3283 3698 3354 ,βουλῇ

2120 3381 2372 3437 ἀσεϐῶν.
2416 3382 2568 3435 Ἐπεὶ
2602 3380 2847 3450 φυσικῶς
2884 3379 3191 3453 ὀρεγόμεθα
3223 3380 3421 3441 πάντες
3453 3377 3547 3431 τοῦ
3593 3395 3700 3448 μαο

2121 3477 2301 3548 κάριοι
2332 3472 2490 3539 εἷναι,
2524 3474 2679 3537 τέλος
2709 3474 2915 3542 ἀγαθοῦ
2959 3474 3020 3527 τὸ
3067 3474 3333 3545 μακάριον
3370 3470 3699 3542 ὁριζόμενοι,

2122 3565 2556 3636 πεπλανημένως
2586 3582 2649 3634 γε
2691 3565 2796 3637 μὴν
2834 3563 3019 3617 πολλοὶ
3060 3562 3218 3616 τοῦτο
3247 3561 3600 3633 μεταδιώκειν
3641 3560 3700 3613 ὲν

2124 3660 2392 3726 σωμάτων
2436 3655 2650 3726 ἡδοναῖς
2706 3654 2984 3726 ἡγοῦνται,
3017 3652 3280 3718 πλούτους
3334 3650 3702 3723 θαυμάζοντες

2125 3748 2217 3801 καὶ
2254 3746 2557 3817 ἀξιώματα,
2591 3748 2684 3799 καὶ
2712 3747 2811 3810 τὰς
2842 3748 2899 3799 ὲν
2941 3745 3019 3815 τῷ
3053 3745 3282 3815 παρόντι
3312 3744 3411 3814 βίῳ
3454 3742 3663 3814 τρυφάς
3684 3759 3699 3774 ο

2124 3840 2349 3902 εἰκότως
2379 3840 2409 3891 ὁ
2446 3838 2601 3906 λόγος
2628 3840 2686 3892 ὲν
2714 3838 2924 3900 τούτοις
2947 3837 3068 3891 ὅθεν
3102 3837 3267 3908 ἐχρῆν
3293 3836 3391 3907 τὴν
3423 3836 3702 3907 καταρχὴν

2125 3935 2418 4004 ἐποιήσατο
2445 3934 2541 4004 τῆς
2572 3932 2715 3987 κατὰ
2744 3932 2876 3985 Θεὸν
2903 3930 3196 4001 ὑμνῳδίαις,
3229 3929 3321 3983 τὸν
3356 3928 3571 3999 άληθῶς
3602 3945 3706 3998 μα-

2126 4024 2315 4096 κάριον
2348 4026 2441 4078 καὶ
2474 4024 2659 4087 τέλους
2688 4021 2892 4091 ἀγαθοῦ
2935 4020 3028 4074 τοῦ
3070 4019 3222 4090 παρὰ
3259 4019 3377 4090 Θεῷ
3406 4019 3705 4089 ἠξιωμένον

2126 4116 2483 4188 ὑπογράφων.
2520 4115 2629 4169 Καὶ
2663 4114 2851 4169 ἐνθάδε
2885 4113 2982 4185 μὲν
3018 4113 3107 4166 διὰ
3132 4112 3191 4166 τὸ
3226 4111 3452 4165 σπάνιον
3474 4111 3581 4164 τῶν
3610 4111 3708 4167 πά·

2128 4212 2216 4265 λαι
2247 4210 2510 4283 πρότερον
2568 4207 2976 4280 κατορθούντων
3022 4208 3120 4261 ἕνα
3161 4205 3284 4259 τινὰ
3315 4203 3606 4276 μακαρίζει
3628 4221 3643 4235 ο
3677 4206 3706 4257 ό

2128 4304 2185 4357 δὲ
2213 4303 2402 4376 Σωτὴρ
2432 4306 2464 4373 ἡ
2475 4303 2590 4375 μῶν
2620 4302 2872 4364 πλείονας
2903 4299 3071 4353 ποιῶν
3118 4298 3441 4370 μακαρίους,
3468 4296 3706 4367 πληθυν-

2126 4398 2292 4461 τικῶς
2333 4398 2459 4460 τοὺς
2513 4395 2891 4467 μακαρισμοὺς
2933 4391 3324 4464 προσφέρεται.
3379 4390 3605 4444 Πάντων
3650 4388 3707 4441 δὲ

444 4487 632 4541 raliter
689 4481 1055 4539 beatitudincs
1103 4480 1328 4552 profert.
1397 4476 1615 4532 Primus
1671 4482 1852 4530 autem
1911 4475 2019 4543 ipse

2131 4492 2345 4564 πρῶτος
2376 4489 2535 4553 αὐτὸς
2578 4489 2644 4544 ἂν
2684 4489 2770 4559 εἴη
2800 4490 2828 4540 ὁ
2875 4484 3340 4557 μακαριζόμενος’
3380 4484 3459 4536 διὸ
3487 4484 3580 4536 καὶ⁹
3621 4482 3708 4534 ἐπ’

436 4580 566 4654 jure
604 4577 819 4632 dicatur
858 4588 1047 4629 eorum
1080 4574 1169 4643 qui
1198 4572 1336 4627 beati
1389 4569 1776 4641 pradicantur.
1822 4566 2028 4633 Quam-

444 4671 632 4724 obrem
690 4668 747 4722 in
798 4666 948 4720 illum
1000 4663 1320 4719 referendus
1374 4660 1583 4731 primus
1626 4659 1870 4729 psalmus
1920 4662 2023 4721 est,

446 4772 633 4833 utpote
655 4761 748 4831 qui
776 4759 857 4813 vir
891 4758 1057 4813 fuerit
1086 4754 1346 4811 Ecclesia:
1401 4767 1617 4824 sponsa:
1675 4766 1805 4806 suae.
1869 4747 2025 4813 Quod

444 4856 658 4911 videtur
713 4852 982 4909 Hebraica
1034 4863 1167 4906 voce
1219 4844 1557 4917 signiﬁcari,
1605 4842 1759 4913 juxta
1827 4856 2026 4911 quam,

446 4947 646 5002 Beatus
676 4947 776 5008 vir,
807 4959 933 4999 cum
970 4940 1186 4996 articuli
1220 4938 1405 4993 addito
1437 4937 1644 4992 dictum
1675 4942 1781 4991 est.

522 5037 665 5094 Etin
697 5039 781 5092 via
817 5044 1151 5107 peccatorum
1194 5049 1298 5086 non
1328 5030 1512 5098 stetit,
1573 5038 1622 5083 et
1670 5029 1727 5081 in
1783 5006 2035 5081 cathedra

447 5132 815 5203 pestiferorum
870 5146 973 5185 non
1012 5127 1169 5183 sedit.
1210 5126 1383 5180 Primi
1435 5130 1564 5179 sunt
1617 5122 1711 5191 qui
1766 5119 1906 5174 falso
1936 5134 2033 5172 uo-

450 5226 655 5279 minata
684 5223 995 5294 cognitione
1026 5219 1218 5274 imbuti
1254 5225 1382 5274 sunt
1409 5216 1486 5288 [id
1518 5222 1603 5271 est
1628 5211 1908 5285 gnostici],
1936 5212 2029 5281 qui

451 5315 588 5370 nihil
612 5314 827 5368 ﬁrmum
860 5312 1161 5382 stabileque
1182 5310 1413 5376 habent;
1452 5307 1547 5362 sed
1576 5322 1677 5376 pro
1705 5305 1878 5360 lubito
1906 5318 2028 5365 suo,

450 5408 603 5465 nullo
623 5409 875 5462 examine
896 5404 1214 5476 ponderatis
1249 5400 1676 5473 cogitationibus
1704 5404 1991 5453 moventur
2011 5434 2027 5462 ,

454 5499 606 5569 impii
640 5499 910 5554 homines.
962 5496 1196 5552 Secundi
1233 5501 1361 5552 sunt
1404 5500 1673 5564 quotquot
1704 5498 1829 5560 post
1852 5487 2036 5559 cogni-

452 5594 655 5647 tionem
679 5589 927 5644 veritatis
957 5588 1010 5642 in
1040 5593 1263 5658 peccata
1313 5586 1581 5641 incidunt.
1637 5581 1807 5637 Tertii
1860 5580 2034 5651 pesti-

514 5687 601 5756 .(t)
642 5684 698 5739 Id
726 5691 831 5747 est,
850 5684 918 5756 de
940 5685 1120 5756 medio
1140 5684 1281 5738 tollit
1307 5682 1700 5756 sacrificiorum
1737 5680 1903 5756 leges,
1930 5692 2037 5731 non

454 5752 632 5817 rei‘nsa
655 5755 943 5821 abolendo,
973 5755 1068 5811 sed
1099 5752 1512 5812 nraenuntiando
1530 5752 1873 5820 abrogandas
1892 5764 2036 5806 esse.

2133 4583 2295 4638 αὐτὸν
2339 4582 2540 4637 ἀνοίσει
2574 4598 2657 4644 τις
2686 4580 2777 4633 τὸν
2808 4578 3049 4649 παρόντα
3074 4577 3307 4647 ψαλμὸν,
3351 4575 3446 4629 άτε
3481 4574 3709 4643 γενόμε-

2133 4692 2222 4728 νον
2250 4674 2420 4745 ἄνδρα
2451 4675 2547 4744 τῆς
2593 4671 2808 4743 νύμφης
2847 4668 3011 4724 αὑτοῦ
3058 4668 3381 4738 Ἐκκλησίας
3404 4684 3418 4696 ο
3465 4666 3623 4719 τοῦτο
3653 4665 3710 4719 δὲ

2133 4768 2308 4820 ἔοικεν
2341 4769 2374 4838 ἡ
2420 4763 2679 4838 Ἐὁραῖκὴ
2706 4764 2857 4833 φωνὴ
2880 4764 3167 4834 παριστᾷν,
3190 4760 3310 4815 καθ’
3333 4761 3398 4831 ἢν
3426 4758 3502 4830 (2)
3523 4757 3715 4829 μακά-

2123 4879 2255 4930 ριος
2283 4864 2315 4913 ό
2340 4857 2493 4926 ἀνὴρ
2527 4858 2663 4928 μετὰ
2678 4856 2777 4928 τῆς
2797 4855 2887 4909 τοῦ
2912 4856 3112 4928 ἄρθρου
3134 4853 3451 4925 προσθήκης
3475 4851 3709 4923 εἴρηται.

2202 5018 2311 5071 Καὶ
2346 5017 2415 5069 ἐν
2440 5015 2557 5081 ὀδῷ
2590 5013 2951 5085 ἁμαρτωλῶν
2971 5015 3081 5067 οὐκ
3109 5013 3280 5079 ἔστη,
3317 5012 3414 5063 καὶ
3446 5008 3545 5062 ἐπὶ
3577 5010 3715 5063 καθ-

2136 5108 2319 5179 έδραν
2366 5108 2592 5178 λοιμῶν
2630 5110 2740 5160 οὐκ
2783 5104 3082 5159 ἐκάθισεν.
3130 5101 3345 5174 Πρῶτοί
3378 5102 3512 5152 εἰσιν
3539 5100 3587 5151 οἱ
3618 5098 3717 5168 τὴν

2135 5199 2482 5271 ψευδώνυμον
2521 5198 2734 5268 ἔχοντες
2760 5197 2980 5265 γνῶσιν,
3021 5195 3185 5266 μηδὲν
3228 5193 3441 5264 ἔχοντες
3468 5191 3715 5260 ἑστηκὸς,

2138 5293 2252 5347 ἀλλ’
2303 5292 2679 5358 ἀνεξετάστοις
2727 5291 3032 5362 κινούμενοι
3083 5288 3365 5357 λογισμοῖς
3418 5287 3476 5338 ὲν
3529 5277 3611 5346 οἷς
3652 5282 3720 5337 ἂν

2142 5387 2495 5458 βουληθῶσιν,
2545 5388 2595 5440 οἱ
2645 5384 2881 5448 ἀσεϐεῖς.
2937 5383 3188 5454 Δεύτεροι
3234 5379 3436 5441 πάντες
3479 5377 3529 5429 οἱ
3582 5375 3720 5446 μετὰ

2140 5481 2339 5553 γνῶσιν
2372 5478 2628 5550 ἀληθείας
2661 5475 3145 5546 ἐξαμαρτάνοντες.
3185 5473 3249 5526 Οἱ
3286 5471 3343 5524 δὲ
3385 5468 3564 5540 λοιμοὶ
3606 5466 3722 5536 τρί-

2138 5593 2244 5639 τοι,
2287 5574 2362 5644 μὴ
2414 5572 2573 5643 μόνον
2614 5568 2918 5632 νοσοῦντες,
2964 5565 3101 5620 ἀλλὰ
3144 5566 3239 5618 καὶ
3279 5558 3602 5634 φθοροποιοῦ
3646 5558 3723 5609 δι-

2184 5672 2297 5757 ’(2)
2336 5668 2397 5726 in
2432 5668 2701 5725 Hebraico
2756 5664 2955 5737 legitur
2998 5670 3156 5725 tamn
3200 5659 3358 5733 quasi
3406 5657 3577 5722 dicas,
3631 5654 3725 5708 ille

2147 5762 2245 5800 υιν.
