4020 6372
304 326 377 382 77
635 377 645 403 ,
1470 328 1871 386 COMMENI‘AI

1971 365 1973 375 .
2020 322 2085 376 IN
2125 324 2462 377 pssmns.
3480 316 3547 377 “ts

214 442 219 449 ’
297 443 605 506 δασκαλίας
637 440 1006 513 μεταδιδόντες
1026 440 1137 507 τοῖς
1176 445 1375 508 ἄλλοις,
1406 446 1439 515 ἢ
1479 448 1625 496 κατὰ
1670 447 1868 508 γνῶσιν

1975 450 2074 495 teri
2107 445 2375 505 nomines,
2417 453 2511 509 qut
2560 453 2668 493 non
2701 448 2864 491 moon
2900 428 3221 506 agritudine
3259 432 3544 498 laborant;

297 534 333 604 ἢ
364 535 505 587 κατά
548 534 766 605 πρᾶξιν,
795 536 828 604 ἢ
860 536 976 587 κατ’
1016 532 1299 604 ἀμφότερα
1326 551 1336 561 ’
1375 534 1424 587 σι
1458 534 1551 585 καὶ
1578 532 1871 603 ὲνίδρυνται

1984 532 2078 587 sed
2116 538 2371 601 corrupta
2403 529 2650 585 doctrina
2696 528 2833 585 alios
2882 528 3162 594 imbuunt;
3196 527 3310 581 sive
3354 538 3552 582 secum

263 624 378 693 ,τῷ
428 624 608 695 κακῷ,
654 625 762 677 τῶν
802 624 1064 694 δευτέρων
1102 622 1408 693 ἑστηκότων
1453 626 1509 675 ὲν
1561 622 1871 693 ἁμαρτίαις,

1982 622 2114 675 dum
2140 621 2528 691 cognitionem,
2564 620 2678 675 sive
2707 619 3005 673 secundum
3025 617 3419 688 operationem,
3436 616 3552 672 sive

295 716 408 766 τῶν
446 714 505 767 δὲ
539 715 770 785 πρώτων
810 716 1100 768 ὁδευόντων
1135 719 1191 768 ὲν
1225 716 1421 790 πλάνῃ.
1469 718 1527 769 '0
1561 717 1617 770 δὲ
1660 716 1871 770 πάντων

1983 712 2284 767 secundum
2322 718 2612 779 utramque
2646 725 2664 763 τ
2704 709 2796 779 qui
2829 708 3038 763 scilicet
3070 710 3124 760 in
3156 706 3297 761 malo
3329 705 3553 759 ﬁrman—

294 806 504 859 τούτων
528 807 944 877 ἀπηλλαγμένος
972 808 1257 876 μακάριος.

1982 810 2095 865 tur,
2131 800 2263 855 dum
2289 798 2514 855 secundi
2554 798 2610 851 in
2633 798 2872 868 peccatis
2902 803 3274 867 perseverant,
3307 803 3361 852 et
3389 796 3553 866 primi

297 903 357 954 in
395 901 603 954 erroris
634 900 719 951 via
763 899 1105 968 gradiuntur.
1151 900 1253 965 Qui
1287 907 1467 953 autem
1511 899 1763 954 omnibus
1804 898 1872 952 iis
1905 895 2170 950 liberatus
2216 898 2272 947 et
2298 905 2507 946 vacuus
2550 898 2635 944 est
2672 891 2865 945 beatus
2904 890 3122 945 dicitur.

382 992 548 1047 Ἀλλ’
578 992 615 1059 ἢ
651 992 722 1043 ἐν
749 991 829 1055 τῷ
860 993 1019 1060 νόμῳ
1048 993 1270 1059 Κυρίου
1309 992 1374 1045 τὸ
1410 994 1635 1062 θέλημα
1667 993 1875 1057 αὐτοῦ,

293 1083 395 1137 καὶ
419 1083 491 1134 ἐν
516 1080 599 1145 τῷ
626 1082 785 1148 νόμῳ
814 1081 998 1133 αὑτοῦ
1031 1081 1354 1150 μελετήσει
1387 1082 1611 1151 ἡμέρας
1639 1084 1735 1136 καὶ
1768 1101 1876 1137 νυ-

292 1176 459 1239 κτός.
510 1165 730 1238 Ἐπειδὴ
763 1172 931 1242 πολλή
964 1173 1046 1236 τίς
1081 1175 1193 1227 ἐστι
1220 1174 1452 1244 διαφορά
1478 1174 1586 1228 τῶν
1625 1176 1772 1245 φόϐῳ
1796 1193 1878 1228 τιε-

296 1264 523 1334 μωριῶν
554 1260 611 1317 εὖ
640 1263 896 1333 πράττειν
925 1265 1458 1334 κατηναγκασμένων
1488 1265 1580 1317 καὶ
1605 1266 1712 1317 τῶν
1740 1281 1875 1335 προ-

292 1357 505 1426 αιρέσει
545 1356 677 1408 αὐτὸ
708 1355 769 1407 τὸ
799 1354 960 1407 καλὸν
992 1354 1353 1426 αἱρουμένων,
1395 1356 1483 1409 διὰ
1513 1356 1668 1409 τοῦτό
1706 1372 1870 1427 φησι·

305 1442 404 1492 Ἐν
428 1440 510 1505 τῷ
543 1442 704 1509 νόμῳ
736 1444 956 1509 Κυρίου
982 1442 1213 1511 θέλημα
1253 1446 1459 1498 αὑτοῦ.
1487 1446 1667 1515 Νόμον
1691 1445 1746 1497 δέ
1780 1462 1877 1515 φη-

296 1543 385 1583 σιν
430 1531 490 1583 οὗ
525 1531 743 1594 πάντως
775 1532 865 1584 τὸν
905 1533 1101 1604 σκιώδη
1137 1534 1231 1586 καὶ
1259 1534 1484 1587 τυπικὸν
1521 1535 1701 1605 νόμον,
1740 1534 1873 1588 πολὺ

293 1620 352 1672 δὲ
376 1621 639 1691 πρότερον
662 1622 751 1674 τὸν
774 1625 831 1675 ὲν
858 1623 1003 1693 αὐτῷ
1029 1624 1290 1695 λεληθότα
1313 1626 1679 1696 πνευματικὸν
1697 1626 1871 1694 λόγον.

293 1712 398 1780 Εἴη
422 1712 467 1763 δ’
502 1711 566 1764 ἂν
599 1714 762 1783 νόμος
795 1715 996 1785 Κυρίου
1040 1717 1135 1769 καὶ
1171 1718 1199 1768 ὁ
1233 1716 1371 1769 κατά
1401 1718 1561 1785 φύσιν
1594 1720 1756 1770 πᾶσιν
1785 1718 1877 1771 ἀν·-

295 1803 533 1874 θρώποις
567 1806 990 1875 ὲνεσπαρμένος,
1034 1807 1100 1859 δι’
1130 1801 1191 1860 οὗ
1246 1809 1589 1880 κατορθῶσαι
1632 1810 1875 1878 λέγονται

292 1898 341 1949 oi
384 1898 490 1966 πρὸ
516 1895 612 1948 τοῦ
642 1896 729 1950 διὰ
777 1896 1046 1962 Μωῡσέως
1087 1900 1249 1969 νόμου
1296 1899 1474 1968 ἅγιοι·
1512 1903 1639 1972 περὶ
1666 1895 1739 1955 ὦν
1772 1920 1876 1974 φη·-

294 2004 379 2039 σιν
406 1990 436 2040 ό
489 1988 843 2052 Ἀπόστολος·
896 1992 1072 2045 Ὅταν
1115 1994 1227 2061 γὰρ
1272 1994 1416 2061 ἔθνη
1462 1996 1535 2048 τὰ
1568 1996 1653 2064 μὴ
1688 1998 1875 2065 νόμον

287 2080 533 2148 ἔχοντα,
580 2081 671 2131 τὸν
714 2082 959 2151 γραπτὸν
1004 2082 1265 2153 δηλονότι,
1308 2086 1490 2153 φύσει
1522 2086 1593 2141 τὰ
1633 2086 1739 2140 τοῦ
1770 2090 1873 2141 νό-

282 2189 406 2239 μου
448 2170 615 2237 ποιῇ,
647 2169 830 2236 οὗτοι,
867 2175 1053 2242 νόμον
1070 2173 1156 2243 μὴ
1184 2174 1447 2244 ἔχοντες,
1483 2176 1717 2242 ἑαυτοῖς
1754 2180 1872 2231 εισι

283 2265 494 2331 νόμος.
531 2266 603 2317 Ἣ
648 2265 811 2335 νόμος
858 2265 1059 2337 Κυρίου
1102 2268 1188 2337 εῐη
1235 2268 1300 2320 ἂν
1341 2270 1369 2320 ὁ
1403 2267 1539 2339 πρὸς
1578 2268 1742 2322 αὐτοῦ
1776 2268 1872 2323 τοῦ

288 2354 501 2424 Κυρίου
531 2356 625 2407 καὶ
661 2356 912 2426 Σωτῆρος
954 2356 1109 2426 ἡμῶν
1151 2360 1283 2411 πᾶσι
1319 2361 1431 2422 τοῖς
1457 2358 1632 2413 ἔθνεσι
1667 2376 1876 2431 κατηγ-

287 2445 553 2514 γελμένος
574 2447 925 2513 εὐαγγελικὸς
953 2446 1130 2516 λόγος.

363 2538 472 2590 Kal
504 2537 675 2591 ἔσται
698 2540 777 2604 ὡς
806 2538 873 2590 τὸ
914 2539 1106 2601 ξύλον
1142 2540 1209 2595 τὸ
1238 2542 1688 2611 πεφυτευμένον
1714 2544 1874 2612 παρὰ

288 2629 400 2694 τὰς
430 2629 742 2696 διεξόδους
768 2629 889 2683 τῶν
920 2630 1174 2697 ὑδάτων,
1209 2632 1240 2685 ὃ
1273 2634 1382 2686 τὸν
1420 2635 1656 2702 καρπὸν
1684 2636 1872 2690 αὐτοῦ

288 2722 469 2775 δώσει
504 2724 574 2775 ἐν
614 2723 796 2791 καιρῷ
830 2722 1039 2777 αὑτοῦ.
1087 2725 1142 2779 '0
1190 2725 1279 2778 διὰ
1325 2726 1507 2797 πάσης
1543 2728 1643 2798 τῆς
1678 2728 1870 2781 ἑαυτοῦ

288 2814 439 2884 ζωῆς
478 2817 573 2868 καὶ
617 2817 674 2867 ὲν
711 2818 877 2869 παντὶ
905 2817 1082 2888 καιρῷ
1114 2819 1307 2881 νυκτός
1344 2836 1403 2871 τε
1437 2820 1531 2872 καὶ
1558 2816 1768 2890 ἡμέρας
1793 2820 1873 2887 τῷ

287 2906 421 2976 θείῳ
449 2908 725 2977 σχολάζων
754 2910 925 2980 νόμῳ,
961 2911 1054 2963 καὶ
1079 2914 1191 2974 τοῖς
1218 2910 1277 2975 ἐξ
1299 2910 1464 2965 αὐτοῦ
1498 2911 1736 2981 λογικοῖς
1777 2914 1877 2967 νά·-

291 3015 459 3069 μασιν
490 3001 806 3073 ἀρδόμενος,
838 3002 1046 3073 σφόδρα
1081 3003 1298 3067 οἰκείως
1328 3004 1480 3075 φυτῷ
1512 3008 1643 3077 παρ’
1686 3006 1872 3060 ὓδασιν

285 3091 646 3162 ιρῤιζωμένῳ
694 3093 1145 3164 παραϐέϐληται·
1197 3094 1277 3147 διὸ
1332 3096 1428 3149 xal
1482 3096 1747 3167 μακάριος
1797 3097 1875 3161 ὡς

285 3184 506 3253 ἀληθῶς
549 3179 727 3251 οὗτος,
761 3186 855 3239 ἆτε
902 3186 1135 3256 μάλιστα
1168 3188 1518 3259 ποτιζόμενος
1554 3192 1668 3252 τοῖς
1710 3188 1872 3253 θείοις

2053 986 2220 1040 Vens.
2251 986 2305 1039 2.
2348 985 2450 1040 Sed
2507 985 2561 1037 in
2614 984 2717 1054 lege
2744 983 2959 1038 Domini
2984 984 3223 1037 voluntas
3253 981 3387 1049 ejus,
3420 990 3469 1035 et
3496 982 3551 1035 in

1982 1078 2089 1147 lege
2123 1078 2238 1139 eius
2292 1076 2630 1130 meditabitur
2678 1075 2762 1129 die
2814 1087 2876 1128 ac
2925 1084 3091 1129 nocte.
3142 1072 3279 1141 Quia
3317 1074 3551 1127 multum

1981 1167 2318 1223 discriminis
2346 1176 2431 1223 est
2466 1168 2607 1221 inter
2636 1181 2731 1222 eos
2760 1167 2854 1236 qui
2885 1174 3030 1221 metu
3065 1165 3317 1236 supplicii
3356 1180 3551 1219 neces.

1981 1262 2250 1329 sitateque
2281 1260 2457 1314 coacti
2506 1261 2642 1314 bene
2685 1267 2890 1328 agunt,
2935 1274 2987 1313 et
3033 1272 3129 1313 e0s
3174 1258 3265 1327 qui
3318 1257 3551 1327 propriae

1980 1354 2277 1408 voluntatis
2338 1353 2548 1408 delectu
2600 1350 2665 1404 ad
2703 1350 2906 1404 bonum
2955 1364 3013 1403 se
3060 1340 3383 1414 conferunt,
3428 1347 3551 1403 ideo

1981 1449 2095 1502 ait:
2136 1446 2201 1501 In
2251 1447 2355 1517 lege
2406 1444 2619 1498 Domini
2665 1442 2906 1496 voluntas
2947 1441 3082 1509 ejus.
3140 1439 3336 1510 Legem
3369 1448 3549 1493 autem

1981 1538 2134 1601 dicit,
2164 1546 2273 1592 nbn
2304 1537 2649 1591 umbratilem
2678 1535 2829 1607 illam
2869 1539 2922 1587 et
2963 1532 3247 1602 ﬁguratam
3269 1570 3284 1595 ,
3316 1530 3413 1587 sed
3456 1547 3549 1600 p0.

1978 1632 2090 1686 tius
2124 1630 2403 1700 spirituale
2432 1629 2657 1683 verbum
2700 1628 2755 1680 in
2794 1641 2860 1680 ea
2894 1626 3069 1680 latens
3110 1632 3163 1679 et
3211 1623 3548 1679 obvolutum.

1982 1721 2167 1777 Fuerit
2197 1723 2361 1776 etiam
2407 1720 2639 1774 fortasse
2686 1719 2769 1772 lex
2805 1716 3019 1771 Domini
3056 1731 3120 1770 ea
3152 1731 3272 1786 qua:
3297 1716 3552 1769 omnibus

1981 1814 2293 1870 hominibus
2318 1814 2386 1867 ab
2414 1813 2530 1882 ipsa
2560 1822 2754 1864 natura
2795 1809 2961 1863 insita
3003 1816 3118 1874 est;
3153 1822 3261 1877 qua
3300 1808 3437 1861 duce
3467 1806 3551 1859 di-

1980 1914 2182 1960 cuntur
2211 1904 2379 1975 probe
2410 1904 2612 1958 vixisse
2653 1901 2826 1956 sancti
2856 1900 2949 1970 qui
2984 1908 3108 1954 ante
3136 1898 3339 1969 Moysis
3377 1898 3549 1964 legem
3592 1882 3605 1899 ’

1907 1972 1949 2027 Β
1978 1972 2234 2056 Γιιθιιιηῑι
2264 1999 2331 2053 de
2353 1998 2551 2069 quibus
2577 1997 2651 2049 ait
2677 1995 3003 2065 Apostolus:
3026 1992 3157 2047 Cum
3184 1994 3321 2046 enim
3349 2000 3547 2061 gentes,

1975 2108 2092 2164 qua:
2119 2090 2285 2161 legem
2338 2106 2438 2143 non
2473 2087 2699 2152 habent,
2741 2085 3000 2154 scriptam
3025 2083 3298 2148 videlicet,
3328 2089 3549 2135 natura-

1977 2186 2098 2239 liter
2125 2201 2186 2238 ea
2207 2200 2325 2254 qua:
2355 2182 2481 2252 legis
2515 2189 2640 2235 sunt
2681 2180 2884 2249 faciunt
2908 2218 2923 2243 ,
2971 2174 3231 2245 ejusmodi
3258 2174 3417 2243 legem
3446 2189 3549 2225 non

1973 2274 2238 2337 habentes,
2273 2272 2374 2337 ipsi
2410 2268 2510 2324 sibi
2542 2277 2665 2322 sunt
2706 2269 2787 2321 lex
2824 2268 2887 2318 ¹’.
2929 2265 3035 2318 Aut
3076 2265 3165 2319 lex
3196 2261 3411 2316 Domini
3441 2261 3549 2315 fuco

1973 2366 2045 2421 rit
2070 2365 2441 2435 evangelicum
2474 2360 2724 2423 verbum,
2748 2359 2817 2411 ab
2851 2357 2969 2427 ipso
3003 2354 3237 2409 Domino
3272 2360 3328 2408 et
3367 2350 3534 2407 Salva-

1972 2469 2090 2516 tore
2116 2468 2303 2514 nostro
2332 2457 2585 2513 onuftbus
2613 2452 2863 2528 gemibus
2898 2450 3316 2525 enuntiatum.

2041 2549 2210 2607 Vens.
2265 2550 2319 2605 5.
2368 2548 2434 2603 Et
2483 2550 2583 2603 erit
2622 2556 2873 2617 tanquam
2916 2545 3116 2613 lignum
3160 2538 3299 2613 quod
3344 2539 3529 2609 planta

1974 2652 2082 2697 tum
2104 2652 2179 2696 est
2203 2658 2350 2697 secus
2380 2641 2631 2695 decursus
2659 2653 2939 2708 aquarum,
2967 2634 3106 2705 quod
3136 2634 3367 2702 fructum
3396 2647 3549 2685 suum

1974 2734 2124 2788 dabit
2175 2737 2230 2787 in
2264 2742 2491 2799 tempore
2518 2746 2634 2786 suo.
2671 2727 2775 2795 Qui
2826 2742 2923 2797 per
2967 2733 3138 2779 totam
3183 2724 3351 2778 vitam
3393 2736 3547 2777 suam

1974 2827 2231 2896 omnique
2264 2832 2508 2893 tempore
2552 2827 2713 2875 nocte
2757 2833 2821 2873 ac
2856 2814 2945 2872 die
2993 2816 3192 2871 divina:
3220 2813 3325 2885 legi
3353 2821 3547 2876 vacat,

1973 2927 2028 2974 et
2057 2919 2205 2973 rivis.
2244 2931 2309 2971 ex
2347 2929 2410 2969 eo
2446 2912 2775 2975 liuentibus,
2831 2908 3208 2979 spiritualibus
3253 2907 3544 2977 irrigatur,

1974 3008 2263 3062 admodum
2300 3006 2549 3078 apposite
2593 3005 2779 3074 ligno,
2827 3002 2987 3070 cujus
3038 3000 3252 3055 radices
3303 2998 3551 3070 proxime

1975 3114 2146 3170 aquas
2179 3098 2367 3167 positae
2402 3103 2550 3163 sunt,
2582 3102 2949 3166 comparatur.
2984 3092 3326 3164 Quapropter
3356 3105 3547 3147 revera

1976 3193 2165 3247 beatus
2194 3190 2284 3244 ille
2311 3232 2326 3256 ,
2357 3196 2543 3258 utpote
2585 3188 2680 3258 qui
2727 3186 2929 3240 divinis
2973 3191 3134 3255 potus
3180 3184 3548 3253 irrigatusque

290 3276 633 3345 μαθήμασιν,
669 3277 879 3348 ὣριμον
918 3278 1111 3332 ἑαυτοῦ
1148 3281 1238 3333 τὸν
1278 3281 1489 3351 καρπὸν
1530 3281 1867 3334 ἀποδίδωσιν.

1974 3281 2297 3353 disciplinis,
2326 3296 2484 3335 suum
2516 3287 2823 3349 opportuno
2863 3284 3105 3347 tempore
3140 3276 3378 3330 fructum
3407 3288 3547 3345 prae-

286 3364 403 3421 Εἴτ’
436 3370 625 3425 ἐπειδὴ
668 3370 822 3436 ξύλον
856 3372 976 3424 ἐστὶ
1016 3370 1159 3442 ζωῆς
1194 3373 1222 3424 ὁ
1268 3372 1363 3425 τοῦ
1408 3372 1543 3426 Θεοῦ
1589 3373 1717 3437 Υἱὸς
1733 3373 1874 3427 κατὰ

282 3461 378 3513 τὸν
427 3462 749 3533 Σολομῶντα
798 3466 1045 3535 φήσαντα
1095 3465 1222 3536 περὶ
1254 3465 1355 3534 τῆς
1401 3466 1630 3535 Σοφίας·
1672 3467 1873 3520 Ξύλον

285 3552 423 3605 ἐστὶ
466 3552 618 3620 ζωῆς
656 3553 807 3608 πᾶσι
830 3555 955 3620 τοῖς
981 3556 1399 3625 ἀντεχομένοις
1422 3556 1613 3625 αὐτῆς
1635 3557 1729 3611 καὶ
1759 3560 1874 3621 τοῖς

285 3643 729 3714 ὲπερειδομένοις
748 3648 835 3698 ἐπ’
860 3648 1027 3719 αὐτὴν
1048 3647 1123 3711 ὡς
1143 3649 1233 3701 ἐπὶ
1246 3648 1447 3720 Κύριον
1472 3649 1682 3721 ἀσφαλῆ
1707 3651 1830 3719 (sic)
1851 3667 1866 3682 ο

287 3738 514 3800 εἰκότως
544 3739 573 3791 ὁ
608 3739 1042 3811 μακαριζόμενος
1071 3741 1145 3811 τῷ
1171 3739 1265 3793 τοῦ
1292 3740 1426 3793 Θεοῦ
1455 3741 1569 3812 Υἱῷ
1590 3742 1873 3812 ἀφωμοιω-

286 3843 376 3881 ται
414 3828 494 3898 τῷ
526 3829 679 3900 παρά
711 3828 811 3894 τὰς
842 3828 1104 3895 διεξόδους
1139 3832 1251 3884 ὄντι
1296 3833 1403 3885 τῶν
1432 3833 1637 3887 ὑδάτων
1667 3849 1872 3905 μαρτυ-

291 3920 553 3991 ρούμενος
586 3923 681 3974 καὶ
706 3923 1104 3993 κηρυττόμενος
1138 3922 1244 3976 ὑπὸ
1269 3923 1379 3976 τῶν
1404 3923 1503 3994 τῆς
1545 3924 1693 3986 θείας
1732 3924 1872 3995 Γρα-

288 4013 395 4081 φῆς
421 4012 757 4066 διδασκάλων
792 4014 887 4065 καὶ
916 4014 1237 4086 προφητῶνο
1273 4015 1468 4079 οἵτινες
1512 4016 1605 4068 καὶ
1647 4012 1869 4084 ἀφέσεις

292 4099 499 4153 ὑδάτων
524 4101 677 4172 παρά
702 4103 767 4172 τῇ
801 4100 1139 4172 θεοπνεύστῳ
1165 4102 1414 4172 λέγονται
1439 4104 1657 4175 Γραφῇ.
1683 4104 1869 4174 Τούτῳ

286 4186 382 4243 οὖν
419 4192 777 4262 ἀφωμοίωται
821 4195 850 4246 ὁ
892 4194 1344 4265 μακαριζόμενος,
1377 4197 1669 4267 ἀρδόμενος
1703 4195 1871 4260 διεξό-

288 4280 399 4345 δοις
426 4282 538 4334 τῶν
574 4284 685 4335 ἀπὸ
712 4282 812 4353 τῆς
842 4282 989 4346 θείας
1019 4285 1241 4355 Γραφῆς
1284 4287 1665 4358 πνευματικῶν
1692 4288 1869 4358 ναμά-

290 4388 420 4435 των,
449 4374 662 4443 καρπόν
691 4391 751 4426 τε
778 4373 980 4441 ἀγαθὸν
1005 4374 1313 4447 προφέρων.

362 4547 470 4601 Καὶ
521 4547 586 4599 τὸ
616 4548 858 4615 φύλλον
892 4549 1079 4603 αὑτοῦ
1104 4552 1215 4604 οὐκ
1262 4550 1725 4619 ἁπορῤυήσεται,
1768 4551 1869 4605 καὶ

1973 3374 2120 3431 beat.
2173 3373 2442 3443 Deinceps
2497 3372 2625 3443 quia
2680 3369 2775 3424 Dei
2826 3367 2999 3424 Filius
3034 3369 3239 3440 lignum
3290 3367 3418 3421 vita:
3464 3374 3549 3420 est

1967 3466 2122 3537 juxta
2172 3464 2521 3521 Salomonem
2575 3463 2669 3533 qui
2726 3462 2795 3517 de
2846 3460 3123 3530 Sapientia
3177 3460 3308 3513 talia
3356 3457 3542 3512 fatur:

1970 3557 2196 3628 Lignum
2235 3558 2353 3612 vitae
2385 3564 2462 3610 est
2514 3555 2594 3608 his
2646 3554 2736 3624 qui
2781 3551 3211 3623 apprehenderint
3243 3565 3359 3603 eam
3384 3550 3441 3612 ³,
3492 3555 3547 3601 et

1970 3647 2065 3717 qui
2107 3660 2208 3711 ea,
2277 3644 2393 3699 sive
2442 3644 2563 3714 ipso
2606 3641 2855 3709 Domino,
2913 3640 3025 3695 nixi
3078 3638 3311 3702 fuerint,
3352 3650 3546 3692 secure

1971 3735 2206 3805 degunt;
2261 3734 2387 3804 jure
2452 3748 2519 3788 ac
2574 3732 2771 3788 merito
2815 3730 2910 3801 qui
2954 3730 3146 3785 beatus
3183 3728 3542 3798 praedicatur,

1968 3824 2110 3881 Filio
2130 3825 2226 3881 Dei
2261 3826 2456 3880 similis
2490 3824 2724 3890 dicitur,
2762 3822 2855 3892 qui
2890 3835 3050 3876 secus
3082 3820 3348 3875 decursus
3377 3832 3545 3887 aqua-

1969 3935 2091 3974 rum
2124 3920 2264 3975 situs
2304 3925 2424 3982 est,
2474 3916 2675 3987 quique
2711 3912 3025 3968 testimonio
3055 3926 3119 3966 ac
3164 3910 3547 3981 praedicatione

1969 4011 2249 4067 doctorum
2290 4009 2490 4064 divinas
2530 4006 2855 4077 Scriptum,
2910 4019 2975 4059 ac
3029 4004 3412 4074 prophetarum
3446 4015 3547 4053 an-

1967 4104 2292 4158 nuntiatur:
2327 4116 2451 4154 nam
2510 4099 2547 4152 ii
2597 4096 2922 4153 emissiones
2984 4110 3249 4165 aquarum
3297 4093 3353 4148 in
3396 4091 3547 4147 Scriu

1968 4201 2130 4264 ptura
2163 4190 2346 4245 divina
2386 4189 2744 4259 appellantur.
2784 4186 2922 4240 Huic
2968 4187 3152 4255 itaque
3192 4191 3545 4255 comparatur

1968 4286 2063 4357 qui
2109 4286 2300 4339 beatus
2337 4283 2534 4338 dicitur
2558 4324 2572 4346 ,
2605 4284 2865 4352 irrigatus
2899 4279 3118 4333 ﬂuentis
3154 4278 3395 4331 rivorum
3431 4276 3546 4345 spi-

1969 4377 2246 4431 ritualium
2302 4390 2334 4428 a
2384 4374 2668 4443 Scriptura
2703 4384 2859 4426 sacra
2910 4367 3284 4430 manantium,
3332 4372 3387 4420 et
3430 4363 3548 4418 fru-

1968 4472 2115 4519 ctum
2150 4462 2431 4532 prol‘erens
2462 4463 2686 4517 bonum.

2041 4555 2112 4609 Et
2141 4556 2327 4624 folium
2357 4555 2471 4616 eius
2519 4570 2625 4607 non
2666 4552 2859 4621 deﬂuet
2879 4591 2894 4615 ,
2947 4560 2995 4604 et
3026 4548 3201 4604 omnia
3230 4560 3545 4617 quacunque

291 4636 489 4691 πάντα
538 4637 657 4689 ὅσα
709 4636 787 4691 ἂν
834 4639 977 4706 ποιῇ
1028 4640 1592 4707 κατευοδωθήσεται.
1646 4643 1756 4696 Καὶ
1811 4642 1867 4695 τὰ

1973 4648 2131 4719 faciet
2152 4644 2621 4714 prosperabuntur.
2655 4642 2720 4695 Et
2747 4642 2875 4697 folia
2905 4640 3045 4709 ejus,
3078 4646 3139 4691 ut
3172 4637 3312 4691 alius
3341 4635 3539 4704 inquit,

293 4727 465 4796 φύλλα
498 4727 557 4780 δὲ
604 4729 791 4791 αὐτοῦ,
827 4730 902 4793 ὡς
936 4729 1091 4794 ἄλλος
1126 4726 1310 4802 φησιν,
1346 4730 1509 4801 ἕτερα
1552 4732 1679 4786 ὄντα
1719 4735 1868 4806 παρὰ

290 4818 387 4870 τὸν
418 4820 621 4871 τέλειον
644 4819 877 4890 καρπὸν,
913 4820 982 4872 τά
1010 4820 1150 4873 κατά
1193 4821 1283 4875 τὸν
1312 4822 1503 4891 θνητὸν
1534 4822 1730 4895 δηλαδὴ
1758 4825 1868 4895 βίον

290 4910 613 4978 πράγματα,
644 4910 712 4963 τά
756 4926 814 4962 τε
848 4909 990 4963 κατά
1016 4909 1113 4981 τὴν
1148 4911 1494 4983 ἀνθρωπίνην
1544 4912 1707 4984 ζωὴν,
1746 4915 1867 4969 καθ’

287 4999 356 5068 ἣν
383 5000 478 5052 καὶ
505 5000 535 5051 ό
558 4999 761 5061 τέλειος
779 5000 989 5071 καρπὸς
1017 5001 1306 5054 σκέπτεταί
1337 5019 1395 5055 τε
1423 5003 1516 5056 καὶ
1544 5004 1867 5073 φυλάττεται

286 5090 381 5142 καὶ
412 5092 513 5143 οὐκ
557 5093 810 5162 ἀπορρεῖ,
849 5092 1008 5162 μέχρι
1053 5093 1146 5145 καὶ
1187 5093 1391 5148 τούτων
1430 5095 1673 5164 ἀκριϐῶς
1715 5096 1865 5167 βιοῦν

287 5184 847 5255 ⁸εαραιιουλαττιῖνμένου
869 5202 884 5215 ’
912 5186 992 5238 διὸ
1014 5187 1108 5238 καὶ
1131 5187 1189 5241 ὲν
1217 5189 1383 5241 πᾶσιν
1410 5183 1490 5252 οἷς
1518 5188 1583 5243 ἂν
1608 5194 1730 5261 ποιῇ
1759 5192 1863 5245 ὑπὸ

284 5275 379 5329 τοῦ
418 5276 553 5329 Θεοῦ
599 5276 1119 5347 κατευοδωθήσεται.
1164 5279 1275 5331 Καὶ
1320 5279 1491 5343 ἄλλως
1532 5281 1561 5331 ὁ
1596 5283 1864 5353 μακάριος

281 5368 366 5420 διὰ
405 5368 605 5431 παντὸς
649 5369 944 5440 ἀρδόμενος
985 5368 1137 5423 ὕδασι
1167 5369 1403 5439 λογικοῖς
1432 5372 1530 5442 τῆς
1563 5372 1744 5426 ἐνθέου
1782 5374 1863 5426 δι-

281 5461 598 5523 δασκαλίας,
630 5462 724 5514 καὶ
768 5462 867 5532 τῆς
897 5460 1280 5532 προσηκούσης
1310 5463 1583 5533 γεωργίας
1609 5465 1747 5518 κατὰ
1772 5464 1863 5519 τὸν

284 5553 529 5622 παρόντα
574 5552 688 5609 Βίον
732 5553 1016 5623 τυγχάνων
1056 5555 1115 5606 ἐν
1142 5553 1318 5625 καιρῷ
1365 5554 1442 5624 τῷ
1472 5555 1663 5609 ἑαυτοῦ
1705 5558 1863 5612 δώσει

282 5644 368 5695 τὶν
402 5644 595 5698 ἑαυτοῦ
626 5645 856 5716 καρπόν.
893 5644 1096 5709 Καιρδς
1131 5644 1187 5698 δὲ
1218 5644 1382 5698 αὐτοῦ
1415 5648 1448 5700 ὁ
1478 5648 1683 5718 μέλλων
1718 5652 1865 5706 ἐστὶν

358 5758 395 5788 ¹⁶
440 5759 595 5817 Rom.
631 5776 707 5823 ιι.
746 5761 830 5815 Η.
907 5762 927 5791 ¹
967 5759 1131 5816 Prov.
1167 5777 1261 5830 ιιι,
1300 5761 1383 5817 18.

374 5946 409 5963 ’δ

1968 4755 2090 4812 quae
2127 4739 2340 4795 diversa
2371 4744 2497 4792 sunt
2535 4751 2565 4789 a
2592 4734 2831 4805 perfecto
2859 4732 3037 4786 fructu
3057 4770 3071 4795 ,
3106 4728 3356 4783 videlicet
3376 4740 3539 4795 Opera

1968 4832 2218 4887 mortalis
2241 4831 2469 4899 hujusce
2487 4829 2628 4892 vitaz,
2654 4827 2986 4896 humanique
3010 4822 3224 4878 vivendi
3252 4820 3538 4880 curriculi.

1969 4924 2024 4978 in
2056 4939 2163 4994 quo
2205 4921 2417 4977 fructus
2466 4921 2556 4975 ille
2585 4920 2858 4990 perfectus
2884 4923 3162 4986 spectatur
3194 4919 3248 4968 et
3277 4912 3540 4965 observa-

1969 5012 2222 5077 tur,'non
2262 4996 2519 5077 detinent,
2547 5012 2677 5065 dum
2731 5011 2845 5079 ipse
2895 5007 3063 5078 probe
3098 5000 3313 5058 vivendi
3351 5016 3539 5056 curam

1971 5109 2221 5175 habebit;
2261 5106 2610 5177 quamobrem
2662 5104 2714 5157 in
2766 5100 2979 5156 cunctis
3036 5095 3293 5166 operibus
3340 5095 3456 5149 suis
3508 5104 3540 5147 ιι

1968 5198 2081 5255 Deo
2107 5208 2253 5253 recte
2281 5211 2647 5268 prospereque
2688 5192 2970 5263 dirigetur.
3025 5187 3143 5241 Alia
3168 5200 3297 5240 vero
3328 5186 3539 5239 ratione

1972 5294 2051 5347 sic
2078 5291 2380 5361 explicatur
2406 5308 2418 5344 :
2451 5288 2648 5343 Beatus
2683 5287 2772 5339 ille
2819 5284 2911 5353 qui
2941 5294 3155 5350 semper
3185 5277 3537 5348 intelligibiii-

1969 5383 2072 5437 bus
2106 5381 2304 5435 divina:
2357 5379 2618 5434 doctrina:
2664 5376 2820 5447 aquis
2877 5373 3168 5442 irrigatur,
3200 5374 3255 5424 et
3308 5368 3363 5423 in
3402 5384 3539 5439 pne-

1969 5474 2107 5530 senti
2140 5472 2250 5526 vita
2276 5487 2375 5526 ceu
2405 5486 2532 5540 ager
2565 5474 2923 5539 congruenter
2950 5462 3182 5526 colitur;
3218 5458 3372 5515 dabit
3426 5458 3537 5511 fru-

1969 5573 2117 5620 ctum
2160 5579 2318 5619 suum
2352 5563 2406 5617 in
2437 5571 2676 5631 tempore
2718 5574 2838 5614 suo.
2898 5554 3138 5625 Tempus
3187 5566 3353 5622 porro
3382 5552 3536 5621 ejus,

1973 5655 2213 5711 futurum
2254 5653 2508 5711 saeculum
2540 5659 2662 5708 est:
2695 5647 2978 5721 praesentis
3010 5646 3210 5717 quippe
3243 5644 3367 5699 vita:
3403 5652 3539 5698 tem-
