4020 6372
410 306 480 363 τε,
1035 280 1305 340 EUSEBll
1343 287 1824 348 CAESARIENSIS
1861 292 2010 349 OPP.
2052 293 2234 351 PARS
2274 297 2361 355 III.
2393 331 2461 340 —
2503 300 2908 359 EXEGETICA.
3593 313 3662 360 80

411 435 513 490 pus
560 434 670 475 non
712 421 815 490 ipsi
851 420 1129 490 proprium
1153 462 1167 484 ,
1205 424 1298 477 sed
1349 424 1584 480 alienum
1622 433 1733 489 est;
1789 441 1984 496 quam-

2094 441 2223 478 αιων
2247 443 2259 454 ·
2307 427 2496 496 ἐπειδη
2540 442 2634 477 του
2674 440 2936 495 παροντος
2967 424 3066 476 οὐκ
3107 420 3253 474 ἐστιν
3295 421 3510 483 οἰκεῖος,
3546 419 3660 472 ἀλλ’

409 510 596 564 obrem
625 509 680 564 in
709 517 953 580 tempore
972 525 1071 565 suo
1098 515 1383 581 praesentis
1406 516 1751 585 agricultura:
1773 516 1984 590 fructus

412 599 524 656 Deo
547 601 807 672 proferet.
836 603 957 658 Alio
991 619 1205 674 quoque
1232 605 1392 660 modo
1425 606 1780 679 intelligitur;
1822 609 1985 664 nimi-

408 709 555 757 rum,
587 693 678 749 ille
715 693 806 764 qui
833 694 1027 751 beatus
1064 696 1427 766 praedicatur,
1481 714 1547 754 ex
1605 700 1823 754 mortali
1875 701 1986 756 vita

407 783 740 847 translatus,
806 784 1223 852 promissionem
1274 786 1496 842 habebit
1539 804 1598 844 se
1634 789 1877 846 futurum
1929 793 1985 848 in

409 874 665 943 paradiso
695 874 785 929 Dei
817 877 974 945 quasi
1013 876 1220 956 lignum
1249 881 1394 948 quod
1443 880 1744 950 plantatum
1787 892 1872 939 est
1900 900 1987 940 se-

407 981 506 1020 cus
531 967 794 1024 decursus
817 983 1104 1038 aquarum.

480 1057 648 1115 Vens.
681 1061 736 1117 4.
777 1059 900 1116 Non
935 1063 1010 1116 sic
1053 1062 1241 1132 impii,
1289 1079 1391 1118 non
1427 1065 1538 1129 sic,
1594 1066 1685 1122 sed
1731 1077 1985 1137 tanquam

403 1151 576 1220 pulvis
609 1166 767 1222 quem
813 1153 1028 1223 proiicit
1067 1166 1246 1211 veritus
1301 1175 1333 1210 a
1382 1159 1517 1226 [acie
1563 1168 1736 1215 terraz.
1785 1159 1984 1217 Beatus

408 1241 500 1298 ille
529 1243 708 1313 qualis
742 1243 833 1299 hic
883 1244 1215 1301 describitur
1243 1265 1257 1302 :
1281 1257 1332 1302 et
1362 1265 1494 1304 sane
1528 1249 1842 1318 hujusmodi
1886 1253 1984 1306 ho-

405 1334 583 1390 mines
613 1335 903 1390 admodum
933 1336 1043 1389 rari
1088 1337 1356 1406 paucique
1385 1347 1532 1395 sunt.
1583 1339 1652 1394 At
1681 1341 1830 1411 impii
1863 1359 1982 1397 ma-

403 1439 511 1494 gno
542 1437 804 1490 numero;
853 1424 946 1494 qui
979 1431 1038 1479 ut
1086 1425 1222 1478 nihil
1253 1425 1515 1482 habentes
1562 1426 1704 1496 apud
1764 1428 1982 1483 beatum

407 1518 556 1572 illum
590 1519 730 1573 male
756 1518 1019 1583 audiunt;
1054 1517 1294 1572 fructum
1322 1520 1522 1590 quippe
1548 1530 1979 1592 temporaneum,

407 1613 723 1668 mutabilem
772 1627 837 1668 ac
885 1613 1189 1683 periturum
1241 1613 1615 1683 possidentes,
1674 1614 1804 1670 facti
1855 1623 1985 1671 sunt

405 1704 566 1774 quasi
592 1704 761 1774 pulvis
785 1721 935 1774 quem
960 1704 1172 1774 projicit
1203 1715 1379 1759 ventus
1406 1723 1439 1759 α
1464 1705 1600 1774 facie
1627 1715 1802 1762 terrae.

2087 518 2394 589 ἀλλότριος·
2443 516 2522 570 διὸ
2569 518 2626 569 ἐν
2669 516 2858 586 ἐκείνῳ
2897 515 2973 586 τῷ
3003 514 3195 568 ἐαυτοῦ
3239 512 3412 584 καιρῷ
3440 513 3535 582 τῆς
3573 513 3660 563 ἐν.

2086 608 2261 662 ταῦθα
2311 607 2582 679 γεωργίας
2628 606 2896 661 ἀποδώσει
2943 605 3020 675 τῷ
3061 604 3179 674 Θεῷ
3221 606 3344 668 τοὺς
3395 603 3659 675 καρπούς.

2087 700 2196 753 Καὶ
2248 699 2368 752 καθ’
2413 699 2600 768 ἕτερον
2633 698 2687 750 δέ
2731 697 2951 769 τρόπον,
2994 699 3022 750 6
3064 694 3520 768 μακαριζόμενος,
3570 711 3664 765 με-

2085 790 2444 860 ταφυτευθεὶς
2495 791 2556 842 ἐκ
2599 787 2693 841 τοῦ
2744 786 2938 859 θνητοῦ
2988 786 3123 857 βίου,
3179 785 3503 854 ἐπαγγελίαν
3553 783 3663 848 ἕξει

2086 885 2142 936 ἐν
2168 882 2250 954 τῷ
2295 881 2606 953 παραδείσῳ
2633 878 2727 933 τοῦ
2772 879 2906 934 Θεοῦ
2953 879 3187 943 ἔσεσθαι,
3221 879 3295 943 ὼς
3323 878 3383 932 τὺ
3414 878 3566 943 ξύλον
3605 878 3666 930 τὸ

2090 974 2496 1046 πεφυτευμένον
2523 972 2673 1045 παρά
2695 972 2791 1036 τὰς
2816 972 3078 1038 διεξόδους
3107 969 3214 1024 τῶν
3241 971 3467 1025 ὑδάτων.

2164 1068 2288 1134 Οὐχ
2320 1067 2506 1130 οὕτως
2537 1068 2591 1118 οὶ
2617 1063 2872 1129 ἀσεϐεῖς,
2905 1065 3017 1132 οὐχ
3047 1064 3252 1130 οὕτως,
3281 1064 3416 1117 ἀλλ’
3447 1061 3485 1131 ἣ
3522 1061 3663 1116 ὡσεί

2083 1159 2251 1227 χοῦς,
2295 1158 2366 1210 ὃν
2405 1158 2664 1226 ἐκρίπτει
2697 1159 2729 1210 ό
2774 1157 2992 1226 ἄνεμος
3045 1156 3163 1210 ἀπὸ
3205 1155 3529 1224 προσώπου
3558 1153 3668 1224 τῆς

2083 1248 2215 1320 γῆς.
2263 1250 2320 1302 '0
2354 1249 2449 1319 μέν
2486 1249 2752 1320 μακάριος
2793 1248 3033 1311 τοιοῦτος
3060 1243 3170 1300 οἷον
3209 1248 3236 1300 6
3267 1248 3422 1316 λόγος
3453 1238 3671 1319 διέγρα-

2083 1341 2213 1411 ψεν·
2251 1341 2474 1403 σπάνιος
2511 1341 2566 1393 δέ
2602 1337 2756 1403 οὗτος
2793 1340 2886 1393 καὶ
2923 1341 2979 1391 ἐν
3018 1340 3218 1408 ὀλίγοις
3260 1339 3666 1410 εὑρισκόμενος.

2085 1429 2274 1483 Πολλοὶ
2315 1430 2371 1482 δέ
2410 1431 2459 1482 οἱ
2492 1430 2728 1493 ἀσεϐεῖς,
2769 1429 2966 1493 οἵτινες
3011 1429 3085 1492 ὡς
3133 1430 3298 1501 μηδὲν
3341 1429 3552 1500 ἔχοντες
3593 1429 3669 1498 τῷ

2087 1522 2341 1594 μακαρίῳ
2367 1522 2768 1595 διαϐέϐληνται.
2809 1523 3036 1594 Καρπὸν
3067 1523 3175 1594 γὰρ
3205 1522 3536 1593 πρόσκαιρον
3575 1522 3670 1575 καὶ

2087 1614 2395 1678 σκεδαστὸν,
2414 1615 2506 1666 καὶ
2527 1613 2893 1686 ἀπολλύμενον
2917 1616 3267 1686 κτησάμενοι,
3291 1615 3575 1682 γεγόνασιν
3595 1615 3669 1680 ῶς

2085 1708 2118 1760 ό
2133 1705 2280 1775 χοῦς
2300 1705 2371 1758 ὃν
2385 1705 2646 1774 ἑκρίπτει
2660 1708 2692 1758 ὀ
2709 1706 2926 1774 ἄνεμος
2945 1706 3062 1760 ἀπὸ
3083 1704 3404 1772 προσώπου
3418 1703 3526 1773 τῆς
3539 1705 3668 1775 γῆς.

474 1795 642 1852 Vens.
686 1796 738 1853 5.
784 1795 914 1852 Ideo
967 1815 1070 1852 non
1119 1785 1390 1868 resurgant
1439 1799 1590 1866 impii
1640 1799 1696 1853 in
1739 1798 1980 1868 judicio,

2155 1797 2257 1851 Διὰ
2285 1797 2461 1851 τοῦτο
2493 1800 2603 1850 οὐκ
2627 1798 3075 1864 ἀναστήσονται
3105 1798 3340 1864 ἀσεϐεῖς
3361 1799 3430 1851 ἐν
3454 1800 3670 1866 κρίσει..

405 1905 567 1960 neque
591 1899 890 1958 peccatores
918 1890 972 1943 in
999 1891 1226 1945 concilio
1252 1890 1548 1962 justorum.
1576 1889 1635 1945 In
1669 1892 1980 1955 communi,

406 1977 580 2044 illud,
627 1979 682 2033 in
731 1979 958 2034 concilio
1009 1980 1273 2046 iustorum
1318 1980 1592 2051 accipias,
1637 1979 1713 2033 ita
1760 1989 1819 2034 ut
1870 1981 1984 2034 haec

405 2071 682 2127 sententia
709 2070 874 2127 fuerit
898 2091 910 2126 :
947 2070 1400 2142 Quandoquidem
1427 2073 1564 2126 nihil
1591 2072 1791 2135 fertile.
1818 2071 1985 2127 vitale

402 2163 576 2230 nihil,
607 2179 784 2235 neque
810 2164 1046 2220 fructum
1073 2164 1177 2221 Deo
1199 2164 1423 2236 dignum
1442 2205 1457 2230 ,
1483 2165 1696 2236 qualem
1719 2163 1986 2220 dederunt

399 2257 568 2327 justi,
602 2257 754 2328 impii
783 2259 1094 2329 protulere;
1126 2259 1249 2314 ideo
1278 2258 1333 2314 in
1361 2257 1555 2329 judicii
1585 2265 1862 2326 tempore,
1893 2272 1984 2310 ne-

402 2365 500 2420 que
528 2359 829 2418 peccatores
865 2351 920 2404 in
953 2350 1180 2406 concilio
1207 2351 1481 2420 justorum
1516 2355 1828 2420 resurgent.
1876 2346 1984 2402 Pro

403 2441 642 2496 concilio
672 2450 853 2498 autem
885 2443 1079 2514 Aquila
1115 2451 1168 2498 et
1199 2442 1505 2497 Theodotio
1539 2457 1869 2512 synagogam
1899 2439 1984 2494 in-

401 2534 686 2602 terpretati
714 2541 880 2601 sunt;
915 2533 1276 2606 Symmachus
1302 2548 1452 2596 vero,
1483 2541 1812 2587 conventum.
1837 2530 1986 2586 Con-

404 2625 592 2680 cilium
630 2625 794 2695 igitur
828 2623 918 2678 hic
954 2624 1227 2697 intelligas
1264 2630 1596 2679 conventum
1627 2631 1980 2687 sanctorum,

405 2727 467 2768 ut
504 2715 562 2792 in
597 2715 870 2786 principio
906 2714 1112 2771 dictum
1153 2723 1258 2772 est.
1298 2715 1677 2787 Oppositoque
1711 2729 1877 2770 sensu
1919 2715 1986 2768 il-

403 2807 497 2863 lud
517 2850 533 2876 ,
567 2809 624 2862 in
654 2809 878 2863 concilio
908 2808 1192 2879 impiorum
1213 2849 1228 2874 ,
1257 2824 1358 2879 pro
1386 2816 1660 2863 conventu
1691 2806 1984 2878 impiorum

406 2898 669 2969 accipias.
705 2899 974 2954 Caeterum
1010 2907 1303 2970 resurgcnt
1337 2899 1439 2969 ipsi
1477 2914 1695 2968 quoque
1719 2938 1734 2964 ,
1772 2899 1869 2954 sed
1916 2899 1984 2953 ad

407 3005 623 3061 paruam
653 2999 816 3062 atque
846 2993 1212 3063 supplicium:
1249 2991 1394 3047 Nam
1433 3001 1623 3047 cuncta
1656 3007 1774 3062 qua?
1807 2992 1942 3061 ﬁunt
1966 3030 1982 3056 ,

407 3080 630 3136 adducet
669 3081 812 3138 Deus
864 3084 921 3137 in
958 3082 1228 3153 judicium
1277 3100 1372 3153 pro
1425 3100 1567 3136 amnt
1616 3091 1830 3147 errato,
1880 3083 1986 3137 sive

403 3174 602 3228 bonum
639 3175 747 3230 sive
776 3176 979 3230 malum
1007 3174 1143 3230 illud
1173 3176 1336 3246 fuerit
1369 3177 1409 3231 ³.
1452 3175 1764 3231 Notandum
1805 3183 1988 3230 autem

405 3274 518 3331 est,
555 3267 792 3338 primum
845 3266 1103 3322 Davidem
1154 3269 1615 3324 resurrectionem
1656 3277 1711 3323 et
1744 3267 1990 3322 futurum

401 3365 526 3426 post
573 3357 1033 3412 resurrectionem
1069 3357 1359 3426 judicium,
1392 3374 1606 3413 necnon
1637 3358 1833 3413 futurae
1866 3359 1992 3412 vitae

405 3449 865 3519 promissionem,
925 3458 1110 3520 aperte
1156 3450 1464 3506 docuisse:
1521 3450 1735 3521 Moyses
1789 3450 1992 3520 quippe

400 3540 541 3599 nihil
575 3539 887 3609 huiusmodi
921 3542 1132 3612 uspiam
1164 3540 1409 3595 tradidit.

481 3631 649 3690 VEBS.
689 3633 742 3688 6.
786 3634 1055 3699 Quoniam
1110 3634 1251 3698 novit
1303 3633 1568 3688 Dominus
1618 3635 1759 3688 viam
1807 3633 1988 3703 justo-

405 3740 566 3790 rum,
636 3737 686 3780 et
743 3727 843 3781 iter
900 3727 1184 3797 impiorum
1239 3725 1452 3796 peribit.
1508 3724 1608 3780 Hic
1682 3724 1986 3796 generatim

407 3825 564 3874 notes
619 3818 817 3882 velim,
885 3817 1086 3874 bonum
1141 3817 1362 3888 quidem
1413 3815 1646 3871 Domino
1703 3815 1985 3886 cognitum

399 3926 564 3977 esse,
601 3910 696 3967 sed
729 3909 936 3965 malum
974 3911 1318 3980 neutiquam.
1355 3907 1505 3964 Bona
1541 3908 1741 3979 quippe
1772 3915 1858 3963 est
1891 3907 1985 3976 ju-

408 4011 620 4058 storum
656 4001 775 4067 via,
809 4015 987 4071 neque
1033 4001 1278 4061 dicitur:
1322 3998 1484 4054 Novit
1529 3998 1794 4056 Dominus
1845 3999 1988 4052 viam

409 4094 703 4164 impiorum
729 4133 744 4156 ,
773 4093 1027 4148 videlicet
1053 4108 1246 4148 eorum
1280 4093 1372 4163 qui
1405 4093 1458 4146 in
1491 4092 1787 4162 perniciem
1820 4099 1987 4158 eunt;

411 4185 509 4240 sed
538 4204 550 4238 :
586 4183 749 4239 Novit
783 4183 1045 4239 Dominus
1076 4186 1166 4256 qui
1198 4195 1318 4239 sunt
1348 4185 1463 4253 ejus
1501 4184 1541 4238 ’⁵.
1574 4183 1860 4238 Justorum
1895 4198 1992 4236 au—

411 4290 516 4334 tem
554 4278 641 4333 via
672 4286 757 4335 est
790 4279 839 4334 is
870 4277 965 4347 qui
996 4279 1136 4333 dixit
1167 4298 1179 4333 :
1221 4277 1333 4349 Ego
1363 4294 1484 4333 sum
1513 4279 1598 4332 via
1629 4280 1648 4310 ⁵
1680 4294 1697 4344 ;
1726 4286 1779 4331 et
1809 4276 1942 4332 illud
1973 4296 1985 4332 :

419 4369 600 4426 Videte
628 4387 746 4440 qua:
777 4371 848 4426 ait
881 4371 967 4425 via
997 4370 1136 4424 bona
1155 4373 1196 4425 ⁶.
1229 4370 1358 4427 Haec
1392 4371 1616 4442 respicit
1651 4372 1918 4442 psalmus.

834 4482 1160 4539 PSALMUS
1227 4482 1438 4538 DAVID
1497 4483 1563 4538 ll.

869 4595 1196 4666 Explanatio
1228 4597 1425 4666 psalmi
1465 4612 1528 4653 ll.

479 4713 650 4769 Vens.
679 4717 731 4767 1.
765 4713 944 4780 Quare
975 4712 1303 4782 fremuerunt
1331 4721 1508 4783 gentes
1529 4754 1544 4780 ,
1582 4721 1633 4768 et
1674 4709 1857 4781 populi
1887 4727 1995 4765 me-

409 4807 571 4861 rlitati
603 4815 725 4861 sunt
759 4806 992 4860 inania?
1024 4803 1374 4874 Prophctiam
1411 4803 1598 4867 aﬂert,
1632 4818 1741 4873 qua
1786 4801 1994 4858 Christi

412 4898 679 4953 adventus
709 4897 1027 4952 enuntiatur
1051 4915 1066 4963 ;
1095 4911 1204 4966 quo
1227 4903 1385 4966 pacto
1412 4896 1624 4950 scilicet
1654 4895 1897 4948 futurum
1926 4894 1998 4949 sit

413 4996 475 5044 ut
520 4986 834 5043 Judaeorum
883 4987 1097 5044 insidiis
1147 4993 1454 5056 appetatur,
1496 4985 1848 5056 gentiumque
1875 4998 1997 5037 om-

417 5082 568 5134 nium
600 5079 936 5144 dominetur,
969 5086 1023 5132 et
1053 5083 1322 5147 quotquot
1355 5077 1410 5130 in
1442 5089 1568 5130 eum
1605 5073 1860 5129 ﬁduciam
1894 5073 1993 5127 ha-

414 5172 654 5236 bebunt,
688 5172 808 5241 ejus
842 5185 1010 5242 opera
1047 5169 1232 5225 felices
1262 5168 1521 5223 evadant.
1558 5166 1778 5222 Primus
1810 5167 1995 5237 itaque

411 5265 661 5336 psalmus
698 5279 860 5334 parce
894 5265 1125 5334 loquens
1175 5278 1344 5317 unum
1387 5261 1654 5317 duntaxat
1703 5261 1797 5331 qui
1843 5261 1993 5314 salu-

409 5369 520 5413 tem
577 5365 913 5412 consecutus
959 5364 1042 5411 est
1092 5356 1310 5410 beatum
1368 5355 1666 5424 praedicat;
1720 5353 1810 5407 hic
1860 5368 1993 5408 vero

411 5450 662 5520 psalmus
697 5447 764 5502 ad
803 5448 1116 5503 felicitatem
1150 5447 1558 5501 multitudinem
1594 5456 1770 5500 vocat.
1809 5443 1992 5514 Siqui-

407 5541 532 5595 dem
564 5541 814 5596 omnium
848 5556 958 5595 una
1004 5541 1249 5613 gentium
1291 5541 1636 5596 vocationem
1677 5539 1995 5608 complecti-

409 5645 522 5696 tur,
561 5649 842 5703 regnaque
868 5643 1031 5689 terra:
1057 5634 1251 5688 invitat
1281 5632 1349 5686 ad
1377 5632 1629 5686 salutem.
1668 5629 1794 5685 Ilzrc
1823 5645 1991 5699 porro

409 5732 552 5780 bona
605 5739 702 5792 per
748 5724 1030 5779 Christum
1076 5723 1391 5778 hominibus
1439 5721 1745 5778 obventura
1792 5735 1988 5776 conse-

2021 4481 2068 4536 D

2085 1886 2226 1943 οὐδὲ
2256 1887 2588 1956 ἁμαρτωλοὶ
2617 1887 2686 1940 ἐν
2728 1884 2936 1953 ,ϐουλῇ
2980 1886 3240 1950 δικαίων.
3286 1888 3442 1940 Κατά
3491 1887 3672 1940 κοινοῦ

2083 1979 2162 2043 τὸ,
2195 1979 2264 2032 ἐν
2297 1976 2502 2046 βουλῇ
2523 1977 2785 2042 δικαίων,
2815 1975 3100 2040 ἀκούσεις·
3136 1978 3211 2042 ὡς
3244 1973 3382 2032 εἶναι
3421 1977 3519 2048 τὴν
3549 1979 3666 2032 διά-

2084 2088 2231 2124 νοιαν
2260 2067 2511 2140 τοιαύτην
2535 2085 2548 2098 ο
2578 2069 2729 2121 Ἐπεὶ
2766 2067 2931 2140 μηδὲν
2985 2069 3203 2139 γόνιμον
3249 2069 3384 2140 μηδέ
3422 2068 3673 2135 ζωτικὸν,

2085 2164 2198 2216 ἀλλ’
2231 2162 2352 2215 ούδέ
2391 2161 2602 2232 καρπὸν
2635 2161 2770 2214 Θεοῦ
2803 2161 2949 2228 ἄξιον
2987 2165 3100 2226 τοῖς
3132 2163 3360 2229 δικαίοις
3392 2164 3675 2233 παραπλη-

2087 2256 2216 2319 σίως
2245 2257 2294 2310 oi
2333 2255 2554 2320 ἀσεϐεῖς
2605 2256 3039 2328 προηνέγκαντο,
3069 2253 3156 2307 διὰ
3191 2254 3350 2308 τοῦτο
3389 2256 3446 2308 ἐν
3473 2253 3550 2325 τῷ
3577 2256 3675 2324 τῆς

2085 2347 2319 2418 κρίσεως
2364 2346 2563 2420 καιρῷ,
2603 2349 2742 2401 οὔτε
2785 2350 2839 2400 oi
2887 2345 3219 2415 ἁμαρτωλοὶ
3250 2345 3320 2397 ἐν
3350 2343 3554 2412 ,ϐουλῇ
3586 2344 3676 2397 δι-
3778 2371 3780 2374 τ

2085 2441 2271 2493 καίων
2302 2441 2722 2510 ἀναστήσονται.
2769 2439 2917 2492 Ἀντὶ
2948 2439 3004 2492 δέ
3034 2437 3225 2508 βουλῆς
3249 2439 3275 2489 6
3310 2437 3408 2506 μὲν
3448 2436 3676 2500 Ἀκύλας

2088 2532 2182 2585 καὶ
2211 2533 2238 2583 6
2263 2531 2556 2585 Θεοδοτίων
2582 2530 2943 2601 συναγωγὴν
2966 2528 3362 2600 ἡρμηνεύκασι,
3392 2527 3676 2581 συνέλευ-

2085 2640 2189 2676 σιν
2218 2623 2274 2677 δὲ
2313 2625 2342 2677 6
2372 2624 2688 2695 Σύμμαχος.
2724 2622 2926 2692 Βουλὴν
2956 2623 3135 2675 τοίνυν
3183 2623 3411 2693 ἡγητέον
3445 2619 3677 2673 ἐνταῦθα

2086 2717 2336 2789 εἰρῆσθαι
2377 2717 2474 2789 τὴν
2509 2717 2726 2770 σύνοδον
2750 2715 2856 2768 τῶν
2886 2715 3077 2782 ἁγίων,
3107 2714 3181 2777 ὡς
3222 2713 3315 2766 καὶ
3341 2715 3398 2766 ἐν
3430 2713 3571 2783 ἀρχῇ
3601 2713 3677 2764 εἴ-

2093 2830 2273 2885 ρηται.
2307 2812 2464 2866 Κατά
2497 2810 2756 2881 δευτέραν
2778 2810 3013 2863 διάνοιαν
3043 2807 3140 2877 τὴν
3172 2806 3387 2859 σύνοδον
3416 2805 3522 2858 τῶν
3552 2806 3678 2858 ἀσε-

2087 2906 2198 2959 ϐῶν
2231 2905 2522 2977 δηλοῦσθαι
2557 2906 2620 2957 ἐκ
2649 2903 2744 2956 τοῦ
2773 2904 2842 2957 ἑν
2864 2899 3070 2970 βουλῇ
3099 2899 3352 2955 ἀσεϐῶν.
3378 2900 3524 2970 Πλὴν
3554 2899 3678 2952 ἀνα-

2090 3002 2378 3071 στήσονται
2427 2999 2518 3052 ἐπὶ
2564 2998 2782 3052 κολάσει
2832 2996 2928 3050 καὶ⁹
2979 2993 3240 3066 τιμι.ηρίᾳ’
3285 2992 3415 3047 Πᾶν
3457 2993 3565 3062 γὰρ
3607 2991 3676 3043 τὸ

2089 3093 2316 3160 ποίημα
2336 3090 2465 3155 ἄξει
2490 3093 2522 3146 ὀ
2555 3089 2698 3154 θεὸς
2724 3091 2810 3154 εὶς
2839 3089 3045 3156 κρίσιν
3069 3087 3129 3138 ἐν
3171 3084 3348 3136 παντὶ
3379 3097 3679 3150 παρεωρα-

2085 3185 2267 3256 μένῳ,
2296 3183 2404 3238 ἐάν
2428 3201 2491 3238 τε
2533 3183 2757 3253 ἀγαθὸν
2785 3177 2844 3254 ᾖ,
2883 3182 2992 3236 ἐάν
3021 3199 3082 3234 τε
3125 3180 3408 3247 πονηρόν.
3440 3177 3680 3248 Σημείω-

2093 3299 2182 3335 σαι
2218 3281 2296 3343 δέ,
2338 3282 2419 3334 ὅτι
2469 3279 2683 3350 πρῶτος
2717 3276 2878 3331 Δαυῒδ
2917 3277 3012 3330 καὶ
3039 3274 3332 3329 ἀνάστασιν
3378 3271 3470 3324 καὶ
3499 3270 3681 3337 κρίσιν

2095 3371 2234 3443 μετὰ
2258 3371 2357 3442 τὴν
2391 3371 2686 3425 ἀνάστασιν
2717 3367 3010 3438 ἐσομένην,
3043 3366 3136 3419 καὶ
3169 3363 3496 3432 ἐπαγγελίαν
3531 3356 3675 3431 Chii};

2095 3464 2394 3536 μελλούσης
2426 3463 2611 3532 σαφῶς
2651 3461 2876 3527 ἐδίδαξε,
2920 3457 3198 3521 Μωῦσέως
3233 3456 3398 3527 μηδὲν
3444 3452 3681 3507 τοιοῦτον

2092 3575 2168 3612 πα
2177 3557 2558 3620 οαδεδωκότος.

2166 3651 2286 3702 Ὅτι
2336 3647 2616 3718 γινώσκει
2660 3649 2875 3715 Κίιοιος
2908 3644 3052 3700 ὁδὸν
3093 3643 3357 3704 δικαίων,
3402 3641 3498 3695 καὶ
3538 3638 3679 3705 ὁδὸς

2092 3742 2328 3796 ἀσεϐῶν
2360 3739 2691 3796 ἀπολεῖται.
2739 3738 3050 3809 Σημείωσαι
3091 3734 3415 3797 καθολικῶς,
3465 3735 3547 3786 ὅτι
3576 3749 3680 3784 κα-

2092 3833 2182 3886 λὸν
2235 3835 2330 3905 μὲν
2379 3831 2708 3902 γινώσκεται
2761 3830 2866 3883 ὑπὸ
2909 3829 3137 3901 Κυρίου,
3188 3825 3390 3897 φαῦλον
3435 3825 3491 3877 δὲ
3528 3824 3678 3877 οὐδὲν

2093 3927 2366 3979 οὐδέποτε.
2428 3925 2607 3978 Καλὸν
2645 3923 2754 3994 γάρ
2803 3923 2920 3986 ὁδὸς
2967 3921 3209 3983 δικαίων,
3241 3920 3336 3972 καὶ
3377 3918 3476 3970 οὐκ
3516 3913 3636 3969 εἷπε
3663 3933 3676 3946 ·

2093 4017 2354 4072 Γινώσκει
2395 4015 2603 4086 Κύριος
2630 4014 2748 4068 ὁδὸν
2793 4011 3026 4074 ἀσεϐῶν,
3069 4012 3185 4082 ἢτοι
3225 4009 3333 4062 τῶν
3376 4007 3681 4078 ἀπολλυμέ-

2093 4128 2228 4165 νων·
2261 4109 2426 4163 ἀλλά·
2460 4110 2569 4164 Καὶ
2611 4107 2764 4177 ἔγνω
2813 4107 3026 4172 Κύριος
3067 4104 3209 4169 τοὺς
3252 4102 3431 4168 ὄντας
3473 4100 3680 4154 αὑτοῦ.

2107 4204 2253 4266 Ὁδὸς
2295 4204 2351 4257 δέ
2393 4201 2637 4264 δικαίων,
2672 4203 2701 4252 6
2729 4197 2929 4251 εἰπών’
2973 4196 3112 4266 Ἐγώ
3148 4199 3261 4265 είμι
3299 4199 3337 4262 ἡ
3382 4195 3520 4260 ὁδός
3542 4212 3556 4226 ο
3590 4193 3681 4246 καὶ

2093 4296 2156 4349 τό
2175 4313 2188 4326 °
2221 4293 2400 4349 Ἴδετε
2425 4293 2566 4347 ποία
2593 4292 2768 4345 ἐστὶν
2790 4291 2828 4358 ἡ
2854 4289 2994 4355 ὁδὸς
3017 4291 3054 4357 ή
3081 4287 3293 4358 ἀγαθή.
3325 4288 3448 4340 Ἐπὶ
3475 4287 3681 4340 τούτων

2103 4388 2455 4457 ἀναφέρεται.

2527 4498 2821 4550 ΨΑΛΜΟΣ
2848 4496 2934 4566 Τῼ
2961 4484 3159 4546 ΔΑΥΪΔ
3191 4493 3262 4544 B’.

2538 4587 2862 4657 Ἐξήγνησις
2902 4582 3148 4654 ψαλμοῦ
3173 4584 3254 4648 β’.

2172 4709 2299 4761 Ἵνα
2341 4707 2399 4760 τί
2443 4704 2752 4774 ἐφρύαξαν
2788 4702 2955 4769 ἔθνη,
3003 4700 3103 4753 καὶ
3136 4699 3273 4753 λαοὶ
3310 4696 3686 4768 ἐμελέτησαν

2100 4798 2294 4863 κενά;
2359 4796 2705 4871 Προφητείαν
2772 4793 3013 4866 ἐντίθησι
3077 4791 3312 4865 Χριστοῦ
3380 4791 3685 4863 παρουσίας

2097 4892 2606 4964 προσαγορευτικήν
2627 4907 2639 4918 ·
2675 4889 2770 4942 καὶ
2797 4888 2874 4952 ὡς
2904 4887 3010 4941 ὑπὸ
3041 4885 3307 4939 Ἰουδαίων
3341 4885 3439 4954 μὲν
3468 4883 3688 4937 ἐπιϐου-

2095 4982 2441 5054 λευθήσεται,
2492 4981 2758 5052 κρατήσει
2803 4978 2858 5030 δέ
2908 4978 3015 5031 τῶν
3056 4977 3225 5030 ἐθνῶν
3270 4975 3546 5038 ἁπάντων,
3591 4978 3688 5030 καὶ

2095 5078 2171 5141 ὡς
2196 5077 2262 5131 δι’
2306 5075 2472 5129 αὐτοῦ
2504 5075 2702 5137 πάντες
2755 5073 3012 5144 μακάριοι
3045 5072 3257 5124 ἔσονται
3287 5072 3333 5122 οί
3365 5068 3684 5124 πεποιθότες

2094 5172 2182 5223 ἐπ’
2212 5167 2378 5240 αὐτῷ.
2426 5170 2483 5221 Ὀ
2517 5167 2614 5237 μὲν
2641 5161 2734 5219 οὖν
2760 5164 2975 5237 πρῶτος
3003 5163 3218 5234 eam);
3265 5162 3360 5215 ἕνα
3400 5160 3524 5214 τινα
3556 5177 3686 5212 σπαο

2100 5263 2228 5322 νίως
2261 5260 2564 5332 σωζόμενον
2595 5258 2927 5330 ἐμακάριζεν
2946 5275 2958 5287 ·
2983 5259 3010 5309 6
3039 5257 3096 5309 δέ
3126 5255 3316 5328 παρὼν
3339 5253 3475 5325 ὁμοῦ
3505 5253 3682 5322 πλήθη

2103 5352 2258 5406 καλεῖ
2299 5351 2391 5404 ἐπὶ
2436 5351 2528 5404 τὸν
2582 5349 2966 5420 μακαρισμὸν·
3019 5345 3140 5396 ἐπεὶ
3190 5344 3283 5396 καὶ
3340 5341 3532 5410 κλῆσιν
3575 5338 3685 5392 τῶν

2102 5443 2271 5497 ἐθνῶν
2303 5443 2553 5496 ἁπάντων
2593 5442 2857 5514 περιέχει,
2891 5438 2986 5490 καὶ
3014 5435 3112 5498 τὰς
3147 5434 3426 5504 βασιλείας
3454 5433 3551 5502 τῆς
3581 5430 3686 5499 γῆς

2104 5535 2196 5587 ἐπὶ
2239 5533 2338 5606 τὴν
2384 5533 2655 5604 σωτηρίαν
2705 5530 2878 5584 καλεῖ.
2927 5527 3111 5580 Ταῦτα
3151 5526 3207 5578 δὲ
3255 5525 3433 5577 πάντα
3473 5522 3562 5575 διὰ
3590 5521 3684 5573 τοῦ

2102 5626 2338 5700 Χριστοῦ
2361 5623 2856 5698 προξενηθήσεσθαι
2883 5621 3191 5692 ἀνθρώποις
3213 5616 3456 5680 θεσπίζει
3482 5615 3680 5688 σφῶιυ

2099 5718 2424 5780 ἀκολούθως.
2476 5715 2622 5770 Ἔδει
2667 5716 2776 5790 γὰρ
2821 5716 2964 5787 ἡμᾶς
3015 5710 3511 5786 προμεμαθηκάτας
3558 5708 3705 5780 περ’·

482 5840 502 5870 ³
544 5839 727 5896 Eccle.
760 5857 855 5899 xu.
885 5843 968 5897 M.
1047 5844 1067 5872 ι
1104 5840 1148 5893 ll
1182 5840 1321 5898 Tim.
1358 5857 1428 5904 ιι,
1468 5839 1552 5894 l9.
1632 5841 1653 5872 ⁸
1689 5838 1846 5894 Joan.
1883 5855 1972 5894 xiv

2094 5881 2095 5886 η
2175 5838 2195 5868 ⁸
2232 5835 2427 5891 Jerem.
2470 5851 2543 5899 Vl,
2585 5834 2680 5889 16.
