4020 6372
290 421 354 475 81
722 495 733 507 ⁸
1429 417 1931 474 COMMENTARIA
1974 419 2038 475 IN
2081 417 2418 473 PSALMOS.
3490 420 3558 475 83

290 539 396 592 τῶν
436 539 531 592 δύο
560 538 714 603 ὁδῶν,
748 539 876 609 ἑξῆς
920 541 1012 592 καὶ
1051 532 1119 592 τὰ
1159 537 1412 610 περὶτοῦ
1456 539 1707 610 Σωτῆρος
1755 556 1882 593 παι-

1992 551 2218 610 queuter
2257 539 2546 594 admodum
2589 537 2942 592 vaticinatur.
2986 534 3092 591 Par
3126 537 3268 591 enim
3307 547 3421 592 erat
3458 555 3559 595 nos

289 629 544 700 δευθῆναι
564 647 578 658 ο
611 630 678 682 δι’
703 623 767 683 οῦ
797 632 1000 695 πάντες
1029 630 1304 702 ἄνθρωποι
1347 631 1444 701 τὴν
1475 633 1571 702 μὲν
1601 631 1708 684 τῶν
1752 633 1878 684 ἀσε-

289 721 405 776 ϐῶν
433 723 552 776 ὁδὸν
579 723 864 793 ἐξέφυγον,
892 723 1079 794 ἔτυχον
1105 723 1162 776 δὲ
1193 724 1297 794 τῆς
1329 723 1450 776 ὀδοῦ
1483 724 1584 794 τῆς
1607 724 1876 796 σωτηρίου

284 814 380 868 διὰ
407 817 506 886 τῆς
536 816 614 878 είς
645 816 810 870 αὐτὸν
846 817 1105 880 πίστεως·
1140 816 1169 868 ὃ
1201 815 1264 887 δὴ
1295 816 1623 888 παρίστησιν
1653 816 1878 886 φάσκων

291 933 319 958 ,ρ
346 905 524 974 λόγος·
545 906 838 975 Μακάριοι
855 905 1076 973 πάντες
1091 910 1146 961 οἱ
1166 909 1517 974 πεποιθότες
1551 910 1638 974 εἰς
1671 909 1875 962 αὐτόν.

1986 632 2054 688 de
2109 632 2327 688 duabus
2387 632 2492 686 viis
2545 631 2698 702 prius
2753 629 3091 695 instructos,
3150 644 3214 684 ea
3271 646 3391 700 qua:
3443 629 3562 684 Sal-

1985 734 2230 781 vatorem
2295 728 2547 795 spectant
2603 721 2859 791 deinceps
2911 720 3197 788 ediscere;
3253 735 3349 792 per
3399 736 3560 792 quem

1990 817 2482 873 omneshomines
2530 830 2656 870 cum
2703 814 2995 884 impiorum
3038 814 3180 868 viam
3225 813 3559 885 eﬁ‘ugerunt,

1987 917 2103 964 tum
2144 909 2288 962 viam
2333 909 2626 964 salutarem
2656 922 2752 977 per
2794 904 2951 961 ﬁdem
3001 905 3057 959 in
3101 905 3280 977 ipsum
3327 905 3561 978 ingressi

289 1006 462 1063 sunt;
510 998 653 1068 quod
698 999 849 1054 hisce
890 1000 1070 1054 verbis
1116 999 1468 1055 declaratur:
1505 999 1654 1053 Beati
1685 1017 1866 1054 omnes
1901 1004 1992 1070 qui
2033 1001 2308 1071 conﬁdunt
2349 1003 2404 1055 in
2443 1018 2523 1055 eo.

362 1116 770 1182 Παρέστησαν
809 1118 864 1168 οι
899 1115 1184 1182 ,βασιλεῖς
1217 1115 1327 1184 τῆς
1369 1114 1501 1186 τῆς,
1545 1117 1641 1170 καὶ
1694 1120 1750 1171 οἱ
1781 1117 1883 1186 ἅρ-

290 1225 509 1276 χοντες
536 1205 945 1274 συνήχθησαν
989 1207 1088 1260 ἐπὶ
1134 1207 1200 1260 τὸ
1231 1209 1378 1261 αὐτὸ
1421 1209 1572 1263 κατὰ
1618 1209 1724 1263 τοῦ
1766 1213 1884 1264 Κυ-

280 1302 426 1367 ρίου
469 1299 570 1351 καὶ
603 1299 755 1351 κατὰ
787 1299 892 1352 τοῦ
920 1299 1178 1367 Χριστοῦ
1211 1299 1417 1354 αὑτοῦ.
1453 1301 1642 1372 Σωτὴρ
1675 1300 1887 1374 ἀνθρώ-

290 1409 417 1456 ποις
448 1377 846 1461 ἐπιδεδήμηκεν
879 1393 908 1445 ὀ
948 1391 1188 1462 Χριστὸς
1223 1391 1320 1444 τοῦ
1344 1391 1512 1445 Θεοῦ·
1552 1393 1746 1464 Σωτὴρ
1787 1395 1882 1448 καὶ

294 1486 522 1554 φωστὴρ
553 1483 660 1535 τῶν
690 1483 863 1537 ἐθνῶν
891 1484 1169 1547 ἁπάντων,
1214 1484 1534 1548 διδάσκαλος
1581 1486 1884 1552 εὐσεϐείας,

291 1573 654 1646 σωᾳροσύνης
673 1574 1024 1646 καθηγεμὼν,
1049 1575 1393 1647 δικαιοσύνης
1407 1577 1668 1648 ἀρχηγὸς,
1686 1578 1886 1650 ἀρετῆς

289 1665 514 1733 ἁπάσης
545 1666 639 1718 καὶ
685 1664 1017 1732 θεογνωσίας
1053 1665 1288 1738 ἀληθοῦς
1328 1666 1522 1730 αἴτιος.
1575 1669 1638 1720 Τί
1671 1669 1727 1722 δὲ
1763 1666 1880 1734 οὖν,

292 1757 451 1826 φησὶ,
485 1757 815 1826 ταράττεται
841 1754 908 1808 τὰ
938 1755 1065 1827 ἔθνη
1097 1757 1188 1810 ἐπὶ
1220 1760 1286 1828 τῇ
1313 1757 1418 1811 τῶν
1440 1758 1708 1812 τοσούτων
1745 1761 1883 1828 ἀγα-

295 1848 406 1900 θῶν
463 1848 770 1919 παρουσίᾳ;
819 1849 880 1901 Ei
927 1848 983 1902 δὲ
1032 1849 1125 1901 καὶ
1172 1850 1464 1921 πληρωτὴς
1519 1849 1744 1922 ἐλήλυθε
1792 1855 1886 1906 τοῦ

293 1940 569 2002 Μωῦσέως
605 1940 792 2010 νόμου,
831 1940 1021 2011 ὥσπερ
1060 1936 1153 1994 οὖν
1200 1941 1362 2004 αὐτὸς
1405 1941 1645 1996 διδάσκει
1678 1943 1882 2013 λέγων·

296 2034 420 2085 Οὐκ
453 2028 649 2101 ἦλθον
690 2031 1029 2084 καταλῦσαι
1062 2032 1166 2085 τὸν
1203 2034 1412 2102 νόμον,
1451 2032 1612 2087 ἀλλὰ
1649 2035 1886 2102 πληρῶ-

290 2141 418 2188 σαι,
467 2126 564 2178 καὶ
606 2125 674 2177 τὰ
709 2124 816 2176 τῶν
849 2124 1142 2196 προφητῶν
1184 2125 1340 2194 λόγια
1376 2127 1443 2180 δι’
1489 2127 1656 2180 αὑτοῦ
1701 2127 1887 2190 τέλους

295 2216 592 2286 ἐτύγχανε·
628 2216 682 2267 τί
721 2215 778 2268 δὲ
809 2218 859 2268 οἱ
897 2216 1068 2269 ταῦτα
1111 2217 1464 2287 μελετῶντες,
1501 2222 1593 2274 καὶ
1637 2221 1726 2276 διὰ
1778 2224 1888 2276 στό-

297 2325 466 2378 ματος
509 2308 650 2361 αύτὰ
702 2309 894 2378 φέρειν
940 2308 1347 2374 σπουδάζοντες,
1389 2313 1436 2364 οἱ
1486 2312 1578 2365 τοῦ
1619 2315 1886 2368 Ἰουδαίων

291 2401 480 2459 ἔθνους
511 2400 631 2451 λαοὶ
655 2399 893 2467 ματαίαν
917 2400 1240 2471 ἐποιήσαντο
1271 2402 1400 2473 περὶ
1423 2403 1589 2456 αὑτοῦ
1617 2403 1880 2476 μελέτην;

307 2491 471 2542 Ἀλλὰ
510 2489 604 2542 καὶ
636 2492 685 2542 οἱ
727 2491 848 2543 καθ’
885 2491 1014 2559 ὅλης
1051 2492 1154 2561 τῆς
1195 2493 1522 2564 οἰκουμένης
1566 2496 1674 2548 τῶν
1715 2496 1886 2550 ἐθνῶν

293 2583 574 2654 ἄρχοντες,
605 2583 740 2634 οἵτε
768 2585 910 2636 κατὰ
940 2586 1165 2654 χρόνους
1193 2585 1433 2655 βασιλεῖς
1464 2588 1564 2657 τῆς
1591 2588 1715 2658 γῆς,
1742 2590 1793 2642 τί
1820 2589 1884 2662 δὴ

293 2673 560 2736 παθόντες
581 2673 775 2739 δεινὸν,
809 2675 840 2746 ἢ
880 2677 932 2728 τί
975 2676 1150 2746 λέγειν
1185 2677 1400 2748 ἔχοντες
1429 2678 1680 2750 διαϐολῆς
1713 2681 1882 2746 ἄξιον,

291 2765 428 2836 ὁμοῦ
471 2767 566 2818 καὶ
613 2767 756 2820 κατὰ
801 2767 862 2820 τὸ
899 2768 1028 2821 αὐτὸ
1061 2770 1236 2840 κακὴν
1276 2770 1479 2841 ταύτην
1531 2772 1885 2837 συνετάξαντο

296 2858 645 2927 συμφωνίαν,
678 2857 755 2920 ὡς
805 2859 935 2928 μίαν
987 2861 1276 2932 ἐπιϐουλὴν
1323 2863 1555 2932 ἀρτῦσαι
1611 2865 1704 2917 καὶ
1755 2866 1886 2935 μίαν

293 2951 466 3020 ἀσεϐῆ
501 2951 730 3021 γνώμην
773 2951 1162 3021 βουλεύσασθαι
1195 2953 1338 3006 κατὰ
1371 2953 1464 3006 τοῦ
1495 2953 1601 3006 τῶν
1631 2955 1766 3007 ὅλων
1797 2957 1885 3009 δε-

296 3041 492 3094 σπότου
528 3057 589 3093 τε
617 3042 710 3093 καὶ
742 3041 1005 3110 βασιλέως
1039 3043 1195 3116 Θεοῦ,
1222 3045 1314 3097 καὶ
1349 3045 1491 3097 κατὰ
1523 3043 1616 3097 τοῦ
1649 3044 1886 3116 Χριστοῦ

293 3131 493 3196 αὐτοῦς
528 3135 593 3185 Οἱ
628 3132 758 3199 γοῦν
801 3135 892 3186 τὸν
919 3135 1025 3186 ὑπὸ
1057 3135 1151 3188 τοῦ
1191 3136 1409 3189 πάντων
1441 3137 1643 3208 Κυρῖου
1690 3154 1749 3189 τε
1792 3138 1887 3190 καὶ

291 3225 426 3278 Θεοῦ
459 3227 567 3278 άπε
578 3226 706 3276 σταλ
714 3226 874 3295 μένον
903 3227 998 3279 ἀνθ
1009 3227 1209 3298 ρώποις
1237 3229 1390 3298 Σωτῆ
1401 3247 1466 3300 ρα
1502 3229 1627 3282 πολε
1637 3229 1884 3300 μοῦντες,

293 3317 612 3379 ἐλαύνοντες
636 3335 696 3370 τε
723 3317 886 3370 αὑτοῦ
909 3319 1008 3389 τὴν
1035 3319 1384 3373 διδασκαλίαν
1407 3321 1499 3374 καὶ
1527 3320 1624 3390 τὴν
1660 3321 1888 3392 Ἐκκλη-

295 3418 414 3462 σίαν
459 3409 626 3462 αὑτοῦ
653 3411 794 3462 κατὰ
827 3410 1051 3480 χρόνους
1081 3411 1368 3475 διώκοντες
1397 3411 1637 3482 βασιλεῖς
1668 3414 1762 3465 καὶ
1791 3414 1888 3485 ἄρ-

295 3519 482 3571 χοντες
508 3503 607 3572 τῆς
643 3503 748 3572 γῆς
787 3503 1074 3573 λελήθασιν
1105 3505 1166 3558 ού
1207 3505 1366 3575 μόνον
1397 3508 1476 3568 εἰς
1508 3505 1600 3559 τὸν
1629 3504 1885 3577 Χριστὸν,

297 3595 435 3650 ἀλλὰ
465 3598 560 3648 καὶ
608 3598 688 3659 εἰς
731 3597 824 3649 τὸν
852 3597 1232 3652 ἀπεσταλκότα
1257 3598 1421 3650 αὑτὸν
1455 3597 1783 3661 ἐκτείνοντες
1819 3597 1889 3651 τά

296 3688 386 3758 τῆς
417 3686 696 3750 ἀσεϐείας.
725 3688 960 3758 Χριστὸν
997 3689 1094 3758 μὲν
1123 3685 1215 3743 οῦν
1243 3690 1502 3760 ὀνομαστὶ
1534 3691 1642 3744 ὑπὸ
1675 3689 1886 3762 ἀνθρώ-

297 3796 412 3832 πων
449 3781 934 3851 ἐπιϐουλευόμενον
976 3781 1164 3851 σαφῶς
1197 3785 1253 3835 ἐν
1295 3782 1504 3847 τούτοις
1533 3785 1560 3836 ὁ
1597 3783 1754 3852 λόγος
1798 3782 1888 3836 θε-

297 3872 498 3935 σπίζει.
543 3872 752 3942 Προϊὼν
783 3872 838 3925 δὲ
869 3873 962 3926 καὶ
997 3874 1124 3926 Υἱὸν
1148 3874 1240 3927 τοῦ
1271 3874 1405 3929 Θεοῦ
1431 3875 1718 3946 ὀνομάζει·
1753 3875 1890 3929 άλλὰ

295 3965 386 4015 καί
421 3964 624 4033 κλῆρον
649 3964 797 4034 αὐτῷ
822 3965 969 4034 παρὰ
1001 3965 1094 4019 τοῦ
1127 3967 1338 4038 Πατρὸς
1363 3965 1684 4036 δοθήσεσθαι
1715 3969 1891 4022 πάντα

294 4056 360 4108 τὰ
403 4054 534 4124 ἔθνη
570 4056 664 4108 καὶ
705 4056 772 4108 τὰ
808 4057 1020 4126 πέρατα
1046 4057 1145 4127 τῆς
1181 4058 1286 4127 γῆς
1329 4057 1606 4113 διδάσκει·
1641 4059 1676 4112 ἃ.
1704 4059 1766 4129 δὴ
1798 4059 1890 4111 ἐπὶ

298 4148 444 4216 μόνῳ
491 4146 570 4216 τῷ
601 4149 856 4219 ἡμετέρῳ
891 4149 1102 4220 Σωτῆρι
1143 4150 1550 4221 πεπληρωμένα
1595 4150 1887 4204 δείκνυται.

307 4237 460 4290 Ἐπεὶ
506 4237 564 4290 δὲ
597 4239 854 4307 γεγόνασι
904 4240 1053 4310 παρὰ
1093 4240 1366 4304 Ἰουδαίοις
1407 4242 1500 4295 καὶ
1533 4242 1710 4314 ἕτεροι
1752 4243 1888 4313 Χρι·

298 4331 435 4390 στοὶ,
472 4331 638 4399 ἱερεῖς
664 4329 864 4401 δηλαδὴ
893 4333 986 4384 καὶ
1020 4331 1260 4401 βασιλεῖς
1299 4331 1393 4385 τοῦ
1425 4331 1636 4395 ἔθνους,
1683 4332 1892 4403 σκοπή-

299 4438 412 4483 σεις
454 4423 548 4473 ἐπὶ
588 4423 735 4485 τίνος
774 4423 977 4476 τούτων
1012 4425 1079 4477 τά
1111 4424 1477 4494 θεσπιζόμενα
1507 4423 1851 4495 συμϐέϐηκεν
1874 4441 1885 4453 ·

297 4513 454 4574 εἴτις
498 4513 592 4564 καὶ
617 4512 776 4575 ἄλλος
818 4513 1248 4578 ἐπιϐουλεύεται,
1284 4517 1444 4578 εἴτις
1475 4516 1601 4578 Υἱὸς
1633 4514 1768 4568 Θεοῦ
1797 4515 1890 4567 κέ-

300 4604 513 4673 κληται,
547 4606 600 4656 εἴ
642 4622 728 4668 τις
775 4605 884 4659 τῶν
915 4605 1085 4660 ἐθνῶν
1126 4608 1382 4661 ἁπάντων
1423 4609 1766 4679 κεκράτηκεν
1793 4625 1805 4638 ·
1843 4607 1897 4660 εῖ

298 4712 380 4758 τις
435 4695 557 4748 καθ’
615 4696 746 4766 ὅλης
799 4699 1035 4769 Χριστὸς
1089 4698 1337 4770 ἐγνώσθη
1388 4699 1491 4770 τῆς
1544 4701 1888 4771 οἰκουμένης.

311 4787 446 4838 Ἀλλ’
490 4789 591 4839 οὐκ
645 4787 716 4840 ἂν
757 4788 870 4857 ἔχοι
906 4809 991 4854 τις
1028 4794 1200 4845 εἰπεῖν
1227 4809 1241 4822 ·
1295 4792 1454 4860 μόνος
1488 4792 1598 4864 γὰρ
1631 4795 1660 4846 ὁ
1701 4791 1892 4862 Σωτὴρ

299 4879 457 4947 ἡμῶν
504 4880 712 4950 Ἰησοῦς
746 4883 982 4953 Χριστὸς
1014 4885 1112 4953 τῆς
1152 4884 1358 4948 οἰκείας
1389 4885 1762 4956 προσηγορίας
1801 4885 1892 4936 τὸν

299 4970 594 5040 σύμπαντα
639 4974 951 5046 κατέπλησε
997 4976 1218 5046 κόσμον,
1258 4977 1598 5048 Χριστιανῶν
1631 4977 1690 5043 ἐξ
1726 4973 1890 5029 αὐτοῦ

2063 1119 2226 1176 Vsus.
2267 1119 2318 1174 2.
2359 1121 2652 1174 Astiterunt
2677 1135 2817 1190 reges
2848 1128 3036 1182 terrm,
3067 1127 3116 1173 et
3148 1117 3411 1188 principes
3439 1134 3566 1173 cou-

1989 1223 2239 1267 venerunt
2277 1214 2336 1267 in
2376 1229 2537 1266 unum
2563 1251 2578 1276 ,
2616 1210 2874 1266 adversus
2911 1210 3194 1266 Dominum
3225 1219 3274 1264 et
3313 1210 3562 1266 adversus

1988 1303 2260 1358 Christum
2280 1303 2414 1373 ejus.
2443 1301 2694 1357 Salvator
2733 1301 3046 1356 hominibus
3075 1300 3294 1357 advenit
3313 1300 3564 1358 Christus

1991 1395 2125 1462 Dei;
2161 1393 2432 1460 Salvator,
2465 1395 2708 1465 inquam,
2733 1402 2787 1448 et
2834 1393 3106 1448 luminare
3150 1392 3404 1464 gentibus
3442 1395 3567 1447 uni-

1989 1486 2160 1542 versis
2182 1526 2197 1552 ,
2229 1487 2422 1542 doctor
2446 1485 2698 1558 pietatis,
2733 1492 2923 1539 auctor
2959 1485 3363 1554 temperantiae,
3397 1484 3565 1554 justi-

1991 1578 2078 1632 tiaa
2114 1577 2346 1634 antistes
2369 1618 2384 1641 ,
2413 1578 2660 1632 omnium
2691 1576 2958 1632 virtutum
2993 1591 3058 1630 ac
3091 1575 3291 1630 divinae
3319 1591 3568 1645 veraeque

1988 1668 2320 1738 cognitionis
2351 1682 2540 1722 causa.
2583 1666 2694 1722 Cur
2722 1683 2890 1738 ergo,
2935 1667 3147 1737 inquit,
3189 1682 3289 1737 pro
3331 1675 3408 1722 tot
3448 1676 3566 1720 tan-

1991 1769 2282 1830 torumque
2315 1760 2587 1815 bonorum
2619 1759 2858 1814 adventu
2893 1766 3085 1829 gentes
3120 1759 3568 1814 tumultuantur?

1993 1851 2048 1905 Si
2084 1851 2130 1907 is
2166 1849 2388 1906 advenit
2423 1850 2518 1920 qui
2555 1848 2760 1920 Moysis
2793 1849 2964 1920 legem
3000 1850 3189 1920 implet
3222 1865 3286 1929 ac
3320 1850 3565 1919 perﬁcit,

1991 1952 2051 2000 ut
2091 1945 2207 2014 ipse
2243 1944 2484 1998 declarat
2528 1943 2614 1997 his
2654 1943 2838 1998 verbis
2876 1959 2889 1998 :
2925 1941 3047 1996 Non
3090 1943 3205 1997 veni
3250 1943 3448 1997 solvere
3481 1942 3561 1997 le—

1988 2053 2100 2107 gem
2124 2075 2139 2099 ,
2175 2033 2264 2089 sed
2298 2033 2584 2103 adimplere
2616 2036 2660 2100 7;
2706 2035 2750 2090 si
2802 2050 2895 2103 per
2944 2034 3123 2104 ipsum
3164 2034 3389 2088 oracula
3441 2049 3568 2104 pro-

1992 2128 2280 2198 phetarum
2317 2127 2476 2181 ﬁnem
2511 2136 2670 2182 nacta
2704 2134 2834 2180 sunt
2866 2144 2880 2187 ;
2912 2126 3043 2197 quid
3076 2141 3259 2180 causa
3286 2135 3372 2180 est
3401 2140 3502 2180 cur
3530 2125 3566 2179 ii

1989 2220 2085 2289 qui
2120 2220 2234 2274 haec
2267 2219 2630 2281 meditantur,
2663 2219 2778 2274 haec
2813 2220 2869 2273 in
2911 2233 3006 2273 ore
3054 2218 3197 2274 ferre
3229 2226 3568 2289 procurant,

1988 2310 2204 2366 Judaici
2237 2312 2491 2367 videlicet
2523 2312 2708 2382 populi
2733 2351 2749 2378 ,
2774 2327 2971 2366 vanam
3005 2311 3273 2367 adversus
3300 2328 3426 2366 eum
3456 2328 3571 2367 me-

1992 2405 2311 2460 ditationem
2343 2413 2396 2460 et
2423 2420 2610 2460 curam
2641 2404 3036 2475 susceperint?
3067 2403 3181 2459 lmo
3207 2419 3340 2460 vero
3370 2405 3573 2476 princi-

1994 2513 2090 2568 pes
2118 2498 2358 2567 gentium
2392 2512 2489 2567 per
2523 2497 2844 2552 universum
2879 2497 3067 2552 orbem
3093 2537 3108 2560 ,
3136 2505 3192 2552 et
3223 2511 3380 2568 reges
3411 2505 3571 2552 terra:

1993 2589 2088 2658 qui
2123 2590 2290 2644 variis
2321 2589 2662 2659 temporibus
2693 2589 3036 2644 dominatum
3072 2587 3365 2645 'obtinuere
3387 2629 3402 2652 ,
3435 2590 3567 2660 quid

1993 2697 2158 2752 grave
2200 2683 2478 2752 perpessi,
2520 2697 2754 2752 quamve
2795 2683 3170 2737 calumniandi
3212 2691 3266 2738 et
3308 2684 3570 2753 querendi

1993 2787 2214 2828 causam
2261 2773 2564 2839 habentes,
2609 2788 2718 2828 una
2767 2789 2959 2830 onmes
3002 2775 3057 2829 in
3093 2775 3234 2829 hanc
3267 2775 3572 2844 improbam
3629 2819 3641 2829 ι

1992 2865 2344 2922 concordiam
2380 2865 2599 2920 adducti
2631 2874 2780 2931 sunt,
2813 2875 2869 2920 ut
2919 2866 3149 2922 insidias
3186 2867 3350 2922 simul
3392 2875 3574 2924 strue-

1994 2965 2147 3020 rent,
2183 2956 2524 3026 impiumque
2556 2956 2853 3011 consilium
2903 2956 3104 3010 inirent
3146 2957 3408 3012 adversus
3448 2955 3574 3011 uni-

1992 3065 2212 3105 versum
2264 3047 2550 3102 dominum
2601 3063 2663 3101 ac
2710 3062 2890 3118 regem
2945 3047 3151 3114 Deum,
3204 3055 3259 3102 et
3309 3046 3574 3103 adversus

1992 3140 2272 3196 Christum
2304 3139 2426 3210 ejus
2447 3139 2522 3194 ?li
2555 3153 2684 3210 ergo
2713 3140 2807 3210 qui
2841 3137 3104 3194 adversus
3122 3137 3482 3204 Salvatorem,
3506 3141 3575 3194 ah

1994 3233 2238 3287 omnium
2272 3231 2504 3286 Domino
2543 3247 2607 3286 ac
2648 3230 2758 3287 Deo
2790 3231 3103 3286 hominibus
3132 3231 3360 3287 missum
3383 3273 3397 3296 ,
3433 3232 3573 3286 bella

1994 3332 2316 3395 gesserunt,
2366 3323 2572 3394 quique
2616 3323 2922 3378 doctrinam
2971 3323 3092 3393 eius
3126 3322 3376 3378 insectati
3405 3329 3572 3382 sunt.

1997 3415 2408 3486 Ecclesiamque
2442 3415 2678 3472 diversis
2719 3415 3061 3484 temporibus
3086 3425 3386 3479 vexarunt,
3418 3429 3575 3484 reges

1995 3508 2256 3562 nimirum
2298 3521 2362 3560 ac
2403 3505 2679 3576 principes
2720 3513 2911 3570 terrae,
2947 3506 3335 3575 ignoraverunt
3367 3519 3426 3559 se
3459 3519 3568 3558 non

1996 3598 2156 3653 modo
2187 3605 2380 3653 contra
2409 3595 2688 3652 Christum
2707 3635 2722 3660 ,
2761 3594 2857 3650 sed
2886 3595 3050 3649 etiam
3080 3593 3346 3649 adversus
3376 3607 3504 3648 eum
3541 3608 3572 3645 a

1972 3706 2105 3761 .quo
2149 3690 2354 3746 missus
2385 3687 2639 3744 Christus
2690 3693 2812 3747 est.
2871 3685 3203 3756 impietatem
3251 3683 3571 3739 extendisse

1993 3797 2169 3839 suam.
2195 3782 2472 3837 Christum
2503 3781 2668 3852 igitur
2695 3778 3014 3834 nominatim
3043 3776 3254 3834 insidiis
3287 3775 3573 3831 hominum

1993 3875 2294 3944 appetitum
2318 3913 2332 3938 ,
2369 3879 2556 3942 aperte
2591 3871 2695 3927 hoc
2729 3870 2784 3925 in
2817 3869 3079 3926 vaticinio
3120 3883 3440 3938 expressum
3480 3867 3576 3922 ha-

1993 3966 2185 4022 bemus
2210 3984 2224 4032 ;
2248 3966 2302 4020 in
2330 3964 2684 4035 sequentibus
2708 3974 2888 4019 autem
2907 3961 3079 4016 Filius
3095 3960 3189 4017 Dei
3220 3962 3534 4016 nominatur
3558 3979 3572 4024 ;

1994 4059 2088 4112 sed
2135 4057 2296 4111 etiam
2338 4057 2601 4110 docemur
2645 4063 2835 4126 gentes
2877 4069 3071 4108 omnes
3117 4052 3364 4123 ﬁnesque
3409 4060 3573 4109 terrae

1995 4149 2050 4202 in
2083 4148 2453 4203 haereditatem
2489 4147 2593 4218 ipsi
2625 4162 2654 4200 a
2681 4144 2846 4200 Patre
2869 4144 3160 4200 donandos
3186 4163 3200 4200 :
3232 4160 3357 4215 quae
3387 4146 3573 4200 omnia

1995 4240 2052 4293 in
2089 4253 2198 4292 uno
2234 4237 2517 4293 Salvatore
2549 4244 2738 4291 nostro
2771 4236 3040 4306 completa
3072 4250 3198 4290 esse
3227 4235 3574 4292 demonstra-

1995 4341 2105 4386 tur.
2163 4329 2302 4397 Quia
2344 4345 2478 4385 vero
2523 4327 2669 4401 apud
2711 4326 2930 4384 Juda'os
2976 4327 3068 4381 alii
3117 4326 3325 4382 Christi
3384 4327 3570 4391 fuere,

1997 4421 2313 4478 sacerdotes
2339 4420 2592 4474 videlicet
2616 4426 2670 4474 et
2699 4434 2854 4490 reges
2881 4419 3065 4489 gentis
3093 4418 3274 4485 illius;
3303 4420 3575 4491 perpende

1995 4514 2162 4578 mihi,
2189 4528 2396 4584 quasso,
2420 4512 2508 4566 cui
2540 4527 2753 4575 eorum,
2786 4511 2984 4580 quaein
3015 4510 3276 4564 vaticinio
3301 4511 3572 4575 feruntur,

1995 4606 2312 4675 contigere:
2350 4620 2480 4658 num
2515 4604 2640 4673 quis
2683 4603 2824 4657 alius
2875 4602 3096 4658 insidiis
3143 4602 3418 4672 appetitus
3460 4604 3570 4666 sit;

1997 4715 2127 4752 num
2163 4697 2287 4767 quis
2319 4695 2490 4750 Filius
2524 4694 2616 4750 Dei
2649 4695 2932 4762 audierit;
2984 4710 3116 4750 num
3158 4697 3285 4766 quis
3320 4695 3572 4764 gentibus

1997 4789 2270 4843 universis
2303 4786 2584 4856 imperarit
2613 4804 2628 4852 ;
2664 4801 2796 4839 num
2831 4787 2956 4854 quis
2988 4800 3086 4854 per
3129 4785 3444 4839 universum
3483 4800 3575 4838 οι·-

1997 4882 2116 4936 bem
2149 4889 2208 4934 ut
2238 4879 2492 4934 Christus
2525 4878 2748 4932 habitus
2783 4876 2966 4932 fuerit.
3019 4875 3125 4931 Sed
3164 4875 3434 4930 neminem
3468 4875 3573 4928 hu-

1995 4971 2240 5042 jusmodi
2283 4972 2558 5042 quispiam
2615 4970 2861 5041 proferre
2906 4969 3122 5036 valeat;
3156 4967 3308 5022 solus
3338 4981 3574 5036 namque

299 5065 480 5116 πᾶσαν
530 5065 632 5136 τὴν
679 5068 1005 5138 οἰκουμένην
1060 5068 1374 5141 πληρώσας,
1439 5071 1535 5126 καὶ
1593 5072 1685 5124 ἐπὶ
1741 5070 1885 5140 μόνῳ

1999 5064 2246 5118 Salvator
2265 5069 2449 5116 noster
2463 5057 2625 5116 Jesus
2641 5060 2892 5116 Christus
2916 5098 2930 5122 ,
2964 5058 3068 5112 hoc
3111 5073 3211 5112 suo
3242 5056 3461 5109 nomine
3489 5065 3572 5108 to-

297 5155 446 5224 αὐτῷ
472 5156 703 5220 ἕκαστος
730 5158 838 5211 τῶν
863 5161 1170 5230 εἰρημένων
1202 5163 1389 5226 τέλους
1420 5164 1627 5234 ἔτυχεν.

2002 5165 2114 5210 tum
2148 5153 2464 5224 adimplevit
2499 5153 2706 5219 orbem,
2741 5151 2868 5204 dum
2885 5148 3213 5204 Christianis
3233 5146 3570 5201 suonomine

297 5251 377 5304 sic
391 5251 604 5306 vocatis
620 5253 931 5307 universam
964 5262 1164 5308 terram
1204 5259 1427 5326 replevit
1459 5277 1470 5310 :
1496 5265 1659 5324 atque
1690 5257 1743 5310 in
1775 5257 1877 5310 hoc
1909 5254 2026 5310 solo
2055 5265 2178 5321 quae
2202 5248 2346 5304 dicta
2371 5254 2500 5303 sunt
2516 5246 2698 5301 omnia
2726 5244 2792 5298 ad
2829 5242 3123 5298 terminum
3151 5240 3385 5306 deducta
3419 5249 3564 5293 sunt-

923 5370 1260 5441 Διάψαηίμα.

366 5477 442 5531 Τὸ
467 5478 747 5550 διαψαλμα
765 5481 916 5551 παρὰ
942 5485 1055 5546 τοῖς
1084 5483 1484 5556 Ἑϐδομήκοντα
1527 5489 1727 5549 κεῖται,
1757 5488 1885 5539 οὑκ-

296 5569 376 5622 ἐτι
412 5569 469 5621 δὲ
524 5571 676 5643 παρὰ
739 5572 1052 5627 Θεοδοτίωνι
1097 5577 1190 5628 καὶ
1237 5577 1538 5648 Συμμάχῳ.
1589 5578 1778 5632 Καίτοι
1822 5596 1884 5646 γε

299 5657 523 5712 εἰώθασι
577 5661 835 5725 πολλάκις
877 5663 1114 5734 χρῆσθαι
1156 5669 1222 5737 τῇ
1269 5663 1413 5730 λέξει
1460 5665 1635 5740 ταύτῃ
1680 5668 1884 5737 ὁμοίως

298 5751 407 5812 τοῖς
448 5750 872 5822 Ἑϐδομήκοντα.
911 5755 1001 5808 Διὸ
1051 5755 1214 5822 εἰκὸς,
1244 5760 1292 5810 εἰ
1339 5757 1433 5811 καὶ
1479 5758 1538 5812 τὸ
1592 5759 1882 5830 πρόσωπον

371 5909 390 5938 ⁷
436 5907 624 5963 Matth.
653 5927 711 5974 .v,
753 5910 841 5965 Π.

2613 5354 2948 5423 Diapsalma.

2062 5471 2121 5526 In
2176 5469 2532 5542 Septuaginta
2581 5467 2977 5538 lnterpretibus
3024 5467 3179 5522 adest
3228 5465 3565 5536 diapsalma,

1992 5565 2086 5621 sed
2107 5579 2218 5619 non
2239 5564 2381 5634 apud
2404 5562 2831 5617 Theodotionem
2849 5567 2903 5614 et
2923 5559 3334 5630 Symmachum,
3350 5557 3566 5613 etiamsi

1992 5659 2095 5730 ipsi
2130 5659 2453 5729 plerumque
2485 5655 2587 5708 hac
2622 5668 2755 5707 voce
2794 5653 3121 5709 uti.soleant
3149 5651 3374 5722 perinde
3402 5659 3565 5718 atque

1995 5752 2353 5825 Septuaginta
2386 5747 2733 5818 lnterpretes.
2767 5746 3136 5817 Quapmpter,
3169 5746 3274 5802 etsi
3317 5746 3406 5800 hic
3441 5758 3562 5814 per-
