4020 6372
455 378 526 426 83)

1164 360 1431 422 EUSEBII
1459 363 1932 426 CALSARIENSIS
1969 371 2114 426 OPP.
2153 372 2333 426 PARS
2371 371 2457 428 ιιι.
2496 403 2568 416 —
2601 374 3012 431 EXEGETICA.

3615 378 3683 426 81

455 480 645 524 sonam
669 461 977 526 mutaverit,
1003 476 1102 532 par
1126 465 1226 515 luit
1251 463 1499 516 eumdem
1528 465 1764 519 musices
1792 465 2006 519 modum

2128 468 2509 538 μεταϐέϐληκε,
2527 468 2616 520 τὸν
2637 482 2890 539 μουσικον
2907 470 3004 538 ρυθ
3012 481 3110 538 μον
3129 464 3471 536 τετηρεῖσθαι
3488 464 3682 536 (1),καὶ

454 555 682 618 servari,
730 561 892 624 atque
919 552 1066 618 (ideo
1110 569 1139 606 a
1183 552 1552 608 Theodotione
1591 563 1646 610 et
1695 554 2017 626 Symmacho

452 662 562 706 non
593 645 826 716 positum
857 644 1028 700 fuisse
1048 644 1346 714 diapsalma
1380 645 1609 701 videtur.
1641 645 2016 716 Dirumpamus

451 739 660 792 vincula
700 753 901 800 eorum,
949 745 997 790 et
1025 737 1364 804 projiciamus
1403 753 1435 788 a
1475 736 1622 790 nobis
1653 737 1843 808 jugum
1877 740 2018 808 ipso-

452 847 587 888 rum.
642 828 747 896 Qui
793 827 1000 881 habitat
1044 829 1100 881 in
1146 827 1289 882 cretis
1348 827 1589 882 irridebit
1635 845 1720 882 eos
1747 868 1761 893 ,
1820 839 1868 882 et
1910 829 2019 881 Do-

451 924 625 975 minus
682 919 1026 974 subsannabit
1073 938 1180 975 eos.
1231 919 1430 976 Primis
1466 921 1718 976 versibus
1762 921 1854 991 qui
1897 929 2020 977 ante

449 1010 749 1080 diapsalma
783 1010 875 1064 siti
903 1017 1081 1076 erant,
1113 1019 1367 1082 putamus
1412 1011 1579 1067 hosce
1617 1027 1836 1082 quoque
1869 1011 2018 1083 adje-

447 1108 568 1153 ctos
603 1097 796 1154 fuisse.

523 1187 690 1246 Vens.
722 1192 776 1245 5.
820 1190 1204 1260 Dirumpamus
1237 1191 1445 1246 vincula
1471 1208 1676 1257 eorum,
1702 1202 1749 1246 et
1768 1192 2021 1261 projicia-

451 1298 568 1335 mus
598 1299 631 1335 a
659 1282 806 1336 nobis
826 1283 1018 1352 jugum
1046 1284 1299 1352 ipsorum.
1331 1281 1536 1338 Gentes
1559 1285 1791 1339 vinculis
1824 1300 2020 1353 pecca-

453 1381 631 1424 torum
670 1386 896 1426 suorum
923 1373 1258 1435 constrictze,
1301 1388 1478 1441 neque
1510 1373 1711 1434 liberae,
1747 1375 1863 1429 suis
1891 1374 2021 1443 ipsae

451 1461 613 1516 malis
641 1463 989 1533 colligantur.
1012 1463 1210 1533 Aitque
1235 1464 1513 1529 Christus,
1543 1465 1657 1518 sive
1681 1467 1886 1535 angelis
1917 1467 2019 1522 sibi

451 1554 914 1620 ministrantibus,
953 1555 1070 1609 sive
1113 1554 1260 1608 Patri
1290 1563 1344 1609 et
1373 1555 1594 1624 Spiritui
1651 1567 1861 1614 saneto.
1905 1559 2020 1613 sive

454 1647 616 1701 tertio
647 1647 912 1717 apostolis
960 1650 1077 1702 suis
1112 1654 1166 1701 et
1205 1645 1482 1715 Evangelii
1518 1649 1878 1716 praeconibus,
1928 1664 2022 1702 co-

455 1737 681 1793 hortans
708 1753 802 1792 eos
832 1739 899 1794 ad
923 1738 1181 1793 solvenda
1204 1738 1675 1808 dirumpendaque
1703 1739 2019 1808 hujusmodi

457 1827 670 1880 vincula
699 1845 714 1881 :
743 1827 1126 1898 Dirumpamus
1179 1827 1387 1882 vincula
1440 1844 1642 1882 eorum.
1682 1827 1872 1898 Populi
1924 1845 2021 1883 au-
2051 1815 2094 1870 Β

456 1927 564 1970 tem
617 1917 712 1987 qui
761 1919 863 1973 sub
906 1917 1040 1988 jugo
1089 1920 1224 1990 legis
1271 1923 1628 1993 corporaliter
1667 1921 2017 1986 detinentur;

453 2007 615 2077 cujus
642 2009 1008 2079 despicienda:
1039 2021 1231 2066 auctor
1261 2013 1377 2084 ipse
1406 2022 1512 2076 est,
1554 2020 1740 2082 utpote
1773 2027 1892 2082 qua!
1923 2013 2022 2065 in-

455 2101 647 2154 stituta
701 2115 766 2155 ac
804 2111 1074 2172 praecepta
1114 2120 1224 2158 non
1280 2105 1424 2159 bona
1470 2106 1884 2176 complectatur,
1923 2119 2021 2174 per

453 2193 730 2248 (.hristum
757 2193 976 2248 adducti
994 2194 1060 2248 ad
1085 2195 1254 2266 legem
1275 2197 1638 2266 spiritualem,
1667 2195 1931 2250 institutis
1956 2210 2020 2248 ac

453 2284 736 2353 praeceptis
785 2285 946 2339 bonis
979 2286 1324 2354 instructam,
1379 2304 1543 2359 grave
1590 2289 1894 2344 occidentis
1929 2290 2023 2341 lit-

455 2385 582 2429 tera:
607 2375 798 2446 jugum
832 2375 1135 2446 deponunt,
1165 2377 1447 2434 Salvatore
1478 2381 1764 2451 praedictos
1795 2380 2018 2434 commi-

453 2466 658 2520 nistros
697 2481 828 2521 suos
857 2468 936 2521 sic
977 2468 1341 2539 compellante
1367 2489 1379 2524 :
1407 2470 1765 2539 Projiciamus
1808 2488 1840 2524 a
1872 2471 2019 2524 nobis

448 2556 636 2625 jugum
678 2558 932 2626 ipsorum.
962 2557 1098 2612 Illud
1132 2569 1335 2624 autem,
1366 2577 1399 2614 a
1440 2561 1608 2623 nobis,
1641 2562 1719 2614 sic
1762 2562 2020 2630 explicari

456 2654 656 2716 potest.
718 2647 901 2719 Ipsum
948 2651 1139 2721 procul
1189 2666 1220 2704 a
1265 2653 1424 2707 nobis
1471 2653 1822 2721 abjiciamus,
1885 2653 2020 2706 nihil

455 2747 780 2796 cunctantes
810 2756 986 2810 neque
1008 2743 1141 2796 moti
1171 2744 1562 2813 supplicatione
1590 2759 1777 2798 eorum
1802 2745 1895 2813 qui
1929 2745 2022 2798 illo

457 2831 630 2904 [.jugo]
666 2842 985 2888 onerantur.
1020 2834 1134 2891 Hac
1175 2853 1392 2906 quoque
1422 2837 1635 2892 ratione
1669 2837 1822 2902 illud,
1855 2854 1888 2889 ιι
1929 2853 2024 2888 ηομ

458 2925 559 2990 bis,
608 2925 911 2996 intelligere
962 2927 1112 2982 licet.
1168 2926 1280 2998 Ego
1316 2928 1430 2998 ipse
1484 2928 1578 2998 qui
1629 2943 1753 2982 cum
1809 2928 2023 2997 pepulis

456 3029 596 3068 vana
639 3011 1029 3071 meditantibus
1060 3032 1250 3072 versor
1295 3033 1360 3072 ac
1396 3021 1560 3071 vitam
1599 3033 1720 3087 ago,
1765 3017 1867 3072 sub
1891 3017 2023 3087 jugo

457 3121 648 3160 eorum
693 3120 835 3174 sum,
881 3116 1070 3180 utpote
1119 3110 1501 3164 circumcisus.
1567 3108 1637 3162 Et
1680 3108 2023 3177 proiiciamus

443 3204 916 3274 jugumipsorum,
958 3202 1011 3256 id
1041 3210 1126 3256 est
1173 3217 1204 3256 a
1240 3217 1329 3256 me
1377 3209 1431 3257 et
1476 3201 1544 3256 ab
1586 3202 1654 3257 iis
1683 3202 1776 3272 qui
1811 3216 2024 3256 mecum

460 3301 838 3365 consentiunt,
876 3309 931 3356 et
959 3302 1154 3372 legem,
1195 3317 1317 3372 qua
1364 3303 1594 3357 salutem
1633 3302 1855 3357 minime
1897 3317 2028 3356 con-

462 3391 591 3458 fert,
623 3393 783 3463 quasi
815 3391 1185 3448 conferentem
1209 3393 1524 3448 observant.
1560 3392 1684 3448 Sive
1708 3395 1811 3448 hoc
1831 3394 2022 3450 modo:

462 3485 590 3553 quia
614 3484 948 3539 arbitramur
983 3485 1297 3556 impositum
1343 3485 1504 3540 nobis
1553 3501 1694 3541 onus
1722 3486 1854 3540 illud
1885 3500 2026 3552 esse,

455 3577 648 3646 jugum
670 3576 915 3647 ipsorum
949 3576 1323 3646 projieiamus.
1350 3575 1504 3631 Hunc
1526 3578 1670 3632 enim
1694 3577 1946 3632 affectum
1974 3577 2030 3631 in

461 3665 682 3720 Christo
711 3681 832 3721 esse
869 3665 1138 3721 afﬁrmare
1163 3667 1450 3732 audemus,
1482 3667 1553 3722 ob
1583 3667 1754 3738 ipsius
1777 3682 1904 3738 erga
1935 3682 2030 3723 eos

461 3759 555 3828 qti
583 3759 716 3829 jugo
738 3759 1125 3828 Opprimuntur
1148 3758 1470 3814 charitatem
1495 3777 1511 3827 ;
1539 3760 1716 3828 qualis
1739 3760 1903 3814 etiam
1934 3759 2032 3812 ha-

467 3853 629 3906 betur
687 3852 742 3906 in
795 3851 1050 3907 omnibus
1105 3851 1480 3907 misericordiae
1518 3853 1665 3920 viris,
1715 3854 1807 3924 qui
1855 3853 2030 3908 aliena

465 3951 686 4016 peccata
718 3953 778 3997 ut
806 3960 903 3998 sua
937 3951 1215 4014 reputant.

539 4030 707 4087 Vens.
746 4033 800 4086 4.
843 4031 968 4086 Haec
998 4032 1065 4087 de
1096 4032 1409 4088 hominibus
1444 4034 1557 4089 sive
1579 4034 1893 4104 gentilibus,
1919 4034 2032 4089 sive

461 4123 664 4180 Iudaeis
703 4124 848 4178 dicta
892 4125 1022 4178 sint.
1071 4121 1189 4178 Jam
1231 4139 1359 4180 vero
1407 4125 1561 4189 illud,
1604 4126 1695 4194 qui
1735 4125 1935 4178 habitat
1979 4126 2034 4179 in

463 4216 606 4270 caelis
654 4215 914 4282 irridebit,
959 4230 1084 4269 cum
1151 4214 1256 4269 hoc
1306 4216 1703 4286 c0pulandum,
1755 4219 2034 4270 astiterunt

463 4326 606 4380 rcges
637 4319 810 4373 terrm,
845 4323 982 4377 quos
1018 4307 1266 4361 irridebit
1288 4306 1431 4362 Deus
1461 4309 1554 4378 qui
1592 4309 1799 4362 habitat
1832 4310 1884 4362 in
1918 4323 2034 4363 cm-

465 4402 555 4462 lis,
604 4407 791 4470 utpote
839 4407 1056 4454 terrena
1105 4405 1288 4453 mente
1339 4399 1614 4468 pradilos.
1663 4399 1846 4468 Neque
1888 4401 2032 4453 enim

2054 3171 2096 3225 C

2121 558 2208 610 διὰ
2232 557 2385 611 τοῦτο
2421 561 2494 628 μὴ
2525 558 2964 628 προστεθεικέναι
2991 557 3051 609 τὸ
3082 556 3356 627 διάψαλμα
3380 555 3469 609 τὸν
3501 556 3684 609 Θεοδο-

2117 650 2286 703 τίωνα
2328 651 2421 705 καὶ
2470 649 2561 703 τὸν
2610 650 2924 720 Σύμμαχον.
2971 649 3382 717 Διαρῤήξωμεν
3414 648 3552 713 τοὺς
3588 648 3683 702 δε-

2119 741 2312 810 σμοὺς
2353 740 2569 806 αὐτῶν,
2612 742 2711 794 καὶ
2751 741 3170 808 ἀπορῤίψωμεν
3215 739 3313 808 ἀφ’
3360 738 3528 807 ἡμῶν
3579 737 3685 791 τὸν

2121 831 2297 902 ζυγὸν
2327 831 2541 886 αὐτῶν.
2594 833 2658 885 '0
2686 831 2975 886 κατοικῶν
3027 832 3097 885 ἐν
3133 830 3405 898 οὐρανοῖς
3441 829 3684 900 ἐκγελά-

2122 938 2291 977 σεται
2329 923 2571 990 αὐτοὺς,
2607 923 2705 976 καὶ
2732 927 2764 977 ό
2792 924 3004 991 Κύριος
3029 921 3412 992 ἐκμυκτηριεῐ
3444 922 3681 988 αὐτούς.

2121 1017 2264 1086 Πρὸς
2291 1017 2416 1078 τοὺς
2450 1015 2697 1087 πρώτους
2728 1015 2939 1085 στίχους
2967 1015 3092 1078 τοὺς
3127 1015 3232 1086 πρὸ
3258 1013 3349 1066 τοῦ
3379 1013 3680 1084 διαψάλμαμ

2119 1123 2210 1169 τος
2240 1106 2517 1176 ἡγούμεθα
2550 1107 2770 1169 τούτους
2798 1105 3157 1160 ἀποδίδοσθαι.

2191 1197 2603 1266 Διαῤῥήξωμεν
2650 1197 2791 1263 τοὺς
2827 1196 3086 1266 δεσμοὺς
3123 1196 3341 1258 αὐτῶν,
3372 1195 3468 1249 καὶ
3502 1195 3688 1265 ἁπορο

2113 1291 2387 1360 ῥίψωμεν
2409 1290 2508 1358 ἀφ’
2529 1287 2696 1359 ἡμῶν
2721 1290 2828 1342 τὸν
2859 1286 3038 1357 ζυγὸν
3067 1285 3278 1340 αὐτῶν.
3303 1286 3383 1340 Τὰ
3404 1285 3551 1356 ἔθνη,
3580 1301 3689 1338 σει-

2123 1384 2244 1454 ραῖς
2287 1381 2395 1434 τῶν
2433 1381 2585 1434 ίδίων
2628 1378 2909 1452 ἁμαρτιῶν
2943 1378 3282 1448 σφιγγόμενα
3311 1377 3404 1430 κοιλ⁹
3431 1378 3530 1430 οὐκ
3560 1377 3688 1430 ὄντα

2122 1473 2403 1544 ἐλεύθερα,
2456 1473 2663 1528 δέδεται
2711 1475 2823 1536 τοῖς
2869 1472 3017 1535 ἰδίοις
3058 1469 3236 1524 αὐτῶν
3284 1471 3504 1532 κακοῖς·
3535 1469 3630 1522 καὶ¹
3659 1469 3689 1522 ὁ

2120 1561 2351 1632 Χριστός
2395 1577 2579 1632 φησιν,
2632 1561 2749 1632 ἦτοι
2800 1563 2934 1630 προς
2965 1561 3086 1624 τοὺς
3135 1558 3513 1620 διακονοῦντας
3540 1555 3689 1626 αὐτῷ

2121 1652 2402 1720 ἀγγέλους,
2425 1652 2458 1722 ἦ
2482 1651 2616 1722 πρὸς
2638 1652 2726 1705 τὸν
2753 1652 2970 1723 Πατέρα
2992 1651 3086 1705 καὶ
3106 1651 3167 1704 τὸ
3191 1649 3414 1720 Πνεῦμα
3431 1649 3493 1701 τὸ
3514 1649 3687 1716 ἆγιον,

2122 1745 2156 1815 ἢ
2193 1745 2373 1816 τρίτον
2399 1745 2521 1808 τοὺς
2569 1744 2897 1808 ἀποστόλους
2940 1745 3033 1798 καὶ
3067 1743 3344 1814 ὑπηρέτας
3387 1741 3480 1795 τοῦ
3512 1741 3690 1808 Εὐαγ-

2125 1836 2324 1904 γελίου,
2359 1834 2688 1906 παρακαλῶν
2733 1836 2931 1899 αὐτοὺς
2973 1836 3066 1888 ἐπὶ
3108 1835 3198 1888 τὸν
3226 1833 3566 1903 διασπασμὸν
3595 1833 3689 1884 καὶ

2125 1925 2220 1995 τὴν
2243 1923 2519 1994 διάρρηξιν
2542 1925 2739 1988 αὐτῶν,
2756 1924 2833 1976 τό’
2849 1922 3259 1993 Διαρῥήξωμεν
3277 1923 3417 1988 τοὺς
3431 1921 3691 1990 δεσμοὺς

2125 2015 2341 2070 αὐτῶν.
2378 2017 2440 2069 Ol
2482 2015 2537 2068 δὲ
2583 2015 2721 2080 λαοὶ,
2769 2015 2874 2068 ὑπὸ
2916 2017 3008 2069 τὸν
3053 2013 3212 2083 ζυγὸν
3245 2013 3568 2085 σωματικῶς
3595 2011 3689 2066 τοῦ

2126 2110 2290 2179 νόμου
2344 2107 2722 2178 τυγχάνοντες,
2777 2102 2839 2161 οὗ
2893 2095 3130 2161 διδάσκει
3185 2108 3562 2176 καταφρονεῖν,
3615 2103 3692 2168 ὡς

2127 2199 2471 2270 περιέχοντος
2502 2198 2843 2270 δικαιώματα
2885 2199 2946 2250 οὐ
2973 2198 3133 2264 καλὰ,
3163 2199 3257 2250 καὶ
3295 2197 3692 2269 προστάγματα

2125 2294 2184 2345 οὐ
2217 2292 2375 2358 καλὰ,
2411 2295 2807 2364 προσαγόμενοι
2833 2292 2918 2344 διὰ
2942 2291 3035 2344 τοῦ
3068 2289 3302 2362 Χριστοῦ
3335 2290 3412 2360 τῷ
3450 2306 3693 2358 πνευμα-

2126 2386 2263 2456 τικῷ
2292 2386 2440 2456 νόμῳ
2480 2386 2654 2456 ἔχοντι
2695 2384 2762 2437 τὰ
2793 2384 2930 2438 καλὰ
2959 2381 3298 2452 δικαιώματα
3336 2381 3430 2434 καὶ
3459 2379 3694 2452 προστά-

2126 2495 2310 2548 γματα
2337 2477 2496 2540 καλά,
2527 2477 2868 2530 ἀποτίθενται
2900 2474 2990 2528 τὸν
3025 2474 3193 2546 βαρὺν
3225 2473 3318 2526 τοῦ
3351 2472 3693 2526 ἀποκτείνονσ

2126 2587 2217 2634 τος
2247 2570 2567 2642 γράμματος
2594 2570 2774 2638 ζυγὸν,
2806 2567 2898 2620 τοῦ
2943 2567 3193 2638 Σωτῆρος
3226 2567 3522 2636 φάσκοντος
3557 2562 3694 2634 πρὸς

2127 2663 2252 2724 τοὺς
2309 2661 2738 2732 προειρημένους
2785 2658 3078 2729 συνεργοὺς
3118 2656 3199 2718 τὸ,
3259 2655 3695 2727 Ἄπορῤίψωμεν

2127 2754 2226 2822 ἀφ’
2273 2751 2442 2822 ἡμῶν
2487 2752 2593 2804 τὸν
2638 2749 2812 2820 ζυγὸν
2857 2748 3076 2805 αὐτῶν.
3127 2747 3199 2799 Τὸ
3247 2746 3322 2810 δέ,
3352 2746 3453 2814 ἀφ’
3502 2742 3691 2813 ἡμῶν,

2128 2845 2346 2898 δύναται
2377 2843 2615 2896 τοιοῦτον
2647 2839 2805 2896 εἶναι·
2861 2842 2977 2910 Ἀφ’
3018 2839 3222 2893 ἑαυτῶν
3256 2838 3568 2908 ποιήσωμεν
3619 2835 3694 2906 μὴ

2131 2935 2541 3006 περιμείναντες
2584 2933 2681 3003 τὴν
2711 2932 2890 3003 δέησιν
2914 2931 3021 2983 τῶν
3064 2928 3431 3000 βαρουμένων.
3464 2926 3694 2983 am:

2129 3027 2184 3079 δὲ
2215 3026 2295 3088 τὺ,
2327 3026 2426 3093 ἀφ’
2465 3023 2651 3093 ἡμῶν,
2702 3025 2794 3075 καὶ
2834 3022 2974 3074 οὕτω
3023 3019 3295 3074 νοεῖσθαι*
3329 3020 3500 3089 Κάγὼ
3545 3019 3694 3090 παρά

2131 3120 2239 3179 τοῖς
2285 3116 2428 3178 λαοῖς
2469 3118 2582 3178 τοῖς
2627 3111 2887 3185 μελετῶσι
2925 3111 2991 3167 τὰ
3039 3109 3170 3166 κενὰ
3215 3111 3574 3182 γεγενημένος
3601 3110 3695 3160 καὶ

2129 3209 2563 3280 ἁνατρειρὸμενος
2589 3207 2694 3259 ὑπὸ
2723 3206 2813 3258 τὸν
2859 3205 3020 3272 ζυγόν
3051 3207 3167 3275 εἰμι
3199 3202 3376 3256 αὐτῶν
3423 3218 3695 3272 περιτμη-

2129 3300 2261 3364 θεὶς,
2298 3301 2405 3354 Καὶ
2448 3299 2870 3366 ἁποῤῥίψωμεν
2914 3293 3110 3348 αὐτῶν
3143 3293 3250 3346 τὸν
3290 3291 3484 3360 ζυγὸν,
3535 3306 3696 3343 τουτ-

2128 3393 2272 3445 έστιν
2300 3391 2393 3443 ἀπ’
2432 3389 2564 3460 ἐμοῦ
2598 3389 2692 3443 καὶ
2740 3387 2848 3441 ἀπὸ
2885 3386 2993 3438 τῶν
3041 3382 3578 3452 συγκατατιθεμένων
3607 3396 3698 3450 μοι

2128 3485 2217 3537 τὸν
2251 3483 2323 3554 μὴ
2354 3480 2593 3544 σώζοντα
2625 3480 2786 3550 νόμον
2825 3478 2901 3541 ὡς
2945 3476 3182 3539 σώζοντα
3223 3474 3552 3527 ἀσκούντων.
3586 3473 3692 3524 'H'

2129 3572 2457 3646 Νομίζοντες
2474 3569 2611 3626 εἶναι
2629 3571 2791 3640 βάρος
2822 3569 3166 3639 ἐπικείμενον
3190 3567 3449 3636 καὶήμῖν,
3478 3563 3570 3616 τὸν
3599 3565 3698 3627 ζυ-

2130 3667 2225 3734 γὸν
2256 3665 2434 3719 αὐτῶν
2453 3663 2863 3736 ἀπορρίψωμεν.
2881 3659 3186 3731 Τολμητέον
3205 3659 3314 3728 γὰρ
3333 3656 3507 3725 λέγειν
3527 3653 3700 3708 ταῦτα

2131 3759 2268 3816 εἶναι
2299 3763 2356 3814 ἐν
2383 3760 2458 3830 τῷ
2471 3757 2688 3830 Χριστῷ
2704 3757 2791 3810 διὰ
2808 3757 2901 3827 τὴν
2919 3755 3053 3826 πρὸς
3074 3755 3198 3816 τοὺς
3216 3751 3578 3823 βαρουμένους
3594 3749 3699 3802 ὑπὸ

2129 3851 2222 3904 τοῦ
2250 3849 2415 3919 ζυγοῦ
2444 3848 2684 3918 ἀγάπην,
2721 3846 2863 3915 ἅπερ
2888 3844 3003 3896 ἐστὶ
3036 3843 3127 3895 καὶ
3167 3842 3222 3892 ἐν
3249 3842 3382 3893 πᾶσι
3411 3840 3534 3906 τοῖς
3562 3843 3701 3894 εὐσ-

2133 3942 2483 4012 πλάγχνοις,
2498 3939 2565 3992 τὰ
2585 3938 2692 3990 τῶν
2708 3936 2880 3990 ἄλλων
2895 3934 3268 4005 ἁμαρτήματα
3285 3931 3390 3985 ἴδια
3406 3931 3698 4002 κρίνουσιν.

2203 4033 2384 4086 Ταῦτα
2433 4032 2530 4102 μὲν
2577 4026 2668 4083 οὖν
2699 4027 2826 4099 περὶ
2858 4024 3158 4094 ἀνθρώπων
3204 4022 3310 4076 τῶν
3352 4039 3414 4074 τε
3457 4022 3564 4074 ἀπὸ
3593 4019 3703 4073 τῶν

2133 4127 2300 4180 ἐθνῶν
2327 4125 2420 4179 καὶ
2435 4123 2540 4178 ἀπὸ
2559 4122 2649 4175 τοῦ
2672 4118 2826 4172 λαοῦ.
2855 4117 2927 4170 Τὸ
2952 4115 3026 4180 δὲ,
3045 4116 3105 4167 '0
3134 4111 3421 4166 κατοικῶν
3439 4112 3508 4165 ἐν
3532 4112 3705 4178 οὐρα-

2133 4218 2261 4283 νοῖς
2294 4213 2703 4285 ἐκγελάσεται,
2759 4204 3202 4281 προσαρμοστέον
3251 4202 3388 4274 πρὸς
3423 4202 3502 4263 τὸ,
3550 4204 3705 4268 Παρ-

2135 4311 2404 4368 έο-τησαν
2451 4300 2801 4368 οἱβασιλεῖς
2833 4298 2943 4366 τῆς
2971 4295 3098 4367 γῆς,
3139 4294 3232 4357 οὓς
3284 4292 3636 4361 ἕκγελάσεται
3676 4295 3705 4347 ὁ

2137 4401 2266 4462 Θεὸς
2297 4401 2354 4451 ἐν
2382 4397 2626 4469 οὐρανοῖς
2667 4391 2936 4447 κατοικῶν
2970 4390 3220 4462 φρόνημα
3249 4387 3701 4458 έχονταςὶγήῖνον.

463 4493 704 4548 divinam
731 4493 878 4545 circa
907 4491 1340 4544 incarnationem
1364 4490 1568 4545 Christi
1596 4491 1957 4544 meonomiam
1979 4502 2027 4546 et

2139 4492 2211 4544 Οὐ
2241 4489 2349 4560 γὰρ
2381 4489 2665 4558 νενοήκασι
2688 4485 2786 4555 τὴν
2813 4480 3118 4551 οἰκονομίαν
3145 4479 3238 4532 καὶ
3266 4477 3362 4548 τὴν
3391 4478 3584 4546 σοφίαν
3611 4477 3705 4530 τοῦ

463 4586 787 4654 sapientiam
830 4584 1255 4639 intellexerunt:
1287 4582 1420 4636 illud
1458 4591 1661 4648 autem,
1699 4593 1747 4635 et
1779 4583 2033 4636 Dominus

464 4675 814 4730 subsannabit
853 4692 963 4742 eos,
998 4673 1344 4730 referendum
1377 4675 1444 4727 ad
1485 4675 1589 4728 hoc
1623 4675 1854 4737 dictum,
1883 4675 2034 4742 prin-

466 4770 603 4838 cipes
628 4774 975 4822 convenerunt
992 4768 1046 4820 in
1073 4783 1257 4831 unum,
1288 4776 1348 4820 ut
1371 4766 1581 4821 scilicet
1609 4783 1637 4820 a
1663 4767 1882 4822 Christo
1907 4767 2036 4820 sub-

466 4869 832 4916 sannarentur
860 4859 1158 4930 principes,
1191 4859 1286 4930 qui
1325 4860 1639 4931 congregati
1675 4871 1804 4913 sunt
1843 4859 2034 4914 adver-

464 4969 562 5012 sus
580 4953 866 5008 Dominum
895 4962 949 5008 et
978 4953 1240 5008 adversus
1261 4953 1537 5007 Christum
1563 4952 1700 5021 ejus.
1721 4952 2038 5022 Congruen-

466 5057 550 5103 tes
596 5056 775 5102 autem
827 5048 955 5103 boni
998 5047 1092 5103 Dei
1136 5047 1274 5101 Filio
1307 5053 1436 5101 sunt
1479 5046 1596 5100 ista)
1643 5059 1838 5110 voces;
1881 5046 2030 5115 quia,

465 5143 681 5198 etiamsi
711 5142 1035 5198 fremuerint
1072 5151 1281 5210 gentes,
1331 5149 1386 5196 et
1429 5141 1612 5212 pepuli
1643 5139 1886 5196 meditati
1928 5139 2039 5194 sint

466 5235 671 5299 inania,
707 5243 762 5288 at
787 5250 889 5290 nos
923 5234 1268 5290 frementium
1309 5234 1650 5288 ethnicorum
1692 5233 1908 5286 vincula
1951 5231 2038 5285 di-

467 5343 812 5397 rumpamus,
852 5337 906 5382 et
941 5328 1132 5398 jugum
1176 5327 1500 5396 populorum
1535 5325 1719 5379 inania
1772 5324 2040 5378 meditan-

471 5420 606 5477 tium
640 5420 1016 5490 projiciamus.

538 5513 609 5566 At
653 5513 783 5580 quia
828 5528 937 5566 non
981 5513 1092 5582 jam
1127 5513 1201 5569 ita
1241 5511 1400 5568 facile
1433 5509 1695 5570 medelam
1744 5507 2038 5568 admittunt

471 5602 713 5672 praedicti
762 5619 919 5672 reges
965 5611 1124 5658 terra:
1171 5613 1226 5659 et
1271 5600 1755 5674 principes;jubet
1803 5596 2040 5666 Spiritus

474 5705 719 5756 sanctus,
754 5696 995 5766 gentium
1037 5704 1091 5752 et
1129 5696 1477 5765 populorum,
1522 5706 1711 5761 regum
1740 5698 1794 5746 et
1835 5689 2036 5760 princi-

543 5811 622 5879 (1)
671 5810 1064 5878 Τετηρεῐσθαι.
1098 5809 1236 5879 Lege
1261 5807 1607 5881 τετηρῆσθαι.
1638 5803 1796 5861 Eutr.

2142 4581 2276 4634 Θεοῦ
2309 4581 2405 4650 τὴν
2433 4578 2560 4649 περὶ
2583 4575 2680 4647 τὴν
2701 4572 3107 4646 ἐνανθρώπησιν
3131 4571 3224 4625 τοῦ
3250 4568 3508 4640 Χριστοῦ.
3533 4567 3605 4620 Τὸ
3625 4567 3705 4630 δὲ,

2141 4673 2249 4728 Καὶ
2272 4675 2304 4725 ὀ
2324 4671 2536 4738 Κύριος
2559 4665 2938 4736 ἐκμυκτηριεῖ
2972 4661 3212 4727 αὐτοὺς,
3247 4661 3382 4732 πρὸς
3407 4659 3488 4723 τὺ,
3520 4662 3583 4712 Ol
3608 4657 3710 4726 ἆρ-

2139 4780 2348 4835 χοντες
2377 4761 2781 4830 συνήχθησαν
2802 4757 2898 4810 ἐπὶ
2927 4755 2995 4808 τὸ
3021 4756 3196 4807 αὐτό·
3221 4753 3308 4805 ἵνα
3339 4748 3710 4822 μυκτηρίζων-

2139 4875 2226 4910 ται
2273 4858 2322 4909 οἱ
2369 4854 2624 4926 ἄρχοντες
2657 4851 2762 4903 ὑπὸ
2806 4849 2900 4902 τοῦ
2951 4843 3211 4917 Χριστοῦ,
3257 4845 3306 4896 οἱ
3355 4840 3710 4911 συναχθέντες

2143 4948 2281 5002 κατά
2312 4945 2407 4999 τοῦ
2438 4943 2644 5015 Κυρίου
2675 4943 2767 4999 καὶ
2797 4939 2937 4996 κατά
2964 4936 3058 4991 τοῦ
3083 4934 3319 5009 Χριστοῦ
3348 4931 3535 4987 αὑτοῦ.
3565 4929 3710 5003 Πρέ-

2104 5020 2337 5092 ’πουσαι
2383 5037 2439 5090 δὲ
2477 5033 2678 5105 ἀγαθοῦ
2717 5031 2853 5087 Θεοῦ
2898 5029 3014 5101 Υἱῷ
3061 5027 3269 5099 φωναί·
3301 5028 3406 5090 ὃτι,
3440 5027 3489 5078 εἰ
3519 5025 3612 5078 καὶ
3641 5023 3710 5076 τὰ

2141 5130 2264 5202 ἔθνη
2311 5127 2607 5200 ἐφρύαξαν,
2639 5127 2732 5178 καὶ
2769 5126 2818 5182 οἱ
2860 5123 2979 5180 λαοὶ
3003 5121 3337 5192 ἐμελέτησαν
3367 5116 3520 5178 κενὰ,
3550 5117 3712 5186 ἡμεῖς

2139 5241 2202 5292 γε
2232 5223 2357 5284 τοὺς
2382 5219 2613 5290 δεσμοὺς
2639 5217 2818 5293 αὐτῶν
2851 5215 2959 5270 τῶν
2987 5212 3339 5286 φρυαξάντων
3383 5208 3552 5263 ἐθνῶν
3595 5207 3711 5260 δια-

2145 5301 2458 5384 σπάσωμεν,
2504 5313 2596 5364 καὶ
2641 5310 2733 5363 τὸν
2785 5307 2943 5377 ζυγὸν
2987 5305 3093 5359 τῶν
3142 5303 3551 5375 μλετησάντων
3579 5297 3714 5353 κενά

2140 5407 2282 5462 λαῶν
2314 5403 2600 5476 ἀπορρίψω
2608 5418 2724 5473 μεν.

2224 5499 2377 5554 Ἐπεὶ
2402 5497 2458 5550 δέ
2495 5495 2675 5548 οὐκέτι
2716 5492 2958 5565 εὐχερῶς
3002 5490 3243 5561 δέχονται
3289 5485 3386 5558 τὴν
3416 5481 3712 5556 θεραπείαν

2146 5592 2198 5645 οἵ
2235 5609 2295 5642 τε
2326 5587 2629 5659 τηλικοῦτοι
2661 5583 3041 5660 προειρημένοι
3064 5582 3164 5652 τῆς
3195 5580 3299 5650 γῆς
3345 5576 3579 5647 βασιλεῖς
3617 5571 3714 5626 καὶ

2145 5687 2192 5738 oi
2232 5684 2507 5755 ἄρχοντες,
2538 5679 2644 5732 τῶν
2686 5675 2824 5731 κατὰ
2865 5672 2957 5728 τοῦ
2993 5671 3197 5751 Κυρίου
3228 5670 3320 5728 καὶ
3349 5667 3443 5722 τοῦ
3475 5664 3710 5742 Χριστοί
