4020 6372
320 414 394 469 35
1475 408 1977 466 COMMENTARIA
2020 410 2085 465 IN
2115 410 2452 469 PSALMOS.
3523 434 3604 479 διν

318 530 493 583 αὑτοῦ
539 531 917 602 συναχθέντων
950 532 1121 586 ὲθνῶν
1149 549 1208 587 τε
1237 535 1331 589 καὶ
1362 536 1527 603 λαῶν,
1560 538 1827 609 βασιλέων
1856 556 1891 591 τλ

2022 554 2172 609 pum,
2212 539 2509 595 visibilium
2548 546 2602 594 et
2642 539 3021 606 invisibinum,
3054 556 3144 611 qui
3186 555 3450 596 adversus
3483 539 3593 595 Do-

317 621 415 672 καὶ
444 623 745 692 ἀρχόντων,
779 626 1073 696 ὁρωμένων
1104 642 1163 678 τε
1190 627 1282 681 καὶ
1318 629 1563 697 ἀφανῶν,
1589 631 1913 702 προστάττει

312 710 378 764 τὺ
403 712 635 782 Πνεῦμα
660 713 721 766 τὸ
746 714 900 782 ἅγιον
928 715 1055 778 τοὺς
1078 716 1179 786 τῆς
1209 716 1658 791 εἰδωλολατρείας
1681 720 1913 790 δεσμοὺς

313 802 733 874 διαρῤηγνύναι,
787 805 884 859 καὶ
930 805 1022 860 τὸν
1077 805 1248 877 βαρὺν
1292 810 1391 879 τῆς
1434 810 1708 881 ἁμαρτίας
1750 812 1913 880 ζυγὸν

311 896 681 967 ἀπορρίπτειν
713 896 814 966 τῆς
844 897 1054 951 ἑαυτῶν
1083 898 1293 969 ψυχῆς
1325 896 1407 963 οἷς
1436 902 1914 973 καταδεδουλωμέ-

310 1004 394 1039 νοι
419 988 685 1059 πρότερον
713 989 923 1060 ἑτέροις
960 990 1224 1061 ἄρχουσιν
1256 992 1631 1063 ὑπεκείμεθα“
1662 993 1749 1047 ἵνα
1771 995 1913 1047 ὲκεί-

312 1096 420 1131 νων
460 1078 918 1150 ἐλευθερωθέντες
944 1080 1035 1132 τὸν
1062 1079 1298 1151 ἐλαφρὸν
1324 1081 1415 1134 τοῦ
1452 1083 1707 1154 Σωτῆρος
1746 1082 1910 1153 ζυγὸν

308 1171 725 1242 ἀναδεξώμεθα,
752 1172 839 1240 ἐφ’
866 1172 923 1225 ὃν
947 1171 1303 1243 προκαλεῖται
1326 1172 1500 1241 λέγων
1520 1190 1533 1203 ⁸
1557 1174 1735 1228 Δεῦτε
1759 1183 1911 1245 πρὸς

305 1269 392 1333 μὲ
418 1264 645 1331 πάντες
673 1268 729 1318 οἱ
765 1265 1096 1331 κοπιῶντες
1119 1265 1217 1318 καὶ
1244 1267 1723 1337 πεφορτισμένοι,
1750 1267 1910 1337 κάγὼ

308 1356 648 1410 ἀναπαύσω
670 1355 843 1425 ὑμᾶς.
878 1359 1081 1425 Ἄρατε
1111 1357 1218 1411 τὸν
1243 1356 1421 1426 ζυγόν
1440 1376 1583 1427 μου,
1607 1359 1705 1412 καὶ
1731 1359 1905 1426 ἴδετε,

312 1449 405 1502 ὅτι
429 1452 706 1518 χρηστός
764 1450 918 1506 ἐστι.
947 1451 1214 1505 Λέλεκται
1241 1451 1296 1504 δὲ
1323 1450 1494 1505 ταῦτα
1519 1452 1654 1523 πρὸς
1681 1452 1748 1506 τὰ
1780 1453 1904 1525 ἔθνη

308 1540 382 1592 τὰ
411 1539 492 1610 τῷ
519 1540 742 1611 Χριστῷ
769 1542 874 1594 ὑπὸ
897 1541 989 1594 τοῦ
1021 1542 1235 1612 Πατρὸς
1266 1542 1546 1614 δεδομένα,
1584 1543 1907 1614 προλαμϐά-

308 1649 493 1695 νοντος
523 1633 617 1686 τοῦ
647 1632 808 1700 λόγου
842 1634 969 1698 τοὺς
1004 1633 1299 1705 μέλλοντας
1346 1636 1632 1707 προσιέναι
1662 1639 1728 1707 τῇ
1771 1638 1905 1707 Χρι-

310 1726 439 1778 στοῦ
467 1726 807 1797 διδασκαλίᾳ,
842 1726 935 1779 καλ⁸
978 1727 1373 1796 παραινοῦντος
1426 1728 1621 1798 μηκέτι
1668 1728 1758 1781 τὸν
1793 1746 1903 1783 πα-

307 1818 459 1872 λαιὸν
482 1818 645 1887 ζυγὸν
675 1820 767 1872 ἐπὶ
799 1819 909 1872 τῶν
935 1818 1101 1890 ὤμων
1128 1820 1337 1891 φέρειν,
1376 1821 1509 1892 μηδὲ
1539 1824 1662 1883 ταῖς
1692 1824 1900 1893 σειραῖς

2016 631 2225 685 minum
2276 638 2332 686 et
2374 631 2638 689 adversus
2690 633 2969 689 Christum
3028 633 3148 703 ejus
3195 639 3587 699 convenerant,

2014 722 2339 777 idololatriae
2379 724 2597 777 vincula
2642 723 2974 793 dirumpere,
3028 734 3083 778 et
3126 739 3374 795 quosque
3422 740 3591 795 grave

2014 815 2223 885 peccati
2244 816 2438 887 jugum
2464 818 2533 871 ab
2563 817 2741 871 anima
2765 833 2863 872 sua
2898 819 3167 887 projicere
3192 836 3207 883 ;
3239 819 3441 889 quibus
3464 818 3589 874 sub-

2008 907 2186 979 jugati
2216 908 2370 976 prius
2400 908 2522 964 aliis
2563 909 2902 979 principibus
2933 911 3257 966 suberamus
3286 928 3298 964 :
3333 918 3394 965 ut
3423 910 3491 966 iis
3522 910 3587 964 ιι-

2012 995 2184 1051 berati
2224 998 2341 1052 leve
2389 996 2686 1053 Salvatoris
2716 1000 2906 1069 jugum
2956 1001 3311 1072 accipiamus,
3347 1016 3456 1072 quo
3482 1016 3587 1057 nos

2011 1095 2273 1157 provocat
2296 1089 2382 1144 bis
2403 1089 2585 1145 verbis
2617 1109 2630 1145 :
2674 1090 2853 1146 Venite
2882 1094 2954 1145 ad
2981 1110 3082 1158 me,
3113 1110 3289 1149 omnes
3321 1096 3411 1164 qui
3444 1094 3587 1149 labo-

2011 1181 2144 1233 ratis
2166 1190 2217 1233 et
2248 1182 2454 1234 onerati
2482 1182 2631 1246 estis,
2664 1190 2715 1236 et
2747 1198 2838 1252 ego
2871 1184 3107 1253 reﬁciam
3140 1201 3229 1239 vos
3254 1200 3273 1238 :
3300 1184 3469 1239 tollite
3490 1186 3585 1254 ju-

2010 1286 2132 1341 gum
2160 1288 2333 1325 meum
2355 1288 2511 1341 super
2540 1290 2650 1337 vos,
2676 1283 2725 1327 et
2755 1274 2920 1328 videte
2941 1276 3067 1344 quia
3098 1285 3427 1329 mansuetum
3449 1276 3581 1331 est“.

2010 1360 2135 1416 Hzec
2171 1377 2337 1432 porro
2369 1363 2515 1417 dicta
2548 1372 2677 1418 sunt
2700 1365 2954 1435 gentibus
2979 1365 3201 1420 Christo
3230 1382 3261 1419 a
3285 1364 3446 1420 Patre
3472 1373 3583 1419 tra-

2007 1454 2159 1520 ditis,
2202 1454 2488 1526 praemissa
2530 1456 2739 1512 scilicet
2790 1472 2982 1512 eorum
3012 1458 3105 1527 qui
3135 1456 3203 1511 ad
3240 1458 3443 1514 Christi
3483 1460 3583 1512 do-

2007 1545 2243 1601 ctrinam
2270 1548 2551 1602 accessuri
2584 1557 2715 1602 sunt
2754 1549 3091 1614 narratione,
3126 1550 3362 1620 dataque
3392 1549 3583 1604 admo-

2005 1637 2233 1699 nitione,
2286 1644 2346 1691 ut
2390 1652 2458 1692 ne
2502 1638 2647 1691 ultra
2693 1647 2849 1693 vetus
2873 1638 3063 1709 jugum
3104 1639 3346 1694 humeris
3378 1639 3577 1706 ferant,

2004 1744 2182 1799 neque
2226 1729 2437 1785 catenis
2485 1730 2729 1800 priorum
2778 1729 3101 1785 delictorum
3145 1731 3426 1786 constricti
3468 1747 3582 1786 ma-

2006 1828 2192 1877 neant.
2225 1820 2332 1876 Sed
2372 1820 2584 1877 etiamsi
2637 1822 2858 1892 quidam
2896 1822 3028 1891 ipsis
3068 1833 3193 1878 ante
3237 1822 3455 1879 fuerant
3488 1825 3580 1879 do-

309 1911 419 1964 τῶν
469 1912 755 1983 προτέρων
800 1912 1219 1983 ἁμαρτημάτων
1261 1914 1470 1966 ἑαυτῶν
1521 1915 1891 1986 παραμένειν·

2004 1910 2157 1974 mini,
2195 1911 2472 1981 principes
2508 1911 2714 1974 acerbi,
2745 1912 3001 1967 videlicet
3023 1914 3246 1983 maligni
3276 1916 3574 1982 daemones,

308 2003 423 2056 ἀλλ’
456 2004 505 2056 εί
528 2002 625 2057 καί
652 2020 798 2067 τινες
821 1998 963 2074 ἦσαν
998 2003 1176 2057 αὐτῶν
1207 2005 1473 2076 πρότερον
1506 2006 1684 2079 κύριοι
1714 2007 1900 2078 ἄρχον-

306 2096 400 2159 τές
423 2113 486 2149 τε
514 2096 726 2167 πικροὶ,
752 2097 800 2148 οἱ
827 2095 995 2149 πάλαι
1024 2095 1132 2148 τῶν
1162 2095 1331 2150 ἐθνῶν
1366 2098 1898 2169 κατατυραννοῦντες

302 2186 561 2255 δαίμονες
590 2187 837 2257 πονηροὶ,
867 2184 961 2249 οὒς
992 2185 1056 2256 δὴ
1075 2184 1232 2250 θεοὺς
1260 2186 1563 2258 ὠνόμαζον,
1606 2189 1767 2258 ζυγὸν
1800 2191 1898 2243 αὐ-

302 2282 418 2343 τοῖς
447 2278 855 2349 ὲπαιωροῦντες
890 2277 1059 2349 βαρὺν
1087 2279 1185 2331 καὶ
1234 2279 1569 2348 συγκόπτειν
1592 2281 1691 2352 τὴν
1718 2282 1895 2353 ψυχὴν

306 2371 398 2422 ἐπὶ
424 2370 487 2422 τὸ
520 2371 670 2423 κάτω
704 2368 1006 2432 ποιοῦντες,
1044 2369 1266 2439 δεσμοῖς
1296 2387 1356 2422 τε
1402 2372 1602 2435 αὐτοὺς
1636 2372 1891 2437 ἀσεϐείας

304 2462 809 2533 καταδεσμοῦντες·
863 2463 1069 2517 τούτων
1124 2464 1381 2517 ἁπάντων
1427 2463 1526 2533 τὴν
1578 2465 1894 2518 δυναστείαν

301 2556 527 2625 φεύγειν
562 2556 1017 2629 παρακελεύεταισ
1045 2555 1409 2626 προσφεύγειν
1436 2556 1493 2609 δὲ
1527 2556 1605 2625 τῷ
1632 2557 1890 2629 Λυτρωτῇ

302 2649 396 2700 καὶ
437 2648 673 2720 Σωτῆρι,
716 2648 811 2701 καὶ
841 2648 907 2719 δὴ
940 2648 1138 2719 κλῆρον
1173 2648 1374 2708 αὐτοὺς
1422 2646 1577 2718 παρὰ
1621 2648 1715 2700 τοῦ
1764 2647 1892 2700 ἰδίου

300 2740 511 2811 Harp};
528 2742 790 2812 εἰληφότι.
808 2741 991 2795 Ταῦτα
1009 2742 1087 2802 δὲ,
1107 2743 1260 2811 φησι,
1274 2737 1569 2811 πράξωμεν
1596 2742 1644 2793 οἱ
1676 2741 1771 2811 τῆς
1798 2740 1891 2793 τοῦ

298 2832 537 2907 Χριστοῦ
571 2835 943 2906 κληρονομίας
973 2834 1111 2901 ἄξιοι
1147 2835 1452 2905 γενόμενοι,
1480 2834 1699 2900 εἰδότες,
1718 2835 1798 2886 ὅτι
1831 2835 1892 2887 '0

296 2927 601 2982 κατοικῶν
662 2929 733 2980 ἐν
775 2927 1055 2995 οὐρανοῖς
1099 2926 1490 2996 «ἔλεγε-ἰάσεται
1536 2926 1780 2991 αὐτοὺς,
1823 2926 1893 2979 τὰ

294 3020 424 3091 έθνη
467 3020 671 3091 δηλαδὴ
702 3020 797 3073 καὶ⁹
827 3021 957 3082 τοὺς
987 3018 1150 3082 λαοὺς
1186 3020 1313 3081 τοὺς
1362 3018 1773 3081 ὲπαναστάντας
1815 3018 1891 3088 τῷ

296 3111 520 3183 Χριστῷ
548 3110 740 3178 αὑτοῦ,
769 3112 866 3164 καὶ
909 3113 941 3164 ό
972 3112 1188 3178 Κύριος
1235 3109 1617 3179 ἐκμυκτηριεῐ
1641 3111 1883 3176 αὐτούς.

296 3204 484 3257 Ταῦτα
524 3203 693 3256 πάλαι
736 3203 839 3274 μὲν
882 3202 1233 3273 προφητικῶς
1255 3203 1586 3270 ἁνεφωνεῖτο
1608 3216 1622 3230 ο
1654 3201 1889 3254 πέπονθε

2001 2002 2131 2055 olim
2164 2018 2265 2073 pro
2291 2003 2399 2058 diis
2421 2002 2616 2067 habiti,
2640 2003 2731 2073 qui
2759 2004 3097 2075 tyrannidem
3128 2006 3183 2059 in
3212 2016 3399 2073 gentes
3420 2022 3574 2061 exer-

1999 2095 2220 2159 cebant,
2244 2105 2308 2150 ct
2335 2096 2527 2165 jugum
2560 2095 2696 2165 ipsis
2742 2111 2907 2165 grave
2951 2112 3354 2167 onerosumque
3399 2098 3575 2168 impo-

1998 2186 2224 2252 nehant,
2262 2194 2320 2239 ut
2350 2186 2588 2239 animam
2638 2201 2827 2241 eorum
2872 2186 2938 2239 ad
2981 2188 3167 2241 inﬁma
3197 2189 3569 2255 incurvarent,

1997 2276 2437 2345 colligabantque
2487 2276 2639 2345 ipsos
2687 2276 2982 2345 impietatis
3050 2277 3316 2343 vinculis;
3373 2279 3569 2334 horum

1997 2368 2242 2423 omnium
2290 2368 2579 2438 imperium
2632 2368 2890 2437 eﬂugere,
2939 2376 2994 2423 et
3049 2368 3116 2422 ad
3151 2368 3569 2441 Redemptorem

1998 2461 2447 2533 Salvatoremque
2510 2461 2808 2532 confugere
2857 2463 3158 2531 jubentur,
3226 2473 3417 2534 utpote
3475 2468 3570 2537 qui

1996 2552 2147 2623 ipsos
2180 2569 2210 2607 a
2240 2553 2404 2610 Patre
2437 2569 2538 2610 suo
2578 2556 2633 2608 in
2683 2555 3054 2612 haereditatem
3090 2559 3382 2628 acceperit.
3417 2557 3566 2621 Haec,

1996 2645 2193 2715 inquit,
2228 2662 2453 2716 agamus
2492 2649 2583 2718 qui
2616 2647 2822 2702 Christi
2856 2648 3173 2703 hzereditatc
3211 2649 3358 2721 digni
3390 2651 3568 2705 eﬂecti

1994 2754 2208 2804 sumus,
2255 2741 2411 2809 gnari
2448 2741 2704 2795 videlicet
2747 2741 3057 2807 illiuszQui
3089 2740 3294 2795 habitat
3340 2742 3394 2795 in
3426 2744 3570 2797 caelis

1992 2827 2231 2882 irridebit
2256 2846 2364 2893 eos,
2399 2831 2657 2885 nimirum
2695 2832 2925 2902 populos
2954 2832 3045 2901 qui
3081 2832 3345 2887 adversus
3380 2830 3569 2887 Domi-

1994 2920 2202 2973 minum
2256 2927 2309 2973 et
2352 2922 2616 2977 adversus
2656 2921 2934 2977 Christum
2976 2923 3096 2991 ejus
3128 2924 3567 2989 insurrexerunt,

1990 3021 2043 3065 et
2074 3010 2331 3066 Dominus
2356 3013 2702 3067 subsannabit
2740 3031 2847 3069 eos.
2885 3013 3009 3069 Haac
3035 3016 3163 3069 olim
3185 3016 3405 3087 quidem
3441 3033 3570 3088 pro-

1992 3105 2207 3176 phetice
2256 3107 2797 3175 przenuntiahantur;
2856 3113 2911 3159 at
2948 3114 3137 3176 postea
3169 3106 3428 3165 Iudaicus
3471 3126 3569 3180 po-

1993 3198 2156 3268 pulus
2184 3213 2247 3250 ea
2283 3198 2400 3267 ipsa
2441 3213 2738 3268 perpessus
2776 3206 2881 3263 est,
2916 3199 3173 3256 obsessus
3201 3208 3255 3255 et
3292 3216 3571 3271 expugna-

294 3296 351 3347 δὲ
393 3295 535 3349 αὐτὰ
566 3295 628 3348 τὸ
672 3295 943 3349 Ἰουδαίων
973 3295 1123 3357 ἔθνος
1151 3292 1507 3363 πολιορκηθὲν
1553 3293 1891 3363 παραχρῆμα

1998 3298 2082 3344 tus
2103 3304 2212 3343 non
2244 3289 2419 3344 multo
2448 3296 2741 3359 postquam
2780 3290 3009 3346 insidias
3051 3292 3345 3347 struxisset
3374 3301 3567 3348 contra

298 3386 439 3457 μετὰ
472 3387 573 3457 τὴν
618 3386 763 3441 κατὰ
805 3386 902 3440 τοῦ
943 3386 1193 3457 Σωτῆρος
1232 3383 1557 3456 ὲπιόουλήν·
1606 3385 1699 3436 καὶ
1746 3384 1887 3438 κατὰ

294 3482 525 3551 χρόνους
549 3479 605 3532 δὲ
641 3481 687 3531 οἱ
722 3479 821 3547 τῆς
868 3478 1195 3548 Ἐκκλησίας
1222 3475 1314 3528 τοῦ
1348 3474 1584 3546 Χριστοῦ
1618 3475 1884 3547 πολέμιοι,

292 3574 545 3644 κρυφαία
570 3574 659 3627 ἀεὶ
689 3572 836 3646 χειρὶ
865 3570 1285 3641 πολεμούμενοι,
1316 3554 1423 3622 ὖπὸ
1452 3570 1547 3622 τοῦ
1574 3569 1889 3623 κατοικοῦν-

291 3684 383 3729 τος
422 3668 482 3719 ἐν
525 3668 776 3737 οὐρανοῖς
815 3663 1039 3736 Κυρίου,
1071 3663 1165 3717 τοῦ
1214 3663 1353 3733 πρὸς
1399 3662 1579 3716 αὐτῶν
1619 3662 1885 3733 πολεμου-

296 3760 488 3828 μένου.

368 3853 511 3907 Τότε
551 3849 813 3917 λαλήσει
850 3848 999 3917 πρὸς
1024 3848 1247 3914 αὐτοὺς
1272 3848 1343 3901 ἐν
1368 3845 1517 3918 ὀργῇ
1546 3846 1753 3907 αὑτοῦ,
1786 3846 1883 3898 καὶ

290 3945 361 3998 ἐν
392 3942 475 4008 τῷ
510 3941 677 4011 θυμῷ
710 3942 898 3997 αὑτοῦ
932 3939 1171 4010 ταράξει
1200 3940 1444 4005 αὐτούς.
1490 3938 1653 3995 Ἀλλὰ
1688 3937 1783 3991 καὶ
1829 3938 1885 3987 ὲν

291 4036 371 4106 τῷ
406 4036 505 4105 τῆς
540 4034 778 4104 κρίσεως
811 4031 989 4104 καιρῷ
1033 4031 1208 4102 ὀργῆς
1252 4029 1388 4082 Θεοῦ
1441 4028 1883 4098 πειραθήσονται,

290 4128 386 4180 καὶ
431 4126 513 4196 τῷ
558 4124 717 4195 θυμῷ
755 4124 919 4177 αὑτοῦ
968 4122 1405 4195 ταραχθήσονται
1451 4122 1651 4183 πάντες
1697 4121 1746 4171 οἱ
1791 4120 1884 4173 τοῦ

293 4218 570 4290 σωτηρίου
593 4217 752 4285 λόγου
780 4216 1047 4287 πολέμιοι.
1079 4214 1342 4285 Ἐπείπερ
1364 4213 1523 4277 αὐτὸς
1542 4216 1569 4265 6
1595 4214 1685 4265 ὑπ’
1709 4212 1884 4265 αὐτῶν

293 4307 673 4380 προσηλωθεὶς
716 4309 813 4361 καὶ
868 4306 1085 4377 θανάτῳ
1120 4306 1446 4377 παραδοθεὶς
1466 4345 1481 4369 ,
1516 4304 1785 4359 κατοικῶν
1828 4306 1885 4357 ὲν

288 4402 545 4471 οὐρανοῖς
580 4400 675 4453 καὶ
706 4398 776 4451 τὰ
823 4400 1002 4452 πάντα
1044 4398 1337 4469 περιέχων,
1386 4397 1740 4465 ἐκγελάσεται
1785 4396 1884 4448 αὑ-

288 4495 438 4555 τοὺς,
474 4493 570 4544 καὶ
598 4494 628 4544 6
651 4491 843 4545 τούτου
871 4491 929 4543 δὲ
959 4491 1149 4562 Πατὴρ
1175 4494 1203 4544 6
1237 4492 1333 4543 σὺν
1358 4488 1436 4560 τῷ
1470 4488 1695 4560 Χριστῴ
1719 4488 1883 4539 πολε-

292 4582 564 4653 μούμενος
622 4580 986 4651 ἑκμυκτηριεῖ
1007 4581 1227 4644 αὐτοὺς,
1255 4582 1349 4633 καὶ
1370 4579 1467 4650 τὴν
1494 4578 1651 4642 ἀξίαν
1687 4578 1883 4642 αὐτοὺς

288 4672 653 4744 εἰσπράξεται
696 4673 887 4744 δίκην·
941 4674 991 4725 εί
1023 4673 1072 4725 οἱ
1106 4671 1255 4741 λόγοι
1304 4670 1411 4723 τῶν
1457 4670 1695 4724 ἀπειλῶν
1730 4671 1879 4740 λόγοι

288 4766 427 4818 είσὶν
464 4769 523 4819 ὲν
554 4767 694 4837 ὀργῇ
724 4764 1213 4835 άπαγγελλόμενοι.

371 4858 523 4927 Ἐγὼ
576 4857 645 4911 δὲ
678 4857 1055 4924 κατεστάθην
1082 4857 1385 4923 ,ϐασιλεὺς
1418 4856 1517 4911 ὑπ’
1557 4855 1743 4909 αὐτοῦ
1780 4854 1879 4908 ἐπὶ

284 4951 444 5007 Σιὼν
474 4950 614 5018 ὄρος
646 4949 713 5004 τὸ
750 4950 924 5020 ἅγιον
956 4949 1165 5012 αὑτοῦ,
1207 4948 1577 5018 διαγγέλλων
1598 4948 1665 5000 τὸ
1696 4949 1879 5015 πρόσ-

287 5055 481 5107 ταγμα
517 5039 762 5106 Κυρίου.
841 5039 964 5091 Οἵδε
1007 5039 1105 5109 μὲν
1131 5078 1146 5102 ,
1187 5038 1321 5107 φησι
1350 5078 1364 5098 ,
1432 5038 1558 5090 τάδε
1598 5038 1879 5090 πείσονται

286 5132 336 5183 οἱ
388 5132 532 5183 κατὰ
580 5130 677 5183 τοῦ
734 5130 944 5201 Κυρίου
990 5133 1086 5183 κα)⁸
1126 5129 1267 5183 κατὰ
1303 5130 1396 5183 τοῦ
1434 5128 1672 5201 Χριστοῦ
1712 5128 1879 5180 αὑτοῦ

289 5223 636 5285 συνελθόντες
655 5262 671 5284 ,
694 5224 788 5276 καὶ
814 5222 1052 5275 τοιοῦτον
1096 5224 1196 5293 μὲν
1223 5224 1447 5275 ἐκείνων
1476 5222 1537 5274 τὸ
1566 5221 1718 5283 τέλος
1738 5238 1751 5249 ·
1781 5220 1881 5290 ἐμὲ

281 5316 339 5368 δὲ
391 5317 517 5369 τότε
572 5316 711 5385 μετὰ
759 5316 861 5387 τὴν
889 5316 1158 5385 τοσαύτην
1191 5315 1485 5384 ἐπιϐουλὴν
1518 5315 1612 5367 καὶ
1641 5311 1878 5366 τοσαῦτα

286 5408 434 5477 πάθη
489 5408 714 5479 βασιλέα
744 5409 883 5479 πρὸς
912 5407 1075 5461 αὑτοῦ
1112 5406 1207 5459 τοῦ
1244 5406 1460 5475 Πατρὸς
1488 5404 1876 5469 καθεστὰσθαι,

286 5505 379 5557 καὶ
407 5502 471 5556 τὸ
504 5502 768 5573 πατρικὸν
802 5503 931 5571 ὑμῖν
962 5498 1652 5572 πρόσταγμα¹διαγγέλλειν
1674 5515 1686 5527 ο
1717 5496 1877 5550 τοῦτο

278 5596 325 5647 δ’
352 5595 421 5649 ἂν
453 5594 539 5665 εἴη
573 5594 633 5647 τὸ
666 5594 1018 5663 εὖαγγελικὸν
1047 5595 1330 5666 κήρυγμα.
1404 5592 1467 5644 Εἰ
1494 5591 1549 5643 δέ
1578 5593 1725 5644 ἐστιν
1749 5590 1873 5661 ὅρος

284 5692 439 5756 ἅγιον
470 5689 608 5742 Θεοῦ
644 5690 707 5741 τὸ
741 5688 1064 5759 ἐπουράνιον
1093 5687 1220 5757 περὶ
1249 5681 1309 5739 οὗ
1362 5702 1525 5755 φησιν
1555 5688 1583 5738 6
1615 5684 1825 5747 Παῦλος
1855 5702 1867 5714 ο

287 5782 795 5849 Προσεληλύθτιτε
824 5780 975 5834 Σιὼν·
1008 5780 1128 5848 ὄρει
1148 5796 1160 5809 ’
1201 5779 1295 5833 καὶ
1328 5777 1491 5831 πάλιν
1511 5795 1523 5807 ·
1568 5776 1638 5831 Ἡ
1664 5775 1731 5829 δὲ
1751 5774 1872 5828 ἅνω

352 5897 371 5927 ³
414 5896 605 5951 Matth.
646 5912 721 5962 xz,
753 5893 945 5951 28-50.
1021 5896 1041 5926 ⁹
1081 5892 1246 5951 llebr.
1284 5909 1380 5961 xu,
1412 5893 1503 5949 22.

1992 3380 2370 3446 Salvatorem;
2407 3381 2684 3451 variisque
2719 3382 2970 3437 similiter
3003 3385 3341 3454 temporibus
3376 3385 3565 3439 eadem

1988 3473 2200 3542 experti
2230 3480 2358 3527 sunt
2382 3472 2590 3525 inimici
2620 3472 2877 3528 Ecclesia:
2906 3473 3132 3541 Christi,
3172 3477 3385 3531 occulta
3421 3492 3569 3532 sem-

1989 3579 2084 3634 per
2114 3580 2277 3619 manu
2301 3566 2605 3636 impugnati
2637 3581 2665 3619 a
2697 3565 2928 3621 Domino
2957 3567 3049 3637 qui
3074 3566 3285 3620 habitat
3312 3568 3366 3620 in
3388 3568 3567 3631 cmlis,

1987 3670 2150 3725 quem
2186 3655 2288 3726 ipsi
2320 3656 2469 3711 bello
2498 3656 2859 3727 impetebant.

2059 3833 2227 3891 Vens.
2266 3833 2317 3889 5.
2362 3832 2506 3889 Tunc
2539 3834 2779 3904 loquetur
2824 3833 2893 3888 ad
2924 3850 3012 3888 eos
3058 3834 3111 3887 in
3146 3835 3227 3886 ira
3260 3848 3381 3897 sua,
3415 3843 3464 3885 et
3511 3833 3566 3886 in

1986 3928 2168 3996 furore
2197 3942 2293 3979 suo
2323 3924 2660 3979 conturbabit
2682 3942 2789 3979 eos.
2830 3923 2973 3979 Sane
3000 3924 3058 3978 in
3084 3931 3326 3994 tempore
3345 3922 3562 3993 juilicii,

1986 4020 2081 4072 irae
2109 4018 2307 4073 divina:
2338 4016 2640 4088 periculum
2683 4016 2906 4080 facient,
2939 4032 3002 4069 ac
3025 4016 3198 4086 ipsius
3230 4015 3416 4070 furore
3447 4021 3567 4068 tur-

1985 4111 2266 4165 babuntur
2300 4126 2491 4164 omnes
2531 4108 2683 4164 verbi
2724 4108 2983 4164 salutaris
3017 4107 3247 4163 inimici.
3284 4106 3566 4177 Siquidem

1987 4202 2035 4257 is
2069 4203 2186 4272 ipse
2231 4201 2326 4270 qui
2366 4199 2556 4256 allixus
2607 4200 2817 4255 abillis
2851 4208 2957 4264 est,
3000 4214 3065 4252 ac
3109 4198 3268 4253 morti
3311 4198 3565 4260 traditus,

1986 4296 2080 4366 qui
2112 4292 2321 4347 habitat
2350 4293 2408 4346 in
2432 4292 2588 4347 coelis
2616 4298 2673 4345 et
2717 4290 2900 4345 omnia
2934 4290 3338 4360 complectitur,
3372 4289 3570 4345 irride-

1986 4386 2065 4440 bit
2092 4399 2207 4447 eos,
2244 4384 2475 4454 ejusque
2508 4381 2667 4437 Pater
2693 4382 2784 4453 qui
2836 4396 2961 4436 cum
2990 4381 3109 4451 ipso
3138 4380 3361 4436 Christo
3392 4397 3568 4453 oppu-

1986 4490 2185 4551 gnatur
2226 4479 2589 4535 subsannabit
2637 4492 2754 4542 eos,
2800 4478 3101 4547 dignasque
3140 4477 3209 4530 ab
3251 4478 3330 4531 eis
3376 4490 3567 4547 poenas

1990 4580 2227 4642 expetet,
2267 4571 2539 4642 siquidem
2564 4572 2733 4626 verba
2763 4570 3000 4623 minacia
3043 4569 3139 4623 ira:
3168 4577 3411 4644 tempore
3436 4582 3566 4637 pro-

1916 4639 1959 4693 D
1990 4639 2098 4720 lata
2127 4673 2276 4720 sunt.

2058 4844 2223 4896 Vens.
2247 4841 2301 4897 6.
2326 4841 2431 4913 Ego
2464 4855 2634 4896 autem
2667 4844 2982 4895 constitutus
3004 4859 3118 4894 sum
3136 4856 3226 4901 rex
3242 4839 3304 4893 ab
3330 4857 3389 4893 eo
3413 4855 3566 4907 super

1988 4938 2117 4994 Sion
2138 4949 2367 4993 montem
2390 4949 2633 4993 sanctum
2654 4939 2788 5007 ejus,
2812 4938 3107 5007 prwdicans
3124 4944 3438 5003 praeceptum
3461 4935 3567 4988 Do-

1990 5033 2143 5085 mini.
2183 5031 2309 5086 Hzrc
2351 5040 2403 5086 et
2431 5032 2655 5097 similia,
2696 5031 2895 5100 inquit,
2926 5030 3200 5099 patientur
3231 5028 3326 5096 qui
3361 5042 3563 5081 conve—-
3610 5070 3613 5073 .

1986 5135 2189 5179 nerunt
2230 5126 2496 5180 adverSIIs
2545 5124 2835 5181 Dominum
2871 5129 2924 5175 et
2976 5122 3240 5175 adversus
3283 5118 3567 5173 Christum
3626 5156 3635 5165 ν

1983 5217 2127 5287 ejus.
2160 5228 2212 5271 et
2244 5217 2559 5287 hujusmodi
2594 5217 2699 5271 erit
2730 5216 2952 5269 illorum
2986 5213 3131 5267 linis.
3182 5211 3337 5279 Quod
3381 5221 3565 5265 autem

1985 5330 2087 5384 ego
2139 5322 2262 5385 post
2307 5322 2486 5373 tantas
2530 5313 2759 5367 insidias
2800 5318 2852 5365 et
2888 5319 2999 5363 tam
3050 5308 3252 5361 multus
3282 5305 3563 5367 cruciatus

1981 5424 2077 5461 rex
2125 5408 2193 5461 ab
2247 5409 2365 5477 ipso
2412 5408 2571 5461 Patre
2619 5401 3039 5460 constituendus
3103 5400 3229 5464 sim,
3273 5404 3564 5469 paternum

1982 5498 2138 5553 vobis
2174 5505 2503 5566 prtcceptum
2537 5496 2911 5557 nuntiaturus,
2951 5507 3014 5544 ca
3047 5497 3197 5545 certe
3241 5485 3561 5555 evangelica

1985 5590 2303 5659 praedicatio
2338 5589 2522 5645 fuerit.
2573 5587 2731 5651 Quod
2771 5584 2816 5640 si
2852 5598 3009 5637 mons
3043 5588 3269 5636 sanctus
3294 5578 3412 5638 Dei,
3444 5589 3559 5629 cm—

1984 5682 2139 5736 lestis
2172 5682 2262 5735 ille
2294 5680 2461 5734 fuerit
2490 5680 2558 5733 de
2599 5693 2708 5747 quo
2742 5678 2816 5731 ait
2868 5674 3107 5729 Paulus:
3150 5669 3460 5726 Accessistis
3488 5663 3557 5717 ad

1984 5772 2115 5829 Sion
2142 5775 2432 5838 montem“;
2463 5786 2527 5827 ac
2552 5786 2779 5829 rursus:
2826 5768 2936 5825 ιιια
2972 5778 3150 5823 autem
3205 5781 3323 5837 qua‘
3345 5772 3555 5819 sursum
