4020 6372
428 392 497 449 8⁸2
1128 390 1396 445 EUSEBII
1436 388 1917 446 CASSARIENSIS
1945 386 2095 444 OPP.
2132 386 2315 441 PARS
2346 386 2431 441 Ill.
2468 417 2537 427 —
2564 388 2972 441 EXEML'I'ILA.
3619 386 3688 439 δελ

426 520 505 565 est
532 507 854 576 Jerusalem,
882 511 1049 567 libera
1075 522 1152 567 est
1170 512 1235 576 “,
1265 510 1534 583 atquehic
1566 518 1747 565 tamen
1780 498 2002 580 regnum

2123 507 2521 576 Ἰερουσαλὴμ
2568 506 2853 575 ἐλευθέρα
2901 503 3114 571 ἐστὶν,
3174 502 3409 558 ἐνταῦθά
3457 520 3589 573 φησι
3622 504 3688 556 τά

431 599 538 654 sibi
564 600 924 655 constitutum
963 601 1072 668 ait;
1107 615 1237 671 pars
1287 617 1422 672 ergo
1467 616 1719 670 supernae
1748 599 2006 655 Ecclesia:

434 689 602 746 fuerit
629 691 794 746 etiam
841 706 906 746 ea
937 707 1059 762 qua).
1090 692 1146 746 in
1198 700 1342 748 terra
1380 702 1651 755 versatur,
1692 706 1820 745 cum
1850 705 2005 746 eum-

434 781 556 837 dem
603 782 671 838 ad
707 782 868 839 ﬁnem
901 785 1018 855 ipsa
1071 785 1387 841 contendat.
1442 784 1729 851 Quomodo
1762 791 1943 838 autem
1973 797 2005 837 a

432 873 594 931 Patre
624 875 679 929 in
726 873 857 929 Sion
893 877 1105 933 caelesti
1149 878 1484 934 constitutus
1522 877 1687 931 fuerit
1714 892 1809 931 rex
1850 874 2006 929 Chri-

433 977 572 1028 stus,
601 967 903 1038 intelligere
934 970 1082 1033 licet,
1114 970 1259 1041 quod
1289 971 1497 1025 dictum
1537 969 1615 1023 illi
1658 969 1768 1024 sit:
1807 966 1940 1022 Sede
1972 984 2005 1021 a

430 1060 633 1114 dextris
673 1061 823 1125 meis,
857 1060 1021 1116 donec
1053 1079 1245 1132 ponam
1281 1064 1523 1118 inimicos
1564 1078 1681 1116 tuo:
1716 1062 2005 1116 scabellum

429 1152 620 1221 pedum
655 1153 944 1206 tuorum“.
994 1153 1145 1220 Quos
1176 1170 1369 1225 nempe
1402 1156 1674 1219 inimicos,
1700 1154 1804 1209 nisi
1840 1169 2005 1225 supra

429 1254 789 1312 memoratos,
820 1248 912 1316 qui
945 1248 1261 1319 congregati
1304 1256 1433 1304 sunt
1462 1248 1729 1303 adversus
1758 1263 1904 1310 eum,
1952 1255 2006 1302 et

429 1336 720 1389 astiterunt
759 1336 1054 1406 principes,
1100 1353 1277 1407 reges,
1322 1346 1512 1409 gentes
1568 1347 1731 1408 atque
1780 1336 2007 1407 populi?

430 1429 596 1483 hosce
624 1430 770 1483 enim
800 1430 902 1484 sub
941 1430 1173 1498 pedibus
1199 1432 1321 1502 ejus
1346 1433 1767 1487 substraturum
1795 1446 1853 1486 se
1877 1445 2005 1500 pro-

430 1522 581 1577 misit
624 1523 804 1576 Pater.

505 1612 669 1669 Vens.
703 1616 756 1668 7.
795 1615 1051 1668 Dominus
1096 1615 1233 1667 dixit
1276 1614 1345 1665 ad
1392 1629 1471 1668 me
1489 1630 1506 1666 :
1552 1612 1728 1671 Filius
1764 1630 1909 1667 meus
1949 1630 2003 1667 es

430 1715 507 1769 tu,
554 1722 647 1777 ego
681 1706 834 1761 hodie
886 1708 1042 1777 genui
1073 1715 1141 1763 te.
1190 1704 1347 1769 Illud,
1400 1705 1574 1771 hodie,
1622 1721 1819 1760 nomen
1864 1713 2005 1760 tem-

429 1800 579 1868 poris
625 1812 727 1865 est,
768 1801 1019 1871 idemque
1063 1800 1331 1871 signiﬁcat
1375 1807 1537 1869 atque
1594 1800 1847 1869 praesenti
1889 1798 1997 1853 die.

430 1889 555 1947 Dies
616 1902 797 1947 autem
849 1901 933 1949 est
974 1894 1331 1949 interstitinm
1396 1893 1673 1963 quoddam
1718 1894 2000 1963 temporis.

2111 1897 2162 1951 δὲ
2212 1896 2487 1968 διάστημά
2532 1914 2584 1949 τι
2640 1894 2891 1965 χρονικόν
2926 1894 3063 1945 ἐστι.

428 1980 540 2035 Cur
566 1981 729 2052 igitur
754 1984 828 2036 ait
856 1984 931 2038 illi
964 1984 1260 2039 Dominus:
1308 1984 1420 2055 Ego
1450 1984 1605 2038 hodie
1631 1985 1787 2053 genui
1830 1981 1916 2037 te?
1951 1983 2005 2038 id

426 2072 683 2128 videlicet
716 2074 783 2129 de
815 2077 1099 2147 temporali
1125 2078 1477 2147 generatione
1504 2078 1884 2146 dictum,'qua3
1910 2093 2006 2146 per

427 2166 787 2220 oeconomiam
815 2166 977 2222 facta.
1035 2167 1109 2223 De
1144 2170 1233 2223 illa
1265 2184 1503 2239 namque
1539 2186 1660 2239 qua:
1700 2168 1818 2223 sine
1847 2169 1998 2238 prin-

426 2256 573 2326 cipio
607 2264 711 2317 est,
743 2259 817 2313 ait
852 2262 969 2330 ipse
1006 2258 1209 2314 David:
1266 2260 1349 2313 E1:
1376 2270 1524 2315 utero
1572 2271 1693 2315 ante
1725 2262 2004 2331 luciferum

424 2349 581 2416 genui
612 2351 744 2404 te".
796 2349 1052 2422 Gignitur
1082 2360 1264 2407 autem
1307 2353 1494 2419 bodie,
1527 2370 1633 2409 non
1666 2357 1999 2426 principium

425 2442 729 2498 exsistendi
760 2445 815 2497 in
841 2452 966 2498 ortu
998 2446 1297 2514 accipiens,
1328 2445 1423 2501 sed
1456 2448 1762 2502 secundum
1802 2464 2005 2501 carna-

425 2532 533 2589 lem
578 2536 941 2590 oeconomiam
983 2535 1037 2589 in
1070 2535 1418 2606 adoptionem
1443 2539 1689 2594 veniens.
1745 2538 1813 2592 Et
1847 2541 2003 2609 quis-

426 2624 554 2695 quis
606 2624 674 2679 ab
717 2640 783 2679 eo
834 2625 1033 2696 accipit
1084 2634 1413 2696 potestatem
1462 2636 1521 2682 ut
1568 2628 1712 2685 ﬁlius
1750 2629 1839 2684 Dei
1888 2630 2001 2696 ﬁat,

424 2715 644 2785 quando
672 2715 835 2777 ﬁlius.
860 2732 957 2787 per
976 2717 1304 2788 baptismum
1335 2728 1705 2789 regeneratus,
1738 2720 2001 2787 eﬁicitur;

425 2807 520 2875 qui
577 2814 759 2869 tamen
802 2806 1013 2877 aliquid
1060 2807 1241 2863 fuerat
1282 2816 1573 2879 antequam
1634 2811 1779 2865 Illius
1830 2820 2000 2876 esset,

425 2910 558 2955 tunc
613 2899 733 2970 ipse
789 2899 1131 2954 nobilitatur.
1182 2899 1394 2955 Dicitur
1440 2902 1714 2970 propriam
1747 2901 2002 2957 Hebraici

427 2997 611 3047 textus
643 2990 1098 3057 signiﬁcationem
1130 3007 1254 3047 esse
1277 2995 1473 3062 peperi,
1500 3009 1607 3064 qua
1638 2993 1835 3065 Aquila
1866 3010 2003 3050 usus

425 3093 530 3139 est.
584 3083 882 3154 Apostolus
919 3090 1099 3138 autem
1154 3084 1503 3155 legisperitus
1548 3101 1673 3140 cum
1729 3095 1897 3152 esset,
1946 3090 2001 3143 in

425 3176 669 3246 Epistola
699 3175 767 3230 ad
795 3175 1052 3231 Hebraeos
1086 3176 1442 3248 Septuaginta
1465 3177 1830 3251 lnterpretum
1876 3198 1999 3236 ver-

426 3270 581 3324 sione
613 3284 749 3325 usus
783 3277 887 3325 est.

493 3361 651 3428 Quod
685 3369 867 3416 autem
895 3361 1010 3416 haec
1050 3364 1105 3417 in
1136 3361 1421 3419 Salvatore
1449 3371 1640 3421 nostro
1670 3363 1800 3421 Jesu
1836 3364 2000 3421 Chri.

427 3461 535 3518 sto,
570 3460 625 3510 et
651 3468 765 3509 non
790 3453 845 3508 in
876 3454 1006 3523 alio,
1030 3456 1302 3527 completa
1332 3457 1466 3522 sint,
1498 3456 1840 3527 declaratur;
1868 3461 2002 3517 illud

425 3549 570 3603 enim
595 3568 609 3605 :

495 3638 736 3698 τωρ.
772 3638 997 3695 Ροδιιιίιι
1020 3657 1173 3703 ame,
1215 3650 1265 3694 et
1302 3640 1440 3696 dabo
1467 3640 1562 3695 tibi
1582 3652 1760 3713 gentes
1786 3642 2011 3698 heredi-

426 3731 589 3785 tatem
628 3739 797 3797 tuam,
823 3742 874 3787 et
915 3734 1300 3803 possessionem
1341 3743 1488 3787 tuam
1533 3737 1785 3790 terminos
1828 3746 2000 3805 terra’,

428 3840 589 3879 nemo
610 3823 812 3880 dixerit
842 3825 898 3879 in
928 3825 1036 3880 alio
1067 3824 1325 3896 quopiam
1373 3835 1620 3881 veterum
1644 3825 1739 3882 Dei
1767 3829 2003 3898 prophe-

426 3926 604 3971 tarum
630 3917 809 3993 visum
832 3933 895 3971 ac
910 3919 1238 3990 completum
1259 3934 1401 3973 esse.
1434 3917 1567 3973 Nam
1591 3935 1764 3990 neque
1787 3919 2001 3993 Moyses

424 4008 681 4063 omnibus
718 3989 974 4080 gentibus
1003 3989 1310 4080 imperavit,
1359 4026 1537 4081 neque
1587 3989 1779 4076 David,
1827 3989 2004 4083 neque

428 4098 710 4165 Salomon,
744 4116 919 4170 neque
946 4102 1087 4157 alius
1110 4103 1381 4171 quispiam
1410 4118 1601 4157 eorum
1625 4105 1719 4174 qui
1748 4118 1778 4157 a
1802 4106 2004 4160 saaculo

425 4190 579 4247 fuere
604 4193 993 4263 prophetarum
1028 4203 1123 4248 aut
1155 4210 1385 4264 regum:
1433 4195 1535 4249 soli
1584 4203 1769 4250 autem
1817 4195 2005 4251 Salva-

424 4281 532 4335 tori
572 4289 762 4338 nostro
809 4284 925 4337 haec
955 4294 1265 4354 competere
1302 4286 1388 4339 vel
1416 4285 1533 4354 ipsa
1562 4301 1749 4340 rerum
1783 4288 1998 4357 perspi-

423 4371 597 4427 cuitas
619 4372 973 4427 testiﬁcatur:
1002 4374 1445 4443 quandoquidem
1469 4376 1525 4429 in
1558 4390 1773 4431 omnem
1801 4388 2004 4434 terram

422 4464 590 4519 exivit
611 4481 781 4521 sonus
813 4468 1188 4536 apostolorum
1213 4468 1356 4535 ejus,
1383 4475 1437 4523 et
1472 4468 1526 4521 in
1559 4468 1697 4525 ﬁnes
1721 4470 1872 4525 orbis
1902 4478 2004 4527 ter-

422 4571 497 4610 ra:
532 4557 699 4612 verba
727 4573 915 4612 eorum
948 4559 1321 4624 pervasere".

491 4649 658 4706 Vsus.
699 4650 753 4706 9.
788 4651 984 4707 Pasces
1011 4659 1097 4706 e’os
1127 4654 1179 4706 in
1202 4654 1347 4724 virga
1372 4654 1566 4723 ferrea,
1596 4665 1846 4727 tanquam
1870 4675 2001 4713 vasa

421 4743 574 4814 ﬁguli
624 4743 921 4814 confringes
965 4762 1073 4800 eos.
1104 4744 1339 4816 Accepta
1386 4748 1439 4800 in
1482 4762 1675 4805 omnes
1708 4759 1999 4820 potestate,

422 4835 634 4905 priores
662 4836 785 4891 illos
811 4838 904 4907 qui
937 4838 1226 4893 adversum
1280 4847 1333 4894 te
1380 4838 1725 4895 fremuerunt
1768 4852 1822 4897 ct
1862 4861 2000 4898 vana

422 4927 667 4982 meditati
692 4936 842 4993 sunt,
876 4928 971 4983 sed
1010 4930 1175 4985 etiam
1206 4930 1298 5000 qui
1343 4932 1659 4997 astiterunt,
1687 4945 1741 4989 et
1793 4950 1997 4990 conve-

421 5028 622 5075 nerunt
642 5021 933 5077 adversum
959 5029 1010 5077 te
1031 5037 1186 5093 reges
1209 5030 1369 5079 terra}
1390 5032 1442 5078 et
1458 5025 1753 5096 principes,
1778 5042 1997 5096 pasces,

424 5126 529 5166 non
557 5115 821 5183 pastorali
861 5123 1274 5171 mansuetarum
1321 5119 1505 5172 ovium
1534 5120 1706 5189 virga,
1736 5137 1857 5191 quae
1886 5137 2003 5175 ser-

424 5206 680 5261 monibus
714 5208 1161 5279 salutaribusque
1198 5210 1507 5282 disciplinis
1532 5221 1749 5267 constat
1776 5231 1791 5280 ;
1817 5216 2003 5283 hujus-

422 5298 569 5353 modi
600 5314 838 5371 namque
869 5302 1019 5371 virga
1052 5303 1368 5358 rationabili
1400 5305 1609 5360 Christi
1640 5321 1769 5361 oves
1800 5308 1853 5361 in
1877 5308 2000 5377 ejus

423 5394 681 5459 ovilibus,
714 5397 829 5451 sive
857 5397 910 5450 in
934 5396 1198 5454 Ecclesiis
1228 5407 1281 5454 et
1303 5397 1687 5471 spiritualibus
1717 5416 2000 5456 sacrarum

426 5483 836 5556 Scripturarum
862 5489 1107 5558 pascuis,
1153 5504 1451 5562 reguntur;
1494 5492 1589 5547 sed
1616 5492 1671 5545 in
1694 5492 1846 5563 virga
1889 5494 2001 5547 fer-

425 5594 550 5646 rea;
584 5595 691 5650 qua
715 5588 769 5635 et
797 5582 919 5638 illos
948 5592 999 5638 et
1021 5584 1380 5654 cogitationes
1409 5600 1599 5640 eorum
1626 5584 1996 5659 confringere,

496 5712 542 5745 ¹⁰
579 5712 757 5769 Galat.
792 5728 876 5782 tv,
907 5714 997 5769 26.
1080 5716 1120 5747 ¹¹
1163 5714 1413 5771 Psal.crx
1437 5758 1451 5780 ,
1494 5717 1541 5783 Ι,
1581 5717 1636 5773 2.
1715 5720 1757 5749 ¹¹

1857 5724 1985 5781 ibid.
2056 5728 2108 5784 4.

2112 598 2363 669 βασίλεια
2415 597 2565 667 αὐτῷ
2627 596 2975 651 συνεστάναι’
3044 595 3208 667 μέρος
3258 595 3301 648 δ’
3336 594 3401 649 ἂν
3441 595 3542 664 τῆς
3578 596 3688 650 ἄνω

2125 692 2454 763 Ἐκκλησίας
2487 692 2582 746 καὶ¹
2621 694 2654 763 ἡ
2682 693 2776 745 ἐπὶ
2800 692 2904 764 γῆς
2936 694 3017 755 είς
3048 691 3224 743 ἐκεῖνο
3248 689 3434 753 τέλους
3476 690 3569 743 καὶ
3596 690 3690 743 αὐ-

2113 790 2182 858 τῇ
2215 787 2520 840 σπεύδουσα
2552 786 2652 859 (1).
2684 788 2874 849 Ὅπως
2917 784 2973 837 δέ
3000 784 3105 838 ὑπὸ
3150 783 3245 837 τοῦ
3275 782 3487 854 Πατρὸς
3513 786 3570 836 ἐν
3621 787 3687 855 τῇ

2108 876 2418 949 ἐπουρανίῳ
2434 878 2570 943 Σιὼν
2597 875 2903 945 κατεστάθη
2925 874 3177 945 βασιλεὺς
3198 878 3226 928 ό
3244 874 3474 945 Χριστὸς
3497 874 3686 939 αὐτοῦ,

2110 971 2343 1041 πάρεστι
2370 971 2568 1039 γνῶναι
2601 970 2694 1023 καὶ
2719 969 2827 1022 ἀπὸ
2859 968 2951 1021 τοῦ
2982 968 3233 1036 λέγεσθαι
3263 967 3443 1037 αὐτῷ’
3490 968 3687 1021 Κάθου

2106 1066 2173 1119 ἐκ
2201 1062 2414 1128 δεξιῶν
2439 1081 2557 1133 μου
2578 1102 2592 1125 ,
2618 1063 2723 1127 ἕως
2756 1061 2835 1115 ἂν
2861 1058 2941 1113 θῶ
2969 1060 3107 1125 τοὺς
3134 1060 3384 1129 ἐχθρούς
3409 1075 3525 1113 σου
3551 1062 3690 1112 ὐπο-

2109 1158 2322 1210 πόδιον
2353 1155 2470 1209 τῶν
2503 1154 2704 1210 ποδῶν
2734 1168 2870 1207 σου.
2930 1153 3121 1216 Ποίους
3149 1152 3205 1204 δὲ
3238 1151 3465 1223 ἐχθροὺς
3495 1152 3527 1222 ἦ
3560 1153 3685 1215 τοὺς

2109 1249 2541 1322 προλεχθέντας,
2580 1248 2705 1309 τοὺς
2733 1246 2797 1317 δὴ
2838 1242 3199 1314 συναχθέντας
3249 1244 3368 1295 κατ’
3395 1242 3557 1297 αὑτοῦ
3592 1243 3686 1296 καὶ

2108 1342 2490 1413 παραστάντας
2523 1340 2787 1411 ἄρχοντας
2816 1339 2908 1392 καὶ
2936 1335 3191 1407 βασιλεῖς,
3221 1337 3315 1389 καὶ
3366 1336 3549 1399 λαοὺς,
3595 1337 3687 1387 καὶ

2108 1433 2275 1505 ἐθνη;
2328 1432 2551 1492 τούτους
2600 1432 2708 1503 γὰρ
2758 1430 3048 1497 ὑποτάξειν
3099 1432 3211 1492 τοῖς
3261 1428 3424 1483 αὑτοῦ
3472 1430 3625 1482 ποσὶν
3658 1430 3687 1483 ὁ

2108 1526 2297 1597 Πατὴρ
2328 1525 2712 1597 ἐπηγγείλατο.

2176 1622 2392 1687 Κύριος
2438 1616 2569 1672 εἷπε
2620 1620 2769 1685 πρὸς
2801 1622 2883 1686 μέ
2910 1634 2921 1647 ⁸
2978 1616 3104 1681 Υἱός
3139 1632 3258 1685 μου
3296 1610 3355 1668 εἷ
3402 1614 3483 1667 σὺ
3509 1654 3522 1677 ,
3573 1612 3689 1681 ἐγὼ

2106 1711 2371 1781 σήμερον
2398 1707 2729 1781 γεγέννηκὰ
2754 1723 2845 1760 σε.
2898 1706 2971 1759 Τὸ
3002 1704 3267 1774 σήμερον
3294 1705 3462 1776 ὄνομα
3494 1705 3687 1775 χρόνου

2108 1806 2255 1858 ἐστίν
2280 1822 2292 1835 ·
2356 1804 2665 1873 ἰσοδυναμεῖ
2694 1802 2750 1855 δὲ
2800 1804 2863 1873 τῇ
2915 1798 3192 1871 ἐνεστώσῃ
3221 1798 3440 1869 ἡμέρα·
3499 1796 3685 1868 ἡμέρα

3150 1890 3215 1943 Τί
3247 1886 3340 1942 οὖν
3379 1906 3512 1960 φησι
3551 1886 3686 1959 πρὸς

2107 1991 2268 2044 αὑτὸν
2289 1993 2316 2043 ό
2346 1989 2548 2061 Κύριος
2569 2009 2582 2020 ·
2633 1986 2773 2057 Ἐγὼ
2804 1985 3071 2055 σήμερον
3102 1980 3430 2054 γεγέννηκά
3458 1997 3562 2043 σε;
3593 1980 3687 2050 δη-

2106 2084 2279 2137 λονότι
2335 2084 2464 2153 περὶ
2521 2083 2619 2152 τῆς
2681 2080 2938 2153 χρονικῆς
2990 2078 3090 2149 ἔφη
3134 2078 3406 2147 γενήσεως
3436 2075 3533 2144 τῆς
3566 2074 3686 2126 κατ’

2105 2173 2445 2243 οἰκονομίαν·
2511 2172 2638 2243 περὶ
2695 2170 2803 2241 γὰρ
2856 2170 2953 2241 τῆς
2984 2170 3219 2239 άνάρχου
3253 2166 3416 2237 φησὶν
3469 2165 3629 2227 αὐτὸς
3659 2165 3688 2217 ό

2105 2265 2266 2317 Δαυῖδ
2285 2282 2297 2294 ·
2360 2266 2453 2317 Ἐκ
2489 2263 2747 2333 γαστρὸς
2777 2262 2889 2329 πρὸ
2920 2262 3229 2329 ἐωσφόρου
3261 2256 3559 2327 ἐγέννησά
3591 2273 3683 2309 σε.

2106 2357 2363 2410 Γεννᾶται
2394 2357 2449 2410 δὲ
2482 2359 2721 2427 σήμερον
2760 2355 2881 2425 οὐχὶ
2937 2354 3110 2426 ἀρχὴν
3147 2352 3456 2413 συστάσεως
3508 2352 3565 2402 ἐν
3610 2350 3688 2420 τῷ

2107 2448 2397 2516 γεννᾶσθαι
2448 2446 2738 2518 λαμϐάνων
2757 2486 2772 2509 ,
2809 2443 2949 2498 κατὰ
2985 2444 3041 2496 δὲ
3067 2443 3165 2514 τὴν
3190 2441 3455 2513 σαρκικὴν
3486 2442 3690 2493 οἰκονο-

2108 2539 2237 2609 μίαν
2268 2541 2347 2601 είς
2371 2537 2641 2591 υἱοθεσίαν
2670 2535 2859 2590 ἐλθών.
2897 2535 3006 2587 Καὶ
3026 2536 3053 2588 ὁ
3077 2535 3205 2605 παρ’
3232 2532 3395 2586 αὑτοῦ
3422 2531 3477 2583 δὲ
3507 2529 3689 2583 λαϐὼν

2104 2632 2349 2699 ἐξουσίαν
2375 2631 2562 2684 τέκνον
2589 2628 2724 2682 Θεοῦ
2744 2627 3023 2697 γενέσθαι,
3050 2628 3136 2681 ὅτε
3161 2626 3367 2695 γίνεται
3389 2624 3575 2678 τέγνον
3600 2621 3690 2676 διὰ

2103 2722 2197 2775 τοῦ
2234 2721 2606 2792 βαπτίσματος
2637 2716 3079 2787 ἀναγεννὼμενος
3109 2757 3125 2780 ,
3156 2714 3341 2787 ἕτερόν
3372 2731 3421 2767 τι
3455 2714 3560 2783 πρὸ
3592 2712 3687 2765 τοῦ

2103 2808 2242 2865 εἶναι
2275 2811 2463 2864 τέκνον
2497 2809 2758 2881 ὑπάρχων
2784 2848 2799 2873 ,
2840 2806 3253 2875 ἐξευγενίζεται.
3300 2802 3354 2859 Ὀ
3398 2806 3582 2876 μέντοι
3622 2822 3687 2873 γε

2115 2903 2367 2974 Ἐϐραῖος
2400 2902 2616 2971 ἐλέγετο
2650 2900 2837 2972 κύριον
2872 2895 3010 2954 εἶναι
3048 2899 3145 2969 τῆς
3175 2898 3374 2964 λέξεως
3402 2939 3417 2963 ,
3454 2898 3686 2961 ἔτεκον,

2103 2996 2239 3067 ὅπερ
2260 2995 2353 3048 καὶ
2385 2993 2615 3057 Ἀκύλας
2642 2992 2956 3063 πεποίηκεν.
3001 2988 3058 3043 Ὀ
3081 2990 3138 3045 δέ
3172 2990 3511 3055 Ἀπόστολος,
3537 3007 3691 3059 νομο-

2107 3086 2285 3159 μαθὴς
2314 3086 2575 3159 ὑπάρχων
2596 3128 2609 3151 ,
2637 3086 2694 3140 ἐν
2717 3088 2783 3157 τῇ
2808 3085 2942 3157 πρὸς
2978 3084 3261 3155 Ἑϐραίους
3280 3086 3346 3156 τῇ
3368 3084 3475 3138 τῶν
3508 3080 3689 3138 Ἐὂόο-

2108 3180 2349 3251 μήκοντα
2380 3179 2669 3249 ἐχρήσατο.

2172 3361 2282 3414 Καὶ
2314 3360 2397 3413 ὅτι
2429 3376 2491 3427 γε
2540 3359 2620 3421 εἰς
2651 3356 2742 3409 τὸν
2778 3355 3043 3427 ἡμέτερον
3077 3353 3305 3423 Σωτῆρα
3347 3349 3555 3422 Ἰησοῦν
3600 3349 3691 3404 τὸν

2104 3453 2372 3525 Χριστὸν,
2425 3452 2521 3505 καὶ
2573 3449 2674 3502 οὐκ
2702 3450 2783 3511 εἰς
2844 3447 3039 3511 ἄλλον,
3097 3444 3451 3517 πεπλήρωται
3494 3442 3690 3507 ταῦτα,

2106 3543 2432 3615 παρίστησι·
2466 3540 2526 3594 τὸ
2559 3538 2702 3611 γάρ’

2171 3636 2422 3704 Αἵτησαι
2444 3634 2577 3703 παρ’
2599 3629 2766 3701 ἐμοῦ,
2789 3629 2887 3686 καὶ
2906 3628 3078 3683 δώσω
3108 3644 3206 3682 σοι
3231 3626 3375 3693 ἔθνη
3408 3624 3522 3693 τὴν
3553 3628 3694 3690 reln-

2093 3730 2385 3799 ρονομίαν
2406 3744 2542 3792 σου,
2567 3727 2662 3781 καὶ
2689 3725 2801 3793 τὴν
2821 3720 3197 3789 κατάσχεσίν
3224 3735 3340 3772 σου
3368 3716 3441 3772 τὰ
3468 3715 3693 3785 πέρατα

2104 3821 2210 3890 τῆς
2258 3822 2391 3892 γῆς,
2444 3821 2620 3884 οὐδεὶς
2674 3819 2739 3872 ἂν
2788 3817 2898 3887 ἐχοι
2942 3814 3107 3884 φάναι
3180 3811 3263 3879 ἐφ’
3327 3810 3513 3882 ἐτέρου
3583 3808 3693 3861 τῶν

2105 3916 2275 3970 πάλαι
2300 3914 2394 3968 τοῦ
2423 3913 2557 3967 Θεοῦ
2590 3910 2883 3983 προφητῶν
2918 3903 3339 3977 πεφανερῶσθαι
3367 3902 3459 3957 καὶ
3485 3901 3694 3972 πεπλη-

2106 4008 2330 4081 ρῶσθαι.
2364 4005 2502 4059 Οὔτε
2530 4004 2639 4075 γάρ
2661 4003 2901 4073 Μωῦσῆς
2927 4000 3033 4053 τῶν
3052 3996 3220 4052 ἐθνῶν
3248 3997 3500 4049 ἁπάντων
3523 3994 3691 4064 ἐγρά-

2102 4118 2267 4172 τησεν
2288 4139 2303 4161 ,
2347 4098 2472 4153 οὔτε
2523 4095 2683 4151 Δαυῒδ
2708 4136 2722 4157 ,
2765 4094 2889 4147 οὔτε
2918 4089 3202 4160 Σολομὼν,
3234 4087 3357 4141 οὔτε
3389 4103 3473 4148 τις
3506 4085 3694 4156 ἕτερος

2105 4190 2398 4263 προφητῶν
2444 4190 2477 4261 ἢ
2526 4187 2786 4259 βασιλέων
2830 4186 2937 4237 τῶν
2999 4182 3058 4246 ἐξ
3108 4181 3301 4243 αἰῶνος
3347 4176 3689 4248 γενομένων·

2108 4286 2253 4356 μόνῳ
2272 4285 2330 4337 δὲ
2352 4282 2428 4353 τῷ
2457 4281 2709 4352 ἡμετέρῳ
2739 4278 2948 4349 Σωτῆρι
2970 4279 3003 4347 ἡ
3032 4276 3138 4328 τῶν
3168 4272 3506 4344 πραγμάτων
3536 4263 3695 4339 ἐνάρ-

2104 4395 2228 4447 γεια
2276 4376 2570 4448 μαρτυρεῖ·
2606 4371 2902 4443 ἐπειδήπερ
2952 4371 3032 4432 είς
3066 4369 3247 4421 πᾶσαν
3279 4364 3377 4436 τὴν
3407 4362 3513 4435 γῆν
3541 4360 3694 4432 ἐξῆλ-

2107 4469 2197 4523 θεν
2248 4472 2277 4522 ὁ
2328 4467 2564 4537 φθόγγος
2605 4464 2711 4517 τῶν
2760 4462 3072 4516 ἀποστόλων
3122 4459 3323 4521 αὑτοῦ,
3371 4457 3467 4511 καὶ
3516 4459 3595 4520 εἰς
3628 4454 3695 4508 τὰ

2037 4587 2081 4642 D
2112 4562 2322 4633 πέρατα
2350 4561 2447 4631 τῆς
2470 4557 2793 4628 οἰκουμένης
2822 4555 2892 4609 τὰ
2925 4556 3143 4626 ῥήματα
3176 4550 3356 4606 αὐτῶν
3389 4549 3621 4620 διῆλθεν.

2182 4653 2495 4724 Ποιμα-νεῖς
2524 4650 2746 4714 αὐτοὺς
2777 4649 2846 4701 ἐν
2866 4643 3065 4709 ῥάϐδῳ
3097 4643 3315 4713 σιδηρᾷ
3341 4686 3356 4709 ,
3393 4644 3473 4708 ὠς
3500 4642 3691 4709 σκεύη

2113 4748 2407 4816 κεραμέως
2461 4744 2817 4811 συντρίψας
2865 4740 3107 4805 αὐτούς.
3186 4736 3378 4792 Λαϐὼν
3416 4735 3513 4807 τὴν
3554 4734 3697 4788 κατὰ

2112 4841 2329 4893 πάντων
2383 4836 2668 4903 ἐξουσίαν,
2730 4835 2854 4895 τοὺς
2904 4832 3200 4904 προτέρους
3262 4829 3503 4891 ἐκείνους
3570 4827 3697 4888 τοὺς

2110 4935 2252 4988 κατὰ
2294 4932 2388 4986 σοῦ
2423 4929 2767 5000 φρυάξαντας
2800 4926 2892 4979 καὶ¹
2925 4924 3057 4977 κενά
3091 4924 3493 4994 μελετήσαντας
3514 4962 3527 4983 ,
3560 4921 3697 4974 ἀλλὰ

2110 5030 2204 5082 καὶ
2254 5029 2378 5089 τοὺς
2410 5024 2795 5095 παραστάντας
2840 5019 2935 5073 καὶ
2991 5016 3352 5087 συναχθέντας
3406 5013 3547 5067 κατὰ
3601 5013 3695 5065 σοῦ

2112 5122 2351 5193 βασιλεῖς
2376 5138 2439 5174 τε
2473 5120 2577 5188 γῆς
2618 5120 2711 5171 καὶ
2752 5117 3018 5188 ἄρχοντας
3048 5112 3354 5181 ποιμανεὶς.
3407 5108 3464 5159 οὐ
3493 5110 3558 5177 τῇ
3588 5105 3697 5159 τῶν

2110 5216 2332 5285 ἡμέρων
2362 5212 2649 5283 προϐάτων
2679 5209 3009 5280 ποιμαντικῇ
3047 5204 3224 5276 ῥάϐδῳ
3245 5243 3258 5264 ,
3306 5203 3371 5271 τῇ
3406 5198 3493 5252 διὰ
3525 5198 3698 5265 λόγων

2109 5308 2203 5359 καὶ
2226 5304 2507 5374 σωτηρίων
2539 5302 2876 5373 μαθημάτων
2896 5317 2909 5331 '
2931 5296 3151 5366 τοιαύτῃ
3174 5295 3281 5365 γὰρ
3304 5293 3497 5362 λογικῇ
3520 5290 3700 5362 ῥάϐδῳ

2109 5398 2177 5450 τά
2214 5397 2452 5468 Χριστοῦ
2512 5394 2759 5465 πρόϐατα
2798 5395 2855 5444 ἐν
2892 5394 3012 5453 ταῖς
3055 5387 3317 5459 μάνδραις
3356 5382 3521 5437 αὐτοῦ
3552 5424 3567 5448 ,
3640 5383 3697 5433 ἐν

2107 5492 2228 5552 ταῖς
2272 5487 2617 5558 Ἐκκλησίαις
2648 5485 2742 5538 καὶ
2784 5486 2901 5546 ταῖς
2932 5482 3039 5535 τῶν
3076 5477 3234 5549 ἱερῶν
3261 5473 3490 5546 Γραφῶν
3538 5490 3701 5525 πνευ·

2112 5582 2371 5654 ματικαῖς
2400 5581 2592 5650 νομαῖς
2618 5595 2704 5631 ποι
2715 5577 2964 5647 μαίνεται
2989 5590 3000 5604 ο
3038 5571 3150 5626 ἀλλ’
3184 5573 3242 5623 ἐν
3272 5567 3451 5641 ῥάϐδῳ
3479 5565 3697 5637 σιδηρᾷ,

2251 5718 2293 5749 ³³
2332 5716 2479 5774 Psal.
2514 5730 2683 5780 xvm,
2719 5714 2772 5769 5.

496 5869 573 5945 (ί)
600 5870 786 5943 Αὑτῖῖ·
836 5887 944 5929 σιτ·
980 5872 1289 5946 Legendqu
1316 5875 1474 5948 αὐτή,
1507 5892 1698 5946 nempe
1727 5877 1758 5949 ἡ
1787 5877 1875 5931 ἐπὶ
1907 5877 2002 5945 γῆς

2111 5873 2374 5945 ἰκκλησία.
2412 5873 2569 5929 Enn.
