4020 6372
279 384 333 440 89
1316 380 1825 441 COMMENTARIA
1867 381 1932 436 IN
1970 381 2314 443 PSALMOS.
3403 398 3476 454 90

277 500 333 554 δι’
350 495 410 571 ἧς
432 497 724 569 συντρίψειν
753 499 972 566 αὐτοὺς,
1005 501 1100 555 καὶ
1124 503 1187 556 τδ
1209 504 1293 576 οῐη
1303 521 1380 575 μα
1403 505 1583 559 αὐτῶν
1613 507 1813 560 κατεά-

1918 517 1970 563 et
2002 505 2263 580 tanquam
2322 525 2420 566 vas
2452 510 2600 582 figuli
2626 520 2911 569 conterere
2949 512 3066 583 ipse
3107 512 3328 569 dicitur.
3370 512 3496 568 Vir—

277 591 531 665 ξειν-δίκην
569 592 792 660 ἀγγείου
837 593 1161 664 όστρακίνου
1191 596 1429 664 λέγεται.
1505 597 1726 652 Ῥάϐδον
1755 597 1812 651 δὲ

277 683 468 754 σιδηρᾶν
497 682 592 754 τὴν
636 684 924 755 Ῥωμαίων
953 687 1127 758 ἀρχὴν
1154 683 1294 741 εἷναί
1332 706 1496 760 φησιν
1519 730 1534 755 ,
1582 691 1814 761 ἐπικρα-

275 773 494 844 τεστέραν
513 773 806 846 γενομένην
843 778 980 846 μετὰ
1000 778 1098 848 τὴν
1123 777 1216 831 τοῦ
1240 779 1491 850 Σωτῆρος
1515 781 1670 851 ἡμῶν
1695 782 1814 834 ἐπι-

275 866 480 934 φάνειαν.
542 865 629 932 Ἐξ
650 867 860 920 ἐκείνου
894 869 1006 936 γὰρ
1035 869 1145 922 τῶν
1171 871 1290 924 κατ’
1316 869 1441 941 ἔθνη
1468 871 1814 942 πολυαρχιῶν

275 957 351 1012 καί
393 955 488 1008 τῶν
532 957 673 1010 κατά
711 957 895 1030 χώρας
933 960 1236 1030 ὲθναρχιῶν
1276 961 1682 1016 καταλυθεισῶν
1709 1003 1723 1028 ,
1779 967 1812 1036 ὴ

283 1047 527 1118 Ῥωμαίων
550 1051 890 1120 ὲμονάρχησε
923 1049 1191 1120 βασιλεία,
1219 1053 1286 1122 ἢν
1325 1055 1420 1107 καὶ
1442 1055 1476 1124 ἡ
1496 1053 1589 1107 τοῦ
1615 1055 1815 1126 Δανιὴλ

273 1140 534 1213 προφητεία
567 1141 795 1212 σιδηρᾶν
828 1145 1126 1214 προσεῖπεν
1159 1184 1175 1210 ,
1210 1145 1304 1197 ἐπὶ
1345 1144 1444 1216 μὲν
1476 1144 1575 1216 τῆς
1606 1146 1816 1209 εἰκόνος

273 1235 480 1304 φήσασα·
501 1233 554 1285 αἰ
586 1233 796 1303 κνῆμαι
826 1235 918 1287 καὶ
945 1237 992 1288 οἱ
1024 1236 1182 1300 πόδες
1213 1237 1456 1308 σιδηροῖ,
1490 1237 1584 1290 καί⁸
1611 1238 1712 1309 τὴν
1733 1239 1817 1310 ἑρ-

272 1326 457 1396 μηνείαν
494 1326 761 1397 ὲκθεμένη
785 1327 875 1380 διὰ
901 1327 992 1380 τοῦ
1019 1328 1184 1395 φάναι
1207 1345 1220 1358 ·
1246 1330 1536 1384 Βασιλεία
1561 1328 1813 1398 τετάρτη

269 1422 406 1474 ἔσται
417 1419 624 1488 ἰσχυρὰ
635 1421 717 1484 ὡς
729 1423 761 1472 ὁ
769 1419 1036 1488 σίδηρος·
1056 1419 1126 1474 ὃν
1139 1424 1362 1488 τρόπον
1377 1422 1484 1490 γὰρ
1498 1425 1531 1475 ό
1545 1421 1812 1489 σίδηρος,

266 1512 505 1568 ,ἰεπτυνεῐ
520 1513 618 1565 καὶ
644 1495 900 1581 δαμάσει
915 1529 927 1542 ·
965 1513 1057 1564 ἐπὶ
1076 1512 1134 1565 δὲ
1158 1512 1261 1582 τῆς
1283 1513 1528 1582 ὁράσεως
1560 1512 1652 1565 τοῦ
1683 1529 1816 1582 προ-

266 1607 431 1675 φήτου·
462 1603 564 1658 Καὶ
599 1603 733 1656 ὶδοὺ
752 1643 766 1667 ,
806 1604 968 1672 φησὶν
987 1644 1001 1666 ,
1052 1602 1195 1664 ζῶον
1225 1603 1512 1671 τέταρτον
1537 1603 1811 1672 φοϐερὸν,

265 1696 343 1749 καὶ
369 1699 416 1749 ot
440 1694 682 1760 ὀδόντες
707 1694 893 1748 αὐτοῦ
920 1695 1183 1763 σιδηροῖ,
1219 1695 1429 1750 ἐσθίον
1459 1698 1558 1750 καὶ
1597 1698 1816 1751 λεπτύ-

265 1807 376 1852 νον,
395 1788 482 1841 καί
494 1787 564 1841 τὰ
584 1788 878 1841 ἐπίλοιπα
901 1787 1026 1853 τοῖς
1047 1787 1231 1840 ποσίν
1251 1789 1438 1843 αὐτοῦ
1461 1789 1808 1843 συνεπάτει.

1916 613 2040 667 gam
2088 608 2272 655 autem
2322 600 2555 656 ferream
2599 599 2911 657 Romanum
2971 602 3259 673 imperium
3311 611 3491 666 vocat,

1915 691 2062 760 quod
2085 693 2391 747 secundum
2420 692 2728 748 Salvatoris
2758 694 2934 749 nostri
2967 693 3265 748 adventum
3295 702 3494 764 poten—

1916 785 2025 838 tius
2055 787 2250 840 evasit.
2298 784 2434 840 Nam
2481 804 2606 842 cum
2637 789 2832 844 exinde
2877 786 3034 856 multi
3072 786 3321 856 variique
3365 803 3496 856 gen-

1916 876 2055 931 tium
2085 878 2449 948 principatus,
2472 889 2526 936 et
2548 890 2644 951 pe'r
2674 881 2920 936 diversas
2950 879 3200 948 regiones
3242 879 3494 933 domina-

1915 974 2004 1022 tus
2032 968 2328 1022 multorum
2361 970 2605 1040 abrogati
2641 971 2771 1033 sint,
2792 985 2960 1024 unum
2989 968 3356 1022 Romanorum
3389 969 3494 1022 im-

1918 1059 2126 1129 perium
2157 1060 2415 1123 obtinuit,
2439 1061 2584 1131 quod
2609 1063 2660 1116 in
2683 1062 2920 1117 Danielis
2947 1061 3229 1131 prophetia
3256 1059 3490 1114 ferreum

1915 1160 2173 1208 vocatur:
2203 1169 2328 1208 nam
2381 1154 2453 1208 ibi
2491 1154 2558 1208 de
2589 1161 2770 1208 statua
2804 1154 3026 1216 dicitur,
3059 1153 3206 1208 tibiae
3234 1161 3286 1206 et
3325 1152 3492 1222 pedes

1915 1244 2035 1315 ejus
2069 1244 2263 1300 ferrei:
2294 1245 2523 1315 ejusque
2557 1247 2636 1300 rei
2674 1246 3176 1314 interpretationem
3219 1243 3376 1297 alfert
3406 1244 3492 1300 his

1915 1338 2133 1394 verbis:
2183 1337 2414 1407 Regnum
2454 1347 2702 1408 quartum
2733 1339 3008 1392 robustum
3067 1338 3169 1392 erit
3193 1338 3330 1391 sicut
3379 1336 3489 1405 fer-

1917 1446 2068 1484 rum:
2103 1431 2543 1498 quemadmodum
2563 1432 2702 1484 enim
2729 1431 2949 1498 ferrum,
2978 1431 3298 1483 comminuet
3324 1437 3373 1482 et
3397 1427 3495 1482 do-

1917 1520 2080 1574 mabit
2097 1521 2146 1553 ”
2189 1519 2472 1590 Perpende
2500 1521 2652 1582 mihi,
2671 1536 2874 1588 qttmso,
2894 1519 3173 1589 propheta:
3188 1519 3450 1571 visionem
3476 1537 3487 1571 :

1918 1608 1985 1662 Et
2015 1626 2150 1670 ecce,
2186 1609 2382 1679 inquit,
2410 1609 2577 1663 bestia
2599 1621 2792 1680 quarta
2829 1609 3106 1673 terribilis,
3132 1609 3283 1678 cujus
3313 1607 3490 1661 dentes

1915 1703 2096 1772 ferrei,
2122 1703 2395 1757 comedens
2439 1712 2594 1772 atque
2621 1705 3006 1766 comminuens,
3032 1711 3083 1756 et
3109 1703 3313 1771 reliqua
3345 1699 3492 1769 pedi-

1918 1793 2012 1848 bus
2054 1796 2166 1848 suis
2215 1794 2646 1850 conculcabat”.
2699 1793 2813 1847 Hoc
2849 1793 3034 1864 itaque
3065 1809 3294 1862 regnum
3340 1793 3494 1846 hisce

263 1880 442 1948 ταύτην
470 1881 647 1933 τοίνυν
679 1882 775 1932 καὶ
807 1881 898 1932 ἐπὶ
924 1878 1018 1932 τοῦ
1059 1880 1325 1950 παρόντος
1378 1879 1670 1950 δηλοῦσθαι
1697 1882 1802 1948 φά-

1918 1887 2094 1940 verbis
2117 1885 2411 1957 significari
2454 1886 2729 1941 creditur:
2763 1886 2960 1940 Pasce:
2988 1902 3075 1940 eos
3105 1887 3160 1940 in
3191 1888 3338 1956 virga
3381 1885 3490 1955 [er-

263 1989 445 2036 σκοντος
463 1971 617 2040 λόγου
639 1989 653 2002 θ
673 1971 988 2040 Ποιμανεῖς
1004 1971 1225 2037 αὐτοὺς
1253 1972 1322 2025 ἐν
1336 1971 1537 2040 ῥάϐδῳ
1569 1970 1808 2040 σιδηρᾷ.

259 2067 511 2133 ὠςσκεύη
538 2064 846 2133 κεραμέως
884 2064 1238 2131 συντρίψεις
1270 2065 1514 2130 αὐτούς.
1571 2065 1810 2136 Δυνάμει

259 2157 347 2226 γὰρ
373 2157 555 2224 ἀφανεῖ
580 2159 684 2210 καὶ
709 2155 927 2226 ἀοράτῳ
954 2154 1104 2226 παρὰ
1129 2154 1219 2207 τοῦ
1244 2156 1456 2227 Πατρὸς
1479 2155 1680 2226 κλῆρον
1706 2174 1812 2211 πα-

260 2248 473 2320 ραλαϐὼν
529 2249 599 2302 τὰ
636 2248 760 2302 καθ’
796 2249 922 2317 ὅλης
973 2249 1070 2318 τῆς
1106 2249 1430 2320 οἰκουμένης
1461 2248 1587 2319 ἔθνη
1620 2251 1648 2302 ὁ
1680 2251 1813 2321 Χρι-

260 2345 360 2408 στὸς
383 2385 396 2405 ,
456 2344 576 2406 τοὺς
621 2342 722 2413 μὲν
761 2341 1142 2408 ὲπεγνωκότας
1183 2340 1345 2393 αὐτὸν
1372 2381 1387 2404 ,
1445 2342 1540 2394 καὶ
1573 2340 1676 2394 ὑπὸ
1711 2343 1812 2413 τὴν

257 2434 394 2487 αὑτοῦ
420 2433 658 2506 μάνδραν
699 2432 1028 2502 γενομένους
1055 2435 1309 2502 ποιμανεῖ
1348 2433 1584 2501 εἰσάγων
1614 2435 1706 2487 καὶ
1727 2434 1813 2500 ἐξ-

256 2528 377 2596 άγων
390 2529 460 2590 εἰς
473 2526 685 2594 ἀγαθὰς
699 2524 890 2596 νομὰς,
909 2524 1048 2578 ὥστε
1077 2524 1254 2593 λέγειν
1273 2524 1370 2596 τὴν
1387 2524 1550 2578 αὐτοῦ
1579 2526 1813 2596 ποίμνην

256 2619 434 2692 (λογικὴ
461 2622 564 2692 γὰρ
587 2617 707 2693 ἦν)·
738 2624 952 2691 Κύριος
964 2624 1259 2693 ποιμαίνει
1283 2642 1381 2693 με,
1409 2625 1509 2679 καὶ
1534 2625 1714 2679 οὐδέν
1737 2643 1814 2695 με

254 2714 558 2782 ὑπερήσει.
623 2719 733 2781 Εἰς
763 2716 951 2768 τόπον
971 2717 1161 2784 χλόης
1185 2717 1310 2772 ἐκεῖ
1327 2735 1405 2786 με
1434 2717 1814 2784 κατεσκήνω-

253 2821 348 2860 σεν
367 2823 379 2836 ·
413 2807 506 2860 ἐπὶ
534 2807 763 2872 ὕδατος
794 2807 1193 2876 ἀναπαύσεως
1220 2809 1507 2878 ἐξέθρεψέ
1554 2827 1664 2880 με,
1699 2809 1814 2879 τὴν

255 2900 438 2968 ψυχήν
483 2919 599 2969 μου
657 2901 1027 2971 ἐπέστρεψε·
1065 2904 1192 2967 τοὺς
1222 2902 1280 2955 δὲ
1310 2902 1654 2973 άιρηνιῶντας
1706 2901 1814 2955 τῶν

253 2991 397 3045 ἐθνῶν
426 2993 514 3047 καὶ
543 2994 1053 3065 κατεπαιρομένους
1083 2994 1192 3048 τῶν
1223 2993 1388 3048 αὑτοῦ
1423 2994 1708 3066 προϐάτων
1743 2995 1811 3065 τῇ

256 3081 406 3156 ῥάϐδῳ
439 3088 501 3157 τῇ
554 3087 758 3159 σιδηρᾷ
807 3085 1206 3143 καθυποτάττει
1250 3086 1507 3158 δαμάζων
1555 3086 1650 3141 καὶ
1688 3104 1814 3140 συν-

253 3178 422 3247 τρίϐων
448 3179 534 3233 διὰ
583 3181 693 3251 τῆς
734 3180 1049 3252 Ῥωμαῖκῆς
1077 3180 1414 3243 δυναστείας.
1497 3178 1654 3234 Οὕτω
1683 3177 1814 3248 γοῦν

254 3271 503 3339 συμϐαίνει
528 3274 644 3326 τῶν
680 3274 970 3344 ἀπλήστων
1001 3273 1168 3326 ἐθνῶν
1196 3272 1322 3337 τοὺς
1350 3272 1556 3344 θυμοὺς
1585 3273 1678 3326 καὶ
1715 3273 1813 3335 τὰς

251 3362 398 3432 ὁρμὰς
446 3364 542 3429 τάς
592 3365 745 3418 κατά
797 3365 896 3436 τῆς
941 3363 1268 3434 Ἐκκλησίας
1317 3365 1410 3418 τοῦ
1438 3363 1576 3417 Θεοῦ
1599 3363 1686 3418 διὰ
1711 3365 1809 3435 τῆς

260 3451 540 3525 Ῥωμαῖκῆς
574 3456 814 3527 ἀπειλῆς
866 3455 1302 3526 ἀνακρούεσθαι,
1359 3456 1459 3509 οὐκ
1493 3455 1558 3509 ἂν
1590 3458 1810 3526 ἐπιτρε-

251 3545 435 3614 ψάντων
467 3548 574 3601 τῶν
609 3549 761 3601 κατά
791 3547 975 3612 πόλεις
998 3547 1278 3620 ἀρχόντων
1298 3564 1358 3600 τε
1388 3547 1484 3601 καὶ
1515 3546 1722 3618 δήμων,
1755 3549 1813 3600 ἐν

251 3637 410 3708 μέσοις
451 3641 633 3694 αὐτῶν
689 3641 950 3711 συστῆναι
992 3640 1088 3693 τοῦ
1143 3640 1382 3712 Χριστοῦ
1440 3638 1810 3700 διδασκαλίαν,

247 3731 622 3806 ἀνατρεπτικὴν
659 3734 760 3804 τῆς
786 3733 1045 3787 πολυθέου
1079 3733 1290 3805 πλάνης
1312 3732 1492 3787 αὐτῶν
1518 3731 1815 3801 τυγχάνου-

250 3839 348 3886 σαν,
374 3826 418 3877 εί
449 3830 521 3896 μὴ
560 3829 586 3879 ό
634 3825 950 3896 Ῥωμαϊκὸς
975 3825 1156 3889 αὐτοῖς
1189 3820 1256 3894 ἦν
1302 3823 1680 3894 ἐπηρτημένος
1723 3821 1817 3890 φό-

249 3916 342 3980 ϐος,
364 3918 455 3970 καὶ
478 3919 546 3972 τὰ
579 3917 943 3989 συντρίϐοντα
971 3918 1170 3980 αὐτοὺς
1195 3916 1291 3968 καὶ
1323 3915 1397 3987 μὴ
1433 3915 1610 3968 ἐῶντα
1645 3930 1816 3982 κεφα-

248 4006 328 4077 λὴν
354 4009 551 4080 ἐπᾶραι
582 4010 945 4079 διατάγματα
964 4009 1089 4072 τοὺς
1123 4008 1329 4079 θυμοὺς
1358 4006 1538 4062 αὐτῶν
1564 4005 1812 4076 ὲχαλίνου

247 4098 325 4150 καὶ
347 4100 650 4173 συνέτριϐε.
684 4101 794 4152 Καὶ
816 4099 949 4172 ἄλλῃ
983 4100 1040 4152 δὲ
1067 4099 1220 4170 θεῖκῇ
1258 4099 1354 4152 καὶ
1395 4099 1694 4168 ἀπορρήτῳ
1723 4096 1815 4148 δυ-

245 4190 380 4260 νάμει
410 4195 438 4244 ό
463 4192 709 4264 Χριστὸς
744 4189 812 4244 τά
839 4191 936 4260 μὲν
970 4191 1134 4244 αὐτοῦ
1162 4189 1410 4259 πρόϐατα
1442 4188 1662 4260 ἡμέρως
1699 4205 1817 4240 ποι-

250 4282 425 4352 μαίνει,
464 4284 743 4356 μηδέποτε
778 4282 1074 4354 ἀναχωρῶν
1107 4283 1200 4337 ἀπ’
1235 4280 1434 4344 αὐτῶν,
1468 4280 1590 4334 καθ’
1618 4281 1684 4352 ἣν
1715 4297 1816 4333 πε-

247 4376 442 4444 ποίηται
481 4376 826 4445 ἐπαγγελίαν
878 4377 1087 4446 φήσαςο
1133 4377 1317 4428 Ὅπου
1372 4372 1448 4427 ἂν
1487 4369 1611 4426 εἷεν
1635 4372 1744 4426 δύο
1776 4371 1816 4441 ἢ

246 4465 380 4532 τρεῖς
404 4466 782 4537 συνηγμένοι
806 4467 877 4519 ἐν
900 4466 983 4532 τῷ
1009 4467 1256 4536 ὀνόματί
1279 4482 1422 4534 μου,
1460 4463 1589 4517 ἐκεῖ
1606 4467 1722 4533 εἰμι
1749 4463 1820 4517 ἐν

245 4556 387 4625 μέσῳ
414 4559 618 4613 αὐτῶν
638 4577 654 4589 ·
683 4559 782 4613 καὶ
810 4559 970 4612 πάλιν
992 4575 1005 4589 ·
1046 4557 1190 4612 Ἰδοὺ
1219 4556 1334 4627 ἐγὼ
1350 4541 1481 4626 μεθ⁴
1509 4555 1677 4625 ὑμῶν
1701 4557 1818 4625 εἰμι

1921 1995 2028 2044 rea,
2058 1988 2308 2049 tanquam
2348 1996 2473 2032 vasa
2504 1981 2656 2048 figuli
2696 1979 2994 2050 confringes
3023 1995 3134 2033 eos.
3174 1979 3310 2034 Cum
3344 1979 3491 2032 enim

1914 2071 2117 2126 latente
2168 2079 2332 2141 atque
2377 2072 2636 2126 invisibili
2664 2080 2933 2142 potestate
2962 2070 3216 2126 Christus
3250 2085 3281 2124 a
3330 2068 3494 2126 Patre

1913 2161 2180 2216 universae
2203 2169 2362 2216 terrae
2394 2161 2623 2230 populos
2653 2162 2709 2215 in
2739 2162 3110 2217 ltaireditatem
3149 2161 3490 2231 accepisset;

1914 2250 2038 2305 illos
2069 2251 2291 2321 quidem
2340 2250 2432 2321 qui
2476 2266 2536 2306 se
2571 2262 2862 2316 noverunt,
2895 2260 2948 2307 et
2984 2245 3194 2306 in’ovili
3227 2267 3326 2307 suo
3357 2267 3491 2306 con-

1915 2342 2148 2416 sistunt,
2188 2343 2385 2410 pascit,
2437 2341 2492 2394 in
2525 2356 2733 2410 pascua
2761 2343 2904 2396 bona
2951 2343 3191 2397 educens
3228 2357 3292 2396 ac
3327 2342 3492 2397 redu-

1914 2449 2084 2501 cens;
2123 2435 2196 2489 ita
2224 2445 2283 2488 ut
2310 2435 2430 2504 ejus
2460 2434 2623 2498 ovile,
2660 2443 2848 2503 utpote
2875 2435 3220 2495 rationabile,
3259 2436 3372 2488 haec
3405 2437 3488 2488 lo-

1915 2534 2152 2596 quatur:
2185 2525 2448 2580 Dominus
2476 2529 2648 2594 pascit
2695 2543 2797 2590 me,
2823 2537 2872 2580 et
2911 2527 3042 2580 nihil
3068 2527 3195 2580 mihi
3225 2526 3410 2590 deerit,
3438 2528 3491 2580 in

1917 2619 2028 2671 loco
2049 2634 2262 2687 pascua:
2287 2617 2359 2671 ibi
2391 2634 2473 2672 me
2512 2619 2810 2672 collocavit.
2856 2617 3028 2688 Super
3067 2635 3261 2689 aquam
3299 2620 3491 2690 quietis

1915 2709 2155 2764 educavit
2185 2726 2286 2773 me,
2331 2711 2568 2764 animam
2607 2727 2775 2764 nteant
2808 2711 3159 2776 convertit“.-
3202 2711 3279 2766 Ex
3313 2715 3493 2783 genti-

1915 2803 2019 2858 bus
2069 2818 2236 2874 porro
2266 2819 2362 2859 eos
2390 2805 2482 2875 qui
2511 2819 2637 2858 cum
2676 2805 2879 2875 impetu
2916 2803 3189 2868 feruntur,
3218 2811 3272 2859 et
3295 2805 3494 2858 advena

1916 2904 2038 2950 Sum
2100 2894 2223 2964 ejus
2258 2909 2391 2950 oves
2426 2896 2741 2965 insurgunt,
2781 2895 2951 2964 virga:
3000 2893 3193 2949 ferreae
3245 2894 3494 2964 subjiclt,

1915 3002 2012 3058 per
2028 2985 2331 3041 Romanam
2353 2994 2674 3056 potestatem
2693 2987 2924 3041 domans
2937 2994 3100 3056 atque
3120 2993 3384 3042 atterens.
3406 2985 3485 3039 Ita

1917 3079 2124 3134 scilicet
2145 3080 2412 3150 contingit
2439 3079 2775 3134 insatiabiles
2802 3079 3043 3149 gentium
3088 3079 3302 3132 animos
3330 3087 3495 3148 atque

1916 3171 2156 3242 impetus
2177 3171 2442 3226 adversus
2459 3170 2762 3226 Ecclesiam
2784 3170 2901 3233 Dei,
2925 3186 3022 3240 per
3047 3170 3194 3225 solas
3214 3168 3492 3224 Romano-

1918 3277 2042 3316 rum
2075 3263 2255 3318 minas
2290 3263 2619 3333 propulsari.
2657 3261 2847 3331 Neque
2874 3263 3019 3316 enim
3054 3262 3332 3332 principes
3361 3261 3498 3315 civi-

1924 3362 2102 3408 tatum
2163 3369 2229 3408 ac
2279 3355 2654 3424 pepulorum,
2709 3352 2914 3408 Christi
2971 3352 3278 3407 doctrinam
3313 3393 3328 3418 ,
3384 3367 3492 3421 qua

1915 3461 2106 3501 eorum
2155 3445 2222 3500 de
2270 3447 2430 3500 turba
2464 3446 2752 3500 numinum
2781 3461 2938 3501 error
2969 3449 3253 3513 evertitur,
3285 3447 3340 3500 in
3375 3461 3493 3500 nie-

1915 3535 2008 3590 dio
2042 3535 2129 3591 sui
2175 3537 2482 3590 consistere
2515 3535 2800 3599 sinerent,
2851 3535 2958 3587 nisi
3004 3535 3324 3588 imminente
3360 3533 3496 3603 ipsis

1917 3625 2290 3681 Romanorum
2339 3635 2524 3692 metu,
2574 3641 2638 3681 ac
2687 3623 2792 3681 nisi
2828 3625 3018 3694 jussu,
3061 3625 3268 3694 quibus
3298 3632 3492 3678 conte-

1915 3728 2134 3783 runtur,
2183 3727 2245 3774 ut
2290 3734 2470 3789 neque
2513 3718 2820 3772 concedant
2871 3717 3010 3787 ipsis
3051 3717 3136 3772 vel
3179 3727 3344 3786 caput
3385 3715 3514 3770 eri--

1914 3826 2080 3882 gere,
2122 3811 2335 3866 animos
2365 3825 2556 3865 eorum
2592 3809 2833 3864 frenaret
2879 3819 3042 3880 atque
3089 3809 3495 3877 comprimeret.

1917 3903 2036 3956 Alia
2091 3918 2310 3973 quoque
2359 3903 2548 3957 divina
2612 3916 2677 3956 ac
2724 3910 2938 3957 secreta
2986 3901 3191 3954 virtute
3242 3899 3498 3953 Christus

1917 4011 2048 4050 oves
2091 4010 2222 4051 suas
2255 3994 2452 4050 leniter
2495 3995 2706 4065 pascit,
2757 4009 3039 4064 nunquam
3081 3993 3149 4046 ab
3179 3992 3314 4060 ipsis
3343 4005 3499 4045 ret-e-

1917 4091 2054 4146 dens
2085 4089 2390 4146 secundum
2426 4089 2852 4159 promissionem
2883 4103 2991 4158 qua
3023 4103 3082 4142 se
3113 4085 3377 4156 obligavit
3409 4085 3497 4139 his

1919 4183 2102 4238 verbis
2135 4201 2148 4236 :
2197 4181 2298 4235 Ubi
2336 4183 2440 4235 duo
2475 4181 2552 4236 vel
2592 4191 2694 4235 tres
2733 4179 3036 4250 congregati
3071 4179 3275 4247 fuerint
3310 4177 3361 4229 in
3403 4193 3498 4230 no-

1918 4273 2058 4326 mine
2083 4288 2194 4326 meo
2214 4311 2228 4336 ,
2262 4271 2372 4324 illic
2398 4287 2516 4324 sum
2543 4271 2596 4323 in
2621 4270 2794 4325 medio
2824 4286 3002 4323 eorum
3036 4269 3077 4299 ³⁷
3104 4283 3120 4331 ;
3153 4274 3206 4320 et
3234 4281 3450 4320 rursum
3482 4283 3494 4318 :

1920 4363 2056 4419 Ecce
2096 4381 2190 4433 ego
2237 4361 2497 4418 vobiscum
2543 4380 2660 4417 sum
2705 4361 2946 4416 omnibus
2995 4359 3179 4414 diebus
3220 4374 3384 4428 usque
3426 4355 3498 4408 ad

1921 4457 2437 4511 consummationem
2476 4455 2661 4510 saculi
2699 4455 2763 4507 ’⁸.
2797 4452 2905 4508 Eos
2945 4459 3124 4506 autem
3171 4451 3265 4520 qui
3309 4457 3499 4502 contra

1924 4548 2069 4602 ovile
2101 4561 2261 4600 suum
2294 4545 2464 4599 variis
2494 4542 2834 4614 temporibus
2866 4542 3186 4610 insurgunt,
3226 4539 3342 4607 ipse
3374 4553 3502 4589 rur-

245 4647 424 4715 πάσας
443 4651 550 4716 τὰς
566 4650 800 4719 ἡμέρας
823 4650 932 4714 ἕως
953 4647 1066 4718 τῆς
1085 4649 1440 4713 συντελείας
1457 4645 1562 4700 τοῦ
1581 4645 1814 4710 αἰῶνος·

1927 4656 2048 4696 sum
2081 4639 2288 4694 latente
2317 4645 2481 4708 atque
2511 4636 2771 4691 invisibili
2801 4641 3070 4705 potestate
3099 4630 3307 4685 invadit
3336 4637 3501 4698 atque

245 4743 353 4806 τοὺς
373 4745 414 4797 δ’
443 4743 920 4814 ἐπανισταμένους
950 4740 1114 4795 αὑτοῦ
1141 4745 1207 4812 τῇ
1231 4740 1434 4812 ποίμνῃ
1463 4741 1520 4791 ὲν
1542 4740 1656 4800 τοῖς
1679 4737 1820 4790 κατὰ

247 4838 445 4910 χρόνους
471 4839 745 4909 διωγμοῖς
772 4837 934 4890 πάλιν
963 4836 1130 4899 αὐτὸς
1161 4833 1704 4906 μετέρχεταιάφανεῖ
1725 4831 1819 4883 καὶ

247 4929 437 5000 ἀοράτῳ
458 4930 696 4999 δυνάμει
728 4927 974 4990 κολάζων
1003 4927 1061 4978 ἐν
1092 4926 1273 4997 ῥάϐδῳ
1307 4923 1521 4994 σιδηρᾷ,
1559 4921 1694 4974 ἀλλὰ
1727 4921 1823 4973 καὶ

245 5023 330 5092 τὴν
353 5023 737 5095 ὑπερηφανίαν
767 5020 945 5075 αὐτῶν
966 5015 1079 5074 ¹καὶ
1109 5019 1170 5072 τὸ
1213 5019 1438 5087 ἔπαρμα
1483 5015 1580 5084 τῆς
1620 5011 1820 5076 ἀλαζοο

247 5117 376 5180 νεῐας
405 5118 478 5181 ὡς
505 5117 685 5186 σκεύη
715 5116 959 5187 κεράμια
995 5112 1304 5184 συντρίϐει·
1337 5111 1412 5172 ὡς
1450 5109 1550 5180 ἤδη
1592 5106 1819 5178 μυρίους

248 5207 406 5260 αὐτῶν
436 5211 543 5262 ὑπὸ
573 5208 688 5262 τῶν
713 5207 987 5276 θεηλάτων
1015 5204 1177 5258 αὐτοῦ
1208 5201 1488 5274 μαστίγων
1527 5197 1822 5268 ἐλαυνομέ-

247 5319 355 5366 νους
373 5303 554 5356 δοῦναι
585 5300 750 5367 δόξαν
772 5298 850 5369 τῷ
871 5298 990 5368 Θεῷ
1012 5338 1026 5361 ,
1056 5296 1153 5350 καὶ
1197 5289 1699 5364 ἐξομολογήσασθαι
1723 5288 1824 5352 τὰς

247 5393 544 5457 δυσσεϐείας
589 5391 793 5444 αὐτῶν.
843 5390 936 5454 Ὠς
985 5388 1176 5453 σκεύη
1225 5383 1522 5453 κεραμέως
1581 5381 1825 5449 συντρί-

246 5486 367 5550 ibe-rc
390 5485 618 5549 αὐτούς
637 5499 653 5511 ⁶
691 5483 788 5551 οὐχ
819 5479 960 5534 ὥστε
987 5476 1250 5531 ἀπολέσαι
1275 5475 1367 5527 καὶ
1397 5470 1670 5524 ἀναλῶσαι
1700 5486 1826 5522 συν-

247 5576 424 5646 τρίϐει,
459 5575 578 5629 ἀλλ’
611 5574 754 5627 ὥστε
788 5571 1126 5627 ἀναπλάσαγ
1175 5569 1313 5639 πρὸς
1353 5566 1514 5620 τοῦτο
1561 5565 1668 5636 γὰρ
1699 5581 1828 5617 σκο-

250 5670 336 5733 πὸς
355 5671 430 5743 τῷ
458 5671 708 5744 κεραμεῖ
730 5665 1031 5737 συντρίϐειν
1055 5664 1128 5716 τὰ,
1167 5664 1342 5715 οἰκεῖα
1367 5658 1534 5729 σκεύη
1554 5699 1568 5722 ,
1593 5659 1718 5711 ὅταν
1749 5655 1828 5707 ἔτι

315 5852 356 5882 ⁸⁸
392 5851 529 5906 Dan.
613 5867 681 5915 It,
734 5849 816 5911 40.

915 5847 956 5877 ³⁵
1001 5844 1132 5899 Dan.
1165 5857 1276 5909 vn,
1314 5842 1365 5895 7.
1447 5841 1488 5918 ξε
1530 5837 1678 5893 Psal.
1715 5849 1871 5902 nit,
1908 5833 2020 5890 1-5.

1927 4734 2166 4802 castigat
2214 4732 2267 4784 in
2320 4731 2472 4798 virga
2523 4729 2734 4791 ferrea,
2799 4729 2909 4781 imo
2959 4726 3122 4781 etiam
3181 4721 3497 4791 superbiam

1930 4839 2121 4878 eorum
2169 4822 2570 4890 elationemque
2629 4821 2986 4890 arrogantiae,
3051 4817 3309 4882 tanquam
3372 4826 3499 4863 rasa

1925 4921 2169 4968 testacea
2200 4911 2532 4982 confringit;
2580 4912 2651 4965 ita
2687 4919 2746 4964 ut
2779 4911 2894 4979 jam
2939 4907 3136 4962 infiniti
3185 4918 3378 4959 eorum
3427 4904 3498 4957 ob

1928 5007 2201 5062 divinitus
2259 5006 2507 5059 immissa
2555 5005 2624 5059 ab
2679 5005 2800 5073 ipso
2850 5000 3060 5070 ﬂagella
3117 4995 3376 5052 commoti
3437 5009 3503 5048 ac

1925 5099 2205 5170 perculsi,
2259 5098 2488 5168 gloriam
2541 5095 2653 5151 Deo
2703 5095 2982 5160 referant,
3035 5101 3088 5148 et
3136 5090 3502 5144 confiteantur

1925 5194 2232 5263 impietates
2283 5207 2433 5248 suas.
2491 5191 2766 5260 Tanquam
2819 5205 2948 5242 vasa
2998 5185 3146 5256 ﬁguli
3201 5183 3500 5251 confringe:

1929 5302 2020 5340 eos
2051 5301 2068 5338 :
2102 5285 2196 5354 qui
2230 5300 2338 5338 non
2375 5283 2636 5354 perdendi
2679 5295 2742 5334 ac
2770 5276 3126 5334 consumendi
3171 5289 3338 5329 causa
3368 5289 3503 5326 con-

1926 5379 2093 5444 terit,
2125 5377 2220 5433 sed
2251 5374 2613 5430 reformandi.
2649 5371 2750 5426 llic
2779 5380 2862 5426 est
2891 5372 3035 5425 enim
3070 5367 3221 5438 figuli
3257 5381 3460 5434 scapus
3483 5403 3502 5430 ,

1927 5485 2052 5524 cum
2099 5485 2230 5522 vasa
2277 5469 2495 5538 propria
2539 5465 2814 5528 conterit,
2857 5461 3078 5532 quando
3108 5460 3321 5516 scilicet
3361 5459 3504 5512 inte-

1927 5577 2077 5632 gram
2123 5562 2305 5615 adhuc
2347 5569 2402 5614 et
2452 5573 2638 5614 sanam
2686 5556 2971 5613 materiam
3017 5569 3172 5609 suam
3224 5569 3331 5607 non
3376 5557 3504 5604 ante

1928 5654 2038 5725 igni
2081 5653 2338 5708 traditam
2379 5659 2688 5708 conservat.
2727 5647 2854 5704 Haec
2885 5645 3208 5703 testiﬁcatur
3235 5643 3504 5699 Jcremias

2106 5833 2143 5864 "
2189 5830 2374 5886 Matth.
2415 5842 2580 5893 xvnl,
2616 5827 2706 5890 ‘21).
2789 5828 2830 5858 ⁸³
2873 5823 3063 5880 Matth.
3099 5836 3305 5886 nrt",
3336 5817 3429 5871 ‘20.
