4020 6372
264 401 335 457 93
1411 381 1912 440 COMMENTARIA
1954 385 2022 440 IN
2059 383 2397 440 PSALMOS.
3463 379 3538 436 94

264 537 440 610 ψυιῇ
475 554 615 608 μσιν
667 535 788 589 Οὐκ
825 532 956 587 ἔστι
997 531 1261 598 σωτηρία
1296 526 1457 593 αὐτῷ
1497 529 1569 582 ἐν
1598 526 1678 593 τῷ
1716 523 1838 589 Θεῷ

1950 523 2126 577 dicunt
2155 534 2348 574 ammte
2377 531 2504 572 mete
2539 531 2557 569 :
2594 516 2717 570 Non
2753 522 2832 570 est
2855 514 3002 568 salus
3037 514 3138 584 ipsi
3172 513 3226 568 in
3247 511 3357 569 Deo
3393 517 3536 585 ejus.

261 633 473 688 αὑτοῦ.
503 630 588 684 Σὺ
626 627 714 690 δὲ,
749 628 944 694 Κύριε,
971 621 1352 691 ἀντιλ-ήπτωρ
1391 623 1511 691 μου
1560 615 1648 686 εἷ,
1694 618 1845 682 δόξα

256 741 399 794 μου,
438 720 536 774 καὶ
570 716 748 787 ὺιΜιν
778 715 893 783 τὴν
936 710 1210 781 κεφαλήν
1250 729 1393 780 μου.
1440 711 1656 772 Πάντας
1713 709 1843 762 διω-

261 819 437 888 γμοὺς
463 814 571 886 χρὴ
593 811 903 883 προσδοκᾷν
925 810 1052 870 τοὺς
1079 804 1222 860 κατὰ
1244 805 1378 858 Θεὸν
1400 805 1499 876 ζῇν
1521 802 1844 876 προῃρημέ-

260 929 405 973 νους.
448 907 605 961 Ἐπεὶ
635 903 776 958 κατὰ
801 903 893 955 τὸν
921 895 1241 953 Ἀπὸστολον
1262 915 1275 928 ο
1304 895 1536 963 Πάντες
1565 899 1618 949 οὶ
1647 895 1849 950 θέλον-

261 1021 360 1068 τες
391 999 502 1068 ζῇν
534 995 802 1061 εὐσεϐῶς
840 995 912 1047 ἐν
951 990 1184 1060 Χριστῷ
1235 987 1436 1058 Ἰησοῦ,
1469 986 1840 1058 διωχθήσον-

261 1112 373 1148 ται.
413 1092 558 1145 Ἀλλ’
587 1092 645 1143 ἐν
674 1090 810 1142 πᾶσι
845 1086 1110 1158 προσήκει
1137 1082 1206 1135 τά
1237 1081 1387 1134 δεινὰ
1414 1079 1698 1152 καρτερῶς
1722 1081 1851 1132 ὑπο-

267 1189 448 1260 μένειν
469 1203 482 1215 ·
543 1184 668 1236 ἐπεὶ
710 1181 847 1251 μηδὲ
892 1179 1028 1250 πρὸς
1071 1176 1253 1246 ὀλίγον
1277 1175 1426 1229 ἐστὶν
1452 1175 1582 1245 ἡμῖν
1611 1175 1640 1225 ὁ
1671 1171 1844 1241 ἀγὼν,

266 1280 397 1352 μηδὲ
428 1278 569 1350 πρὸς
600 1274 858 1346 μικροὺς,
905 1271 1042 1326 ἀλλὰ
1084 1268 1222 1342 πρὸς
1263 1267 1515 1328 πλείονας
1540 1264 1636 1319 καὶ
1672 1261 1845 1334 μετά“

262 1373 407 1436 λους,
464 1371 525 1422 οὐ
565 1368 722 1440 μόνον
755 1367 880 1429 τοὺς
909 1365 966 1417 ἐν
1010 1360 1352 1433 ἀνθρώποις,
1404 1355 1542 1411 ἀλλὰ
1581 1357 1674 1408 καὶ
1719 1354 1846 1417 τοὺς

263 1463 532 1537 ἀοράτους
554 1457 803 1530 ἐχθρούς.
830 1455 940 1509 Καὶ
965 1453 1107 1508 κατὰ
1137 1453 1200 1506 τὸ
1231 1452 1392 1523 ῥητὸν
1422 1449 1512 1514 δὲ,
1547 1446 1709 1502 Δαυῖδ
1728 1486 1744 1511 ,
1779 1447 1846 1500 ἐκ

262 1556 386 1619 νέας
413 1554 634 1626 ἡλικίας
662 1551 768 1604 ὑπὸ
804 1547 900 1602 τοῦ
943 1547 1115 1600 Σαοὺλ
1157 1542 1520 1615 πολεμηθεὶς,
1573 1541 1668 1594 καὶ
1709 1539 1847 1611 μετὰ

260 1645 434 1699 ταῦτα
457 1643 563 1697 ὑπὸ
593 1640 800 1713 μυρίων
827 1637 1022 1702 ἄλλων,
1054 1636 1148 1689 καὶ
1168 1635 1320 1698 τέλος
1342 1633 1446 1686 ὑπὸ
1470 1631 1565 1685 τοῦ
1597 1629 1715 1684 υἱοῦ
1749 1631 1848 1700 τῆς

263 1736 541 1807 βασιλείας
576 1731 932 1802 ἐλαυνόμενος
965 1729 1059 1782 καὶ
1106 1726 1342 1796 φεύγων,
1375 1723 1548 1778 ταῦτα
1589 1722 1732 1776 κατὰ
1755 1722 1848 1776 τὸν

261 1833 452 1902 καιρὸν
476 1827 580 1897 τῆς
614 1825 793 1896 φυγῆς
813 1823 1016 1891 ἔλεγεν.
1057 1820 1299 1892 Ἐχθρῶν
1326 1820 1387 1875 δέ
1416 1822 1532 1873 ἐστι
1576 1817 1640 1872 τὸ
1676 1817 1854 1888 ἐπεμ-

1950 615 2036 670 Τιι
2071 623 2267 680 autem,
2301 611 2544 675 Domine,
2586 619 2856 679 susceptor
2890 625 3034 662 meus
3064 626 3116 664 es
3150 625 3168 663 :
3201 610 3376 680 gloria
3421 628 3537 664 mea

1950 719 2000 761 et
2029 708 2274 762 exultans
2315 715 2476 772 caput
2517 719 2710 758 meum.
2750 701 3172 758 Persecutiones
3214 711 3537 771 exspectare

1948 809 2172 871 Oportet
2205 813 2397 854 omnes
2434 797 2529 867 qui
2567 794 2868 851 secundum
2899 792 3068 848 Deum
3112 795 3296 850 vivere
3327 796 3534 849 consti-

1947 895 2178 948 tuerint.
2217 891 2499 961 Siquidem
2536 897 2596 942 ut
2623 889 2700 942 ait
2725 887 3022 958 Apostolus
3053 905 3066 939 :
3109 885 3301 941 Omnes
3331 887 3421 956 qui
3454 888 3536 955 pie

1947 986 2131 1039 volunt
2172 986 2336 1038 vivere
2377 984 2432 1036 in
2473 981 2683 1036 Christo
2719 983 2849 1033 Jesu
2880 979 3292 1046 persecutionem
3330 978 3537 1045 patien.

1949 1076 2122 1129 tur”.
2153 1074 2223 1128 At
2254 1073 2308 1128 in
2344 1073 2602 1128 omnibus
2633 1087 2732 1142 par
2760 1080 2844 1126 est
2873 1069 3060 1140 gravia
3095 1067 3314 1123 fortiter
3347 1068 3490 1123 ferre
3517 1087 3531 1124 :

1948 1166 2393 1237 quandoquidem
2435 1179 2614 1234 neque
2650 1162 2718 1217 ad
2755 1163 2920 1218 breve
2952 1169 3190 1232 tempus,
3226 1176 3403 1231 neque
3439 1160 3536 1214 ad-

1948 1269 2144 1312 versus
2169 1271 2375 1326 paucos
2405 1261 2681 1308 certamen
2713 1251 2872 1307 nobis
2898 1259 3016 1317 est;
3046 1251 3142 1306 sed
3173 1258 3366 1305 contra
3394 1253 3538 1304 mul-

1947 1355 2037 1404 tos
2065 1364 2130 1404 ac
2160 1348 2353 1409 fortes,
2388 1363 2499 1401 non
2541 1348 2719 1403 solum
2760 1345 3033 1410 homines,
3071 1344 3167 1400 sed
3195 1345 3359 1399 etiam
3396 1344 3537 1398 invi-

1949 1439 2140 1495 sibiles
2170 1438 2445 1492 inimicos.
2477 1435 2544 1490 Et
2575 1446 2633 1490 ut
2659 1435 2726 1490 ad
2749 1450 2864 1489 rem
2890 1435 3225 1505 propositam
3257 1433 3533 1494 veniatur,

1948 1531 2120 1589 David
2159 1549 2190 1588 a
2219 1533 2506 1602 juventute
2541 1546 2639 1585 sua
2672 1545 2770 1600 per
2803 1528 3024 1585 Saulem
3056 1529 3197 1584 bello
3227 1529 3534 1599 impetitus,

1951 1641 2016 1680 ac
2060 1625 2319 1696 deinceps
2366 1639 2396 1676 a
2444 1622 2720 1678 sexcentis
2770 1621 2915 1686 aliis,
2959 1621 3290 1690 demumque
3339 1636 3369 1674 a
3425 1619 3538 1674 ﬁlio

1950 1719 2144 1789 pulsus
2190 1731 2394 1788 regno,
2437 1725 2602 1785 atque
2645 1713 2896 1784 fugatus,
2943 1713 3058 1767 haec
3102 1719 3349 1783 tempore
3395 1711 3537 1782 fuga:

1949 1810 2186 1866 dicebat.
2230 1807 2586 1863 lnimicorum
2634 1813 2815 1862 autem
2861 1805 3143 1876 preprium
3186 1812 3293 1868 est,
3324 1804 3538 1860 irruere

261 1898 466 1972 ϐαίνειν
487 1919 584 1972 καὶ
597 1914 990 1970 ἐπανίστασθαι
1009 1916 1122 1976 τοῖς
1146 1915 1337 1976 κακοῖς
1360 1910 1468 1964 τῶν
1488 1909 1556 1963 δι’
1577 1907 1847 1973 ἐναντίας·

1952 1911 2117 1974 atque
2149 1904 2437 1972 insurgere
2470 1902 2526 1956 in
2553 1900 2762 1964 hostes,
2785 1899 2913 1954 dum
2950 1899 3006 1952 in
3031 1898 3172 1952 mala
3200 1899 3533 1954 inciderunt.

257 2008 446 2078 διόπερ
477 2007 570 2060 καὶ
592 2005 670 2076 τῷ
696 2003 858 2057 Δαυῖδ
888 2002 1228 2075 ἡμαρτηκότι
1266 2001 1360 2055 ἐπὶ
1390 2001 1489 2072 τῆς
1521 1999 1618 2055 τοῦ
1649 1999 1848 2071 Οὐρίου

259 2099 446 2152 πολλοὶ
463 2099 826 2152 ἐπανίσταντο
849 2095 1320 2165 ὲπιχαιρεσίκακοι
1345 2093 1529 2165 ἐχθροί
1549 2110 1714 2157 τινες.
1736 2091 1849 2147 Πά-

259 2190 345 2244 λαι
369 2191 468 2244 καὶ
491 2191 554 2245 ἐκ
582 2190 795 2262 μακροῦ
819 2190 909 2244 διὰ
930 2189 1124 2258 φθόνου
1154 2184 1383 2256 ὑψοῦται
1409 2183 1620 2255 κεφαλὴ
1635 2184 1727 2238 τοῦ
1756 2202 1850 2238 κα-

259 2282 325 2336 τὰ
351 2281 516 2352 σῶμα
548 2281 964 2353 μεγεθισμένου,
995 2278 1147 2350 παρὰ
1173 2278 1276 2341 τὰς
1303 2277 1413 2331 τῶν
1445 2275 1848 2347 ὑποδεεστέρων

257 2373 505 2441 κεφαλὰς
535 2373 686 2426 κάτω
715 2372 991 2442 κειμένας.
1021 2371 1178 2425 Οὕτω
1219 2369 1582 2439 διαναστάσης
1615 2369 1714 2438 τῆς
1753 2367 1846 2420 τοῦ

263 2463 537 2534 μακαρίου
580 2463 758 2534 ψυχῆς
793 2463 888 2516 καὶ
923 2465 1003 2525 είς
1034 2461 1272 2515 ἐπίδοσιν
1309 2459 1710 2529 ἀναϐεϐηκυίας
1747 2458 1846 2513 τοῦ

254 2556 331 2618 ὡς
377 2558 436 2608 ἐν
490 2555 689 2625 ψυχαῖς
738 2555 1035 2625 μεγέθους,
1089 2557 1122 2625 ὴ
1173 2551 1382 2623 κεφαλὴ
1434 2551 1662 2622 ὑψοῦται
1710 2549 1845 2604 Θεοῦ

259 2646 651 2719 συνεργοῦντος
680 2648 820 2717 αὐτῇ
849 2647 942 2700 καὶ⁹
973 2646 1108 2718 πρὸς
1133 2646 1323 2698 ἑαυτὸν
1349 2645 1428 2709 εἰς
1461 2644 1687 2714 οὐρανὸν
1717 2644 1848 2698 ἀνά-

255 2757 470 2805 γοντος,
499 2740 591 2792 τὸν
620 2739 1001 2810 ἐμπαρέχοντα
1029 2739 1191 2791 αὑτὸν
1224 2740 1291 2808 τῇ
1327 2737 1463 2808 πρὸς
1493 2735 1552 2789 τὸ
1586 2735 1848 2789 ἀνωτάτω

255 2829 570 2900 ἀκολουθίᾳ.
614 2829 771 2882 Ἐπεὶ
823 2828 880 2881 δὲ
915 2827 1094 2898 πολλῷ
1136 2827 1296 2881 πλέον
1330 2827 1430 2898 τῆς
1478 2825 1848 2898 προαιρέσεως

254 2922 358 2990 τῆς
390 2919 714 2991 τάνθρώπου
749 2920 1050 2991 χαρίζεται,
1084 2919 1248 2972 νικῶν
1285 2920 1344 2973 ἐν
1380 2917 1460 2988 τῷ
1497 2917 1786 2989 δωρεῖσθαι
1818 2919 1848 2972 ὁ

257 3010 554 3081 εὐεργέτης
581 3010 672 3063 τὸν
703 3010 841 3063 κατὰ
864 3009 1090 3080 δύναμιν
1121 3008 1377 3062 ποιοῦντα
1423 3009 1484 3063 τὸ
1525 3008 1706 3062 καλὸν·
1753 3008 1848 3062 καὶ

257 3102 345 3155 διὰ.
381 3101 542 3154 τοῦτο
573 3100 775 3163 παντὸς
803 3099 969 3153 καλοῦ
1007 3099 1104 3172 τὴν
1137 3100 1317 3153 αἰτίαν
1351 3100 1380 3151 ὁ
1416 3098 1627 3163 Παῦλος
1657 3100 1844 3154 ἀνατι-

1950 1994 2318 2061 Quamobrem
2343 2001 2465 2062 post
2488 2001 2770 2064 peccatum
2788 1990 3012 2046 Davidis
3032 2006 3157 2045 cum
3179 2006 3348 2046 uxore
3371 1989 3534 2054 Uriae,

1947 2088 2109 2142 multi
2139 2087 2193 2140 in
2223 2102 2372 2154 eum,
2400 2103 2468 2141 ex
2513 2087 2582 2141 iis
2625 2086 2838 2140 scilicet
2873 2086 2970 2154 qui
3001 2083 3194 2140 alienis
3224 2083 3538 2155 gaudebant

1949 2177 2131 2240 malis,
2159 2175 2597 2232 insurrexerunt.
2629 2173 2848 2229 Jamdiu
2873 2175 3019 2230 enim
3043 2183 3097 2230 et
3128 2190 3158 2228 a
3186 2175 3365 2245 longis
3389 2182 3538 2230 retro

1951 2270 2290 2338 temporibus
2322 2283 2421 2339 per
2463 2267 2721 2321 invidiam
2753 2266 3026 2321 exaltatur
3063 2276 3229 2337 caput
3260 2267 3404 2335 ejus,
3439 2267 3537 2336 qui

1950 2360 2249 2416 secundum
2296 2375 2496 2428 corpus
2527 2359 2594 2413 ad
2626 2359 2834 2429 majora
2872 2357 3143 2423 evehitur,
3187 2365 3242 2412 et
3287 2358 3538 2412 imminet

1949 2449 2221 2520 capitibus
2273 2449 2619 2515 inﬁmorum,
2678 2464 2801 2519 quae
2851 2448 3108 2503 deorsum
3167 2448 3534 2503 inclinantur.

1948 2539 2153 2610 Eodem
2190 2539 2352 2596 modo
2375 2540 2504 2594 dum
2537 2539 2682 2594 beati
2736 2539 2838 2595 viri
2887 2540 3069 2593 anima
3125 2541 3348 2605 crescit,
3381 2548 3436 2595 et
3468 2542 3536 2596 ad

1948 2632 2221 2697 altiorem,
2263 2632 2444 2702 qualis
2475 2632 2764 2688 animabus
2804 2634 3088 2702 competit,
3140 2633 3537 2703 magnitudinis

1948 2724 2178 2796 gradum
2209 2725 2478 2792 evehitur,
2513 2724 2625 2783 Deo
2652 2725 2908 2782 videlicet
2955 2727 3183 2796 juvante
3210 2734 3265 2780 et
3293 2727 3361 2780 ad
3387 2743 3447 2782 se
3479 2727 3536 2782 in

1949 2817 2147 2871 coelum
2191 2817 2453 2872 evehente
2486 2832 2610 2872 eum
2661 2817 2754 2887 qui
2786 2831 2908 2872 sese
2942 2816 3150 2886 praebet
3197 2816 3262 2871 ad
3297 2833 3538 2886 superna

1948 2907 2278 2962 ducendum.
2339 2907 2607 2974 Quoniam
2680 2923 2830 2972 vero,
2884 2908 3177 2963 muniﬁcus
3254 2923 3380 2963 cum
3438 2910 3534 2972 sit,

1946 3001 2122 3054 multo
2145 3000 2303 3069 plura
2329 2999 2548 3068 homini
2588 3000 2797 3070 praebet
2828 3014 2991 3070 quam
3023 3002 3144 3070 ipse
3171 3000 3257 3055 vel
3291 3010 3416 3056 voto
3446 3016 3538 3056 as-

1947 3099 2226 3161 sequatur,
2251 3098 2580 3161 superatque
2613 3091 2773 3147 donis
2803 3093 2918 3147 suis
2947 3108 3070 3148 eum
3093 3135 3108 3160 ,
3147 3095 3241 3166 qui
3276 3110 3374 3164 pro
3399 3095 3537 3149 viri-

257 3190 377 3254 θεὶς
417 3189 499 3260 τῷ
540 3189 660 3259 Θεῷ
701 3205 884 3260 φησιν·
933 3191 1016 3243 Οὐ
1053 3188 1160 3242 τοῦ
1208 3188 1512 3254 θέλοντος,
1555 3188 1699 3242 οὐδὲ
1736 3188 1844 3242 τοῦ

1950 3183 2286 3240 bus~bonum
2307 3192 2601 3253 operatur;
2634 3185 2754 3239 idco
2791 3184 2974 3242 omnis
3007 3186 3136 3240 boni
3170 3201 3395 3241 causam
3425 3185 3537 3243 Deo

256 3281 600 3351 τρέχοντος,
625 3281 787 3335 ἀλλὰ
817 3275 923 3334 τοῦ
941 3280 1260 3346 ἐλεοῦντος
1291 3278 1459 3336 Θεοῦ.
1501 3281 1557 3332 '0
1584 3281 1714 3344 Θεὸς
1749 3280 1847 3352 μὲν

1953 3278 2274 3333 adscribens
2297 3277 2502 3333 Paulus
2541 3278 2616 3331 ait
2649 3296 2661 3330 :
2698 3276 2823 3331 Non
2845 3279 3062 3332 volentis
3083 3318 3096 3342 ,
3117 3277 3293 3350 "neque
3320 3295 3538 3334 curren-

255 3368 350 3426 οῦν
387 3372 480 3424 καὶ
516 3373 549 3438 ή
580 3369 749 3442 ἀρετὴ
787 3369 1092 3440 μεγεθύνει,
1127 3369 1221 3423 καὶ⁸
1257 3369 1323 3422 δι’
1359 3369 1495 3423 ὅλων
1525 3372 1736 3424 ἐπαινεῖ
1769 3370 1844 3443 (1)

255 3464 357 3536 τὴν
390 3463 482 3516 τοῦ
509 3462 662 3532 ἁγίου
689 3463 886 3534 ψυχὴνο
922 3462 1088 3515 κακία
1116 3461 1173 3515 δὲ
1202 3461 1296 3515 καὶ
1321 3463 1355 3534 ἡ
1397 3462 1654 3533 συνεργὸς
1674 3462 1844 3535 ταύτῃ

254 3556 430 3627 ἐχθρὰ
471 3558 585 3618 τοῖς
635 3554 941 3626 ἀνθρώποις
977 3554 1234 3625 δύναμις,
1297 3553 1572 3607 συστέλλει
1624 3553 1718 3608 καὶ
1768 3557 1849 3618 είς

256 3647 447 3701 στενὸν
504 3647 721 3715 συνάγει
769 3647 869 3717 τὴν
929 3645 1003 3717 μὴ
1049 3645 1320 3716 ἑπομένην
1378 3645 1516 3717 Θεῷ,
1568 3647 1660 3699 καὶ
1705 3646 1847 3700 οὕτω

254 3737 494 3808 βραχεῖα
531 3737 737 3805 γίνεται
785 3737 880 3790 καὶ
922 3737 1139 3808 κολοϐὴ,
1187 3737 1326 3790 ὥστε
1361 3738 1460 3808 τῆς
1499 3737 1708 3808 χύσεως
1747 3740 1849 3811 τῆς

254 3832 460 3892 κακίας
481 3829 864 3900 ἐπιγινομένης
881 3832 958 3893 εἰς
979 3831 1039 3882 τὸ
1070 3830 1254 3901 μηδὲν,
1277 3829 1372 3902 τὴν
1392 3829 1650 3902 τοιαύτην
1670 3830 1848 3903 ψυχὴν

252 3921 574 3992 λογισθῆναι
603 3921 746 3974 κατὰ
781 3922 874 3975 τὸν
912 3922 1158 3975 Ἡσαΐαν·
1201 3925 1249 3975 οἱ
1297 3922 1403 3995 γὰρ
1443 3924 1849 3995 ἁμαρτάνοντες

252 4019 334 4076 εἰς
369 4015 525 4066 οὐδὲν
561 4011 937 4082 ἐλογίσθησαν.
973 4013 1083 4066 Καὶ
1122 4012 1308 4084 ὥσπερ
1356 4015 1622 4084 σωμάτων
1668 4013 1848 4084 ἐλάχι-

258 4108 387 4158 στόν
416 4109 563 4158 ἐστιν
587 4106 616 4156 ὁ
643 4104 793 4174 χοῦς,
811 4105 982 4168 οὕτως
1016 4106 1071 4157 αἱ
1128 4105 1303 4176 πάντη
1338 4105 1608 4177 μοχθηραὶ
1637 4104 1844 4176 ψυχαὶ,

256 4202 350 4253 ἐπὶ
377 4199 514 4252 πολὺ
536 4198 970 4268 σμικρυνθεῖσαι,
996 4199 1132 4251 εἰσὶν
1147 4199 1275 4265 ὠςό
1325 4197 1475 4268 χοῦς
1498 4197 1571 4251 ὃν
1583 4199 1848 4268 ἐκρίπτει

256 4296 288 4345 ό
317 4291 562 4360 ἄνεμος.
590 4289 847 4360 Κεφαλὴν
885 4288 942 4341 δὲ
979 4290 1077 4360 τῆς
1113 4289 1290 4360 ψυχῆς
1330 4289 1546 4361 νοητέον
1584 4291 1682 4362 τὴν
1731 4290 1849 4344 δια-

255 4385 519 4456 νοητικὴν
589 4384 836 4454 δύναμιν·
886 4381 1088 4452 ταύτης
1141 4385 1248 4454 γὰρ
1305 4383 1665 4454 διαφέρουσαν
1726 4383 1847 4436 οὐδὲ

261 4477 427 4548 μέχρι
458 4476 554 4529 τοῦ
581 4477 863 4546 ἐπινοῆσαι
893 4475 1133 4529 δυνατόν’
1166 4476 1218 4528 εἴ
1245 4493 1308 4545 γε
1342 4475 1438 4528 καὶ
1468 4476 1562 4529 τοῦ
1596 4477 1848 4548 σώματος

257 4572 290 4638 ἡ
325 4567 538 4638 κεφαλὴ
567 4568 888 4638 τιμιωτέρα.
915 4566 1062 4636 Αὕτη
1086 4567 1264 4620 τοίνυν
1284 4570 1318 4638 ἡ
1341 4568 1563 4640 νοητικὴ
1595 4568 1843 4640 δύναμις,

1949 3371 2038 3435 tis,
2065 3369 2156 3424 sed
2194 3370 2490 3424 miserantis
2521 3380 2598 3424 est
2625 3369 2722 3425 Dei
2746 3369 2812 3456 Ἰ.
2849 3369 2992 3424 Deus
3044 3370 3210 3441 igitur
3241 3381 3403 3441 atque
3424 3371 3540 3426 vir-

1950 3471 2040 3517 tus
2073 3463 2248 3518 sancti
2293 3463 2398 3517 viri
2425 3462 2663 3516 animam
2694 3462 3036 3518 incremento
3067 3463 3297 3528 donant,
3330 3471 3384 3518 et
3417 3479 3538 3517 om-

1949 3555 2082 3610 nino
2109 3555 2177 3609 ad
2210 3555 2406 3608 altiora
2439 3555 2675 3610 evehunt
2705 3571 2719 3608 :
2754 3555 3067 3625 malignitas
3101 3564 3280 3612 autem
3305 3557 3538 3627 ejusque

1949 3646 2190 3716 adjutrix
2225 3647 2446 3701 inimica
2478 3648 2793 3704 hominibus
2846 3657 3090 3718 potestas
3135 3650 3432 3713 contrahit,
3478 3652 3537 3705 in

1949 3747 2350 3809 angustumque
2398 3740 2598 3809 redigit
2625 3739 2864 3794 animam
2912 3740 3022 3795 Deo
3075 3757 3182 3794 non
3227 3741 3537 3812 obsequen-

1951 3837 2086 3897 tem;
2124 3838 2287 3901 atque
2312 3831 2386 3884 ita
2417 3832 2702 3896 minuitur,
2735 3841 2808 3896 et,
2839 3841 2899 3886 ut
2941 3832 3014 3886 ita
3041 3831 3242 3896 dicam,
3279 3834 3536 3888 decurta-

1950 3929 2067 3988 tur;
2101 3929 2160 3975 ut
2192 3921 2492 3977 inundante
2528 3923 2759 3986 malitia,
2813 3922 3130 3992 hujusmodi
3171 3924 3392 3988 anima,
3447 3940 3544 3979 se--

1949 4014 2189 4068 cundum
2240 4015 2459 4077 Isaiam,
2498 4031 2596 4085 pro
2626 4015 2799 4070 nihilo
2848 4024 3132 4085 reputetur
3163 4033 3178 4070 :
3212 4026 3536 4087 peccatores

1950 4124 2189 4178 namque
2237 4123 2334 4177 pro
2386 4108 2557 4164 nihilo
2610 4108 2900 4163 habentur.
2941 4110 3022 4164 Ac
3071 4111 3535 4180 quemadmodum

1950 4202 2195 4255 omnium
2223 4215 2514 4270 corporum
2547 4200 2832 4255 minimum
2868 4202 3047 4272 pulvis
3083 4212 3191 4268 est;
3235 4203 3310 4257 ita
3340 4205 3538 4258 anima

1951 4293 2214 4363 improbae
2247 4292 2479 4345 multum
2533 4294 2856 4358 imminutae,
2898 4305 3026 4349 sunt
3078 4304 3334 4365 tanquam
3365 4296 3534 4365 pulvis

1949 4401 2099 4455 quem
2125 4383 2336 4453 proiicit
2355 4392 2554 4438 ventus.
2581 4384 2758 4453 Caput
2779 4393 2958 4438 autem
2982 4385 3180 4439 animae
3212 4386 3536 4441 aestimanda

1949 4484 2034 4532 est
2068 4475 2403 4546 intelligendi
2454 4476 2536 4530 vis
2571 4494 2586 4530 :
2619 4474 2755 4529 nihil
2783 4476 2930 4531 enim
2959 4490 3022 4530 ea
3057 4477 3415 4546 prmstantius
3449 4477 3538 4530 vel

1953 4568 2194 4637 cogitare
2217 4567 2376 4634 licet;
2409 4565 2676 4635 siquidem
2707 4574 2760 4621 et
2797 4574 2964 4637 caput
2985 4567 3204 4636 corpori
3237 4567 3533 4622 antecellit.

258 4633 664 4732 τροπικὼτερον
697 4633 905 4730 κεφαλὴ
951 4633 1204 4731 λεχθεῖσα
1243 4633 1343 4730 τῆς
1383 4633 1579 4732 ψυχῆς,
1617 4656 1700 4725 οἷς
1733 4633 1844 4732 ’μὲν

1953 4633 2079 4714 Ηαξο
2131 4659 2296 4726 igitur
2346 4633 2682 4728 intelligendi
2723 4633 3026 4729 visique:
3079 4633 3239 4728 tropo
3299 4657 3534 4728 quodam

261 4749 472 4818 ῦψωται
504 4750 619 4803 ἄνω
653 4748 946 4818 βλέπουσα,
981 4749 1042 4801 ού
1087 4749 1244 4819 μόνον
1275 4748 1373 4820 τὴν
1413 4749 1540 4819 γῆν,
1582 4749 1717 4804 ἀλλὰ
1758 4749 1853 4804 καὶ

262 4843 441 4895 πάντα
479 4842 546 4894 τὰ
591 4840 820 4912 σώματα
866 4841 1248 4912 ὑπερκύψασα,
1300 4842 1377 4905 ὡς
1407 4842 1629 4910 φθάνειν
1689 4844 1850 4916 μέχρι

261 4936 418 4989 Θεοῦ.
441 4934 864 5007 Παρατηρητέον
888 4935 945 4988 δὲ
973 4935 1172 5006 τριχῶς
1201 4936 1302 5005 τῆς
1336 4936 1569 5006 σχέσεως
1598 4934 1692 4989 τοῦ
1713 4937 1849 4990 Θεοῦ

263 5025 609 5095 ὑμνουμένης
633 5025 740 5077 ὑπὸ
761 5023 856 5077 τοῦ
888 5024 1138 5093 λέγοντος
1167 5025 1265 5097 τὴν
1299 5026 1452 5091 τάξιν
1490 5027 1586 5079 τοῦ
1627 5027 1847 5099 πρώτου

261 5116 565 5186 λεχθέντος,
617 5115 708 5170 καὶ
759 5113 853 5168 τυῦ
899 5115 1027 5185 ἐξῆς
1077 5117 1170 5170 καὶ
1223 5117 1317 5171 τοῦ
1361 5117 1568 5170 λοιποῦ.
1623 5117 1850 5190 Πρῶτον

264 5211 374 5280 γάρ
405 5225 569 5278 φησιν
596 5203 733 5261 εἶναι
763 5209 854 5261 τὸν
879 5208 1010 5264 Θεὸν
1037 5209 1404 5283 ἀντιλήπτορα
1430 5212 1594 5265 αὐτοῦ
1617 5252 1631 5276 ,
1658 5212 1849 5268 ἔπειτα

264 5302 440 5366 δόξαν,
477 5301 668 5353 ἔπειτα
705 5301 943 5371 ὑψοῦντα
975 5301 1072 5371 τὴν
1101 5303 1362 5373 κεφαλήν.
1392 5305 1501 5358 Καὶ
1533 5307 1668 5376 ἡμῖν
1698 5309 1850 5360 ἀντι-

265 5386 512 5458 λήπτωρ,
553 5389 646 5440 καὶ
680 5388 739 5440 τὸ
778 5387 950 5458 ὄνομα
985 5388 1137 5458 δηλοῖ
1171 5390 1724 5464 ἀντιλαμϐανόμενον,
1765 5395 1851 5449 ἵνα

267 5475 406 5547 ῥύσῃ
448 5492 511 5528 τε
548 5477 658 5529 ἀπὸ
704 5475 910 5528 πολλῶν
953 5475 1242 5534 θλιϐόντων
1279 5483 1371 5534 καὶ
1405 5484 1852 5556 ἐπανισταμένων

267 5568 359 5621 καὶ
376 5567 862 5636 ἀπογινωσκόντων
876 5568 974 5638 τὴν
992 5571 1084 5624 τοῦ
1108 5573 1356 5642 λέγοντος
1367 5576 1536 5630 ταῦτα
1561 5579 1851 5650 σωτηρίαν.

337 5725 382 5755 ’³
425 5723 464 5777 ll
503 5725 646 5784 Tini.
688 5743 777 5790 ιιι,
820 5729 898 5783 12.
978 5730 1025 5762 ’⁵
1066 5728 1222 5786 Rom.
1262 5747 1350 5796 Ix,
1395 5733 1472 5788 l6.

343 5881 539 5946 (lj'lc.
579 5885 815 5955 ἐπαίρει.

1955 4759 2119 4822 caput
2140 4751 2336 4807 animae
2361 4751 2580 4816 dicitur,
2605 4751 2658 4805 in
2686 4750 3013 4821 quibusdam
3039 4766 3258 4806 sursum
3282 4749 3532 4820 erigitur,

1953 4843 2084 4899 dum
2118 4858 2357 4913 superne
2388 4842 2632 4913 respicit,
2663 4851 2828 4912 atque
2850 4858 2959 4896 non
2991 4843 3152 4897 modo
3179 4848 3406 4906 terram,
3439 4840 3535 4895 sed

1952 4935 2132 4990 omnia
2170 4935 2337 4990 etiam
2371 4949 2603 5005 corpora
2641 4934 3016 5000 transcendit,
3048 4933 3123 4988 ita
3160 4941 3220 4988 ut
3267 4948 3440 5002 usque
3467 4931 3537 4986 ad

1954 5027 2122 5083 Deum
2157 5029 2457 5099 perveniat.
2513 5028 2926 5084 Observandum
2976 5033 3157 5081 autem
3209 5033 3333 5088 est,
3365 5023 3535 5080 Deum

1954 5119 2045 5176 hic
2092 5120 2291 5190 triplici
2329 5121 2491 5176 modo
2535 5121 2824 5184 celebrari,
2867 5133 2932 5173 ac
2964 5118 3163 5188 primo,
3202 5117 3401 5172 dehinc
3447 5131 3538 5172 se-

1954 5213 2156 5278 cundo,
2211 5213 2429 5268 demum
2482 5213 2645 5296 tertio
2691 5212 2886 5269 ordine
2939 5209 3192 5279 exprimi.
3239 5209 3330 5262 Ait
3387 5209 3536 5263 enim

1953 5305 2133 5376 primo
2166 5305 2334 5360 Deum
2363 5321 2491 5362 esse
2524 5313 2899 5375 susceptorem
2947 5316 3129 5362 suum,
3183 5301 3382 5357 deinde
3419 5302 3536 5373 glo-

1954 5396 2113 5460 riam,
2141 5395 2378 5468 denique
2418 5399 2746 5452 exaltantem
2778 5401 2960 5464 caput.
2991 5393 3103 5449 Cur
3131 5402 3312 5449 autem
3345 5409 3536 5450 susce-

1957 5499 2081 5562 ptor
2116 5491 2231 5546 sive
2265 5497 2528 5560 patronus
2568 5488 2661 5551 sit,
2695 5487 2778 5542 vel
2832 5487 2952 5556 ipso
2977 5485 3198 5540 nomine
3229 5485 3538 5559 deprehen-

1960 5579 2148 5635 ditur:
2180 5580 2306 5650 quia
2343 5578 2734 5652 patrocinatur,
2777 5585 2834 5630 ut
2878 5576 3067 5630 liberet
3098 5591 3127 5629 a
3167 5577 3353 5631 multis
3396 5579 3535 5630 mala
