4064 6372
173 6225 250 6240 -ὼ

173 6247 228 6258 .-

448 378 518 432 95
1093 378 1355 435 EUSEBII
1395 372 1875 432 CESARIENSIS
1901 367 2054 426 OPP.
2101 367 2301 423 PARS.
2343 366 2432 421 Ill.
2474 392 2542 404 --
2578 359 2988 417 EXEGE'I‘ICA.
3627 358 3694 412 96

450 491 844 553 inferentibus,
903 486 1316 556 insurgentibus
1368 493 1422 539 et
1469 483 1536 538 ad
1579 483 2011 554 desperationem

2129 483 2286 553 Ἑξῆς
2335 482 2390 536 δὲ
2430 483 2509 551 τῳ
2588 479 2942 550 ἀντιλήπτορι
2985 481 3017 548 ἡ
3058 477 3205 540 δόξα
3247 455 3386 528 ’ἐστί’
3437 472 3696 543 πρότερον

449 582 644 638 salutis
676 579 1061 636 inducentibus
1093 592 1217 631 eum
1252 575 1345 646 qui
1375 576 1501 628 talia
1532 573 1692 630 fatur.
1727 573 2018 643 Postquam

448 682 824 742 susceptorem
855 671 1014 734 dixit,
1046 669 1320 739 sequitur,
1363 668 1535 738 gloria
1569 681 1588 720 :
1619 667 1771 736 prius
1795 667 2025 736 suscipit

448 763 624 824 Deus.
663 764 857 820 deinde
911 763 1081 833 gloria
1125 760 1317 823 alﬁcit,
1360 760 1578 814 demum
1630 760 1802 830 gloria
1847 758 2022 813 aﬂ'ecti

447 872 612 928 caput
639 857 862 912 exaltat.
907 854 1041 909 Nam
1072 855 1119 910 si
1154 852 1500 908 consurrexit
1553 868 1676 906 cum
1701 851 1942 916 Christo,
1971 859 2025 905 et

447 967 568 1020 qua:
619 965 838 1004 sursum
887 955 1015 1003 sunt
1067 947 1229 1016 sapit,
1279 961 1389 1000 non
1441 960 1561 1015 qua:
1611 959 1775 1012 super
1799 951 2022 1008 terram,

446 1041 776 1096 exaltabitur
801 1048 964 1112 caput
988 1039 1108 1110 ejus
1131 1054 1161 1092 a
1188 1038 1439 1102 Domino,
1466 1039 1556 1108 qui
1579 1046 1662 1093 est
1689 1036 1947 1100 Verbum,
1972 1043 2026 1090 et

444 1133 616 1206 gloria
655 1135 775 1203 ejus
823 1134 914 1203 qui
965 1148 1023 1188 se
1071 1135 1284 1202 recipit,
1336 1146 1559 1202 quanta
1595 1131 1712 1186 solo
1757 1125 2021 1202 [Christo]

445 1228 670 1296 expetit,
702 1226 954 1296 quisquis
991 1225 1221 1295 gloriam
1270 1239 1378 1278 non
1441 1224 1638 1290 accipit
1684 1222 1754 1275 ab
1783 1220 2022 1274 homine.

445 1317 730 1381 Quomodo
755 1325 934 1371 autem
970 1316 1266 1369 exaltatum
1308 1316 1378 1369 sit
1409 1313 1630 1367 Davidis
1668 1319 1829 1382 caput
1859 1310 2025 1380 probe

447 1411 739 1479 intelliges,
763 1410 808 1464 si
841 1411 1262 1471 animadvertas,
1285 1407 1504 1462 Davidis
1535 1421 1732 1460 nomen
1776 1420 1870 1474 per
1903 1403 2026 1456 uni-

445 1516 663 1554 versum
708 1501 892 1554 orbem
945 1511 998 1555 et
1055 1501 1111 1554 in
1175 1499 1434 1554 omnibus
1488 1497 1740 1569 gentibus
1807 1503 2027 1565 propter

445 1595 722 1648 Christum
749 1593 841 1648 Dei
871 1591 1170 1656 Filium,ex
1198 1592 1406 1647 semine
1436 1591 1555 1660 ejus
1587 1589 1884 1645 secundum
1912 1604 2028 1641 car—

445 1702 569 1739 nem
624 1693 840 1749 ortum,
900 1684 1186 1739 Celebrari.
1244 1682 1362 1736 Non
1437 1690 1590 1735 tanta
1649 1681 1792 1735 enim
1853 1679 2025 1748 gloria

445 1776 702 1839 aﬁ‘ectus,
750 1790 926 1844 neque
957 1775 1029 1828 ita
1061 1776 1334 1829 exaltatus
1388 1783 1492 1836 est,
1526 1789 1647 1827 cum
1675 1773 1817 1826 inter
1852 1769 2028 1823 homi-

2125 575 2234 647 γὰρ
2281 573 2735 644 ἀντιλαμϐάνεται
2778 575 2805 625 ὁ
2847 571 2997 634 Θεὸς,
3038 567 3155 622 εἶτα
3198 566 3408 631 δοξάζει
3446 566 3538 618 καὶ
3571 563 3697 632 ἑξῆς

2124 667 2249 736 ὑψοῖ
2266 666 2358 720 τοῦ
2379 664 2760 736 δεδοξασμένου
2777 664 2874 736 τὴν
2891 661 3151 732 κεφαλήν.
3176 661 3238 712 Εἰ
3260 661 3368 728 γάρ
3391 655 3698 727 συνηγέρθη

2123 757 2362 831 Χριστῷ,
2403 757 2497 811 καὶ
2533 755 2600 808 τὰ
2644 755 2756 810 ἀνω
2807 756 3012 825 φρονεῖ,
3065 753 3123 805 ού
3175 751 3242 804 τά
3293 752 3384 804 ἐπὶ
3427 750 3524 820 τῆς
3574 749 3696 818 γῆς.

2126 851 2465 922 ὑψωθήσεται
2493 847 2654 903 αὐτοῦ
2681 851 2712 920 ἠ
2749 845 2955 918 κεφαλὴ
2983 845 3089 899 ἀπὺ
3107 844 3198 897 τοῦ
3222 843 3446 915 Κυρίου,
3467 843 3525 905 ὃς
3553 844 3698 896 ἐστιν

2125 945 2153 996 ό
2184 942 2376 1010 Λόγος,
2411 940 2538 1005 δόξα
2560 938 2636 992 ὣν
2663 937 2757 992 τοῦ
2795 941 3136 1010 χωρήσαντος
3163 935 3342 999 αὑτὸν,
3380 936 3446 1004 ἢν
3473 935 3579 988 ἀπὸ
3606 935 3704 987 τοῦ

2130 1033 2292 1102 μόνου
2327 1031 2584 1102 ἐξῄτησεν
2630 1033 2659 1084 ὀ
2693 1029 2767 1102 μὴ
2805 1029 3094 1100 λαμϐάνων
3127 1027 3283 1090 δόξαν
3310 1026 3460 1098 παρά
3491 1026 3703 1096 ἀνθρώ-

2127 1141 2249 1176 mu.
2284 1124 2470 1186 Ὅπως
2501 1123 2556 1175 δὲ
2592 1121 2780 1192 ὑψώθη
2811 1121 2904 1174 τοῦ
2944 1119 3105 1174 Δαυῒδ
3134 1123 3165 1191 ἡ
3203 1119 3446 1190 κεφαλὴ,
3489 1120 3702 1189 νοήσεις

2127 1217 2445 1284 ἐπιστήσας,
2473 1215 2548 1278 ὠς
2567 1214 2684 1267 καθ’
2699 1214 2826 1284 ὅλης
2855 1214 2952 1283 τῆς
2976 1213 3084 1265 τῶν
3117 1211 3416 1283 ἀνθρώπων
3445 1211 3700 1280 οἰκουμέ-

2127 1326 2222 1379 νης
2263 1308 2358 1361 και
2395 1309 2451 1359 ὲν
2487 1309 2620 1358 πᾶσι
2653 1310 2764 1370 τοῖς
2798 1306 2974 1359 ἔθνεσι
3013 1305 3073 1358 τὸ
3117 1303 3209 1356 τοῦ
3251 1303 3410 1356 Δάυῒδ
3448 1303 3702 1374 βεϐόηται

2125 1401 2315 1471 ὄνομα,
2338 1399 2424 1453 διὰ
2447 1399 2538 1451 τὸν
2565 1399 2629 1451 ἐκ
2659 1398 2967 1469 σπέρματος
2992 1396 3155 1450 αὑτοῦ
3182 1395 3324 1450 κατά
3348 1395 3526 1464 σάρκα
3551 1395 3706 1463 γενό-

2131 1511 2289 1566 μενον
2322 1494 2552 1563 Χριστὸν
2591 1492 2679 1544 τὸν
2713 1491 2804 1544 τοῦ
2836 1491 2969 1543 Θεοῦ
3003 1490 3149 1542 Υἰόν·
3185 1490 3280 1558 οὐχ
3311 1487 3481 1550 οὕτως
3509 1488 3617 1558 γάρ
3647 1490 3707 1542 ἐν

2128 1584 2435 1656 ἀνθρώποις
2487 1583 2582 1646 ὢν,
2631 1585 2725 1637 καὶ
2778 1583 2939 1654 μόνου
2985 1581 3078 1633 τοῦ
3117 1580 3329 1652 Ἰσραὴλ
3385 1579 3701 1650 βασιλεύων,

2126 1677 2405 1743 δεδόξαστο
2429 1677 2521 1729 καὶ
2556 1674 2756 1745 ὕψωτο,
2788 1675 2880 1728 καὶ
2913 1674 3146 1744 μάλιστα
3181 1672 3317 1744 μετά
3359 1671 3457 1742 τὴν
3502 1671 3707 1724 ἐπανά-

2131 1788 2315 1824 στασιν
2351 1769 2441 1823 τοῦ
2496 1765 2847 1838 Ἀϐεσσαλὼμ
2874 1765 2976 1836 τὴν
3016 1767 3133 1818 κατ’
3179 1763 3344 1818 αὑτοῦ
3373 1765 3666 1833 γενομένην
3687 1800 3702 1823 ,

445 1883 545 1922 nes
593 1875 928 1930 versaretur,
986 1873 1040 1921 et
1097 1868 1272 1921 solum
1331 1867 1549 1920 lsraelis
1608 1878 1834 1932 regnum
1881 1861 2024 1916 obti-

2128 1864 2202 1926 ὼς
2225 1862 2313 1914 διά
2343 1863 2439 1932 τῆς
2467 1860 2736 1930 σωτηρίου
2758 1857 3076 1927 θεοφανείάς
3105 1860 3168 1911 ὲκ
3195 1856 3505 1928 σπέρματος
3539 1853 3701 1907 αὑτοῦ

444 1968 620 2022 neret,
649 1959 992 2027 maximeque
1028 1967 1154 2029 post
1199 1959 1492 2012 Absalonis
1545 1957 1920 2020 rebellionem,
1960 1954 2026 2007 il-

2126 1952 2495 2024 προελθούσης
2521 1950 2662 2004 me
2693 1950 2889 2021 σάρκα.

444 2050 723 2117 latumque
751 2047 977 2112 bellum,
1009 2055 1214 2116 quanta
1255 2055 1555 2102 exornatus
1605 2053 1690 2100 est
1726 2045 1898 2116 gloria
1940 2058 2037 2113 per
2073 2044 2365 2098 salutarem
2393 2041 2485 2096 Dei
2525 2057 2588 2095 ex
2619 2041 2826 2096 semine
2854 2041 2972 2111 ejus
2997 2041 3297 2096 secundum
3356 2053 3576 2092 carnem
3608 2037 3707 2090 ad-

441 2149 684 2198 ventum.

513 2285 678 2340 Vens.
719 2287 774 2340 5.
834 2284 968 2339 Voce
1027 2300 1142 2337 mea
1201 2282 1269 2336 ad
1318 2282 1602 2337 Dominum
1665 2281 1924 2346 clamavi,
1978 2289 2026 2334 et

438 2379 707 2434 exaudivit
742 2395 821 2432 me
869 2381 933 2432 de
987 2388 1158 2430 monte
1213 2387 1396 2430 sancto
1437 2376 1574 2444 ejus.
1605 2374 1760 2428 llunc
1788 2382 2026 2428 montem

441 2477 707 2526 memorat
750 2470 1067 2540 praecedens
1093 2470 1334 2538 psalmus
1381 2486 1504 2522 cum
1541 2469 1659 2523 ait:
1698 2467 1808 2538 Ego
1851 2477 2028 2521 autem

440 2560 756 2612 constitutus
784 2575 900 2612 sum
931 2573 1021 2611 rex
1059 2557 1124 2610 ab
1175 2574 1235 2611 eo
1273 2574 1429 2626 super
1461 2558 1593 2612 Sion
1625 2569 1851 2612 montem
1899 2575 2023 2611 san-

438 2659 581 2702 ctum
608 2649 743 2717 ejus.
776 2648 1028 2702 Christus
1057 2656 1237 2701 autem
1269 2656 1388 2701 erat
1441 2649 1637 2718 quisic
1671 2649 2026 2718 loquebatur;

441 2747 497 2794 at
527 2756 674 2793 nunc
699 2740 889 2803 David,
941 2756 1000 2794 se
1034 2755 1064 2793 a
1106 2741 1326 2795 Christo
1357 2741 1424 2794 de
1475 2749 1659 2794 monte
1687 2747 1878 2794 sancto
1905 2741 2025 2808 ejus

439 2828 841 2884 exaudiendum
876 2829 1225 2884 testiﬁcatur.
1259 2828 1428 2895 Quem
1457 2845 1620 2898 porro
1639 2829 2024 2883 exauditurum

444 2935 504 2975 se
556 2920 712 2985 dicit,
768 2920 875 2974 nisi
924 2918 1214 2974 Dominum
1267 2919 1360 2989 qui
1403 2919 1737 2974 constitutus
1786 2927 1870 2973 est
1929 2935 2024 2974 rex

439 3025 594 3078 super
639 3008 768 3063 Sion
807 3019 1033 3063 montem
1083 3018 1324 3064 sanctum
1362 3009 1519 3077 ejus?
1567 3007 1670 3063 Per
1702 3009 1846 3062 hunc
1877 3008 2024 3064 enim

441 3103 618 3158 solum
685 3103 944 3158 credebat
1007 3119 1066 3158 se
1129 3103 1507 3157 remissionem
1569 3103 2025 3168 consecuturum;

440 3196 800 3266 eumdemque
828 3210 948 3249 esse
981 3195 1207 3264 gloriam
1231 3209 1407 3257 suam,
1432 3203 1486 3247 et
1513 3194 1838 3247 cxaltantcm
1861 3200 2026 3263 caput
2053 3180 2096 3236 ο

443 3303 627 3343 suum.
659 3286 794 3340 Cum
846 3287 1010 3357 igitur
1062 3287 1268 3342 diserte
1317 3288 1740 3357 praanuntiasset
1769 3301 1828 3340 se
1853 3286 2024 3356 gloria

441 3379 782 3435 alliciendum
804 3421 818 3445 ,
849 3388 903 3434 et
926 3390 1265 3450 caputsuum
1291 3380 1637 3435 exaltandum
1667 3395 1820 3446 esse;
1851 3394 2025 3448 quan-

441 3472 639 3527 donaui
691 3473 744 3526 id
792 3474 894 3527 sibi
933 3474 1220 3543 contigerit
1253 3473 1365 3542 jam
1413 3473 1656 3527 declarat
1689 3473 1774 3525 his
1803 3473 2020 3528 verbis:

455 3564 586 3618 Voce
620 3581 736 3617 mea
765 3564 832 3618 ad
865 3564 1149 3618 Dominum
1195 3565 1445 3630 clamavi,
1471 3573 1520 3619 et
1549 3563 1817 3618 exaudivit
1856 3580 1935 3616 me
1963 3562 2026 3616 de

444 3664 615 3708 monte
641 3665 823 3708 sancto
856 3672 973 3710 suo.

515 3764 680 3822 Vens.
713 3766 768 3821 6.
801 3765 911 3836 Ego
951 3766 1174 3821 dormivi
1200 3777 1248 3821 et
1279 3776 1558 3836 soporatus
1586 3783 1724 3831 sum,
1751 3768 2023 3822 exsurrexi

442 3859 573 3928 quia
597 3857 853 3912 Dominus
904 3860 1149 3927 suscipiet
1198 3875 1297 3913 me.
1358 3858 1562 3913 Futura
1597 3859 1704 3923 hic,
1761 3868 2022 3928 tanquam

444 3952 715 4018 praeterita
750 3951 1098 4015 vaticinatur;
1129 3952 1272 4006 sicut
1292 3952 1436 4006 enim
1467 3953 1521 4006 in
1553 3952 1796 4006 secundo
1815 3953 2026 4022 psalmo

443 4043 648 4097 dictum
672 4050 757 4097 est
784 4061 797 4097 :
831 4042 1010 4108 Quare
1041 4044 1366 4112 fremuerunt
1395 4054 1601 4114 gentes,
1644 4055 1692 4098 et
1721 4045 1901 4113 populi
1926 4061 2027 4098 me-

443 4134 602 4188 ditati
657 4143 780 4186 sunt
840 4135 1062 4190 inania?
1093 4136 1385 4188 Astiterunt
1438 4147 1486 4188 et
1535 4147 1882 4189 convenerunt
1927 4137 2025 4189 ad-

445 4239 620 4278 versus
656 4222 938 4276 Dominum
960 4232 1008 4276 et
1043 4222 1292 4278 adversus
1327 4222 1596 4278 Christum
1633 4225 1747 4292 ejus
1775 4241 1793 4277 :
1828 4233 1881 4278 et
1910 4225 2025 4279 haec

445 4325 628 4370 tamen
683 4315 751 4370 de
795 4315 980 4369 futuro
1031 4315 1514 4383 intelligebantur;
1567 4315 1756 4370 eadem
1813 4316 2026 4370 ratione

441 4409 552 4476 jam
591 4407 726 4462 illud
754 4427 766 4461 :
794 4405 904 4477 Ego
942 4407 1166 4461 dormivi
1194 4416 1242 4460 et
1292 4416 1570 4474 soporatus
1601 4424 1740 4471 sum,
1789 4409 2024 4478 prophe-

2201 2265 2374 2335 Φωνῇ
2391 2285 2508 2335 μου
2527 2267 2677 2334 πρὸς
2699 2267 2916 2334 Κύριον
2939 2265 3256 2333 ἐκέκραξα,
3279 2267 3375 2320 καὶ
3399 2267 3710 2334 ἐπήκουσέ

2125 2381 2244 2432 μου
2269 2362 2337 2425 ἐξ
2367 2361 2543 2428 ὅρους
2561 2359 2731 2428 ἁγίου
2759 2359 2966 2412 αὑτοῦ.
2992 2359 3096 2411 Τοῦ
3138 2359 3293 2430 ὅρους
3338 2362 3707 2432 ἐμνημόνευσε

2129 2453 2322 2506 τούτου
2355 2452 2448 2505 καὶ
2471 2453 2506 2503 ’ὁ
2536 2450 2642 2519 πρὸ
2667 2449 2856 2502 τούτου
2876 2449 3108 2520 ψαλμὸς,
3131 2453 3188 2504 ὲν
3217 2445 3297 2514 οἷς
3325 2451 3526 2522 ἔλεγεν·
3562 2453 3710 2522 Ἐγὼ

2130 2547 2197 2599 δὲ
2222 2544 2602 2613 κατεστάθην
2617 2546 2920 2610 βασιλεὺς
2949 2546 3049 2599 ὑπ’
3070 2547 3254 2600 αὐτοῦ
3278 2547 3371 2599 ἐπὶ
3401 2547 3553 2601 Σιὼν
3573 2548 3709 2615 ὄρος

2132 2639 2197 2692 τὸ
2237 2639 2406 2708 ἅγιον
2453 2638 2662 2691 αὑτοῦ.
2705 2633 2813 2689 Ἦν
2862 2638 2918 2690 δὲ
2970 2638 3061 2689 καὶ
3103 2639 3130 2690 ό
3168 2638 3340 2705 λέγων
3387 2641 3444 2690 ἐν
3484 2640 3710 2702 ἐκείνοις

2132 2732 2305 2784 ταῦτα
2343 2735 2371 2786 ὁ
2420 2732 2672 2803 Χριστός·
2720 2733 2814 2784 καὶ
2851 2731 2943 2782 νύν
2982 2731 3267 2802 τοιγαροῦν
3314 2733 3710 2786 ὲπακούσεσθαι

2134 2820 2301 2874 αὑτοῦ
2333 2838 2495 2890 φησιν
2529 2823 2556 2874 ὁ
2595 2820 2756 2873 Δαυῒδ
2789 2818 2847 2884 ἐξ
2878 2821 3035 2890 ὄρους
3068 2821 3220 2888 ἁγίου
3262 2822 3448 2876 αὑτοῦ.
3485 2823 3616 2874 Τίνα
3652 2823 3709 2875 δὲ

2133 2912 2534 2966 ὲπακούσεσθαι
2586 2912 2774 2973 αὑτοῦ,
2819 2911 2933 2965 ἀλλ’
2978 2913 3009 2983 ἢ
3053 2912 3144 2965 τὸν
3169 2913 3370 2984 Κύριον
3415 2914 3504 2966 τὸν
3548 2931 3712 2966 κατα-

2128 3006 2328 3059 στάντα
2360 3004 2578 3074 βασιλέα
2610 3006 2706 3059 ὲπὶ
2740 3005 2892 3058 Σιὼν
2917 3005 3052 3072 ὄρος
3079 3005 3145 3059 τὸ
3178 3007 3349 3075 ἅγιον
3368 3006 3590 3072 αὐτοῦ;
3613 3008 3710 3060 Διὰ

2128 3097 2320 3151 τούτου
2354 3097 2463 3169 γάρ
2501 3098 2659 3169 μόνου
2701 3099 2950 3168 ἀφέσεως
2989 3099 3270 3164 τεύξεσθαι
3319 3100 3708 3166 πεπίστευκεν,

2130 3194 2289 3247 αὑτὸν
2321 3193 2376 3246 δὲ
2409 3188 2546 3245 εἶναι
2575 3191 2730 3256 δόξαν
2757 3193 2944 3255 αὐτοῦ,
2986 3195 3080 3246 καὶ
3108 3194 3197 3246 τὸν
3221 3193 3457 3263 ὑψοῦν-δα
3486 3195 3582 3265 τὴν
3617 3212 3708 3246 κε·-

2129 3287 2303 3357 φαλὴν
2321 3286 2506 3340 αὑτοῦ.
2540 3287 2754 3356 Σφόδρα
2782 3287 2960 3339 τοίνυν
2992 3287 3269 3358 προειπὼν
3289 3287 3712 3358 δοξασθήσεσθαι

2129 3380 2221 3432 καὶ
2251 3379 2630 3451 ύψωθήσεσθαι
2663 3379 2760 3450 τὴν
2794 3379 2984 3432 ἑαυτοῦ
3015 3380 3277 3451 κεφαλὴν,
3311 3379 3506 3432 ὁπόθεν
3539 3381 3714 3450 ὑπῆρ-

2131 3469 2217 3534 ξεν
2263 3468 2411 3540 αύτῷ
2453 3469 2611 3522 τοῦτο
2651 3469 2887 3523 διδάσκει
2935 3469 3129 3539 λέγων·
3162 3470 3346 3544 φωνῇ
3395 3489 3516 3539 μου
3563 3473 3713 3539 πρὶς

2127 3562 2347 3628 Κύριον
2394 3560 2707 3629 ἐκέκραξα,
2758 3563 2856 3616 καὶ
2907 3561 3214 3630 ἐπήκουσέ
3249 3582 3370 3633 μου
3408 3565 3478 3629 ἐξ
3533 3564 3713 3632 ὄρους

2128 3655 2300 3722 ἁγίου
2333 3654 2538 3709 αὑτοῦ,

2211 3766 2358 3837 Ἐγὼ
2404 3767 2730 3836 ἐκοιμήθην
2772 3769 2869 3822 καὶ
2922 3768 3206 3832 ὕπνωσα,
3249 3769 3581 3839 ἑξηγέρθην
3622 3772 3715 3825 ὅτι

2129 3859 2340 3926 Κύριος
2379 3857 2777 3926 ἀντιλήψεται
2814 3876 2953 3926 μου.
2987 3857 3067 3911 Τὰ
3110 3858 3368 3928 μέλλοντα
3411 3862 3468 3912 ὲν
3504 3859 3713 3924 τούτοις

2127 3949 2200 4012 ὡς
2232 3951 2596 4021 παρῳχηκότα
2625 3949 2888 4013 οεσπίζει’
2919 3951 2995 4012 ὡς
3018 3950 3125 4021 γὰρ
3155 3953 3212 4002 ἐν
3240 3949 3316 4018 τῷ
3339 3951 3575 4022 δευτέρῳ
3598 3951 3713 4004 ἐλέ-

2127 4058 2278 4110 γετο·
2304 4044 2426 4095 Ἵνα
2445 4044 2499 4095 τί
2521 4042 2830 4110 ἐφρύαξαν
2854 4042 3020 4109 ἔθνη,
3050 4043 3147 4095 καὶ
3179 4043 3314 4096 λαοὶ
3339 4043 3716 4110 ἐμελέτησαν

2127 4134 2306 4197 nerei;
2344 4133 2747 4201 Παρέστησαν
2799 4136 2895 4187 καὶ
2949 4134 3346 4201 σιιννέστησαν
3403 4136 3553 4188 κατὰ
3607 4135 3712 4187 τοῦ

2128 4229 2348 4296 Κυρίου
2382 4228 2477 4281 καὶ
2523 4229 2671 4280 κατὰ
2726 4227 2833 4280 τοῦ
2882 4227 3138 4295 Χριστοῦ
3181 4228 3399 4291 αὑτοῦ,
3435 4227 3608 4280 ταῦτά
3651 4245 3710 4280 τε

2128 4322 2327 4372 ἐνοεῖτο
2370 4317 2735 4389 μελλητικῶς’
2766 4317 2910 4371 οὕτω
2957 4319 3053 4371 καὶ
3084 4317 3178 4370 νῦν
3223 4319 3317 4380 τὸ,
3366 4319 3513 4387 Ἐγὼ
3551 4319 3711 4371 ἐκοι-

2122 4408 2324 4478 μήθην
2350 4409 2446 4461 καὶ
2479 4409 2748 4471 ϋπινωσα,
2785 4409 3138 4479 προφητικῶς
3170 4410 3406 4480 εἴρηται,
3449 4412 3568 4462 ἀντὶ
3596 4409 3711 4472 τοῦ,

444 4502 551 4555 tice
594 4501 798 4555 dictum
829 4508 934 4562 est,
986 4500 1253 4562 videlicet,
1286 4500 1575 4561 dormiam,
1634 4501 1937 4569 soporabor
1969 4511 2022 4557 et

2128 4501 2573 4570 Κοιμηθήσομαι
2617 4501 2714 4554 καὶ
2758 4500 3050 4565 itm-(bow,
3106 4503 3198 4554 καὶ
3245 4501 3709 4572 ἑξεγερθήσομαι’

443 4609 756 4664 exsurgain,
795 4593 1053 4663 quoniam
1105 4599 1185 4654 tu,
1234 4591 1479 4657 Domine,
1528 4601 1816 4662 susceptor
1871 4610 2025 4648 meus

444 4700 526 4748 cs,
567 4686 737 4755 gloria
781 4700 921 4748 mea,
957 4691 1012 4739 et
1033 4685 1282 4738 exaltans
1305 4695 1471 4754 caput
1501 4700 1702 4740 meum.
1755 4685 1854 4740 llic
1881 4688 2027 4740 enim

447 4786 670 4846 tempus‘
700 4776 995 4846 signiﬁcat,
1029 4791 1138 4844 quo
1187 4775 1291 4829 sibi
1353 4776 1465 4830 haec
1497 4776 1797 4829 obventura
1851 4787 1978 4831 sunt
2011 4795 2024 4830 :

447 4879 734 4942 postquam
775 4869 1082 4933 dormierit,
1117 4871 1314 4939 inquit,
1346 4868 1892 4939 cxsurget,quoniam
1919 4869 2026 4924 Do-

446 4961 626 5014 minus
651 4959 912 5029 suscipict
936 4974 1082 5014 eum.
1102 4957 1205 5012 Per
1235 4958 1603 5011 dormitionem
1633 4958 1776 5012 enim
1797 4967 2026 5013 mortem

447 5049 742 5115 signiﬁcat,
779 5049 1078 5103 secundum
1110 5064 1274 5118 quam
1305 5048 1420 5102 hazc
1462 5048 1564 5103 sibi
1597 5048 1781 5102 futura
1828 5049 2026 5102 vatici-

446 5142 846 5211 natur:idque
885 5142 1055 5196 refert
1108 5141 1176 5195 ad
1239 5148 1455 5209 tempus
1505 5139 1629 5193 vita:
1689 5138 2023 5205 Salvatoris,

447 5251 553 5307 qua
598 5247 812 5305 peracta
865 5235 1158 5288 terminum
1217 5232 1500 5303 prophetia
1547 5242 1848 5286 consecuta
1901 5243 2024 5301 est;

445 5326 666 5397 quando
696 5327 908 5380 scilicet
949 5324 1123 5380 Filius
1163 5325 1400 5378 hominis
1440 5323 1697 5378 Christus
1745 5324 1812 5377 ad
1858 5324 2028 5378 infer-

447 5433 575 5471 num
625 5433 800 5485 usque
849 5417 1151 5482 descendit,
1181 5425 1235 5470 et
1290 5415 1652 5484 captivorum,
1685 5418 1778 5483 qui
1819 5415 2026 5469 exitum

446 5511 861 5579 exspectabant,
901 5508 1154 5564 Salvator
1185 5514 1646 5563 commonstratus
1678 5515 1800 5568 est;
1836 5509 1910 5562 ita
1966 5515 2026 5561 ut

449 5602 867 5658 resurrecﬁonis
928 5601 1049 5671 ejus
1113 5618 1179 5655 ex
1245 5601 1475 5654 mortuis
1539 5609 1784 5670 tempore
1854 5602 2026 5655 multa

447 5709 677 5763 corpora
735 5703 1051 5748 sanctorum
1095 5695 1189 5763 qui
1233 5693 1570 5748 dormierant
1603 5709 1709 5746 una
1741 5708 1865 5746 cum
1906 5694 2025 5763 ipso

451 5786 769 5854 revixerint,
807 5787 859 5841 in
913 5787 1068 5856 queis
1110 5785 1404 5842 verisimile
1453 5795 1536 5842 cst
1586 5785 1756 5842 fuisse
1788 5787 2023 5841 animam

2129 4594 2209 4646 ὅτι
2256 4595 2319 4646 σὺ
2354 4593 2559 4664 Κύριος
2611 4592 2957 4663 ἀντιλήπτωρ
3014 4610 3116 4658 μου
3165 4589 3233 4656 εἴ,
3287 4593 3410 4657 δόξα
3469 4612 3570 4664 μου
3619 4596 3712 4648 καὶ

2104 4685 2281 4760 ,ὑψῶν
2313 4685 2410 4755 τὴν
2444 4685 2687 4756 κεφαλήν
2735 4703 2855 4756 μου.
2895 4687 2982 4738 Ἑν
3028 4687 3202 4752 τούτῳ
3247 4688 3357 4758 γάρ
3386 4687 3475 4740 τὸν
3524 4687 3712 4758 καιρὸν

2129 4776 2552 4847 ἐπισημαίνεται
2589 4775 2709 4828 καθ’
2755 4776 2815 4828 ὃν
2843 4775 3073 4847 ὑπάρξει
3121 4777 3269 4848 αὐτῷ
3316 4777 3506 4831 ταῦτα.
3557 4778 3712 4832 Μετὰ

2129 4869 2238 4939 γὰρ
2266 4869 2326 4920 τὸ
2355 4867 2684 4938 κοιμηθῆναι
2712 4869 2875 4921 αὑτὸν
2929 4869 3370 4942 ἐξεγερθήσεται,
3407 4871 3594 4942 φησὶν,
3629 4873 3711 4924 ὅτι

2127 4960 2329 5030 Κύριος
2352 4961 2702 5031 ἀντιλήψεται
2729 4961 2911 5014 αὑτοῦ.
2938 4963 3230 5031 Κοίμησιν
3255 4963 3310 5014 δὲ
3338 4964 3591 5033 σημαίνει
3619 4964 3711 5016 τὸν

2131 5052 2380 5115 θάνατον,
2414 5055 2533 5123 μεθ’
2568 5053 2625 5105 ὃν
2656 5052 2825 5106 ταῦτα
2859 5054 3080 5106 ἔσεσθαι
3113 5056 3238 5124 περὶ
3282 5055 3447 5108 αὐτοῦ
3494 5073 3708 5126 προφη-

2128 5143 2294 5206 τεύει,
2325 5141 2664 5212 ἀναπέμπων
2702 5143 2791 5194 ἐπὶ
2831 5143 2921 5195 τὸν
2951 5144 3140 5213 χρόνον
3180 5145 3278 5214 τῆς
3321 5144 3414 5196 τοῦ
3460 5145 3710 5214 Σωτῆρος

2131 5234 2456 5304 παρουσίας,
2494 5234 2615 5304 μεθ’
2645 5234 2704 5286 ὃν
2735 5235 2921 5295 τέλους
2952 5235 3139 5304 ἔτυχεν
3173 5236 3206 5304 ἡ
3241 5235 3573 5306 προφητεία’
3621 5236 3708 5286 ὅτε

2129 5328 2224 5379 καὶ
2271 5327 2462 5397 μέχρις
2508 5327 2634 5397 ᾅδου
2686 5328 2928 5390 καταϐὰς
2973 5331 3001 5381 ὁ
3048 5329 3176 5391 Υἱὸς
3223 5328 3316 5381 τοῦ
3349 5327 3634 5398 ἀνθρώπου
3678 5329 3708 5379 ὁ

2127 5420 2384 5491 Χριστὸς,
2423 5421 2515 5474 καὶ
2549 5421 2656 5472 τῶν
2691 5423 2808 5472 ἐκεῖ
2850 5419 3275 5493 προσδοκώντων
3306 5421 3486 5490 ἄφιξιν
3520 5419 3709 5490 Σωτὴρ

2129 5513 2433 5584 ἐπεδείχθη,
2466 5513 2540 5576 ὠς
2571 5513 2691 5583 ,ἅμα
2724 5515 2789 5582 τῇ
2835 5513 3000 5566 αὐτοῦ
3054 5515 3116 5565 ἐκ
3162 5514 3370 5585 νεκρῶν
3413 5513 3708 5566 ἀναστάσει

2129 5604 2297 5657 πολλὰ
2330 5604 2556 5675 σώματα
2594 5604 2700 5657 τῶν
2759 5604 2927 5671 ἁγίων
2979 5605 3087 5657 τῶν
3120 5606 3534 5676 κεκοιμημένων
3582 5621 3707 5656 συν-

2129 5697 2425 5766 αναστῆναι
2456 5695 2624 5765 αὐτῷ,
2644 5698 2700 5748 ὲν
2731 5693 2812 5758 οἷς
2844 5696 2989 5758 εἰκὸς
3016 5695 3153 5750 εἶναι
3174 5699 3270 5750 καὶ
3300 5698 3398 5768 τὴν
3433 5696 3522 5748 τοῦ
3547 5695 3710 5750 Δαυῖδ

2127 5790 2325 5860 ψυχήν.
2355 5788 2582 5859 Θαρσῶν
2621 5789 2676 5842 δὲ
2708 5794 2771 5861 τῇ
2810 5791 3034 5860 δυνάμει
3077 5790 3174 5859 τῆς
3224 5791 3566 5852 ἀναστάσεως
3614 5788 3704 5841 τοῦ
