4064 6372
373 248 448 303 97
1181 325 1195 337 .
1519 256 2028 314 COMMENTARIA
2070 259 2137 315 IN
2177 261 2514 319 PSALDWS.
3584 279 3653 333 98

371 374 647 444 Σωτῆρος,
685 375 754 428 δι’
803 372 870 448 ἧς
902 377 1100 448 ήμελλε
1149 378 1243 432 καὶ
1291 379 1454 444 αὐτὸς
1507 381 1793 453 κοιμηθεὶς
1849 384 1934 451 ὲξε

2067 385 2306 442 Davidis.
2349 386 2547 442 Fidens
2584 395 2764 440 autem
2792 389 2978 444 virtuti
3011 391 3433 451 resurrectionis
3466 392 3654 450 Salva-

370 463 765 536 γερθήσεσθαι,
795 470 962 539 φησίν
983 487 996 500 ο

443 647 527 698 Οὐ
557 648 971 718 φοϐηθήσομαι
984 650 1103 705 ἀπὸ
1128 652 1434 720 μυριάδων
1455 653 1607 708 λαοῦ
1630 652 1746 707 τῶν
1761 656 1964 723 κύκλῳ

369 740 920 808 συνεπιτιθεμένων
943 759 1065 810 μοι.
1115 744 1380 817 Προεώρα
1425 750 1534 819 γὰρ
1579 749 1662 802 ὅτι
1705 751 1963 822 μυριάδες

369 829 766 898 ἀντικειμένων
817 831 1101 903 δυνάμεων
1163 835 1516 908 βουλήσονται
1570 841 1815 910 ἐπισχεῖν
1864 840 1960 911 τὴν

369 919 481 972 τῶν
532 922 703 988 ἁγίων
765 923 1059 978 ἀναϐίωσιν
1086 968 1101 992 ,
1158 928 1614 1002 διαφθονούμεναι
1663 936 1728 1004 τῇ
1780 935 1960 988 αὐτῶν

371 1013 651 1084 σωτηρίᾳ·
689 1007 765 1068 ὧν
807 1015 938 1083 ἐγὼ,
971 1019 1162 1089 φησιν,
1199 1020 1352 1089 λόγον
1405 1022 1596 1076 οὐδένα
1639 1026 1955 1096 ποιήσομαι,

369 1102 590 1176 θαρρῶν
615 1105 694 1176 τῷ
723 1108 1106 1182 ὑπερασπιστῇ
1139 1129 1263 1182 μου,
1290 1112 1368 1183 τῷ
1405 1114 1500 1168 τοῦ
1539 1115 1770 1170 θανάτου
1802 1135 1958 1187 νικη-

368 1201 436 1268 τῇ
461 1216 472 1228 °
505 1199 564 1262 ὃς
593 1199 657 1270 δὴ
691 1199 860 1272 θύρας
889 1203 1096 1272 χαλκάς
1122 1207 1416 1277 συντρίψας
1443 1209 1535 1260 καὶ
1565 1209 1794 1279 μοχλοὺς
1813 1211 1958 1283 σιδη-

372 1289 499 1359 ροῦς
529 1291 846 1356 συνθλάσας,
871 1293 968 1357 τὰς
994 1295 1053 1359 ἐξ
1078 1295 1272 1360 αἰῶνος
1308 1299 1814 1370 ἀποκεκλεισμένας
1861 1303 1954 1356 τοῦ

368 1382 597 1436 θανάτου
623 1385 796 1447 πύλας
825 1386 1057 1456 ἀνέῳξεν
1073 1404 1085 1417 ·
1115 1389 1232 1442 ὁδόν
1257 1408 1315 1443 τε
1339 1392 1688 1457 ἀναστάσεως
1711 1395 1954 1465 παρέσχε

365 1481 479 1541 τοῖς
497 1479 683 1531 αὐτόθι
709 1479 1006 1550 γνωρίμοις
1038 1481 1222 1543 αὐτοῦ,
1255 1476 1328 1535 ὧν
1351 1478 1430 1546 εἷς
1461 1485 1638 1538 αὐτῶν
1682 1481 1748 1557 ἦν
1792 1489 1819 1539 ὁ
1850 1490 1953 1541 Δα-

365 1569 471 1622 υῖδ.
521 1571 613 1624 Διὸ
642 1574 701 1624 ἐν
741 1572 915 1643 ἑτέρῳ
943 1571 1143 1644 ψαλμῷ
1175 1574 1391 1644 ἔλεγεν·
1449 1577 1810 1648 Ἐγνώρισὰς
1851 1598 1950 1648 μοι

362 1661 546 1729 ὁδοὺς
579 1662 745 1732 ζωῆςν
781 1665 1120 1733 πλτψώσεις
1135 1685 1213 1737 με
1230 1671 1614 1739 εὐφροσύνης
1649 1672 1798 1742 μετὰ
1846 1672 1949 1726 τοῦ

362 1755 694 1821 προσώπου
727 1775 859 1812 σου.

457 1847 734 1914 Ἀνάστα,
763 1853 962 1919 Κύριε,
997 1852 1206 1906 σῶσόν
1225 1872 1337 1922 με,
1382 1858 1415 1909 o'
1456 1857 1601 1921 Θεός
1637 1875 1778 1926 μου.
1824 1859 1951 1912 Ὅτι

362 1940 450 1994 σὺ
481 1942 788 2011 ἐπάταξας
809 1945 1040 2014 πάντας
1067 1949 1210 2015 τοὺς
1239 1950 1670 2018 ἐχθραίνοντάς
1706 1969 1808 2020 μοι
1834 1971 1947 2021 μα-

358 2033 563 2099 ταίωςο
601 2034 853 2103 ὀδόντας
879 2039 1246 2108 ἁμαρτωλῶν
1273 2041 1664 2111 συνέτριψας.
1708 2045 1816 2097 Τοῦ
1843 2049 1952 2099 Κυ-

349 2126 495 2192 ρίου
517 2129 558 2195 ὴ
593 2131 876 2198 σωτηρία,
896 2133 992 2186 καὶ
1013 2133 1110 2186 ἐπὶ
1145 2133 1254 2187 τὸν
1293 2135 1448 2188 λαόν
1486 2151 1602 2190 σου
1637 2137 1674 2205 ἡ
1701 2139 1951 2207 εὐλογία

353 2237 496 2274 σου.
526 2222 830 2287 Πιστεύσας
861 2227 926 2296 τῇ
954 2226 1262 2297 προγνώσει
1286 2228 1383 2299 τῆς
1405 2230 1776 2301 γενησομένης
1800 2231 1949 2303 αὐτῷ

357 2314 500 2383 μετά
543 2314 657 2382 τὴν
690 2319 974 2386 κοίμησιν
1008 2319 1255 2372 τουτέστι
1307 2319 1401 2372 τοῦ
1454 2320 1685 2374 θανάτου
1725 2323 1813 2377 διὰ
1849 2324 1948 2394 τῆς

355 2408 631 2479 σωτηρίου
665 2409 884 2479 χάριτος
912 2413 1004 2464 καὶ
1036 2411 1387 2482 εὐεργεσίας
1429 2413 1510 2465 ὅτι
1549 2430 1608 2464 τε
1639 2413 1737 2466 οὐκ
1771 2414 1946 2478 ἄλλως

350 2498 511 2552 ἔσται
547 2500 580 2571 ἢ
633 2503 729 2554 σὺν
759 2504 824 2573 τῇ
855 2503 1017 2555 αὐτοῦ
1042 2503 1135 2556 τοῦ
1163 2504 1414 2576 Σωτῆρος
1456 2505 1774 2570 ἀναστάσει,
1818 2506 1946 2559 ἀκο-

348 2591 565 2656 λούθως
593 2593 808 2664 εὖχεται
838 2596 1161 2666 ἐπιταχῦναι
1200 2596 1295 2650 τοῦ
1331 2596 1536 2668 Κυρίου
1567 2596 1666 2668 τὴν
1709 2598 1916 2651 ἀνάστα

353 2700 465 2744 σιν,
498 2685 643 2748 ὃταος
683 2686 747 2738 δι’
785 2686 954 2757 αὐτῆς
987 2686 1126 2760 τύχῃ
1166 2689 1258 2741 καὶ
1316 2688 1479 2751 αὐτὸς
1506 2690 1604 2760 τῆς
1632 2689 1904 2760 σωτηρίας
1927 2709 1938 2720 ·

347 2775 438 2827 διὸ
478 2792 664 2844 φησιν·
710 2775 982 2840 Ἀνάστα,
1013 2779 1208 2845 Κύριε,
1232 2776 1440 2832 σῶσόν
1454 2795 1550 2847 με.
1584 2782 1616 2832 ὀ
1645 2781 1787 2844 Θεός
1800 2798 1940 2848 μου.

347 2865 602 2937 Νικητὴν
629 2865 683 2918 δὲ
713 2866 802 2919 τὸν
827 2867 1057 2938 Σωτῆρα
1075 2866 1230 2930 εἰδὼς
1265 2868 1480 2920 πάντων
1505 2867 1614 2920 τῶν
1646 2867 1944 2921 ἐπιϐουλῶν

347 2956 447 3009 τοῦ
485 2957 596 3009 τῶν
629 2957 930 3030 ἀνθρώπων
969 2959 1192 3027 γένους,
1237 2959 1508 3029 δαιμόνων
1554 2959 1805 3030 πονηρῶν
1849 2960 1944 3013 καὶ

345 3048 635 3119 δυνάμεων
677 3049 1068 3120 ἀντικειμένων
1089 3090 1102 3112 ,
1130 3051 1296 3121 φησίν
1314 3067 1328 3080 ·
1378 3052 1495 3103 ’Ὁτι
1525 3051 1607 3104 σὺ
1637 3051 1943 3119 ἐπάταξας

345 3140 586 3206 πάντας
614 3142 756 3208 τοὺς
781 3141 1209 3210 ἐχθραίνοντιίς
1233 3160 1336 3211 μοι
1357 3143 1641 3211 ματαίως.
1679 3141 1864 3204 Οὕτως
1880 3142 1938 3194 τὸ

358 3232 650 3302 Ἐϐραῖκὸν
704 3235 779 3304 (l)
824 3236 924 3287 οὐκ
953 3233 1062 3304 ἔχει
1088 3273 1102 3298 ,
1131 3235 1416 3303 ματαίως,
1453 3233 1611 3302 ἀλλά,
1648 3235 1934 3304 σιαγόνα’

342 3325 397 3375 οἱ
431 3325 489 3377 δὲ
531 3324 954 3396 Ἐϐδομήκοντα,
981 3327 1265 3395 ματαίως,
1296 3325 1565 3390 ἐξέδωκαν
1587 3365 1601 3389 ,
1643 3325 1676 3396 ἢ
1702 3325 1843 3378 κατὰ
1872 3327 1939 3379 τὰ.

341 3417 553 3488 ἀρχαῖα
586 3409 895 3489 ἀντίγραφα
927 3419 1127 3489 ἑτέρως
1150 3419 1440 3489 ἐσχηκότα,
1467 3417 1612 3472 καθά
1639 3419 1769 3487 φασί
1797 3436 1938 3482 τινες

341 3511 457 3563 τῶν
496 3510 796 3581 Ἐϐραίων,
824 3510 856 3580 ἢ
893 3510 992 3579 τῆς
1017 3509 1217 3574 λέξεως
1249 3509 1310 3562 τὸ
1348 3509 1561 3571 εὐτελὲς
1592 3508 1934 3577 ἀποφεύγον-

339 3621 460 3666 τες.
494 3602 672 3656 Οίονεὶ
703 3602 759 3654 δὲ
796 3600 1138 3672 κοιμώμενον
1156 3602 1370 3663 δεικνὺς
1397 3600 1487 3652 τὸν
1514 3600 1668 3661 Θεὸν,
1701 3601 1789 3652 ὅτε
1820 3600 1937 3652 πεί-

337 3712 450 3767 ρας
483 3695 646 3746 ἕνεκα
680 3694 994 3765 παρέδωκεν
1023 3695 1172 3764 ἡμᾶς
1197 3696 1317 3754 ταῖς
1337 3691 1740 3760 ἀντικειμέναις
1773 3690 1936 3743 δυνά-

342 3804 476 3858 μεσι
500 3829 514 3851 ,
546 3787 880 3857 διανίστησιν
924 3786 1104 3839 αὐτόν.
1155 3786 1308 3855 Τάχα
1335 3785 1391 3838 δὲ
1436 3785 1530 3837 καὶ
1567 3785 1655 3836 ὅτε
1690 3784 1782 3836 τὸν
1823 3783 1936 3834 Σω-

337 3881 488 3953 τῆρα
511 3882 654 3952 ὑπὲρ
675 3881 832 3951 ἡμῶν
858 3881 1076 3934 πάντων
1106 3881 1444 3952 παρέδωκεν,
1468 3874 1756 3930 ἐκάθευδεν
1786 3873 1934 3945 αὑτῷ

335 3974 364 4024 ὁ
397 3972 594 4042 Πατήρ
613 3988 627 4001 ι
682 3971 988 4023 Ἀνίσταται
1020 3969 1079 4023 δὲ
1110 3969 1300 4033 σώζων
1326 3968 1488 4022 αὑτὸν
1515 3965 1809 4019 πατάσσων
1834 3964 1932 4016 αὐ-

336 4065 436 4119 τοῦ
471 4067 601 4128 τοὺς
631 4065 878 4136 ἐχθροὺς,
911 4064 944 4136 ἢ
974 4065 1102 4126 τοὺς
1146 4063 1456 4124 Ἰουδαίους,
1490 4060 1523 4131 ἢ
1558 4061 1684 4122 τοὺς
1709 4057 1932 4128 νοητοὺς

338 4159 557 4225 ἀλόγως
604 4157 1005 4228 ὲχθραίνοντας.
1068 4153 1225 4207 Μετὰ
1261 4154 1369 4225 γὰρ
1416 4152 1527 4205 τῶν
1576 4150 1874 4222 μισούντων
1902 4150 1930 4201 ὁ

339 4251 502 4319 ἅγιός
531 4252 680 4303 ἐστιν
716 4247 1008 4320 εἰρηνικὸς,
1043 4245 1270 4314 ἀγαπῶν
1300 4247 1427 4308 τοὺς
1447 4243 1690 4320 εχθρούςο
1724 4241 1931 4312 ἀνθρω-

338 4317 626 4412 πινότερον
655 4343 682 4394 ὁ
715 4317 789 4410 μή
824 4317 1066 4410 ματαίως
1099 4336 1397 4407 ὲχθραίνων
1433 4317 1738 4405 ἀμύνεσθαι
1765 4332 1922 4385 θέλει’

337 4431 754 4501 θεοσεϐέστερον
776 4430 833 4482 δὲ
863 4427 953 4481 διά
979 4427 1041 4480 τὸ
1062 4425 1368 4497 ἀληθεύειν.
1401 4426 1547 4494 Ἔφη
1577 4423 1686 4494 γὰρ
1715 4423 1745 4473 ὁ
1777 4420 1926 4474 Παῦ-

336 4524 432 4587 λος
453 4540 465 4550 ·
508 4524 745 4592 Ἐχθρὸς
761 4521 905 4590 ὑμῖν
932 4519 1150 4590 τέγονα
1185 4518 1503 4586 ἀληθεύειν
1524 4517 1598 4586 (9)
1633 4513 1775 4584 ὑμῖν
1799 4531 1811 4543 ·
1846 4514 1930 4566 Ὁ-

339 4619 498 4670 ποίον
514 4616 606 4668 καί
639 4617 696 4668 ἐν
725 4615 975 4685 Ψαλμοῖς
1001 4613 1083 4676 τὸ,
1124 4611 1270 4680 Οὐχὶ
1301 4609 1444 4675 τοὺς
1469 4607 1802 4679 μισοῦντας
1829 4620 1925 4672 σε,

337 4708 541 4774 Κύριε,
597 4707 901 4776 ἐμίσησα;
965 4705 1103 4757 Ἀλλ’
1122 4703 1223 4756 οὐκ
1249 4699 1696 4768 ὲπιὸουλευτικὴν
1729 4695 1926 4767 ἔχθραν

335 4799 582 4868 νοητέον,
617 4797 751 4849 ἀλλὰ
777 4796 1086 4866 κωλυτικὴν
1106 4835 1118 4858 ,
1148 4793 1410 4865 χεομένης
1453 4789 1650 4850 κακίας
1682 4789 1760 4850 εἰς
1796 4786 1928 4839 πολ-

333 4889 486 4953 λούς.
518 4889 594 4941 Δι’
616 4887 807 4941 ἑαυτοῦ
838 4887 947 4959 γὰρ
971 4887 1004 4958 ἢ
1027 4886 1123 4940 καὶ
1151 4886 1215 4938 δι’
1240 4885 1400 4938 ἄλλου
1433 4883 1540 4954 χρὴ
1569 4880 1666 4952 τὴν
1696 4878 1928 4948 δυνατὴν

338 4984 687 5054 προσάγοντα
745 4979 994 5051 βοήθειαν
1047 4976 1402 5050 θεραπεύειν’
1449 4975 1576 5047 ἢτὸ
1618 4973 1927 5026 τελευταῖον

332 5075 592 5147 εὔχεσθαι
633 5075 760 5145 περὶ
805 5072 900 5126 τοῦ
953 5071 1284 5140 κολασθῆναι
1312 5069 1411 5138 τὴν
1463 5065 1744 5138 μοχθηρὰν
1783 5063 1919 5128 ἕξιν,

330 5172 502 5240 ἤγουν
529 5166 890 5239 ἐκριζωθῆναι
934 5165 1043 5218 ἀπὸ
1081 5163 1172 5217 τοῦ
1225 5163 1469 5233 ἔχοντος·
1513 5152 1574 5212 οὗ
1615 5157 1921 5212 διδακτικὸν

330 5262 426 5314 καὶ
460 5259 544 5322 τό,
593 5259 1014 5327 Προσεύχεσθε
1059 5254 1211 5323 ὑπὲρ
1265 5253 1384 5306 τῶν
1433 5249 1883 5320 ἐπηρεαζόντων
1903 5287 1917 5312 ,

328 5354 426 5404 καὶ
455 5353 554 5412 τὸ,
601 5348 893 5418 Ἀγαπᾶτε
930 5345 1074 5412 τοὺς
1117 5344 1371 5413 ἐχθροὺς
1419 5341 1606 5411 ὑμῶν.
1663 5341 1720 5392 '0
1753 5339 1808 5391 δὲ
1844 5339 1919 5410 μὴ

324 5444 502 5516 ςνιὶῶς
531 5443 790 5511 ἀγαπῶν,
831 5442 926 5495 καὶ
980 5441 1107 5512 περὶ
1145 5439 1206 5492 τὸ
1245 5437 1426 5500 καλῶς
1466 5433 1720 5505 γενέσθαι
1772 5432 1920 5502 αὐτῷ

395 5600 467 5632 ’δ’
510 5595 658 5652 Psal.
690 5612 784 5661 xv,
813 5596 902 5650 10.
978 5593 1025 5625 "
1064 5591 1242 5647 Galat.
1279 5607 1365 5652 tv,
1404 5590 1490 5645 16.

391 5759 472 5826 (ι)
515 5758 575 5812 ιη
610 5757 878 5813 liebraico
913 5757 1128 5824 legitur,
1171 5735 1264 5815 ’ΠΒ
1291 5752 1540 5813 quodest
1569 5745 1813 5801 maxilla.

2069 479 2226 545 toris,
2260 495 2357 549 per
2385 495 2550 549 quam
2589 487 2642 534 et
2673 479 2790 549 ipse
2817 480 3096 537 dormiens
3126 484 3480 542 suscitandus
3513 499 3651 555 erat,

2066 571 2145 624 ait
2179 591 2188 623 :
2850 633 2864 646 .

2139 662 2304 718 Vens.
2337 665 2390 718 7.
2427 662 2551 718 Non
2583 662 2770 718 timebo
2813 665 2987 719 millia
3041 667 3221 735 populi
3269 669 3651 727 circumdantis

2064 769 2165 806 me.
2194 751 2532 806 Prtevidebat
2554 752 2698 805 enim
2731 754 2899 805 multa
2933 752 3047 807 fore
3083 754 3519 811 adversariarum
3552 773 3651 828 po-

2062 851 2326 900 testatum
2359 844 2550 907 millia,
2603 859 2724 912 quee
2772 853 3088 898 sanctorum
3148 849 3645 912 resurrectionem.

2061 954 2250 994 corum
2286 938 2447 993 saluti
2481 937 2806 1000 invidentes,
2843 939 3191 1008 interpellare
3225 942 3423 995 vellent
3451 959 3464 995 :
3509 958 3648 1012 quos

2060 1048 2182 1102 ego,
2238 1031 2438 1099 inquit,
2489 1030 2644 1083 nihili
2703 1029 2925 1093 faciam,
2961 1031 3202 1085 conlisus
3254 1037 3644 1104 propugnatori

2060 1138 2202 1186 meo,
2233 1121 2428 1176 mortis
2453 1121 2686 1187 victori;
2711 1121 2801 1190 qui
2833 1122 3088 1176 contritis
3119 1123 3276 1177 aereis
3308 1123 3517 1179 foribus
3554 1141 3648 1180 ve-

2066 1213 2359 1282 ctibusque
2420 1211 2613 1267 ferreis
2676 1213 2996 1272 confractis.
3049 1213 3302 1269 ocelnsas
3351 1231 3380 1269 a
3443 1218 3645 1272 saeculo

2057 1312 2245 1374 portas
2269 1303 2461 1358 mortis
2481 1303 2713 1374 aperuit,
2749 1305 3001 1373 notisque
3032 1305 3149 1359 suis
3186 1305 3258 1358 ibi
3295 1306 3640 1375 degentibus,

2055 1409 2086 1448 e
2114 1409 2348 1464 quorum
2383 1409 2613 1449 numero
2655 1393 2823 1448 David
2871 1405 3022 1460 erat,
3076 1397 3144 1450 ad
3179 1398 3640 1453 resurrectionem

2053 1489 2199 1542 viam
2254 1489 2486 1558 paravit.
2549 1487 2915 1554 Quamobrem
2970 1489 3023 1542 in
3059 1481 3165 1540 alio
3211 1490 3423 1558 psalmo
3454 1491 3638 1548 dixit;

2057 1578 2230 1636 Notas
2262 1583 2391 1636 milii
2414 1583 2588 1650 fecisti
2644 1583 2756 1637 vias
2794 1582 2913 1636 vita:
2944 1598 2962 1634 :
2991 1580 3305 1651 adimplebis
3340 1599 3421 1636 me
3451 1583 3641 1638 laetitia

2054 1691 2171 1728 cum
2206 1677 2351 1730 vultu
2382 1686 2472 1730 tuo
2498 1676 2587 1730 “2

2135 1855 2296 1912 Vens.
2332 1856 2386 1911 8.
2418 1854 2678 1926 Exsurge,
2709 1855 2952 1921 Doinine,
2996 1857 3204 1910 salvum
3249 1873 3330 1911 me
3358 1857 3467 1925 fac,
3496 1857 3638 1912 Deus

2058 1966 2226 2004 meus.
2299 1949 2563 2015 Quoniam
2609 1960 2664 2002 tu
2717 1949 3025 2017 percussisti
3071 1964 3248 2002 omnes
3299 1945 3636 2004 adversantes

2057 2040 2187 2093 mihi
2220 2039 2334 2093 sine
2367 2056 2554 2102 causa,
2587 2038 2768 2092 dentes
2799 2047 3133 2107 peccatorum
3162 2039 3481 2094 contrivisti.
3526 2040 3637 2093 Do-

2056 2131 2187 2184 mini
2236 2139 2313 2184 est
2351 2130 2521 2195 salus,
2575 2139 2624 2182 et
2655 2145 2810 2197 super
2847 2129 3098 2198 populum
3145 2141 3294 2183 tuum
3347 2128 3636 2183 benedictio

2057 2231 2170 2276 tua.
2211 2221 2351 2277 Cum
2386 2222 2728 2294 prospiceret
2763 2221 2996 2276 salutem
3032 2221 3159 2283 sibi,
3195 2228 3319 2290 post
3348 2221 3634 2276 dormitio-

2055 2333 2173 2372 nem
2220 2317 2336 2372 sive
2383 2315 2617 2376 obitum,
2653 2314 2882 2370 salutari
2927 2314 3103 2384 gratia
3148 2322 3313 2384 atque
3362 2314 3635 2370 beneﬁcio

2054 2405 2468 2471 conferendam,
2505 2406 2719 2476 ipsique
2758 2404 2917 2458 tidem
2965 2405 3225 2471 haberet;
3261 2414 3445 2459 certus
3487 2405 3632 2459 hanc

2054 2499 2272 2554 nonnisi
2310 2498 2364 2551 in
2409 2497 2812 2551 resurrectione
2868 2494 3172 2552 Salvatoris
3201 2512 3362 2566 posse
3397 2498 3502 2552 sibi
3543 2498 3636 2552 ob-

2052 2592 2260 2655 venire,
2300 2595 2708 2656 consequenter
2759 2597 3027 2658 precatur
3068 2589 3364 2643 accelerari
3415 2587 3630 2643 Domini

2052 2681 2536 2741 resurrectioaem,
2569 2687 2630 2732 ut
2657 2694 2752 2748 per
2781 2694 2900 2733 eam
2938 2685 2991 2733 et
3019 2679 3135 2747 ipse
3169 2679 3402 2733 salutem
3437 2693 3634 2734 conse-

2051 2782 2272 2846 quatur.
2309 2773 2676 2840 Quamobrem
2706 2772 2817 2826 ait:
2867 2771 3124 2841 Exsurge,
3151 2771 3392 2834 Domine,
3423 2771 3629 2826 salvum

2051 2884 2133 2921 me
2153 2867 2264 2934 fac,
2290 2865 2432 2919 Deus
2458 2881 2602 2918 meus
2621 2879 2639 2916 :
2678 2877 2992 2933 gnarusque
3024 2862 3266 2915 futurum
3289 2861 3627 2918 Salvatorem

2052 2961 2298 3014 omnium
2353 2959 2569 3030 generis
2623 2957 2848 3010 humani
2907 2956 3254 3020 insidiarum,
3319 2957 3626 3012 diemonum

2051 3052 2178 3107 item
2231 3061 2283 3106 et
2322 3049 2762 3104 adversariarum
2823 3055 3155 3118 potestatum
3189 3049 3477 3112 victorem,
3509 3049 3622 3102 ait:

1974 3107 2018 3166 Ο
2052 3142 2320 3208 Quoniam
2349 3148 2403 3192 tu
2432 3138 2738 3206 percussisti
2772 3153 2949 3190 onmes
2991 3134 3324 3190 adversantes
3356 3136 3483 3188 mihi
3515 3135 3627 3189 site

2052 3249 2236 3287 causa.
2269 3229 2597 3284 Hebraicum
2647 3228 2925 3296 exemplar
2977 3243 3086 3280 non
3135 3228 3217 3281 sic
3272 3227 3457 3290 habet,
3512 3227 3628 3281 sine

2045 3341 2233 3389 causa,
2267 3324 2386 3385 sed,
2419 3324 2475 3376 in
2522 3321 2846 3382 maxillam;
2881 3318 3234 3389 Septuaginta
3282 3335 3414 3373 vero
3450 3317 3623 3374 Inter-

2044 3425 2246 3487 pretes,
2288 3415 2398 3468 sine
2426 3429 2612 3473 causa,
2643 3411 2957 3474 ediderunt,
2993 3411 3106 3465 sive
3147 3410 3275 3480 quia
3319 3411 3621 3465 vetustiora

2043 3507 2376 3576 exemplaria
2411 3505 2714 3566 variabant,
2746 3510 2803 3556 ut
2825 3503 3046 3572 quidam
3079 3502 3430 3556 l-lehrznorum
3464 3505 3622 3557 testi-

2044 3597 2311 3658 ﬁcantur:
2376 3596 2490 3648 sive
2549 3602 2602 3648 ut
2664 3609 2692 3647 a
2761 3592 2916 3647 vocis
2990 3593 3198 3647 vilitate
3254 3591 3616 3648 declinarent.

2042 3687 2212 3742 Deum
2247 3702 2376 3741 vero
2411 3687 2567 3755 quasi
2601 3693 2715 3737 tum
2749 3683 3110 3738 dormientem
3137 3683 3616 3744 adumbrans,cum

2041 3781 2286 3835 tentandi
2326 3793 2494 3833 causa
2526 3777 2859 3832 adversariis
2891 3791 2991 3830 nos
3035 3775 3400 3844 potestatibus
3445 3775 3617 3827 tradi-

2040 3870 2141 3932 dit,
2201 3870 2381 3938 ipsum
2429 3882 2458 3920 a
2495 3881 2691 3921 somno
2749 3865 2976 3918 excitat.
3031 3861 3096 3915 Et
3147 3861 3401 3916 fortassis
3449 3860 3614 3914 etiam

2038 3967 2173 4014 tunc
2231 3950 2392 4012 Pater
2435 3956 2741 4019 dormierit,
2791 3970 2917 4008 cum
2976 3951 3314 4007 Salvatorem
3363 3957 3615 4005 nostrum

2039 4065 2140 4121 pro
2185 4049 2345 4103 nobis
2388 4047 2647 4102 omnibus
2689 4044 2944 4102 tradidit:
2992 4043 3264 4098 excitatur
3321 4047 3503 4096 autem
3554 4048 3616 4094 ut

2039 4144 2271 4197 salutem
2303 4141 2407 4211 ipsi
2439 4139 2710 4202 conferat,
2764 4138 3146 4208 percutiatque
3184 4135 3440 4190 inimicos
3467 4131 3612 4201 ejus,

2040 4251 2163 4290 cum
2197 4234 2434 4299 Judazos,
2493 4245 2605 4289 tum
2667 4231 3041 4301 intelligibiles
3089 4230 3299 4295 hostes,
3358 4227 3453 4298 qui
3494 4227 3613 4282 sine

2039 4347 2205 4386 causa
2236 4331 2414 4400 ipsum
2446 4329 2700 4382 oderunt.
2736 4324 2872 4378 Nam
2898 4325 2983 4378 vel
3015 4339 3140 4378 cum
3174 4323 3244 4377 iis
3275 4322 3370 4390 qui
3405 4336 3464 4376 se
3485 4319 3613 4374 odio

2039 4425 2240 4478 habent
2271 4424 2355 4477 vir
2387 4429 2612 4476 sanctus
2644 4419 2909 4489 paciﬁcus
2967 4422 3074 4479 est,
3127 4413 3491 4483 inimicosque
3523 4411 3610 4465 di-

2039 4518 2186 4588 ligit:
2226 4515 2525 4570 humanius
2576 4523 2758 4567 autem
2797 4509 2964 4565 sentit
3019 4507 3114 4578 qui
3163 4521 3290 4560 cum
3340 4520 3450 4558 non
3487 4504 3613 4558 sino

2035 4625 2204 4664 causa
2255 4609 2416 4662 alicui
2451 4607 2708 4661 inimicus
2739 4605 2830 4670 sit,
2879 4605 3142 4658 ultionem
3197 4599 3440 4668 expetit.:
3483 4599 3610 4652 reli-

2035 4701 2245 4771 giosius
2285 4713 2452 4769 porro
2480 4697 2594 4752 veri
2637 4694 2852 4750 dicendi
2889 4706 3057 4748 causa
3110 4691 3271 4763 [tales
3310 4687 3610 4742 inimicitiae

2034 4789 2464 4863 suscipiuntur.]
2528 4789 2618 4842 Ait
2668 4788 2812 4842 enim
2865 4783 3106 4839 Paulus:
3163 4781 3418 4835 Inimicus
3467 4777 3606 4833 nobis

2031 4885 2206 4954 factus
2235 4899 2353 4936 sum
2377 4897 2553 4935 verum
2575 4868 2755 4931 dicens
2771 4877 2840 4930 "z
2873 4875 3036 4947 quale
3061 4874 3226 4928 etiam
3279 4871 3332 4924 in
3371 4868 3606 4923 Psalmis

2030 4973 2163 5027 illud
2191 4981 2307 5026 est:
2343 4969 2532 5022 Nonne
2559 4967 2650 5036 qui
2679 4964 2899 5019 oderunt
2923 4973 2992 5028 te,
3021 4961 3265 5024 Domine,
3295 4957 3607 5012 oderam“?

2029 5062 2099 5116 At
2134 5077 2243 5116 non
2279 5058 2630 5116 insidiantem
2668 5054 3012 5109 inimicitiam
3065 5051 3152 5108 hic
3196 5050 3466 5117 intelligas
3509 5062 3602 5100 vc—

2030 5152 2145 5213 lim,
2179 5150 2275 5205 sed
2326 5147 2753 5218 impedientem;
2806 5141 3013 5195 malitia
3059 5138 3270 5192 scilicet
3310 5135 3365 5187 in
3399 5131 3602 5186 multos

2026 5244 2244 5298 dill‘usa.
2299 5242 2396 5296 Sui
2432 5254 2670 5308 namque
2703 5237 2788 5292 vel
2837 5235 2999 5289 etiam
3037 5230 3264 5284 alterius
3312 5239 3480 5280 causa
3509 5239 3602 5277 co-

2025 5335 2219 5391 lendus
2252 5332 2740 5400 observandusquc
2767 5336 2856 5383 est
2909 5325 3000 5396 qui
3030 5323 3291 5377 auxilium
3342 5323 3599 5388 prastat;

2027 5431 2143 5485 sive
2179 5429 2397 5484 demum
2430 5422 2768 5496 precandum
2795 5429 2902 5483 est,
2931 5425 2990 5471 ut
3019 5416 3086 5470 de
3121 5413 3372 5485 improbo
3403 5409 3601 5464 allectu

1568 5589 1613 5620 ³⁸
1646 5586 1793 5645 Psal.
1829 5598 2106 5650 cxxxvm,
2147 5582 2228 5640 2i.

2076 5738 2160 5811 ('2)
2200 5735 2362 5791 Forte
2390 5730 2680 5804 legendum
2721 5728 3021 5800 ἀληθευων.
3059 5725 3217 5779 Enn.
