4064 6372
449 337 526 395 99
1147 338 1415 394 EL’SEBII
1454 338 1939 397 CASSARIENSIS
1978 341 2127 396 OPP.
2171 339 2374 398 PARS.
2414 339 2502 395 lll.
2537 341 3023 400 ——EXEGETICA.

3634 346 3734 404 100

455 460 594 513 ultio
622 468 913 523 sumatur;
945 459 1029 513 vel
1067 466 1126 510 ut
1176 458 1446 512 radicitus
1480 461 1706 513 tollatur
1746 462 1814 514 ab
1844 477 1910 515 eo
1951 464 2046 529 qui

2157 463 2422 530 συνεργεϊ,
2458 461 2552 514 καὶ
2585 460 2647 512 τὸ
2675 463 2732 514 ἐν
2756 461 2969 532 ἑϐδόμῳ
2997 461 3051 514 δὲ
3067 459 3267 534 ψαλμῷ
3291 461 3581 533 λεγόμενον
3603 479 3616 494 ⁶
3665 467 3735 518 Ei

451 553 537 606 sic
555 551 781 606 affectus
803 559 904 605 est.
933 549 1106 617 Quam
1125 564 1238 605 rem
1257 550 1415 604 docet
1432 551 1564 605 illud
1585 571 1599 606 :
1622 550 1922 606 Precamini
1943 568 2038 620 pro

449 645 516 698 iis
553 645 643 715 qui
690 661 779 698 vos
828 644 1070 697 molestia
1119 643 1455 712 afﬁciunt";
1517 652 1570 699 et
1615 645 1786 699 illud:
1824 646 2038 716 Diiigite

451 736 694 789 inimicos
741 746 941 789 vestros
974 737 1046 790 ’³.
1101 735 1205 802 Qui
1257 751 1425 806 porro
1472 752 1582 791 non
1633 737 1824 792 leviter
1868 749 2036 802 amat,

453 837 713 898 procurat
755 830 921 883 etiam
959 837 1019 884 ut
1075 831 1316 886 inimicis
1363 832 1505 887 bene
1545 833 1846 903 contingat.
1880 831 2038 888 Insu-

455 930 660 984 perque
700 919 827 972 illud
871 935 924 971 in
953 921 1185 989 septimo
1212 925 1423 992 psalmo
1451 925 1656 980 dictum
1689 947 1700 980 :
1731 928 1790 981 Si
1818 931 2026 983 reddidi

456 1007 860 1061 relribuentibus
882 1010 1011 1062 mi/ti
1035 1013 1197 1079 mala,
1224 1015 1461 1069 decidam
1487 1020 1674 1071 merito
1699 1020 1762 1072 ab
1791 1021 2022 1074 inimicis

449 1096 577 1148 meis
598 1097 771 1150 inanis
799 1101 866 1164 ”,
887 1101 1169 1170 perspicue
1191 1103 1350 1160 docet
1372 1109 1644 1163 neminem
1667 1110 1792 1165 odio
1818 1111 2022 1167 haben-

456 1193 586 1247 dum
611 1211 752 1250 esse.
792 1195 904 1250 Cur
931 1197 1114 1267 itaque
1138 1198 1348 1252 dictum
1369 1207 1452 1255 est
1473 1217 1486 1254 :
1505 1197 1794 1270 Nonnequi
1815 1201 2037 1255 oderunt

453 1295 522 1347 te,
579 1287 818 1352 Domine,
864 1289 1185 1344 oderam“?
1217 1290 1331 1345 lmo
1363 1293 1549 1362 potius
1583 1294 1708 1363 quis
1746 1293 1883 1348 adeo
1930 1295 2033 1348 im-

2147 551 2539 607 ἀνταπέδωκα
2578 552 2700 618 τοῖς
2731 553 3205 608 ἀνταποδιδοῦσί
3231 573 3332 624 μοι
3360 557 3518 610 κακὰ
3542 598 3557 623 ,
3589 556 3735 610 ἀποε-

2146 646 2388 714 πέσοιμι
2423 646 2537 714 ἆρα
2575 647 2692 700 ἀπὸ
2723 647 2842 700 τῶν
2869 646 3102 716 ἐχθρῶν
3134 666 3254 718 μου
3298 650 3510 715 κενὸς,
3548 650 3734 720 σαφῶς

2145 735 2385 790 διδάσκει
2413 737 2616 808 μηδένα
2640 741 2837 808 μισεῖν.
2868 740 2992 802 Πῶς
3017 736 3109 793 οὖν
3139 741 3352 812 εἴρηται
3372 758 3385 771 ο
3416 741 3565 812 Οὐχὶ
3594 743 3736 808 τοὺς

2140 827 2474 896 μισοῦντας
2498 845 2592 894 σε,
2616 831 2813 898 Κύριε.
2839 830 3135 899 ἐμίσησα;
3155 832 3374 886 Μᾶλλον
3399 832 3456 886 δὲ
3483 833 3565 896 τίς
3588 835 3735 886 ἐστιν

2143 918 2316 982 οὕτως
2345 919 2522 985 ἄθεος,
2555 921 2631 985 ὡς
2667 924 2844 992 μισεῖν
2873 922 2931 975 ὃν
2965 925 3180 995 ἡγεῖται
3215 923 3382 989 Θεόν;
3425 925 3592 995 Δῆλον
3617 922 3730 991 οὖν,

2141 1012 2218 1076 ὼς
2261 1016 2309 1066 οἱ
2345 1015 2632 1084 μισοῦντες
2674 1017 2766 1069 καὶ
2817 1016 3342 1088 καταθεματίζοντες
3395 1018 3599 1090 Ἰησοῦν
3645 1036 3735 1092 μι-

2145 1105 2299 1161 σοῦσι
2331 1109 2424 1162 τὸν
2453 1108 2586 1163 Θεόν
2608 1127 2620 1140 ·
2665 1108 2727 1164 '0
2760 1110 2865 1183 γὰρ
2889 1111 3012 1180 ἐμὲ,
3061 1113 3194 1183 φησι
3220 1151 3236 1176 ,
3275 1111 3598 1183 δεχόμενος
3637 1115 3733 1171 δέ-

2145 1219 2311 1272 χεται
2351 1201 2458 1254 τὸν
2506 1198 2959 1258 ἀποστείλαντά
2984 1221 3088 1274 με’
3144 1206 3270 1270 xui,
3319 1207 3373 1258 '0
3421 1206 3734 1280 ὁμολογῶν

2160 1296 2268 1348 τόν
2305 1294 2462 1359 Υίὸν,
2493 1295 2592 1348 καί
2628 1295 2734 1349 τὸν
2764 1297 2997 1366 Πατέρα
3039 1298 3194 1366 ἔχει·
3234 1299 3426 1353 οὐκοῦν
3449 1301 3540 1353 καὶ
3572 1304 3605 1355 d
3645 1317 3735 1372 μι-

451 1379 597 1448 pius,
638 1389 696 1432 ut
734 1396 858 1433 eum
887 1380 1014 1434 odio
1045 1381 1263 1445 habeat,
1309 1397 1470 1450 quem
1498 1380 1666 1437 Deum
1701 1381 2037 1436 arbitratur?

2142 1386 2271 1443 σῶν
2287 1385 2391 1440 τὸν
2402 1386 2658 1451 Υίόν,καὶ
2679 1388 2787 1442 τὸν
2800 1389 3336 1458 Πατέραμισεῖ.Καὶ
3352 1392 3459 1454 πᾶς
3473 1391 3529 1444 δὲ
3551 1393 3731 1465 ἀμαρ-

451 1470 555 1537 Qui
592 1472 759 1542 igitur
789 1471 1072 1528 Christum
1119 1473 1246 1528 odio
1299 1473 1503 1528 habent
1553 1489 1617 1529 ac
1667 1474 2030 1536 detestantur,

452 1562 625 1619 Deum
649 1565 887 1620 oderunt
916 1584 928 1620 :
964 1583 1114 1630 nam,
1158 1568 1249 1636 qui
1275 1583 1356 1620 me
1379 1567 1585 1634 recipit,
1617 1567 1816 1637 inquit,
1849 1568 2032 1637 recipit

449 1673 569 1710 eum
607 1657 695 1727 qui
742 1674 822 1710 me
881 1659 1022 1712 misit
1050 1658 1119 1724 8‘;
1168 1667 1241 1722 et,
1293 1653 1383 1728 qui
1408 1659 1689 1728 conﬁtetur
1715 1653 1938 1721 Filium,
1983 1666 2032 1711 et

451 1749 671 1803 Patrem
716 1750 870 1805 habet
908 1751 974 1818 ³³,
1011 1766 1075 1806 ac
1120 1751 1241 1806 vice
1288 1765 1469 1815 versa,
1519 1752 1610 1822 qui
1655 1749 1854 1805 Filium
1896 1750 2027 1818 odit,

2138 1481 2314 1532 τάνων
2345 1483 2494 1549 μισεῖ
2514 1481 2604 1533 τὸν
2631 1480 2762 1533 Θεόν
2783 1497 2797 1510 ·
2839 1482 2987 1552 μισεῖ
3023 1481 3132 1554 γὰρ
3175 1483 3366 1552 σοφίαν
3399 1485 3494 1538 xui
3520 1484 3729 1538 δικαιο-

2143 1569 2332 1640 σύνην,
2366 1571 2505 1642 ἆπερ
2531 1571 2647 1622 ἐστὶ
2678 1569 2932 1640 Χριστός.
2967 1571 3078 1623 Καὶ
3105 1569 3158 1622 τί
3205 1570 3518 1640 θαυμαστὸν
3540 1613 3554 1637 ,
3591 1571 3723 1624 ὅπου

2141 1657 2332 1714 ἑαυτὸν
2366 1661 2394 1713 ό
2421 1659 2748 1732 ἁμαρτάνων
2777 1663 2926 1730 μισεῖ
2947 1676 2961 1724 ;
2985 1660 3141 1713 Κατὰ
3163 1661 3272 1732 γὰρ
3296 1659 3636 1732 Σολομῶντα⁶
3675 1661 3727 1712 '0

2137 1749 2560 1821 ἀπωθούμενος
2612 1751 2890 1804 παιδείαν
2931 1751 3105 1820 μισεῖ
3161 1751 3399 1805 ἑαυτόν.
3447 1749 3658 1804 Οὐκοῦν
3698 1752 3728 1803 ό

451 1839 566 1894 odit
589 1851 635 1896 et
669 1841 886 1896 Patrem
913 1842 977 1896 ³³.
1006 1841 1267 1912 Quisquis
1294 1858 1423 1898 vero
1447 1850 1656 1914 peccat,
1683 1843 1797 1897 odit
1825 1842 1993 1897 Deum
2021 1862 2033 1897 :

2144 1844 2316 1915 μισῶν
2344 1845 2470 1908 τοὺς
2499 1843 2791 1915 μισοῦντας
2818 1844 2907 1898 τὸν
2938 1844 3070 1898 Θεὸν
3104 1844 3244 1916 πλὴν
3272 1844 3466 1914 λογίων
3496 1842 3607 1896 τῶν
3639 1842 3728 1896 εὐι-

447 1935 560 1988 odit
591 1936 792 2005 quippe
826 1935 1156 2005 sapientiam
1187 1934 1592 2005 justitiamque,
1623 1936 1835 1990 scilicet
1869 1933 2031 1988 Chri-

450 2045 618 2087 smm.
697 2031 907 2104 Ecquid
967 2032 1220 2086 mirum?
1263 2033 1486 2103 quando
1536 2048 1595 2088 se
1625 2033 1742 2104 ipse
1777 2039 2033 2104 peccator

452 2126 595 2180 odit.
648 2123 812 2189 Nam,
848 2141 915 2179 ex
967 2123 1280 2192 Salomone,
1315 2126 1405 2197 qui
1433 2122 1628 2180 deserit
1671 2125 2031 2194 disciplinam,

447 2214 559 2269 odit
595 2215 916 2284 seipsum“.
968 2213 1155 2287 Itaque
1183 2216 1278 2287 qui
1313 2214 1430 2271 odit
1458 2231 1553 2272 eos
1573 2215 1666 2286 qui
1696 2214 1868 2270 Deum
1903 2215 2034 2271 ode-

451 2313 606 2370 runt,
641 2322 852 2372 omnes,
889 2308 1134 2378 exceptis
1185 2323 1318 2364 sane
1369 2307 1503 2362 viris
1551 2305 1919 2378 prudentibus
1969 2321 2034 2362 ac

447 2398 746 2468 religiosis,
801 2399 928 2453 odio
967 2399 1226 2465 habebit;
1263 2399 1373 2453 imo
1410 2399 1652 2469 seipsum
1686 2406 2027 2468 peccantem.

446 2489 634 2560 Neque
674 2507 805 2546 sane
856 2492 1181 2561 putandum,
1218 2492 1474 2546 animalia
1525 2507 1648 2546 esse
1700 2506 1822 2561 quae
1857 2489 2024 2544 Deum

447 2583 715 2637 oderunt:
777 2583 871 2638 sed
930 2587 1070 2638 mala
1125 2585 1243 2652 ipsa
1286 2583 1603 2639 hominibus
1651 2581 2023 2645 obvenientia,

445 2674 628 2746 qualis
673 2684 757 2730 est
797 2676 1027 2741 malitia,
1069 2675 1189 2748 [Dei
1235 2677 1421 2732 odium
1466 2673 1738 2748 pariunt.]
1793 2676 2024 2745 Ipseque

445 2767 708 2838 injustus,
746 2775 1018 2838 quatenus
1087 2768 1327 2838 injustus
1385 2779 1490 2831 est,
1547 2767 1717 2823 Deum
1770 2767 1922 2832 odit;
1973 2766 2023 2820 id

2139 1935 2479 1990 σεϐεστάτων
2510 1935 2714 2000 πάντας
2737 1938 2960 2008 μισήσει
2988 1937 3080 1990 καὶ
3103 1935 3292 1991 ἑαυτὸν
3323 1936 3720 2008 ἁμαρτάνοντα.

2141 2028 2302 2080 Ὥστε
2331 2029 2392 2082 οὺ
2431 2027 2546 2093 ζῶα
2579 2028 2862 2098 νομιστέον
2890 2027 2958 2081 τὰ
2987 2028 3248 2099 μισοῦντα
3276 2028 3367 2082 τὸν
3397 2028 3530 2083 Θεὸν
3549 2070 3564 2093 ,
3591 2027 3726 2083 ἀλλὰ

2129 2123 2242 2184 τοῖς
2274 2119 2513 2189 λογικοῖς
2540 2120 2687 2175 κακὰ
2731 2120 3138 2192 συμϐεϐηκότα,
3163 2117 3275 2175 οἷον
3313 2123 3346 2194 ἡ
3381 2122 3594 2176 ἀδικία·
3628 2123 3723 2176 καὶ

2129 2214 2159 2265 ό
2195 2212 2376 2276 ἄδικος
2422 2213 2559 2266 καθὸ
2605 2213 2790 2276 ἄδικος
2847 2217 2996 2285 μισεῖ
3023 2215 3113 2267 τὸν
3144 2214 3276 2268 Θεὸν
3296 2257 3312 2282 ,
3342 2215 3442 2285 τῆς
3487 2216 3545 2269 ὲν
3572 2214 3722 2285 αὐτῷ

2131 2305 2345 2368 ἀδικίας
2369 2305 2526 2358 τοῦτο
2561 2305 2839 2376 ποιούσης.
2887 2306 2996 2358 Καὶ
3026 2306 3107 2358 δεῖ
3127 2305 3297 2359 ταῦτα
3327 2309 3504 2377 μισεῖν
3554 2304 3723 2377 ἐχθρὰ

2131 2398 2466 2469 τυγχάνοντα
2515 2399 2942 2469 προηγουμένως
3001 2399 3176 2470 ἡμῶν.
3229 2399 3340 2452 Καὶ
3387 2398 3575 2470 ῶσπερ
3610 2399 3720 2451 ἀπὸ

2129 2490 2468 2563 τελειότητος
2495 2490 2713 2562 ἔρχεται
2734 2490 3046 2562 δικαιοσύνη
3084 2491 3178 2544 καὶ
3213 2490 3555 2562 σωφροσύνη,
3581 2489 3721 2544 οὕτω

2131 2584 2226 2637 καὶ
2257 2583 2317 2636 τὸ
2345 2582 2544 2636 τοιόνδε
2576 2585 2748 2653 μῖσος.
2779 2582 2989 2637 Οὐκοῦν
3013 2584 3122 2646 πᾶς
3147 2582 3445 2654 ὲχθραίνων
3481 2583 3589 2636 τινὶ
3618 2599 3722 2653 μα-

2131 2675 2298 2738 ταίως
2347 2675 2654 2747 ἐχθραίνει·
2693 2676 2721 2730 ὂ
2758 2676 2821 2748 δὴ
2872 2675 3166 2748 προῦκειτο
3209 2675 3402 2743 δεῖξαι.
3461 2667 3720 2730 Τοιοῦτόν

2133 2769 2248 2819 ὲστι
2283 2767 2378 2820 καὶ
2405 2767 2484 2831 τὸ,
2528 2767 2864 2836 Ἐμίσησάν
2890 2786 2967 2837 με
2995 2767 3239 2836 δωρεάν.

444 2871 641 2934 agente
674 2863 882 2916 malitia
922 2877 1043 2933 quae
1075 2861 1220 2916 inest
1267 2861 1489 2917 eidem:
1526 2873 1689 2931 atque
1756 2860 1870 2914 haec
1899 2858 2052 2922 vitia,
2096 2867 2287 2929 utpote
2351 2860 2595 2925 inimica,
2637 2875 2840 2931 perosa
2895 2870 3112 2932 oportet
3155 2877 3278 2919 esse
3323 2862 3506 2934 potius
3555 2875 3718 2932 quam

444 2969 546 3010 ξοδ
580 2956 746 3026 ipsos.
803 2954 945 3011 Sane
981 2965 1101 3010 uta
1143 2953 1479 3026 perfectione
1544 2955 1817 3019 prodeunt
1874 2953 2089 3025 justitia
2129 2964 2183 3008 et
2214 2957 2610 3025 temperantia,
2649 2957 2725 3010 ita
2778 2959 2965 3013 odium
3019 2959 3339 3028 huiusmodi
3393 2959 3588 3014 eodem
3643 2972 3712 3012 ex

444 3053 595 3108 fonte
643 3051 913 3121 procedit.
960 3049 1223 3121 Quisquis
1265 3067 1395 3122 ergo
1424 3051 1549 3105 odio
1581 3049 1818 3120 aliquem
1853 3047 2037 3110 habet,
2080 3045 2286 3102 temere
2350 3062 2414 3101 ac
2445 3062 2583 3104 vane
2621 3049 2772 3106 odit:
2820 3051 2969 3122 quod
3020 3054 3180 3109 nobis
3227 3052 3569 3124 probandum
3633 3053 3721 3106 in-

441 3141 683 3207 cumbit;
725 3140 1041 3209 hujusmodi
1072 3141 1200 3196 item
1234 3141 1369 3196 illud
1412 3149 1518 3205 est,
1553 3139 1674 3194 odio
1722 3140 2012 3194 habuerunt
2044 3157 2123 3194 me
2141 3140 2307 3210 gratis
2331 3138 2396 3193 ³⁸.

511 3232 716 3287 Eorum
749 3247 878 3286 vero
913 3247 1080 3287 causa
1115 3233 1208 3302 qui
1241 3232 1494 3301 superius
1536 3231 1792 3285 dixerant
1826 3233 2024 3285 animm
2053 3248 2095 3305 ρ

441 3327 582 3397 ejus,
615 3342 719 3379 non
752 3333 829 3378 est
863 3323 1013 3378 salus
1036 3325 1138 3394 ipsi
1165 3327 1218 3378 in
1248 3324 1356 3379 Deo
1383 3324 1523 3394 ejus,
1558 3339 1706 3379 nunc
1731 3325 1825 3388 ait,
1880 3322 2024 3377 Den-

443 3427 520 3474 te:
575 3428 919 3486 peccatorum
979 3418 1299 3480 contrivisti,
1350 3418 1453 3471 hoc
1492 3423 1598 3480 est,
1649 3431 1932 3472 sermones
1970 3424 2026 3469 et

441 3509 761 3580 blaSphema
801 3508 946 3562 dicta
977 3509 1269 3566 adversum
1322 3524 1407 3563 me
1448 3509 1665 3578 prolata
1712 3509 2022 3574 abstulisti;

441 3602 554 3656 imo
580 3615 733 3667 vero,
773 3615 868 3672 eos
910 3601 1003 3672 qui
1048 3601 1179 3654 talia
1209 3600 1498 3655 adversum
1531 3616 1618 3655 me
1667 3601 2019 3672 spargebant,

440 3695 638 3765 impios
675 3670 928 3748 homines
955 3694 1151 3749 alienis
1189 3693 1350 3748 malis
1383 3694 1706 3764 gaudentes,
1753 3693 2024 3748 contrivi-

444 3786 539 3850 sti,
598 3801 873 3856 vocesque
915 3801 1105 3839 eorum
1169 3784 1491 3841 confudisti.
1540 3785 1729 3856 Neque
1763 3785 1896 3840 mihi
1929 3787 2021 3841 uni

441 3887 568 3950 post
597 3879 808 3934 obitum
839 3919 853 3943 ,
888 3879 982 3934 sed
1012 3881 1174 3934 etiam
1207 3881 1486 3943 universo,
1519 3881 1614 3950 qui
1645 3889 1773 3936 tuus
1804 3880 2022 3935 futurus

439 3978 579 4034 erat,
611 3973 810 4040 populo
834 3975 1296 4026 resurrectionem
1336 3972 1562 4040 parasti.
1601 3969 2021 4027 Observandum

439 4069 622 4116 autem
656 4071 762 4126 est,
782 4062 902 4116 loco
935 4062 1080 4117 illius
1108 4063 1278 4128 vocis,
1307 4062 1477 4124 salus,
1508 4059 1832 4117 Hebraicam
1857 4079 2024 4117 usur-

440 4161 628 4223 patam
687 4169 812 4209 esse
861 4169 1073 4219 vocem,
1131 4170 1251 4224 quze
1291 4171 1492 4210 nomen
1531 4153 1663 4209 Iesu
1717 4156 2016 4227 exprimit:

438 4253 604 4316 atque
631 4247 804 4302 totius
838 4247 1033 4316 psalmi
1061 4249 1373 4312 terminum,
1407 4249 1516 4303 duo
1544 4250 1723 4318 capita
1759 4250 2022 4303 doctrinae

437 4339 765 4408 complecti;
821 4340 1079 4394 nimirum
1131 4341 1385 4394 virtutem
1449 4340 1664 4395 Domini
1718 4343 2017 4396 salutarem

434 4442 595 4496 esse;
630 4429 918 4501 ipsumque
947 4433 1146 4502 populo
1181 4448 1303 4497 suo,
1331 4433 1424 4504 qui
1449 4449 1544 4503 per
1573 4435 1749 4504 ipsum
1787 4435 2018 4488 salutem

438 4529 773 4578 consecutus
820 4532 925 4588 est,
969 4524 1402 4580 benedictionem
1436 4526 1865 4596 impertiturum.
1919 4524 2020 4580 Be-

2211 3229 2370 3283 Ἀλλὰ
2395 3227 2489 3282 xui.
2516 3229 2603 3283 διὰ
2642 3231 2767 3294 τοὺς
2809 3228 3068 3302 ἀνωτέρω
3117 3231 3413 3303 εἰρηκότας
3457 3233 3522 3306 τῇ

2127 3322 2317 3394 αὐτοῦ,
2358 3325 2479 3377 Uine
2512 3323 2644 3376 ἐστι
2675 3324 2940 3390 σωτηρία
2966 3322 3128 3388 αὐτῷ
3151 3324 3221 3376 ἐν
3241 3322 3319 3390 τῷ
3348 3324 3471 3391 Θεῷ
3503 3328 3716 3395 αὑτοῦ,

2126 3414 2220 3470 νῦν
2249 3431 2414 3485 φησιν
2435 3431 2449 3443 ·
2499 3413 2771 3480 Ὀδόντας
2790 3409 3154 3483 ἁμαρτωλῶν
3177 3414 3567 3486 συνέτριψας,
3599 3437 3719 3474 του.

2124 3507 2414 3570 τέστιτοὺς
2433 3506 2623 3575 λόγους
2647 3506 2741 3559 καὶ
2769 3506 2867 3570 τὰς
2888 3505 3009 3560 κατ’
3027 3505 3161 3576 ἐμοῦ
3185 3507 3536 3580 βλασφημίας
3565 3527 3633 3565 πε
3642 3530 3720 3584 ρι-

2124 3601 2295 3664 εῖλας·
2335 3599 2472 3654 ἀλλὰ
2514 3600 2609 3654 καὶ
2643 3601 2840 3664 αὐτοὺς
2881 3602 3009 3665 τοὺς
3051 3603 3172 3655 κατ’
3207 3601 3342 3673 ὲμοῦ
3381 3603 3451 3657 τὰ
3491 3603 3717 3659 τοιαῦτα

2125 3691 2555 3762 φθεγξαμένους,
2582 3691 2800 3756 ἀσεϐεῖς
2829 3692 2990 3756 ὄντας
3033 3694 3128 3747 καὶ
3176 3694 3713 3767 ἐπιχαιρεσικάκους,

2127 3785 2477 3857 συνέτριψας,
2518 3787 2613 3840 καὶ
2641 3784 2740 3850 τὰς
2765 3783 2949 3856 φωνὰς
2982 3786 3160 3841 αὐτῶν
3186 3785 3553 3860 κατῄσχυνας.
3601 3789 3715 3842 Καὶ

2124 3878 2185 3930 οὐ
2219 3877 2378 3948 μόνον
2407 3893 2471 3947 γε
2502 3877 2623 3947 ἐμοὶ
2654 3877 2792 3949 μετὰ
2824 3877 2885 3930 τὸ
2912 3877 3245 3949 κοιμηθῆναι
3277 3881 3371 3933 καὶ
3411 3881 3711 3952 ἀναστῆναι

2125 3970 2422 4042 παρέσχου,
2449 3968 2583 4023 ἀλλὰ
2616 3971 2710 4023 καὶ
2742 3971 2906 4023 παντὶ
2928 3969 3004 4042 τῷ
3052 3971 3299 4042 μέλλοντι
3347 3973 3713 4044 χρηματίζειν

2126 4080 2220 4115 σου
2254 4062 2386 4133 λαῷ.
2437 4061 2718 4133 Τηρητέον
2760 4063 2817 4116 δὲ
2843 4101 2857 4127 ,
2893 4063 3004 4127 ὡς,
3041 4063 3163 4116 ἀντὶ
3194 4063 3289 4117 τοῦ
3323 4066 3629 4132 Σωτηρία,
3675 4066 3710 4138 ἡ

2133 4154 2396 4227 Ἐϐραῖκὴ
2430 4156 2580 4227 φωνὴ
2612 4154 2687 4227 (1)
2714 4155 2776 4208 τὸ
2824 4155 2930 4210 τοῦ
2984 4155 3181 4224 Ἰησοῦ
3223 4155 3397 4226 ὄνομα
3445 4156 3711 4229 παρείλη-

2123 4263 2287 4301 πται’
2322 4249 2417 4301 καὶ
2449 4247 2513 4319 δὴ
2543 4247 2604 4300 τὸ
2635 4248 3012 4320 συμπέρασμα
3036 4248 3129 4302 τοῦ
3154 4247 3355 4314 παντὸς
3389 4249 3484 4302 δύο
3525 4249 3711 4319 περιέ-

2124 4357 2207 4411 χει
2237 4339 2613 4404 διδασκαλίαςο
2652 4342 2733 4394 ὅτι
2766 4359 2823 4395 τε
2855 4344 2887 4412 ἡ
2921 4341 3016 4394 τοῦ
3049 4343 3255 4413 Κυρίου
3277 4340 3506 4413 δύναμις
3532 4344 3710 4413 σωτή-

2127 4431 2239 4504 ριός
2265 4433 2402 4496 ἐστι,
2436 4433 2529 4485 καὶ
2552 4433 2634 4486 ὅτι
2665 4431 2828 4496 αὐτὸς
2855 4432 2932 4504 τῷ
2962 4433 3126 4486 αὐτοῦ
3158 4432 3292 4503 λαῷ,
3329 4434 3409 4504 τῷ
3439 4433 3509 4487 δι’
3543 4434 3708 4488 αὑτοῦ

2126 4523 2472 4595 σεσωσμένῳ,
2505 4525 2604 4596 τὴν
2629 4524 2877 4593 εὐλογίαν
2910 4525 3157 4595 παρέξει.
3210 4524 3442 4593 Εὐλογία
3489 4525 3546 4578 δὲ
3575 4527 3712 4580 πάν-

437 4615 679 4671 nedictio
752 4625 932 4671 autem
981 4617 1285 4687 spiritualis
1341 4633 1570 4688 prorsus
1620 4625 1731 4679 est,
1788 4632 1855 4670 ex
1911 4617 2014 4670 hoc

2131 4633 2228 4678 τως
2273 4613 2620 4686 πνευματικὴ
2658 4615 2801 4669 κατὰ
2833 4615 2921 4669 τὸν
2964 4616 3283 4670 Ἀπόστολον
3311 4618 3532 4670 εἰπόντα
3553 4636 3565 4649 ·
3595 4619 3711 4671 Et»

439 4710 686 4782 Apostoli
722 4711 907 4764 dicto:
944 4709 1261 4764 Benedictus
1311 4709 1452 4762 Deus
1485 4719 1534 4764 et
1587 4708 1751 4762 Pater
1800 4708 2017 4763 Domini

437 4808 609 4860 nostri
634 4805 766 4860 Jesu
799 4804 1024 4870 Christi,
1047 4806 1137 4874 qui
1163 4804 1432 4858 benedixit
1464 4821 1560 4856 nos
1591 4805 1648 4856 in
1679 4804 1823 4857 omni
1859 4805 2013 4857 bene-

435 4897 664 4951 dictione
687 4895 957 4967 spirituali
984 4897 1038 4948 in
1071 4893 1366 4949 caelestibus
1397 4895 1450 4947 in
1480 4893 1694 4946 Christo
1712 4891 1778 4945 ³⁸.
1813 4890 1980 4943 Proin
2002 4919 2014 4929 ο

436 4990 614 5061 deque
639 4991 696 5044 in
728 4989 934 5045 Christi
967 4996 1090 5044 ortu
1135 4987 1376 5058 Josepho
1407 4987 1614 5041 dictum
1663 4984 1765 5039 fuit
1810 4985 1878 5038 ab
1919 4999 2015 5036 an-

438 5083 590 5152 gelo:
631 5070 700 5135 Εἰ
733 5082 948 5150 vocabis
977 5097 1165 5135 nomen
1199 5080 1312 5148 ejus
1347 5077 1554 5143 Jcsum,
1588 5078 1699 5147 ipse
1733 5076 1873 5130 enim
1903 5074 2016 5128 sal-

436 5190 555 5228 uum
583 5175 745 5242 faciet
763 5175 1015 5244 populum
1044 5190 1200 5228 suum
1217 5173 1284 5236 ³⁷,
1319 5172 1414 5242 qui
1437 5173 1598 5228 etiam
1623 5169 1830 5240 papuli,
1864 5167 2007 5222 beati

435 5275 722 5322 vocantur.
759 5266 886 5322 Haec
930 5266 1321 5336 speculationis
1354 5279 1504 5318 more
1532 5263 1678 5317 dicta
1718 5269 1868 5316 sunt.
1900 5256 2008 5313 Po-

435 5367 543 5412 test
576 5361 740 5414 etiam
777 5359 884 5414 dici
936 5360 1147 5423 isthmc,
1211 5376 1331 5430 quae
1377 5365 1556 5411 tamen
1611 5353 1930 5425 prephetice
1981 5368 2010 5406 a

438 5448 640 5505 Davide
671 5451 1031 5520 praenuntiata
1081 5451 1319 5515 fuerant,
1367 5447 1435 5502 ad
1494 5447 1732 5500 litteram
1784 5444 2008 5514 impleta

437 5540 604 5597 fuisse
643 5543 736 5595 illo
763 5552 1006 5613 tempore
1035 5558 1100 5598 ac
1133 5558 1316 5598 rerum
1348 5540 1831 5601 conditione,cum
1863 5536 2007 5592 filius

502 5656 545 5685 ’⁷
592 5653 723 5708 Luc.
757 5670 810 5707 Vl
833 5695 847 5715 ,
879 5655 969 5710 28.
1046 5656 1093 5687 ’⁸
1135 5655 1323 5710 Matth.
1361 5673 1390 5708 v
1415 5695 1429 5717 ,
1465 5654 1553 5708 4-4.
1633 5655 1677 5684 ²⁹
1717 5651 1859 5708 Psai.
1894 5667 2005 5712 VII.
2039 5653 2046 5700 ἕ

2172 5650 2216 5681 ³ο
2257 5649 2399 5706 Psal.
2437 5666 2722 5715 cxxxvut,
2749 5653 2839 5707 21.

1508 5726 1551 5756 ⁸⁸
1584 5723 1727 5780 Psai.
1770 5739 1952 5790 xxxrv,
1985 5723 2071 5776 19.
2140 5721 2183 5752 ³⁸
2221 5723 2417 5793 Ephes.
2447 5739 2484 5789 ι,
2514 5731 2564 5786 3,
2633 5733 2673 5764 ³⁷
2710 5729 2898 5786 ilatth.
2925 5750 2960 5799 ι,
2994 5733 3083 5798 2t,

443 5724 661 5778 "Joan.
692 5742 780 5783 xv,
812 5727 900 5779 ‘25.
979 5726 1023 5758 “
1043 5725 1205 5782 P.r0v.
1228 5743 1314 5788 xv,
1339 5725 1427 5780 52.

500 5817 580 5876 lii
609 5818 870 5873 llebraica
905 5833 1009 5874 vox
1038 5828 1123 5877 est
1158 5839 1168 5872 :
1204 5827 1399 5883 nam.

2123 4706 2379 4776 λογητός
2412 4710 2444 4760 ό
2476 4708 2620 4772 Θεὸς
2652 4707 2752 4760 καὶ
2784 4707 2988 4776 Πατὴρ
3013 4709 3119 4762 τοῦ
3141 4710 3366 4777 Κυρίου
3395 4708 3562 4778 ¹ἡμῶν
3607 4710 3711 4777 Ἰη-

2125 4797 2241 4852 σοῦ
2269 4801 2528 4868 Χριστοῦ
2549 4817 2561 4830 ·
2589 4803 2621 4853 ό
2647 4799 2991 4870 εὐλογήσας
3027 4801 3184 4872 ἡμᾶς
3222 4803 3293 4854 ἐν
3330 4800 3498 4871 πασῃ
3530 4804 3708 4856 εὐλο-

2123 4892 2222 4960 γίᾳ
2255 4891 2634 4962 πνευματικῇ
2671 4893 2743 4948 ἐν
2785 4897 2910 4962 τοῖς
2948 4893 3328 4965 ἐπουρανίοις
3359 4897 3428 4948 ἐν
3453 4895 3705 4965 Χριστῷ.

2127 4982 2317 5036 ’Ένθεν
2347 4985 2439 5038 ἐπὶ
2470 4983 2570 5055 τῆς
2616 4983 2710 5039 τοῦ
2741 4986 2992 5059 Σωτῆρος
3037 4987 3304 5056 γενέσεως
3342 4987 3591 5042 λέλεκται
3629 4987 3709 5057 τῷ

2137 5075 2332 5147 Ἰωσὴφ
2367 5077 2471 5130 ὑπὸ
2493 5075 2585 5129 τοῦ
2621 5078 2856 5146 ἀγγέλου
2879 5094 2892 5109 ·
2941 5079 3055 5133 Καὶ
3089 5062 3372 5145 καλέσεις
3416 5077 3479 5134 τό
3522 5079 3708 5149 ὄνομα

2117 5165 2304 5219 αὑτοῦ
2369 5167 2604 5235 Ἰησοῦν
2626 5186 2638 5198 ·
2685 5169 2870 5237 αὐτὸς
2897 5171 3006 5240 γὰρ
3050 5171 3234 5224 σώσει
3265 5171 3374 5224 τόν
3403 5170 3557 5224 λαὸν
3603 5174 3707 5225 αὐ-

2119 5257 2245 5322 τοῦ,
2278 5257 2370 5322 οὒς
2400 5261 2493 5313 καὶ
2529 5261 2835 5333 μακαρίους
2863 5263 2891 5317 ὁ
2920 5263 3078 5331 λόγος
3123 5263 3350 5332 ἔφασκε.
3389 5263 3577 5316 Ταῦτα
3610 5264 3706 5333 μὲν

2118 5346 2212 5403 οὖν
2241 5367 2324 5414 τις
2344 5352 2486 5405 κατὰ
2509 5353 2741 5424 θεωρίαν
2769 5354 2877 5408 τῶν
2916 5353 3312 5426 προκειμένων.
3369 5355 3528 5408 Είποι
3555 5352 3599 5406 δ’
3643 5353 3706 5406 ἄν

2119 5457 2202 5508 τις
2225 5443 2320 5496 καὶ
2350 5443 2485 5514 πρὸς
2502 5443 2648 5511 λέξιν
2683 5446 3075 5518 πεπληρῶσθαι
3120 5447 3291 5500 αὐτά·
3338 5444 3707 5517 προλεχθέντα

2123 5535 2222 5605 μὲν
2249 5535 2352 5592 ὑπὸ
2385 5535 2480 5591 τοῦ
2498 5536 2660 5591 Δαυῖδ
2690 5539 3043 5611 προφητικῶς
3076 5540 3134 5594 ὲν
3179 5537 3358 5611 καιρῷ
3397 5537 3499 5608 τῆς
3550 5553 3702 5606 περι·

2919 5653 2963 5685 ³¹
2999 5652 3190 5710 Matth.
3233 5655 3398 5721 x,~40.
3479 5654 3524 5686 "
3567 5653 3701 5711 ibid.
