4064 6372
316 295 420 349 {Ol

1459 290 1972 349 COMMENTARIA
2012 291 2078 346 IN
2117 289 2460 346 PSALMOS.

3501 296 3521 349 1
3535 300 3605 351 02

316 415 587 477 στάσεως,
619 412 858 484 ὁπηνίκα
885 408 914 461 6
940 410 1054 474 υίὸς
1078 411 1301 465 ἐδίωκεν
1330 412 1514 476 αὑτὸν,
1539 414 1632 466 ἐπὶ
1662 415 1835 485 πέρας
1861 415 1904 467 δὲ

2025 420 2446 481 persequeretur
2470 425 2594 465 eum
2621 427 2635 477 ;
2669 407 2764 464 sed
2793 409 2861 464 ad
2895 409 3189 465 terminum
3226 424 3336 464 non
3367 412 3598 465 multum

313 505 535 580 ἡγμένα
580 505 698 575 μετ’
744 504 806 557 οὐ
857 501 992 556 πολὺ
1019 543 1033 567 ,
1069 503 1158 556 ὅτε
1195 505 1254 556 ὲν
1281 506 1347 575 τῇ
1370 503 1466 556 τοῦ
1511 505 1748 575 πολέμου
1776 522 1916 576 συμ-

313 598 450 668 ϐολῇ
482 595 672 650 πίπτει
708 595 807 666 μὲν
835 596 863 648 ὁ
905 593 1282 665 Ἀϐεσσαλὼμ,
1323 594 1583 649 πίπτουσι
1629 595 1687 648 δὲ
1719 597 1815 649 καὶ
1865 598 1913 648 οἱ

314 689 388 742 τὰ
434 688 566 757 φίλα
613 685 762 756 αύτῷ
790 685 1148 756 φρονοῦντες·
1201 689 1395 757 κρατεῖ
1432 685 1490 738 δὲ
1526 688 1570 757 ὁή
1603 685 1698 739 τοῦ
1749 680 1914 738 Δαυῒδ

319 781 630 854 πρόρρησις
661 782 695 850 ἡ
731 781 984 850 φήσασα·
1048 778 1169 831 Ὅτι
1206 777 1288 832 σὺ
1331 777 1636 844 έπάταξας
1685 776 1915 844 πάντας

317 873 462 939 τοὺς
486 869 915 942 ὲχθραίνοντάς
931 887 1034 940 μοι
1048 871 1314 940 ματαίως
1335 887 1348 900 ·
1376 869 1627 936 ὀδόντας
1653 871 1916 940 ἀμαρτω-

315 967 447 1021 λῶν
470 965 862 1034 συνέτριψας.
891 963 1002 1018 Τοῦ
1035 965 1258 1033 Κυρίου
1287 965 1326 1032 ἡ
1354 964 1642 1032 σωτηρία.
1678 965 1777 1017 καὶ
1813 963 1915 1017 ἐπὶ

315 1059 429 1113 τὸν
448 1059 606 1113 λαόν
633 1073 750 1111 σου
782 1058 821 1125 ἡ
859 1057 1107 1126 εὐλογία
1137 1070 1275 1110 σου.
1314 1055 1564 1124 Ἐλέγετο
1585 1055 1716 1124 γοῦν
1741 1055 1915 1109 ταῦτα

317 1150 697 1222 προφητικῶς,
713 1149 789 1214 ὡς
809 1148 875 1203 ἂν
905 1149 1006 1222 ήδη
1037 1148 1130 1202 τοῦ
1157 1148 1289 1203 λαοῦ
1311 1149 1678 1221 σεσωσμένον,
1696 1148 1790 1203 καὶ
1811 1148 1915 1202 ὑπὸ

317 1244 417 1297 τοῦ
443 1243 608 1297 Δαυῖδ
641 1260 774 1313 γενη
783 1242 972 1313 μένου.

731 1356 1065 1409 ΕΞΗῙἮΣῙΣ
1103 1355 1406 1410 ΨᾹΛΜΟΥ
1448 1357 1521 1410 Δ’.

427 1465 503 1533 (1)
536 1467 640 1531 Είς
659 1464 726 1518 τὸ
757 1464 934 1532 τέλος
965 1466 1036 1518 ἐν
1055 1464 1322 1536 ψαλμοῖς
1345 1465 1469 1534 ᾠδὴ
1495 1461 1575 1532 τῷ
1599 1465 1803 1520 Δαυΐδ.

423 1583 532 1646 Ε’ίς
556 1580 624 1633 τό
649 1579 824 1648 τέλος
862 1579 934 1632 ὲν
959 1579 1173 1649 ὕμνοις
1199 1579 1445 1648 ψαλμὸς
1480 1579 1561 1646 τῷ
1601 1581 1801 1635 Δαυΐδ.

393 1673 605 1745 Ὠσπερ
640 1673 818 1743 πάσης
865 1673 1061 1743 τέχνης
1094 1673 1188 1726 καὶ
1226 1673 1536 1744 ἐπιστήμης
1580 1673 1731 1737 τέλος
1766 1674 1913 1728 ἐστὶν

316 1766 766 1836 (2).........

2019 517 2209 576 postea
2254 506 2512 570 deducta,
2557 520 2682 559 cum
2727 505 2781 558 in
2830 519 3132 575 congressu
3179 503 3354 574 praelii
3401 504 3603 560 cecidit

2017 600 2272 654 Absalom
2307 640 2321 663 ,
2373 599 2691 654 ceciderunt
2767 599 2972 668 pariter
3024 597 3116 667 qui
3170 597 3290 667 ejus
3351 598 3600 667 partibus

2017 692 2324 748 haerebant:
2372 691 2718 762 obtinuitque
2746 690 3028 761 praedictio
3056 691 3146 744 illa
3172 689 3392 746 Davidis
3421 709 3434 745 :
3457 683 3601 751 Quae

2016 786 2164 836 niam
2212 793 2268 836 tu
2314 784 2626 851 percussisti
2675 799 2854 836 omnes
2911 780 3248 836 adversantes
3301 781 3431 835 mihi
3484 784 3598 836 sine

2017 893 2227 931 causa:
2271 877 2454 931 dentes
2507 887 2846 945 peccatorum
2895 877 3212 930 contrivisti.
3266 874 3481 928 Domini
3519 885 3598 929 est

2013 971 2182 1033 salus,
2250 979 2301 1024 et
2366 986 2524 1036 super
2574 969 3040 1038 populumJuum
3111 967 3404 1023 benedictio
3482 977 3594 1022 tua.

2019 1061 2146 1117 Haec
2177 1064 2363 1132 itaque
2413 1063 2731 1133 praphetice
2787 1061 2933 1116 dicta
2986 1070 3135 1124 sunt,
3189 1076 3253 1116 ac
3286 1063 3330 1117 si
3363 1060 3598 1132 populus

2011 1153 2124 1223 jam
2159 1155 2344 1209 salvus
2377 1161 2545 1218 esset,
2578 1161 2634 1208 et
2677 1154 2746 1210 ad
2801 1153 3024 1208 Davidis
3081 1151 3374 1222 imperium
3425 1151 3594 1206 redu-

2015 1254 2159 1303 ctus.

2386 1356 2790 1412 ENABRATIO
2833 1356 3085 1412 PSALMI
3120 1355 3208 1412 IV.

2193 1475 2246 1530 1.
2275 1472 2341 1528 In
2374 1475 2531 1544 ﬁnem
2561 1474 2618 1527 in
2645 1473 2869 1542 psalmis
2910 1473 3178 1526 canticum
3217 1469 3412 1525 David.

2267 1583 2332 1639 In
2361 1586 2519 1655 ﬁnem
2551 1585 2604 1638 in
2634 1584 2842 1655 hymnis
2877 1584 3113 1653 psalmus
3136 1580 3329 1636 David.

2089 1677 2242 1732 Sicut
2273 1678 2519 1748 cujusvis
2550 1678 2687 1733 artis
2718 1692 2781 1730 ac
2813 1677 3054 1732 scientiae
3084 1675 3208 1730 linis
3230 1683 3335 1742 est,
3361 1683 3420 1728 ut
3444 1674 3596 1747 quis-

803 1765 1138 1836 καταντῆσαι
1171 1764 1262 1818 τὸν
1300 1766 1728 1837 μετερχόμενον·
1770 1766 1904 1822 οὕτω

2015 1769 2140 1839 quis
2167 1769 2338 1838 ipsam
2371 1769 2484 1822 adit
2514 1769 2579 1822 ad
2620 1766 3008 1837 perfectionem
3037 1766 3289 1820 deveniat
3319 1783 3333 1827 ;
3366 1766 3439 1820 ita
3470 1780 3592 1820 om-

314 1861 507 1928 πάσης
543 1858 761 1929 λογικῆς
791 1857 1028 1927 φύσεως,
1067 1858 1128 1910 τὸ
1159 1859 1216 1910 ἐν
1249 1857 1471 1928 Χριστῷ
1511 1857 1904 1931 ζωοποιηθῆναι

2017 1864 2104 1917 nis
2133 1862 2420 1917 rationalis
2449 1870 2661 1915 natura:
2693 1861 2815 1916 linis
2845 1869 2927 1914 est
2980 1869 3040 1912 ut
3089 1859 3142 1912 in
3174 1857 3396 1913 Christo
3424 1859 3592 1912 vitam

312 1953 472 2016 τέλος
499 1953 666 2014 ἐστὶν,
689 1952 764 2016 ὡς
786 1952 844 2005 ὲν
876 1953 943 2022 τῇ
978 1951 1170 2023 πρώτῃ
1204 1951 1342 2023 πρὸς
1374 1951 1692 2024 Κορινθίους
1718 1954 1746 2005 ὁ
1763 1952 1913 2006 Παῦ-

310 2043 407 2107 λός
432 2060 566 2113 φησι
594 2043 766 2111 λέγων
787 2041 865 2113 τῷ
892 2043 1008 2113 ἰδίῳ
1040 2042 1313 2113 τάγματι·
1341 2044 1498 2096 Δοκεῖ
1527 2059 1715 2113 μη.....
1854 2055 1912 2097 εν

312 2136 658 2208 ὑπογράφειν
690 2135 966 2200 ἁπάντων,
995 2134 1068 2198 ὡς
1097 2137 1153 2187 αἱ
1179 2135 1410 2188 ἑκάστου
1441 2132 1910 2206 ζωοποιουμένου

307 2226 452 2297 πρὸς
481 2227 581 2298 τὴν
614 2225 770 2290 ἀξίαν
801 2226 938 2297 μετὰ
963 2225 1245 2296 βασάνους.
1277 2227 1348 2279 Ἦ
1380 2227 1473 2279 καὶ
1508 2226 1712 2280 τούτων
1742 2228 1911 2298 χωρὶς

309 2317 686 2384 ζ’ωοποιήσας
717 2319 774 2372 δὲ
820 2317 1028 2382 πάντας
1073 2319 1308 2390 Χριστὸς
1352 2320 1410 2372 ὲν
1449 2318 1628 2389 ἑαυτῷ
1657 2320 1784 2383 τοὺς
1832 2319 1911 2391 τῷ

322 2409 500 2481 Ἀδὰμ
519 2410 957 2482 ἀποθνήσκοντας
983 2408 1254 2480 βασιλεύει
1272 2410 1390 2464 τῶν
1414 2409 1906 2480 ζωοποιηθέντων·

307 2507 400 2575 ἐφ’
427 2506 457 2558 ὃ
478 2503 780 2577 παρεκάλει
791 2505 915 2567 τοὺς
942 2503 1219 2567 συνιέντας
1238 2505 1372 2574 ήείς
1398 2502 1464 2556 τὸ
1489 2503 1663 2570 τέλος
1683 2506 1909 2576 ἐπιγρα-

308 2598 410 2669 φή.
433 2597 674 2651 Παντὶδὲ
692 2594 1078 2666 ἀγωνιζομένῳ
1101 2594 1254 2659 τέλος
1275 2596 1308 2667 ή
1332 2594 1477 2666 νίκη.
1495 2596 1799 2668 Πολλαὶμὲν
1815 2592 1908 2651 οῦν

306 2691 368 2742 αἱ
397 2689 544 2742 κατὰ
579 2689 742 2760 μέρος
761 2688 930 2753 νίκαι,
965 2688 1059 2740 καὶ
1086 2686 1238 2751 τέλος
1269 2687 1302 2759 ἢ
1351 2687 1483 2740 ποτὲ
1532 2687 1629 2758 μὲν
1660 2687 1908 2758 λέγοντος

308 2779 560 2833 Παύλου·
609 2780 712 2834 Ἐν
753 2780 985 2845 τούτοις
1015 2776 1204 2833 πᾶσιν
1236 2777 1645 2848 ὑπερνικῶμεν
1675 2779 1772 2834 διὰ
1801 2779 1907 2833 τοῦ

303 2869 744 2940 ἀγαπήσαντος
765 2867 957 2940 ἡμᾶς·
990 2869 1122 2922 ποτὲ
1154 2869 1211 2922 δέ
1234 2886 1246 2898 ’
1279 2870 1392 2924 Τὸν
1420 2869 1623 2941 ἀγῶνα
1654 2871 1762 2924 τὸν
1799 2886 1907 2924 κα-

306 2963 431 3016 λὸν
455 2961 809 3032 ἠγώνισμαι,
836 2961 947 3016 τόν
975 2961 1200 3031 δρόμον
1225 2963 1527 3025 τετέλεκα,
1558 2961 1674 3030 τὴν
1699 2966 1908 3018 πίστιν

307 3053 642 3122 τετήρηκαο
674 3056 893 3109 λοιπὸν
925 3055 1238 3108 ἀπόκειταί
1270 3071 1374 3123 μοι
1401 3057 1434 3108 ό
1466 3051 1574 3121 τῆς
1597 3053 1904 3109 δικαιοσύ-

2015 1954 2288 2035 accipiat,
2328 1953 2792 2024 quemadmodum
2849 1953 3116 2023 inprima
3163 1952 3229 2006 ad
3275 1950 3593 2007 Corinthios

2015 2045 2258 2116 Epistula
2278 2048 2353 2100 ait
2381 2045 2584 2100 Paulus
2617 2045 2682 2100 ³⁸.
2729 2084 2744 2098 .
2785 2084 2801 2098 .
2846 2085 2863 2100 .
2907 2087 2922 2100 .
2967 2085 2982 2100 .
3027 2086 3040 2099 .
3083 2083 3098 2098 .
3141 2083 3157 2099 .
3201 2043 3440 2114 Singulis
3471 2051 3594 2114 post

2014 2141 2292 2194 Cruciatus
2322 2155 2420 2208 pro
2451 2139 2648 2193 merito
2683 2153 2787 2192 suo
2831 2137 3130 2206 viviﬁcatis.
3169 2135 3465 2206 Postquam
3493 2152 3594 2191 au-

2015 2237 2120 2283 tem
2148 2229 2398 2284 Christus
2427 2244 2619 2284 omnes
2647 2229 2741 2299 qui
2774 2227 2830 2282 in
2859 2228 3069 2281 Adamo
3100 2225 3302 2279 mortui
3339 2232 3517 2290 erant,
3536 2225 3592 2278 in

2014 2323 2194 2390 scipso
2246 2321 2550 2389 viviﬁcavit,
2611 2333 2804 2390 regnat
2837 2319 2890 2372 in
2923 2319 3260 2386 viviﬁcatos:
3311 2316 3378 2369 ad
3426 2331 3590 2386 quam

2012 2430 2126 2469 rem
2154 2415 2401 2468 homines
2419 2413 2774 2482 intelligentia
2796 2412 3052 2482 praeditos
3073 2409 3586 2479 evocatinscriptio,

2012 2507 2067 2560 in
2093 2507 2270 2576 ﬁnem.
2300 2505 2461 2561 Omni
2515 2512 2698 2560 autem
2745 2504 3015 2574 prmlianti
3052 2502 3175 2556 ﬁnis
3207 2502 3437 2555 victoria
3482 2510 3586 2557 est.

2024 2599 2204 2654 Multa:
2223 2613 2391 2670 porro
2416 2605 2545 2652 sunt
2565 2597 2878 2668 singulatim
2909 2603 3146 2666 accepta:
3172 2597 3592 2666 victoriamqua-

2011 2708 2132 2746 rum
2148 2691 2306 2745 linem
2331 2687 2832 2750 describitPaulus,
2854 2687 3016 2742 modo
3041 2686 3262 2742 dicens:
3299 2684 3362 2739 In
3381 2687 3461 2740 his
3480 2703 3594 2740 om-

2011 2783 2166 2838 nibus
2196 2798 2515 2848 superamus
2537 2789 2754 2850 propter
2774 2796 2890 2834 eum
2912 2781 2999 2850 qui
3021 2779 3205 2833 dilexit
3223 2796 3317 2832 nos
3340 2779 3407 2844 ";
3428 2777 3592 2832 modo

2009 2884 2222 2931 autem:
2245 2876 2450 2929 Bonum
2475 2883 2741 2928 certamen
2760 2872 2975 2935 certavi,
2997 2887 3212 2926 cursum
3230 2869 3612 2933 consummavi,

2009 2972 2166 3040 ﬁdem
2195 2969 2396 3024 servavi
2427 2983 2446 3022 :
2485 2969 2540 3021 in
2591 2968 2793 3036 reliquo
2833 2965 3060 3034 reposita
3113 2974 3191 3018 est
3233 2965 3362 3018 mihi
3392 2980 3591 3018 corona

1998 3061 2254 3131 justitiw,
2269 3077 2428 3131 quam
2445 3058 2623 3113 reddet
2645 3058 2775 3112 mihi
2796 3055 3052 3111 Dominus
3070 3056 3135 3109 "°.
3156 3053 3358 3110 Psalmi
3378 3053 3584 3125 itaque,

307 3163 426 3212 mc
447 3145 768 3214 στέφανος,
797 3146 871 3200 ὃν
905 3146 1208 3202 ἀποδώσει
1240 3163 1342 3216 μοι
1377 3148 1410 3200 ὀ
1451 3148 1690 3215 Κύριος.
1723 3149 1786 3200 Οἱ
1814 3144 1904 3201 οὖν

2012 3157 2068 3207 in
2099 3155 2260 3224 ﬁnem
2316 3153 2420 3223 ipsi
2451 3151 2624 3206 David
2683 3150 2957 3219 inscripti,
2991 3150 3152 3202 tinem
3193 3147 3492 3218 praedicant
3526 3162 3591 3200 ac

305 3237 782 3312 ἐπιγεγραμμένοι
810 3241 896 3306 είς
932 3239 1000 3293 τὸ
1038 3239 1215 3306 τέλος
1243 3238 1324 3304 τῷ
1363 3238 1565 3304 Δαυῒδ,
1621 3240 1774 3304 τέλος
1813 3243 1908 3295 καὶ

306 3332 467 3402 νίκην
491 3331 894 3402 ἀπαγγέλλουσι
920 3333 1013 3387 τοῦ
1031 3331 1269 3404 Χριστοῦ
1294 3331 1590 3404 λεγομένου
1607 3333 1785 3386 Δαυΐδο
1813 3336 1909 3389 καὶ

303 3426 436 3478 ἀντὶ
463 3423 582 3490 τοῦ,
615 3427 703 3492 είς
735 3425 932 3492 τέλος,
969 3426 1111 3480 κατὰ
1146 3427 1238 3480 τὸν
1281 3426 1536 3490 Ἀκύλαν,
1569 3426 1907 3483 νικοποιοῦ.

306 3513 483 3567 Παντὶ
527 3514 638 3586 γὰρ
684 3515 1021 3587 νενικημένῳ
1068 3517 1482 3588 περιποιήσεται
1534 3517 1712 3588 νίκην.
1773 3517 1907 3571 Ὑπὸ

303 3601 548 3676 Χριστοῦ
581 3608 690 3680 γάρ
733 3625 816 3672 τις
860 3607 1192 3680 νικώμενος,
1237 3607 1335 3680 τὴν
1381 3608 1580 3662 κακίαν
1625 3609 1904 3680 νενίκηκε,

303 3699 514 3770 ταύτην
559 3699 900 3769 ἐξαφανίζων
933 3701 1011 3774 τῷ
1066 3701 1433 3772 ὑποτετάχθαι
1470 3703 1714 3776 Χριστῷ.
1759 3704 1908 3775 Νικᾷ

303 3793 418 3866 γὰρ
450 3793 554 3846 οὐκ
581 3793 837 3860 ἄκοντας,
867 3793 1002 3847 ἀλλὰ
1035 3794 1243 3848 πείθων
1271 3793 1349 3857 ὡς
1375 3793 1534 3864 λόγος
1570 3795 1726 3850 Θεοῦ.
1765 3797 1906 3859 Τοὺς

302 3884 362 3937 δὲ
392 3883 671 3948 τοιούτους
707 3883 909 3955 ὕμνους
937 3885 971 3956 ἢ
1001 3885 1273 3958 ψαλμοὺς,
1308 3889 1397 3952 εὶς
1441 3886 1507 3940 τὸ
1539 3886 1732 3953 νῖκος,
1771 3886 1904 3940 Θεο-

299 3977 496 4030 δοκίων
539 3976 850 4049 ἐπέγραψεο
902 3978 1199 4050 Σύμμαχος
1229 3979 1307 4046 δὲ,
1349 3979 1701 4045 ἐπινικίους.
1747 3979 1906 4035 Οὕτω

297 4071 361 4129 δὲ
398 4073 544 4130 νοεῖν
586 4071 826 4140 εῦλογον,
854 4071 959 4125 κᾶν
985 4073 1062 4144 μὴ
1087 4071 1166 4143 τῷ
1193 4071 1359 4125 Δαυῒδ
1387 4067 1521 4125 ὦσιν
1554 4073 1903 4144 ἐπιγεγραμ-

303 4168 484 4240 μένοι,
511 4166 629 4221 ἀλλ’
653 4170 742 4233 είς
783 4165 852 4220 τὸ
890 4164 1065 4233 τέλος
1110 4166 1273 4237 τυχὸν
1322 4164 1403 4232 τῷ
1444 4165 1649 4235 Ἀσὰςρ,
1697 4165 1731 4238 ἢ
1779 4167 1904 4232 τοῖς

300 4261 459 4327 υὶοῑς
485 4259 661 4328 Κορὲ,
692 4258 770 4329 τῷ
797 4259 922 4323 τοὺς
955 4259 1146 4329 ἁγίους
1179 4257 1530 4329 ἀναδεδέχθαι
1568 4258 1776 4323 πάντας
1803 4259 1902 4330 τὴν

297 4354 493 4408 εἰκόνα
523 4351 784 4424 Χριστοῦ.
810 4351 885 4404 Τὸ
916 4349 972 4404 δὲ
998 4351 1069 4405 ἐν
1098 4351 1368 4421 ψαλμοῖς
1402 4349 1552 4422 παρὰ
1578 4353 1691 4414 τοῖς
1719 4350 1900 4404 Ἑόδο-

303 4453 558 4519 μήκοντα
591 4445 686 4500 καὶ
728 4445 977 4511 Ἀκύλας,
1013 4446 1132 4517 (sic)
1167 4445 1501 4518 σαφέστερον
1529 4449 1558 4498 ό
1583 4444 1897 4517 Σύμμαχος,

2011 3247 2296 3300 victoriam
2345 3244 2596 3309 Christi,
2640 3243 2734 3314 qui
2769 3241 2940 3296 David
2967 3249 3212 3297 vocatur.
3257 3239 3388 3295 Vice
3411 3247 3590 3294 autem

2010 3339 2178 3402 illius,
2209 3339 2264 3391 in
2287 3335 2778 3407 ﬁnem,secundum
2806 3334 3082 3404 Aquilam,
3110 3330 3586 3394 victoris,dicitur.

2007 3428 2058 3485 Is
2109 3431 2254 3485 enim
2303 3427 2528 3483 cuilibet
2556 3427 2701 3481 victo
2717 3426 3000 3480 victoriam
3031 3424 3254 3478 tribuet.
3275 3421 3409 3476 Nam
3433 3421 3590 3490 quis-

2005 3525 2130 3594 quis
2156 3540 2184 3576 a
2215 3521 2438 3577 Christo
2465 3521 2727 3583 vincitur,
2778 3519 3043 3572 malitiam
3076 3517 3264 3577 vincit,
3304 3515 3589 3585 ipsamque

2005 3617 2074 3671 de
2101 3616 2279 3670 medio
2304 3615 2468 3679 tollit,
2501 3615 2628 3686 quia
2658 3610 2948 3681 subjicitur
2969 3609 3211 3664 Christo.
3237 3605 3425 3677 Neque
3439 3607 3588 3660 enim

2008 3705 2210 3761 invitos
2243 3705 2412 3760 vincit
2441 3705 2554 3768 ille,
2582 3703 2679 3758 sed
2703 3701 2983 3764 suasione,
3017 3706 3208 3770 utpote
3226 3696 3450 3752 verbum
3470 3695 3585 3752 Dei.

2007 3799 2334 3870 llujusmodi
2369 3813 2534 3869 porro
2580 3797 2815 3868 hymnos
2854 3794 2938 3849 vel
2984 3794 3226 3864 psalmos
3261 3789 3586 3855 Theodotio,

2005 3895 2059 3947 in
2083 3892 2384 3954 victoriam,
2412 3887 2694 3959 inscripsit
2725 3905 2737 3953 ;
2778 3885 3163 3956 Symmachus,
3218 3879 3585 3950 triumphales.

2005 3983 2320 4054 Eademque
2383 3983 2599 4037 ratione
2655 3977 3071 4049 intelligendum
3118 3984 3204 4031 est
3235 3974 3452 4030 etiamsi
3477 3990 3586 4029 non

2005 4073 2200 4128 Davidi
2227 4071 2482 4141 inscripti
2511 4071 2646 4136 sint,
2685 4069 2780 4125 sed
2811 4068 2948 4122 forte
2971 4067 3027 4120 in
3061 4067 3220 4136 ﬁnem
3254 4065 3456 4135 Asaph,
3489 4072 3586 4117 aut

2004 4167 2134 4237 ﬁliis
2163 4166 2316 4233 Core,
2348 4166 2476 4235 quia
2524 4164 2699 4220 sancti
2725 4177 2916 4218 omnes
2955 4175 3054 4231 pro
3087 4160 3324 4230 imagine
3379 4158 3584 4213 Christi

2004 4258 2298 4314 habentur.
2355 4255 2493 4310 lllud
2551 4264 2728 4309 autem
2796 4253 2848 4306 in
2878 4252 3100 4320 psalmis
3149 4250 3296 4320 quod
3350 4250 3404 4304 in
3443 4246 3586 4303 LXX

2003 4361 2059 4409 et
2084 4353 2138 4406 in
2161 4351 2356 4422 Aquila
2381 4349 2601 4420 legitur,
2633 4345 2880 4416 apertius
2905 4344 3270 4417 Symmachus
3298 4358 3418 4395 cum
3445 4341 3585 4410 psal-

2006 4443 2150 4496 teriis
2201 4425 2421 4505 edidit;
2469 4439 2738 4507 docetque
2791 4451 2918 4491 cum
2967 4433 3249 4505 psalteriis
3304 4432 3585 4486 canticum

298 4539 401 4594 διὰ
438 4538 794 4607 ψαλτηρίων
817 4537 1048 4602 ἐξέδωκε
1077 4538 1318 4592 διδασκο.
1340 4579 1354 4592 .
1371 4579 1385 4592 .
1405 4577 1418 4590 .
1436 4575 1451 4592 .
1473 4576 1486 4591 .
1505 4577 1517 4590 .
1535 4577 1549 4590 .
1568 4576 1584 4592 .
1617 4539 1718 4609 τὴν
1751 4537 1894 4609 ᾠδὴν

2008 4533 2342 4607 persolutum
2393 4531 2583 4587 fuisse.
2652 4529 2917 4586 Psalteria
2974 4528 3175 4598 quippe
3220 4529 3585 4580 instrumenta

301 4629 624 4702 εἰρῆσθαι..
651 4668 665 4680 .
694 4669 707 4680 .
736 4668 750 4682 .
778 4667 792 4681 .
820 4667 835 4679 .
865 4665 879 4679 .
906 4665 922 4680 .
964 4627 1033 4680 τὰ.
1063 4626 1339 4698 ψαλτήρια
1375 4625 1568 4680 πλείω.
1600 4664 1612 4676 .
1640 4663 1654 4678 .
1683 4625 1702 4679 .“
1725 4664 1738 4678 .
1760 4663 1773 4676 .
1797 4667 1811 4681 .
1835 4665 1850 4681 .
1879 4665 1891 4678 .

298 4724 514 4794 ὄργανα
538 4721 605 4773 δι’
639 4715 715 4774 ὧν
743 4720 928 4792 ᾅδεται
953 4719 1012 4773 τὸ
1043 4722 1132 4785 είς
1153 4719 1219 4771 τὸ
1247 4718 1445 4783 τέλος,
1470 4717 1504 4788 ἢ
1529 4720 1562 4772 ό
1581 4717 1894 4782 ἐπινίκιος,

298 4815 333 4885 ἢ
363 4814 450 4880 τῷ
480 4812 786 4879 νικοποιῷ,
815 4811 844 4865 ὃ
874 4811 1067 4883 δηλοῦν
1092 4810 1236 4864 ἔοικε
1267 4812 1363 4864 καὶ
1401 4811 1462 4864 τὸ
1491 4813 1578 4877 είς
1623 4810 1794 4876 νῖκος
1826 4812 1897 4864 ἐν

298 4909 518 4980 ὕμνοις
545 4906 697 4978 παρὰ
723 4906 800 4976 τῷ
831 4905 1167 4958 Θεοδοτίωνι.
1208 4902 1358 4973 Αῦτη
1390 4904 1572 4956 τοίνυν
1619 4904 1652 4973 ἠ
1695 4901 1829 4974 ᾠδὴ,
1860 4901 1894 4974 ἢ

298 5003 362 5057 τὸ
392 4999 714 5072 μελῴδημα,
737 4997 770 5069 ἢ
799 4997 1012 5068 ψαλμὸς
1033 4996 1130 5068 τὴν
1152 4995 1451 5068 εἰρημένην
1478 4994 1616 5065 ἔχων
1639 4993 1895 5047 ὑπόθεσιν

299 5091 700 5160 ἐπαγγέλλεται
732 5088 936 5160 ταύτην
965 5087 1285 5160 κοινώτερον
1318 5088 1416 5158 μὲν
1448 5088 1507 5140 ὲν
1531 5085 1610 5158 τῷ
1635 5087 1895 5158 προφήτῃ

299 5186 488 5252 Λαυῖδ,
522 5181 929 5257 μυστικώτερον
968 5181 1022 5237 δὲ
1055 5181 1135 5254 τῷ
1175 5180 1429 5255 Χριστῷ,
1481 5179 1543 5233 τὸ
1593 5179 1895 5252 πρόσωπον

2006 4636 2154 4690 sunt,
2194 4625 2397 4696 quibus
2424 4621 2556 4676 illud
2597 4621 2650 4674 in
2675 4621 2833 4690 ﬁnem
2867 4619 3108 4681 canitur,
3139 4617 3256 4672 sive
3281 4633 3379 4678 pro
3426 4626 3583 4686 parta

2002 4719 2243 4782 victoria,
2275 4717 2392 4772 sive
2429 4715 2652 4770 victori:
2685 4713 2832 4784 quod
2865 4712 3045 4782 ipsum
3084 4709 3399 4781 signiﬁcare
3426 4709 3586 4761 vide-

2004 4820 2097 4865 tur
2138 4809 2267 4864 illud
2294 4810 2351 4863 in
2395 4805 2674 4861 victoriam
2703 4804 2759 4857 in
2803 4801 3011 4873 hymnis
3061 4799 3207 4871 apud
3240 4798 3580 4853 Theodotio-

2004 4918 2152 4958 nem.
2183 4900 2299 4955 Hoc
2327 4899 2496 4971 igitur
2526 4897 2829 4961 canticum,
2861 4895 2947 4949 vel
2979 4891 3238 4955 melodia,
3269 4891 3386 4946 sive
3428 4889 3581 4961 psal-

2003 5008 2149 5057 mus,
2197 4997 2558 5046 memoratum
2613 4987 2824 5043 habens
2851 4990 3260 5056 argumentum,
3295 4981 3581 5036 victoriam

2004 5083 2312 5156 pollicetur,
2337 5097 2402 5135 ex
2421 5079 2724 5151 vulgatiore
2748 5076 3019 5133 sententia
3042 5073 3255 5138 Davidi,
3277 5070 3580 5127 secundum

2004 5190 2261 5232 arcanam
2295 5189 2424 5230 vero
2460 5170 2944 5244 signiﬁcationem,
2991 5165 3216 5222 Christo
3263 5176 3580 5220 sanctorum

371 5344 422 5378 ³⁸
464 5341 647 5399 lCor.
682 5357 787 5407 xv,
815 5339 908 5396 22.
985 5340 1030 5372 "
1069 5337 1230 5394 Rom.
1264 5353 1396 5403 vni,
1428 5336 1518 5392 '57.
1595 5335 1640 5367 ⁸⁸
1676 5333 1722 5390 ll
1752 5333 1895 5388 Tim.
1932 5347 2020 5399 Iv,
2053 5331 2110 5391 7,
2144 5327 2197 5384 8.

369 5502 454 5574 (Ι)
493 5500 766 5556 Hebraica
812 5497 974 5555 lectio
1020 5507 1138 5564 est;
1167 5506 1360 5555 '1'le
1393 5501 1604 5555 rrum:
1634 5472 1828 5552 m'm‘a
1872 5509 1884 5543 :

297 5579 421 5654 πή
457 5609 584 5664 qua:
622 5592 705 5646 sic
743 5591 1032 5664 ab‘Aquila
1061 5589 1474 5664 exprimimth
1507 5583 1585 5655 τῷ
1628 5581 1894 5664 νικοποιῷ

304 5653 637 5735 ὲνψαλμοῖς,
687 5653 986 5735 patiam-pq
1033 5661 1112 5730 τῷ
1133 5653 1348 5735 ’ᾼαυῖδς
1441 5653 1770 5735 Symmacho
1799 5666 1892 5735 au:

304 5684 487 5735 ενψαλ
534 5684 619 5726 οις
687 5684 984 5732 μελῳοημα
1033 5684 1112 5730 τῳ
1167 5684 1410 5712 autumn
1443 5684 1770 5728 oyluluaum
1799 5684 1888 5704 au"

301 5748 446 5795 tein.
491 5684 759 5797 ἴπινίκιος
820 5733 907 5785 διὰ
959 5731 1278 5802 ψαλτηρίων
1309 5727 1421 5802 ςυδὴ
1471 5725 1566 5802 τῷ.
1604 5722 1783 5802 ᾼαυῖδ.
1845 5724 1888 5802 ρ

302 5794 703 5868 Τιιεοάοιίυιιε,
739 5794 842 5866 ἐίς
887 5803 949 5858 τὸ
975 5794 1154 5867 ’νῖκοξ
1211 5805 1268 5856 ὲν
1311 5794 1499 5869 ὕμνοις
1539 5794 1751 5868 eam;
1813 5794 1890 5859 τῷ

1995 5505 2180 5560 Δαυῖδ.
2214 5503 2610 5560 Theodotionis
2648 5503 2920 5557 diversam
2970 5497 3129 5554 aﬂert
3191 5494 3576 5551 Theodoretus

1996 5578 2306 5639 lectionem,
2330 5576 2610 5638 nimirum,
2629 5572 2706 5642 τῷ
2723 5569 2983 5640 νικοποιῷ
3000 5571 3057 5622 ὲν
3088 5567 3304 5642 ὕμνοις,
3322 5575 3454 5636 ctc.,
3479 5566 3576 5623 sed

1997 5649 2146 5718 prior
2167 5660 2444 5718 germana.

2069 5718 2144 5790 (2)
2174 5713 2276 5771 ‘Sic
2305 5717 2484 5772 lacera
2524 5722 2652 5770 sunt
2687 5713 2804 5768 haec
2843 5713 2898 5769 in
2939 5727 3073 5768 mss.
