4064 6372
467 325 565 378 105

1180 313 1449 369 EUSEBII
1487 306 1964 366 CESARlENSlS
1985 304 2135 360 OPP.
2171 299 2352 356 PARS
2390 299 2480 356 Ill.
2519 329 2589 342 ——
2627 296 3037 354 EXEGETICA.

3625 293 3728 347 1οι

461 459 751 499 nersonam
803 438 1127 502 assumenti,
1162 437 1518 505 ipsorumque
1569 447 1843 488 aarumnas
1873 430 2034 500 quasi

2162 424 2241 476 ’ῶν
2277 424 2446 491 ἁγίων
2500 419 2972 490 ἀναλαμϐάνοντι,
3013 417 3113 479 τὰς
3161 414 3220 468 δὲ
3286 411 3496 483 θλίψεις
3548 410 3724 466 αὐτῶν

466 537 741 608 proprias,
767 549 978 588 necnon
1004 537 1321 586 sanctorum
1354 527 1704 582 dilatationes
1727 525 1830 579 sibi
1864 523 2036 577 ascri-

464 629 610 683 benti
635 645 650 694 ;
675 636 989 682 sanctorum
1013 623 1214 693 quippe
1243 635 1346 674 vox
1370 620 1459 672 illa
1502 626 1606 682 est,
1644 616 2035 670 tribulationem

457 723 742 790 patientes,
769 716 860 772 sed
893 733 996 770 non
1021 715 1317 786 angustiati
1346 713 1388 745 “
1417 731 1434 779 ;
1468 710 1809 766 convertenti
1855 714 2037 762 autem

465 829 562 867 eos
593 811 686 880 qui
718 810 868 880 gravi
922 808 1086 862 corde
1117 815 1268 869 sunt,
1307 812 1614 875 quaerentes
1645 801 1944 855 vanitatem
1988 805 2041 852 et

469 905 752 973 loquentes
776 899 1140 954 mendacium.
1176 897 1405 954 Melodia
1439 911 1604 967 porro
1635 902 1833 965 praeter
1863 892 2043 946 canti-

469 1013 593 1052 cum
624 997 837 1050 videtur
882 993 1110 1046 innuere
1165 990 1408 1060 mysticae
1447 987 1837 1043 modulationis
1870 985 2045 1040 artiﬁ-

468 1091 614 1143 cium
647 1106 661 1142 :
695 1098 806 1141 tum
835 1085 878 1140 si
905 1085 972 1138 ad
1003 1093 1208 1138 rectam
1229 1081 1565 1151 intelligendi
1589 1095 1837 1134 normam
1871 1079 2039 1132 dedu-

469 1189 648 1245 catur,
678 1185 760 1232 est
787 1175 911 1230 vitae
937 1174 1250 1228 institutum
1279 1171 1344 1224 ad
1376 1170 1471 1225 Dei
1501 1170 1758 1240 gloriam,
1781 1182 1907 1222 cum
1947 1167 2046 1220 do-

473 1272 650 1326 ctrina
679 1284 812 1324 sana
847 1267 1137 1336 verbisque
1191 1264 1258 1318 ad
1302 1263 1535 1316 aliorum
1581 1261 1877 1315 utilitatum
1908 1273 2044 1312 con-

473 1372 731 1416 einnatis.

543 1452 707 1507 Vens.
723 1450 776 1504 2.
796 1448 925 1506 Cum
940 1449 1256 1506 invocarem,
1275 1443 1538 1499 exaudivit
1565 1459 1643 1497 me
1663 1442 1798 1496 Deus
1817 1440 2048 1511 justitite

471 1561 620 1607 mea,
641 1544 695 1596 in
724 1542 1061 1595 tribulatione
1077 1537 1431 1591 dilatastime.
1462 1533 1778 1590 Praecedens
1806 1534 2048 1603 psalmus

477 1640 660 1694 dictus
697 1644 782 1692 est
812 1651 935 1690 cum
960 1635 1168 1705 fugeret
1200 1630 1367 1684 David
1398 1647 1428 1684 a
1462 1629 1602 1683 facie
1625 1627 1921 1682 Absalonis
1955 1625 2048 1679 lilii

472 1731 557 1783 sui
591 1746 606 1796 ;
661 1742 900 1798 praesens
941 1739 1074 1780 vero
1106 1722 1324 1777 videtur
1372 1727 1496 1791 post
1522 1721 1674 1772 illum
1705 1719 2046 1782 enuntiatus,

2142 513 2534 586 ἱδιοποιημένῳ
2588 513 2682 566 καὶ
2736 512 2860 573 τοὺς
2907 508 3255 577 πλατυσμοὺς
3303 505 3505 573 ἁγίων·
3557 503 3728 570 ἁγίων

2140 609 2269 680 γὰρ,
2302 607 2454 676 φωνὴ
2489 605 2570 668 τὸ,
2606 605 2709 656 Ἐν
2737 600 2916 653 παντὶ
2945 600 3302 666 θλιϐόμενοι,
3334 595 3473 650 ἀλλ’
3497 595 3570 647 οὐ
3606 605 3730 644 σιεο

2139 703 2594 772 νοχωρούμενοιο
2619 695 2999 766 ἐπιστρέφοντι
3029 694 3086 746 δὲ
3117 692 3358 753 καὶτοὺς
3390 689 3505 742 ὅσοι
3521 685 3728 755 τυγχά-

2141 811 2293 847 νουσι
2317 789 2688 863 βαρυκάρδιοι,
2712 787 2837 850 τούς
2869 804 2925 839 τε
2950 783 3282 853 ἀγαπῶντας
3304 780 3374 834 τὰ
3406 780 3609 851 μάταια
3633 776 3729 829 καὶ

2143 885 2437 957 ζητοῦντας
2461 882 2523 934 τὸ
2553 879 2774 949 ψεῦδος.
2795 877 2867 929 Τὸ
2886 877 2943 930 δὲ
2969 875 3176 948 μελῲὂη
3186 891 3262 944 μα
3291 872 3441 942 παρὰ
3459 870 3558 940 τὴν
3587 866 3728 939 ᾠδὴν

2143 978 2284 1031 ἔοικε
2315 973 2509 1047 δηλοῦν
2539 973 2633 1027 καὶ
2670 971 2729 1024 τὸ
2769 969 2863 1022 τοῦ
2901 967 3164 1041 μυστικοῦ
3211 963 3419 1037 ῥυθμοῦ
3453 958 3726 1031 τεχνικὸνο

2145 1069 2288 1124 κατὰ
2317 1069 2372 1122 δέ
2397 1065 2689 1135 ἀναγωγὴν
2735 1061 2921 1133 ὀρθὴν,
2957 1059 3203 1113 πολιτεία
3234 1057 3370 1128 πρὸς
3405 1053 3562 1118 δόξαν
3594 1049 3730 1106 Θεοῦ

2150 1162 2287 1232 μετὰ
2317 1160 2604 1230 δογμάτων
2639 1153 2808 1224 ὑγιῶν
2844 1154 2940 1208 καὶ
2967 1152 3141 1221 λόγων
3169 1148 3264 1202 καὶ
3293 1145 3500 1217 ἑτέροις
3527 1139 3729 1213 ὠφελί-

2161 1272 2298 1327 μων.

2232 1429 2334 1482 Ἐν
2362 1426 2442 1493 τῷ
2478 1405 2893 1480 ἐπικαλεῖσθαί
2913 1437 3010 1492 με,
3040 1415 3365 1486 είσήκουσέ
3386 1431 3504 1484 μου
3536 1415 3569 1467 ὁ
3591 1412 3734 1480 Θεὸς

2150 1519 2260 1587 τῆς
2299 1519 2693 1584 δικαιοσύνης
2726 1535 2860 1586 μου,
2895 1516 2965 1584 ἐν
3002 1513 3202 1580 θλίψει
3255 1505 3599 1571 ἐπλάτυνιῐς
3632 1520 3731 1574 με.

2164 1605 2220 1659 Ὀ
2249 1606 2346 1678 μὲν
2376 1607 2483 1676 πρὸ
2509 1605 2697 1659 τούτου
2731 1601 2943 1674 ψαλμὸς
2975 1602 3192 1669 ἐλέγετο
3237 1601 3294 1652 ὲν
3333 1597 3408 1667 τῷ
3441 1595 3734 1667 ἀποδιδρά-

2155 1715 2305 1750 σκειν
2329 1697 2492 1751 Δαυῗδ
2544 1697 2652 1750 ἀπὸ
2703 1694 2995 1767 προσώπου
3055 1689 3408 1760 Ἀὁεσσαλὼμ
3467 1688 3560 1742 τοῦ
3616 1685 3734 1740 υἱοῦ

475 1779 840 1890 postpartam
902 1817 1112 1872 scilicet
1159 1815 1225 1869 de
1257 1813 1533 1868 Absalone
1560 1811 1852 1868 victoriam
1887 1829 1900 1864 :
1936 1825 2046 1878 quo

2162 1791 2312 1844 κὺτοῦ
2337 1810 2349 1822 ο
2381 1793 2409 1843 ὀ
2437 1790 2491 1842 δὲ
2520 1789 2710 1860 παρὼν
2738 1789 2910 1842 ἔοικεν
2945 1787 3068 1856 ἑξῆς
3100 1786 3295 1855 ἐκείνῳ
3321 1781 3575 1855 εἰρῆσθαι
3602 1779 3736 1851 μετὰ

473 1922 646 1981 gesto,
706 1909 1090 1979 triumphalem
1130 1906 1392 1978 hymnum
1446 1904 1730 1958 victoriam
1787 1902 2048 1973 praabenti

473 2003 584 2056 Deo
614 2011 921 2064 consecrat,
951 2004 1273 2067 prazsentem
1311 1993 1561 2047 videlicet
1593 1994 1864 2062 psalmum
1899 2010 1913 2059 ;
1941 2009 2050 2062 quo

475 2093 738 2149 suadetur
769 2091 928 2145 nobis
967 2101 1025 2142 ut
1059 2103 1125 2142 ne
1156 2087 1329 2142 simus
1358 2087 1448 2141 Dei
1468 2100 1597 2156 erga
1630 2102 1732 2140 nos
1756 2084 2049 2139 beneficio-

475 2203 594 2242 rum
654 2186 1026 2239 immemores.
1061 2179 1252 2234 Merito
1307 2181 1472 2251 igitur
1497 2181 1552 2232 in
1582 2177 1753 2247 priori
1787 2176 2003 2231 dicebat
2035 2193 2048 2228 :

477 2279 722 2342 Domine,
755 2275 881 2348 quid
911 2273 1252 2342 multiplicati
1285 2281 1409 2326 sunt
1439 2276 1528 2342 qui
1561 2271 1824 2325 tribulant
1853 2285 1933 2324 me
1964 2269 2008 2300 "
2035 2285 2050 2336 ;

480 2373 534 2425 iu
560 2371 662 2425 hoc
685 2381 886 2433 autem,
915 2368 967 2421 in
999 2367 1344 2420 tribulatione
1376 2365 1624 2417 dilatasti
1655 2379 1754 2417 me.
1774 2363 1897 2416 llaec
1923 2376 2055 2416 sane

480 2462 720 2532 loquitur
750 2460 816 2513 de
841 2459 1151 2513 calamitate
1185 2473 1280 2528 per
1301 2457 1630 2511 Absalonem
1664 2455 1977 2525 importata,
1999 2453 2054 2506 in

479 2568 612 2624 qua,
638 2560 761 2605 'cum
789 2551 956 2605 Deum
983 2553 1315 2617 invocasset,
1348 2551 1642 2620 propitium
1662 2556 1923 2618 expertus
1948 2555 2053 2610 est,

478 2657 554 2711 et,
590 2652 712 2701 etim
741 2656 960 2716 propter
996 2645 1250 2716 populum
1276 2651 1330 2698 et
1365 2652 1588 2712 propter
1624 2657 1808 2703 arcam
1842 2640 2056 2696 Domini

482 2742 537 2795 in
566 2741 827 2795 aarumnis
858 2740 1077 2809 degeret
1103 2779 1117 2802 ,
1151 2739 1388 2808 quietem
1420 2752 1483 2790 ac
1511 2735 1905 2800 dilatationem,
1937 2750 2057 2790 ces-

485 2841 643 2888 sante
679 2833 841 2894 bello,
876 2846 939 2884 ac
965 2830 1400 2902 profundissima
1433 2844 1567 2899 pace
1597 2844 1654 2884 se
1689 2840 1852 2898 atque
1881 2843 2056 2898 popu-

485 2927 598 2980 lum
639 2940 856 2980 omnem
885 2925 1224 2994 excipiente,
1277 2934 1473 2978 nactus
1521 2929 1624 2976 est.
1659 2919 1756 2974 Vel
1808 2919 2059 2973 fortassis

487 3019 601 3073 haec
631 3018 764 3072 dicit
794 3017 1086 3072 occasione
1116 3018 1303 3086 lapsus
1337 3032 1461 3070 cum
1496 3031 1664 3071 uxore
1688 3013 1853 3077 Uriae,
1885 3013 2060 3067 rebel-

485 3111 648 3163 lionis
683 3109 799 3172 filii,
823 3119 875 3164 et
906 3111 1238 3180 reliquarum
1261 3108 1504 3162 omnium
1534 3107 1909 3161 calamitatum
1939 3118 2060 3174 qua:

487 3204 664 3272 ipsum
699 3201 844 3255 domi
876 3217 1162 3270 excepere.
1187 3201 1324 3252 Cum
1351 3199 1495 3254 enim
1543 3206 1766 3269 propter
1791 3199 1903 3251 htec
1938 3212 2056 3250 om-
2085 3221 2128 3277 ο

531 3298 538 3305 .
820 3293 962 3306 .......
1047 3295 1057 3304 .
1134 3292 1290 3306 .
1397 3300 1408 3306 _
1548 3293 1559 3306 ,
1728 3292 1758 3306 ,_
1843 3291 1877 3306 μ,
1955 3297 2053 3306 __
2261 3272 2408 3306 ,του

2261 3272 2298 3306 τι
2321 3272 2412 3307 του

487 3298 579 3350 nia
610 3310 730 3350 sese
784 3293 1061 3347 alllittioni
1114 3292 1416 3346 dedidisset
1449 3331 1463 3356 ,
1497 3293 1560 3345 ad
1595 3291 1972 3360 ptenilentiam
2006 3297 2060 3343 et

489 3387 891 3441 confessionem
925 3402 1044 3441 sese
1077 3386 1350 3448 vertisset,
1381 3393 1434 3439 et
1456 3384 1617 3453 quasi
1651 3384 1897 3439 certatim
1931 3398 2062 3451 sup-

490 3480 716 3549 plicium
768 3480 821 3532 in
858 3495 916 3532 se
945 3480 1012 3532 de
1039 3485 1263 3547 peccato
1291 3477 1639 3546 sumpsisset,
1668 3477 1897 3545 justitiae
1929 3491 2062 3544 Ope-

489 3574 642 3626 ribus
686 3572 1064 3640 fructibusque
1115 3580 1260 3624 recte
1311 3569 1575 3623 factorum
1628 3569 1851 3638 Optimis
1894 3566 2062 3622 Deum

490 3666 837 3736 propitiatus,
875 3664 1074 3719 bonam
1141 3671 1430 3718 assecutus
1481 3662 1924 3731 promissionem,
1958 3673 2064 3728 qua

491 3767 770 3828 permotus
803 3761 855 3810 in
890 3756 1215 3826 prtecedcnti
1254 3757 1464 3826 psalmo
1527 3755 1845 3825 prophetice
1882 3753 2061 3807 dixit:

495 3851 570 3904 Tu
601 3863 797 3914 autem,
839 3850 1075 3914 Domine,
1106 3862 1376 3919 susceptor
1414 3867 1559 3904 meus
1598 3867 1673 3913 es,
1727 3849 1900 3919 gloria
1950 3863 2065 3900 mea

492 3954 540 3997 et
569 3949 811 3998 exultans
862 3956 1016 4015 caput
1057 3961 1229 3998 meum
1257 3945 1324 4012 ³⁸³,
1359 3959 1422 3998 ac
1452 3952 1647 3997 caetera
1673 3982 1688 4006 ,
1724 3957 1846 4011 quae
1897 3940 2065 4010 priori

495 4051 745 4090 sermone
782 4037 943 4089 allata
976 4046 1103 4091 sunt
1138 4056 1152 4103 ;
1194 4042 1594 4105 consequenter
1629 4036 1681 4088 in
1715 4035 1864 4088 hisce
1887 4033 2068 4086 decla-

493 4137 579 4180 rat
615 4147 626 4182 :
666 4128 798 4182 Cum
853 4129 1183 4192 invocarem,
1239 4129 1508 4182 exaudivit
1544 4145 1621 4181 me
1653 4126 1794 4180 Deus
1837 4125 2069 4196 justitite

495 4235 642 4281 meae,
677 4221 729 4272 in
783 4220 1123 4274 tribulatione
1147 4222 1390 4275 dilatasti
1425 4238 1525 4274 me.
1560 4220 1815 4274 Miserere
1869 4221 1991 4281 mei,
2020 4227 2070 4271 et

493 4309 686 4363 exaudi
715 4313 1006 4364 orationem
1037 4330 1226 4368 meam.
1251 4313 1314 4366 Et
1345 4315 1605 4382 primum,
1637 4313 1925 4367 exauditus
1946 4327 2070 4365 cum

498 4412 772 4454 uivocaret
794 4401 1098 4467 Dominum,
1119 4421 1228 4457 non
1243 4407 1468 4475 erigitur
1485 4405 1617 4474 (25),
1637 4421 1812 4475 neque
1829 4405 1880 4458 in
1901 4406 2073 4475 segni-

519 4493 622 4548 iem
646 4494 793 4547 cadit
828 4514 840 4549 :
874 4495 968 4549 sed
993 4497 1201 4558 statim,
1227 4498 1296 4552 de
1328 4499 1512 4552 futuro
1535 4500 1828 4562 sollicitus,
1873 4516 2070 4571 preca-

521 4600 586 4637 ur
619 4585 840 4648 iterum,
883 4602 1080 4656 rogans
1129 4587 1296 4642 Deum
1351 4598 1611 4660 perpetuo
1641 4593 1745 4647 sibi
1789 4593 1904 4647 fore
1938 4609 2067 4662 pro-
2100 4579 2147 4637 Β

497 4676 711 4746 pitiun.
736 4676 1018 4746 Supplieat
1034 4687 1211 4732 autem
1235 4680 1481 4733 exaudiri
1501 4697 1559 4736 se
1581 4697 1644 4735 ex
1666 4682 2066 4746 misericordia,

499 4782 606 4820 non
641 4783 707 4821 ex
755 4767 958 4824 debito.
1014 4766 1241 4823 Etiamsi
1291 4773 1437 4826 enim
1492 4773 1596 4842 ipsi
1631 4773 1822 4828 aderat
1872 4774 2072 4843 aliquis

497 4860 725 4930 justitim
754 4859 966 4914 fructus
1001 4880 1015 4929 ;
1053 4871 1106 4915 at
1148 4863 1249 4933 ipsi
1298 4880 1408 4918 non
1443 4866 1720 4922 confidere
1746 4883 1806 4922 se
1831 4867 2069 4932 dicebat,

501 4953 594 5006 sed
625 4951 716 5007 Dei
753 4953 1145 5009 misericordiaz
1166 4963 1220 5010 et
1257 4957 1718 5014 miserationibus.

573 5044 737 5101 Vens.
774 5047 827 5102 5.
860 5046 991 5100 Filii
1023 5047 1312 5114 hominum,
1341 5066 1600 5122 usquequo
1623 5055 1774 5122 gravi
1800 5053 1978 5117 corde,
2015 5064 2073 5108 ut

500 5139 624 5207 quid
645 5139 866 5210 diligitis
898 5142 1182 5195 vanitatem
1217 5152 1266 5196 et
1301 5146 1539 5214 quaeritis
1568 5146 1896 5201 mendacium
1918 5151 1944 5204 ?
1967 5148 2074 5205 Eos

503 5235 594 5302 qui
637 5245 927 5306 aggravata
962 5246 1142 5291 mente
1174 5247 1322 5304 sunt,
1366 5240 1615 5312 tardique
1646 5243 1713 5297 ad
1742 5245 1964 5298 verbum
1993 5246 2077 5300 di-

503 5329 688 5380 vinum
727 5327 1076 5392 audiendum,
1121 5345 1314 5400 graves
1348 5332 1513 5387 corde
1543 5335 1775 5402 vocavit,
1819 5336 1935 5392 sive
1979 5353 2074 5393 eos

504 5421 596 5488 qui
627 5423 962 5475 conscientia
1005 5423 1266 5492 improbis
1295 5425 1718 5496 cogitationibus
1746 5438 1944 5484 onusta
1988 5446 2077 5486 es-

505 5520 648 5564 sent.
685 5511 835 5577 Quos
867 5515 1036 5570 verbo
1072 5518 1357 5573 incessens
1385 5519 1462 5571 ait
1488 5537 1499 5572 :
1528 5517 1822 5589 Usquequo
1852 5523 1908 5575 in
1949 5538 2078 5591 pec-

505 5607 644 5660 catis
693 5612 890 5665 vestris
939 5614 1376 5683 perseverabitis,
1420 5630 1544 5668 cum
1593 5615 1962 5672 festinandum
2009 5618 2077 5672 ad

583 5765 624 5797 ιι
671 5763 712 5818 ιι
745 5765 871 5820 Cor.
906 5784 986 5833 ιν,
1026 5768 1077 5823 8.
1155 5770 1198 5803 η
1239 5770 1382 5826 Psal.
1423 5788 1515 5840 ιιι,
1554 5742 1608 5830 ε.
1683 5774 1727 5807 ιε
1768 5775 1898 5830 ibid.
1937 5776 1990 5830 ι.

2151 1884 2251 1952 τὴν
2281 1881 2422 1934 κατὰ
2447 1880 2541 1933 τοῦ
2569 1878 2921 1947 Ἀϐεσσαλὼμ
2941 1877 3126 1946 νίκην·
3169 1877 3288 1948 μεθ’
3319 1875 3378 1928 ὃν
3419 1871 3586 1942 ὕμνον
3617 1873 3737 1924 ἐπι--

2153 1976 2323 2027 νίκιον
2352 1972 2428 2043 τῷ
2460 1970 2719 2042 νικοποιῷ
2749 1969 2868 2040 Θεῷ
2896 1968 3179 2038 ἀνατίθησι
3213 1968 3303 2020 τὸν
3338 1965 3582 2035 παρόντα
3603 1963 3737 2031 ψαλ-

2158 2059 2276 2136 μὸν,
2302 2065 2367 2116 δι’
2397 2058 2456 2116 οὗ
2487 2064 2581 2116 καὶ
2601 2065 2762 2134 ἡμεῖς
2789 2059 3150 2130 παιδευόμεθα
3175 2059 3248 2130 μὴ
3274 2058 3605 2128 ἀμνημονεῖν
3631 2055 3736 2107 τῶν

2154 2155 2246 2208 τοῦ
2281 2153 2415 2206 Θεοῦ
2449 2156 2526 2216 εἰς
2570 2154 2717 2222 ἡμᾶς
2749 2149 3098 2222 εὐεργεσιῶν.
3138 2150 3375 2210 Εἰκότως
3412 2144 3504 2200 οὖν
3546 2148 3602 2199 ἐν
3640 2145 3738 2216 μὲν

2154 2247 2233 2318 τῷ
2262 2247 2369 2316 πρὸ
2397 2245 2586 2298 τούτου
2617 2244 2802 2311 ἔλεγεν
2822 2260 2833 2273 θ
2868 2245 3065 2310 Κύριε,
3091 2242 3149 2294 τι
3176 2241 3650 2308 ὲπληιίὐνθησαν
3686 2239 3739 2290 ol

2156 2333 2464 2400 θλίϐοντές
2488 2350 2564 2402 με
2584 2348 2602 2396 ;
2626 2335 2681 2385 ὲν
2705 2332 2760 2385 δὲ
2782 2334 2984 2401 τούτῳ·
3025 2332 3127 2385 Ἐν
3159 2331 3362 2398 θλίψει
3396 2324 3733 2393 ἐπλάτυνάς

2151 2445 2246 2498 με.
2279 2426 2440 2495 Λέγει
2471 2426 2530 2478 δὲ
2566 2425 2738 2479 ταῦτα
2772 2425 2898 2495 περὶ
2945 2424 3040 2494 τῆς
3077 2422 3216 2475 κατὰ
3248 2423 3339 2474 τὸν
3389 2419 3742 2490 Ἀὁεσσαλὼμ

2160 2521 2474 2590 συμφορᾶς·
2506 2517 2626 2570 καθ’
2661 2517 2728 2588 ἢν
2757 2517 2848 2568 τὸν
2880 2515 3013 2570 Θεὸν
3035 2514 3526 2585 ἐπικαλεσάμενος,
3555 2512 3742 2582 ἔτυχεν

2160 2612 2322 2666 αὐτοῦ
2348 2611 2584 2682 ἐπηκόου
2604 2628 2618 2643 ο
2653 2619 2748 2663 και
2778 2608 3068 2678 γενόμενος
3094 2609 3151 2659 ἐν
3179 2606 3356 2674 θλίψει
3375 2605 3462 2658 διὰ
3485 2605 3575 2658 τὸν
3593 2603 3742 2667 λαὸν,

2159 2701 2256 2754 καὶ
2285 2700 2380 2770 τὴν
2419 2698 2648 2752 κιϐωτὸν
2677 2698 2772 2750 τοῦ
2801 2697 2958 2760 Θεοῦ,
2993 2699 3227 2760 ἀνέσεως
3261 2697 3354 2748 καὶ
3384 2694 3744 2763 π.λιιτυσμοῦ

2159 2792 2402 2863 ἠξιώθη,
2441 2791 2794 2861 παυσαμένου
2840 2790 2936 2860 μὲν
2970 2789 3060 2842 τοῦ
3119 2789 3389 2859 πολέμου,
3433 2789 3654 2859 εἰρήνης
3689 2787 3745 2840 δὲ

2165 2887 2470 2958 βαθυτάτης
2524 2888 2887 2957 διαλαὸούσης
2934 2888 3094 2940 αὐτόν
3145 2903 3205 2938 τε
3286 2887 3379 2939 καὶ
3427 2889 3602 2938 πάντα
3653 2883 3744 2936 τὸν

2162 2979 2309 3032 λαόν.
2343 2982 2410 3032 Ἢ
2442 2980 2615 3044 ἄλλως
2647 2981 2794 3048 λέγει
2819 2980 2994 3033 ταῦτα
3029 2980 3120 3032 ἐπὶ
3154 2978 3248 3031 τοῦ
3280 2977 3618 3046 πταίσματος
3645 2974 3744 3044 τῆς

2163 3073 2258 3126 τοῦ
2290 3073 2508 3143 Οὐρίου,
2539 3074 2633 3126 καὶ
2663 3075 2694 3142 ὴ
2723 3072 2818 3125 τοῦ
2843 3072 2958 3125 υἱοῦ
2993 3073 3378 3132 ἐπανάστασις,
3415 3070 3510 3122 καὶ
3543 3068 3611 3121 τὰ
3642 3068 3748 3120 λοιο

2161 3162 2237 3216 πὰ
2265 3163 2440 3217 πάντα
2465 3164 2531 3217 τὰ
2555 3165 2694 3218 κατὰ
2717 3165 2806 3216 τὸν
2827 3161 2970 3218 οἷκον
2989 3161 3135 3216 κακὰ
3158 3162 3192 3215 ἃ
3216 3179 3277 3214 συ
3287 3160 3557 3232 μὸἐϐηκεν
3579 3159 3762 3229 αὐτῷ.⁴

2418 3273 2529 3318 τοις
2570 3256 2680 3326 γὰρ
2715 3257 2905 3310 ἐαυτὸν
2943 3254 3222 3316 κακώσας,
3257 3253 3514 3325 μετανοίᾳ
3556 3271 3616 3305 τε
3658 3253 3751 3305 καὶ

2163 3346 2545 3418 ἐξομολογήσει
2581 3349 2772 3401 ἑαυτὸν
2822 3349 3133 3420 παραδοὺς,
3193 3349 3288 3401 καὶ
3339 3346 3417 3417 τῷ
3450 3345 3751 3415 πταίσματι

2161 3439 2470 3506 ἐφαμίλλως
2501 3439 2691 3493 ἑαυτὸν
2731 3440 3209 3510 τιμωρησάμενος,
3247 3438 3431 3506 ἔργοις
3461 3455 3519 3490 τε
3551 3438 3753 3490 δικαιο-

2169 3528 2333 3599 σύνης
2372 3531 2465 3582 καὶ
2497 3533 2729 3601 καρποῖς
2754 3532 2976 3600 ἀγαθοῖς
3009 3533 3188 3600 πάσης
3219 3529 3467 3592 εὐποιίας
3499 3528 3589 3581 τὸν
3621 3527 3751 3578 Θεὸν

2169 3622 2507 3692 ἱλασάμενος,
2539 3623 2631 3675 καὶ
2662 3623 2838 3693 τυχὼν
2871 3623 3203 3691 ἐπαγγελίας
3229 3621 3461 3690 ἀγαθῆς,
3489 3620 3556 3672 δι’
3582 3620 3649 3689 ῆν
3675 3615 3753 3687 τῷ

2167 3712 2272 3785 πρὸ
2302 3714 2492 3767 τούτου
2525 3714 2724 3784 ψαλμῷ
2757 3713 3109 3785 προφητικῶς
3123 3713 3272 3781 ἔλεγε
3292 3729 3307 3744 ο
3335 3712 3419 3766 Σὺ
3444 3711 3530 3776 δὲ,
3556 3712 3748 3777 Κύριε,

2167 3805 2546 3880 ἀντιλήπτωρ
2591 3823 2706 3874 μου
2733 3806 2805 3872 εἷ,
2841 3805 2990 3869 δόξα
3016 3824 3135 3874 μου
3165 3805 3263 3858 καὶ
3303 3805 3478 3875 ὑψῶν
3503 3803 3616 3871 τὴν
3657 3819 3752 3855 κε-

2167 3895 2374 3967 φαλήν
2396 3915 2538 3966 μου,
2561 3899 2654 3950 καὶ
2685 3899 2756 3951 τὰ
2787 3897 2946 3951 λοιπὰ
2979 3899 3081 3952 ὅσα
3105 3899 3343 3969 παρίστη
3376 3899 3405 3950 ὁ
3440 3897 3542 3969 πρὸ
3564 3895 3752 3950 τούτου

2166 3988 2344 4057 λόγος,
2378 3988 2688 4052 ἀκολούθως
2718 3989 2806 4042 διὰ
2847 3988 2954 4042 τῶν
2991 3990 3369 4060 προκειμένων
3407 3989 3604 4058 φησίνο
3653 3989 3755 4042 Ἐν

2168 4077 2247 4144 τῷ
2283 4079 2698 4133 ἐπικαλεῖσθαί
2729 4098 2806 4149 με
2847 4079 3176 4145 εὶσήκουσέ
3224 4099 3344 4149 μου
3386 4085 3418 4134 ὁ
3459 4079 3603 4144 Θεὸς
3644 4076 3755 4142 τῆς

2168 4169 2562 4236 δικαιοσύνης
2604 4187 2754 4239 μου,
2798 4171 2868 4224 ἐν
2909 4172 3108 4238 θλίψει
3152 4171 3493 4236 ἐπλάτυνάς
3524 4187 3620 4240 με.
3664 4172 3751 4223 οι-

2169 4259 2492 4328 κτείρησόν
2545 4277 2620 4326 με
2675 4260 2773 4314 καὶ
2820 4260 3190 4314 εἰσάκουσον
3245 4259 3355 4328 τῆς
3406 4257 3756 4329 προσευχῆς

2162 4369 2304 4420 μου.
2343 4351 2417 4404 Τὸ
2440 4351 2655 4423 πρῶτον
2683 4352 3042 4416 ἐπακουσθεὶς
3072 4353 3130 4404 ἐν
3157 4353 3236 4424 τῷ
3261 4351 3638 4406 ἐπικαλεῖσθαι
3666 4350 3757 4404 τὸν

2171 4441 2396 4514 Κύριον,
2420 4444 2521 4496 οὐκ
2553 4442 2836 4515 ἐπαίρεται
2866 4443 2986 4496 οὐδὲ
3011 4445 3392 4518 ἀπορρᾳθύμεῖ
3409 4461 3423 4475 ·
3455 4443 3570 4499 ἀλλ’
3595 4442 3756 4506 εὐθὺς

2175 4534 2416 4604 περὶτοῦ
2450 4533 2732 4604 μέλλοντος
2765 4535 2954 4607 χρόνου
2985 4536 3148 4590 πάλιν
3176 4536 3374 4601 δέεται,
3408 4536 3637 4589 πάντοτε
3665 4533 3757 4587 τὸν

2173 4624 2305 4677 Θεὸν
2355 4626 2591 4694 ἐπήκοον
2644 4625 2789 4696 ἔχειν
2835 4627 3198 4699 παρακαλῶν
3239 4627 3471 4681 ἱκετεύει
3515 4644 3574 4680 τε
3635 4627 3755 4680 κατ’

2171 4711 2350 4770 οἶκτον
2393 4716 2818 4788 ἐπακουσθῆναι,
2850 4718 2912 4771 οὐ
2963 4719 3085 4772 κατ’
3128 4718 3368 4790 ὀφειλὴν.
3414 4719 3476 4771 Εἰ
3523 4716 3634 4789 γὰρ
3664 4717 3759 4771 καὶ

2172 4806 2356 4878 παρῆν
2388 4823 2472 4869 τις
2504 4807 2655 4878 αὑτῴ
2700 4809 2913 4880 καρπὸς
2944 4809 3321 4879 δικαιοσύνης,
3359 4807 3472 4862 ἀλλ’
3519 4810 3622 4861 οὐκ
3664 4808 3757 4861 ἐπὶ

2171 4895 2346 4965 τούτῳ
2389 4894 2608 4966 θαρσεῖν
2651 4895 2870 4966 ἔλεγεν·
2917 4897 3030 4951 ἀλλ’
3081 4897 3174 4950 ἐπὶ
3203 4895 3280 4966 τῷ
3327 4896 3465 4968 ἐλέῳ
3519 4896 3616 4950 καὶ⁹
3645 4897 3760 4958 τοῖς

2176 4986 2483 5055 οἱκτιρμοῖς
2515 4985 2612 5037 τοῦ
2647 4985 2804 5040 Θεοῦ.

2249 5075 2367 5128 Υἱοὶ
2405 5073 2749 5143 ἀνθρώπων,
2783 5076 2894 5144 ἕως
2931 5079 3078 5132 πότε
3112 5075 3506 5145 ,ϐαρυκάρδιοι
3529 5091 3546 5139 ;
3567 5076 3667 5128 ἵνα
3703 5071 3760 5126 τί

2180 5164 2446 5234 ἀγαπᾶτε
2483 5169 2879 5236 ματαιότητα,
2920 5170 3018 5223 καί
3074 5168 3293 5237 ζητεῖτε
3326 5167 3586 5236 ψεῦδος
3622 5165 3760 5227 Τοὺς

2180 5253 2278 5325 τὴν
2314 5257 2552 5310 διάνοιαν
2586 5260 3067 5330 πεπαχυμμένους,
3100 5261 3192 5314 καὶ
3226 5261 3354 5332 περὶ
3377 5259 3475 5331 τὴν
3514 5258 3762 5327 ὑπακοὴν

2181 5347 2276 5400 τοῦ
2303 5347 2447 5400 θείου
2493 5349 2650 5418 λόγου
2697 5351 2930 5423 βραδεῖς,
2963 5350 3361 5424 βαρυκαρδίους
3389 5351 3690 5422 ὠνόμασεν,
3724 5349 3758 5419 ἢ

2182 5441 2308 5502 τοὺς
2342 5439 2748 5512 βεϐαρημένους
2776 5444 2836 5495 τὸ
2879 5445 3115 5508 συνειδὸς
3145 5445 3250 5498 ὑπὸ
3285 5443 3573 5517 μοχθηρῶν
3612 5442 3761 5510 λογι-

2186 5531 2369 5601 σμῶν·
2415 5532 2666 5602 πλήττων
2713 5533 2770 5587 δὲ
2810 5535 3032 5598 τούτους
3071 5535 3149 5607 τῷ
3186 5536 3328 5606 λόγῳ
3372 5534 3564 5606 φησίν·
3619 5533 3765 5596 Ἕως

2185 5640 2314 5677 ποτε
2360 5627 2479 5690 ταῖς
2522 5626 2726 5680 ἑαυτῶν
2766 5627 3062 5700 ἁμαρτίαις
3102 5628 3480 5702 παραμένετε,
3515 5626 3764 5682 σπεύδειν
