4064 6372
373 367 481 423 105

1507 363 2018 420 COMMENTARIA
2057 366 2126 418 ΙΝ
2158 366 2490 420 PSALMOS.

3513 375 3616 429 1⁸³6

365 480 490 533 δέον
521 478 620 532 ἐπὶ
649 477 935 549 μετάνοιαν
967 476 1063 531 καὶ
1108 476 1206 548 τὴν
1242 478 1404 549 φίλην
1435 479 1513 548 τῷ
1545 479 1666 550 Θεῷ
1707 480 1945 551 ἐξομολό-

2063 481 2439 550 ρωηῑιεηιίιιω
2469 490 2524 537 et
2563 481 2632 536 ad
2672 479 2924 534 dilectam
2958 478 3068 533 Deo
3109 475 3507 533 confessionem
3545 494 3618 530 es»

369 587 564 641 γησιν;
595 569 736 622 κατά
781 569 838 622 δὲ
891 567 988 638 τὴν
1041 568 1301 639 ἱστορίαν,
1343 569 1517 622 ἔοικεν
1549 573 1576 623 6
1605 570 1768 623 Δαυῖδ
1823 571 1958 640 πρὸς

366 663 498 728 τοὺς
541 662 633 714 ἐπὶ
678 663 793 723 τοῖς
831 661 1160 730 πειρασμοῖς
1201 661 1296 713 καὶ
1327 663 1446 724 ταῖς
1473 664 1823 732 περιστάσεσι
1859 681 1956 716 τα-

372 751 756 822 ραττομένους,
793 752 885 804 καὶ
914 750 1366 823 θορυϐουμένους,
1403 755 1496 806 καὶ
1537 755 1715 808 πάντα
1759 755 1957 825 μᾶλλον

365 844 708 912 πράττοντας
743 843 776 912 ἦ
815 843 909 894 ἐπὶ
956 844 1047 896 τὸν
1087 843 1218 896 Θεὸν
1270 845 1748 914 καταφεύγοντας,
1783 849 1955 902 ταῦτα

363 938 565 1006 λέγειν.
604 937 669 989 Τί
699 937 805 1008 γὰρ
845 938 953 1008 χρὴ
985 939 1269 1008 ταράττειν
1306 939 1398 991 καὶ
1429 940 1809 1009 ταράττεσθαι,
1854 959 1957 1012 φη-

365 1031 472 1091 a‘w,
510 1031 567 1080 ἐν
615 1032 732 1091 τοῖς
771 1031 1182 1099 περιστατικοῖς
1225 1033 1474 1100 καιροῖς;
1503 1031 1566 1082 Τί
1607 1031 1664 1083 δὲ
1707 1031 1812 1102 χρὴ
1850 1051 1953 1103 μα-

360 1118 608 1188 ταιότητι
655 1119 884 1181 ἑαυτοὺς
935 1118 1229 1184 ἐκδιδόναι,
1264 1113 1308 1171 ὦ
1343 1120 1696 1192 βαρυκάρδιοι
1727 1122 1950 1192 ἄνδρεςς

359 1208 430 1258 Τί
461 1207 518 1258 δὲ
561 1208 620 1260 τὸ
645 1207 840 1276 ψεῦδος
883 1209 1147 1277 μετιέναι,
1183 1210 1243 1262 τὸ
1291 1211 1490 1280 ἀληθὲς
1523 1213 1950 1280 καταλιπόντας;

377 1298 536 1350 Ἀλλά
568 1300 679 1369 γὰρ
715 1298 965 1352 ἐντεῦθεν
1011 1300 1292 1369 μαθόντες,
1329 1302 1410 1354 ὅτι
1453 1301 1584 1365 Θεὸς
1625 1303 1720 1355 καὶ
1749 1302 1954 1373 Κύριός

361 1391 511 1442 ἐστιν
542 1393 571 1444 6
603 1391 711 1442 τῶν
743 1391 878 1443 ὅλων
903 1390 1096 1462 ἔφορος
1135 1392 1228 1444 καὶ
1266 1397 1590 1468 προνοητὴς,
1623 1397 1650 1448 6
1682 1395 1952 1466 μηδέποτε

361 1481 708 1535 καταλείπων
744 1481 923 1534 πάντα
962 1483 1107 1534 ὅσιον
1145 1481 1344 1545 αὐτοῦ,
1383 1483 1498 1535 ἀλλ’
1528 1483 1614 1535 ἀεὶ
1664 1482 1951 1553 θαυμαστά

361 1575 451 1627 ἐπ’
479 1573 626 1643 αὐτῷ
654 1573 890 1635 δεικνὺς,
937 1572 1268 1636 σπουδάζετε
1301 1573 1394 1624 καὶ
1431 1573 1584 1625 αὐτοὶ
1624 1573 1759 1625 ὅσιοι
1798 1574 1952 1641 γενέ-

364 1666 515 1727 σθαι,
551 1661 609 1718 εὖ
657 1665 751 1717 καὶ
797 1665 1038 1736 ἀκριϐῶς
1084 1664 1302 1728 εἰδότες,
1331 1665 1412 1716 ὅτι
1443 1664 1536 1716 καὶ
1575 1663 1726 1734 ὑμῶν
1760 1664 1950 1735 ῶσπερ

361 1755 462 1811 οῦν
495 1759 590 1811 καὶ
637 1757 768 1828 ἐμοῦ
811 1756 978 1810 αὐτοῦ
1034 1757 1240 1827 Κύριος
1299 1756 1716 1818 είσακούσεται,
1770 1758 1826 1808 ὲν
1869 1757 1948 1826 τῷ

365 1848 697 1918 κεκραγέναι
731 1847 866 1918 πρὸς
893 1847 1072 1899 αὐτόν.
1112 1847 1546 1910 Ἐπακούσαντος
1577 1847 1633 1900 δὲ
1667 1847 1821 1917 ὑμῶν
1852 1847 1945 1901 τοῦ

364 1940 620 2009 Κυρίου,
679 1938 833 1991 οὐδὲν
870 1938 951 1990 δεῖ
1002 1937 1185 1990 λοιπὸν
1250 1939 1554 2009 μεριμνᾷν,
1618 1937 1838 2007 ἔχοντας
1885 1939 1946 1992 τὸ

360 2031 604 2099 ἀσφαλὲς
633 2030 739 2083 ἀπὸ
776 2031 876 2102 τῆς
912 2031 1040 2101 παρ’
1077 2029 1242 2082 αὑτοῦ
1288 2030 1556 2101 βοηθείας.
1591 2030 1728 2096 Δόξα
1761 2048 1820 2084 τε
1850 2031 1944 2083 τοῦ

359 2119 509 2173 θείου
540 2120 700 2187 λόγου
753 2114 863 2172 εἷεν
889 2119 954 2173 ἂν
987 2120 1035 2172 ot
1066 2120 1172 2172 υἱοὶ
1199 2120 1308 2171 τῶν
1341 2118 1642 2190 ἀνθρώπων
1675 2119 1813 2172 κατά
1855 2119 1946 2173 τὸν

374 2209 606 2262 Ἀκύλαν
638 2209 732 2260 καὶ
755 2208 1044 2278 Σύμμαχον
1074 2210 1170 2280 (1)·
1198 2211 1226 2261 ό
1261 2209 1359 2280 μὲν
1381 2212 1486 2281 γὰρ
1523 2210 1767 2273 Ἀκύλας
1794 2212 1944 2278 ’Ἐως

357 2302 528 2364 πότε,
557 2306 609 2355 οὶ
637 2301 878 2364 ἔνδοξοί
895 2317 1048 2369 you;
1077 2303 1106 2352 6
1126 2301 1182 2354 δὲ
1211 2301 1521 2372 Σύμμαχος·
1550 2302 1700 2367 ’Ἐως
1725 2303 1944 2370 πότε,ὴ

356 2391 514 2454 δόξα
535 2408 691 2460 pou;
723 2390 810 2442 διά
843 2389 941 2460 τὴν
975 2392 1032 2442 ὲν
1067 2391 1252 2454 αὐτοῖς
1286 2391 1479 2462 νοερὰν
1508 2389 1685 2462 ψυχὴν
1731 2392 1824 2445 καὶ
1857 2391 1944 2444 λο-

356 2483 526 2553 γικὴν
564 2482 662 2553 τὴν
708 2485 829 2536 κατ’
860 2484 1040 2536 εἰκόνα
1084 2483 1178 2536 τοῦ
1214 2480 1349 2535 Θεοῦ
1395 2483 1786 2555 πεποιημένην.
1837 2483 1944 2546 Οὓς

359 2574 459 2626 ἐπὶ
492 2573 552 2626 τὸ
579 2577 758 2644 χεῖρον
786 2576 1012 2638 ἑαυτοὺς
1037 2575 1457 2646 διαστρέφοντας
1485 2578 1514 2628 ό
1554 2575 1710 2644 λόγος
1735 2576 1944 2627 ἐπονει-

355 2665 410 2718 δί
417 2666 518 2729 ζει,
527 2666 974 2734 βαρυκαρδίους
996 2666 1196 2729 καλῶν,
1213 2666 1308 2718 καὶ
1323 2665 1624 2736 ἀνθρώπων
1641 2664 1808 2728 υἱούςο
1827 2664 1943 2717 δέον

358 2753 505 2810 εἶναι
531 2757 679 2819 υἱοὺς
710 2756 868 2822 Θεοῦ,
903 2757 1046 2810 κατὰ
1067 2758 1126 2810 τό
1147 2774 1158 2786 ·
1197 2756 1345 2827 Ἐγὼ
1373 2754 1578 2811 εἷπον·
1618 2757 1750 2810 Θεοί
1779 2757 1939 2821 ἐστε,

356 2845 464 2898 καὶ
500 2845 618 2899 vlol
660 2847 941 2914 Ὑψίστου
969 2845 1211 2912 πάντες.

435 2934 547 2987 Καὶ
574 2933 778 3004 γνῶτε,
810 2935 898 2988 ὅτι
936 2935 1362 3005 ἐθαυμάστωσε
1380 2935 1598 3004 Κύριος
1630 2935 1736 2989 τὸν
1771 2935 1943 2990 ὅσιον

355 3023 570 3078 αὐτοῦ.
607 3025 665 3076 '0
694 3026 980 3096 προφήτης
1010 3027 1136 3096 περὶ
1165 3025 1401 3098 Χριστοῦ
1431 3025 1668 3079 διδάσκει
1695 3027 1861 3098 ἡμᾶς,
1885 3027 1944 3090 ὃς

354 3115 509 3166 ἑστιν
565 3114 770 3185 ἀληθὴς
810 3115 984 3178 ὅσιος,
1028 3115 1172 3168 κατά
1225 3115 1285 3168 τὸ
1342 3117 1630 3188 εἰρημένον
1679 3117 1738 3169 ἐν
1771 3116 1848 3188 τῷ
1883 3123 1942 3168 ιε’

628 3207 721 3258 καὶ
759 3207 808 3258 οί
852 3207 1138 3260 ἀπόστολοι
1171 3207 1227 3262 δὲ
1255 3208 1676 3279 ἐμαρτύρησαν,
1711 3208 1787 3270 ὼς
1819 3207 1945 3279 περὶ

353 3299 596 3370 Χριστοῦ
629 3301 1109 3370 προφητευομένου
1135 3301 1384 3370 λέγοντες
1422 3300 1672 3373 εἰρῆσθαι
1698 3301 1790 3364 τὸ,
1825 3302 1946 3354 Οὐκ

352 3391 815 3460 ἐγκαταλείψεις
858 3390 971 3459 τὴν
1019 3391 1234 3460 ψυχήν
1272 3409 1392 3461 μου
1429 3395 1515 3457 εὶς
1567 3392 1759 3459 ᾅδην,
1803 3390 1945 3446 οὐδὲ

351 3481 573 3547 δώσεις
596 3483 703 3535 τὸν
725 3483 899 3536 ὅσιόν
931 3499 1047 3536 σου
1076 3483 1225 3537 ἰδεῖν
1244 3483 1591 3553 διαφθοράν.
1627 3485 1856 3538 Δυνατὸν
1889 3484 1945 3537 δὲ

354 3574 454 3627 καὶ
487 3576 616 3645 περὶ
645 3574 845 3637 παντὸς
876 3574 1023 3627 όσίου
1055 3575 1402 3628 διδάσκεσθαι
1441 3577 1607 3646 ἡμᾶς.
1645 3577 1720 3630 Οὐ
1747 3576 1943 3630 ταυτὸν

349 3664 410 3717 δέ
442 3667 560 3717 ἐστι
602 3663 926 3727 πιστεῦσαι,
973 3664 1061 3717 ὅτι
1106 3665 1533 3735 ἐθαυμάστωσε
1586 3669 1797 3735 Κύριος
1837 3666 1945 3720 τὸν

350 3756 533 3809 ὅσιον
565 3755 773 3818 αὐτοῦ,
815 3758 910 3810 καὶ
941 3757 1162 3826 γνῶναι,
1203 3757 1276 3822 ὡς
1309 3758 1431 3811 οὐδὲ
1476 3759 1673 3812 ταυτόν
1725 3762 1841 3812 ἐστι
1875 3762 1940 3830 τῇ

349 3843 586 3914 ἀληθείᾳ
620 3845 943 3909 πιστεῦσαι,
994 3847 1088 3898 καὶ
1133 3847 1335 3914 γνῶναι
1371 3849 1468 3919 τὴν
1502 3848 1758 3919 ἀλήθειαν
1780 3889 1794 3913 ,
1851 3851 1944 3902 καὶ

353 3933 649 3985 πιστεῦσαι
681 3932 759 4002 τῷ
778 3933 896 4003 Θεῷ
927 3935 1020 3987 καὶ
1041 3935 1242 4002 γνῶναι
1269 3936 1360 3988 τὸν
1379 3935 1531 3989 Θεόν.
1562 3938 1625 3988 Οἱ
1656 3936 1942 3990 ἀπόστολοι

353 4019 452 4077 οῦν
483 4026 552 4093 τῇ
583 4023 810 4094 ἀληθείᾳ
840 4025 1122 4086 ἐπίστευον
1143 4044 1154 4054 ·
1193 4026 1305 4079 ἀλλ’
1337 4027 1398 4078 ού
1455 4043 1669 4090 παντως
1701 4028 1790 4080 ὅτε
1823 4027 1941 4078 ἐπί-

355 4132 552 4168 στευον
592 4113 924 4182 ὲγνώκεισαν
956 4118 1146 4187 αὐτήν.
1205 4117 1500 4181 ’Λπόδειξις
1548 4118 1605 4171 δὲ
1649 4117 1754 4171 τῶν
1790 4121 1942 4189 εἰρη-

357 4205 544 4274 μένων
591 4205 651 4257 τὸ
682 4205 1033 4273 Εὑαγγέλιον,
1077 4206 1202 4260 ἔνθα
1229 4208 1476 4280 εἴρηται·
1521 4208 1664 4262 Ἐὰν
1700 4210 1943 4278 μείνητε

352 4294 427 4346 ἐν
456 4291 536 4357 τῷ
573 4292 692 4362 ἐμῷ
723 4295 902 4363 λόγῳ,
943 4295 1180 4363 ἀληθῶς
1211 4299 1472 4366 μαθηταί
1491 4299 1610 4366 μού
1638 4299 1809 4364 ἐστε,
1845 4301 1943 4354 καὶ

351 4385 668 4456 γνώσεσθε
696 4385 812 4455 τὴν
837 4388 1146 4454 ἀλήθειαν,
1183 4389 1282 4442 καὶ
1327 4391 1364 4458 ἠ
1404 4389 1655 4456 ἀλήθεια
1706 4391 1937 4444 ἐλευθε-

2062 573 2185 627 set?
2214 574 2368 638 Quod
2404 573 2451 628 si
2483 573 2712 628 historia
2740 577 3036 640 spectetur,
3073 569 3290 624 videtur
3319 567 3488 622 David
3529 582 3624 622 eos

2060 664 2284 733 alloqui,
2321 664 2418 734 qui
2458 663 2513 717 in
2547 662 2938 718 tentationibus
2964 669 3024 728 et.
3053 660 3108 713 in
3139 660 3419 714 eventibus
3456 658 3622 714 variis

2058 754 2370 817 turbantur,
2417 753 2707 823 omniaque
2730 751 2908 822 potius
2939 756 3126 820 agunt,
3165 763 3328 818 quam
3360 749 3424 802 ad
3453 747 3620 802 Deum

2057 844 2399 915 confugiant.
2444 843 2586 910 Quid
2637 859 2797 914 opus,
2833 842 3030 911 inquit,
3068 840 3275 894 turbari
3324 854 3386 891 ac
3415 839 3620 892 tumul-

2056 937 2198 990 tuari
2238 950 2336 1005 pro
2365 934 2683 989 conditione
2711 932 3054 1003 temporum?
3089 930 3229 996 Quid
3257 929 3410 998 juvat
3442 944 3500 983 se
3534 942 3624 981 va-

2056 1027 2215 1082 nitati
2242 1027 2478 1092 tradere,
2510 1043 2543 1080 o
2574 1027 2725 1096 gravi
2772 1026 2939 1080 corde
2976 1025 3258 1077 homines?
3285 1021 3424 1088 Quid
3468 1037 3622 1076 men-

2053 1116 2270 1169 dacium
2316 1131 2584 1185 qumrere,
2618 1115 2810 1168 relicta
2859 1111 3124 1167 veritate?
3151 1110 3292 1175 Quin
3333 1110 3513 1179 potius
3551 1123 3618 1161 ex

2053 1206 2205 1261 hisce
2231 1205 2432 1269 edocti,
2469 1206 2636 1259 Deum
2681 1219 2744 1258 ac
2775 1203 3063 1257 Dominum
3103 1217 3226 1256 esse
3261 1201 3503 1254 omnium
3536 1200 3620 1252 in-

2053 1308 2360 1370 spectorem
2411 1314 2474 1351 ac
2523 1297 2944 1358 moderatorem,
2983 1295 3074 1363 qui
3120 1295 3327 1346 nullum
3378 1306 3617 1361 unquam

2052 1397 2370 1444 sanctorum
2412 1403 2635 1442 suorum
2682 1386 2907 1451 deserit,
2959 1383 3052 1439 sed
3099 1383 3370 1437 mirabilia
3405 1395 3621 1452 semper

2049 1480 2264 1534 illorum
2298 1495 2463 1533 causa
2493 1479 2670 1542 etlicit,
2701 1487 2887 1532 curate
2924 1493 3022 1532 vos
3047 1477 3150 1546 ipsi
3177 1483 3237 1529 ut
3265 1476 3437 1529 sancti
3473 1474 3618 1537 sitis,

2051 1569 2292 1638 apprime
2314 1569 2490 1639 gnari,
2525 1567 2814 1620 Dominum
2843 1565 3022 1630 vobis,
3052 1564 3276 1634 perinde
3301 1571 3464 1632 atque
3485 1562 3618 1616 mihi

2050 1660 2344 1730 propitium
2376 1659 2512 1724 fore,
2550 1659 2596 1714 si
2622 1657 2842 1728 quando
2874 1657 2940 1710 ad
2987 1657 3164 1726 ipsum
3199 1654 3527 1709 clamabitis.
3559 1651 3618 1708 Si

2053 1757 2232 1804 autem
2264 1765 2362 1804 vos
2398 1748 2659 1802 Dominus
2705 1747 3032 1809 exaudierit,
3069 1746 3219 1799 nulla
3262 1745 3493 1799 ulterius
3521 1758 3618 1798 vo-

1976 1835 2019 1889 B
2047 1840 2132 1894 bis
2161 1839 2470 1895 sollicitudo
2500 1840 2684 1906 fuerit,
2712 1854 2836 1893 cum
2865 1840 2986 1907 ejus
3011 1839 3275 1893 auxilium
3297 1837 3452 1892 vobis
3477 1837 3619 1892 scia-

2048 1933 2119 1987 tis
2165 1932 2500 1988 adl‘uturum.
2549 1931 2732 1987 Gloria
2785 1942 2965 1987 autem
3017 1932 3186 1986 divini
3237 1933 3388 1986 verbi
3417 1931 3620 1987 fuerint

2047 2023 2144 2076 ﬁlii
2176 2024 2481 2087 hominum,
2512 2023 2668 2092 juxta
2691 2023 2938 2093 Aquilam
2965 2031 3020 2076 et
3049 2020 3468 2092 Symmachum;
3492 2035 3618 2074 nam

2045 2111 2242 2181 Aquila
2271 2113 2350 2166 sic
2384 2113 2582 2168 habet:
2615 2111 2909 2181 Usquequo,
2939 2111 3158 2181 gloriosi
3193 2111 3337 2166 mei?
3369 2109 3620 2181 Symma-

2047 2203 2186 2257 chus
2218 2218 2385 2258 vero:
2418 2201 2712 2272 Usquequo,
2735 2201 2909 2271 gloria
2943 2202 3102 2254 mea?
3129 2198 3378 2255 videlicet
3401 2208 3619 2270 prepter

2047 2291 2284 2344 animam
2330 2291 2667 2361 intelligendi
2701 2291 2751 2344 vi
2786 2290 3068 2358 praeditam
3117 2298 3171 2344 et
3215 2291 3616 2351 rationabilem,

2047 2382 2115 2437 ad
2163 2384 2458 2454 imaginem
2512 2382 2606 2437 Dei
2655 2381 2876 2436 factam.
2925 2381 3138 2447 Quibus
3185 2381 3275 2434 hic
3329 2381 3620 2450 exprobrat

2044 2469 2353 2533 Psalmista,
2388 2487 2611 2541 eosque,
2664 2478 2849 2540 utpote
2882 2472 2950 2524 ad
3007 2470 3190 2540 pejora
3224 2485 3436 2533 versos,
3467 2469 3617 2539 gravi

2045 2564 2202 2618 corde
2239 2565 2506 2626 homines,
2551 2579 2615 2617 ac
2661 2564 2798 2618 ﬁlios
2833 2563 3117 2616 hominum
3152 2571 3343 2628 vocat;
3385 2577 3522 2630 quos
3557 2562 3612 2616 ﬁ-

2043 2655 2147 2709 lios
2195 2669 2317 2709 esse
2361 2653 2452 2708 Dei
2494 2655 2846 2721 oportuisset,
2885 2655 3041 2723 juxta
3090 2653 3221 2707 illud
3257 2671 3268 2706 :
3302 2651 3412 2723 Ego
3453 2652 3569 2705 dixi
3595 2667 3614 2705 :

2043 2746 2136 2800 Dii
2155 2749 2299 2812 estis,
2323 2757 2371 2801 el
2394 2747 2495 2816 ﬁlii
2516 2746 2727 2801 Excelsi
2758 2765 2933 2801 omnes
2955 2747 3021 2800 “.

2117 2923 2282 2979 Vens.
2315 2923 2369 2978 4.
2414 2922 2482 2976 Et
2525 2925 2712 2977 scitote
2753 2923 3002 2992 quoniam
3033 2919 3618 2990 miriﬁcavitBominus

2046 3024 2290 3072 sanctum
2311 3031 2488 3072 suum.
2531 3019 2606 3068 De
2633 3013 2854 3068 Christo
2897 3028 2999 3067 nos
3029 3011 3298 3082 Propheta
3340 3011 3617 3072 admonet,

2047 3105 2140 3175 qui
2187 3118 2350 3159 verus
2387 3112 2610 3158 sanctus
2657 3109 2764 3164 est,
2814 3109 2874 3154 ut
2915 3102 2968 3155 in
3009 3101 3219 3170 psalmo
3254 3117 3320 3154 xv
3363 3100 3616 3164 habetur,

2047 3212 2208 3266 quem
2243 3197 2422 3250 locum
2469 3195 2834 3250 testiﬁcantur
2885 3192 3117 3264 apostoli
3148 3191 3215 3247 de
3237 3193 3459 3246 Christo
3493 3208 3620 3262 pro-

2047 3290 2262 3362 phetice
2310 3287 2747 3356 intelligendum,
2789 3288 3089 3343 videlicet:
3124 3286 3248 3341 Non
3289 3287 3615 3358 derelinques

2049 3383 2281 3435 animam
2318 3396 2486 3432 meam
2518 3380 2570 3431 in
2623 3379 2852 3447 inferno,
2899 3396 2988 3432 nec
3020 3379 3171 3432 dabis
3203 3389 3440 3433 sanctum
3468 3389 3616 3432 tuum

2045 3474 2216 3528 videre
2244 3473 2625 3540 corruptionem
2645 3473 2710 3526 ³⁵.
2737 3471 2879 3526 Fieri
2910 3481 3092 3526 tamen
3115 3479 3292 3541 potest
3312 3481 3368 3526 ut
3397 3471 3464 3526 de
3493 3487 3618 3525 san-

2045 3575 2134 3620 cto
2161 3565 2405 3634 quolibet
2443 3565 2533 3617 hic
2576 3565 2890 3618 doceamur.
2936 3564 3122 3634 Neque
3165 3572 3346 3618 tamen
3379 3564 3616 3634 idipsum

2044 3666 2129 3712 est
2171 3658 2415 3723 credere,
2446 3658 2695 3727 quoniam
2737 3658 3038 3726 miri/icavit
3071 3657 3331 3712 Dominus
3373 3667 3616 3710 sanctum

2045 3766 2221 3812 suum,
2274 3765 2338 3803 ac
2369 3765 2698 3820 cognoscere
2755 3765 2862 3803 non
2892 3750 3032 3804 idem
3083 3765 3205 3806 esse
3253 3749 3474 3803 credere
3527 3765 3620 3803 ve—

2043 3843 2213 3909 ritati,
2243 3850 2297 3898 et
2326 3858 2489 3898 nosse
2511 3844 2828 3909 veritatem;
2859 3849 2913 3897 et
2945 3841 3168 3897 credere
3197 3841 3328 3910 Deo,
3363 3857 3426 3896 ac
3454 3857 3619 3898 nosse

2043 3933 2234 3990 Deum.
2266 3935 2510 4005 Apostoli
2547 3944 2697 3990 certe
2738 3935 2954 3990 veritati
2998 3935 3325 4001 credebant;
3357 3935 3452 3990 sed
3483 3935 3614 3989 dum

2045 4029 2350 4091 crederent,
2380 4043 2486 4082 non
2522 4042 2747 4097 prorsus
2776 4028 3078 4082 noscebant
3107 4028 3277 4080 illam.
3308 4026 3439 4093 Qua:
3474 4026 3613 4081 dici-

2043 4135 2166 4174 mus
2196 4119 2365 4189 probe
2385 4127 2885 4172 commonstrantur
2917 4134 2986 4172 ει
3016 4119 3120 4171 hoc
3143 4116 3422 4187 Evangelii
3454 4118 3574 4171 loco
3601 4136 3613 4170 :

2046 4208 2105 4264 Si
2136 4211 2437 4263 manseritis
2465 4211 2518 4263 in
2541 4226 2776 4264 sermone
2801 4227 2932 4272 meo,
2971 4225 3082 4263 vere
3104 4209 3351 4277 discipuli
3383 4210 3482 4262 mei
3512 4210 3619 4262 eri-

2046 4303 2134 4365 tis,
2156 4312 2205 4354 et
2228 4303 2545 4370 cognoscetis
2572 4303 2863 4362 veritatem,
2894 4310 2942 4354 et
2969 4301 3161 4354 veritas
3185 4300 3427 4354 liberabit
3447 4316 3534 4353 vos
3549 4300 3613 4354 “.

2043 4394 2284 4449 Credunt
2313 4395 2479 4460 enim,
2509 4395 2706 4463 inquit,
2745 4394 2983 4458 veritati,
3021 4403 3079 4448 ut
3105 4403 3443 4463 cognoscant
3477 4393 3618 4447 veri-

350 4479 534 4548 ρὼσει
571 4479 747 4547 ὑμεῖς.
795 4481 1116 4534 Πιστεύουσι
1142 4481 1249 4554 γὰρ
1284 4485 1350 4553 τῇ
1389 4483 1637 4554 ἀληθείᾳ,
1679 4485 1831 4554 φησὶ,
1877 4484 1937 4536 τὸ

2046 4492 2209 4539 tatem
2255 4501 2453 4548 :nau:,
2525 4485 2825 4538 secundum
2901 4485 3232 4554 prophetas,
3287 4483 3617 4538 credendum

353 4572 664 4640 γνώσεσθαι
715 4574 815 4645 τὴν
845 4574 1129 4644 ἀλήθειαν·
1165 4577 1306 4629 κατά
1349 4576 1458 4648 γὰρ
1505 4577 1628 4638 τοὺς
1658 4577 1940 4647 προφήτας

355 4663 650 4716 πιστεῦσαι
685 4664 766 4716 δεῖ
807 4667 936 4736 πρὶν
982 4667 1217 4719 συνιέναι
1263 4669 1357 4720 καὶ
1408 4667 1664 4738 λαλῆσαι·
1705 4667 1798 4720 τοῦ
1843 4668 1941 4738 μὲν

367 4753 590 4807 Ἡσαΐου
627 4757 904 4825 λέγοντοςο
961 4760 1102 4811 Ἐὰν
1139 4759 1222 4828 μὴ
1270 4762 1666 4828 πιστεύσητε,
1711 4760 1836 4813 οὐδ’
1869 4763 1940 4814 οὺ

351 4843 440 4914 μὴ
484 4845 741 4913 συνῆτε
792 4847 885 4898 τοῦ
928 4846 983 4898 δὲ
1021 4850 1211 4900 Δαυὶδ·
1265 4851 1651 4914 Ἐπίστευσα,
1677 4850 1766 4902 διὸ
1800 4849 1939 4903 ἑλά-

353 4938 546 5002 λησα.
577 4937 694 4988 Ὅτι
723 4937 781 4989 δὲ
809 4938 870 4990 τὸ
914 4937 1200 5005 γινώσκειν
1233 4940 1324 4990 τὸν
1369 4939 1500 4991 Θεὸν
1533 4939 1626 4991 τοῦ
1669 4940 1940 4992 πιστεύειν

354 5026 510 5096 αὐτῷ
543 5026 809 5099 διαφέρει,
861 5029 917 5079 ἐν
963 5031 1076 5092 τοῖς
1127 5029 1372 5099 Ψαλμοῖς
1406 5029 1818 5100 ἀναγέγραπται
1851 5030 1939 5082 διὰ

346 5115 477 5179 τοῦ,
529 5118 881 5185 Σχολάσατε
911 5119 1008 5172 καὶ
1044 5117 1248 5188 γνῶτε,
1278 5121 1367 5173 ὅτι
1409 5122 1522 5191 ἐγώ
1553 5125 1667 5191 ειμι
1703 5127 1735 5175 ό
1767 5125 1938 5188 Θεός·

351 5209 415 5260 οὐ
442 5209 557 5278 γὰρ
582 5213 691 5273 τοῖς
723 5210 1010 5263 ἀπιστοῦσί
1039 5229 1168 5280 φησι
1191 5229 1202 5240 ο
1235 5213 1580 5272 Σχ)λάσατε
1609 5214 1706 5267 καὶ
1736 5214 1938 5281 γνῶτε,

351 5299 442 5352 ὅτι
473 5299 591 5367 ἐγώ
627 5303 741 5369 ειμι
778 5307 810 5355 ὁ
841 5303 1007 5368 Θεός.
1048 5304 1169 5355 Ἐπὶ
1200 5305 1399 5370 γνῶσιν
1429 5302 1521 5358 οὖν
1551 5308 1696 5376 ἡμᾶς
1725 5308 1753 5358 ό
1785 5305 1942 5373 λόγος

352 5391 800 5462 προκαλούμενος
835 5393 1125 5448 ὑποϐάλλει
1166 5397 1260 5448 καὶ
1285 5395 1383 5467 τὴν
1410 5397 1554 5460 τίνος
1582 5398 1780 5465 γνῶσιν
1812 5399 1941 5452 ἀνα-

425 5547 475 5577 δδ
491 5545 640 5602 Psal.
675 5547 930 5611 Lxxxl,6.

2047 4576 2198 4646 prius
2240 4584 2325 4631 est
2360 4591 2522 4645 quam
2555 4577 2924 4646 intelligamus
2967 4584 3020 4629 et
3044 4577 3355 4646 loquamur,
3402 4574 3620 4629 dicente

2046 4667 2181 4720 Isaia
2214 4687 2226 4721 :
2286 4668 2348 4722 Si
2392 4685 2495 4720 non
2543 4667 2894 4729 credideritis,
2930 4683 3090 4736 neque
3123 4667 3426 4736 intelligetis
3448 4666 3530 4731 M;
3564 4674 3620 4720 et

2047 4755 2248 4811 Davide
2279 4777 2291 4810 :
2327 4755 2564 4824 Credidi,
2597 4767 2806 4824 propter
2847 4757 2984 4826 quod
3022 4756 3225 4810 locutus
3244 4771 3361 4809 sum
3377 4755 3442 4811 ⁸⁸.
3461 4753 3615 4820 Quod

2047 4856 2226 4901 autem
2259 4847 2555 4901 discrimen
2586 4849 2657 4902 sit
2692 4848 2832 4901 inter
2860 4846 3028 4900 Deum
3070 4862 3233 4901 nosse
3265 4855 3318 4899 et
3358 4845 3466 4899 Deo
3499 4860 3616 4899 cre-

2047 4939 2194 5002 dere,
2241 4940 2293 4990 in
2328 4939 2552 5008 psalmis
2591 4939 2921 4992 describitur
2965 4938 3050 4992 his
3083 4937 3302 4992 verbis:
3347 4936 3540 4989 Vacate
3565 4945 3614 4988 et

2046 5029 2220 5082 videte"
2240 5030 2487 5098 quoniam
2521 5047 2610 5099 ego
2640 5047 2756 5083 sum
2785 5027 2922 5080 Deus
2950 5022 2994 5055 ”
3025 5048 3038 5082 :
3073 5044 3180 5082 non
3215 5028 3358 5080 enim
3394 5027 3506 5080 haec
3533 5028 3613 5079 lo-

2045 5121 2230 5191 quitur
2261 5137 2371 5177 non
2405 5122 2755 5178 credentibus
2787 5141 2799 5175 :
2839 5121 3030 5174 Vacate
3072 5132 3121 5174 et
3168 5121 3332 5173 videte
3363 5121 3613 5185 quoniam

2043 5230 2133 5283 ego
2162 5229 2279 5267 sum
2325 5211 2488 5267 Deus.
2549 5216 2685 5273 Cum
2740 5215 2923 5283 itaque
2971 5229 3068 5268 nos
3107 5228 3287 5266 sermo
3317 5212 3382 5266 ad
3423 5211 3612 5280 cogni-

2044 5307 2248 5360 tionem
2278 5313 2487 5372 evocat,
2509 5307 2716 5360 indicat
2747 5307 2906 5360 simul
2941 5306 3098 5374 cujus
3135 5306 3209 5358 rei
3235 5305 3484 5358 notitiam
3514 5318 3614 5356 nos

2046 5399 2260 5469 assequi
2291 5406 2569 5470 oporteat;
2599 5397 2849 5452 videlicet
2891 5395 3169 5450 mirabiles
3199 5393 3336 5448 eﬁici
3367 5401 3609 5456 sanctos,

1010 5548 1213 5603 “Psal.
1248 5567 1349 5613 xv,
1388 5552 1468 5606 l0.
1515 5551 1877 5618 “Joan.vm,
1909 5554 1940 5606 5

2046 5554 2093 5609 2.
2134 5556 2177 5585 ‘7
2218 5554 2319 5608 lsa.
2354 5571 2452 5619 vn,
2487 5555 2541 5609 9.
2574 5553 2618 5586 ⁸⁸
2651 5552 2793 5606 Psal.
2826 5566 2950 5613 cxv,
2983 5551 3064 5604 10.
3131 5551 3174 5582 ⁸ο
3203 5549 3477 5612 Psal.xr.v,
3523 5551 3608 5604 ll.

420 5753 498 5822 (ς)
540 5750 600 5804 ln
642 5750 909 5805 llebraieo
936 5753 1130 5824 legitur
1154 5762 1326 5820 "tm,
1368 5756 1418 5811 id
1450 5763 1553 5822 est,
1589 5755 1760 5826 gloria
1791 5772 1926 5824 mea,
1958 5764 2018 5812 ut
2047 5759 2214 5829 probe
2240 5758 2598 5830 Symmachus
2625 5758 3030 5828 interpretatur.

558 5852 834 5912 Ριτιιοι.
868 5850 984 5908 Gn.
1023 5848 1251 5912 XXIII.
