4064 6372
470 305 581 362 107

1144 303 1415 365 EUSEBII
1446 303 1926 363 ClESARlENS-IS
1956 305 2110 367 OPP.
2143 305 2323 365 PARS
2376 305 2467 364 Ill.
2508 338 2578 348 —
2618 307 3030 367 EXEGETICA.

3556 362 3559 367 .
3638 311 3743 367 108

473 425 607 482 ditm
640 438 967 481 arcanorum
1006 424 1396 495 mysteriorum
1431 440 1827 498 sacrarumque
1856 443 2047 499 specu-

2160 428 2346 483 λαὸεϊν
2369 431 2520 501 ἡμᾶς
2543 429 2669 501 χρὴ,
2698 428 2774 494 ὥς
2790 431 2927 484 εἰσιν
2947 430 3052 484 ὑπὸ
3066 429 3203 484 θεοῦ
3230 431 3745 504 τεθαυμαστωμένοι

472 515 741 572 iatio‘num
789 514 1139 570 mirabilibus
1180 513 1545 571 admoventur
1574 523 1774 588 :atque
1822 517 1927 587 ipsi
1958 532 2056 587 per

471 607 570 665 Dei
623 607 855 679 gratiam
913 607 1268 680 divinamque
1319 608 1716 679 inspectionem
1774 609 2055 666 mirabiles

470 702 728 760 evadunt.
1964 708 1977 713 '

548 881 719 938 Vens.
753 882 807 939 5.
852 880 1161 937 lrascimini
1183 889 1234 937 et
1258 881 1419 936 nolite
1434 896 1701 951 peccare:
1731 898 1850 953 qua:
1876 881 2054 938 dicitis

469 977 532 1032 in
574 973 822 1030 cordibus
862 976 1071 1042 vestris,
1110 976 1166 1030 in
1207 973 1468 1029 cubilibus
1510 976 1703 1029 uestris
1748 976 2056 1046 compungi-

468 1066 622 1122 mini.
655 1064 860 1122 Suadet
895 1065 991 1120 ira:
1023 1066 1286 1139 impetum
1322 1064 1600 1129 cohibere,
1628 1065 1674 1120 si
1714 1065 1938 1135 quando
1967 1082 2055 1121 ve-

468 1157 710 1214 bementi
761 1158 1130 1213 commotione
1179 1156 1425 1222 feratur,
1474 1167 1769 1228 monetque
1817 1173 1886 1213 ne
1921 1158 2053 1229 quid

467 1248 551 1305 ira
581 1249 895 1321 impellente
912 1257 1109 1321 agatur
1137 1268 1151 1304 :
1183 1265 1361 1321 neque
1389 1251 1705 1321 importune
1730 1250 1859 1305 talia
1886 1250 2047 1306 fatur.

466 1340 605 1396 Nam
646 1342 776 1413 quia
813 1342 851 1397 ii
884 1342 981 1413 qui
1013 1357 1045 1397 a
1077 1340 1282 1398 Davide
1305 1343 1549 1409 stabant,
1578 1342 1933 1397 rebellionem
1959 1344 2054 1397 ﬁlii

467 1435 524 1491 in
551 1442 783 1503 patrem,
814 1435 894 1489 uti
922 1450 1021 1506 par
1049 1441 1189 1502 erat,
1216 1435 1441 1506 indigne
1468 1434 1728 1499 ferentes,
1763 1435 1820 1489 in
1850 1435 2052 1489 bellum

468 1535 663 1585 contra
713 1527 1046 1584 Absalonem
1105 1528 1188 1582 ira
1235 1527 1473 1598 correpti
1522 1526 2051 1598 proﬁciscebantur;

466 1620 595 1677 ideo
639 1619 721 1676 sic
761 1634 859 1677 eos
903 1619 1233 1692 compellare
1278 1618 1494 1674 videtur
1521 1638 1533 1673 :
1562 1617 1674 1674 Vos
1720 1618 1962 1689 quidem,
2019 1632 2055 1673 o

464 1716 572 1773 viri
632 1715 1077 1779 commilitones,
1127 1712 1222 1784 qui
1275 1726 1405 1767 vere
1456 1710 1679 1782 gloriosi
1721 1711 1830 1767 mei
1874 1711 2051 1774 estis,

2156 523 2206 575 οἱ
2238 522 2397 586 ὅσιοι,
2433 522 2673 594 θαύμασι
2703 523 3104 594 προσαχθέντες
3130 524 3244 577 τῶν
3277 526 3603 597 ἀπορρήτων
3645 544 3746 597 μυ-

2157 614 2396 686 στηρίων
2423 615 2519 669 καὶ
2556 614 2664 668 τῶν
2714 614 2884 684 ἁγίων
2926 615 3321 688 θεωρημάτων,
3350 619 3446 671 καὶ
3475 618 3629 672 αὐτοὶ
3676 618 3743 671 δι’

2154 707 2324 780 αὐτὴν
2344 706 2439 762 τοῦ
2464 707 2600 761 Θεοῦ
2635 708 2797 781 χάριν
2828 708 2923 761 καὶ
2944 706 3094 762 Θείαν
3117 710 3419 781 ἐπισκοπὴν
3439 708 3744 781 θαυμαστοὶ

2156 798 2459 870 γενόμενοι.

2241 889 2562 962 Ὀργίζεσθε
2618 890 2716 944 καὶ
2755 888 2842 959 μὴ
2890 889 3289 960 ἁμαρτάνετε·
3329 891 3369 945 d
3417 891 3625 963 λέγετε
3667 892 3738 946 ἐν

2153 982 2285 1050 ταῖς
2316 982 2588 1052 καρδίαις
2605 981 2793 1053 ὑμῶν,
2817 982 2915 1035 ἐπὶ
2949 982 3077 1049 ταῖς
3107 984 3334 1049 κοίταις
3375 984 3538 1052 ὑμῶν
3555 1000 3736 1037 κατα-

2154 1079 2395 1149 νύγητε.
2426 1076 2790 1148 Συμὸουλεύει
2825 1076 3054 1131 κωλύειν
3094 1076 3156 1130 τδ
3198 1076 3300 1146 τῆς
3340 1077 3508 1148 ὀργῆς
3546 1076 3738 1142 πάθος,

2156 1170 2211 1223 ετ
2235 1185 2366 1223 ποτε
2396 1168 2779 1236 ἀγανακτικῶς
2813 1167 3169 1233 ἀνακινεῖται,
3199 1167 3334 1238 μηδέ
3368 1168 3447 1230 είς
3469 1167 3629 1239 ἔργον
3650 1167 3743 1221 τὸν

2156 1261 2327 1333 θυμὸν
2360 1260 2627 1314 κινεῖσθαι
2678 1259 2977 1332 παραινῶν.
3025 1262 3138 1314 Ούκ
3186 1259 3428 1331 ἀκαίρως
3468 1260 3525 1313 δὲ
3570 1258 3743 1317 ταῦτά

2156 1368 2354 1425 φησιν’
2397 1352 2511 1405 ἀλλ’
2545 1352 2734 1423 ἐπειδὴ
2774 1352 2917 1406 κατὰ
2946 1353 3039 1406 τοῦ
3077 1351 3430 1423 Ἀὄεσσαλὼμ
3464 1352 3743 1425 ὁρμῶντες

2155 1448 2234 1511 είς
2263 1446 2520 1516 πόλεμον,
2551 1445 2667 1515 μετ’
2692 1444 2866 1516 ὀργῆς
2898 1445 3158 1517 ἐξῄεσαν,
3195 1446 3271 1509 ὡς
3303 1446 3477 1509 εἰκὸς,
3517 1447 3568 1498 ol
3604 1444 3743 1514 μετά

2154 1539 2248 1595 τοῦ
2280 1537 2462 1601 Δαυῖδ,
2501 1535 2939 1606 ἀγανακτοῦντες
2968 1536 3063 1588 ἐπὶ
3107 1538 3171 1607 τῇ
3208 1535 3301 1589 τοῦ
3330 1534 3447 1588 υίοῦ
3476 1533 3618 1588 κατά
3644 1532 3741 1588 τοῦ

2155 1631 2364 1705 πατρὸς
2421 1628 2818 1682 ἐπαναστάσει·
2864 1628 3057 1681 τούτου
3113 1627 3272 1701 χάριν
3315 1627 3457 1681 ἔοικε
3513 1626 3744 1682 τοιαῦτά

2156 1740 2276 1777 τινα
2303 1720 2441 1793 πρὸς
2470 1718 2669 1784 αὐτοὺς
2699 1719 2904 1788 λέγειν·
2955 1720 3143 1791 Ὑμεῖς
3174 1720 3293 1791 μὲν,
3317 1714 3362 1773 ὧ
3385 1719 3576 1791 ἄνδρες
3604 1720 3742 1791 σύμ-

464 1816 656 1880 utpote
686 1807 791 1878 ﬁlii
817 1806 1112 1870 hominum,
1159 1805 1310 1876 graui
1342 1808 1503 1859 corde
1533 1802 1775 1875 praediti,
1807 1810 1861 1859 et
1901 1817 2047 1857 mor-

2158 1832 2343 1887 μαχοι,
2379 1816 2427 1869 οἳ
2459 1816 2522 1888 δὴ
2563 1814 2657 1869 καὶ
2686 1812 2927 1877 ἔνδοξοί
2983 1829 3117 1883 μου,
3145 1812 3220 1876 ὡς
3256 1812 3373 1866 υίοὶ
3416 1810 3743 1880 ἀνθρώπων

463 1902 593 1958 talis
632 1900 801 1971 hujus
843 1900 969 1955 vitae
1017 1898 1251 1953 vanitati
1295 1898 1591 1965 haerentes,
1625 1896 2055 1968 ignorantesque

459 1993 671 2067 justum
700 1993 798 2049 Dei
826 2001 1019 2049 contra
1052 1991 1252 2061 impios
1276 1990 1571 2063 judicium,
1615 1989 1920 2046 irascimini
1955 1989 2057 2044 ad-

462 2104 660 2145 versus
703 2086 933 2155 impium
990 2083 1162 2140 ﬁlium
1195 2103 1209 2139 :
1247 2098 1311 2139 ac
1355 2083 1481 2153 jure
1506 2081 1728 2154 quidem
1767 2080 2049 2145 commoti,

461 2176 801 2250 indigneque
832 2190 949 2231 rem
981 2174 1245 2241 ferentes,
1277 2175 1334 2229 in
1362 2174 1566 2230 bellum
1610 2170 2047 2244 proﬁciscimini.

462 2269 579 2342 Ego
610 2285 739 2326 vero
768 2283 865 2325 vos
901 2283 1097 2325 omnes
1134 2281 1357 2331 moneo,
1390 2266 1496 2322 etsi
1528 2267 1723 2321 merito
1772 2266 1851 2319 ira
1881 2265 2052 2335 perci-

460 2374 573 2429 tos,
616 2378 691 2420 ne
732 2362 855 2420 sitis
894 2360 1199 2418 clementiae
1229 2359 1619 2432 patientiaeque
1669 2357 2048 2427 immemores,

461 2467 571 2513 neu
625 2455 702 2511 ita
756 2454 1152 2521 succenseatis,
1203 2461 1267 2509 ut
1320 2454 1380 2509 in
1430 2459 1720 2525 peccatum
1764 2452 2047 2509 labamini.

461 2547 832 2617 Quamobrem
876 2546 1000 2603 dico
1042 2564 1056 2601 :
1096 2545 1437 2614 Irascimini,
1478 2545 1569 2601 sed
1614 2545 1775 2601 nolite
1812 2561 2047 2615 peccare.

459 2637 693 2695 Etiamsi
727 2653 896 2710 porro
946 2645 1172 2708 propter
1216 2636 1498 2707 improbos
1542 2636 1837 2694 Absalonis
1879 2651 2048 2694 ausus

463 2732 673 2798 animo,
708 2732 866 2803 juxta
912 2729 1190 2801 Aquilam,
1245 2728 1689 2793 commovemini,
1736 2736 1927 2785 cavete
1963 2736 2048 2783 ta-

461 2843 613 2893 men,
644 2842 713 2883 ne
741 2825 1020 2898 prioribus
1050 2822 1291 2895 peccatis
1340 2837 1543 2877 novum
1575 2820 1868 2892 adjiciatis,
1913 2821 1961 2876 si
1988 2822 2046 2875 in

426 2956 431 2963 -
460 2917 750 2977 iracundia
790 2914 1179 2988 perseveretis.
1213 2911 1603 2984 Deprehendes
1646 2917 1830 2966 autem
1873 2911 1929 2966 in
1960 2910 2047 2964 hi-

461 3013 635 3070 storia
688 3012 872 3083 ipsum
920 3006 1217 3065 admodum
1271 3005 1601 3077 praecepisse
1649 3010 1710 3059 ut
1762 3003 1876 3060 ﬁlio
1920 3019 2048 3077 par-

460 3112 670 3162 cerent.

531 3281 1155 3351 Vsas.'6.7.Sacriﬁcale
1186 3279 1514 3350 sacriﬁcium
1530 3277 1795 3347 justitite,
1827 3278 1894 3331 'et
1931 3294 2047 3347 sre-

459 3388 576 3432 rate
622 3377 678 3431 in
731 3375 980 3431 Domino.
1018 3371 1247 3428 Etiamsi
1286 3379 1347 3426 ut
1393 3371 1644 3425 homines
1689 3369 1950 3426 mortales
1991 3370 2048 3424 in

458 3470 650 3526 multis
729 3466 1194 3541 cogitationibus,
1264 3464 1348 3519 ira
1407 3463 1679 3535 permoti,
1754 3479 1853 3535 per
1902 3464 2047 3520 diem

458 3561 795 3631 versamini;
838 3567 906 3615 .at
954 3559 1013 3615 in
1068 3557 1342 3613 cubilibus
1393 3556 1580 3627 quiete
1625 3555 1771 3626 apud
1815 3570 1916 3612 vos
1962 3556 2047 3627 ip-

460 3670 555 3711 sos
605 3661 866 3726 agentes,
919 3659 1085 3723 atque
1139 3650 1231 3705 illa
1282 3663 1404 3722 qua
1456 3648 1515 3704 in
1573 3647 1663 3704 die
1690 3648 2048 3719 perpetrastis

458 3745 742 3802 vobiscum
788 3750 1180 3815 .reputantes,
1278 3739 1730 3812 compungimini.
1806 3737 1887 3795 Ne
1953 3738 2049 3810 igi-

459 3844 550 3892 tur
588 3835 850 3894 adversus
894 3849 992 3891 eos
1043 3833 1139 3905 qui
1187 3830 1675 3888 vos-facinoribus
1719 3829 2049 3902 aggrediun-

455 3936 569 3991 tur,
625 3940 803 3997 neque
864 3925 1129 3981 adversus
1198 3924 1371 3979 ﬁlium
1437 3924 1581 3995 patri
1633 3924 1892 3980 rebellem
1962 3923 2047 3978 ira

456 4016 812 4073 concitemini
848 4036 861 4071 :
898 4032 1004 4071 neu
1051 4030 1169 4081 vos,
1214 4014 1614 4072 lacessentibus
1660 4014 1789 4070 licet
1840 4014 2043 4085 impiis,

457 4115 624 4180 atque
671 4108 740 4162 ad
793 4104 1137 4162 iracundiam
1193 4106 1658 4181 provocantibus,
1711 4107 1768 4161 in
1819 4117 2045 4177 peccata

456 4199 753 4264 labamini;
794 4200 905 4254 imo
955 4200 1163 4270 potius,
1211 4200 1259 4255 si
1303 4198 1524 4269 quidem
1574 4198 1632 4253 in
1680 4205 1800 4254 tuto
1846 4200 2046 4269 degere

457 4293 717 4364 cupiatis,
752 4292 1053 4363 sacriﬁcate
1074 4292 1401 4362 sacriﬁcium
1439 4291 1696 4361 justitiw,
1737 4300 1788 4347 et
1834 4301 2046 4361 sperate

456 4387 515 4442 in
558 4378 825 4453 Domino;
871 4401 1051 4457 neque
1103 4386 1533 4451 conturbemini,
1570 4395 1759 4457 utpote
1801 4385 1897 4456 qui
1946 4401 2045 4457 per

2149 1905 2549 1975 βαρυκάρδιοί
2597 1921 2742 1968 τινες
2774 1903 2955 1967 ὀντες,
2989 1903 3083 1957 xui.
3134 1905 3200 1975 τῇ
3237 1902 3331 1956 τοῦ
3381 1903 3578 1976 θνητοῦ
3624 1904 3738 1975 βίου

2158 2000 2479 2070 ματαιότητι
2532 1996 2921 2069 προσέχοντες,
2948 1996 3050 2049 οὐκ
3081 1996 3282 2059 εἰδότες
3328 1996 3427 2068 τὴν
3463 1995 3557 2049 τοῦ
3603 1996 3738 2050 Θεοῦ

2154 2090 2295 2144 κατά
2326 2089 2438 2143 τῶν
2471 2088 2685 2144 ἀσεϐῶν
2716 2086 3132 2158 δικαιοκρισίαν,
3165 2086 3437 2157 θυμοῦσθε
3470 2086 3613 2140 κατὰ
3645 2086 3738 2140 τοῦ

2154 2180 2385 2246 ἀσεϐοῦς
2428 2179 2543 2234 υἱοῦ
2565 2196 2577 2210 ’
2612 2179 2709 2232 καὶ
2757 2178 2981 2241 δικαίως
3016 2176 3358 2248 κινούμενοι,
3408 2178 3503 2231 καὶ
3534 2178 3743 2246 ἀγανα-

2154 2275 2356 2339 κτικῶς
2386 2270 2749 2344 ὀργιζόμενοι,
2782 2272 2879 2324 ἐπὶ
2930 2270 3021 2323 τὸν
3070 2269 3305 2341 πόλεμον
3351 2269 3561 2341 ὀρμᾶτε
3583 2287 3596 2299 ·
3629 2268 3741 2339 ἐγὼ

2150 2367 2210 2421 δὲ
2258 2368 2370 2430 τοῖς
2406 2368 2537 2420 πᾶσι
2574 2366 2828 2437 παραινῶ
2852 2405 2867 2430 ,
2906 2364 2955 2417 εί
2995 2364 3090 2417 καὶ
3118 2361 3337 2431 εὔλογος
3364 2363 3397 2433 ἡ
3431 2361 3588 2434 ὀργὴ,
3621 2362 3738 2417 ἀλλ’

2153 2460 2300 2532 ὑμᾶς
2331 2459 2392 2513 ού
2437 2458 2544 2531 χρὴ
2590 2460 2689 2530 τῆς
2731 2456 2938 2519 οἰκείας
2980 2454 3433 2510 ἐπιλανθάνεσθαι
3485 2453 3738 2519 ἀνεξικα-

2151 2551 2296 2617 κίας,
2321 2551 2427 2605 οὐδ’
2450 2551 2545 2605 ἐπὶ
2571 2550 2731 2605 πλέον
2761 2547 3111 2615 ἐξάπτεσθαι,
3136 2548 3213 2612 ὡς
3231 2549 3325 2601 καὶ
3348 2546 3441 2601 ἐπὶ
3463 2547 3739 2619 ἁμαρτίας

2149 2643 2460 2717 ἐκπίπτειν.
2491 2643 2583 2697 Διό
2616 2658 2793 2714 φημν
2844 2638 3188 2710 Ὀργίζεσθε,
3226 2638 3388 2694 ἀλλὰ
3430 2638 3517 2708 μὴ
3551 2639 3738 2709 ἁμαρ-

2148 2730 2377 2787 τάνετε.
2407 2732 2471 2785 El
2494 2731 2553 2785 δὲ
2586 2732 2683 2785 καὶ
2710 2730 3008 2796 κλονεῖσθε,
3042 2727 3185 2782 κατά
3213 2730 3305 2782 τὸν
3350 2728 3603 2794 Ἀκύλαν,
3637 2729 3740 2794 τάς

2146 2823 2325 2896 ψυχὰς
2351 2823 2442 2878 διὰ
2476 2823 2544 2879 τὰ
2572 2823 2651 2896 τῷ
2686 2820 3044 2893 Ἀϐεσσαλὼμ
3069 2821 3551 2893 προτετολμημένα
3577 2861 3593 2887 ,
3619 2820 3737 2875 ἀλλ’

2144 2911 2310 2987 ’ὁρᾶτε
2358 2915 2434 2988 μὴ
2463 2916 2559 2970 καὶ
2584 2916 2776 2989 ἐτέραν
2805 2914 2897 2968 ἐπὶ
2927 2915 3048 2977 ταῖς
3081 2912 3379 2985 προτέραις
3410 2913 3740 2985 προσθείητε

2148 3009 2459 3081 ἁμαρτίαν,
2506 3012 2573 3082 τῇ
2618 3011 2754 3082 ὀργῇ
2799 3008 3173 3081 ἐπιμένοντες.
3215 3009 3412 3081 Εὖροις
3450 3009 3495 3063 δ’
3534 3008 3600 3063 ἂν
3642 3010 3740 3064 καὶ

2064 3141 2115 3197 ,0
2150 3105 2293 3159 κατά
2327 3104 2427 3177 τὴν
2450 3104 2691 3177 ἱστορίαν
2721 3103 2893 3158 πολλά
2932 3098 3301 3176 παραινοῦντα
3346 3102 3510 3157 αὐτὸν
3551 3102 3741 3174 φείσα-

2152 3198 2276 3252 σθαι
2306 3197 2402 3251 τοῦ
2426 3197 2638 3261 παιδός.
3598 3256 3605 3259 1

2223 3290 2459 3345 Θύσατε
2484 3289 2707 3344 θυσίαν
2725 3288 3142 3356 δικαιοσύνης,
3176 3286 3277 3342 καί
3309 3286 3602 3343 ἐλπίσατε
3637 3286 3739 3343 ἐπὶ

2149 3379 2391 3450 Κύριον.
2409 3382 2473 3435 El
2497 3381 2592 3435 καὶ
2617 3381 2693 3445 ὡς
2720 3380 2997 3451 ἄνθρωποι
3031 3380 3220 3451 θνητοὶ
3247 3379 3416 3433 πολλά
3441 3380 3740 3436 διανοεῖσθε

2152 3473 2270 3545 μεθ’
2301 3474 2519 3546 ἡμέραν
2545 3474 2906 3547 ὀργιζόμενοι·
2934 3474 3048 3528 ἀλλ’
3074 3474 3167 3527 ἐπὶ
3196 3476 3317 3538 ταῖς
3347 3474 3554 3537 κοίταις
3583 3472 3740 3544 ὐμῶν

2148 3566 2234 3635 ἐφ’
2263 3565 2516 3637 ἡσυχίας,
2548 3568 2677 3637 παρ’
2708 3568 2924 3630 ἑαυτοῖς
2945 3566 3250 3637 γενόμενοι,
3279 3566 3642 3638 κατανύγητε,
3668 3564 3739 3620 τὰ

2146 3658 2214 3712 δι’
2252 3659 2470 3730 ἡμέρας
2532 3659 2663 3731 ύμῖν
2721 3658 3089 3731 πεπραγμένα
3137 3654 3587 3730 διαλογιζόμενοι.
3643 3658 3737 3728 Μὴ

2147 3749 2300 3820 γοῦν,
2323 3751 2510 3823 φησὶν,
2538 3750 2827 3823 ὀργίζεσθε
2859 3750 3002 3805 κατά
3044 3750 3153 3804 τῶν
3185 3752 3266 3814 είς
3306 3751 3451 3822 ὑμᾶς
3483 3749 3740 3821 πλημμε-

2147 3841 2417 3909 λούντων,
2453 3843 2591 3915 μηδέ
2627 3844 2771 3898 κατά
2817 3843 2913 3898 τοῦ
2966 3843 3373 3907 ἐπαναστάντος
3416 3841 3495 3914 τῷ
3532 3840 3734 3914 πατρί’

2151 3936 2290 4008 μήτε
2344 3935 2501 3989 αὐτοὶ
2550 3934 3000 4007 ἁμαρτάνοντες,
3034 3933 3139 3988 κᾶν
3191 3934 3368 4006 ἕτεροι
3412 3931 3739 3996 ἀσεὸοῦντες

2148 4025 2551 4099 προκαλοῦνται
2582 4027 2730 4098 ὑμᾶς
2782 4027 2866 4091 είς
2911 4026 3083 4099 ὀργῆς
3132 4024 3268 4098 ἔργα
3299 4025 3394 4080 καὶ
3426 4026 3508 4089 εἰς
3554 4026 3737 4098 ἀμαρ-

2146 4117 2286 4182 τίας,
2318 4117 2433 4172 ἀλλ’
2491 4117 2616 4172 ἀντὶ
2646 4116 2855 4171 τούτων
2899 4116 3133 4189 μᾶλλον,
3184 4115 3344 4187 εῐπερ
3378 4107 3632 4185 βούλεσθε
3674 4113 3739 4168 τὸ

2146 4210 2389 4281 ἀσφαλὲς
2418 4209 2585 4281 ἔχειν,
2634 4210 2860 4265 θύσατε
2891 4208 3113 4263 θυσίαν
3155 4207 3548 4273 δικαιοσύνης
3569 4247 3586 4271 ,
3634 4207 3735 4260 καὶ

2146 4302 2442 4357 ἐλπίσατε
2480 4301 2580 4356 ἐπὶ
2627 4303 2885 4371 Κύριον,
2947 4300 3045 4355 καὶ
3116 4299 3316 4372 μηκέτι
3366 4297 3733 4370 ταράττεσθε,

2146 4395 2518 4460 οίκειωθέντες
2550 4394 2630 4466 τῷ
2656 4394 2847 4465 Κυρίῳ
2880 4392 2970 4447 διὰ
3007 4391 3109 4463 τῆς
3141 4389 3509 4461 δικαιοσύνης.
3557 4390 3739 4442 Ἐπεί·
3782 4385 3789 4393 ’

453 4481 727 4553 justitiam
777 4482 833 4537 in
863 4479 959 4537 Dei
1011 4480 1274 4536 familiam
1320 4481 1546 4555 ascripti
1590 4482 1745 4538 estis.
1780 4478 2043 4548 Quando-

2149 4502 2257 4557 περ
2292 4487 2415 4540 ἀντὶ
2471 4485 2654 4557 πάσης
2689 4482 2883 4546 θυσίας
2926 4481 3110 4553 χαίρει
3158 4478 3599 4551 δικαιοπραγίαις
3642 4477 3739 4531 καὶ⁵

457 4579 682 4651 quidem
710 4579 802 4637 ille
830 4594 941 4652 prae
970 4580 1228 4636 omnibus
1264 4579 1576 4642 sacriﬁciis,
1605 4579 1835 4650 iustitia:
1863 4581 2045 4651 operi-

456 4673 565 4729 bus
590 4682 646 4728 et
675 4679 825 4729 recte
858 4670 1022 4728 factis
1054 4671 1393 4738 delectatur;
1431 4671 1607 4726 multo
1637 4672 1784 4726 enim
1817 4681 2045 4742 praesta-

456 4766 629 4823 bilius
671 4774 756 4824 est
798 4766 874 4821 ita
911 4782 1095 4839 agere,
1127 4782 1294 4839 quam
1327 4766 1494 4823 irasci
1532 4777 1585 4823 et
1629 4768 1895 4823 ultionem
1929 4784 2045 4824 me-

456 4858 655 4928 ditari;
685 4874 806 4915 eam
846 4859 920 4915 ob
950 4874 1089 4925 rem,
1138 4859 1443 4915 rebellante
1467 4858 1601 4928 ﬁlio,
1633 4875 1697 4915 ea
1749 4859 1886 4916 mihi
1935 4876 2042 4915 una

457 4968 592 5009 cura
624 4952 747 5021 fuit,
773 4960 834 5008 ut
862 4968 959 5024 per
982 4952 1255 5023 justitiam
1296 4951 1467 5009 Deum
1495 4954 1769 5023 placarem
1803 4973 1816 5008 :
1847 4968 2038 5025 quare,

456 5061 578 5100 cum
608 5046 904 5101 invocarem
945 5046 1217 5101 exaudivit
1248 5064 1329 5102 me
1359 5047 1499 5101 Deus
1521 5047 1753 5116 justitia:
1781 5062 1932 5110 meat,
1964 5054 2041 5111 et,

456 5136 512 5189 in
545 5135 888 5191 tribulatione
930 5137 1176 5191 dilatasti
1221 5136 1374 5201 mihi,
1408 5135 1536 5207 quia
1569 5149 1695 5190 cum
1736 5135 2045 5192 sacriﬁcas-

457 5243 575 5284 sem
607 5229 939 5285 sacriﬁcium
964 5229 1213 5300 iustitiae,
1249 5230 1304 5285 in
1337 5231 1456 5300 ipso
1490 5231 1728 5302 speravi.

528 5316 692 5373 Multi
719 5319 903 5375 dicunt
934 5338 952 5375 :
980 5323 1097 5392 quis
1126 5320 1366 5377 ostendet
1395 5322 1545 5376 nobis
1577 5321 1755 5379 bona?
1789 5322 1896 5378 Alii
1922 5324 2045 5395 qui-

455 5410 582 5466 dem
632 5414 737 5466 alia
783 5414 1115 5485 cogitantes,
1150 5416 1498 5486 maximeque
1540 5416 1633 5486 qui
1678 5417 1830 5487 gravi
1875 5416 2042 5471 corde

456 5508 589 5558 sunt
623 5502 718 5557 ﬁlii
746 5504 1053 5570 hominum,
1079 5506 1172 5577 qui
1214 5506 1509 5561 vanitatem
1539 5506 1662 5561 vitae
1693 5506 1947 5577 diligunt,
1978 5522 2043 5561 ac

455 5595 714 5666 ignorant
740 5613 861 5667 qua:
887 5615 1017 5655 vere
1047 5600 1189 5655 bona
1219 5601 1349 5663 sint,
1374 5608 1429 5655 et
1465 5615 1586 5653 eum
1617 5615 1795 5670 neque
1820 5607 2044 5670 sperent

454 5705 636 5757 neque
670 5691 899 5746 credant
924 5708 988 5747 ea
1027 5708 1087 5749 se
1125 5695 1344 5749 visuros
1376 5707 1642 5762 unquam,
1673 5691 1830 5745 aiunt
1862 5711 1875 5746 :
1908 5690 2041 5757 Quis

449 5781 694 5838 ostendet
741 5784 891 5840 nobis
938 5786 1112 5840 bona?
1158 5783 1346 5848 Neque
1388 5786 1533 5841 enim
1573 5800 1640 5842 ea
1672 5784 1879 5847 vident,
1910 5783 2039 5840 auia

2145 4581 2269 4644 ταῖς
2310 4582 2430 4634 κατ’
2471 4577 2671 4651 ἀρετὴν
2709 4575 2963 4648 πράξεσι.
3007 4574 3118 4627 Καὶ
3157 4573 3317 4626 τοῦτο
3363 4571 3497 4626 πολὺ
3530 4570 3737 4642 βέλτιον

2147 4673 2405 4746 πράττειν
2447 4672 2481 4745 ἢ
2519 4671 2832 4745 ὀργίζεσθαι
2867 4671 2961 4725 καὶ
3013 4669 3243 4731 ἑαυτοὺς
3289 4665 3524 4720 ἐκδικεῖν
3563 4680 3735 4717 σπου-

2144 4767 2344 4833 δάζειν.
2398 4766 2489 4820 Διὸ
2535 4767 2601 4838 δὴ
2628 4767 2721 4819 καὶ
2766 4764 2949 4829 αὐτὸς,
3000 4760 3406 4822 ἐπαναστάντος
3438 4757 3534 4811 τοῦ
3588 4757 3732 4818 υἱοῦ,

2147 4859 2276 4931 περὶ
2330 4860 2490 4914 τοῦτο
2538 4859 2697 4930 μόνον
2752 4856 3063 4911 ἐσπούδασα
3115 4855 3206 4909 διά
3251 4851 3600 4923 δικαιοσύνης
3644 4851 3737 4904 τὸν

2145 4952 2277 5007 Θεὸν
2321 4952 2698 5022 ἱλασκόμενος·
2750 4950 2894 5017 ὅθεν,
2935 4950 3038 5004 Ἐν
3075 4946 3156 5013 τῷ
3196 4945 3618 5001 ἐπικαλεῖσθαί
3656 4961 3737 5014 με

2144 5043 2475 5111 εἰσήκουσέ
2502 5063 2622 5115 μου
2646 5048 2678 5098 ό
2709 5042 2853 5109 Θεὸς
2894 5039 3003 5109 τῆς
3046 5038 3438 5106 δικαιοσύνης
3458 5055 3599 5107 μου,
3617 5039 3732 5103 καὶ,

2144 5138 2213 5191 ἐν
2249 5137 2454 5205 θλίψει
2491 5134 2838 5201 ἐπλάτυνάς
2877 5148 3012 5203 μοι·
3064 5131 3291 5202 ἐπειδὴ,
3324 5129 3492 5192 θύσας
3540 5128 3731 5181 θυσίαν

2144 5229 2515 5301 δικαιοσύνης,
2543 5230 2631 5281 ἐπ’
2667 5226 2829 5280 αὑτὸν
2862 5226 3088 5298 ἤλπισα.

2213 5322 2437 5376 Πολλοὶ
2454 5320 2761 5389 λέγουσιν’
2800 5319 2895 5384 Τίς
2927 5318 3108 5382 δείξει
3129 5315 3275 5385 ἡμῖν
3297 5311 3525 5384 ἀγαθά;
3546 5311 3732 5365 Ἀλλἰι

2149 5412 2449 5485 μὲν,φησὶν
2471 5454 2485 5476 ,
2512 5412 2689 5475 ἄλλως
2708 5408 3076 5480 διανοούμενοι
3101 5449 3114 5470 ,
3150 5410 3243 5461 καὶ
3280 5406 3513 5477 μάλιστα
3544 5406 3593 5457 oi
3630 5402 3728 5473 βα-

2150 5506 2426 5577 ρυκάρδιοι
2459 5506 2565 5558 υἱοὶ
2590 5504 2698 5557 τῶν
2741 5501 3044 5574 ἀνθρώπιον
3068 5541 3083 5562 ,
3116 5501 3166 5553 οἱ
3206 5500 3305 5569 τὴν
3338 5497 3433 5550 τοῦ
3479 5496 3595 5566 βίου
3630 5513 3733 5564 μα-

2144 5599 2406 5668 ταιότητα
2443 5596 2786 5665 ἀγαπῶντες.
2823 5595 2923 5647 οὐκ
2966 5592 3168 5655 εἰδότες
3196 5592 3242 5643 τ’
3274 5588 3489 5660 ἀληθῶς
3525 5585 3733 5653 ἀγαθὰ,

2143 5688 2264 5742 οὐδὲ
2299 5687 2642 5751 ἐλπίζοντες,
2692 5685 2813 5737 οὐδὲ
2868 5684 3215 5743 πιστεύοντες
3247 5679 3421 5732 ταῦτα
3461 5676 3685 5746 ὄψεσθαι
3712 5714 3731 5738 ,

2147 5781 2308 5837 φασί·
2346 5782 2441 5845 Τίς
2467 5778 2649 5843 δείξει
2676 5777 2820 5844 ’ἡμῖν
2849 5774 2924 5830 τὰ
2950 5771 3143 5841 ἀγαθά
3158 5790 3180 5839 ;
3202 5772 3276 5825 (id
3298 5770 3407 5839 γὰρ
3430 5768 3732 5823 συνυθῶσιν
