4064 6372
414 229 522 281 109

1544 224 2057 279 LOMMENTARIA
2094 223 2156 274 IN
2199 221 2533 277 PSALMOS.

3568 228 3670 280 ΗΟ

409 340 572 401 αὐτὰ,
596 337 671 407 τῷ
708 338 780 408 μὴ
816 337 1251 405 καταυγάςεσθαι
1284 337 1360 408 τῷ
1398 338 1537 406 φωτὶ
1574 340 1665 391 τοῦ
1702 337 1987 408 προσώπω.

2102 336 2287 389 vultus
2306 336 2383 388 tui
2412 336 2616 390 lumine
2642 351 2751 389 non
2782 336 3129 391 illustrantur
3157 357 3169 391 :
3195 337 3545 407 quamobrem
3570 341 3673 393 rati

412 448 541 483 σου·
584 430 664 481 διὸ
693 430 755 500 δὴ
792 430 925 499 μόνα
958 431 1023 482 τὰ
1069 428 1247 498 γεώδη
1286 429 1379 481 καὶ
1422 429 1635 501 φθαρτά
1679 430 2002 498 ὑπολαμϐά-

411 539 595 582 νοντες
622 516 758 572 εἶναι
782 521 981 587 ἀγαθὰ,
1011 522 1140 591 περὶ
1166 520 1338 573 ταῦτα
1376 520 1729 590 ἀσχολοῦνται
1752 520 1843 571 καὶ
1871 520 2004 573 ταῦ-

409 630 480 665 τα
511 612 950 681 μεταδιώκουσιν.
986 612 1047 664 Ei
1081 612 1135 664 δέ
1174 630 1256 674 τις
1285 612 1467 674 αὐτοῖς
1496 612 1622 683 περὶ
1661 613 1767 665 τῶν
1795 609 2002 665 θειοτέ-

413 723 525 777 ρων
550 705 642 755 καὶ
669 704 1007 774 ἐπουρανίων
1040 704 1208 770 λέγοι,
1234 705 1443 774 ἐρωτᾷν
1470 704 1723 757 εἰώθασιν
1743 721 1755 733 ·
1788 705 1895 756 Καὶ
1916 704 2004 764 τίς

412 792 524 865 ἇρά
557 799 703 849 ἐστιν
756 799 783 849 ὁ
832 796 1019 861 δείξων
1067 798 1198 867 ἡμῖν
1241 797 1445 862 ταῦτα,
1489 798 1629 849 Ἀλλ’
1662 800 1857 849 ἐκεῖνοι
1902 797 2001 865 μὲν

409 888 640 940 τοιοῦτοί
669 906 831 951 τινες.
860 890 1053 959 Ἡμεῖς
1075 888 1131 940 δὲ
1155 890 1282 959 παρ’
1306 883 1384 951 οἷς
1417 889 1746 957 ἑσημειὼθη
1779 886 1843 940 τὸ
1876 886 2002 955 φῶς

409 978 517 1029 τοῦ
547 975 871 1043 προσώπου
901 992 1040 1039 σου,
1065 972 1111 1029 ὦ
1140 978 1335 1044 Κύριε,
1370 977 1462 1029 καὶ
1496 976 1586 1028 τὸν
1633 975 1872 1039 δείξοντα
1905 965 2001 1029 καὶ

411 1069 506 1121 τὸν
561 1070 802 1123 δώσοντα
850 1071 981 1140 ἡμῖν
1027 1071 1167 1123 αύτά
1216 1068 1557 1139 ἐπιστάμεθα
1606 1069 1710 1120 ὑπὸ
1764 1068 1855 1121 τοῦ
1904 1086 1999 1120 σου

412 1161 592 1229 φωτὸς
637 1163 715 1224 είς
754 1162 850 1232 τὴν
882 1162 1082 1230 γνῶσιν
1117 1164 1294 1215 αὐτῶν
1336 1162 1685 1231 ἐληλυθότες·
1732 1161 1999 1227 Ἔδωκας

413 1255 805 1320 εὐφροσύνην
835 1258 921 1319 εἷς
955 1255 1068 1321 τὴν
1094 1255 1345 1321 καρδίαν
1368 1272 1505 1322 μου.

495 1345 629 1398 Ἀπὸ
676 1347 907 1413 καρποῦ
944 1348 1050 1400 τοῦ
1094 1348 1268 1422 σίτου
1307 1346 1405 1399 καὶ
1445 1347 1612 1400 οἴνου
1652 1349 1745 1399 καὶ
1789 1347 1998 1400 ἐλαίου

409 1436 612 1487 αὐτῶν
639 1437 1128 1505 ἑπληθύνθησαν.
1166 1438 1321 1491 Ἐπεὶ
1342 1437 1397 1489 δὲ
1432 1437 1699 1508 πολλαχοῦ
1729 1438 1833 1507 τῶν
1859 1440 1999 1508 Γρα-

415 1526 531 1594 φῶν
564 1529 621 1578 ἐν
652 1527 923 1594 εὐλογίαις
959 1532 1100 1590 σῖτος
1131 1528 1224 1579 καὶ
1258 1522 1394 1589 οἶνος
1422 1530 1535 1588 τοῖς
1583 1528 1757 1595 ἁγίοις
1788 1532 1995 1581 κεῖνται

410 1620 469 1671 ἐν
498 1618 815 1688 ἐπαγγελία,
847 1618 922 1681 ὡς
970 1618 1061 1670 τοῦ
1107 1619 1349 1672 ἐναντίου
1414 1622 1525 1683 τοῖς
1580 1620 1923 1689 ἁμαρτωλοῖς
1960 1622 1993 1690 ὴ

2107 429 2222 481 sola
2252 436 2467 483 terrena
2500 438 2553 483 et
2581 430 2958 500 corruptibilia
2992 431 3133 484 bona
3162 445 3303 493 esse,
3334 432 3403 485 iis
3431 431 3671 496 student,

2103 536 2164 573 ea
2212 530 2635 590 persequuntur.
2673 522 2829 587 Quod
2875 524 2922 577 si
2964 524 3089 593 quis
3126 538 3220 578 eos
3262 523 3331 579 de
3372 524 3570 579 divinis
3609 540 3673 580 ac

2104 612 2423 667 coelestibus
2476 614 2805 682 alloquatur,
2856 629 3049 683 rogare
3101 615 3325 670 solent:
3363 615 3497 681 Quis
3544 632 3673 686 ergo

2102 711 2186 755 est
2214 704 2306 772 qui
2356 705 2469 758 inec
2510 707 2761 759 ostendet
2812 706 3007 761 nobis?
3038 705 3113 759 Eo
3167 707 3245 759 illi
3293 708 3454 761 modo
3496 708 3672 762 aﬂ‘ecti

2104 803 2249 850 sunt.
2288 795 2397 851 Nos
2436 814 2567 852 vero
2599 798 2743 867 apud
2773 814 2911 868 quos
2943 801 3208 868 signatum
3238 808 3314 852 est
3345 800 3516 853 lumen
3558 801 3673 855 vul-

2103 896 2186 939 tus
2216 888 2313 950 tui,
2348 887 2588 951 Domine,
2624 890 2716 959 qui
2745 890 2949 944 lumine
2982 897 3076 944 tuo
3110 891 3365 944 illustrati
3402 891 3454 944 in
3481 907 3669 946 eorum

2101 980 2464 1049 cognitionem
2501 981 2767 1045 venimus,
2800 984 2969 1051 probe
3001 982 3207 1037 scimus
3237 990 3290 1035 et
3326 983 3449 1051 quis
3484 992 3669 1038 osten-

2100 1067 2195 1121 dat
2222 1076 2276 1122 et
2309 1071 2433 1141 quis
2467 1069 2711 1124 conferat
2741 1071 2833 1124 illa
2867 1089 2879 1125 :
2918 1070 3122 1124 Dedisti
3161 1070 3402 1124 lwtitiam
3431 1071 3486 1123 in
3514 1071 3669 1127 corde

2100 1178 2231 1213 ηιεο.

2170 1335 2336 1391 Vens.
2367 1337 2419 1391 8.
2459 1338 2500 1390 Α
2531 1338 2707 1407 [ructu
2746 1339 3019 1407 frumenti,
3061 1342 3166 1394 vini
3193 1353 3241 1394 et
3273 1342 3375 1395 olei
3412 1342 3496 1395 sui
3529 1341 3670 1395 mul-

2100 1428 2326 1494 tiplicati
2371 1438 2515 1482 sunt.
2564 1429 2700 1493 Quia
2744 1430 2797 1484 in
2844 1432 3047 1496 multis,
3076 1430 3484 1501 Scripturarum
3534 1432 3671 1487 locis

2100 1517 2430 1571 frumentum
2473 1525 2525 1573 et
2564 1519 2750 1572 vinum
2798 1520 2941 1574 inter
2982 1521 3376 1591 promissiones
3411 1537 3474 1576 ac
3506 1522 3671 1577 bene-

2097 1608 2366 1662 dictiones
2411 1616 2706 1677 ponuntur,
2738 1617 2903 1679 atque
2931 1626 2996 1664 ex
3033 1611 3260 1665 adverso
3289 1613 3671 1679 peccatoribus

413 1708 618 1760 τούτων
644 1708 923 1779 στέρησις·
954 1708 1101 1772 ἀξιον
1129 1710 1435 1779 ἀποστῆσαι
1462 1711 1558 1779 τῆς
1587 1709 1727 1762 κατά
1754 1711 1814 1761 τὸ
1835 1710 1987 1781 ῥητὸν

2099 1700 2414 1753 eorumdem
2448 1700 2679 1769 privatio
2704 1700 3077 1767 denuntiatur;
3096 1701 3207 1770 jam
3231 1717 3408 1773 operae
3434 1704 3669 1773 pretium

412 1797 567 1866 ψιλὸν
604 1799 945 1869 ὑπολήψεως,
982 1799 1111 1862 τούς
1136 1817 1193 1852 τε
1234 1800 1649 1872 ἀκεραιοτέρους
1685 1800 1792 1852 τῶν
1834 1818 1994 1853 πεπι-

414 1892 737 1953 στευκότων,
768 1891 863 1943 καὶ
887 1892 1014 1953 τοὺς
1059 1891 1146 1944 διὰ
1191 1891 1290 1961 τὴν
1346 1891 1643 1962 μικρότητα
1673 1892 1773 1960 τῆς
1824 1893 1996 1960 ἐπαγ-

409 1982 595 2049 γελίας
623 1982 793 2051 ἑτέρῳ
820 1980 939 2050 Θεῷ
972 1980 1432 2052 ἀναπλαττομένῳ
1469 1981 1559 2034 ὑπ’
1589 1982 1767 2034 αὐτῶν
1806 1981 1993 2051 βουλο-

411 2074 609 2143 μένους
647 2077 1004 2143 προσκυνεῖν·
1062 2074 1156 2125 καὶ
1208 2072 1585 2143 φιλοτιμητέον
1633 2075 1694 2127 τὸ
1751 2075 1993 2128 ποικίλον

406 2165 515 2216 τῶν
554 2164 882 2234 σωματικῶν
914 2165 1218 2236 βρωμάτων
1257 2166 1551 2234 ἀναγαγεῖν
1581 2167 1673 2219 ἐπὶ
1696 2167 1887 2230 ταῦτα,
1918 2161 1993 2221 ὧν

412 2256 901 2325 μεταλαμϐάνουσα
933 2259 1051 2310 κατ’
1098 2258 1254 2321 ἀξίαν
1289 2258 1490 2328 ὲκάστη
1710 2260 1993 2327 ἀγιάζεταί

408 2364 467 2397 τε
503 2349 596 2399 καὶ
620 2348 833 2401 εὐεκτεῖ
865 2350 959 2401 καὶ
990 2351 1407 2420 ίσχυροποιεῖται
1449 2351 1585 2421 πρὸς
1618 2352 1679 2404 τὸ
1733 2352 1991 2407 δύνασθαι

406 2434 475 2485 τὰ
516 2435 873 2489 ἐπιϐάλλοντα
906 2438 1040 2507 αὐτῇ
1092 2438 1228 2509 ἔργα
1277 2440 1562 2493 ἐπιτελεῖν·
1591 2442 1729 2510 Ἐγὼ
1764 2443 1817 2495 δὲ
1839 2440 1992 2513 οἶμαι

408 2526 549 2577 αῦτὲ
575 2528 669 2579 καὶ
702 2530 779 2590 είς
804 2529 893 2580 τὸν
930 2529 1191 2599 μέλλοντα
1226 2531 1399 2584 αἰῶνα
1426 2532 1740 2600 ἀνάγεσθαι.
1770 2535 1879 2587 Καὶ
1907 2536 1993 2588 ἵνα

412 2619 489 2685 μὴ
522 2618 645 2686 περὶ
693 2619 801 2670 τῶν
844 2620 1175 2690 τηλικούτων
1218 2622 1550 2693 ἀμαρτύρως
1582 2623 1819 2694 δόξωμεν
1858 2627 1992 2678 ἀπο-

408 2708 716 2774 φαίνεσθαι,
756 2710 979 2781 ἀρκέσει
1030 2714 1159 2781 ἡμῖν
1214 2711 1425 2775 Παῦλος
1479 2714 1789 2781 σαφέστατα
1835 2714 1991 2768 τοῦτο

406 2798 671 2851 διδάσκων
719 2802 776 2853 ἐν
797 2805 863 2872 τῇ
900 2803 1036 2871 πρὸς
1062 2802 1454 2873 Φιλιππησίους
1478 2803 1762 2870 Ἐπιστολῇ
1784 2804 1953 2869 οὕτως
1971 2821 1986 2837 ·

404 2890 503 2955 Μὴ
536 2887 648 2943 οὖν
677 2910 765 2957 τις
796 2892 952 2961 ὑμᾶς
976 2894 1220 2963 κρινέτω
1257 2894 1329 2947 ἐν
1354 2895 1581 2962 ,ϐρώσει
1612 2895 1650 2962 ἢ
1689 2896 1759 2949 ἐν
1792 2898 1985 2963 πόσει,

406 2983 444 3049 ἣ
472 2983 541 3033 ἐν
560 2982 723 3050 μέρει
759 2984 973 3054 ἑορτῆς
990 2985 1025 3053 ἢ
1053 2988 1384 3056 νουμηνίας
1411 2985 1751 3041 σαϐϐάτων·
1782 2988 1819 3042 ἅ
1857 2988 1988 3044 ἐστι

406 3075 549 3127 σκιὰ
570 3075 687 3127 τῶν
704 3078 1081 3145 μελλόντων.

488 3257 583 3307 Ἐν
632 3255 838 3325 εἰρήνῃ
891 3257 989 3310 ἐπὶ
1050 3258 1116 3311 τὸ
1178 3258 1324 3311 αὐτὸ
1388 3260 1822 3328 κοιμηθήσομαι
1886 3262 1985 3316 καὶ

404 3345 692 3407 ὑπνώσω,
735 3347 823 3400 ὅτι
857 3347 959 3411 σὺ,
1000 3351 1197 3417 Κύριε,
1242 3349 1393 3403 κατὰ
1427 3351 1619 3417 μόνας
1656 3351 1748 3403 ἐπ’
1787 3352 1987 3405 ἐλπίδι

407 3437 744 3504 κατῴκισάς
765 3455 863 3507 με.
892 3440 1076 3492 Ἐοικε
1104 3439 1292 3509 δηλοῦν
1320 3441 1418 3510 τὴν
1448 3441 1657 3511 ἀϐλαϐῆ
1680 3441 1860 3495 ἄνεσιν
1894 3444 1986 3496 καὶ

404 3527 714 3579 ἀνάπαυσιν
744 3527 844 3597 τῆς
873 3528 1073 3598 ψυχῆς,
1107 3528 1412 3599 συμφώνως
1440 3530 1517 3600 τῷ
1537 3530 1661 3600 θείῳ
1694 3532 1837 3601 λόγῳ
1864 3535 1984 3585 ἐσο-

406 3617 575 3687 μένην
622 3618 759 3686 μετά
800 3616 900 3681 τὰς
942 3618 1079 3688 πρὸς
1126 3619 1194 3672 τὰ
1238 3618 1497 3671 κάλλιστα.
1546 3620 1794 3693 θεωρίας.
1834 3622 1985 3692 Τάχα

401 3709 511 3780 γὰρ
544 3710 601 3762 ὃν
628 3711 829 3781 τρόπον
872 3710 1014 3764 κατά
1049 3712 1110 3763 τὸ
1156 3712 1315 3782 σῶμα
1348 3715 1610 3782 φαγόντες
1650 3715 1743 3766 καὶ
1772 3714 1984 3776 πιόντες

401 3801 644 3860 ἀνέσεως
662 3800 891 3871 δεόμεθα
916 3802 1016 3871 τῆς
1038 3803 1180 3857 κατά
1211 3806 1300 3857 τὸν
1325 3805 1518 3859 ὕπνον·
1550 3806 1720 3868 οὔτως
1755 3806 1815 3857 οὐ
1850 3806 1985 3858 πάν-

399 3908 530 3943 τοτε
565 3891 836 3961 δυναμένη
861 3893 1106 3963 διαρκεῖν
1137 3895 1170 3964 ἡ
1203 3894 1347 3967 ψυχὴ
1387 3897 1522 3965 πρὸς
1551 3896 1612 3948 τὸ
1650 3895 1892 3965 θεωρεῖν,
1926 3898 1983 3948 ὲν

400 3982 582 4053 καιρῷ
611 3983 906 4047 ὲνατενίξει
936 3987 1046 4047 τοῖς
1089 3986 1231 4038 κατά
1273 3986 1371 4057 τὴν
1406 3986 1605 4057 εαυτῆς
1646 3986 1870 4056 δύναμιν
1904 3986 1982 4056 τῷ

398 4076 691 4146 αύτὰρκει·
721 4072 838 4128 εἶτα
878 4076 1232 4129 διανάπαυσιν
1266 4078 1546 4149 ἡγούμεθα
1580 4078 1867 4147 δηλοῦσθαι
1894 4079 1980 4132 διὰ

398 4166 495 4217 τοῦ
522 4182 535 4193 ·
582 4165 687 4218 Ἔν
731 4163 939 4233 εἰρήνῃ
975 4166 1074 4218 ἐπὶ
1114 4167 1182 4219 τὸ
1219 4169 1364 4220 αὐτὸ
1404 4168 1839 4238 κοιμηθήσομαι
1880 4170 1979 4223 καὶ

402 4254 683 4310 ὑπνώσω.

484 4431 712 4484 Ἐκεῖνοι
757 4433 875 4503 μὲν,
911 4434 1093 4503 φησὶν,
1129 4436 1178 4486 οἱ
1231 4436 1418 4487 πολλοὶ
1475 4436 1568 4489 ἆτε
1617 4438 1679 4507 δὴ
1721 4439 1976 4493 πλατεῖαν

400 4521 495 4571 καὶ
529 4520 839 4590 εὐρύχωρον
875 4523 1170 4587 ὁδεύοντες,
1205 4525 1269 4576 δι’
1297 4522 1364 4595 ἧς
1392 4528 1438 4578 οἱ
1471 4526 1653 4579 πολλοὶ
1683 4529 1975 4597 βαδίζουσι,

396 4611 499 4662 οὐκ
527 4609 739 4675 ἐλπίζον
754 4613 854 4676 ῐες,
895 4614 979 4676 τίς
1009 4613 1170 4678 δείξει
1203 4616 1387 4679 αὐτοῖς
1422 4618 1488 4669 τά
1529 4619 1668 4671 κατά
1723 4620 1977 4690 ἀλήθειαν

398 4701 599 4769 ἀγαθὰ,
632 4706 688 4755 ὲν
717 4705 844 4774 οἴνῳ
872 4708 966 4758 καὶ
1000 4706 1162 4777 ἐλαίῳ
1206 4709 1299 4760 καὶ
1331 4709 1463 4779 σίτῳ
1496 4710 1875 4781 πληθύνοντες,
1903 4714 1977 4776 ὡς

397 4792 620 4859 ἀγαθῶν
654 4795 857 4850 τούτων
888 4798 1182 4851 ἀπολαύειν
1206 4800 1498 4868 ἡγοῦνται·
1530 4803 1651 4871 ἐμοὶ
1691 4803 1747 4855 δὲ
1769 4802 1845 4873 τῷ
1874 4822 1974 4856 κα-

395 4882 721 4956 ταξιωμένῳ
762 4887 857 4939 τοῦ
902 4890 1077 4957 φωτὸς
1124 4889 1215 4942 τοῦ
1261 4890 1549 4961 προσώπου
1594 4910 1717 4955 σου,
1767 4893 1971 4964 Κύριε,

396 4972 605 5035 ἔδωκας
641 4976 976 5047 εὐφροσύνην
1008 4977 1264 5048 καρδίας·
1295 4978 1407 5031 ἀλλ’
1440 4979 1560 5032 οὐδὲ
1595 4980 1811 5050 σαρκῶν
1852 4981 1974 5033 οὐδὲ

396 5065 687 5134 σωμάτων,
720 5068 814 5120 καὶ
848 5069 910 5120 οὐ
936 5068 1035 5139 τὴν
1076 5070 1136 5133 ἐξ
1173 5070 1314 5122 οῖνου
1341 5069 1434 5123 καὶ
1470 5070 1614 5124 σίτου
1659 5072 1750 5125 καὶ
1793 5072 1970 5125 ὲλαίου

393 5156 615 5225 σώμασι
670 5161 1119 5232 χορηγουμένην,
1164 5162 1277 5214 ἀλλ’
1313 5163 1646 5233 εὐφροσύνην
1691 5163 1789 5234 τὴν
1833 5164 1973 5217 κατὰ

392 5246 657 5303 διάνοιαν.
698 5250 903 5303 Μαθὼν
950 5251 1058 5321 γὰρ
1094 5253 1241 5323 παρά
1286 5254 1378 5305 τοῦ
1429 5254 1676 5324 Σωτῆρος
1715 5253 1809 5306 καὶ
1862 5254 1971 5316 τῶν

393 5337 507 5388 σῶν
548 5339 908 5407 ἐπαγγελιῶν,
937 5342 1041 5405 ὅτι,
1084 5345 1131 5395 εί
1166 5344 1260 5396 καὶ
1291 5344 1358 5396 τά
1407 5346 1640 5414 μάλιστα
1697 5345 1839 5398 κατά
1881 5346 1971 5398 τὸν

387 5423 667 5476 ἐνεστῶτα
703 5426 814 5495 βίον
853 5428 1019 5481 λύπαι
1054 5447 1142 5499 μοι
1183 5432 1275 5483 καὶ
1318 5431 1522 5501 θλίψεις
1557 5435 1649 5487 καὶ
1679 5436 1970 5505 πειρασμοὶ

387 5513 487 5564 καὶ
518 5517 867 5580 περιστάσεις
893 5520 954 5571 οὐ
981 5519 1365 5588 διαλείπουσιν,
1400 5524 1512 5579 ἀλλ’
1545 5525 1693 5579 ἔσται
1729 5543 1818 5597 μοι
1849 5544 1967 5581 και-

461 5625 511 5656 ⁸⁸
552 5626 764 5684 Coloss.
799 5646 872 5694 ιι,
907 5633 1004 5697 16,
1040 5634 1128 5691 17.

2096 1796 2200 1853 est,
2232 1797 2290 1842 ut
2319 1791 2655 1844 credentium
2686 1792 3070 1861 simpliciores,
3100 1808 3313 1848 necnon
3340 1809 3435 1850 eos
3466 1795 3559 1864 qui
3597 1796 3670 1850 ob

2096 1880 2478 1948 promissionis
2531 1883 2849 1936 tenuitatem
2897 1883 3059 1937 deum
3108 1883 3306 1949 alium,
3355 1899 3516 1954 quem
3564 1886 3670 1955 ipsi

2096 1970 2199 2025 sibi
2241 1972 2757 2036 comminiscuntur,
2790 1974 3020 2027 adorare
3051 1974 3262 2038 volunt,
3297 1976 3364 2030 ab
3412 1976 3672 2049 opinione

2095 2072 2259 2132 atque
2292 2064 2565 2118 sententia
2597 2064 2935 2133 hujusmodi,
2971 2080 3035 2119 ex
3070 2065 3262 2121 litterae
3294 2067 3502 2121 vilitate
3534 2084 3669 2123 con-

2094 2164 2270 2224 cepta,
2299 2156 2663 2210 retrahamus.
2699 2155 2764 2209 Et
2793 2170 3006 2210 summo
3031 2156 3248 2225 quidem
3275 2172 3439 2227 opere
3469 2174 3670 2211 curan-

2094 2246 2246 2312 dum,
2278 2254 2338 2299 ut
2368 2249 2549 2301 varios
2581 2248 2703 2301 illos
2735 2250 3047 2316 corporales
3078 2249 3231 2303 cibos
3258 2250 3323 2303 ad
3360 2250 3495 2304 alios
3522 2249 3667 2303 refe—

2092 2353 2301 2402 ramus,
2338 2340 2493 2407 queis
2542 2354 2643 2409 pro
2690 2340 2887 2393 merito
2935 2338 3139 2394 refecta
3188 2340 3371 2400 anima
3416 2357 3665 2411 quaeque,

2094 2437 2279 2482 sancta
2314 2429 2566 2493 efﬁcitur,
2600 2430 2738 2484 bene
2782 2431 2944 2493 valet,
2978 2431 3230 2500 viresque
3272 2433 3469 2501 accipit
3505 2432 3569 2485 ad
3603 2447 3666 2487 ea

2093 2533 2278 2588 Opera,
2311 2536 2432 2589 quae
2477 2522 2562 2575 sui
2615 2521 2776 2575 ollicii
2822 2529 2951 2575 sunt
2996 2524 3362 2592 exsequenda.
3393 2524 3503 2593 Ego
3537 2538 3667 2578 vero

2092 2610 2303 2666 aastimo
2334 2612 2451 2680 ipsa
2482 2613 2643 2665 etiam
2676 2613 2740 2664 ad
2770 2613 3013 2667 futurum
3050 2614 3307 2668 saeculum
3334 2613 3664 2668 reducenda.

2090 2702 2169 2754 Ac
2214 2717 2283 2753 ne
2326 2702 2392 2755 de
2440 2703 2606 2757 tantis
2647 2705 2812 2758 rebus
2852 2706 3135 2759 videamur
3179 2707 3299 2759 sine
3347 2706 3664 2761 testimonio

2092 2793 2414 2846 sententiam
2453 2793 2615 2857 ferre,
2657 2794 2887 2849 sulliciat
2928 2796 3088 2851 nobis
3127 2795 3356 2851 Paulum
3387 2796 3579 2851 all‘erre
3607 2797 3665 2851 in

2091 2879 2334 2951 Epistola
2388 2884 2454 2938 ad
2507 2884 2888 2956 Philippenses
2940 2888 3175 2957 idipsum
3231 2889 3516 2943 docentem
3577 2886 3664 2941 his

2089 2975 2270 3030 verbis
2295 2996 2308 3029 :
2343 2976 2511 3030 Nemo
2537 2995 2623 3031 vos
2644 2978 2848 3046 judicet
2873 2980 2927 3032 in
2953 2979 3087 3043 cibo,
3114 2988 3205 3032 aut
3233 2981 3287 3032 in
3313 2989 3460 3047 potu,
3485 2989 3577 3032 aut
3608 2982 3663 3031 in

2088 3073 2239 3132 parte
2294 3064 2398 3117 diei
2448 3066 2569 3134 festi
2638 3079 2727 3119 aut
2776 3069 3052 3121 neomenia!
3117 3067 3489 3134 sabbatorum,
3542 3084 3659 3139 quae

2089 3164 2211 3209 sunt
2241 3156 2429 3210 umbra
2457 3159 2756 3226 futurorum
2781 3160 2849 3211 ⁵ο.

2158 3246 2326 3303 Vens.
2360 3250 2528 3314 9,10.
2573 3249 2638 3303 In
2666 3267 2792 3321 pace
2831 3252 2889 3304 in
2925 3251 3157 3321 idipsum
3202 3251 3466 3306 dormiam
3496 3258 3545 3304 et
3575 3267 3661 3303 re-

2087 3340 2390 3410 quiescam;
2430 3344 2680 3413 quoniam
2728 3354 2804 3409 tu,
2838 3342 3079 3409 Domine,
3110 3344 3449 3413 singulariter
3485 3344 3539 3396 in
3571 3359 3659 3413 spe

2087 3434 2409 3487 constituisti
2454 3451 2552 3489 me.
2597 3435 2843 3489 lndicare
2873 3435 3088 3490 videtur
3114 3436 3389 3488 innoxiam
3420 3434 3659 3503 quietem

2078 3526 2361 3596 animique
2407 3528 2807 3591 remissionem,
2838 3544 2965 3598 qua:
3008 3537 3131 3597 post
3175 3528 3660 3597 praestantissima-

2083 3634 2204 3672 rum
2235 3634 2415 3673 rerum
2444 3619 2983 3688 contemplationem,
3014 3627 3072 3673 ut
3107 3618 3294 3673 divino
3323 3619 3489 3673 verbo
3517 3634 3655 3672 con-

2083 3712 2252 3778 venit,
2286 3712 2551 3767 sumenda
2573 3722 2677 3768 est.
2706 3712 2961 3767 FortasSe
2989 3711 3135 3767 enim
3159 3712 3299 3766 sicut
3322 3721 3443 3780 post
3471 3711 3655 3765 cibum

2083 3810 2377 3875 potumque
2420 3806 2779 3872 corporalem,
2809 3806 2990 3873 quiete
3029 3804 3121 3857 illa
3163 3819 3385 3872 egemus
3411 3818 3532 3872 qua:
3559 3818 3655 3871 per

2084 3908 2335 3948 somnum
2367 3895 2620 3959 sumitur,
2654 3895 2729 3948 ita
2758 3910 2881 3948 cum
2914 3909 3022 3949 non
3063 3896 3240 3949 valeat
3282 3896 3463 3948 anima
3512 3911 3655 3950 sem-

2080 4000 2178 4053 per
2222 4000 2285 4039 ac
2328 3986 2447 4041 sine
2497 3987 2903 4041 intermissione
2950 3986 3397 4056 contemplationi
3436 4000 3654 4049 vacare,

2080 4081 2233 4129 certo
2276 4076 2495 4144 quidem
2542 4083 2787 4144 tempore
2840 4074 3150 4144 spiritualia
3197 4074 3420 4143 respicit
3459 4089 3522 4128 ac
3555 4088 3655 4142 pro

2078 4166 2290 4221 viribus
2338 4168 2688 4237 speculatur;
2725 4166 2920 4221 deinde
2960 4180 3090 4221 vero
3118 4165 3410 4236 requiescit
3441 4184 3454 4219 :
3488 4179 3652 4233 quam

2076 4266 2334 4327 putamus
2359 4259 2603 4329 requiem
2634 4259 2720 4313 bis
2750 4257 3050 4329 signiﬁcari
3074 4276 3087 4311 :
3108 4255 3174 4311 In
3194 4272 3320 4326 pace
3344 4258 3401 4310 in
3424 4256 3652 4326 idipsum

2078 4346 2341 4401 dormiam
2369 4360 2417 4403 et
2449 4350 2790 4419 requiescam.

2149 4441 2229 4494 Illi
2260 4449 2428 4504 certe,
2454 4442 2547 4505 ait,
2577 4442 2669 4511 qui
2704 4439 2857 4494 multi
2888 4455 3114 4495 numero
3141 4446 3290 4503 sunt,
3310 4440 3466 4493 multi
3498 4454 3651 4493 nam-

2080 4551 2186 4604 que
2232 4537 2289 4587 in
2332 4536 2440 4588 lata
2480 4536 2829 4604 spatiosaque
2858 4535 2945 4587 via
2976 4535 3333 4603 gradiuntur;
3383 4549 3492 4587 non
3525 4546 3647 4600 spe-

2078 4635 2264 4680 rantes
2295 4626 2486 4680 adesse
2514 4626 2844 4695 quempiam,
2875 4628 2968 4695 qui
2992 4629 3243 4681 ostendat
3271 4627 3403 4697 ipsis
3434 4640 3496 4679 ea
3526 4638 3646 4693 quae

2078 4718 2377 4771 secundum
2408 4717 2485 4770 rei
2512 4716 2799 4771 veritatem
2838 4716 2977 4770 bona
3023 4727 3178 4785 sunt;
3212 4718 3357 4782 vino,
3388 4718 3509 4770 oleo
3560 4723 3645 4768 at-

2076 4824 2183 4877 que
2219 4807 2493 4862 frumento
2519 4807 2800 4863 atlluentes
2820 4845 2837 4872 ,
2866 4808 2933 4862 iis
2960 4823 3019 4863 se
3047 4819 3302 4878 tauquam
3332 4822 3456 4861 vere
3484 4805 3644 4860 bonis

2075 4898 2183 4953 frui
2228 4900 2588 4957 arbitrantur.
2643 4900 2773 4955 Mihi
2808 4917 2971 4965 vero,
3008 4917 3168 4971 quem
3214 4900 3418 4953 lumine
3460 4900 3643 4953 vultus

2076 4991 2153 5043 tui
2184 4990 2439 5059 dignatus
2472 5007 2565 5056 es,
2603 4990 2865 5056 Domine,
2906 4993 3090 5047 cordis
3126 4991 3365 5044 laatitiam
3398 4989 3595 5044 dedisti
3623 5007 3638 5054 ;

2074 5096 2183 5136 non
2234 5083 2382 5135 illam
2435 5098 2567 5138 sane
2610 5098 2731 5153 qua:
2769 5083 2922 5137 carni
2971 5082 3299 5151 corporique
3349 5080 3637 5149 competit,

2075 5189 2253 5243 neque
2286 5173 2433 5227 illam
2468 5190 2589 5244 quae
2619 5175 2930 5239 frumento,
2960 5174 3088 5227 vino
3155 5180 3208 5227 et
3240 5172 3360 5228 oleo
3390 5171 3636 5235 affertur,

2073 5264 2168 5319 sed
2222 5264 2461 5318 laetitiam
2510 5281 2632 5335 quae
2673 5274 2854 5321 mente
2898 5264 3216 5334 percipitur.
3261 5262 3394 5317 Cum
3425 5264 3567 5317 enim
3604 5277 3635 5314 a

2074 5354 2358 5411 Salvatore
2383 5372 2562 5426 exque
2589 5356 2876 5426 promissis
2904 5354 3014 5408 tuis
3041 5353 3354 5407 edidicerim
3373 5392 3390 5417 ,
3421 5354 3636 5407 etiamsi

2071 5448 2205 5501 mihi
2258 5449 2507 5514 dolores,
2559 5462 2847 5515 aerumnae,
2889 5448 3246 5510 tentationes,
3299 5445 3636 5499 calamitates

2071 5538 2130 5593 in
2190 5541 2444 5609 praesenti
2492 5540 2601 5597 vita
2650 5554 2762 5596 non
2812 5538 3105 5604 deﬁciant,
3157 5536 3401 5593 futurum
3453 5546 3633 5589 tamen
