4064 6372
415 325 516 379 111

1118 304 1387 374 EUSEBII
1426 313 1906 370 CESARIENSIS
1945 312 2095 368 OPP.
2139 308 2319 363 PARS
2357 306 2441 360 ΙΙΙ.
2483 337 2543 345 -
2586 303 2993 360 EXEGETICA.

3558 298 3659 352 ΗΞ

410 449 544 505 mihi
577 456 791 517 tempus
823 460 933 515 quo
966 459 995 497 a
1028 456 1257 512 corpore
1307 439 1601 503 decedam,
1649 455 1712 492 ac
1757 440 1810 492 in
1851 451 1983 508 pace

2112 433 2185 495 ›ὸς
2217 433 2245 483 6
2265 430 2366 501 τῆς
2389 427 2708 497 ἀπαλλαγῆς
2734 423 2828 477 τοῦ
2855 422 3120 492 σώματος,
3146 417 3268 473 καθ’
3292 418 3349 470 ὃν
3385 419 3441 470 ἐν
3472 417 3659 487 εἰρήνῃ

407 540 716 603 dormiam,
749 547 801 592 et
835 553 864 592 a
894 550 1121 604 corpore
1151 533 1464 598 liberabor;
1499 547 1793 603 persuasus
1827 534 1986 602 plane

411 647 533 687 sum
573 637 710 683 tunc
749 627 882 681 mihi
925 624 1113 679 adfore
1134 624 1334 678 laetitiae
1364 623 1524 678 ﬁnem
1555 637 1617 676 ac
1645 638 1988 677 consumma-

410 725 616 778 tionem
643 739 658 788 ;
691 734 816 774 cum
847 717 1058 774 scilicet
1087 732 1172 773 me
1198 731 1367 786 sepor
1394 715 1483 770 ille
1510 715 1812 785 mortisque
1841 731 1987 771 som-

413 830 519 870 nus
551 809 1046 882 comprehenderit.
1082 809 1237 862 Tunc
1266 807 1411 862 enim
1443 815 1501 861 tu
1538 807 1686 878 ipse,
1727 805 1983 868 Domine,

413 921 503 962 me
533 904 630 958 tali
662 919 756 973 spe
800 902 942 957 bona
983 902 1310 956 instructum
1356 899 1600 970 excipies
1643 907 1696 952 et
1735 898 1788 951 in
1820 898 1987 952 cccle-

415 997 594 1053 stibus
619 995 999 1052 mansionibus
1029 993 1344 1048 collocabis.
1373 992 1612 1048 Observa
1635 1005 1799 1061 porro
1825 990 1988 1042 etiam

417 1085 522 1140 hoc
553 1085 674 1138 loco
703 1083 1124 1153 diapsalmatum
1155 1081 1538 1136 distinctiones
1559 1121 1572 1140 ,
1604 1095 1724 1150 qua:
1751 1078 1834 1132 vel
1867 1095 1992 1132 sen-

417 1175 605 1230 tentiae
633 1175 992 1228 mutationem
1020 1174 1265 1228 indicant
1285 1213 1299 1236 ,
1327 1173 1412 1227 vel
1441 1171 1674 1227 fortasse
1701 1170 1988 1224 melodiam

418 1278 742 1320 conversam
762 1305 776 1330 ,
811 1264 925 1318 sive
959 1263 1194 1333 denique
1225 1262 1566 1334 rhythmum.

491 1438 745 1494 Asterius
774 1443 958 1491 autem
985 1437 1210 1490 arianus
1237 1435 1381 1488 hunc
1410 1432 1678 1502 psalmum
1714 1431 1793 1486 sic
1824 1446 1994 1499 expo-

423 1531 573 1586 suit:
629 1527 843 1594 Quare,
891 1527 945 1580 in
988 1526 1143 1594 ﬁnem
1190 1526 1243 1578 in
1282 1524 1518 1594 hymnis,
1567 1522 1864 1591 inscriptus
1907 1521 1996 1574 hic

420 1621 669 1692 psalmus
717 1620 844 1675 est?
884 1619 1022 1684 Quia
1065 1617 1236 1688 probe
1279 1616 1477 1685 cmpit,
1516 1629 1579 1668 ac
1614 1613 1783 1684 probe
1828 1612 1994 1666 vitam

421 1714 558 1771 obiit
587 1732 600 1768 :
633 1713 715 1768 vel
735 1752 751 1778 ,
778 1711 907 1782 quia
935 1710 1075 1764 male
1103 1709 1381 1778 inceperat
1405 1749 1419 1770 ,
1451 1721 1575 1759 cum
1606 1703 1749 1758 Uria:
1774 1718 1995 1756 uxorem

2096 526 2391 596 ποιήσομαι
2422 521 2518 592 τὴν
2548 521 2801 590 κοίμησιν
2838 517 2932 571 καὶ
2960 516 3056 586 τὴν
3091 511 3405 578 ἀπαλλαγὴν
3436 508 3528 561 τοῦ
3561 507 3664 560 σώ-

2097 633 2297 689 ματος’
2348 609 2405 668 εὖ
2445 613 2501 666 δὲ
2537 611 2778 682 ἀκριϐῶς
2807 611 3136 677 πέπεισμαι,
3167 605 3246 656 ὅτι
3280 603 3398 656 τότε
3431 618 3517 672 μοι
3556 618 3663 654 πα-

2097 710 2282 782 ρέσται
2313 706 2383 760 τὰ
2420 705 2545 776 τέλη
2572 705 2670 774 τῆς
2712 700 3066 774 εὐφροσύνης,
3103 695 3317 750 ἐπειδὰν
3350 698 3382 765 ἡ
3413 692 3664 764 κοίμησίς

2098 820 2163 874 με
2198 798 2480 871 καταλάϐῃ
2512 797 2606 849 καὶ
2654 797 2682 848 ὁ
2731 793 2872 848 κατὰ
2910 793 3000 845 τὸν
3044 791 3269 843 θάνατον
3313 786 3492 849 ὕπνος.
3534 786 3663 838 Τότε

2093 895 2201 964 γὰρ
2235 892 2298 945 σὺ
2348 890 2509 952 αὐτὸς
2549 890 2596 952 6,
2648 886 2842 958 Κύριε,
2876 881 3013 955 μετὰ
3063 883 3160 951 τῆς
3203 879 3410 947 ἀγαθῆς
3463 877 3666 947 ταύτης

2093 983 2308 1046 ἐλπίδος
2338 977 2620 1035 ἀναλαϐών
2655 996 2720 1049 με
2752 977 3043 1037 κατοικιεῖς
3079 975 3136 1025 ἐν
3179 973 3295 1034 ταῖς
3332 968 3666 1038 ἐπουρανίοις

2099 1077 2307 1148 μοναῖς.
2337 1072 2652 1143 Σημείωσαι
2674 1070 2728 1122 δὲ
2759 1067 3033 1122 κάνταῦθα
3063 1065 3160 1128 τὰς
3189 1064 3280 1115 ἐπὶ
3311 1066 3419 1122 τοῖς
3450 1059 3670 1128 διαψάλ-

2099 1185 2229 1238 μασι
2267 1164 2571 1227 διαστολὰς,
2604 1163 2720 1232 ἦτοι
2761 1161 2857 1230 τῆς
2898 1158 3132 1220 διανοίας
3177 1155 3472 1224 ἐναλλαγὴν
3510 1169 3671 1222 παρι-

2097 1259 2330 1321 στώσας,
2353 1258 2386 1327 ἣ
2411 1256 2549 1325 τάχα
2573 1254 2873 1326 μεταϐολὴν
2894 1250 2985 1303 τοῦ
3021 1249 3210 1320 μέλους
3243 1245 3669 1308 ἐναλλάττοντος,

2097 1349 2130 1419 ἢ
2165 1349 2254 1401 τὸν
2292 1347 2517 1418 ῥυθμόν.

2171 1441 2244 1509 (1)
2303 1438 2577 1509 Ἀστέριος
2625 1437 2680 1489 δέ
2736 1437 2764 1488 6
2809 1436 3058 1506 ἁρειανὸς
3104 1433 3274 1495 οὕτως
3336 1431 3422 1483 τὸν
3461 1428 3672 1498 ψαλμὸν

2100 1533 2424 1604 ἐξηγήσατο·
2457 1528 2553 1582 Διὰ
2583 1528 2654 1591 τί,
2695 1530 2782 1592 εὶς
2815 1527 2877 1579 τὸ
2914 1526 3088 1591 τέλος
3125 1526 3193 1577 ἐν
3227 1525 3455 1592 ὕμνοις,
3485 1521 3672 1588 ἐπιγέ-

2100 1641 2344 1695 γραπται
2372 1625 2399 1675 6
2428 1619 2673 1690 ψαλμός;
2721 1617 2934 1688 Ἐπειδὴ
2970 1616 3150 1678 καλῶς
3182 1617 3279 1686 μὲν
3317 1615 3536 1684 ἤρξατο,
3577 1631 3675 1666 κα-

2102 1716 2210 1778 λῶς
2229 1714 2283 1766 δὲ
2309 1714 2398 1766 τὸν
2433 1712 2543 1782 βίον
2572 1710 2783 1762 ἐτέλεσε
2802 1727 2814 1738 ·
2841 1709 2872 1779 ἢ
2904 1707 3088 1778 ἐπειδὴ
3115 1706 3296 1768 κακῶς
3327 1706 3422 1776 μὲν
3452 1704 3672 1775 ἤρξατο,

423 1806 736 1861 abluentem
779 1819 838 1859 se
880 1802 1265 1872 conspicatus,
1319 1798 1423 1868 ipsi
1472 1807 1722 1866 stuprum
1775 1794 1997 1860 intulit;
2036 1797 2074 1850 Β
2105 1805 2386 1876 Οε(υρήσας
2421 1803 2518 1872 τὴν
2562 1800 2654 1854 τοῦ
2705 1799 2902 1871 οὐρίου
2956 1801 3188 1866 γυναῖκα
3231 1795 3522 1866 λουομένην
3581 1791 3676 1845 και

423 1899 562 1954 bene
593 1905 774 1952 autem
807 1911 866 1950 se
899 1895 1068 1966 gessit
1096 1891 1241 1963 quod
1276 1901 1495 1962 peracta
1535 1889 1855 1960 pmnitentia
1889 1889 1996 1940 vita

423 1988 647 2044 functus
679 1988 770 2043 sit.
805 1986 1071 2055 ideoque,
1107 1986 1161 2038 in
1191 1982 1509 2053 principium
1544 1981 1598 2034 in
1621 1980 1887 2048 vituperiis
1908 2018 1921 2040 ,
1947 1979 2000 2030 in

427 2083 585 2151 ﬁnem
623 2081 677 2133 in
715 2080 921 2149 hymnis
961 2078 1197 2132 dicatur.
1234 2075 1487 2128 Psalmus
1523 2071 1712 2131 Davidi
1742 2111 1757 2136 ,
1795 2071 1848 2124 id
1880 2078 1996 2132 est,

425 2173 761 2246 paenitentiae
815 2185 1016 2241 Opera,
1064 2170 1189 2239 quia
1242 2168 1331 2222 ubi
1379 2165 1668 2220 abundavit
1715 2164 1998 2224 delictum,

427 2263 888 2334 superabundavit
923 2261 1142 2331 justitia
1189 2262 1257 2316 ⁶¹.
1307 2259 1671 2325 Quamobrem
1719 2259 1795 2310 ait
1823 2276 1836 2308 τ
1869 2255 2002 2310 Cum

427 2353 724 2408 invocarem
750 2352 1017 2407 exaudivit
1046 2369 1124 2405 me
1150 2350 1288 2405 Deus
1303 2351 1532 2420 justitia:
1556 2365 1706 2412 mea,
1731 2346 2001 2417 justitiam

430 2459 588 2500 suam
619 2443 788 2499 David
822 2443 1196 2514 paenitentiam
1237 2450 1416 2496 vocat.
1452 2439 1600 2494 Vidit
1638 2439 1781 2495 Deus
1812 2453 2006 2493 emun-

430 2534 613 2589 datam
662 2535 936 2598 animam,
980 2534 1312 2603 admisitque
1348 2532 1671 2586 orationem.
1718 2531 1846 2585 Sive
1894 2529 2005 2583 for-

430 2635 579 2681 tasse
609 2626 738 2695 quia
767 2626 823 2679 in
865 2624 1185 2696 praecedenti
1237 2624 1467 2694 psalmo,
1522 2638 1646 2676 cum
1704 2621 1775 2676 ab
1826 2620 2004 2674 Absa-

432 2719 560 2774 Ione
609 2719 751 2772 bello
803 2718 1084 2788 impetitus
1137 2718 1384 2787 lugeret,
1419 2714 1786 2770 interveniens
1835 2713 2007 2767 oratio

434 2817 731 2881 tyrannum
763 2809 830 2863 de
857 2809 1038 2863 medio
1071 2808 1296 2863 sustulit
1323 2825 1338 2873 ;
1373 2822 1470 2861 ceu
1496 2807 1867 2874 interrogatus
1897 2817 2004 2871 qua

433 2901 647 2955 ratione
712 2900 1041 2954 Absalonem
1107 2899 1442 2962 debellaret,
1506 2894 1800 2966 respondet
1852 2894 2008 2948 initio

435 2993 654 3064 psalmi.
690 2991 846 3046 Sicut
881 2993 1026 3046 enim
1052 3031 1066 3055 ,
1105 2991 1316 3060 inquit,
1355 2995 1478 3060 post
1511 2995 1794 3060 peccatum
1828 3002 2005 3041 meum

437 3085 582 3140 Deus
614 3085 763 3139 illum
800 3083 1088 3138 adversum
1121 3098 1207 3137 me
1248 3081 1563 3143 suscitavit,
1607 3081 1686 3135 sic
1722 3079 2004 3148 pmnitenti

2103 1895 2386 1966 ἐμοίχευσε
2407 1910 2419 1921 ·
2455 1889 2634 1952 καλῶς
2671 1888 2746 1951 δὲ,
2785 1887 3140 1958 μετανοήσας,
3167 1884 3256 1936 τὸν
3290 1882 3399 1951 βίον
3425 1880 3671 1932 ἐτέλεσεο

2100 1987 2188 2040 διὰ
2219 1984 2376 2038 τοῦτο
2401 1985 2487 2048 εἰς
2516 1979 2630 2046 τὴν
2661 1976 2859 2046 ἀρχὴν
2891 1977 2961 2028 ἐν
2993 1978 3237 2044 ψόγοις,
3279 1976 3364 2039 εις
3395 1972 3460 2024 τὸ
3505 1969 3678 2036 τέλος

2103 2079 2172 2130 ἐν
2199 2077 2427 2145 ὕμνοις.
2461 2071 2706 2140 Ψαλμὸς
2733 2067 2812 2132 τῷ
2857 2066 3035 2119 Δαυῒδ
3067 2068 3098 2136 ἡ
3131 2063 3326 2134 πρᾶξις
3370 2062 3467 2130 τῆς
3514 2075 3678 2132 μετα-

2103 2170 2281 2231 νοίας·
2325 2167 2419 2220 καὶ
2465 2164 2652 2234 ἐπειδὴ
2701 2163 2852 2215 ὅπου
2897 2159 3270 2213 ἐπλεόνασεν
3305 2158 3342 2224 ὴ
3387 2153 3676 2224 ἁμαρτία,

2103 2259 2696 2328 ὑπερεπερίσσευσεν
2744 2256 2782 2322 ὴ
2821 2253 3194 2317 δικαιοσύνη,
3236 2248 3322 2301 διὰ
3370 2245 3525 2299 τοῦτο
3568 2245 3680 2297 ἐλε-

2104 2371 2225 2424 γεν·
2247 2350 2436 2417 Ἑντῷ
2456 2347 2869 2404 ἐπικαλεῖσθαί
2884 2363 2959 2414 με
3005 2341 3323 2409 εὶσήκουσέ
3346 2358 3463 2409 μου
3489 2342 3520 2392 ὁ
3539 2336 3678 2402 Θεὸς

2105 2445 2215 2514 τῆς
2239 2444 2630 2509 δικαιοσύνης
2665 2457 2804 2511 μου.
2855 2437 3207 2506 Δικαιοσύνην
3247 2433 3351 2504 γὰρ
3395 2429 3557 2484 αὑτοῦ
3586 2427 3681 2482 νῦν

2106 2533 2252 2602 λέγει
2293 2536 2320 2586 6
2365 2531 2525 2585 Δαυῒδ
2562 2531 2659 2601 τὴν
2697 2529 3001 2600 μετάνοιαν.
3039 2520 3190 2576 Εἶδεν
3219 2525 3246 2576 6
3298 2521 3428 2584 Θεὸς
3475 2517 3682 2589 καθαρ-

2109 2625 2292 2680 θεῖσαν
2336 2623 2436 2695 τὴν
2475 2622 2651 2692 ψυχὴν
2673 2661 2687 2684 ,
2723 2621 2816 2672 καὶ
2857 2619 3072 2682 ἐδέξατο
3107 2617 3203 2687 τὴν
3257 2612 3578 2685 προσευχήν.
3612 2610 3681 2662 Ἢ

2110 2716 2297 2787 ἐπειδὴ
2333 2719 2390 2769 ἐν
2436 2713 2513 2785 τῷ
2549 2712 2652 2784 πρὸ
2697 2711 2885 2764 τούτου
2918 2708 3117 2779 ψαλμῷ
3171 2706 3260 2759 τὸν
3309 2703 3542 2771 διωγμὸν
3595 2700 3684 2753 τὸν

2111 2812 2214 2865 ὑπὸ
2240 2809 2333 2864 τοῦ
2387 2805 2723 2861 Ἀϐεσσαλὼν
2774 2804 3040 2875 ὠδύρετο·
3093 2796 3367 2872 προσευχὴ
3426 2797 3482 2848 δέ
3534 2811 3686 2866 μεσι-

2111 2903 2350 2958 τεύσασα
2381 2901 2471 2954 τὸν
2520 2899 2779 2969 τύραννον
2809 2895 3016 2949 ἀνεῖλεν
3035 2910 3049 2925 ο
3083 2893 3158 2954 ὠς
3179 2930 3192 2953 ,
3246 2888 3535 2960 ἐρωτηθεὶς
3567 2886 3684 2948 πῶς

2109 2997 2204 3050 τοῦ
2264 2991 2616 3062 Ἀϐεσσαλὼμ
2657 2990 2941 3059 ἐνίκησεν,
2997 2984 3330 3055 ἀπεκρίνατο
3376 2981 3472 3048 τὴν
3513 2977 3682 3049 ἀρχὴν

2111 3089 2204 3142 τοῦ
2237 3086 2470 3158 ψαλμοῦ.
2504 3086 2714 3154 ’Ὠσπερ
2746 3081 2873 3152 γὰρ,
2911 3078 3098 3149 φησὶν.
3134 3072 3508 3146 ἁμαρτήσαντί
3539 3087 3624 3141 μοι
3655 3070 3685 3121 6

435 3178 726 3231 victoriam
778 3176 1012 3245 paravit.
1064 3175 1178 3229 Cur
1219 3181 1399 3228 autem
1440 3173 1524 3228 vel
1565 3172 1684 3242 ipso
1717 3170 2006 3226 invocandi

2112 3181 2243 3243 Θεὸς
2271 3178 2432 3232 αὐτὸν
2459 3177 2578 3230 κατ’
2619 3173 2751 3245 ἐμοῦ
2785 3173 3026 3242 ἤγειρεν,
3071 3166 3246 3229 οὕτως
3301 3163 3688 3234 μετανοήσαντι

438 3277 684 3337 tempore
712 3265 1001 3321 exauditus
1048 3272 1133 3319 est.
1184 3263 1398 3318 David?
1444 3262 1585 3328 Quia
1633 3262 1946 3330 increpatus
1980 3274 2010 3312 a

438 3359 652 3413 Nathan
681 3360 928 3429 protinus
961 3356 1029 3411 ad
1065 3356 1440 3426 pmnitentiam
1483 3369 1676 3410 versus
1717 3360 1802 3408 est
1830 3372 1841 3406 :
1875 3367 2008 3422 qua—

440 3459 664 3520 propter
691 3464 816 3504 cum
847 3456 1185 3518 precaretur,
1214 3446 1396 3501 subito
1423 3445 1712 3500 exauditus
1743 3453 1844 3500 est.
1875 3442 2009 3496 Nam

441 3542 622 3606 Deus,
678 3543 773 3612 qui
830 3543 1011 3596 omnia
1050 3555 1374 3611 quazcunque
1417 3536 1526 3592 vult
1566 3537 1696 3606 facit
1728 3537 1795 3601 ",
1826 3536 2011 3590 statim

443 3634 707 3702 exaudit;
755 3643 809 3690 et
860 3633 1040 3690 adhuc
1092 3633 1352 3704 loquente
1397 3630 1624 3686 homine
1672 3628 1844 3684 dicit:
1878 3626 2014 3680 Ecce

435 3726 634 3780 adsum
667 3727 733 3777 ⁵³.

513 3901 718 3959 Deinde
747 3917 875 3958 vero
907 3909 1197 3974 postquam
1227 3901 1591 3956 familiaribus
1623 3900 1855 3955 dixisset
1904 3915 2014 3969 quo

447 4002 607 4064 pacto
640 3995 825 4049 statim
856 3995 1145 4050 exauditus
1188 4002 1355 4060 esset,
1413 4006 1727 4048 sermonem
1753 3992 1916 4046 vertit
1946 3989 2013 4043 ad

447 4086 637 4150 Deum,
699 4086 1128 4158 pr0pitiantique
1157 4087 1260 4143 sibi
1293 4085 1498 4158 gratias
1528 4084 1675 4155 agit,
1707 4085 1762 4138 in
1792 4082 2018 4137 tribula-

448 4180 590 4233 tione
646 4177 894 4232 dilutasti
935 4179 1086 4232 mihi.
1122 4178 1516 4233 Airumnarum
1563 4175 1786 4241 fluctus,
1816 4174 2014 4245 inquit,

448 4271 733 4341 repentina
764 4271 1138 4340 tranquillitas
1182 4268 1523 4340 compescuit
1559 4286 1572 4321 :
1605 4268 1858 4337 fameque
1886 4281 2018 4320 con-

449 4360 651 4415 fectum
680 4377 766 4417 me
799 4361 982 4416 fructu
1001 4361 1282 4424 frumenti,
1307 4359 1420 4414 vini
1451 4369 1504 4415 et
1535 4361 1638 4416 olei
1659 4359 1900 4415 dilatasti
1923 4377 1938 4426 ;
1961 4366 2020 4412 ut

451 4473 561 4512 non
618 4457 769 4512 solus
806 4471 942 4526 ego,
1005 4455 1100 4511 sed
1132 4470 1324 4510 omnes
1376 4454 1580 4510 subditi
1637 4453 1743 4508 mei
1773 4468 1834 4508 ea
1863 4454 2019 4523 copia

449 4549 786 4605 fruerentur.
817 4549 1179 4615 Quamobrem
1222 4548 1337 4602 haec
1379 4545 1610 4602 inferius
1654 4545 1954 4616 subjungit,
1988 4560 2018 4597 a

451 4643 631 4711 fructu
685 4640 954 4709 frumenti,
983 4640 1092 4694 vini
1133 4648 1181 4694 et
1226 4639 1328 4694 olei
1358 4641 1442 4694 sui
1486 4639 1826 4708 multiplicati
1877 4647 2026 4693 sunt:

453 4735 695 4798 illorum,
727 4733 925 4802 inquit,
957 4733 1287 4787 abundantia
1318 4732 1503 4788 cordis
1533 4733 1664 4786 mihi
1689 4731 1873 4784 lmtitia
1899 4730 2019 4784 fuit.

444 4827 592 4884 illud
623 4836 802 4881 autem
838 4827 907 4882 ab
939 4827 1056 4896 ipsa
1085 4827 1316 4883 historia
1351 4827 1668 4883 ediscimus.
1711 4825 1844 4879 Nam
1898 4839 2024 4878 cum

454 4917 598 4972 bello
627 4917 908 4988 impetitus
934 4918 1002 4973 ab
1027 4917 1303 4974 Absalone
1334 4917 1546 4988 fugeret
1575 4917 1630 4972 in
1667 4915 1884 4971 deserta
1946 4922 2026 4968 at-

454 5025 562 5080 que
613 5018 849 5076 montes,
887 5008 1029 5065 fame
1063 5025 1128 5065 ac
1168 5025 1349 5064 rerum
1386 5008 1634 5080 penuria,
1676 5023 1742 5063 eo
1785 5014 2029 5075 tempore

457 5101 804 5165 calamitatis,
842 5101 1134 5157 aliiictatus
1161 5142 1176 5166 ,
1225 5101 1347 5172 ejus
1395 5101 1679 5171 angustias
1714 5098 1860 5154 Deus
1897 5114 2026 5154 con-

459 5193 690 5249 solatur.
724 5193 941 5250 Primus
973 5195 1117 5249 enim
1152 5192 1312 5259 Siba,
1343 5209 1410 5248 ex
1443 5193 1606 5248 domo
1640 5190 1820 5246 Saulis
1847 5189 2026 5243 famu-

458 5284 568 5348 lus,
599 5285 778 5339 attulit
809 5285 910 5354 ipsi
934 5300 1104 5356 panes
1133 5285 1419 5348 ducentos,
1447 5284 1658 5348 vinum,
1695 5281 1944 5353 palathas
1973 5289 2022 5335 et

461 5387 597 5430 uvas
621 5389 816 5444 passas
850 5393 864 5429 :
937 5381 1123 5445 postea
1153 5389 1282 5431 vero
1328 5373 1556 5429 Berzelli
1591 5371 1903 5426 Galaadites
1933 5371 2026 5425 ob-

533 5553 577 5585 “
622 5555 778 5611 Rom.
817 5573 882 5622 ν,
919 5558 1006 5612 ‘20.
1084 5560 1129 5591 ⁸³
1171 5557 1314 5614 l’sal.
1348 5569 1516 5619 emt,
1553 5555 1604 5608 '5.

2109 3273 2208 3344 τὴν
2242 3271 2360 3324 κατ’
2401 3266 2565 3321 αὐτοῦ
2599 3265 2907 3336 ἐδωρήσατο
2939 3261 3116 3330 νίκην.
3163 3257 3261 3310 Διὰ
3293 3255 3344 3307 τί
3366 3254 3410 3307 δ’
3451 3255 3508 3304 ἐν
3539 3249 3688 3320 αὑτῴ

2110 3342 2188 3433 τῷ
2213 3357 2587 3415 ἐπικαλεῖσθαι
2611 3352 2938 3424 εἰσηκούσθη
2969 3353 2997 3403 6
3026 3349 3220 3414 Δαυῖδ;
3269 3344 3502 3414 Ἐπειδὴ,
3535 3342 3689 3410 ἐλεγ-

2113 3452 2338 3524 χόμενος
2372 3450 2476 3503 ὑπὸ
2503 3448 2598 3500 τοῦ
2644 3445 2851 3510 Νάθαν,
2875 3442 3035 3505 εὐθὺς
3069 3441 3147 3502 είς
3195 3438 3478 3509 μετάνοιαν
3521 3433 3688 3502 ἐκάμ-

2115 3523 2244 3614 ιρθη,
2275 3541 2365 3596 διὰ
2393 3538 2550 3593 τοῦτο
2590 3537 2747 3599 εὐθὺς
2792 3532 3224 3605 προσευχόμενος
3251 3524 3594 3596 εἰσηκούσθη.
3630 3523 3688 3575 Ὁ

2114 3635 2224 3704 γὰρ
2243 3631 2438 3686 πάντα
2460 3629 2648 3684 ποιῶν
2670 3628 2786 3681 ὅσα
2807 3626 3116 3690 βούλεται,
3143 3623 3170 3672 ὁ
3188 3619 3339 3682 Θεὸς,
3359 3615 3688 3669 ὑπακούεται

2117 3703 2457 3796 παραχρῆμα
2479 3763 2494 3787 ,
2525 3720 2620 3774 καὶ.
2653 3719 2733 3772 ἔτι
2767 3715 3050 3777 λαλοῦντος
3095 3715 3211 3784 ἐρεῖ
3253 3712 3281 3763 ὁ
3325 3709 3456 3771 Θεός
3479 3724 3492 3738 ·
3542 3703 3687 3759 Ἰδοὺ

2120 3811 2374 3880 πάρειμι.
2441 3876 2445 3877 ν

2189 3899 2321 3955 Εἶτα
2348 3898 2582 3973 εἰρηκὼς
2621 3899 2733 3960 τοῖς
2776 3895 3004 3967 πλησίον
3047 3893 3196 3954 ὅπως
3227 3891 3413 3958 τάχιον
3442 3882 3694 3956 εἰσηκού-

2121 3993 2244 4065 σθη,
2275 3993 2466 4066 τρέπει
2511 3992 2602 4043 τὸν
2645 3989 2800 4057 λόγον
2852 3986 2988 4057 πρὸς
3017 3985 3106 4037 τὸν
3133 3982 3284 4046 Θεὸν,
3321 3979 3414 4032 καὶ
3442 3977 3518 4047 τῷ
3547 3978 3694 4028 εἰσα-

2118 4085 2376 4140 κούσαντι
2430 4084 2769 4154 εὐχαριστεῖ·
2831 4080 2927 4131 Ἐν
2969 4077 3172 4144 θλίψει
3207 4070 3549 4134 ἐπλάτυνάς
3567 4085 3689 4137 μοι.

2119 4179 2200 4231 Τὰ
2222 4177 2438 4247 κύματα
2462 4173 2567 4227 τῶν
2587 4172 2834 4242 θλίψεων,
2861 4169 3043 4239 φησὶν,
3075 4169 3107 4238 ὴ
3139 4167 3327 4235 ταχεῖα
3357 4162 3560 4230 γαλήνη
3585 4158 3691 4212 διέ-

2119 4269 2266 4331 λυσε,
2289 4269 2380 4320 καὶ
2402 4264 2544 4336 λιμῷ
2578 4281 2643 4336 με
2695 4263 2996 4334 τηκόμενον
3037 4257 3144 4311 ἀπὸ
3177 4252 3390 4325 καρποῦ
3425 4251 3570 4303 σίτου
3603 4249 3696 4301 καὶ

2119 4361 2258 4418 οἶνον
2285 4357 2378 4410 καὶ
2406 4357 2584 4409 ἐλαίου
2615 4353 2954 4414 ἐπλούτισας,
2985 4350 3059 4411 ὡς
3101 4346 3174 4418 μὴ
3212 4346 3368 4416 μόνον
3409 4343 3528 4413 ἐμὲ,
3561 4339 3697 4393 ἀλλὰ

2121 4451 2214 4504 καὶ
2241 4449 2447 4510 πάντας
2478 4446 2602 4507 τοὺς
2630 4444 2721 4496 ὑπ’
2746 4443 2846 4513 ἐμὲ
2867 4437 3188 4494 ἀπολαῦσαι.
3216 4433 3306 4486 Διὸ
3334 4429 3693 4490 ὑπωκαταϐὰς

2126 4541 2328 4608 ἔλεγεν·
2370 4537 2512 4593 Ἀπὸ
2565 4534 2796 4603 καρποῦ
2835 4533 3006 4587 σίτου
3037 4530 3133 4582 καὶ
3169 4527 3337 4580 οἴνου
3367 4525 3462 4576 καὶ
3490 4523 3696 4576 ἐλαίου

2128 4631 2324 4688 αὐτῶν
2349 4629 2834 4697 ὲπληθύνθησαν.
2875 4625 2940 4676 Ἠ
2972 4623 3193 4676 ἐκείνων
3223 4617 3470 4672 συνουσία
3501 4615 3696 4684 εὐφρο-

2133 4726 2266 4797 σύνη
2293 4724 2517 4794 καρδίας
2554 4738 2643 4792 μοι
2667 4719 2904 4788 γέγονεν.
2941 4714 3110 4767 Τοῦτο
3152 4713 3208 4765 δὲ
3242 4709 3579 4782 μανθάνομεν
3605 4703 3698 4757 ἀπ’

2127 4796 2299 4888 αὐτῆς
2330 4817 2427 4885 τῆς
2463 4812 2722 4884 ἱστορίας.
2747 4812 2873 4864 Ὅτε
2889 4809 2997 4880 γὰρ
3032 4805 3433 4875 πολεμούμενος
3462 4801 3565 4853 ὑπὸ
3605 4796 3698 4850 τοῦ

2141 4906 2492 4977 Ἀϐεσσαλὼμ
2517 4906 2711 4974 ἔφυγεν
2738 4905 2794 4956 ὲν
2831 4904 2948 4963 ταῖς
2975 4900 3201 4969 ἐρήμοις
3230 4895 3322 4948 καὶ
3348 4895 3402 4946 ἐν
3435 4895 3544 4954 τοῖς
3579 4891 3700 4960 ὄρε-

2133 5020 2238 5064 σιν,
2267 4999 2409 5070 λιμῷ
2433 4999 2527 5052 καὶ
2549 4997 2764 5067 ἀνάγκῃ
2797 4994 2871 5057 ὡς
2905 4993 2962 5046 ἐν
2991 4987 3213 5058 διωγμῷ
3242 4983 3516 5057 ἐκρατήθη
3541 5000 3552 5014 ·
3587 4979 3700 5033 ἀλλ’

2133 5097 2160 5146 6
2184 5092 2321 5155 Θεὸς
2359 5089 2523 5144 αὑτοῦ
2565 5090 2663 5160 τὴν
2703 5085 2945 5154 ἀνάγκην
2987 5079 3431 5151 παρεμυθήσατο.
3485 5073 3702 5160 Πρῶτος

2134 5185 2240 5254 γὰρ
2268 5184 2296 5235 ὁ
2320 5181 2450 5234 Σίϐα
2479 5182 2507 5233 6
2539 5181 2602 5232 ἐκ
2648 5178 2741 5230 τοῦ
2786 5176 2933 5228 οἴκου
2965 5173 3059 5226 τοῦ
3088 5170 3259 5223 Σαοὺλ
3302 5169 3527 5237 ἤνεγκεν
3556 5159 3703 5228 αὺτῷ

2137 5251 2327 5344 ἄρτους
2349 5271 2670 5334 διακοσίους,
2711 5268 2804 5322 καὶ
2838 5263 2975 5320 οῐνον
3006 5265 3098 5316 καὶ
3125 5260 3370 5322 παλάθας
3403 5258 3496 5310 καὶ
3519 5251 3705 5320 σταφί-

2135 5369 2230 5431 δας
2254 5386 2266 5397 '
2317 5363 2436 5419 εἷτα
2475 5363 2612 5436 μετὰ
2664 5361 2851 5414 τοῦτον
2888 5356 3142 5428 Βερζελλὶ
3169 5357 3196 5408 ὁ
3228 5349 3576 5420 Γαλααδίτης,
3610 5345 3704 5400 καὶ

1683 5553 1728 5584 ⁸³
1767 5550 1870 5607 lsa.
1909 5566 2068 5614 LVIII,
2102 5549 2156 5603 9.

535 5730 621 5802 (ll
657 5729 780 5786 litec
823 5731 874 5785 in
898 5733 1086 5789 codice
1120 5731 1444 5789 Taurinensi
1477 5732 1544 5787 ab
1583 5744 1914 5787 amanuense
1944 5729 2196 5794 adjuncta
2237 5731 2387 5787 sunt,
2424 5737 2521 5777 nec
2546 5719 2814 5774 habentur
2846 5715 2899 5770 in
2926 5713 3047 5768 aliis
3081 5727 3214 5766 mss.
