4064 6372
440 393 542 447 IIS

1576 393 2084 452 COMMENTARIA
2122 393 2190 447 IN
2230 394 2571 450 PSALMOS.

3602 392 3704 448 ιιι

432 505 600 569 αὐτὸς
620 505 768 576 αύτῷ
794 508 1137 578 προσήνεγκε
1165 509 1295 562 δέκα
1318 508 1523 572 κοίτας,
1547 508 1632 561 ἵνα
1656 510 1729 579 μὴ
1757 511 2022 579 χαμευνῇ,

2136 510 2259 563 tulit
2290 512 2391 581 ipsi
2421 510 2608 566 decem
2636 510 2808 565 lectos
2844 525 2909 565 ne
2937 509 3087 564 humi
3120 509 3378 575 cubaret,
3407 518 3461 565 et
3493 510 3706 581 amphi-

433 598 532 653 καὶ
560 599 976 670 ἀμφιτάπητας,
1012 601 1140 664 τοὺς
1187 600 1556 671 καλουμένους
1592 599 1688 653 νῦν
1715 600 2024 671 τυλοτάπη-

431 708 554 754 τας,
587 692 680 743 καὶ
705 690 849 744 οἴνου
884 692 1128 765 κεράμια
1180 693 1275 745 καὶ
1317 694 1524 765 πυροὺς
1560 695 1653 748 καὶ
1695 694 1889 767 κριθὰς
1931 695 2025 748 καὶ

432 783 666 854 ἄλευρον
694 784 787 836 καὶ
811 783 1022 854 κύαμον
1038 786 1133 837 καὶ
1161 784 1351 853 φακὸν,
1369 786 1463 837 καὶ
1488 786 1607 856 μέλι
1634 787 1726 839 καὶ
1744 786 2022 858 βούτυρον,

431 876 529 928 καὶ
559 874 826 946 πρόϐατα,
886 877 980 929 καὶ
1018 875 1300 947 γαλαθηνὰ
1346 877 1635 948 μοσχάρια’
1674 876 2025 948 Εὐχάριστῶν

430 962 527 1019 οὖν
553 968 645 1019 ἐπὶ
667 966 877 1030 τούτοις
904 967 1066 1039 φησίν
1084 984 1098 997 ·
1148 968 1251 1022 Ἐν
1290 970 1489 1037 θλίψει
1520 969 1867 1035 ἐπλάτυνάς
1901 988 2021 1039 μοι.

507 1057 572 1108 Τί
607 1056 683 1122 δὲ,
735 1056 909 1125 λέγων
954 1058 1336 1129 είσηκούσθην,
1371 1059 1445 1129 μὴ
1494 1059 1702 1130 μακρὸν
1736 1060 2025 1125 κατέτονας

429 1140 629 1215 λόγονξ
660 1146 753 1218 Μὴ
784 1147 992 1201 πλατὺν
1022 1148 1302 1219 ὀνομάτων
1331 1149 1427 1202 καὶ
1461 1147 1722 1221 ῥημάτων
1754 1150 2026 1221 κατέγρα-

430 1242 540 1310 ψας
560 1241 796 1306 πίνακα;
823 1240 1111 1311 Οὐδαμῶς,
1145 1242 1310 1313 φησὶν
1336 1244 1364 1295 6
1391 1243 1549 1295 Δαυῖδ
1569 1260 1582 1273 ⁸
1618 1244 1676 1296 οὗ
1708 1242 1816 1315 γὰρ
1836 1244 2027 1315 Χρῄζα

432 1332 759 1397 πολυλογίας
790 1334 819 1386 6
850 1332 1003 1397 Θεὸς,
1047 1334 1076 1385 6
1114 1334 1207 1387 καὶ
1240 1334 1383 1404 μόνῳ
1420 1335 1708 1407 στεναγμῷ
1750 1336 2025 1408 άρχούμε-

433 1444 545 1490 νος.
578 1425 747 1479 Τοῦτο
774 1426 934 1497 μόνον
968 1426 1154 1495 ἔλεγον
1192 1428 1631 1499 προσευχόμενος
1656 1446 1669 1459 ο
1729 1431 2026 1498 Οὶκτείρη-

432 1534 571 1582 σον,
607 1518 705 1597 καὶ
748 1517 1122 1573 εἰσάκουσον
1158 1519 1270 1588 τῆς
1301 1521 1651 1597 προσευχῆς
1688 1539 1828 1590 μου.
1870 1521 2027 1575 Εἴποι

430 1609 489 1662 δὲ
519 1595 691 1663 ταῦτα
722 1609 817 1662 καὶ
850 1611 878 1662 6
909 1609 1111 1681 λῃστὴς
1153 1612 1213 1663 ὲν
1248 1595 1335 1680 τῷ
1370 1610 1587 1683 σταυρῷ
1620 1612 1755 1682 πρὸς
1784 1612 1875 1665 τὸν
1913 1612 2027 1664 Κύ-

436 1720 580 1773 ριον·
612 1702 779 1755 εἰπὼν
826 1702 936 1775 γὰρ
986 1704 1081 1756 καὶ
1134 1702 1601 1775 ἐπικαλεσάμενος
1646 1706 1705 1757 ὲν
1752 1708 1817 1776 τῇ
1862 1705 2027 1759 αὑτοῦ

433 1793 644 1863 θλίψει.
704 1793 1029 1864 Μνήσθητί
1053 1812 1196 1864 μου,
1242 1797 1435 1864 Κύριε,
1474 1796 1620 1850 ὅταν
1649 1798 1835 1865 ἔλθῃς
1855 1798 1927 1852 ἐν
1955 1796 2028 1866 τῇ

2131 602 2333 670 tapetia
2366 618 2491 669 qua:
2518 603 2631 671 jam
2685 602 3007 673 tylotapetia
3060 608 3327 655 vocantur
3359 641 3373 665 ,
3408 599 3522 654 vini
3575 614 3707 654 vasa

2132 696 2337 765 ﬁglina,
2376 695 2732 758 frumentum,
2783 694 3089 759 hordeum,
3139 693 3395 759 farinam,
3444 690 3599 747 fabas
3654 698 3709 745 et

2130 789 2328 851 lentes,
2364 789 2470 843 mel
2492 797 2545 842 et
2577 788 2855 859 butyrum,
2918 804 3047 843 oves
3069 796 3122 843 et
3147 788 3353 842 lacteos
3375 785 3596 840 vitulos.
3633 784 3705 840 De

2130 882 2214 937 his
2251 883 2434 952 itaque
2456 881 2661 951 gratias
2688 896 2854 953 agens
2874 881 2971 947 ait,
3001 882 3052 934 in
3071 880 3408 934 tribulatione
3465 878 3707 933 dilatasti

2131 973 2279 1027 mihi.

2199 1066 2315 1122 Cur
2345 1075 2527 1120 autem
2556 1080 2680 1119 cum
2710 1071 2761 1118 te
2791 1063 3107 1118 exauditum
3142 1063 3244 1127 ais,
3277 1077 3384 1117 non
3434 1060 3706 1132 prolixum

2131 1170 2445 1211 sermonem
2504 1153 2884 1209 contexuisti?
2931 1152 3112 1218 Quare
3141 1168 3251 1206 non
3291 1152 3505 1222 longam
3534 1151 3708 1205 nomi-

2132 1264 2261 1301 num
2293 1247 2696 1317 verborumque
2728 1246 2981 1315 paginam
3026 1246 3311 1300 exarasti?
3363 1243 3707 1307 Nullatenus,

2134 1340 2311 1410 inquit
2348 1339 2517 1394 David
2552 1383 2567 1407 ,
2593 1355 2771 1409 neque
2796 1340 2969 1394 multo
2999 1354 3251 1394 sermone
3290 1352 3430 1408 opus
3464 1336 3574 1392 Deo
3604 1342 3710 1402 cst,

2130 1434 2221 1487 cui
2272 1434 2357 1488 vel
2404 1433 2557 1487 solus
2589 1434 2823 1498 gemitus
2870 1433 2943 1487 sit
2974 1432 3131 1497 ,satis
3169 1450 3181 1485 :
3230 1430 3365 1484 illud
3414 1438 3623 1483 tantum
3657 1432 3711 1484 in

2131 1525 2385 1579 oratione
2399 1524 2535 1589 dixi,
2557 1520 2804 1579 Miserere
2838 1525 2960 1588 mei,
2992 1533 3040 1577 et
3066 1521 3262 1577 exaudi
3291 1521 3581 1574 orationem
3600 1536 3711 1574 me-

2132 1634 2240 1670 am.
2285 1615 2424 1671 Illud
2458 1618 2623 1671 etiam
2655 1616 2884 1672 Domino
2930 1616 3135 1671 dixerit
3164 1616 3220 1669 in
3256 1630 3422 1669 cruce
3468 1613 3713 1684 pendens

2136 1712 2298 1777 latro,
2333 1712 2428 1781 qui
2459 1711 2512 1765 in
2547 1711 2796 1765 cruciatu
2828 1710 3008 1781 ipsum
3050 1709 3322 1764 invocavit
3366 1709 3453 1764 his
3481 1709 3665 1762 verbis
3698 1724 3711 1759 :

2135 1805 2399 1860 Memento
2415 1805 2537 1868 mei,
2559 1804 2801 1869 Domine,
2819 1821 2936 1857 cum
2952 1804 3151 1858 veneris
3168 1804 3223 1857 in
3245 1815 3457 1873 regnum
3482 1812 3628 1856 tuum
3647 1803 3713 1858 “.

428 1885 720 1951 ,ϐασιλείᾳ
770 1900 909 1949 σου,
966 1883 1319 1956 εἰσηκούσθη,
1364 1886 1460 1939 καὶ
1510 1886 1631 1940 ἀντὶ
1664 1887 1897 1959 σταυροῦ
1938 1887 2029 1941 τὸν

2134 1896 2182 1952 Is
2217 1898 2347 1953 item
2407 1897 2698 1952 exauditus
2728 1903 2849 1961 est,
2883 1910 2947 1949 ac
2979 1895 3161 1951 crucis
3213 1895 3335 1950 loco
3395 1894 3715 1964 paradisum

437 1977 769 2049 παράδεισον
798 1975 1005 2049 ᾤκησε,
1038 1978 1132 2031 καὶ
1164 1976 1387 2048 πολίτης
1418 1977 1611 2047 γέγονε
1648 1978 1743 2033 τοῦ
1773 1978 2024 2050 ούρανοῦ.

432 2071 609 2133 Αὐτὸς
637 2071 732 2123 καὶ
767 2069 904 2141 πρὸς
948 2069 1075 2132 τοὺς
1129 2069 1415 2132 Ἰουδαίους
1441 2068 1728 2141 βοήσεται·
1777 2072 1895 2124 Υἱοί
1922 2072 2028 2125 ἀν-

432 2162 703 2230 θρώπων,
721 2161 832 2227 ἕως
848 2162 996 2215 πότε
1004 2159 1320 2230 ,βαρυκάρδ
1324 2178 1397 2213 ιοι
1415 2176 1433 2223 ;
1460 2159 1729 2213 θεάσασθε
1741 2160 1839 2231 τὴν
1853 2161 2028 2214 κτίσιν

429 2257 510 2327 τῷ
530 2257 725 2328 κτίστῃ
754 2274 819 2309 συ
828 2256 1206 2327 μπάσχουσαν.
1228 2255 1313 2318 Εἰ,
1337 2254 1428 2307 τὸν
1447 2252 1700 2326 Λάζαρον
1727 2257 2030 2326 τετραήμε-

437 2368 529 2419 ρον
550 2350 657 2402 ἀπὸ
674 2349 767 2402 τοῦ
788 2350 962 2418 τάφου
985 2348 1247 2419 τρέχοντα
1270 2347 1488 2413 ἰδόντες,
1521 2347 1622 2399 οὐκ
1650 2346 2027 2412 ἐπιστεύσατε,

431 2440 531 2493 νῦν
564 2439 694 2508 γοῦν
725 2439 1145 2509 προσκυνήσατε
1178 2436 1271 2490 τοῦ
1306 2436 1722 2508 Σταυρωθέντος
1744 2436 1841 2510 τὴν
1866 2436 2027 2491 δύνα-

435 2548 529 2602 μιν
558 2548 571 2561 ο
606 2531 832 2602 νεκροὺς
884 2530 914 2582 6
968 2530 1190 2600 σεισμὸς
1242 2528 1562 2599 ἀνέστησεν,
1609 2528 1705 2582 καὶ
1751 2530 1911 2600 ὑμεῖς
1961 2532 2028 2602 τῇ

430 2624 665 2695 ἀπιστίᾳ
693 2623 1008 2678 καθεύδετε.
1069 2622 1170 2675 Διὰ
1211 2622 1262 2675 τί
1302 2622 1687 2694 βαρυκάρδιοι;
1724 2622 1894 2678 Τοῦτο
1931 2624 2030 2695 μὲν

427 2716 521 2769 διὰ
545 2716 605 2769 τὸ
629 2716 702 2788 μὴ
727 2717 1097 2786 κατανυγῆναι
1124 2718 1236 2780 τοῖς
1263 2715 1558 2786 θαύμασιν,
1596 2695 1831 2770 τοῦτοδὲ
1848 2716 1937 2770 διὰ
1968 2717 2029 2771 τὸ

431 2807 495 2872 ἐξ
528 2808 839 2879 ἀφροσύνης
885 2808 1095 2879 βαρέως
1147 2810 1289 2863 κατὰ
1316 2810 1410 2863 τοῦ
1444 2810 1683 2883 Χριστοῦ
1722 2810 2026 2883 ὀργίζεσθε.

432 2904 663 2974 Μάρτυς
696 2906 727 2975 ἡ
754 2904 945 2975 Γραφὴ
967 2903 1197 2959 εἰποῦσα
1218 2920 1231 2934 ·
1268 2902 1431 2972 Βαρὺ
1464 2905 1635 2971 λίθος
1666 2902 1765 2957 καί
1804 2902 2030 2957 δυσϐά-

431 3010 700 3061 antme
744 2994 963 3064 ἄμμοςο
1001 2995 1147 3065 ὀργὴ
1175 2994 1243 3050 δὲ
1278 2996 1542 3065 ἄφρονες·
1578 2994 1913 3065 βαρυτέρα·
1949 2995 2031 3049 ὅτι

430 3085 561 3139 οὔτε
609 3087 862 3159 νουθεσίᾳ
917 3088 1191 3156 θέλγεται,
1220 3088 1314 3141 καὶ
1357 3086 1613 3158 θαύματα
1637 3086 1850 3157 βλέπων
1879 3084 2031 3157 ὀργί-

428 3177 611 3241 ζεται.

2132 1989 2348 2055 incolit,
2380 1995 2545 2058 atque
2579 1988 2725 2043 inter
2755 1988 2902 2043 cives
2930 1988 3058 2043 cmli
3101 1986 3397 2057 ascriptus,
3434 1987 3514 2042 sic
3536 1985 3716 2039 Judm-

2132 2095 2195 2134 os
2229 2078 2479 2133 clamans
2528 2076 2877 2147 compellabit
2908 2097 2919 2131 :
2964 2075 3097 2129 Filii
3125 2076 3418 2142 hominum,
3449 2088 3714 2144 usquequo

2133 2170 2283 2242 gravi
2308 2168 2488 2234 corde,
2513 2184 2605 2225 res
2630 2176 2847 2224 creatas
2875 2167 3197 2238 conspicitis
3228 2166 3477 2222 Creatori
3509 2165 3715 2219 condo-

2132 2261 2345 2317 lentes?
2376 2260 2433 2315 Si
2462 2260 2893 2331 quatriduanum
2932 2258 3199 2312 Lazarum
3233 2272 3264 2313 e
3306 2256 3560 2327 sepulcro
3586 2271 3715 2309 cur-

2130 2362 2339 2405 rentem
2364 2366 2487 2405 cum
2511 2350 2790 2414 videretis,
2820 2365 2929 2405 non
2959 2348 3293 2413 credidistis,
3333 2356 3388 2401 at
3426 2362 3573 2402 nunc
3603 2347 3714 2400 sal—

2132 2449 2240 2496 tem
2276 2442 2537 2498 Crucilixi
2572 2448 2896 2512 potestatem
2953 2439 3177 2495 adorate
3207 2459 3220 2493 :
3248 2447 3496 2494 mortuos
3551 2447 3713 2493 terra:

2132 2540 2315 2588 motus
2350 2532 2631 2597 excitavit,
2668 2538 2720 2586 et
2744 2546 2841 2586 vos
2873 2532 2927 2584 in
2962 2530 3281 2585 infidelitate
3307 2538 3487 2584 vestra
3505 2528 3713 2583 dormi-

2133 2627 2227 2681 tis.
2253 2624 2435 2691 Quare
2452 2624 2604 2696 gravi
2634 2623 2800 2679 corde
2822 2624 3037 2695 praediti
3066 2624 3089 2677 ?
3122 2623 3347 2679 Scilicet
3371 2622 3497 2693 quia
3526 2624 3593 2677 ob
3610 2624 3713 2677 mi-

2130 2718 2329 2773 rabilia
2374 2726 2526 2787 gesta
2556 2733 2668 2771 non
2703 2716 3136 2786 compungimini
3176 2734 3189 2783 ;
3238 2715 3351 2771 sive
3380 2731 3444 2769 ex
3479 2715 3714 2769 stultitia

2128 2810 2368 2880 graviter
2391 2807 2614 2864 Christo
2634 2808 2997 2863 succensetis.
3026 2805 3268 2876 Hujusce
3316 2806 3395 2859 rei
3439 2805 3596 2860 tesxis
3628 2811 3715 2861 est

2133 2901 2419 2973 Scriptura
2453 2916 2575 2972 qua:
2608 2902 2689 2957 sic
2722 2901 2883 2956 habet
2914 2919 2926 2954 :
2964 2898 3131 2953 Grave
3164 2908 3240 2953 est
3270 2914 3483 2963 saxum,
3511 2908 3559 2952 et
3590 2915 3713 2953 one-

2130 3012 2257 3051 rosa
2303 3011 2469 3050 arena
2499 3012 2517 3050 :
2543 2993 2634 3050 sed
2672 2995 2757 3049 ira
2784 2994 2938 3050 stulti
2969 2993 3185 3059 gravior
3228 2992 3318 3057 ‘5;
3360 2990 3490 3062 quia
3536 3007 3712 3063 neque

2132 3088 2358 3143 monitis
2388 3088 2648 3155 allicitur,
2676 3097 2731 3144 et
2760 3088 3032 3142 miracula
3058 3102 3183 3141 cum
3210 3084 3376 3149 videt,
3411 3085 3546 3139 iram
3577 3102 3711 3140 con-

2133 3178 2287 3249 cipit.

505 3295 635 3348 Ἵνα
668 3296 724 3348 τί
769 3291 1038 3363 ἀγαπᾶτε
1062 3294 1447 3362 ματαιότητα,
1484 3294 1576 3347 τὸν
1604 3291 1897 3365 Βαραὸδὰν
1930 3291 2027 3347 τοῦ

2207 3290 2274 3346 Ut
2291 3292 2418 3363 quid
2438 3292 2661 3363 diligitis
2695 3293 2982 3346 vanitatem
3007 3292 3136 3361 ;qui
3169 3292 3470 3348 Barabbam
3492 3293 3711 3349 Christo

429 3387 675 3459 Χριστοῦ
723 3388 1185 3458 προτιμήσαντες,
1235 3387 1325 3441 τὸν
1372 3387 1539 3457 φονέα
1592 3387 1734 3459 ὑπὲρ
1774 3386 1865 3442 τὸν
1894 3384 2027 3449 ζωο-

428 3481 591 3532 ποιὸν
618 3518 630 3543 ,
658 3479 756 3550 τὴν
788 3480 1065 3549 βασιλείαν
1117 3480 1211 3533 τοῦ
1253 3479 1534 3551 Καίσαρος
1576 3479 1718 3550 ὑπὲρ
1749 3478 1849 3549 τὴν
1874 3478 2028 3548 βασι-

430 3573 590 3624 λείαν
621 3572 726 3624 τῶν
757 3573 1024 3644 οὐρανῶν,
1058 3574 1157 3644 τὴν
1201 3573 1476 3643 ἁμαρτίαν
1507 3572 1607 3644 τὴν
1637 3571 1824 3643 ἄμμου
1853 3587 2028 3641 παρα-

431 3662 557 3725 λίας
592 3662 897 3734 βαρυτέραν
928 3664 1069 3736 ὑπὲρ
1088 3663 1187 3735 τὴν
1219 3662 1591 3734 δικαιοσύνην,
1628 3664 1696 3717 τὰ
1719 3662 2031 3734 πρόσκαιρα

430 3756 583 3826 ὑπὲρ
611 3755 681 3807 τὰ
730 3753 943 3818 αἰώνια,
992 3756 1092 3827 τὴν
1128 3755 1334 3826 φθορὰν
1381 3755 1525 3826 ὑπὲρ
1556 3756 1655 3825 τὴν
1690 3753 2027 3823 άφθαρσίαν;

442 3848 614 3903 Ἀλλὰ
637 3849 771 3920 πρὸς
785 3849 995 3913 τούτοις
1020 3850 1113 3903 καὶ
1146 3848 1407 3919 ζητεῖσθε
1431 3847 1681 3917 ψεῦδος,
1721 3845 2032 3917 ψευδομάρ-

427 3960 611 4013 τυρας
665 3942 1019 4013 ἐξωνούμενοι
1076 3942 1220 3997 κατὰ
1289 3942 1390 4012 τῆς
1437 3940 1689 4012 ἀληθείας
1742 3938 2027 4005 λέγοντας’

438 4035 668 4088 Τοῦτον
693 4033 945 4102 εὕρομεν
991 4032 1427 4102 διαστρέφοντα
1470 4031 1538 4086 τὸ
1570 4032 1767 4096 ἔθνος,
1798 4030 1893 4083 καὶ
1918 4046 2030 4082 κω-

428 4128 668 4179 λύοντα
692 4124 771 4189 τῷ
797 4126 1051 4193 Καίσαρι
1080 4126 1270 4194 φόρον
1306 4124 1556 4179 διδόναι.
1607 4122 1893 4176 Ἀνασείει
1926 4120 2035 4174 τὸν

428 4216 595 4269 λαὸν
630 4214 953 4269 διδάσκων.
984 4218 1055 4269 Εὶ
1080 4216 1166 4285 μὴ
1204 4211 1285 4285 ἦν
1316 4210 1495 4281 οὗτος
1537 4212 1880 4277 κακοποιὸς,
1921 4213 2034 4265 οὐκ

431 4307 518 4360 ἄν
551 4322 653 4360 σοι
679 4306 1105 4377 παρεδώκαμεν
1135 4308 1340 4360 αὐτόν.
1365 4306 1479 4359 Καὶ
1517 4306 1569 4358 τί
1602 4302 2031 4374 ἐκακοποίησεν;

431 4400 524 4451 ὅτι
546 4397 837 4462 νοσοῦντας
883 4399 1093 4463 ἰάσατο,
1124 4399 1206 4452 ὅτι
1251 4398 1513 4470 δαίμονας
1539 4399 1926 4468 ἐφυγάδευσεν,
1954 4398 2035 4450 ὅτι

434 4490 674 4562 νεκροὺς
733 4491 952 4561 ἤγειρεν
978 4531 992 4555 ,
1037 4492 1119 4545 ὅτι
1161 4492 1224 4544 ὲκ
1284 4492 1445 4545 πέντε
1491 4490 1671 4561 ἄρτων
1716 4488 2037 4560 ἰσαρίθμους

2127 3385 2467 3455 ρι’ωῑυιὶδῑίε,
2484 3384 2815 3440 homicidam
2835 3387 2958 3438 vitae
2975 3386 3206 3447 auctori,
3232 3401 3459 3455 regnum
3482 3384 3713 3439 Caesaris

2131 3492 2298 3548 regno
2312 3478 2599 3540 caelorum,
2624 3485 2906 3546 peccatum
2925 3492 3089 3531 arena
3107 3476 3276 3531 maris
3305 3475 3528 3547 gravius
3558 3475 3717 3544 jnsti-
3807 3483 3813 3488 '

2131 3568 2239 3628 tite,
2291 3574 2643 3635 temporanea
2691 3564 2932 3625 mternis,
2969 3564 3378 3631 corruptionem
3428 3562 3717 3630 incorrup-

2129 3657 2294 3729 tioni?‘
2304 3655 2409 3711 Sed
2424 3657 2710 3727 etinsuper
2722 3656 2958 3727 quwritis
2976 3654 3329 3715 mendacium,
3346 3652 3620 3722 falsosque
3635 3658 3715 3706 te-

2131 3758 2243 3805 stes
2265 3758 2456 3803 contra
2474 3750 2758 3802 veritatem
2797 3747 3104 3803 conducitis
3124 3747 3236 3800 haec
3252 3746 3498 3800 dicentes
3524 3764 3537 3797 ι
3560 3743 3725 3797 Hunc

2130 3840 2423 3893 invenimus
2485 3836 2865 3890 subvertentem
2924 3834 3199 3904 populum,
3256 3840 3306 3887 et
3358 3830 3716 3901 prohibentem

2134 3931 2333 3983 tributa
2356 3929 2486 3983 dare
2517 3926 2746 3983 Caesari.
2803 3924 3105 3981 Commovet
3148 3923 3397 3994 populum
3427 3922 3616 3976 docens
3645 3921 3713 3975 ".

2137 4023 2261 4077 Nisi
2295 4031 2429 4076 esset
2457 4022 2540 4073 hic
2566 4019 2902 4088 malefactor,
2929 4034 3033 4071 non
3053 4015 3145 4069 tibi
3171 4014 3580 4069 tradidissemus
3597 4026 3716 4065 eum

2134 4118 2200 4172 ⁸⁷.
2232 4115 2374 4186 Quid
2405 4124 2588 4169 autem
2630 4113 2767 4168 mali
2800 4110 2927 4166 fecit
2956 4111 2978 4163 ?
3007 4125 3075 4163 an
3118 4110 3246 4179 quia
3276 4122 3454 4177 aegros
3477 4105 3715 4169 curavit,

2134 4208 2418 4261 daemones
2448 4203 2674 4275 fugavit,
2720 4210 2969 4255 mortuos
3007 4198 3297 4255 suscitavit
3330 4197 3353 4250 ?
3384 4213 3453 4249 an
3487 4196 3614 4266 quia
3649 4209 3717 4248 ex

2140 4300 2387 4370 quinque
2414 4296 2649 4365 panibus
2678 4292 2906 4348 totidem
2943 4292 3113 4345 millia
3134 4289 3417 4343 hominum
3452 4287 3506 4341 in
3536 4302 3718 4341 eremo

2138 4391 2360 4447 satiavit
2388 4389 2633 4459 exceptis
2653 4386 2976 4441 mulieribus
2997 4392 3051 4440 et
3075 4382 3320 4454 parvulis
3338 4382 3360 4435 ?
3378 4381 3570 4435 Adhuc
3590 4395 3719 4435 esca

2138 4485 2193 4537 in
2229 4491 2449 4554 gutture
2497 4482 2743 4551 ipsorum
2775 4486 2913 4542 erat,
2953 4476 3085 4531 dum
3125 4474 3475 4530 mendacium
3511 4473 3567 4526 in
3601 4486 3716 4525 ore.

434 4582 692 4655 χιλιάδας
730 4582 786 4635 ὲν
810 4584 1002 4654 ἐρήμῳ
1027 4582 1275 4653 διέθρεψε
1310 4581 1481 4653 χωρὶς
1501 4582 1776 4650 γυναικῶν
1798 4582 1889 4633 καὶ
1911 4579 2029 4633 παί-

2139 4577 2318 4646 Atque
2348 4575 2416 4631 iis
2443 4576 2536 4645 Qui
2566 4574 2633 4627 ad
2667 4572 2999 4627 Absalonem
3026 4568 3371 4624 desciverant
3407 4564 3585 4619 aiebat
3616 4562 3719 4615 Da-

2178 4669 2227 4677 ..
2313 4668 2345 4677 ..
2600 4667 2609 4676 .
2780 4666 2791 4677 .
2897 4663 2964 4677 ,...
3058 4661 3069 4677 .
3113 4660 3151 4677 ,η
3400 4656 3509 4677 μμ
3547 4655 3715 4677 Mum

432 4677 582 4741 δων;
611 4676 784 4746 ’Έτιὴ
811 4676 985 4747 τροφὴ
1031 4678 1088 4728 ὲν
1139 4675 1217 4747 τῷ
1261 4676 1497 4747 λάρυγγι
1544 4674 1638 4727 καὶ
1666 4674 1727 4726 τὸ
1753 4672 1948 4741 ψεῦδος
1978 4673 2036 4724 ὲν

433 4767 523 4837 τῷ
547 4767 792 4838 στόματι.
836 4769 947 4821 Καὶ
989 4770 1102 4831 τοῖς
1143 4768 1222 4836 τῷ
1263 4766 1620 4838 Ἀϐεσσαλὼμ
1661 4764 2037 4829 συναποξενω-

432 4865 621 4917 θεῖσιν
651 4862 834 4929 ἔλεγεν
870 4863 898 4913 6
928 4862 1091 4913 Δαυῒδ
1109 4879 1121 4891 ·
1158 4860 1223 4913 Τί
1255 4860 1333 4931 τῷ
1356 4860 1577 4930 ἀτάκτῳ
1617 4858 1767 4912 παιδὶ
1796 4857 2035 4927 συναπή-

432 4955 653 5028 χθητε;
700 4955 764 5007 Τί
805 4954 897 5007 τὸν
946 4954 1072 5007 Υἰὸν
1107 4954 1251 5007 κατὰ
1284 4952 1489 5024 πατρὸς
1530 4952 1814 5020 ὰλείφετε;
1854 4950 1917 5003 Τί
1965 4951 2030 5020 τῇ

433 5048 658 5122 ματαία
696 5047 854 5119 βουλῇ
890 5045 987 5099 τοῦ
1055 5046 1333 5117 Ἀχιτόφελ
1379 5044 1815 5116 ὴκολουθήσατε;
1881 5043 1944 5094 Et
2004 5044 2032 5094 6

434 5138 767 5207 κακολογῶν
802 5140 1017 5210 πατέρα
1044 5138 1077 5209 ἢ
1109 5138 1323 5209 μητέρα
1373 5138 1601 5191 θανάτου
1634 5135 1801 5200 ἄξιος,
1832 5136 1860 5188 6
1889 5133 2031 5188 κατὰ

434 5231 657 5302 πατρὸς
684 5232 892 5285 ἀκονῶν
934 5231 1086 5300 ξίφος
1118 5231 1232 5295 υἱὸς
1276 5229 1508 5293 ποσάκις
1541 5229 1690 5281 ἐστὶν
1715 5226 1865 5291 ἄξιος
1899 5226 2034 5278 ἁπο-

426 5327 669 5389 Θανείν;
722 5326 847 5379 Ἵνα
888 5324 945 5378 τί
993 5319 1087 5377 οῦν
1123 5320 1391 5393 ἀγαπᾶτε
1413 5323 1779 5392 ματαιότητα
1806 5318 1903 5371 καὶ
1946 5317 2035 5385 ξη-

431 5415 600 5469 τεῖτε
660 5415 924 5492 ψεῦδος;
980 5415 1191 5479 Ψεῦδος
1249 5415 1399 5484 λέγει
1475 5413 1570 5466 νῦν
1631 5413 1739 5466 πᾶν
1800 5413 2033 5482 πρᾶγμα

437 5507 705 5581 μάταιον,
754 5509 977 5577 ταχεῖαν
1030 5507 1128 5576 τὴν
1173 5505 1381 5558 πτῶσιν
1425 5506 1518 5557 καὶ
1555 5503 1855 5575 μεταϐολὴν
1889 5501 2031 5572 ἔχον.

430 5599 626 5667 Πλὴν
641 5599 879 5667 μάταιοι
910 5602 964 5653 οὶ
995 5599 1113 5653 υἱοί
1151 5598 1268 5651 τῶν
1300 5597 1645 5665 ἀνθρώπων,
1692 5595 1938 5663 ψευδεῖς
1978 5596 2035 5648 οἱ

432 5693 563 5747 υἱοὶ
595 5690 717 5743 τῶν
755 5690 1087 5761 ἀνθρώπων
1108 5691 1178 5744 ἐν
1198 5690 1416 5761 ζυγοῖς,
1446 5690 1553 5743 τοῦ
1602 5686 1906 5757 ἀδικῆσαι.

2140 4669 2231 4724 vid
2266 4689 2278 4723 :
2307 4668 2419 4723 Cur
2448 4683 2572 4723 cum
2598 4666 2849 4736 improbo
2894 4663 3004 4716 filio
3038 4658 3367 4716 defecistis?
3398 4656 3509 4712 Cur
3547 4655 3719 4708 filium

2140 4763 2406 4817 adversus
2437 4768 2654 4830 patrem
2686 4754 3021 4812 concitatis?
3077 4752 3261 4820 Quare
3306 4749 3463 4804 vanis
3492 4746 3717 4803 Achito-

2144 4854 2319 4925 phelis
2351 4852 2601 4908 consiliis
2658 4866 2863 4904 morem
2899 4848 3092 4919 geritis
3122 4849 3143 4900 ?
3174 4846 3231 4900 Si
3270 4846 3317 4900 is
3361 4844 3454 4913 qui
3491 4840 3702 4895 maledi-

2144 4946 2283 5001 xerit
2308 4945 2447 5015 patri
2478 4944 2562 4997 vel
2594 4942 2755 4995 matri
2806 4952 2981 4995 morlc
3004 4940 3203 5010 dignus
3232 4947 3315 4992 est
3349 4975 3363 5002 ,
3401 4934 3493 5005 qui
3525 4941 3715 4986 contra

2143 5050 2349 5110 patrem
2385 5038 2621 5108 gladium
2665 5034 2812 5088 acuit
2871 5040 3005 5104 quot
3037 5031 3315 5093 mortibus
3342 5044 3405 5082 ac
3436 5026 3717 5096 suppliciis

2139 5135 2341 5203 dignus
2370 5134 2393 5185 ’ἰ
2445 5130 2511 5184 Ut
2538 5130 2662 5201 quid
2707 5129 2871 5200 igitur
2902 5126 3125 5195 diligitis
3154 5125 3439 5177 vanitatem
3486 5130 3537 5174 et
3575 5135 3724 5189 quat-

2142 5225 2260 5278 ritis
2317 5222 2708 5276 mendacium?
2769 5219 3109 5273 Mendacium
3142 5222 3300 5269 vocat
3350 5212 3717 5283 quodcunque

2143 5330 2343 5368 vanum
2367 5330 2525 5384 Opus,
2545 5313 2705 5379 cujus
2730 5317 2979 5380 prompta
3012 5306 3193 5368 ruina,
3229 5306 3512 5375 repentina
3537 5308 3717 5355 muta-

2142 5410 2238 5463 tio.
2287 5407 2653 5461 Verumtamen
2683 5405 2803 5458 vani
2837 5403 2937 5471 ﬁlii
2971 5400 3263 5468 hominum,
3296 5395 3570 5451 mendaces
3614 5391 3716 5464 [itii

2140 5502 2410 5556 hominum
2446 5503 2497 5554 in
2523 5500 2758 5563 stateris,
2796 5506 2853 5551 ut
2877 5496 3072 5565 injuste
3099 5504 3259 5565 agant
3290 5492 3355 5547 ⁸⁸,

520 5872 570 5905 ⁸⁸
610 5868 752 5926 Luc.
785 5888 955 5935 χχιιι,
998 5873 1083 5926 i2.
1158 5874 1201 5903 ⁵³⁵
1242 5871 1403 5927 Prov.
1442 5888 1621 5935 xxvii,
1654 5871 1706 5926 5.
1783 5872 1829 5905 ⁵⁸
1874 5870 2001 5926 Luc.

2135 5885 2207 5933 ιι,
2242 5866 2296 5922 9‘.
2377 5866 2419 5898 ⁸⁷
2464 5863 2620 5921 Joan.
2659 5876 2770 5917 xvn
2798 5900 2811 5925 ,
2843 5861 2929 5916 50.
3007 5858 3051 5890 ⁵⁸
3093 5856 3238 5912 Psal.
3271 5869 3360 5909 ut
3385 5892 3399 5919 ,
3435 5850 3523 5908 10.
