4064 6372
551 302 660 360 117

1697 303 2201 362 COMMENTARIA
2233 300 2304 358 IN
2343 301 2677 358 PSALMOS.

3715 295 3818 351 118

546 423 670 496 λείᾳ
726 425 1061 498 παραδίδωσι
1096 429 1220 491 τοὺς
1269 427 1343 499 μὴ
1375 420 1535 499 μόνον
1577 428 1716 483 κατά
1749 428 1965 498 ἀπάτην
1988 427 2125 496 λογι-

2239 441 2356 490 eos,
2389 425 2482 494 qui
2530 439 2639 478 non
2694 421 2856 476 modo
2883 435 2981 491 per
3035 417 3304 474 fallaciam
3350 417 3634 474 mendacia
3665 418 3821 488 cogi-

546 517 808 590 ξομένους
849 519 919 572 τὰ
941 519 1136 590 ψευδῆ,
1164 520 1300 574 ἀλλὰ
1341 522 1438 575 καὶ
1475 520 1769 585 λαλοῦντας
1830 520 1989 584 αὐτὰ,
2042 523 2137 574 καὶ

546 611 755 682 ἑτέροις
780 611 1250 682 διακονουμένους,
1279 614 1458 667 ὁποῖοι
1504 615 1865 684 τυγχάνουσιν
1888 615 1937 666 οἱ
1967 612 2134 675 ἄθεοι,

543 703 884 774 αἰρεσιῶται.
917 707 1026 758 Καὶ
1051 707 1144 757 ἐπὶ
1166 707 1300 759 πᾶσι
1319 707 1529 771 τούτοις
1549 707 1655 760 τὸν
1674 707 1862 775 ἄνδρα
1877 706 2137 776 αἱμάτων

535 787 948 874 γβδελύσσεται
962 790 1201 857 Κύριος,
1228 796 1324 850 καὶ
1351 797 1409 849 ἐν
1439 801 1504 868 τῇ
1540 796 1630 868 ἴσῃ
1672 797 1846 869 τούτῳ
1894 797 2136 868 τιμωρίᾳ

544 884 641 936 καὶ
687 885 784 937 τὸν
828 885 1003 939 δόλιον
1050 885 1284 958 τίθησιν.
1333 889 1393 943 '0
1437 889 1493 943 δὲ
1533 889 1830 960 βδελυγμὺς
1863 890 2136 964 ὑπερϐάλ-

542 973 741 1026 λουσαν
797 975 1176 1048 ἀποστροφὴν,
1218 979 1296 1042 ὼς
1339 980 1433 1033 ἐπὶ¹
1474 981 1694 1052 μεγάλῳ
1735 981 2018 1053 βιάσματι,
2037 980 2133 1034 τοῦ

545 1064 970 1138 βδελυσσομένου
1004 1069 1141 1142 πρὸς
1158 1071 1248 1124 τὸν
1284 1071 1571 1142 βδελυκτὸν
1606 1072 1926 1144 παρίστησι.

613 1160 814 1227 Κύριε,
833 1160 1144 1231 όδήγυησόν
1148 1179 1226 1231 με
1243 1161 1395 1232 ἐντῇ
1414 1163 1771 1234 δικαιοσύνῃ
1791 1179 1908 1219 σου
1922 1182 1934 1195 ·
1955 1165 2136 1220 ἕνεκα

540 1249 662 1303 τῶν
713 1252 945 1320 ἐχθρῶν
983 1272 1103 1322 μου
1158 1255 1529 1310 κατεύθυνον
1570 1256 1828 1311 ἐνώπιόν
1870 1275 1987 1312 σου
2019 1257 2135 1327 τὴν

542 1341 690 1395 ὀδόν
712 1360 854 1412 μου.
888 1344 1125 1416 Χριστὸς
1143 1345 1200 1398 δὲ
1227 1348 1260 1416 ὴ
1296 1345 1610 1417 δικαιοσύνη
1631 1364 1645 1376 ·
1685 1347 1853 1412 αὐτὸς
1879 1347 1987 1419 γὰρ
2015 1350 2134 1416 ἐγε-

541 1436 680 1506 νήθη
712 1436 875 1506 σοφία
906 1439 1038 1510 ἡμῖν
1090 1440 1200 1493 ἀπὸ
1239 1439 1398 1505 Θεοῦ,
1427 1439 1743 1512 δικαιοσύνη
1769 1458 1827 1494 τε
1854 1443 1950 1495 καὶ
1974 1442 2132 1511 ἁγια-

544 1527 681 1599 σμὸς
702 1531 796 1583 καὶ
821 1531 1220 1604 ἀπολύτρωσις.

613 1619 744 1675 Ὅτι
777 1625 887 1678 οὐκ
931 1624 1104 1678 ἔστιν
1138 1625 1210 1678 ἐν
1249 1625 1330 1691 τῷ
1358 1627 1610 1696 στόματι
1637 1626 1836 1682 αὐτῶν
1857 1626 2127 1695 ἀλήθεια,

539 1713 582 1782 ἡ
613 1713 827 1782 καρδία
882 1715 1086 1771 αὐτῶν
1122 1719 1365 1788 ματαία.
1397 1719 1615 1774 Ματαία
1655 1719 1712 1773 δὲ
1752 1721 1848 1774 καὶ
1886 1719 1995 1774 τῶν
2023 1720 2128 1786 ἔξω

539 1807 718 1874 σοφῶν
743 1809 775 1878 ὴ
811 1808 1010 1879 καρδία
1041 1812 1170 1882 περ)¹
1219 1805 1295 1865 ὧν
1331 1811 1544 1884 εἴρηται
1567 1830 1580 1843 °
1607 1813 1821 1882 Κύριος
1852 1813 2130 1882 γινώσκει
2160 1788 2202 1843 Β

536 1897 680 1963 τοὺς
717 1897 1151 1969 διαλογισμοὺς
1188 1902 1308 1957 τῶν
1347 1902 1576 1973 σοφῶν,
1602 1904 1691 1956 ὅτι
1712 1904 1833 1958 είσὶ
1849 1904 2087 1974 μάταιοι
2110 1923 2124 1936 ·

531 1984 611 2045 ὧν
641 1995 670 2045 ὁ
702 1991 909 2063 λάρυγξ
949 1993 1183 2047 ἀπέπνει
1227 1993 1399 2066 νεκρά
1437 1993 1705 2065 δόγματα,
1738 1994 1830 2047 τὸν
1866 1993 2129 2058 ζωοποιὸν

533 2082 629 2136 τοῦ
653 2084 788 2137 Θεοῦ
817 2084 974 2153 λόγον
1001 2084 1074 2156 μὴ
1101 2085 1481 2150 διδασκόντων,
1516 2085 1607 2139 τὸν
1640 2085 1697 2138 δὲ
1727 2085 1894 2157 ψευδῆ
1920 2086 2014 2139 καὶ
2037 2103 2130 2140 νε.-

533 2175 666 2246 κρόν
687 2189 701 2203 ⁸
727 2173 948 2242 Κρῒνον
999 2175 1242 2241 αὐτοὺς.
1273 2179 1305 2229 ό
1333 2178 1501 2241 Θεὸς,
1529 2175 1658 2239 τοὺς
1680 2174 2129 2240 ἐπιϐουλεύοντάς

536 2283 641 2337 μου
660 2270 779 2331 ταῖς
809 2267 935 2337 περὶ¹
965 2267 1066 2338 τῆς
1087 2267 1451 2340 κληρονομίας
1480 2267 1693 2321 ἐλπίσιν
1712 2285 1726 2298 ⁸
1762 2261 1908 2322 οὗτοι
1937 2268 2044 2341 γάρ
2068 2285 2127 2322 σε

532 2359 1059 2430 παραπικραινοῦσι.
1088 2359 1342 2428 Κρῖνον·
1401 2359 1496 2414 σοῦ
1520 2360 1630 2429 γὰρ
1661 2359 1856 2424 σώζειν
1905 2360 2131 2416 σπουδά-

532 2449 740 2515 ζοντος,
769 2452 1099 2523 πολεμοῦσιν
1141 2454 1606 2518 ἐπιϐουλεύοντες.
1654 2453 1912 2507 Βούλεται
1945 2453 2003 2508 δὲ
2031 2454 2128 2508 καὶ

532 2545 733 2609 αὐτοὺς
783 2545 1032 2602 ἐντεῦθεν
1094 2547 1195 2619 ἠδη
1255 2548 1568 2616 κριθέντας
1619 2547 1987 2620 ὠφεληθῆναι,
2029 2547 2125 2603 τοῦ

531 2636 772 2709 πλήθους
790 2636 900 2691 τῶν
934 2638 1304 2711 ἀσεϐημάτων
1326 2637 1432 2705 ἐξω
1459 2640 1879 2712 γεγενημένους.

603 2815 716 2869 Καὶ
737 2816 1252 2884 ὠφρανθήτωσαν
1282 2816 1507 2885 πάντες
1557 2821 1613 2872 οἱ
1645 2815 1992 2885 ἐλπίζοντες
2024 2818 2125 2872 ἐπὶ

528 2904 628 2969 σὲ,
662 2908 750 2972 εὶς
787 2905 974 2960 αἰῶνα
1005 2907 1483 2976 ἁγαλλιάσονται
1508 2907 1608 2963 καὶ
1633 2907 2128 2976 κατασκηνώσεις

527 2996 604 3049 ἐν
629 2995 852 3063 αὐτοῖς.
887 2995 1045 3050 Ἀλλά
1071 3000 1166 3051 καὶ
1192 2997 1286 3050 ἐπὶ
1306 2999 1406 3068 τῆς
1433 2997 1528 3051 τοῦ
1549 2998 1804 3070 Σωτῆρος
1832 2995 2123 3067 ἐπιδημίας

2237 524 2386 581 tant;
2414 515 2507 570 sed
2531 516 2694 570 etiam
2726 514 2816 567 illa
2847 511 3151 583 proferunt,
3187 510 3415 579 aliisque
3444 526 3506 564 ea
3543 511 3595 563 in
3627 525 3687 564 re
3717 508 3820 564 ad-

2237 609 2476 664 ministri
2529 615 2702 664 sunt:
2740 604 3048 675 cujusmodi
3100 611 3229 658 sunt
3277 603 3418 657 athei
3461 612 3514 657 et
3553 603 3816 657 hmretici.

2239 701 2345 757 Sed
2380 703 2500 773 plus
2527 715 2691 771 quam
2738 715 2834 755 eos
2863 713 3074 760 omnes,
3124 697 3293 751 virum
3340 697 3655 766 sanguinum
3687 696 3820 748 abo-

2236 795 2474 847 mimtur
2506 791 2780 856 Dominus,
2847 804 2910 844 ac
2937 789 3054 843 viro
3093 789 3221 846 item
3247 788 3437 844 doloso
3476 803 3572 857 par
3611 786 3823 858 suppli«

2236 889 2380 943 (-ium
2409 885 2667 942 destinat.
2688 883 3033 964 Abominatio
3066 890 3248 937 autem
3283 890 3579 937 extremam
3613 882 3817 937 abomi-

2236 980 2416 1034 nantis
2454 979 2509 1033 in
2537 978 2906 1033 abominatum
2937 976 3298 1044 aversionem,
3328 983 3513 1047 utpote
3540 975 3594 1030 in
3629 975 3820 1032 {mdis-

2235 1069 2376 1124 simo
2408 1069 2632 1130 scelere,
2669 1066 2958 1138 signiﬁcat.

2308 1160 2476 1216 Vens.
2550 1161 2606 1214 9.
2645 1160 2908 1225 Domine,
2962 1159 3130 1214 deduc
3159 1177 3238 1214 me
3292 1160 3348 1214 in
3403 1160 3612 1224 iustitia
3668 1169 3760 1214 tua
3796 1174 3816 1214 :

2231 1263 2441 1322 propter
2479 1254 2722 1307 inimicos
2753 1269 2892 1307 meos
2923 1251 3091 1323 dirige
3127 1252 3180 1306 in
3224 1260 3502 1323 conspectu
3547 1263 3636 1306 tuo
3677 1255 3817 1307 viam

2233 1365 2424 1402 meam.
2459 1347 2716 1402 Christus
2747 1361 2880 1401 sane
2905 1345 3118 1415 justitia
3145 1355 3264 1410 est;
3305 1345 3422 1415 ipse
3451 1361 3686 1419 namque
3717 1363 3818 1400 no-

2233 1441 2316 1495 bis
2345 1455 2374 1493 a
2395 1439 2506 1496 Deo
2536 1439 2715 1495 factus
2742 1448 2829 1494 est
2859 1439 3148 1510 sapientia,
3177 1439 3390 1509 justitia
3425 1439 3575 1504 item,
3608 1441 3817 1496 sancti-

2234 1530 2414 1585 ﬁcatio
2445 1539 2499 1586 et
2531 1531 2852 1601 redemptio.

2301 1623 2465 1678 Vens.
2529 1622 2620 1688 10,
2679 1623 2765 1679 11.
2832 1621 3094 1689 Quoniam
3157 1639 3262 1677 non
3318 1625 3476 1684 estin
3511 1640 3597 1678 ore
3633 1641 3816 1679 eorum

2231 1713 2442 1778 ueritas,
2462 1729 2553 1766 cor
2581 1728 2764 1766 eorum
2799 1728 2987 1766 vanum
3009 1723 3107 1770 est.
3128 1709 3341 1765 Vanum
3373 1726 3589 1782 quoque
3618 1718 3703 1766 est
3723 1726 3818 1765 cor

2230 1805 2566 1860 exoticorum
2596 1804 3069 1876 philosophorum,
3097 1804 3164 1859 de
3182 1804 3384 1875 quibus
3417 1805 3619 1860 dicitur
3653 1823 3668 1858 :
3707 1802 3819 1857 Do-

2230 1897 2403 1951 minus
2455 1897 2598 1953 novit
2649 1897 2994 1968 cogitationes
3026 1898 3344 1966 sapientum,
3392 1897 3641 1968 quoniam
3669 1913 3818 1951 vana:

2231 1998 2353 2043 sunt
2380 1989 2428 2021 "
2453 2007 2468 2043 :
2510 2004 2743 2060 quorum
2775 1997 2962 2060 guttur
2990 1988 3272 2044 mortifera
3292 1989 3512 2045 exhalat
3539 1987 3814 2058 dogmata,

2229 2093 2355 2134 cum
2402 2093 2514 2134 non
2553 2080 2828 2135 viviﬁcum
2859 2079 2956 2134 Dei
3006 2081 3232 2135 verbum
3265 2065 3493 2142 doceat,
3527 2080 3620 2135 sed
3662 2097 3817 2136 men-

2229 2171 2387 2227 dacia
2413 2179 2466 2227 et
2499 2180 2717 2229 mortua
2743 2171 2988 2242 proferat
3016 2172 3205 2228 verba.
3243 2171 3441 2226 Judica
3474 2172 3619 2234 illos,
3652 2171 3810 2235 Deus,

2229 2265 2324 2335 qui
2375 2281 2509 2321 mete
2537 2265 2606 2321 de
2645 2264 2832 2320 futura
2886 2265 3204 2322 haereditate
3266 2266 3381 2336 spei
3431 2265 3812 2320 insidiantur:

2229 2373 2358 2412 nam
2390 2359 2426 2413 ii
2458 2365 2510 2414 te
2536 2374 2748 2416 summe
2773 2358 3014 2413 irritant.
3041 2357 3265 2424 Judica,
3309 2367 3361 2414 te
3398 2374 3636 2428 namque
3667 2359 3816 2414 salu-

2230 2458 2337 2507 tem
2367 2460 2613 2509 nostram
2643 2461 2994 2524 procurante,
3023 2453 3344 2510 insidiosum
3368 2455 3442 2508 illi
3477 2453 3677 2508 bellum
3715 2471 3814 2523 pa-

2228 2555 2370 2599 rant.
2395 2543 2653 2615 Peroptat
2687 2545 2854 2600 etiam
2888 2544 3156 2600 Dominus
3193 2545 3340 2614 ipsos
3366 2545 3450 2599 vel
3470 2544 3582 2610 jam
3600 2544 3818 2613 judica-

2231 2646 2310 2691 tos
2341 2636 2468 2692 inde
2492 2637 2694 2707 juvari,
2716 2638 2763 2692 si
2788 2637 3007 2708 quidem
3038 2652 3068 2690 a
3095 2637 3444 2693 multitudine
3475 2637 3815 2707 impietatum

2228 2727 2548 2784 abscedant.

2299 2817 2468 2874 Vens.
2503 2819 2601 2874 12.
2629 2818 2698 2873 Et
2722 2819 2968 2874 laetentur
3000 2835 3180 2874 omnes
3210 2820 3300 2890 qui
3333 2829 3548 2890 sperant
3569 2817 3624 2874 in
3660 2831 3727 2882 te,
3759 2821 3815 2874 in

2227 2920 2479 2968 aeternum
2501 2911 2843 2966 exsultabant
2871 2919 2923 2966 et
2955 2910 3225 2965 habitabis
3258 2912 3315 2964 in
3337 2911 3433 2966 eis.
3459 2911 3519 2966 ln
3545 2911 3662 2982 ipso
3689 2911 3812 2965 Sal-

2225 3003 2432 3057 vatoris
2459 3002 2696 3056 adventu
2725 3001 2893 3056 laetati
2925 3009 3054 3056 sunt
3086 3001 3123 3055 ii
3173 3002 3268 3072 qui
3307 3002 3428 3071 ejus
3479 3003 3814 3057 incarnatio-

529 3087 924 3159 ηὐφράνθησαν
957 3088 1006 3142 οἱ
1031 3087 1130 3158 τὴν
1154 3089 1320 3143 αὑτοῦ
1348 3090 1828 3163 καραδοκήσαντες
1851 3091 2125 3164 ἐνανθρώ-

2228 3106 2349 3145 nem
2383 3091 2775 3160 exspectabant
2809 3111 2822 3146 :
2851 3106 2975 3161 quae
3003 3091 3224 3162 quidem
3279 3108 3408 3163 spes
3451 3091 3732 3163 prophetis
3758 3100 3815 3147 et

528 3199 698 3253 πησιν
719 3199 731 3210 ·
755 3182 877 3252 ἥτις
923 3184 1041 3246 τοῖς
1087 3185 1396 3256 προφήταις
1431 3186 1525 3238 καὶ
1555 3189 1667 3249 τοῖς
1691 3185 1872 3242 νοοῦσι
1895 3188 1966 3242 τά
1997 3187 2125 3242 τού-

527 3291 638 3326 των
664 3272 946 3342 ὴλπίζετο.
1005 3275 1352 3347 Ἐπεδήμησε
1380 3276 1490 3350 γὰρ
1521 3279 1550 3332 ὁ
1585 3278 1718 3343 Θεὸς
1769 3280 1943 3349 Λόγος
1987 3279 2124 3352 σὰρξ

526 3365 788 3434 γεγονὼς,
815 3366 1118 3439 προσλήψει
1161 3369 1384 3439 σαρκὸς,
1404 3369 1492 3423 ἵνα
1529 3369 1783 3442 σκηνώσῃ
1814 3373 1872 3424 ἐν
1895 3373 2008 3436 τοῖς
2035 3387 2126 3425 πε-

527 3459 880 3512 πιστευκόσιν
907 3457 1077 3530 αὐτῷ,
1107 3459 1252 3512 κατά
1271 3459 1352 3524 τὸ,
1391 3461 1446 3512 Ὁ
1482 3463 1675 3532 Λόγος
1700 3461 1857 3531 σὰρξ
1883 3463 2122 3533 ἐγένετο

524 3550 632 3605 καὶ
674 3550 1029 3617 ἐσκήνωσεν
1056 3552 1126 3605 ἐν
1144 3552 1292 3622 ἡμῖν
1321 3570 1335 3583 ·
1370 3554 1419 3607 οἶ
1443 3555 1538 3607 καὶ
1564 3556 1643 3618 είς
1669 3544 1843 3609 αἰῶνα
1863 3555 2124 3624 ἀγαλλιά-

528 3659 736 3709 σονται,
771 3644 1008 3715 ὁρῶντες
1034 3644 1129 3698 τοῦ
1157 3646 1532 3718 σαρκωθέντος
1558 3646 1730 3715 Λόγου
1771 3647 1884 3716 τὴν
1908 3647 2118 3714 δόξαν,

524 3736 612 3800 ὡς
654 3738 1040 3806 Μονογενοῦς
1097 3739 1261 3806 παρὰ
1316 3738 1570 3806 Πατρός,
1610 3741 1849 3812 πλήρης
1879 3740 2123 3810 χάριτος

524 3829 626 3881 καὶ
647 3829 934 3896 ἀληθείας
986 3827 1037 3881 οἴ
1065 3829 1160 3881 καί
1179 3845 1343 3898 φασιν
1369 3849 1381 3860 ·
1401 3833 1472 3884 El
1493 3830 1592 3885 καὶ
1609 3831 1956 3902 ἐγνώκαμεν
1969 3832 2120 3888 κατὰ

523 3918 735 3988 σάρκα
777 3921 1060 3989 Χριστὸν,
1117 3921 1280 3976 ἀλλὰ
1321 3922 1440 3976 νῦν
1470 3923 1674 3977 οὐκέτι.
1721 3924 2118 3996 γινώσκομεν,

524 4012 747 4082 ἔχοντες
771 4012 1006 4083 θεωρίαν
1036 4015 1134 4085 τῆς
1164 4012 1321 4086 δόξης
1335 4015 1524 4079 αὐτοῦ,
1558 4015 1678 4068 καθ’
1716 4017 1783 4088 ἣν
1809 4016 2122 4091 Μονογενὴς

523 4103 683 4174 παρά
717 4104 931 4176 Πατρός
959 4105 1130 4160 ἐστιν.
1615 4107 1619 4112 ’

598 4194 710 4248 Καὶ
741 4193 1154 4262 καυχήσονται
1177 4196 1248 4249 ἐν
1271 4198 1368 4251 σοὶ
1389 4200 1443 4251 οἱ
1465 4197 1815 4268 ἀγαπῶντες
1840 4199 1905 4254 τὸ
1933 4201 2121 4271 ὄνομά

520 4300 666 4347 σου,
689 4285 776 4338 ὅτι
791 4287 872 4338 σὺ
892 4285 1253 4355 εὐλογήσεις
1279 4288 1513 4344 δίκαιον
1535 4329 1546 4342 .
1582 4289 1764 4363 Οὔσης
1793 4291 1952 4361 λόγου
1973 4309 2114 4347 καυ-

503 4375 910 4446 χιὲσεωςνπερὶ
932 4371 1001 4448 ἦς
1024 4377 1053 4429 ὁ
1079 4376 1289 4441 Παῦλός
1316 4395 1480 4450 φησιν
1504 4395 1516 4408 ·
1547 4379 1770 4448 Μηδεὶς
1792 4379 2115 4449 καυχάσθω

2231 3182 2301 3237 iis
2331 3183 2422 3253 qui
2454 3183 2608 3252 paria
2667 3182 2977 3239 sentiebant
3035 3183 3232 3239 inerat.
3283 3183 3519 3238 Advenit
3576 3199 3814 3255 namque

2228 3272 2373 3329 Deus
2401 3271 2641 3328 Verbum
2663 3289 2788 3328 cum
2814 3289 2946 3330 caro
2975 3274 3177 3330 factum
3203 3283 3309 3342 est,
3332 3284 3612 3347 assumpta
3646 3291 3812 3333 carne

2225 3371 2285 3419 ut
2305 3381 2430 3420 cum
2459 3363 2711 3422 ﬁdelibus
2733 3367 2850 3422 suis
2875 3366 3168 3432 habitaret,
3182 3366 3355 3437 juxta.
3373 3366 3506 3422 illud
3532 3387 3545 3423 :
3585 3367 3813 3422 Verbum

2224 3475 2349 3511 caro
2375 3457 2575 3528 factum
2606 3467 2684 3513 est
2715 3468 2765 3512 et
2794 3457 3050 3513 habitavit
3097 3459 3331 3518 innobis
3368 3459 3433 3513 ⁸³.
3463 3460 3506 3514 li
3540 3467 3718 3514 autem
3755 3460 3811 3513 in

2222 3557 2487 3606 aeternum
2541 3551 2935 3615 exsultabunt,
2989 3550 3241 3606 videntes
3307 3551 3575 3604 incarnati
3644 3549 3810 3606 Verbi

2223 3641 2450 3713 gloriam
2490 3644 2646 3713 quasi
2686 3641 2951 3714 Unigeniti
2984 3660 3015 3696 a
3051 3642 3236 3708 Patre,
3291 3643 3502 3711 plenum
3544 3643 3732 3713 gratia:
3760 3651 3811 3697 et

2224 3737 2457 3790 veritatis
2489 3736 2556 3791 “.
2597 3735 2702 3804 Qui
2755 3734 2944 3791 dicunt
2990 3736 3202 3791 etiam:
3249 3734 3370 3788 Etsi
3419 3735 3810 3805 cognoverimus

2224 3822 2493 3880 Christum
2517 3823 2802 3879 secundum
2829 3840 3068 3887 carnem,
3103 3839 3220 3893 jam
3251 3839 3354 3876 non
3386 3822 3531 3874 ultra
3572 3821 3822 3876 novimus

2222 3935 2341 3974 eum
2370 3918 2441 3984 ⁸⁸,
2473 3918 2739 3974 habentes
2767 3917 3280 3987 contemplationem
3314 3915 3500 3986 gloriae
3537 3916 3679 3984 ejus,
3721 3929 3808 3969 se:

2222 4009 2461 4064 cundum
2488 4025 2650 4080 quam
2683 4017 2768 4064 est
2795 4007 3120 4081 Unigenitus
3144 4024 3174 4063 a
3202 4006 3384 4062 Patre.

2292 4183 2459 4240 Vens.
2500 4185 2586 4239 13.
2619 4183 2690 4239 Et
2737 4184 3110 4256 gloriabuntur
3155 4187 3210 4240 in
3250 4195 3296 4241 te
3329 4186 3419 4258 qui
3455 4187 3682 4257 diligunt
3715 4204 3803 4240 no-

2221 4293 2336 4330 men
2390 4285 2561 4340 tuum,
2592 4279 2842 4349 quoniam
2895 4286 2949 4331 tu
2993 4277 3260 4332 benedices
3291 4277 3463 4346 justo.
3495 4277 3631 4333 Cum
3693 4278 3797 4348 glo-

2219 4368 2465 4421 riationis
2496 4368 2722 4423 verbum
2761 4369 2868 4435 sit,
2916 4369 2984 4424 de
3025 4385 3134 4440 quo
3173 4370 3380 4424 Paulus
3419 4369 3495 4423 ait
3535 4388 3548 4424 :
3608 4367 3804 4423 Nullus

519 4462 598 4515 ἐν
631 4463 984 4552 ἀνθρώποις,
1027 4468 1122 4520 καὶ
1165 4469 1511 4542 ἀπροφήτης
1534 4488 1555 4499 ··
1595 4470 1691 4538 Μὴ
1730 4473 2054 4541 καυχάσθω
2080 4473 2112 4524 ὁ

2226 4457 2472 4527 glorietur
2501 4461 2554 4512 in
2576 4459 2875 4514 hominibus
2914 4459 2989 4526 ⁶⁶;
3019 4469 3072 4515 et
3101 4461 3364 4531 propheta
3389 4479 3402 4514 :
3446 4459 3528 4515 Ne
3550 4461 3804 4535 glorietur

521 4551 722 4620 σοφὸς
749 4552 818 4605 ἐν
850 4551 922 4621 τῇ
945 4555 1132 4623 σοφίᾳ
1160 4555 1367 4619 αὐτοῦ,
1401 4556 1496 4610 καὶ
1519 4556 1587 4610 τά
1613 4558 1739 4628 ea;
1759 4577 1772 4589 ο
1798 4559 1859 4612 οὐ
1887 4559 2111 4631 τοιαύτη

520 4645 784 4714 τυγχάνει
811 4647 845 4715 ἡ
869 4644 964 4699 τοῦ
993 4645 1244 4715 λέ-γοντος
1263 4665 1276 4676 ·
1317 4648 1479 4718 Ἐμοὶ
1498 4649 1568 4702 δὲ
1592 4651 1672 4720 μὴ
1704 4651 1940 4722 γένοιτο
1973 4670 2115 4708 καυ-

521 4735 749 4806 χᾶσθαι
789 4739 841 4790 εὶ
885 4737 974 4807 μὴ
1019 4739 1090 4792 ἐν
1121 4738 1202 4806 τῷ
1244 4740 1487 4809 σταυρῷ
1530 4742 1638 4796 τοῦ
1680 4745 1907 4812 Κυρίου
1944 4743 2116 4813 ἡμῶν

535 4827 745 4894 Ἰησοῦ
768 4829 1028 4897 Χριστοῦ
1047 4847 1060 4860 ·
1109 4832 1241 4895 ’χαὶ,
1285 4832 1339 4884 '0
1379 4832 1785 4904 καυχώμενος,
1816 4834 1886 4887 ἐν
1915 4835 2116 4904 Κυρίῳ

521 4918 870 4988 καυχάσθω.
905 4922 1148 4977 Τοιοῦτοι
1200 4924 1330 4994 περὶ
1379 4917 1455 4978 ὧν
1482 4925 1510 4978 ὁ
1539 4903 1719 4994 λὸξος,
1747 4903 2114 4997 ἠγαπηκότων

518 5013 692 5074 αὐτοῦ
735 5012 797 5066 τὸ
847 5013 1037 5084 ὄνομαο
1089 5015 1413 5087 Προαιρέσει
1452 5016 1582 5086 γὰρ,
1607 5017 1668 5070 οὐ
1692 5017 2114 5090 φὸδῳντετιμη·

519 5104 685 5168 κότες
742 5104 1072 5175 ἐκαυχῶντο.
1104 5105 1286 5162 Αἴτιον
1309 5107 1365 5160 δὲ
1398 5107 1507 5176 τῆς
1532 5107 1889 5177 καυχήσεως
1914 5109 1974 5163 τὸ
1999 5109 2111 5164 τῶν

516 5196 860 5266 ἐπουρανίων
908 5198 1197 5268 τυγχάνειν
1245 5199 1544 5269 εὐλογιῶν·
1591 5201 1719 5272 περὶ
1766 5183 1842 5255 ὧν
1882 5219 2046 5274 φησιν
2084 5205 2113 5256 ὁ

531 5290 857 5353 Ἀπόστολος
875 5306 888 5319 ·
907 5290 1254 5360 Εὐλογητὸς
1287 5295 1321 5345 ό
1348 5290 1493 5357 Θεὸς
1522 5295 1556 5346 ό
1584 5291 1931 5362 εὐλογήσας
1955 5291 2113 5362 ἡμᾶς

514 5380 593 5436 ἐν
617 5379 785 5449 πάσῃ
805 5381 1049 5451 εὐλογίᾳ
1075 5383 1450 5452 πνευματικῇ
1467 5385 1539 5437 ἐν
1565 5384 1689 5452 τοῖς
1707 5385 2106 5454 ἐπουρανίοις.

515 5473 636 5528 Καὶ
667 5471 819 5536 τέλος
862 5471 919 5525 δὲ
960 5473 1198 5541 ἀγαθῶν,
1220 5475 1322 5545 τῆς
1356 5474 1718 5549 ἐλπιζομένης
1743 5477 2110 5549 κληρονομίας

594 5649 828 5723 “mPsal.
868 5667 1033 5714 xcm,
1075 5653 1156 5707 ll.
1237 5654 1281 5684 ⁵³
1313 5651 1470 5711 Joan.
1509 5671 1561 5720 ι,
1599 5655 1686 5711 14,
1767 5657 1812 5689 οδ
1852 5657 1983 5714 ibid.
2063 5657 2108 5690 ει

2226 5657 2349 5714 Cor.
2389 5674 2418 5712 x
2447 5697 2461 5723 ,
2501 5657 2587 5713 16.
2667 5657 2710 5690 "
2751 5656 2930 5712 lCor.
2970 5674 3060 5720 ιιι,
3097 5659 3188 5714 21.

521 5721 600 5753 "‘
637 5721 816 5777 Galat.
853 5739 905 5776 vi
930 5765 944 5790 ,
985 5723 1072 5780 Μ.
1149 5725 1191 5756 ⁸⁸
1235 5725 1252 5779 l
1288 5725 1417 5780 Cor.
1457 5744 1510 5790 ι,
1545 5726 1633 5782 31.

2219 4551 2428 4618 sapiens
2465 4552 2519 4604 in
2571 4553 2836 4620 sapientia
2866 4569 2965 4606 sua
2997 4553 3076 4617 ⁵⁷,
3111 4563 3164 4607 et
3199 4553 3440 4623 reliqua;
3464 4569 3574 4614 non
3613 4555 3800 4622 hujusv

2221 4643 2366 4698 modi
2394 4658 2528 4698 sane
2549 4644 2724 4715 gloria
2768 4645 2890 4714 ejus
2936 4652 3040 4710 est,
3065 4644 3157 4715 qui
3197 4647 3277 4700 sic
3309 4646 3384 4699 ait
3421 4645 3596 4699 :Mihi
3629 4657 3803 4700 autem

2220 4733 2358 4788 absit
2407 4735 2664 4806 gloriari,
2706 4737 2810 4789 nisi
2852 4737 2907 4790 in
2967 4753 3118 4790 cruce
3171 4736 3384 4790 Domini
3440 4738 3609 4791 nostri
3672 4735 3802 4791 Jesu

2219 4824 2420 4881 Christi
2451 4828 2540 4896 ‘7';
2565 4835 2619 4882 et
2649 4847 2662 4882 :
2691 4828 2796 4894 Qui
2830 4830 3092 4900 gloriatur
3113 4831 3168 4883 in
3198 4830 3427 4884 Domino
3463 4829 3717 4900 glorietur
3735 4830 3799 4883 ⁸⁵⁸.

2220 4920 2381 4978 Tales
2410 4922 2447 4976 ii
2479 4931 2607 4978 sunt
2646 4922 2713 4978 de
2740 4924 2941 4994 quibus
2957 4923 3070 4994 jam
3107 4939 3288 4981 sermo
3322 4929 3426 4986 est,
3452 4922 3549 4992 qui
3593 4923 3799 4978 scilicet

2219 5014 2530 5069 dilexerunt
2566 5031 2787 5077 nomen,
2817 5016 2980 5085 ejus-
3020 5015 3251 5085 Proprio
3303 5015 3449 5070 enim
3501 5014 3798 5070 voluntatis
3867 5029 3869 5032 ‘

2216 5108 2452 5172 delectu,
2489 5125 2599 5164 non
2627 5117 2807 5163 autem
2842 5109 3060 5175 timore,
3099 5107 3266 5162 Deum
3320 5107 3562 5162 colentes
3599 5107 3797 5177 gloria-

2215 5199 2434 5254 bantur.
2471 5199 2643 5255 Porro
2672 5200 3006 5270 gloriationis
3029 5199 3346 5269 bujusmodi
3380 5213 3546 5253 causa
3574 5214 3604 5253 a
3631 5199 3791 5253 cmic-

2215 5295 2390 5350 stibus
2428 5294 2902 5350 benedictionibus
2937 5308 3074 5364 quas
3108 5293 3456 5348 consecuturi
3501 5301 3630 5346 sunt
3660 5292 3792 5361 peti-

2213 5395 2336 5453 tur;
2369 5387 2437 5441 de
2465 5387 2666 5458 quibus
2694 5386 2770 5440 ait
2796 5386 3092 5457 Apostolus
3123 5405 3137 5438 ι
3173 5383 3489 5440 Benedictus
3517 5384 3794 5445 Dominus,

2213 5480 2300 5551 qui
2325 5479 2594 5536 benedixit
2621 5499 2714 5536 nos
2755 5483 2812 5536 in
2857 5481 3001 5534 omni
3051 5479 3407 5536 benedictione
3431 5479 3701 5550 spirituali
3744 5480 3793 5532 in

3289 5657 3331 5690 ⁸⁷
3355 5655 3556 5713 Jerem.
3591 5670 3667 5718 rx.
3700 5651 3812 5714 ελ
