4064 6372
1059 387 1331 445 EUSEBll
1366 386 1851 445 CAESARIENSIS
1888 385 2040 444 OPP.
2060 386 2242 443 PARS
2279 385 2369 443 ill.
2407 417 2480 430 --
2515 384 2924 442 EXEGETICA.

3523 390 3631 447 19.0

359 501 652 559 calestibus
682 503 747 556 θ’.
807 500 958 556 Finis
1020 512 1199 557 autem
1247 503 1515 558 bonorum
1568 502 1622 556 in
1678 517 1743 557 ea
1780 517 1929 573 quan

2050 503 2080 554 ό
2108 502 2209 572 τῆς
2254 501 2601 571 δικαιοσύνης
2647 500 2929 569 στέφανος,
2969 493 3031 557 οὗ
3076 503 3357 569 τεύξονται
3398 507 3446 561 οί
3488 508 3631 564 κατά

357 608 644 663 speramus
694 593 1044 661 haereditate,
1081 600 1166 649 est
1211 609 1419 650 corona
1475 594 1729 663 iustitiae,
1776 609 1937 663 quam

357 693 758 741 consecuturus
783 692 867 740 est
899 684 1152 757 quisquis
1181 702 1303 741 cum
1333 686 1505 743 Paulo
1527 688 1711 743 dicere
1742 689 1888 743 valet
1924 708 1938 744 :

356 774 427 829 In
456 778 656 848 reliquo
688 777 919 846 reposita
950 786 1028 831 est
1062 778 1192 832 mihi
1221 794 1417 832 corona
1439 778 1668 849 justitia:
1694 779 1742 810 "
1782 795 1796 833 :
1833 792 1943 849 quo

355 882 555 937 genere
586 882 865 923 armorum
887 867 969 922 uti
991 866 1139 925 Deus
1167 870 1362 936 voluit,
1397 882 1456 926 ut
1494 887 1625 928 suos
1643 885 1675 926 a
1700 858 1944 941 quolibet

354 956 541 1014 hostili
578 958 927 1014 inimicorum
956 960 1181 1017 incursu
1210 961 1545 1019 defenderet.

841 1068 1172 1129 PSALMUS
1203 1071 1416 1128 DAVID
1446 1073 1533 1129 Vl.

645 1180 697 1236 1.
731 1180 800 1239 In
823 1182 983 1252 ﬁnem
1011 1184 1068 1240 in
1101 1185 1331 1257 hymnis,
1362 1203 1458 1257 pro
1486 1199 1691 1246 octava.

420 1317 627 1376 Octava
659 1328 745 1376 est
773 1321 1031 1379 salutaris
1057 1328 1482 1385 resurrectionis
1511 1328 1719 1388 Christi
1753 1329 1942 1388 Domi-

351 1410 474 1466 nica
503 1411 644 1479 dies,
677 1413 735 1468 in
764 1418 873 1485 qua
903 1423 1256 1486 peccatorum
1289 1421 1532 1476 omnium
1564 1423 1939 1495 purgationem

347 1517 473 1560 esse
503 1504 815 1576 credimus;
842 1508 899 1563 in
930 1525 1039 1580 qua
1061 1511 1363 1583 symbolice
1392 1515 1614 1585 quidem
1649 1519 1939 1574 circumci-

341 1591 619 1651 debantur
638 1611 829 1654 omnes
860 1596 1121 1665 infantes,
1156 1599 1257 1656 sed
1286 1616 1475 1657 revera
1509 1618 1606 1673 per
1643 1620 1937 1676 regenera-

345 1685 554 1744 tionem
606 1696 875 1761 purgatur
930 1690 1114 1745 anima
1171 1694 1430 1763 quaelibet
1483 1695 1539 1749 in
1587 1693 1695 1755 Deo
1731 1697 1935 1768 genita.

346 1778 536 1852 Usque
561 1781 695 1837 adeo
738 1790 922 1838 autem
973 1784 1327 1853 praestantior
1358 1794 1443 1841 est
1471 1786 1560 1843 die
1591 1788 1843 1858 septima,
1878 1794 1939 1843 ut

347 1871 404 1926 in
449 1888 513 1930 ca
561 1875 810 1933 solvatur
835 1876 918 1935 lex
958 1874 1209 1942 Sabbati,
1245 1877 1291 1933 si
1321 1891 1447 1933 cum
1488 1886 1681 1934 octava
1707 1877 1936 1936 infantis

344 1963 435 2021 die
461 1964 667 2022 incidat
697 1966 924 2024 Sabbati
956 1968 1075 2025 dies
1108 1988 1121 2024 :
1159 1969 1324 2026 homo
1353 1970 1554 2041 quippe
1589 1971 1676 2027 vel
1707 1974 1761 2026 In
1797 1969 1938 2027 Sab-

344 2058 473 2117 bato
509 2060 943 2117 circumciditur.

419 2146 584 2205 Vsus.
650 2149 772 2206 2-4.
834 2149 1075 2216 Domine,
1152 2167 1216 2205 ne
1271 2151 1328 2205 in
1363 2150 1543 2220 furore
1596 2162 1687 2208 tuo
1738 2169 1934 2225 arguat

341 2253 445 2304 me,
468 2255 628 2310 neque
648 2239 703 2294 in
732 2241 818 2294 ira
848 2248 939 2294 tua
961 2241 1221 2311 corripias
1253 2257 1355 2296 me.
1389 2240 1643 2297 Miserere
1667 2245 1788 2313 mei,
1818 2245 1932 2300 Do-

342 2333 502 2399 mine,
558 2335 811 2405 quoniam
847 2335 1092 2406 infirmus
1151 2351 1308 2404 sum;
1367 2351 1502 2391 sana
1558 2353 1659 2404 me,
1688 2337 1930 2407 Domine,

340 2426 591 2496 quoniam
619 2428 939 2483 conturbata
972 2435 1097 2483 sunt
1131 2443 1253 2483 oua
1299 2444 1438 2482 mea.
1468 2427 1606 2484 Nam
1648 2445 1810 2486 omne
1837 2431 1933 2490 de-

340 2519 531 2576 lictum
560 2537 626 2578 ex
660 2521 980 2577 inﬁmitate
1009 2521 1208 2587 oritur,
1246 2521 1376 2593 quia
1399 2524 1585 2577 anima
1628 2522 1696 2578 ad
1731 2540 1932 2596 pravos

342 2626 558 2683 semper
578 2611 805 2669 affectus
826 2613 1126 2669 inclinatur
1156 2630 1170 2667 :
1204 2622 1541 2684 quapropter
1576 2614 1643 2668 ad
1677 2613 1934 2671 Servato-

340 2716 455 2756 rem
478 2709 533 2758 et
555 2702 849 2772 medicum,
884 2703 977 2759 Dei
1009 2704 1219 2761 scilicet
1251 2701 1476 2771 Filium,
1506 2705 1771 2777 confugit.
1796 2705 1930 2762 Nam

338 2807 466 2847 cum
509 2794 564 2847 in
599 2796 840 2849 animam
887 2795 1269 2851 rationabilem
1319 2798 1557 2861 advenit,
1590 2806 1776 2868 utpote
1809 2815 1927 2855 ver-

337 2883 467 2939 bum
518 2892 574 2940 et
604 2886 746 2941 ratio
775 2886 893 2952 Dei,
942 2887 1064 2957 ejus
1095 2888 1502 2945 irrationabiles
1532 2899 1717 2946 motus
1752 2892 1932 2946 elimio

336 2983 474 3043 nat;
508 2985 566 3031 ut
595 2977 886 3048 sapientia,
922 2978 991 3033 ab
1022 2980 1343 3051 insipientia
1379 2981 1552 3051 ipsam
1600 2981 1813 3046 liberat,
1872 2991 1930 3038 ut

337 3067 550 3138 iustitia
578 3069 648 3123 ab
680 3068 977 3139 injustitia,
1031 3077 1091 3124 ut
1131 3072 1333 3126 veritas
1376 3086 1403 3125 a
1452 3071 1760 3127 mendacio.
1818 3072 1930 3129 Ro-

335 3162 527 3220 bustas
573 3177 740 3235 porro
769 3162 937 3218 animi
986 3163 1132 3219 vires
1162 3165 1498 3229 subindicat,
1544 3180 1666 3219 cum
1695 3166 1771 3219 ait
1795 3181 1928 3222 con-

2050 594 2263 649 Παῦλον
2294 594 2473 663 λέγειν
2508 595 2824 666 δυνάμενοι·
2859 594 3085 650 Λοιπὸν
3114 598 3424 653 ἀπόκειται
3452 618 3553 670 μοι
3595 604 3632 658 ὀ

2044 684 2155 754 τῆς
2175 686 2566 756 δικαιοσύνης
2584 686 2884 758 στέφανος
2901 704 2915 720 ·
2945 682 3099 762 ᾧπερ
3123 690 3418 762 ηὐδόκησεν
3446 695 3475 746 ὁ
3495 693 3630 762 Θεὸς

2043 777 2199 846 ὅπλῳ
2228 776 2535 848 χρήσασθαι
2570 778 2883 850 φυλακτικῷ
2912 778 3093 850 πάσης
3137 779 3326 850 ἐφόδου
3356 781 3630 855 πολεμίων

2052 864 2319 938 ἐπιούσης
2344 866 2487 921 κατά
2511 867 2620 921 τῶν
2642 868 2857 922 οἰκείων
2883 867 3071 922 αὐτοῦ.

2433 1070 2730 1124 mmo:
2774 1070 2862 1123 To
2908 1070 3108 1126 ΔΑγιΔ
3143 1073 3235 1139 ς’.

2149 1185 2259 1249 Εἰς
2292 1182 2360 1237 τὸ
2392 1180 2568 1251 τέλος
2595 1183 2666 1236 ἐν
2709 1182 2922 1253 ὕμνοις
2952 1183 3105 1254 ὑπὲρ
3128 1184 3243 1256 τῆς
3280 1186 3515 1257 ὀγδόης.

2126 1314 2315 1388 Ὀγδόη
2336 1318 2370 1387 ἡ
2387 1316 2756 1388 ἀναπάσιμος
2770 1316 2865 1370 τοῦ
2893 1317 3145 1390 Σωτῆρος
3169 1320 3352 1394 ἡμέρα
3386 1323 3625 1397 κυριακὴ

2046 1410 2195 1482 σωτή
2204 1422 2344 1481 ριος,
2368 1412 2425 1464 ὲν
2448 1404 2483 1485 ᾖ
2505 1411 2723 1465 πάντων
2746 1414 3159 1486 ἁμαρτημάτων
3174 1414 3467 1486 καθάρσιον
3489 1412 3626 1471 εἶναι

2041 1503 2373 1576 πιστεύομεν
2391 1521 2405 1535 ο
2434 1507 2492 1560 ὲν
2577 1506 2920 1579 συμϐολικῶς
2946 1507 3045 1578 μὲν
3066 1507 3211 1561 ἆπαν
3241 1510 3627 1581 περιετέμνετο

2042 1594 2265 1668 βρέφος,
2299 1595 2442 1650 κατά
2470 1596 2527 1649 δὲ
2553 1596 2615 1650 τὸ
2638 1597 2837 1669 ἀληθὲς
2879 1599 3202 1671 καθαίρεται
3233 1600 3299 1655 δι’
3333 1602 3626 1673 ἀναγεννή-

2041 1706 2181 1753 σεως
2212 1690 2364 1744 πᾶσα
2413 1689 2474 1744 ὲν
2527 1688 2649 1761 Θεῷ
2682 1690 2830 1762 ψυχὴ
2881 1692 3217 1763 γεννωμένη.
3261 1692 3526 1746 Τοσοῦτον
3568 1692 3625 1747 δὲ

2042 1782 2293 1850 κρεῖττον
2346 1779 2485 1851 αὑτὴ
2518 1780 2618 1850 τῆς
2641 1780 2895 1853 ἑϐδόμης,
2917 1782 2993 1845 ὡς
3014 1783 3073 1835 ὲν
3098 1782 3234 1854 αὐτῇ
3284 1781 3503 1836 λύεσθαι
3526 1781 3626 1853 τὴν

2040 1870 2170 1943 περὶ
2218 1869 2314 1924 τοῦ
2377 1870 2647 1926 σαϐϐάτου
2700 1870 3042 1942 νομοθεσίαν,
3088 1873 3137 1925 εί
3170 1870 3469 1925 καταλάϐοι
3502 1873 3625 1925 κατ’

1964 1933 2009 1991 Β
2039 1933 2208 2035 αὐτὴν
2234 1962 2377 2035 ήτοῦ
2404 1962 2637 2034 βρέφους
2659 1933 2819 2035 ὀγδόη
2836 1979 2849 1992 ·
2881 1933 3266 2036 περιτέμνεται
3286 1962 3395 2035 γὰρ
3416 1962 3625 2035 ἀνθρω-

2038 2071 2137 2119 πος
2162 2056 2220 2109 ὲν
2251 2054 2524 2126 σαϐϐάτῳ.

2108 2149 2306 2215 Κύριε,
2345 2149 2433 2218 μὴ
2483 2147 2567 2213 τῷ
2594 2146 2761 2217 θυμῷ
2806 2163 2923 2202 σου
2945 2147 3203 2218 ἐλέγξῃς
3235 2164 3333 2217 με,
3357 2145 3513 2216 μηδὲ
3546 2142 3624 2215 τῇ

2036 2240 2185 2312 ὀργῆ
2215 2256 2333 2296 σου
2355 2241 2689 2309 παιδεύσῃς
2703 2257 2801 2310 με.
2856 2239 3150 2308 Ἐλέησόν
3172 2256 3271 2309 με,
3303 2240 3499 2307 Κύριε,
3531 2236 3623 2291 ὅτι

2035 2333 2304 2401 ἀσθενής
2349 2336 2500 2404 εἰμι’
2536 2334 2707 2387 ιασαί
2743 2350 2841 2403 με,
2868 2333 3068 2401 Κύριε,
3102 2331 3193 2385 ὅτι
3218 2330 3515 2411 ἐταράχθη
3548 2329 3623 2385 τὰ

2036 2423 2188 2481 ὀστᾶ
2202 2442 2343 2495 μου.
2389 2424 2477 2491 Ἐξ
2510 2424 2793 2489 ἀσθενείας
2826 2422 2937 2495 γάρ
2966 2422 3111 2477 ἅπαν
3137 2424 3443 2495 ἁμάρτημα
3469 2422 3621 2490 γίνε-

2033 2534 2146 2583 ται,
2186 2518 2326 2589 πρὸς
2370 2516 2432 2571 τὸ
2460 2517 2633 2582 πάθος
2662 2517 2751 2571 ἀεὶ
2800 2517 2900 2588 τῆς
2931 2517 3109 2587 ψυχῆς
3153 2514 3493 2586 ἐνδιδούσης·
3540 2513 3621 2567 διὸ

2033 2609 2371 2681 καταφεύγει
2396 2610 2534 2681 πρὸς
2576 2610 2668 2664 τὸν
2702 2609 2933 2681 Σωτῆρα
2988 2609 3081 2663 καὶ¹
3108 2608 3312 2680 ἰατρὸν,
3354 2606 3447 2660 τὸν
3492 2605 3619 2659 Υίὺν

2032 2703 2126 2757 τοῦ
2157 2703 2315 2758 Θεοῦ.
2356 2703 2746 2774 Ἐγγενόμενος
2767 2701 2878 2774 γὰρ
2902 2700 3048 2773 ψυχῇ
3084 2704 3150 2772 τῇ
3174 2700 3388 2771 λογικῇ,
3415 2699 3491 2763 ὡς
3520 2697 3619 2770 μὲν

2030 2796 2185 2865 λόγος
2210 2795 2346 2850 Θεοῦ
2381 2794 2480 2868 τὴν
2508 2795 2734 2865 ἀλογίαν
2760 2794 2929 2866 αὐτῆς
2949 2796 3295 2865 ἀφαιρεῖται·
3332 2791 3408 2855 ὡς
3441 2790 3497 2843 δὲ
3530 2807 3617 2843 σο-

2032 2890 2131 2961 φία
2155 2890 2257 2961 τῆς
2284 2888 2595 2962 ἀφροσύνης
2617 2888 2788 2960 αὐτὴν
2814 2886 3166 2950 ἀπαλλάττει,
3194 2885 3290 2939 καὶ
3317 2884 3393 2948 ὡς
3419 2883 3618 2936 δικαιο-

2033 2981 2167 3053 σύνη
2198 2982 2297 3053 τῆς
2324 2981 2558 3046 ἀδικίας,
2581 2981 2677 3035 καὶ
2717 2979 2794 3044 ὡς
2836 2979 3062 3051 ἀλήθεια
3087 2977 3181 3032 τοῦ
3213 2977 3442 3047 ψεύδους
3469 2979 3618 3032 ὲλευ-

2032 3077 2199 3152 θεροῖ.
2230 3078 2341 3143 Τὰς
2375 3079 2632 3143 νεανικὰς
2667 3078 2723 3131 δὲ
2766 3078 2867 3147 τῆς
2904 3077 3082 3149 ψυχῆς
3130 3077 3418 3147 ὑποφαίνει
3461 3078 3617 3132 δυνά-

2034 3188 2177 3243 μεις,
2198 3169 2530 3243 τεταράχθαι
2554 3170 2732 3240 φήσας
2765 3168 2929 3223 αὑτοῦ
2956 3168 3026 3221 τά
3049 3169 3203 3232 ὀστᾶ,
3233 3169 3300 3221 δι’
3324 3162 3398 3222 ὧν
3428 3168 3616 3223 εἴωθεν

335 3255 554 3310 turbata
595 3270 718 3310 esse
770 3269 897 3310 ossa
950 3270 1086 3319 sua,
1138 3256 1340 3326 quibus
1385 3258 1618 3312 viriliter
1672 3256 1928 3312 violentis

2032 3260 2362 3316 ἀντιϐαίνειν
2390 3264 2502 3325 τοῖς
2531 3261 2761 3315 πάθεσιν
2806 3259 3076 3330 ἀνδρικῶς
3102 3275 3116 3290 ο
3152 3259 3182 3312 ὃ
3212 3259 3277 3330 δὴ
3303 3259 3616 3330 σαφηνίζων

336 3348 502 3402 animi
526 3347 767 3402 motibus
794 3347 1066 3403 obsistere
1111 3348 1360 3416 solebat;
1390 3348 1535 3419 quod
1588 3349 1641 3403 in
1695 3364 1931 3421 sequen-

334 3440 482 3496 tibus
511 3440 755 3493 declarat
810 3439 898 3495 his
924 3440 1106 3495 verbis
1141 3459 1155 3495 :
1207 3438 1279 3493 Et
1319 3442 1499 3497 anima
1559 3458 1673 3495 mea
1717 3442 1930 3496 turbata

333 3546 411 3589 est
441 3534 613 3590 valde.
651 3533 861 3590 Medela
895 3542 1077 3589 autem
1118 3551 1219 3605 pro
1245 3535 1563 3593 infirmitate
1596 3539 1814 3605 animae,
1848 3553 1930 3596 est

335 3641 365 3680 a
399 3624 509 3681 Deo
539 3627 739 3682 collata
784 3627 995 3691 virtus,
1026 3641 1194 3697 quam
1246 3630 1502 3699 quisquis
1552 3630 1765 3687 obtinet
1793 3632 1868 3686 ait
1911 3652 1925 3688 :

335 3718 541 3790 Omnia:
563 3735 778 3789 possum
817 3721 873 3774 in
902 3719 1115 3776 Christo
1145 3722 1234 3792 qui
1272 3738 1353 3776 me
1383 3722 1651 3792 confortat
1671 3725 1739 3778 τι.
1769 3724 1926 3793 Quod

333 3818 514 3866 autem
540 3826 649 3866 non
676 3811 743 3867 de
771 3812 1127 3869 sensibilibus
1176 3814 1399 3869 ossibus
1438 3814 1715 3885 loquatur,
1745 3817 1925 3888 palam

333 3902 463 3956 facit
489 3903 621 3958 illud
653 3922 666 3959 :
699 3902 893 3959 Omnia
943 3922 1066 3959 ossa
1118 3923 1234 3960 mea
1274 3906 1450 3961 dicent
1481 3924 1499 3961 :
1531 3906 1775 3975 Domine,
1809 3894 1926 3980 quis

330 3993 524 4047 similis
554 3994 652 4047 tibi
679 3994 765 4047 7'?
793 4000 847 4049 et
877 3994 1010 4049 illud
1053 4012 1273 4067 quoque
1298 4016 1311 4051 :
1338 3996 1614 4066 Dissipata
1646 4008 1770 4052 sunt
1803 4016 1927 4053 ossa

331 4093 516 4137 nostra
554 4100 702 4138 secus
733 4085 1000 4154 infernum
1022 4088 1089 4138 ⁷³.

403 4174 472 4228 Ει
513 4185 590 4239 ιιι,
658 4175 903 4244 Domine,
940 4182 1250 4249 usquequo?
1282 4179 1607 4235 Diuturnum
1655 4180 1927 4252 ptcniten-

332 4266 420 4320 tite
462 4281 575 4321 sua:
612 4273 828 4337 tempus
854 4269 1128 4324 enuntiat.
1179 4268 1391 4325 Etenim
1433 4272 1650 4340 sapiens
1686 4271 1776 4326 ille
1804 4272 1927 4325 ani-

329 4373 544 4411 marum
587 4359 856 4424 medicus,
914 4376 1023 4414 non
1076 4363 1282 4424 statim,
1334 4378 1511 4434 neque
1571 4362 1639 4417 ad
1691 4363 1922 4434 primam

328 4450 768 4521 cﬂlagitationem
802 4452 1204 4523 supplicantem
1233 4456 1472 4521 exaudit,
1496 4462 1555 4509 ut
1584 4456 1637 4509 in
1662 4456 1756 4510 illo
1782 4455 1923 4526 arqui

328 4544 569 4613 bonique
613 4542 809 4598 all‘ectu
855 4545 1066 4601 diutius
1097 4555 1437 4616 permaneat,
1470 4563 1534 4601 ac
1564 4548 1775 4605 firmam
1807 4561 1922 4603 Sla-

2033 3354 2281 3426 ὲπήγαγε
2301 3370 2313 3384 ⁸
2349 3353 2460 3408 Καὶ
2484 3354 2524 3422 ἠ
2560 3352 2731 3421 ψυχή
2764 3370 2885 3422 μου
2906 3351 3201 3420 ἐταράχθη
3219 3351 3474 3421 σφόδρα.
3505 3353 3615 3404 Ἴα-

2034 3466 2120 3511 σις
2150 3448 2207 3502 δὲ
2234 3447 2517 3510 ἀσθενείας
2541 3447 2773 3518 ψυχῆςὴ
2809 3448 2875 3501 ἐκ
2908 3446 3045 3499 Θεοῦ
3082 3446 3340 3516 δύναμιςο
3372 3442 3440 3518 ἧς
3469 3447 3499 3499 ὁ
3522 3462 3615 3499 τυ-

2032 3539 2142 3611 χών
2167 3556 2331 3611 φησι*
2369 3538 2573 3593 Πάντα
2616 3539 2807 3609 ἰσχύω
2837 3537 2909 3591 ἐν
2935 3537 3015 3603 τῷ
3049 3536 3490 3607 ἐνδυναμοῦντί
3538 3552 3616 3605 με

2030 3630 2280 3702 Χριστῷ.
2317 3632 2437 3686 Ὅτι
2473 3631 2530 3684 δὲ
2558 3632 2632 3703 μὴ
2670 3630 2890 3694 πάντως
2914 3629 3149 3701 αἰσθητά
3184 3628 3254 3681 τά
3286 3630 3441 3693 ὀστᾶ,
3467 3628 3615 3699 δηλοῖ

2029 3727 2114 3792 τὸ,
2141 3724 2347 3779 Πάντα
2361 3724 2433 3778 τὰ
2449 3722 2602 3779 ὀστᾶ
2621 3740 2740 3793 μου
2770 3723 3045 3792 ἐροῦσιν-
3080 3724 3277 3791 Κύριε,
3305 3722 3397 3788 τίς
3415 3721 3615 3792 ὅμοιός

2027 3832 2165 3882 σοι;
2224 3818 2336 3872 Καὶ
2369 3815 2451 3882 τὸ,
2481 3816 2921 3886 Διεσκορπισθη
2943 3814 3019 3870 τὰ
3042 3813 3196 3871 ὀστᾶ
3232 3814 3404 3886 ἡμῶν
3455 3812 3615 3884 παρὰ

2026 3910 2135 3964 τὸν
2162 3909 2336 3977 ᾅδην.

2098 4179 2208 4233 Καὶ
2262 4177 2366 4239 σὺ,
2415 4181 2592 4245 Κύριε
2618 4216 2633 4240 ,
2696 4176 2813 4240 ἕως,
2874 4175 3051 4239 πότε;
3113 4175 3224 4245 Τὴν
3274 4174 3367 4227 ἐπὶ
3416 4170 3613 4244 μακρῷ

2025 4269 2204 4341 χρόνῳ
2242 4271 2550 4343 παράτασιν
2603 4270 2703 4340 τῆς
2750 4267 2945 4322 ἑαυτοῦ
3005 4267 3293 4339 μετανοίας
3333 4263 3609 4336 ἐμφαίνει.

2038 4364 2095 4417 Ὁ
2122 4365 2230 4433 γάρ
2254 4379 2338 4416 τοι
2383 4362 2547 4432 σοφὸς
2578 4361 2688 4415 τῶν
2731 4360 2919 4432 ψυχῶν
2961 4361 3144 4433 ἰατρὸς
3176 4360 3237 4412 οὐ
3272 4359 3612 4430 παραχρῆμα

2022 4456 2166 4511 κατά
2190 4454 2289 4527 τὴν
2319 4454 2542 4527 πρώτην
2566 4454 2900 4525 ἐπιστροφὴν
2929 4453 3189 4506 ἐπακούει
3208 4453 3303 4504 τοῦ
3332 4451 3607 4521 δεομένου,

2023 4548 2099 4613 ὡς
2122 4549 2179 4601 ὲν
2209 4546 2325 4612 ἕξει
2354 4548 2660 4620 παραμόνῳ
2705 4547 2931 4618 γένηται
2961 4544 3221 4613 τάγαθοῦ,
3253 4545 3475 4615 βεϐαίαν
3501 4544 3611 4597 δεί-

330 4634 605 4704 bilemque
621 4633 874 4689 exhibeat
903 4636 1313 4707 paenitentiam;
1345 4639 1440 4693 sed
1459 4649 1582 4709 post
1608 4654 1918 4710 congruen-

2029 4641 2118 4709 Ξας
2148 4642 2435 4712 μετάνοιαν
2461 4656 2475 4671 ’
2535 4642 2630 4693 καὶ
2661 4641 2799 4711 μετά
2838 4638 2935 4708 τὴν
2979 4638 3169 4709 ἱκανὴν
3193 4639 3491 4710 καρτερίαν
3513 4637 3611 4708 τὴν

326 4737 436 4783 tem
490 4729 543 4783 in
593 4729 903 4786 confitendo
953 4735 1415 4801 perseverantiam
1472 4754 1485 4788 :
1557 4733 1660 4799 Mc,
1718 4736 1914 4807 inquit,

327 4820 588 4883 exorasti,
615 4828 845 4889 tempore
869 4832 1079 4893 accepto
1106 4824 1354 4878 exaudivi
1384 4834 1431 4879 te
1454 4825 1523 4880 ⁷⁸.
1554 4824 1692 4880 Nam
1721 4827 1788 4883 iis
1821 4827 1917 4898 qui

325 4926 434 4964 non
463 4910 516 4965 in
542 4919 768 4981 peccato
800 4913 979 4983 ipsum
1013 4914 1273 4969 invocant
1302 4916 1449 4971 dicet
1482 4936 1494 4970 :
1537 4916 1731 4972 Adhuc
1759 4926 1812 4973 te
1842 4919 1917 4971 lo-

325 5010 548 5069 quente,
582 5001 717 5057 Ecce
745 5002 934 5059 adsum
957 5004 1025 5059 ⁷⁵.

396 5092 567 5150 Vsus.
615 5096 732 5154 5-9.
775 5097 1043 5165 Quoniam
1093 5116 1197 5154 non
1261 5109 1340 5156 est
1381 5102 1439 5155 in
1480 5111 1648 5157 morte
1681 5104 1772 5174 qui
1806 5120 1916 5158 me—

326 5205 443 5242 mor
468 5190 537 5244 sit
578 5192 693 5255 tui;
722 5191 776 5246 in
801 5191 1009 5262 inferno
1050 5202 1226 5249 autem
1260 5196 1379 5265 quis
1410 5196 1747 5264 conﬁtebitur
1778 5197 1915 5254 tibi?

327 5279 587 5337 Laboravi
629 5284 681 5337 in
714 5287 911 5355 gemitu
945 5304 1081 5353 meo,
1121 5287 1306 5341 lavabo
1339 5304 1430 5357 per
1464 5288 1705 5359 singulas
1736 5298 1912 5343 noctes

325 5373 511 5427 lectum
558 5392 731 5429 meum
750 5418 766 5443 ,
809 5379 1060 5450 lacrymis
1088 5382 1216 5434 meis
1240 5390 1469 5434 stratum
1510 5396 1681 5434 meum
1708 5380 1909 5451 rigabo.

324 5462 555 5535 Sapiens
583 5482 708 5521 cum
739 5478 885 5526 esset
915 5470 1105 5537 David,
1160 5488 1271 5526 non
1303 5472 1595 5543 ignorabat
1626 5474 1913 5542 praesentis

317 5560 447 5613 vita:
475 5565 709 5631 tempus,
745 5563 965 5619 medelm
989 5580 1113 5621 esse
1134 5573 1543 5635 Opportunum;
1575 5581 1685 5635 quo
1725 5566 1913 5635 elapso
1974 5615 1983 5633 ,

319 5665 483 5706 nemo
546 5663 694 5708 περιρ
723 5668 883 5725 agere
935 5657 1104 5711 valet.
1163 5656 1420 5728 Nihilque
1471 5672 1584 5712 non
1604 5658 1712 5724 agit
1736 5663 1793 5710 ut
1818 5672 1902 5713 sa-

397 5762 441 5797 θ’
479 5761 678 5840 Ephes.
715 5766 854 5840 i_,_3_.
931 5768 979 5799 "°
1018 5766 1060 5820 ll
1094 5767 1239 5825 Tim.
1274 5785 1349 5836 tv,
1384 5769 1436 5826 8.
1518 5770 1561 5801 '”
1602 5767 1840 5840 Philipp.
1875 5784 1962 5836 Iv,
2001 5766 2105 5823 i5.

324 5832 454 5889 Cor.
487 5832 542 5891 vi
561 5875 577 5902 ,
606 5834 661 5892 2.
738 5837 785 5869 ’⁸
826 5836 931 5894 Isa.
962 5854 1130 5902 Lvtu,
1163 5840 1217 5894 9.

2023 4735 2081 4786 ὲν
2126 4732 2543 4805 ἐξομολογήσει·
2597 4732 2765 4801 φησιν
2823 4732 3140 4794 ὲνέπεισαςο
3189 4730 3373 4796 καιρῷ
3424 4728 3611 4794 δεκτῷ

2021 4822 2339 4891 ἐπήκουσά
2385 4837 2525 4878 σου.
2586 4823 2712 4886 Τοῖς
2756 4821 2867 4893 γὰρ
2920 4822 2995 4892 μὴ
3029 4820 3089 4885 ἐξ
3131 4821 3403 4892 ἁμαρτίας
3448 4821 3611 4874 αὐτὸν

2022 4912 2475 4985 ἐπικαλουμένοις
2547 4914 2691 4984 ἐρείο
2762 4914 2883 4966 Ἔτι
2947 4912 3234 4975 λαλοῦντός
3287 4929 3424 4977 σου,
3463 4908 3609 4965 Ἰδοὺ

2019 5007 2281 5075 πάρειμι.

2096 5099 2219 5151 Ὅτι
2255 5098 2367 5151 οὐκ
2419 5096 2592 5151 ἐστιν
2645 5097 2716 5150 ἐν
2753 5096 2834 5162 τῷ
2866 5095 3101 5163 θανάτῳ
3145 5099 3179 5150 ὀ
3215 5096 3611 5165 μνημονεύων

2021 5206 2159 5252 σου,
2185 5191 2255 5244 ἐν
2280 5189 2348 5243 δὲ
2374 5191 2455 5256 τῷ
2478 5190 2593 5259 ᾅδῃ
2628 5190 2720 5256 τίς
2743 5189 3253 5259 ἐξομολογήσεταί
3287 5205 3416 5251 σοι;
3453 5191 3608 5241 Ἑκο-

2021 5284 2215 5336 πίιισα
2266 5284 2336 5337 ἐν
2384 5283 2699 5354 στεναγμῷ
2752 5301 2892 5353 μου,
2926 5284 3131 5336 λούσω
3171 5282 3299 5336 καθ’
3340 5281 3607 5347 ἑκάστην

2021 5376 2213 5428 νύκτα
2237 5373 2353 5443 τὴν
2379 5376 2601 5442 κλίνην
2623 5393 2766 5443 μου,
2798 5373 3135 5443 ἐνδάκρυσί
3152 5391 3272 5443 μου
3292 5372 3407 5439 τὴν
3423 5388 3607 5441 στρω-

2013 5467 2180 5538 μνήν
2204 5486 2325 5538 μου
2352 5469 2570 5535 βρέξω.
2608 5468 2779 5537 Σοφὺς
2810 5466 2884 5521 ὢν
2908 5468 2936 5519 ὁ
2964 5465 3126 5519 Δαυῖδ
3164 5467 3265 5519 οὐκ
3293 5466 3478 5535 ἠγνόει
3510 5463 3603 5533 τὴν

2020 5558 2303 5630 παροῦσαν
2332 5558 2478 5629 ζωὴν
2519 5558 2815 5631 θεραπείας
2854 5555 2992 5612 εἶναι
3028 5558 3242 5629 καιρὸν,
3277 5556 3393 5628 μεθ’
3428 5556 3485 5608 ὃν
3516 5555 3578 5607 οὐ

2007 5652 2119 5714 δεὶς
2150 5650 2406 5722 κατορθοῖ
2425 5668 2437 5680 ·
2470 5651 2564 5704 καὶ
2587 5651 2767 5705 πάντα
2794 5651 3024 5718 πράττει
3047 5650 3449 5721 θεραπευθῆναι
3484 5649 3600 5716 βου⁴¹

2191 5767 2237 5799 ⁷³
2275 5765 2424 5821 Psal.
2467 5780 2668 5832 xxxiv,
2706 5764 2791 5821 10.
2872 5764 2917 5797 "
2957 5763 3102 5821 Psal.
3136 5778 3274 5830 cu,
3313 5761 3365 5818 7.
3477 5763 3523 5792 ⁷³
3561 5759 3601 5814 ll
