4064 6372
399 401 496 455 121

1537 387 2045 448 COMMENTARIA
2084 387 2150 443 IN
2189 387 2530 445 PSALMOS.

3564 385 3672 442 122

397 521 646 590 λόει-(Μῦς,
703 515 834 587 πρὶν
883 511 989 566 ὑπὸ
1039 511 1133 566 τοῦ
1193 516 1374 570 κοινοῦ
1417 509 1846 580 καταληφθῆναι.
1893 507 1976 560 Διά

2091 503 2317 560 nitatem
2365 505 2642 568 obtineat,
2687 505 3008 573 priusquam
3087 515 3118 554 a
3172 493 3452 554 communl
3485 491 3674 554 debito

397 630 564 684 φησιν
587 631 600 642 ·
671 609 818 662 Ἀντί
867 609 995 680 μιᾶς
1025 607 1217 669 νυκτὸς
1254 605 1376 659 καθ’
1410 604 1478 676 ἢν
1507 605 1772 678 ἥμαρτον,
1804 601 1986 664 πάσας

396 703 830 776 ὲξομολογοῦμαι
892 701 994 765 τὰς
1039 703 1264 764 νύκτας,
1291 697 1599 752 ἀποπλῦναι
1646 693 1986 767 πειρώμενος

397 799 658 870 ἐμαυτὸν.
682 798 777 852 καὶ
804 795 904 868 τὴν
933 796 1018 864 ἐφ’
1041 795 1107 866 ἥν
1133 795 1379 864 ἥμαρτον
1411 791 1600 862 κλίνην
1633 789 1861 862 δᾶκρυσι
1888 805 1985 858 με-

397 894 638 956 τανοίας.
683 887 814 944 Οἶδα
865 889 974 962 γὰρ
1009 887 1066 942 δὲ
1103 885 1206 941 κᾶν
1243 884 1385 957 τύχῃ
1410 884 1508 955 τῆς
1533 881 1780 952 ἀφέσεως
1817 881 1988 948 ἐπαγ-

399 987 680 1057 γέλληται,
711 987 964 1056 δακρύων
995 987 1166 1058 πέρας
1193 989 1290 1058 οὐχ
1318 989 1478 1052 ἕξειν.
1513 987 1586 1039 Τὸ
1611 985 1688 1052 δὲ,
1741 983 1838 1049 Τίς
1880 979 1980 1046 ἐξ-

401 1077 844 1148 ομολογήσεταί
889 1095 1020 1142 σοι;
1071 1079 1191 1132 ἀντὶ
1227 1079 1344 1146 τοῦ,
1373 1078 1594 1145 οὐδεὶς,
1625 1079 1834 1130 κεῖται·
1881 1071 1978 1130 νῦν

401 1171 510 1243 γὰρ
545 1171 604 1224 οὐ
641 1171 896 1243 σημαίνει
922 1171 986 1226 τὸ
1012 1173 1250 1228 σπάνιον.

479 1427 804 1498 Έταράχθη
856 1425 979 1482 ἀπὸ
1028 1425 1220 1497 θυμοῦ
1250 1429 1284 1481 δ
1327 1425 1636 1496 ὀφθαλμός
1663 1441 1806 1495 μου,
1837 1423 1983 1479 ἐπα-

394 1518 660 1589 λαιώθην
703 1519 776 1574 ἐν
831 1519 986 1575 πᾶσι
1018 1519 1144 1586 τοῖς
1195 1519 1432 1589 ἐχθροῖς
1465 1535 1607 1588 μου.
1650 1518 1716 1572 Ἦ
1766 1519 1980 1590 μνήμη,

393 1613 552 1683 φησι,
572 1611 666 1666 τοῦ
692 1611 866 1684 θυμοῦ
885 1629 976 1666 σου
1010 1614 1104 1666 καὶ
1133 1612 1234 1684 τῆς
1279 1611 1448 1684 ὀργῆς
1477 1611 1569 1665 τὸν
1594 1611 1727 1684 ὲμδν
1751 1609 1982 1683 ἐτάραξε

392 1705 552 1760 νοῦνο
579 1705 682 1778 ὃδὴ
707 1705 979 1760 διδάσκων
1007 1708 1035 1759 ὁ
1051 1705 1244 1778 Σωτὴρ
1267 1705 1452 1775 ἔλεγεν
1472 1724 1485 1736 ·
1523 1698 1590 1752 ’0
1614 1707 1846 1776 λύχνος
1873 1705 1981 1760 τοῦ

387 1799 668 1869 σώματος
711 1799 887 1854 ἐστὶν
931 1803 966 1854 ό
1007 1801 1334 1870 ὀφθαλμός.
1372 1800 1446 1852 Οὐ
1473 1799 1584 1872 γὰρ
1629 1799 1863 1871 ἐγχωρεῖ
1885 1799 1981 1852 ἕνα

383 1892 498 1944 τῶν
529 1893 672 1946 δυεῖν
704 1891 1001 1963 ὀφθαλμῶν
1023 1891 1116 1946 τοῦ
1145 1890 1397 1962 σώματος
1433 1891 1626 1963 λύχνον
1656 1887 1792 1945 εἶναι
1820 1907 1834 1923 ο
1863 1891 1978 1945 ἀλλ’

381 1983 508 2037 οὐδὲ
541 1986 852 2056 σωματικὺς
876 1984 1152 2056 ὀφθαλμὸς
1177 1985 1286 2038 ὑπὸ
1315 1983 1488 2056 θυμοῦ
1522 1985 1855 2056 ταράσσεται
1883 1981 1976 2037 τοῦ

383 2075 546 2132 Θεοῦ.
611 2079 759 2132 Ἀντὶ
805 2077 1232 2150 κατορθώματος
1294 2077 1353 2132 δὲ
1401 2076 1823 2149 καταριθμεῖται
1878 2077 1978 2142 τὰς

387 2169 530 2233 ἰδίας
581 2169 954 2234 κακοπαθείας
975 2189 989 2203 ·
1027 2173 1084 2224 ὲν
1118 2166 1206 2235 αἷς
1237 2171 1332 2226 καὶ
1379 2171 1479 2242 τὴν
1511 2171 1753 2224 κάκωσίν
1785 2189 1846 2224 τε
1882 2171 1980 2225 καὶ

383 2262 740 2328 ταπείνωσιν,
762 2263 830 2334 ἦν
852 2263 945 2317 ἐπὶ
965 2263 1214 2317 πλεῖστον
1229 2262 1420 2336 χρόνον
1448 2265 1506 2316 ὲν
1533 2263 1720 2334 μέσοις
1743 2265 1980 2318 ἐποιεῖτο

382 2359 504 2420 τοῖς
533 2357 684 2420 ἰδίοις
715 2356 952 2428 ἐχθροῖς.

465 2449 789 2517 Ἀπόστητε
814 2448 916 2502 ἀπ’
945 2448 1114 2517 ἐμοῦ,
1139 2447 1364 2514 πάντες
1379 2451 1434 2503 οἱ
1464 2446 1838 2518 ἐργαζόμενοι
1863 2445 1980 2515 τὴν

378 2541 664 2610 ἀνομίαν,
709 2541 800 2594 ὅτι
859 2539 1193 2608 Eiarinost
1233 2543 1448 2610 Κύριος
1484 2539 1594 2609 τῆς
1623 2539 1831 2610 φωνῆς
1869 2540 1978 2594 τοῦ

381 2633 700 2701 κλαυθμοῦ
734 2649 876 2700 μου.
923 2630 1270 2700 Είσήκουσε
1299 2633 1516 2701 Κύριος
1542 2631 1652 2702 τῆς
1713 2631 1978 2698 δεήσεως

375 2743 526 2794 μου,
575 2725 793 2793 Κύριος
853 2723 971 2794 τὴν
1000 2723 1358 2794 προσευχήν
1389 2742 1509 2795 μου
1548 2724 1974 2794 προσεδέξατο.

381 2819 881 2888 Αίσχωρθείησαν
949 2818 1052 2874 καὶ
1113 2818 1566 2888 ταραχθείησαν
1633 2817 1856 2885 πάντες
1923 2821 1978 2874 οὶ

379 2912 590 2982 ἐχθροί
611 2929 756 2981 μου,
803 2911 1326 2982 ὲπιστραφείησαν
1366 2913 1466 2968 καὶ
1498 2912 1980 2982 αἰσχυνθείησαν

380 3002 624 3072 σφόδρα
677 3003 776 3058 διὰ
821 3003 1065 3072 τάχους.
1133 3005 1404 3076 Ἐπηκόου
1457 3005 1634 3076 τυχὼν
1675 3003 1770 3058 τοῦ
1817 3005 1974 3070 Θεοῦ,

383 3094 708 3166 ἐπιστρέφει
757 3095 920 3148 πάλιν
949 3095 1086 3166 πρὸς
1124 3096 1287 3149 αὐτὸν
1311 3096 1410 3166 τὴν
1439 3097 1626 3168 εὐχὴν,
1661 3097 1755 3150 καὶ
1794 3113 1976 3167 παρα-

2089 596 2606 666 comprehendatur.
2626 594 2992 662 Quamobrem
3012 592 3088 646 ait
3108 611 3120 646 :
3139 590 3248 647 Pro
3263 605 3370 646 una
3389 596 3548 646 nocte
3563 605 3674 660 qua

2086 697 2369 760 peccatum
2401 689 2617 752 admisi,
2659 703 2754 758 per
2793 686 3037 757 singulas
3071 691 3260 740 noctes
3297 683 3582 748 conliteor,
3618 683 3674 738 id

2086 790 2342 851 satagens
2373 789 2430 836 ut
2474 781 2742 849 meipsum
2793 785 2847 834 et
2901 779 3100 832 lectum
3153 777 3208 831 in
3259 792 3367 846 quo
3425 775 3669 845 peccavi,

2085 873 2422 945 pmnitentiae
2476 872 2732 943 lacrymis
2784 871 3024 925 abluam.
3075 867 3254 924 Probe
3307 867 3424 922 scio
3483 867 3669 929 enim,

2084 967 2299 1023 etiamsi
2358 965 2740 1021 remissionem
2791 963 3137 1034 polliceatur,
3175 977 3262 1016 me
3331 959 3672 1030 lacrymandi

2083 1068 2268 1116 tamen
2327 1057 2488 1114 linem
2551 1071 2834 1128 nunquam
2899 1055 3196 1110 facturum.
3236 1051 3378 1106 Illud
3430 1061 3668 1106 autem:

2085 1151 2218 1219 Quis
2250 1149 2584 1219 confitebitur
2625 1147 2764 1204 tibi?
2811 1149 2932 1202 loco
2961 1145 3138 1212 verbi,
3177 1145 3378 1208 nullus,
3431 1143 3674 1213 positum
3761 1193 3766 1198 .

2083 1251 2188 1310 est,
2219 1258 2398 1314 neque
2432 1243 2581 1299 enim
2614 1242 2946 1314 paucitatem
2979 1237 3356 1294 conﬁtentium
3401 1253 3552 1292 nunc
3596 1237 3674 1293 si-

2083 1335 2324 1409 gniﬁcat.

2153 1427 2322 1485 Vsus.
2356 1427 2411 1483 8.
2449 1425 2716 1482 Turbatus
2741 1433 2820 1480 est
2851 1441 2884 1478 ιι
2917 1423 3097 1494 furore
3131 1421 3315 1476 oculus
3363 1438 3508 1476 meus
3549 1437 3568 1474 :
3599 1423 3676 1476 in-

2083 1522 2309 1574 veteravi
2341 1521 2478 1574 inter
2530 1535 2708 1574 omnes
2757 1518 3002 1572 inimicos
3055 1533 3216 1571 meos.
3255 1515 3536 1581 Memoria,
3589 1518 3676 1570 in-

2084 1615 2224 1685 quit,
2255 1613 2458 1669 furoris
2505 1613 2706 1682 iraeque
2735 1619 2842 1666 tuae
2873 1619 3113 1666 mentem
3159 1624 3334 1664 meam
3383 1611 3621 1664 turbavit
3655 1629 3668 1664 τ

2083 1706 2230 1776 quod
2259 1707 2438 1776 ipsum
2492 1703 2746 1760 Salvator
2793 1703 2881 1758 his
2923 1702 3108 1758 verbis
3157 1702 3346 1757 docuit
3381 1719 3396 1758 :
3427 1701 3671 1757 Lucerna

2083 1799 2320 1867 corporis
2373 1799 2449 1850 tui
2509 1805 2588 1852 est
2637 1795 2820 1850 oculus
2857 1805 2978 1849 tuus
3019 1795 3090 1850 ⁷⁸.
3125 1794 3314 1866 Neque
3356 1796 3501 1850 enim
3551 1794 3671 1850 ﬁeri

2081 1898 2282 1960 potest,
2311 1899 2372 1946 ut
2405 1907 2548 1947 unus
2575 1897 2797 1972 [tantum
2828 1905 2894 1944 ex
2919 1889 3137 1945 duobus
3164 1889 3341 1945 oculis
3375 1889 3444 1943 sit
3475 1903 3672 1958 corpo-

2079 1987 2159 2042 ris
2207 1985 2430 2040 lucerna
2465 2003 2478 2038 :
2516 1989 2570 2036 at
2602 1997 2782 2052 neque
2825 1997 3128 2052 corporeus
3184 1981 3381 2036 oculus
3415 1996 3445 2035 a
3483 1980 3672 2036 furore

2078 2077 2176 2133 Dei
2199 2075 2476 2131 turbatur.
2513 2071 2662 2128 Inter
2694 2079 2846 2126 recte
2876 2070 3022 2126 facta
3067 2086 3200 2126 vero
3244 2069 3587 2125 calamitates
3615 2075 3672 2122 et

2078 2183 2351 2226 aerumnas
2380 2182 2510 2221 suas
2540 2172 2862 2242 enumerat;
2905 2163 2962 2217 in
2991 2163 3194 2234 quibus
3223 2160 3558 2217 recensenda
3586 2165 3673 2214 est

2079 2260 2302 2316 aﬂlictio
2329 2259 2420 2313 illa
2455 2264 2508 2311 et
2539 2251 2797 2326 abjectib,
2833 2269 2995 2325 quam
3023 2253 3288 2308 diuturno
3321 2261 3562 2321 tempore
3586 2251 3671 2304 iii--

2080 2363 2161 2408 ter
2192 2350 2404 2406 medios
2435 2347 2689 2402 inimicos
2715 2361 3015 2416 perpessus
3035 2351 3140 2400 est.

2149 2444 2316 2500 Vens.
2378 2441 2536 2497 9-H.
2595 2438 2862 2494 Discedite
2916 2455 2950 2491 α
3004 2453 3104 2502 me,
3153 2451 3332 2506 omnes
3370 2435 3458 2505 qui
3484 2449 3672 2502 opera-

2078 2537 2209 2591 mini
2238 2523 2592 2608 iniquitatem,
2630 2531 2880 2603 quoniam
2909 2529 3176 2584 exaudivit
3209 2527 3468 2581 Dominus
3497 2541 3670 2579 vocem

2076 2629 2232 2700 ﬂetus
2267 2627 2389 2681 mei.
2425 2623 2714 2679 Exaudivit
2739 2621 2998 2676 Dominus
3031 2619 3450 2688 deprecationem
3475 2633 3668 2681 meam,

2079 2721 2338 2774 Dominus
2391 2717 2685 2771 orationem
2720 2731 2890 2769 meam
2933 2712 3182 2781 suscepit.
3249 2709 3581 2763 Erabescant
3621 2719 3673 2762 et

2079 2809 2452 2865 conturbantur
2517 2825 2696 2862 omnes
2745 2807 2952 2861 inimici
3012 2805 3136 2868 mei,
3191 2801 3590 2871 confundantur
3621 2813 3674 2856 et

2078 2894 2385 2959 erubescant
2419 2899 2570 2955 valde
2603 2899 2864 2954 velociter.
2918 2897 3058 2952 Cum
3111 2895 3284 2950 Deum
3343 2894 3447 2948 sibi
3485 2893 3671 2964 propi-

2079 3002 2216 3056 tium
2246 3006 2442 3055 nactus
2470 2997 2562 3063 sit,
2599 2995 2668 3050 ad
2710 2995 2891 3065 ipsum
2944 2991 3126 3046 denuo
3175 2987 3480 3043 orationem
3514 3000 3672 3040 suam

2079 3094 2385 3158 convertit;
2445 3096 2712 3161 rogatque
2745 3093 2806 3141 ut
2853 3083 3115 3140 recedant
3155 3087 3211 3135 et
3263 3077 3671 3134 confundanutr

381 3185 544 3240 καλεῖ
593 3187 732 3257 πρὸς
764 3186 826 3239 τὸ
881 3187 1233 3258 ἀναχωρῆσαι
1265 3187 1360 3241 καὶ
1402 3187 1758 3259 αἰσχυνθῆναι
1805 3185 1970 3241 αὑτοῦ

2081 3187 2286 3242 inimici
2311 3185 2416 3246 sui,
2455 3189 2742 3254 postquam
2768 3177 2980 3235 insidia:
3000 3177 3268 3247 ipsorum,
3299 3171 3410 3227 Deo
3441 3171 3545 3227 sibi
3573 3185 3672 3240 per

379 3281 510 3343 τοὺς
537 3279 786 3350 ἐχθροὺς,
839 3279 1210 3349 ὰποτυχόντας
1244 3281 1302 3333 ὲν
1339 3273 1420 3342 οἷς
1451 3278 1870 3343 ἐπεϐούλευσαν,
1908 3277 1974 3332 δι’

377 3367 460 3428 ὧν
489 3373 640 3443 αὐτῷ
661 3371 793 3438 Θεὸς
814 3371 914 3444 τὴν
948 3372 1224 3444 σωτηρίαν
1251 3373 1576 3443 παρέσχετο.
1617 3371 1783 3438 Ἀξιοῖ
1806 3371 1860 3424 δὲ
1883 3373 1978 3426 καὶ

380 3466 506 3519 Δίαν
561 3465 759 3529 αὐτοὺς
789 3464 1159 3537 ταραχθῆναι·
1193 3464 1221 3518 ὃ
1255 3464 1322 3536 δὴ
1351 3465 1569 3528 πάντως
1601 3465 1798 3528 αὐτοὺς
1835 3463 1979 3519 κατὰ

377 3559 476 3612 τὸν
509 3559 702 3632 καιρὸν
747 3559 847 3630 τῆς
896 3557 991 3612 τοῦ
1033 3557 1167 3611 Θεοῦ
1231 3557 1630 3629 δικαιοκρισίας
1675 3555 1974 3621 ἐκδέξεται.

807 3675 1102 3730 ΨΑΛΜΟΣ
1129 3675 1216 3728 ΤΩ
1247 3675 1448 3728 ΔΑΥΙΔ
1481 3675 1556 3726 Z’.

386 3789 496 3842 ὀν
519 3781 644 3859 ᾖσε
665 3785 750 3853 τῷ
797 3789 998 3856 Κυρίῳ
1045 3787 1202 3856 ὑπὲρ
1241 3787 1362 3859 τῷν
1397 3789 1600 3857 λόγων
1619 3785 1810 3841 Χουσὶ
1839 3783 1977 3842 υἱοῦ

1061 3857 1315 3928 Ἰεμενεῐ.

457 3973 636 4041 Κύριε
659 3977 694 4027 ὁ
727 3975 872 4040 Θεός
893 3991 1036 4045 μου,
1071 3973 1172 4028 ἐπὶ
1202 3973 1302 4028 σοὶ
1338 3973 1576 4043 ἤλπισα
1600 3990 1613 4002 ·
1661 3969 1870 4026 σῶσόν
1897 3987 1976 4042 με

375 4065 452 4120 ἐκ
479 4065 726 4119 πάντων
763 4069 886 4124 τῶν
922 4067 1258 4121 διωκόντων
1275 4083 1372 4136 με,
1411 4065 1510 4119 καὶ
1529 4064 1826 4134 ρὗαίμε,
1856 4063 1974 4133 μή-

375 4171 532 4212 ποτε
559 4157 804 4228 ἁρπάσῃ
837 4159 920 4224 ὡς
949 4156 1106 4224 λέων
1131 4157 1248 4226 τὴν
1281 4157 1494 4227 ψυχήν
1517 4175 1658 4226 μου,
1685 4156 1772 4226 μὴ
1800 4155 1975 4222 ὄντος

372 4251 821 4321 λυτρουμένου,
849 4249 1005 4320 μηδέ
1035 4249 1347 4317 σώζοντος.
1380 4251 1495 4303 Οὐκ
1524 4251 1610 4303 ἐπ’
1643 4248 1972 4321 ἀνθρώποις,

373 4347 504 4398 οὐδὲ
541 4345 870 4414 συμϐουλαῖς
922 4344 1016 4398 ἀνθ
1028 4343 1254 4417 ρώπων,
1294 4343 1328 4414 ἢ
1386 4341 1618 4414 στρατοῦ
1647 4341 1842 4414 πλήθει
1875 4342 1976 4410 τὰς

373 4439 525 4508 ἐμὰς
567 4438 787 4501 ἐλπίδας
841 4439 1177 4510 ἀπήρτησαο
1219 4437 1312 4489 Διὸ
1365 4453 1432 4508 με
1487 4435 1646 4508 ῥῦσαι
1697 4435 1974 4506 πολεμίων

2078 3295 2172 3336 eas
2214 3279 2444 3336 salutem
2497 3274 2834 3338 conferente,
2865 3271 3007 3325 male
3036 3273 3343 3323 cesserunt.
3405 3263 3669 3319 Precatuz

2079 3379 2280 3436 autem,
2317 3377 2380 3424 ut
2433 3367 2785 3424 vehementer
2837 3361 3278 3418 conturbenlur:
3337 3357 3485 3426 quod
3536 3354 3670 3425 ipsis

2079 3465 2364 3537 sane'justi
2389 3462 2486 3519 Dei
2512 3459 2708 3534 judicii
2743 3467 2990 3527 tempore
3031 3461 3354 3507 eventurum
3385 3456 3494 3504 est.

2477 3655 2803 3714 PSALMUS
2841 3651 3053 3708 DAVID
3094 3649 3208 3705 Vll.

2077 3779 2130 3832 1.
2191 3775 2356 3842 Quem
2411 3774 2644 3828 cantavit
2691 3769 2918 3842 Domino
2960 3781 3062 3842 pro
3113 3763 3287 3820 verbis
3345 3761 3510 3818 Chusi
3567 3760 3670 3830 ﬁlii

2769 3839 2798 3893 J
2808 3839 2990 3893 emini.

2143 3961 2310 4017 Vens.
2340 3961 2396 4026 2,
2426 3960 2480 4014 5.
2515 3957 2739 4012 Domine
2786 3953 2928 4008 Deus
2985 3968 3158 4018 meus,
3204 3951 3263 4004 in
3318 3958 3365 4003 te
3398 3947 3607 4018 speravi
3637 3967 3656 4002 .-

2074 4057 2278 4110 salvum
2344 4069 2425 4106 me
2487 4051 2573 4120 fac
2632 4065 2696 4104 ea:
2756 4045 2999 4102 omnibus
3053 4041 3484 4116 persequentibus
3549 4058 3666 4106 me,

2073 4161 2122 4203 et
2157 4146 2322 4200 libera
2351 4161 2452 4198 me.
2479 4139 2774 4212 Nequando
2807 4139 2983 4208 rapiat
3012 4147 3070 4191 ut
3100 4136 3180 4192 leo
3211 4137 3446 4188 animam
3475 4149 3665 4197 meam,

2073 4240 2200 4293 dum
2245 4255 2348 4292 non
2393 4245 2472 4291 est
2499 4236 2590 4305 qui
2643 4232 2894 4296 redimat,
2927 4245 3090 4299 neque
3117 4228 3208 4300 qui
3247 4226 3452 4281 ialvum
3477 4223 3664 4292 faciat.

2073 4332 2430 4403 Nequaquam
2461 4331 2516 4383 in
2551 4325 2904 4388 hominibus,
2939 4337 3120 4392 neque
3149 4321 3206 4374 in
3259 4316 3508 4374 consiliis
3563 4315 3666 4368 hn-

2077 4425 2308 4491 minum,
2339 4435 2516 4490 neque
2547 4419 2601 4472 in
2632 4417 2909 4472 exercitus
2960 4414 3134 4482 copiis
3168 4425 3318 4479 spem
3350 4422 3526 4462 meam
3579 4423 3669 4461 re—

379 4547 478 4600 μοι
501 4529 769 4582 τοσούτων
815 4529 1183 4600 ἐπικειμένων
1213 4529 1300 4582 διὰ
1327 4529 1549 4592 παντός.
1573 4529 1648 4582 Ού
1687 4529 1846 4598 μόνον
1880 4527 1974 4580 νῦν

2081 4515 2238 4585 posui
2275 4533 2288 4566 :
2322 4518 2654 4582 quapropter
2688 4524 2718 4560 a
2741 4513 2822 4560 tot
2857 4518 3074 4574 semper
3105 4499 3442 4558 instantibus
3483 4498 3668 4553 inimi-

389 4621 772 4693 Ἀϐεσσαλὼμ,
831 4623 926 4676 καὶ
971 4623 1272 4692 Ἀχιτόφελ,
1305 4623 1400 4675 καὶ
1441 4620 1550 4673 τῶν
1601 4621 1700 4673 σὺν
1745 4619 1967 4682 αὐτοῖς’

371 4713 522 4766 ἀλλὰ
554 4714 648 4765 καὶ
667 4713 832 4766 πάλαι
863 4713 970 4782 νέῳ
995 4713 1108 4766 ὄντι
1143 4713 1315 4766 Σαούλ
1353 4730 1412 4764 τε
1443 4711 1537 4764 καὶ
1567 4711 1834 4764 πλείστων
1863 4709 1972 4762 τῶν

371 4823 442 4858 τε
463 4806 532 4857 δι’
559 4805 736 4858 αὐτῶν
760 4807 984 4876 ἀφανῶς
1021 4823 1110 4877 μοι
1141 4805 1522 4876 πολεμούντων
1553 4805 1826 4874 δαιμόνων
1849 4819 1863 4832 ·
1897 4797 1972 4856 ὧν

373 4899 516 4968 περὶ
541 4897 633 4950 τοῦ
663 4899 920 4970 ἄρχοντος
944 4899 1156 4971 εἴρηται
1175 4917 1188 4929 ·
1237 4900 1290 4952 Ὁ
1318 4898 1620 4964 ἀντίδικος
1659 4895 1828 4965 ὑμῶν
1848 4894 1974 4948 διά-

375 4993 568 5055 ϐελος
613 4997 700 5055 ὡς
747 4989 908 5044 λέων
959 4991 1298 5060 ὡρυόμενος
1353 4991 1722 5060 περιέρχεται
1785 4985 1974 5058 ζητῶν

369 5085 522 5138 τίνα
576 5086 834 5154 καταπίῃ
861 5103 874 5117 ·
911 5085 971 5152 ἐξ
994 5080 1053 5140 οὗ
1081 5086 1317 5157 μάλιστα
1350 5086 1613 5158 ρυσθῆναι
1646 5085 1968 5158 παρακαλῶ.

453 5359 633 5426 Κύριε
661 5361 692 5412 ὁ
721 5360 863 5424 ϐοός
899 5377 1040 5428 μου,
1075 5361 1126 5412 εὶ
1168 5359 1426 5424 ἐποίησα
1474 5357 1669 5414 τοῦτο.
1712 5359 1764 5410 εί
1804 5357 1976 5410 ἔστιν

369 5453 590 5510 ἀδικία
620 5469 691 5504 εν
721 5453 896 5522 χερσί
921 5471 1064 5522 μου,
1101 5455 1154 5506 εἰ
1195 5451 1584 5506 ἀνταπέδωκα
1631 5450 1755 5516 τοῖς
1793 5451 1974 5504 ἀντα-

369 5543 707 5599 ποδιδοῦσί
749 5563 850 5613 μοι
901 5544 1090 5609 κακὰ,
1130 5543 1490 5612 ἀποπέσοιμι
1533 5541 1648 5610 ἄρα
1695 5541 1814 5595 ἀπὸ
1858 5540 1976 5594 τῶν

369 5635 619 5706 ἐχθρῶν
639 5655 758 5705 μου
787 5639 1164 5708 κενός.”οσην
1185 5637 1306 5705 ἄγει
1330 5635 1640 5708 παρρησίαν
1663 5635 1754 5688 ἐπὶ
1787 5634 1863 5704 τῷ
1895 5633 1970 5704 μὴ

371 5733 776 5803 μνησικακεῖνί
825 5732 1131 5802 Ἐξαίρετον
1171 5733 1280 5800 γὰρ
1317 5727 1479 5784 τοῦτο
1514 5727 1845 5798 κατόρθωμα
1875 5725 1969 5779 τοῦ

447 5895 496 5926 ⁷⁸
543 5891 735 5946 Matth.
771 5907 848 5958 νι,
891 5887 980 5942 92-.
1061 5890 1104 5920 τ’
1147 5889 1162 5941 l
1198 5886 1412 5941 Petr.'v
1437 5925 1450 5939 .
1485 5885 1537 5939 8.

2079 4609 2160 4662 eis
2193 4606 2344 4675 eripe
2397 4619 2500 4657 me.
2535 4600 2725 4670 Neque
2779 4598 2956 4653 solum
2985 4595 3132 4649 enim
3184 4593 3252 4648 ab
3293 4591 3568 4647 Absalone
3611 4598 3668 4644 et

2079 4697 2434 4768 Achitopbele
2490 4708 2790 4762 eorumque
2847 4685 3178 4758 sequacibus
3243 4685 3338 4754 qui
3397 4697 3484 4736 me
3518 4695 3664 4735 nunc

2081 4793 2442 4856 adoriuntur;
2481 4786 2577 4841 sed
2620 4785 2736 4855 jam
2774 4783 2908 4838 olim
2955 4776 3176 4848 juvenis
3206 4789 3332 4828 cum
3371 4787 3573 4834 essem,
3632 4785 3664 4822 a

2083 4887 2269 4945 Saule.
2307 4881 2414 4938 et'a
2445 4880 2628 4935 multis
2659 4878 2750 4948 qui
2784 4891 2870 4930 me
2905 4873 3080 4944 ipsius
3107 4882 3270 4940 opera
3305 4866 3445 4921 clam
3485 4861 3663 4932 impu-

2079 4979 2322 5051 gnabant
2372 4972 2732 5031 daemonibus,
2780 4967 2848 5021 de
2899 4977 3132 5035 quorum
3165 4957 3409 5028 principe
3454 4954 3661 5051 dictum

2081 5065 2576 5126 est-Adversarius
2627 5070 2794 5114 vester
2842 5053 3109 5114 diabolus,
3150 5059 3400 5118 tanquam
3457 5043 3534 5096 leo
3569 5059 3664 5094 ru-

2080 5169 2224 5234 giens
2246 5161 2430 5214 circuit
2451 5171 2690 5227 qumrens
2715 5168 2864 5222 quem
2899 5149 3106 5202 devoret
3133 5144 3198 5196 ⁷⁷.
3231 5141 3276 5194 Α
3298 5154 3407 5211 quo
3429 5153 3661 5209 praeser-

2081 5259 2173 5311 tim
2199 5273 2286 5310 me
2307 5255 2506 5307 liberes
2533 5264 2683 5318 rogo.
3601 5240 3603 5242 ’

2134 5349 2303 5402 Vens.
2337 5347 2391 5408 4,
2418 5345 2471 5399 5.
2505 5342 2724 5396 Domine
2751 5338 2884 5390 Deus
2921 5329 3150 5394 meus,si
3179 5329 3279 5398 feci
3308 5327 3472 5389 istud,
3510 5324 3556 5377 si
3580 5331 3658 5378 est

2081 5443 2336 5512 iniquitas
2382 5439 2436 5492 in
2471 5434 2714 5489 manibus
2761 5429 2888 5482 meis
2923 5441 2940 5479 :
2978 5427 3026 5480 si
3063 5421 3268 5477 reddidi
3316 5414 3656 5472 retribuenti-

2082 5511 2181 5592 bus
2215 5535 2344 5588 mihi
2396 5531 2564 5592 mala,
2596 5522 2840 5581 decidam
2895 5519 3081 5572 merito
3123 5516 3188 5568 ab
3245 5511 3475 5566 inimicis
3524 5521 3656 5564 mm

2078 5629 2277 5684 inanis.
2328 5623 2600 5690 Quantam
2627 5633 2694 5671 ex
2732 5611 3008 5670 oblivione
3053 5605 3376 5675 injuriarum
3428 5616 3491 5654 ac
3520 5596 3655 5652 tole—

2077 5720 2254 5776 rantia
2287 5687 2538 5770 ﬁduciam
2573 5704 2742 5782 David
2773 5700 3026 5760 exhibet!
3063 5697 3188 5752 llaec
3218 5707 3348 5750 sane
3381 5687 3654 5760 praecipua
