4064 6372
340 388 447 446 H9
1039 384 1310 441 EUSEBll
1346 382 1830 441 CESARIENSIS
1868 380 2019 439 OPP.
2039 380 2221 438 PARS
2258 380 2348 438 Ill.
2386 411 2459 424 —
2495 378 2904 436 EXEGETICA.
3502 382 3609 438 120

339 499 631 555 caelestibus
662 500 727 554 ".
787 497 938 554 Finis
1000 508 1180 554 autem
1227 500 1494 555 bonorum
1548 499 1603 552 in
1658 513 1723 552 ea
1760 512 1914 568 quam

2030 498 2059 548 ὀ
2086 496 2188 567 τῆς
2234 495 2581 566 δικαιοσύνης
2626 470 2909 563 στέφανος,
2948 486 3010 550 οὗ
3056 495 3335 562 τεύξονται
3377 499 3425 553 οἱ
3467 500 3609 555 κατά

337 606 624 661 :peramus
674 590 1024 658 haereditate,
1062 597 1147 646 est
1191 606 1398 647 corona
1455 590 1709 660 justitiaa,
1756 605 1917 659 quam

336 691 738 738 consecuturus
763 689 848 738 est
880 681 1133 754 quisquis
1161 698 1284 738 cum
1313 682 1485 739 Paulo
1508 684 1691 738 dicere
1722 684 1868 739 valet
1904 703 1918 739 :

337 773 407 828 In
436 775 637 845 reliquo
668 774 900 843 reposita
931 783 1009 828 est
1042 775 1173 829 mihi
1201 791 1398 829 corona
1419 774 1649 845 justitiae
1675 775 1722 807 ’°
1762 791 1777 829 :
1814 788 1923 845 quo

335 880 536 936 genere
567 880 846 921 armorum
868 864 953 919 uti
971 864 1121 922 Deus
1149 867 1343 932 voluit,
1378 877 1437 923 ut
1475 882 1606 924 suos
1624 881 1655 921 a
1681 854 1924 937 quolibet

335 955 522 1012 hostili
559 956 908 1012 inimicorum
937 957 1162 1014 incursu
1191 958 1526 1015 defenderet.

822 1065 1054 1124 PSALM
1064 1067 1153 1126 US
1184 1067 1397 1124 DA‘IID
1427 1069 1514 1126 Vi.

626 1178 678 1234 i.
712 1177 781 1237 In
804 1180 965 1250 linem
992 1182 1049 1237 in
1082 1181 1312 1254 hymnis,
1343 1199 1440 1253 pro
1467 1195 1672 1242 octava.

401 1315 607 1374 Octava
640 1325 726 1374 est
754 1319 1012 1376 salutaris
1038 1324 1464 1381 resurrectionis
1492 1324 1701 1383 Christi
1734 1325 1924 1384 Domi-

331 1409 455 1465 nica
484 1409 625 1477 dies,
658 1411 717 1465 in
745 1416 854 1483 qua
885 1420 1238 1483 peccatorum
1270 1417 1513 1472 omnium
1546 1418 1921 1490 purgationem

329 1516 455 1558 esse
484 1502 797 1573 credimus;
824 1506 880 1561 in
912 1522 1022 1577 qua
1043 1507 1345 1580 symbolice
1374 1511 1596 1581 quidem
1630 1515 1921 1569 circumci-

322 1590 601 1649 debantur
619 1608 811 1651 omnes
841 1594 1102 1662 infantes,
1138 1596 1239 1653 sed
1268 1613 1457 1654 revera
1490 1614 1588 1669 per
1625 1616 1919 1671 regenera-

328 1684 536 1742 tionem
587 1694 857 1758 purgatur
912 1687 1096 1743 anima
1153 1690 1412 1760 quaelibet
1466 1690 1521 1745 in
1569 1689 1678 1753 Deo
1714 1692 1917 1763 genita.

327 1777 518 1850 Usque
542 1779 678 1835 adeo
720 1788 904 1835 autem
955 1781 1309 1851 praestantior
1341 1790 1425 1838 est
1454 1783 1543 1839 die
1574 1784 1825 1853 septima,
1859 1789 1922 1838 ut

329 1870 386 1925 in
432 1886 496 1927 ca
543 1873 792 1931 solvatur
816 1873 900 1932 lex
941 1871 1191 1939 Sabbati,
1227 1874 1275 1929 si
1304 1888 1429 1928 cum
1470 1882 1665 1929 octava
1690 1873 1919 1931 infantis

327 1962 417 2019 die
443 1963 650 2020 incidat
678 1964 907 2022 Sabbati
938 1964 1058 2022 dies
1090 1985 1104 2020 :
1141 1966 1307 2023 homo
1335 1967 1537 2037 quippe
1571 1966 1659 2023 vel
1689 1970 1744 2021 ln
1780 1964 1920 2023 Sab-

326 2056 455 2115 bato
492 2058 926 2114 circumciditur.

401 2145 567 2203 Vsus.
633 2147 755 2203 2-4.
817 2146 1058 2213 Domine,
1135 2163 1199 2201 ne
1253 2148 1311 2201 in
1346 2146 1526 2217 furore
1580 2156 1670 2203 tuo
1721 2165 1917 2221 arguas

325 2251 428 2303 me,
451 2253 611 2309 neque
632 2237 686 2292 in
715 2238 801 2292 ira
831 2245 923 2291 tua
944 2238 1204 2308 corripias
1236 2253 1339 2293 me.
1372 2236 1626 2293 Miserere
1650 2240 1771 2308 mei,
1801 2240 1915 2295 Do-

325 2331 485 2397 mine,
542 2332 794 2403 quoniam
831 2333 1076 2403 inﬁrmus
1134 2347 1292 2400 sum;
1351 2347 1486 2386 sana
1542 2349 1642 2399 me,
1672 2332 1913 2403 Domine,

323 2424 574 2495 quoniam
603 2425 923 2481 conturbata
956 2431 1081 2480 sunt
1115 2440 1237 2479 ossa
1283 2440 1422 2479 mea.
1452 2423 1590 2479 Nam
1632 2440 1794 2482 omne
1820 2426 1917 2485 de-

323 2518 514 2574 lictum
543 2535 610 2576 ex
644 2519 963 2574 infirmitate
993 2517 1192 2584 oritur,
1229 2518 1360 2589 quia
1383 2519 1569 2573 anima
1611 2518 1680 2573 ad
1715 2535 1916 2592 pravos

326 2624 542 2681 semper
562 2609 789 2667 aﬂectus
810 2611 1109 2666 inclinatur
1140 2627 1154 2663 :
1188 2617 1524 2680 quapropter
1560 2609 1628 2663 ad
1661 2608 1918 2666 Servato-

324 2714 439 2755 rem
462 2707 517 2755 et
539 2700 832 2769 medicum,
868 2700 961 2756 Dei
993 2701 1202 2758 scilicet
1236 2698 1459 2767 Filium,
1490 2700 1756 2772 confugit.
1779 2701 1914 2757 Nam

322 2805 451 2845 cum
493 2792 548 2845 in
583 2793 824 2846 animam
872 2792 1254 2847 rationabilem
1303 2793 1542 2857 advenit,
1575 2801 1761 2864 utpote
1794 2810 1911 2849 ver-

321 2881 452 2936 bum
503 2890 559 2937 et
588 2883 730 2939 ratio
760 2883 878 2949 Dei,
926 2884 1049 2953 ejus
1079 2884 1486 2941 irrationabiles
1516 2894 1701 2941 motus
1737 2887 1916 2942 elimi-

321 2980 458 3041 nat;
493 2982 551 3028 ut
580 2975 871 3045 sapientia,
907 2975 975 3029 ab
1006 2976 1327 3046 insipientia
1364 2976 1536 3047 ipsam
1584 2977 1797 3042 liberat,
1857 2986 1915 3033 ut

322 3065 535 3136 iustitia
564 3066 632 3120 ab
665 3065 962 3137 injustitia,
1016 3073 1076 3120 ut
1116 3068 1318 3122 veritas
1361 3082 1388 3120 a
1437 3067 1745 3122 mendacio.
1804 3067 1914 3123 Ro-

320 3160 513 3218 bustas
558 3175 725 3231 porro
754 3160 922 3214 animi
972 3160 1118 3216 vires
1148 3160 1483 3224 subindicat,
1529 3175 1652 3213 cum
1680 3161 1756 3214 ait
1780 3176 1914 3217 con-

2029 589 2243 644 Παῦλον
2273 589 2454 658 λέγειν
2488 589 2803 660 δυνάμενοι·
2839 587 3064 643 Λοιπὸν
3094 590 3403 646 ἀπόκειταί
3430 610 3533 662 μοι
3575 596 3611 650 ὁ

2024 679 2135 750 τῆς
2155 682 2546 750 δικαιοσύνης
2564 680 2863 751 στέφανος
2881 698 2895 713 ·
2925 675 3079 755 ᾧπερ
3103 683 3398 755 ηὐδόκησεν
3426 687 3455 738 ὁ
3474 685 3610 753 Θεὸς

2024 772 2179 842 ὅπλῳ
2207 770 2515 843 χρήσασθαι
2550 772 2863 843 φυλακτικῷ
2892 771 3073 843 πάσης
3116 772 3306 842 ἐφόδου
3336 773 3609 847 πολεμίοιν

2033 859 2299 933 ἐπιούσης
2324 860 2468 915 κατά
2490 861 2600 915 τῶν
2622 862 2837 916 οἰκείων
2864 860 3051 915 αὐτοῦ.

2413 1063 2710 1117 ΨΑΛΜΟΣ
2754 1063 2843 1117 Tn
2888 1063 3089 1119 ΔΑΥΙΔ
3124 1066 3216 1132 ς’.

2130 1179 2240 1244 Εἰς
2272 1176 2341 1232 τὸ
2372 1175 2549 1245 τέλος
2576 1177 2647 1230 ἐν
2689 1176 2903 1246 ὕμνοις
2932 1175 3086 1246 ὑπὲρ
3109 1176 3223 1248 τῆς
3260 1178 3495 1249 ὀγδόης.

2107 1308 2297 1382 Ὀγδόη
2317 1312 2351 1382 ἡ
2368 1310 2737 1381 ἀναστάσιμος
2751 1309 2846 1363 τοῦ
2874 1311 3125 1383 Σωτῆρος
3150 1312 3333 1386 ἡμέρα
3366 1314 3605 1388 κυριακὴ

2026 1404 2325 1476 σωτήριος,
2349 1406 2406 1458 ἐν
2430 1398 2464 1480 ᾗ
2486 1404 2704 1458 πάντων
2726 1407 3140 1479 ἁμαρτημάτων
3155 1406 3448 1478 καθάρσιον
3470 1404 3607 1463 εἶναι

2022 1498 2354 1570 πιστεύομεν
2373 1515 2387 1529 ·
2415 1501 2472 1553 ἐν
2500 1493 2535 1573 ᾗ
2558 1499 2901 1573 συμϐολικῶς
2928 1499 3026 1572 μὲν
3047 1500 3192 1554 ἀπαν
3223 1502 3607 1573 περιετέμνετο

2024 1590 2247 1663 βρέφος,
2281 1589 2424 1645 κατὰ
2451 1590 2509 1643 δέ
2534 1590 2596 1644 τὸ
2620 1591 2819 1663 ἀληθὲς
2861 1592 3184 1664 καθαίρεται
3215 1592 3281 1648 δι’
3314 1594 3608 1665 ἀναγεννή-

2023 1700 2163 1748 σεως
2193 1685 2345 1739 πᾶσα
2395 1683 2455 1738 ἐν
2509 1682 2630 1754 Θεῷ
2664 1684 2812 1756 ψυχὴ
2863 1684 3199 1755 γεννωμένη.
3243 1684 3507 1738 Τοσοῦτον
3549 1684 3606 1739 δέ

2024 1778 2274 1844 κρεῖττον
2328 1773 2468 1845 αὑτὴ
2500 1774 2600 1845 τῆς
2623 1773 2877 1846 ἑϐδόμης,
2899 1774 2975 1838 ὡς
2996 1776 3055 1828 ἐν
3079 1775 3216 1846 αὐτῇ
3266 1773 3485 1829 λύεσθαι
3507 1773 3607 1845 τὴν

2022 1864 2151 1937 περὶ
2201 1864 2296 1919 τοῦ
2359 1864 2629 1920 σαϐϐάτου
2683 1864 3024 1935 νομοθεσίαν,
3071 1866 3119 1917 εί
3152 1863 3452 1917 καταλάϐοι
3484 1864 3606 1917 κατ’

1946 1928 1992 1986 Β
2021 1928 2190 2029 αὐτὴν
2216 1956 2360 2030 ήτοῦ
2387 1957 2620 2029 βρέφους
2642 1928 2802 2028 ὀγδάη
2818 1973 2831 1986 ·
2863 1956 3248 2029 περιτέμνεται
3268 1955 3377 2027 γὰρ
3400 1954 3607 2026 ἀνθρω-

2021 2066 2119 2113 πος
2144 2051 2202 2104 ἐν
2233 2048 2507 2120 σαϐϐάτῳ.

2091 2143 2289 2210 Κύριε,
2328 2144 2415 2212 μὴ
2466 2141 2550 2208 τῷ
2577 2139 2744 2211 θυμῷ
2788 2156 2906 2195 σου
2928 2139 3185 2210 ἐλέγξῃς
3218 2156 3315 2210 με,
3340 2137 3496 2208 μηδὲ
3529 2134 3607 2207 τῇ

2019 2234 2169 2306 ὀργῇ
2197 2250 2316 2290 σου
2338 2235 2673 2303 παιδεύσῃς
2686 2250 2785 2303 με.
2839 2233 3133 2301 Ἐλέησόν
3156 2249 3254 2301 με,
3286 2232 3482 2299 Κύριε,
3514 2227 3606 2283 ὅτι

2019 2327 2288 2395 ἀσθενής
2333 2330 2483 2398 ειμι·
2519 2328 2690 2382 ιασαί
2727 2342 2824 2397 με,
2850 2326 3051 2394 Κύριε,
3086 2323 3177 2378 ὅτι
3202 2322 3499 2403 ἐταράχθη
3531 2320 3606 2376 τὰ

2019 2418 2172 2475 ὀστᾶ
2186 2437 2327 2490 μου.
2372 2418 2461 2485 Ἐξ
2494 2418 2776 2482 ἀσθενείας
2810 2415 2921 2488 γὰρ
2949 2415 3094 2470 ἅπαν
3120 2417 3427 2487 ἁμάρτημα
3453 2414 3603 2482 γίνε-

2017 2528 2129 2578 ται,
2170 2512 2310 2584 πρὸς
2354 2510 2416 2565 τὸ
2444 2511 2617 2576 πάθος
2646 2510 2735 2564 ἀεὶ
2783 2510 2883 2581 τῆς
2915 2509 3092 2580 ψυχῆς
3137 2506 3477 2578 ἐνδιδούσης·
3523 2505 3604 2558 διὸ

2017 2603 2355 2675 καταφεύγει
2380 2604 2518 2675 πρὸς
2561 2605 2652 2658 τὸν
2686 2602 2916 2674 Σωτῆρα
2972 2602 3064 2656 καὶ
3092 2600 3296 2672 ἰατρὸν,
3338 2598 3431 2652 τὸν
3476 2596 3603 2651 Υίὸν

2016 2698 2111 2752 τοῦ
2141 2698 2299 2752 Θεοῦ.
2340 2696 2730 2768 Ἐγγενόμενος
2752 2694 2862 2767 γὰρ
2886 2694 3032 2766 ψυχῇ
3068 2696 3134 2765 τῇ
3158 2694 3372 2763 λογικῇ,
3399 2691 3474 2755 ὡς
3503 2689 3602 2761 μὲν

2015 2790 2170 2860 λόγος
2195 2789 2331 2844 Θεοῦ
2365 2789 2464 2862 τὴν
2492 2789 2718 2858 ἀλογίαν
2744 2788 2913 2859 αὐτῆς
2933 2788 3279 2857 ἀφαιρεῖται·
3317 2783 3392 2847 ὡς
3425 2782 3481 2835 δὲ
3514 2798 3602 2834 σο-

2017 2885 2115 2956 φία
2140 2885 2241 2955 τῆς
2269 2883 2579 2956 ἀφροσύνης
2601 2882 2772 2954 αὐτὴν
2799 2879 3150 2942 ἀπαλλάττει,
3178 2877 3274 2931 καὶ
3302 2877 3377 2940 ὼς
3403 2875 3602 2928 δικαιο-

2017 2975 2152 3048 σύνη
2182 2977 2282 3048 τῆς
2309 2975 2543 3040 ἀδικίας,
2566 2975 2662 3029 καὶ
2701 2973 2778 3037 ὡς
2820 2971 3047 3043 ἀλήθεια
3072 2969 3165 3025 τοῦ
3197 2968 3427 3039 ψεύδους
3453 2971 3602 3023 ἐλευ-

2016 3071 2184 3146 θεροῖ.
2215 3072 2327 3137 Τὰς
2360 3071 2617 3136 νεανικὰς
2652 3072 2709 3124 δέ
2751 3072 2851 3140 τῆς
2888 3070 3067 3141 ψυχῆς
3114 3069 3403 3139 ὑποφαίνει
3446 3069 3602 3124 δυνά-

2019 3182 2163 3237 μεις,
2183 3163 2516 3236 τεταράχθαι
2539 3164 2717 3234 φήσας
2750 3160 2915 3215 αὑτοῦ
2941 3161 3012 3213 τὰ
3034 3162 3188 3224 ὀστᾶ,
3218 3161 3285 3213 δι’
3308 3154 3383 3213 ὧν
3412 3160 3601 3214 εἴωθεν

319 3253 539 3308 turbata
580 3268 703 3308 esse
755 3266 882 3307 ossa
935 3266 1072 3316 sua,
1122 3252 1325 3322 quibus
1371 3252 1603 3308 viriliter
1658 3251 1913 3307 violentis

2017 3253 2347 3310 ἀντιϐαίνειν
2376 3257 2488 3318 τοῖς
2517 3253 2747 3308 πάθεσιν
2792 3252 3062 3323 ἀνδρικῶς
3087 3267 3102 3282 ·
3138 3252 3167 3304 ὃ
3197 3251 3262 3321 δὴ
3288 3250 3601 3322 σαφηνίζων

321 3346 487 3400 animi
511 3344 752 3399 motibus
779 3344 1051 3399 obsistere
1096 3344 1345 3412 solebat;
1376 3344 1522 3415 quod
1573 3344 1627 3398 in
1681 3358 1917 3415 sequen-

320 3438 467 3493 tibus
496 3437 740 3491 declarat
796 3436 883 3492 his
910 3437 1091 3492 verbis
1126 3455 1140 3491 :
1193 3435 1266 3489 Et
1305 3438 1485 3494 anima
1545 3453 1659 3491 mea
1703 3436 1916 3491 turbata

319 3543 397 3587 est
427 3531 599 3588 valde.
637 3530 847 3587 Medela
881 3539 1063 3586 autem
1103 3547 1204 3602 pro
1231 3532 1550 3589 infirmitate
1582 3535 1800 3601 animae,
1834 3548 1916 3590 εει

320 3639 351 3678 a
384 3622 496 3679 Deo
526 3624 725 3680 collata
771 3624 981 3689 virtus,
1013 3637 1180 3693 quam
1233 3625 1489 3695 quisquis
1538 3625 1751 3683 obtinet
1779 3626 1855 3681 ait
1897 3646 1911 3683 :

321 3716 528 3787 Omnia:
549 3732 764 3786 possum
803 3718 860 3772 in
888 3715 1101 3773 Christo
1132 3718 1220 3789 qui
1258 3734 1340 3772 me
1370 3717 1637 3788 confortat
1658 3720 1726 3773 '“.
1755 3718 1912 3787 Quod

319 3816 500 3865 autem
525 3824 635 3863 non
662 3808 730 3864 de
758 3810 1114 3866 sensibilibus
1163 3810 1386 3865 ossibus
1424 3809 1701 3880 loquatur,
1731 3812 1912 3883 palam

319 3899 450 3954 facit
475 3900 608 3956 illud
639 3920 653 3956 :
686 3899 881 3955 Omnia
929 3919 1053 3956 ossa
1104 3919 1221 3956 mea
1261 3903 1437 3956 dicent
1468 3919 1486 3957 :
1518 3902 1762 3970 Domine,
1796 3887 1913 3975 quis

316 3991 510 4045 similis
540 3991 638 4045 tibi
666 3991 752 4044 7’?
780 3997 835 4047 et
863 3991 997 4047 illud
1040 4008 1260 4063 quoque
1285 4012 1297 4048 :
1326 3991 1601 4061 Dissipata
1633 4003 1757 4047 sunt
1790 4010 1914 4049 ossa

317 4090 503 4134 nostra
540 4098 689 4136 secus
720 4083 988 4151 infernum
1009 4084 1076 4135 ⁷³.

322 4160 326 4165 ’
389 4172 458 4226 Et
500 4183 578 4237 tu,
644 4173 891 4241 Domine,
927 4178 1238 4246 usquequo?
1269 4175 1595 4231 Diuturnum
1642 4176 1914 4247 paeniten-

318 4264 407 4318 tiae
449 4279 562 4319 suae
599 4271 815 4335 tempus
841 4267 1116 4322 enuntiat.
1166 4265 1379 4321 Etenim
1420 4268 1638 4336 sapiens
1674 4267 1764 4321 ille
1792 4266 1915 4320 ani-

316 4371 531 4409 marum
573 4357 844 4422 medicus,
901 4373 1010 4412 non
1063 4359 1269 4421 statim,
1321 4373 1499 4430 neque
1558 4358 1629 4413 ad
1678 4358 1911 4429 primam

315 4448 756 4519 emagitationem
790 4450 1192 4521 supplicantem
1219 4452 1459 4517 exaudit,
1483 4458 1544 4505 ut
1570 4452 1626 4505 in
1649 4451 1747 4505 illo
1770 4449 1911 4521 aequi

316 4542 557 4611 bonique
600 4539 797 4596 affectu
842 4542 1054 4598 diutius
1084 4550 1425 4613 permaneat,
1458 4558 1522 4596 ac
1552 4543 1764 4599 ﬁrmam
1795 4555 1910 4599 Sta-

2019 3340 2267 3420 ἐπήγαγε
2286 3364 2299 3377 ·
2335 3346 2446 3401 Καὶ
2470 3347 2510 3415 ἠ
2545 3345 2716 3415 ψυχή
2749 3362 2870 3415 μου
2891 3343 3187 3412 ἐταράχθη
3205 3343 3459 3413 σφόδρα.
3490 3344 3601 3396 Ἰα-

2020 3460 2105 3506 σις
2135 3442 2193 3495 δὲ
2220 3440 2503 3503 ἀσθενείας
2527 3440 2759 3511 ψυχῆςὴ
2795 3441 2860 3493 ἐκ
2895 3438 3031 3492 Θεοῦ
3067 3438 3294 3509 δύναμις
3312 3456 3325 3469 ·
3358 3433 3426 3510 ἧς
3455 3438 3483 3491 ὁ
3507 3453 3601 3490 τυ-

2018 3533 2127 3605 χών
2153 3550 2317 3605 φησι·
2354 3532 2559 3586 Πάντα
2603 3532 2794 3601 ἰσχύω
2823 3531 2895 3584 ἐν
2921 3525 3006 3596 τῷ
3036 3528 3476 3599 ἐνδυναμοῦντί
3523 3544 3601 3597 με

2016 3624 2266 3697 Χριστῷ.
2304 3625 2423 3679 Ὅτι
2458 3624 2516 3678 δέ
2544 3624 2619 3696 μὴ
2656 3623 2876 3687 πάντως
2901 3621 3135 3693 αἰσθητά
3170 3620 3240 3674 τὰ
3272 3622 3427 3685 ὀστᾶ,
3452 3620 3601 3691 δηλοῖ

2015 3721 2101 3786 τὸ,
2128 3718 2334 3773 Πάντα
2347 3718 2419 3772 τὰ
2435 3714 2588 3773 ὀστᾶ
2607 3734 2726 3786 μου
2757 3715 3032 3785 ἐροῦσιν·
3066 3716 3263 3783 Κύριε,
3291 3715 3383 3780 τίς
3401 3713 3602 3783 ὅμοιός

2013 3826 2152 3876 σοι;
2211 3811 2322 3865 Καὶ
2355 3809 2437 3876 τὸ,
2467 3809 2908 3879 Διεσκορπίσθη
2930 3806 3005 3863 τὰ
3028 3806 3183 3864 ὀστᾶ
3218 3806 3390 3878 ἡμῶν
3441 3804 3601 3875 παρὰ

2013 3905 2122 3958 τὸν
2149 3904 2323 3972 ᾅδην.

2085 4173 2195 4227 Καὶ
2249 4171 2354 4234 σὺ,
2402 4174 2620 4239 Κύριε,
2683 4169 2800 4233 ἕως,
2862 4167 3039 4231 adre;
3101 4167 3211 4237 Τὴν
3261 4166 3355 4218 ἐπὶ
3404 4162 3600 4236 μακρῷ

2012 4264 2191 4335 χρόνῳ
2230 4265 2537 4337 παράστασιν
2590 4262 2691 4333 τῆς
2738 4260 2933 4315 ἐαυτοῦ
2992 4259 3281 4331 μετανοίας
3320 4255 3597 4329 ἐμφαίνει.

2025 4359 2082 4412 Ὁ
2110 4359 2217 4428 γάρ
2242 4374 2325 4410 τοι
2371 4356 2534 4426 σοφὸς
2566 4354 2675 4409 τῶν
2719 4354 2907 4426 ψυχῶν
2949 4354 3131 4424 ἰατρὸς
3163 4353 3224 4405 ού
3260 4350 3600 4421 παραχρῆμα.

2010 4450 2154 4505 κατὰ
2178 4448 2277 4521 τὴν
2306 4448 2530 4521 πρώτην
2554 4446 2888 4518 ἐπιστροφὴν
2917 4445 3177 4499 ἐπακούει
3196 4445 3291 4497 τοῦ
3320 4444 3594 4514 δεομένου,

2011 4542 2087 4607 ὼς
2109 4543 2166 4596 ἐν
2197 4541 2313 4606 ἕξει
2342 4541 2648 4613 παραμόνῳ
2693 4540 2920 4611 γένηται
2949 4537 3209 4606 τάγαθοῦ,
3241 4537 3463 4608 βεϐαίαν
3488 4536 3599 4589 δεί-

317 4632 593 4702 bilemque
609 4631 862 4687 exhibeat
891 4633 1301 4704 paenitentiam;
1333 4635 1428 4689 sed
1447 4646 1571 4705 post
1597 4649 1907 4705 congruen-

2014 4636 2107 4703 ξας
2136 4636 2424 4706 μετάνοιαν
2449 4650 2463 4665 ·
2523 4636 2618 4686 καὶ
2650 4634 2787 4705 μετὰ
2826 4632 2924 4701 τὴν
2967 4631 3156 4702 ἱκανὴν
3182 4631 3480 4701 καρτερίαν
3501 4629 3599 4699 τὴν

315 4735 425 4782 tem
478 4727 531 4781 in
580 4727 890 4783 confitendo
941 4731 1403 4799 perseverantiam
1461 4750 1474 4784 :
1545 4729 1649 4796 Me,
1706 4732 1903 4802 inquit,

316 4818 578 4879 exorasti,
604 4826 834 4887 tempore
858 4830 1068 4890 accepto
1094 4820 1342 4874 exaudivi
1373 4829 1420 4875 te
1443 4820 1512 4875 ⁷⁸.
1543 4820 1680 4875 Nam
1709 4823 1777 4878 iis
1809 4822 1905 4893 qui

314 4924 423 4963 non
451 4908 505 4963 in
531 4917 757 4979 peccato
788 4910 968 4981 ipsum
1002 4911 1262 4966 invocant
1291 4911 1438 4967 dicet
1471 4931 1483 4966 :
1526 4912 1719 4967 Adhuc
1746 4922 1801 4968 te
1830 4914 1907 4967 lo-

314 5009 537 5067 quente,
570 4999 706 5056 Ecce
735 5000 924 5056 adsum
946 5001 1015 5056 7'.
1091 5036 1097 5040 ι

386 5091 556 5149 Vens.
605 5094 722 5151 5-9.
765 5094 1032 5162 Quoniam
1082 5113 1187 5151 non
1251 5105 1330 5152 est
1370 5098 1429 5151 in
1468 5106 1637 5152 morte
1670 5099 1762 5169 qui
1796 5115 1905 5153 me-

316 5203 432 5240 mor
458 5189 527 5243 sit
567 5190 682 5252 tui;
712 5189 766 5243 in
791 5189 999 5260 inferno
1040 5199 1215 5245 autem
1249 5192 1368 5261 quis
1399 5191 1737 5260 confitebitur
1768 5192 1904 5249 tibi?

317 5277 577 5335 Laboraoi
618 5283 672 5335 in
704 5284 902 5353 gemitu
935 5300 1071 5350 meo,
1110 5283 1296 5337 lavabo
1329 5300 1419 5353 per
1454 5284 1695 5354 singulas
1725 5294 1902 5339 noctes

315 5372 501 5427 lectum
548 5390 721 5428 meum
741 5415 756 5441 ,
799 5377 1050 5447 lacrymis
1078 5378 1206 5431 meis
1231 5386 1460 5430 stratum
1500 5393 1671 5430 meum
1697 5375 1899 5447 rigabo.

315 5461 545 5534 Sapiens
573 5481 698 5520 cum
730 5476 875 5524 esset
906 5467 1095 5533 David,
1151 5484 1261 5523 non
1294 5469 1585 5540 ignorabat
1616 5470 1903 5538 praesentis

308 5559 437 5612 vitae
465 5564 699 5629 tempus,
735 5561 955 5616 medela-
979 5578 1103 5618 esse
1124 5569 1534 5632 opportunum;
1566 5578 1676 5631 quo
1715 5562 1903 5631 elapso
1964 5610 1974 5629 ,

310 5663 474 5704 nemo
537 5661 685 5706 recte
713 5666 873 5722 agere
926 5653 1094 5708 valet.
1154 5653 1410 5725 Nihilque
1461 5668 1574 5708 non
1594 5654 1703 5720 agit
1726 5660 1784 5707 ut
1808 5667 1892 5708 sa-

2011 4730 2069 4781 ἐν
2115 4726 2532 4799 ἐξομολογήσει·
2586 4726 2753 4795 φησιν
2812 4725 3128 4786 ἐνέπεισας·
3177 4721 3360 4789 καιρῷ
3413 4720 3600 4786 δεκτῷ

2009 4816 2328 4885 ἐπήκουσά
2374 4830 2514 4872 σου.
2575 4817 2701 4879 Τοῖς
2745 4815 2855 4887 γὰρ
2909 4814 2983 4885 μὴ
3018 4813 3077 4878 ἐξ
3120 4813 3391 4884 ἁμαρτίας
3437 4812 3600 4865 αὐτὸν

2011 4906 2464 4979 ἐπικαλουμένοις
2535 4908 2679 4978 ἐρεῖ·
2750 4907 2872 4959 Ἔτι
2935 4904 3223 4967 λαλοῦντός
3275 4922 3368 4957 σου
3389 4922 3413 4970 ,·
3452 4900 3598 4958 Ἰδοὺ

2008 5001 2271 5070 πάρειμι.

2086 5094 2209 5145 ’Ὁτι
2244 5092 2357 5145 οὐκ
2409 5089 2581 5145 ἔστιν
2635 5091 2705 5144 ἐν
2741 5089 2823 5155 τῷ
2855 5088 3091 5156 θανάτῳ
3135 5092 3168 5143 ό
3205 5088 3599 5158 μνημονεύων

2010 5201 2149 5249 σου,
2175 5185 2245 5239 ἐν
2269 5183 2338 5238 δὲ
2364 5184 2445 5250 τῷ
2468 5183 2581 5253 ᾅδῃ
2617 5183 2710 5250 τίς
2732 5183 3243 5253 ἐξομολογήσεταί
3277 5198 3405 5244 σοι;
3442 5183 3598 5233 Ἑκο-

2010 5279 2205 5331 πίασα
2256 5278 2326 5330 ἐν
2374 5276 2689 5347 στεναγμῷ
2741 5294 2881 5346 μου,
2914 5277 3121 5329 ,λούσω
3161 5275 3289 5330 καθ’
3330 5273 3598 5340 ἑκάστην

2010 5371 2203 5424 νύκτα
2226 5368 2343 5437 τὴν
2369 5369 2590 5436 κλίνην
2613 5386 2756 5437 μου,
2787 5367 3126 5436 ἑνδάκρυσί
3141 5384 3262 5437 μου
3282 5364 3396 5432 τὴν
3413 5380 3596 5434 στρω-

2003 5462 2170 5532 μνήν
2194 5480 2314 5532 μου
2341 5463 2560 5530 βρέξω.
2598 5462 2769 5531 Σοφὸς
2799 5460 2874 5514 ὢν
2898 5461 2927 5512 ὁ
2953 5458 3115 5513 Δαυῒδ
3154 5460 3255 5512 ούκ
3283 5458 3468 5528 ὴγνόει
3500 5455 3592 5526 τὴν

2010 5553 2293 5625 παροῦσαν
2323 5552 2469 5623 ζωὴν
2509 5552 2805 5624 θεραπείας
2844 5548 2982 5605 εἶναι
3018 5551 3232 5622 καιρὸν,
3267 5549 3383 5621 μεθ’
3417 5549 3476 5601 ὃν
3506 5548 3568 5600 ού

1998 5647 2110 5709 δεὶς
2141 5645 2396 5717 κατορθοῖ
2415 5662 2427 5674 ·
2460 5645 2554 5698 καὶ¹
2577 5645 2757 5698 πάντα
2784 5645 3014 5712 πράττει
3037 5642 3439 5714 θεραπευθῆναι
3474 5642 3591 5709 βου-ι

388 5760 432 5795 ⁶²
469 5760 669 5836 Ephes.
706 5764 845 5836 1,3:
922 5765 970 5796 "°
1009 5764 1051 5818 Il
1086 5764 1230 5823 Tim.
1264 5782 1340 5834 tv,
1375 5766 1427 5823 8.
1509 5767 1552 5798 ⁷¹
1592 5763 1831 5836 Philipp.
1865 5780 1914 5820 Iv

2014 5762 2095 5818 .5.
2181 5762 2227 5794 "
2265 5760 2415 5817 Psal.
2456 5775 2659 5826 xxmv,
2696 5759 2782 5815 lO.
2863 5759 2908 5790 ⁷³
2948 5756 3092 5814 Psal.
3127 5771 3264 5823 cn,
3303 5754 3355 5810 7.
3468 5754 3512 5785 7*
3551 5751 3591 5807 ll

314 5831 445 5887 Cor.
478 5831 532 5889 vi
552 5872 568 5899 ,
597 5832 651 5890 2.
729 5834 775 5867 ⁷⁸
816 5833 921 5891 Isa.
954 5851 1121 5899 Lvm,
1154 5837 1207 5891 9.
