4064 6372
405 393 504 448 ΙΞΙ

1545 377 2052 438 COMMENTARIA
2091 378 2158 434 IN
2197 377 2537 444 PSALMOS.

3570 373 3678 430 12?.

403 513 653 583 λόμωιος,
709 507 841 579 πρὶν
889 503 994 558 ὑπὸ
1045 503 1140 557 τοῦ
1201 507 1381 562 κοινοῦ
1423 499 1852 571 καταληφθῆναι.
1899 497 1986 550 Διό

2097 493 2324 549 nitatem
2373 495 2648 558 obtineat,
2695 495 3014 563 priusquam
3095 503 3124 543 a
3179 482 3460 544 communi
3492 481 3680 542 debito

404 622 572 677 φησιν
593 624 607 636 ·
677 602 824 654 Ἀντὶ
873 601 1002 672 μιᾶς
1033 598 1224 661 νυκτὸς
1261 597 1382 650 καθ’
1417 595 1484 667 ἣν
1515 595 1780 668 ἥμαρτον,
1811 591 1992 655 πάσας

403 695 836 769 ὲξομολογοῦμαι
898 693 1000 757 τὰς
1045 694 1270 756 νύκτας,
1297 687 1606 744 ἀποπλῦναι
1654 685 1993 757 πειρώμενος

405 792 664 863 ἐμαυτὸν.
689 790 784 843 καὶ
811 787 910 860 τὴν
940 787 1025 856 ἐφ’
1048 787 1114 858 ἣν
1141 786 1386 856 ἥμαρτον
1419 782 1606 853 κλίνην
1639 781 1868 852 δᾶκρυσι
1896 795 1993 850 με-

405 886 645 948 τανοίας.
689 880 822 937 Οἶδα
871 881 980 954 γὰρ
1015 880 1072 934 δὲ
1111 877 1214 932 κᾶν
1250 876 1392 948 τύχῃ
1419 875 1516 946 τῆς
1540 873 1788 942 ἀφέσεως
1825 873 1995 940 ἐπαγ-

407 978 688 1050 γέλληται,
718 978 970 1048 δακρύων
1001 979 1172 1051 πέρας
1201 980 1298 1050 οὐχ
1326 980 1486 1044 ἕξειν.
1520 978 1593 1030 Τὸ
1619 975 1696 1042 δὲ,
1748 974 1846 1040 Τίς
1888 971 1988 1036 ἐξ-

409 1070 850 1142 ομολογήσεται
895 1088 1027 1134 σοις
1078 1072 1199 1124 ἀντὶ
1235 1071 1352 1136 τοῦ,
1381 1069 1601 1136 οὐδείς,
1633 1069 1840 1122 κεῖται·
1889 1062 1986 1120 νῦν

409 1164 520 1236 γὰρ
552 1164 613 1217 οὐ
649 1163 904 1236 σημαίνει
930 1164 993 1218 τὸ
1019 1165 1258 1219 σπάνιον.

487 1419 811 1490 Ἐταράχθη
864 1417 986 1476 ἀπὸ
1036 1417 1228 1488 θυμοῦ
1258 1420 1292 1472 ὁ
1335 1417 1644 1488 ὀφθαλμός
1672 1433 1814 1486 μου,
1845 1415 1991 1469 ἐπα-

405 1511 669 1582 λαιώθην
712 1512 784 1565 ἑν
839 1511 993 1567 πᾶσι
1025 1511 1152 1578 τοῖς
1204 1509 1440 1581 ἐχθροῖς
1473 1527 1614 1580 μου.
1658 1510 1724 1564 Ἡ
1774 1509 1989 1582 μνήμη,

403 1606 561 1676 φησι,
580 1604 674 1658 τοῦ
700 1603 874 1676 Θυμοῦ
892 1621 984 1658 σου
1017 1605 1112 1658 καὶ
1142 1603 1243 1675 τῆς
1286 1603 1456 1676 ὀργῆς
1485 1602 1577 1656 τὴν
1602 1601 1735 1674 ἐμὸν
1759 1601 1990 1674 ἐτάραξε

403 1698 560 1752 νοῦν⁶
587 1698 690 1770 ὃδὴ
715 1698 986 1752 διδάσκων
1015 1699 1043 1752 ὁ
1059 1698 1252 1769 Σωτὴρ
1275 1697 1461 1767 ἔλεγεν
1481 1714 1493 1726 ·
1531 1689 1597 1744 Ὀ
1622 1698 1854 1766 λύχνος
1882 1695 1990 1750 τοῦ

399 1793 676 1862 σώματος
720 1791 896 1846 ἐστὶν
941 1795 974 1846 ὁ
1015 1791 1342 1861 ὀφθαλμός.
1381 1791 1454 1844 Οὐ
1481 1789 1592 1863 γὰρ
1636 1790 1872 1862 ἐγχωρεῖ
1893 1789 1989 1843 ἕνα

395 1885 508 1937 τῶν
538 1885 680 1938 δυεῖν
713 1883 1009 1955 ὀφθαλμῶν
1033 1883 1124 1938 τοῦ
1154 1882 1405 1954 σώματος
1442 1882 1634 1954 λύχνον
1665 1878 1800 1936 εἶναι
1828 1899 1842 1914 ·
1872 1881 1986 1935 ἀλλ’

393 1976 518 2030 οὐδὲ
550 1977 861 2048 σωματικὸς
885 1975 1162 2048 ὀφθαλμὸς
1187 1977 1295 2030 ὑπὸ
1324 1975 1497 2046 θυμοῦ
1530 1976 1864 2047 ταράσσεται
1892 1971 1986 2028 τοῦ

395 2068 556 2124 Θεοῦ.
621 2071 768 2125 Ἀντὶ
815 2069 1240 2142 κατορθώματος
1302 2069 1362 2122 δὲ
1411 2067 1832 2140 καταριθμεῖται
1887 2067 1988 2132 τὰς

399 2163 540 2226 ἰδίας
589 2161 962 2226 κακοπαθείας
984 2181 998 2194 ·
1036 2165 1093 2216 ὲν
1127 2157 1216 2226 αἷς
1245 2163 1341 2217 καὶ
1388 2163 1488 2233 τὴν
1519 2161 1762 2216 κάκωσιν
1794 2180 1855 2215 τε
1892 2162 1988 2215 καὶ

394 2255 750 2319 ταπείνωσιν,
771 2255 840 2326 ἣν
862 2256 954 2308 ἐπὶ
973 2255 1224 2308 πλεῖστον
1238 2253 1429 2327 χρόνον
1457 2255 1514 2308 ὲν
1542 2254 1729 2326 μέσοις
1753 2256 1988 2308 ἐποιεῖτο

395 2351 514 2412 τοῖς
543 2349 693 2412 ἰδίοις
726 2349 962 2420 ἐχθροῖς.

477 2441 799 2508 Ἀπόστητε
825 2440 926 2494 ἀπ’
955 2439 1123 2510 ἐμοῦ,
1149 2439 1373 2505 πάντες
1389 2441 1443 2494 ol
1473 2437 1848 2510 ἐργαζόμενοι
1872 2435 1988 2506 τὴν

389 2533 673 2602 ἀνομίαν,
719 2533 810 2586 ὅτι
870 2531 1203 2600 εὶσήκουσε
1243 2534 1458 2602 Κύριος
1494 2530 1604 2600 τῆς
1633 2530 1840 2600 φωνῆς
1879 2531 1987 2586 τοῦ

395 2625 710 2693 κλαυθμοῦ
745 2641 886 2692 μου.
933 2622 1279 2690 Εὶσήκουσε
1310 2624 1526 2692 Κύριος
1551 2623 1662 2694 τῆς
1723 2621 1988 2690 δεήσεώς

389 2735 537 2787 μου,
585 2718 804 2786 Κύριος
863 2716 981 2786 τὴν
1010 2715 1367 2786 προσευχήν
1398 2733 1519 2786 μου
1558 2715 1982 2785 προσεδέξατο.

395 2811 891 2881 Αίσχυνθείησαν
959 2810 1062 2865 καὶ
1125 2809 1576 2878 ταραχθείησαν
1643 2808 1865 2876 πάντες
1933 2812 1988 2865 οὶ

395 2904 600 2975 ἐχθροί
623 2921 766 2973 μου,
813 2904 1336 2973 ὲπιστραφείησαν
1375 2904 1476 2958 καὶ
1508 2903 1989 2974 αἰσχυνθείησαν

393 2995 634 3065 σφόδρα
687 2995 786 3050 διὰ
831 2994 1074 3064 τάχους.
1143 2996 1415 3068 Ἐπηκόου
1467 2995 1644 3067 τυχὼν
1685 2994 1782 3048 τοῦ
1827 2995 1985 3061 Θεοῦ,

397 3087 719 3157 ἐπιστρέφει
768 3087 930 3140 πάλιν
959 3087 1097 3159 πρὸς
1135 3087 1297 3141 αὐτὸν
1321 3087 1420 3158 τὴν
1450 3089 1636 3158 εὐχὴν,
1671 3088 1765 3140 καὶ
1805 3103 1986 3158 παρα-

2097 586 2614 656 comprehendatur.
2634 584 2998 652 Quamobrem
3019 581 3094 636 ait
3114 600 3128 634 :
3145 579 3254 636 Pro
3269 594 3377 634 una
3395 585 3554 633 nocte
3571 593 3680 648 qua

2093 687 2376 752 peccatum
2409 679 2624 741 admisi,
2666 693 2762 748 per
2801 675 3044 746 singulas
3077 680 3268 728 noctes
3303 671 3588 736 conﬁteor,
3625 672 3680 726 id

2094 781 2350 841 satagens
2381 780 2438 826 ut
2481 771 2750 839 meipsum
2799 775 2854 823 et
2909 768 3108 822 lectum
3159 766 3216 820 in
3266 781 3375 834 quo
3431 763 3676 833 peccavi,

2093 863 2430 935 pmnitentiae
2485 861 2740 932 lacryniis
2791 859 3030 914 abluam.
3083 856 3260 912 Probe
3314 855 3431 910 scio
3489 855 3676 917 enim,

2093 957 2308 1014 etiamsi
2366 955 2748 1011 remissionem
2797 952 3145 1023 polliceatur,
3182 965 3270 1004 me
3339 947 3680 1018 lacrymandi

2093 1059 2276 1106 tamen
2335 1048 2496 1104 linem
2559 1060 2842 1116 nunquam
2907 1043 3202 1099 facturum.
3243 1039 3386 1094 Illud
3438 1049 3674 1094 autem:

2093 1141 2226 1210 Quis
2258 1139 2590 1209 conﬁtebitur
2633 1137 2772 1192 tibi?
2819 1137 2940 1191 loco
2969 1133 3144 1200 verbi,
3185 1132 3386 1196 nullus,
3439 1132 3682 1202 positum
3767 1181 3772 1184 _

2091 1241 2197 1300 est,
2227 1248 2406 1304 neque
2440 1233 2590 1289 enim
2621 1231 2954 1304 paucitatem
2985 1226 3364 1283 conﬁtentium
3409 1241 3559 1280 nunc
3604 1225 3682 1281 si-

2091 1325 2334 1399 gniﬁcat.

2163 1416 2330 1474 Vens.
2364 1417 2420 1472 8.
2457 1415 2723 1471 Turbatus
2750 1421 2828 1468 est
2859 1429 2892 1468 α
2925 1412 3105 1483 furore
3139 1409 3322 1465 oculus
3371 1426 3516 1464 meus
3557 1425 3576 1463 :
3607 1410 3684 1464 in-

2091 1511 2318 1565 veteravi
2349 1511 2486 1564 inter
2538 1524 2716 1563 omnes
2765 1507 3009 1560 inimicos
3063 1521 3224 1560 meos.
3263 1504 3544 1569 Memoria,
3597 1506 3684 1559 in-

2092 1605 2232 1675 quit,
2263 1603 2466 1658 furoris
2513 1603 2714 1672 iraeque
2744 1610 2850 1656 tua:
2882 1609 3122 1654 mentem
3167 1613 3341 1652 meam
3391 1599 3629 1652 turbavit
3663 1617 3676 1652 τ

2092 1695 2238 1766 quod
2267 1697 2447 1765 ipsum
2501 1692 2754 1748 Salvator
2800 1691 2889 1747 his
2931 1691 3116 1746 verbis
3165 1690 3354 1746 docuit
3389 1708 3404 1746 :
3436 1690 3679 1745 Lucerna

2091 1789 2329 1858 corporis
2382 1790 2458 1840 tui
2517 1795 2596 1841 est
2646 1784 2828 1840 oculus
2865 1793 2986 1838 tuus
3027 1785 3099 1839 ".
3133 1783 3323 1854 Ncque
3364 1784 3510 1839 enim
3561 1783 3680 1838 ﬁeri

2089 1888 2291 1952 potest,
2319 1889 2381 1936 ut
2415 1897 2556 1936 unus
2583 1887 2806 1962 tantum
2836 1894 2902 1933 ex
2927 1877 3146 1934 duobus
3172 1877 3349 1934 oculis
3383 1878 3454 1932 sit
3483 1891 3682 1946 corpo-

2088 1978 2168 2032 ris
2215 1975 2439 2030 lucerna
2474 1993 2486 2027 :
2525 1979 2580 2026 at
2611 1986 2791 2042 neque
2833 1987 3137 2042 corporeus
3193 1969 3390 2025 oculus
3423 1984 3454 2023 a
3493 1968 3682 2025 furore

2087 2067 2186 2123 Dei
2208 2065 2485 2121 turbatur.
2523 2061 2671 2117 Inter
2703 2068 2855 2116 recte
2884 2060 3030 2116 facta
3077 2075 3208 2116 vero
3253 2057 3596 2114 calamitates
3624 2063 3681 2110 et

2087 2173 2361 2216 aerumnas
2389 2171 2519 2212 suas
2549 2161 2838 2232 enumerat
2855 2169 2871 2217 ;
2913 2153 2970 2206 in
3000 2152 3202 2222 quibus
3232 2149 3568 2206 recensenda
3595 2153 3682 2202 est

2089 2250 2311 2306 aﬂlictio
2338 2249 2429 2303 illa
2463 2253 2517 2301 et
2549 2240 2806 2316 abjcctio,
2842 2259 3004 2315 quam
3033 2242 3297 2297 diuturno
3330 2251 3571 2310 tempore
3595 2239 3680 2292 iit--

2089 2354 2170 2398 ter
2202 2340 2413 2396 medios
2443 2337 2699 2392 inimicos
2725 2351 3024 2406 perpessus
3044 2341 3149 2388 est.

2158 2434 2326 2490 Vens.
2387 2431 2545 2487 9-H.
2605 2427 2870 2483 Discedite
2925 2444 2958 2481 a
3013 2442 3114 2490 me,
3164 2440 3342 2494 omnes
3379 2423 3682 2494 quiopera-

2087 2527 2218 2582 mini
2247 2513 2602 2597 iniquitatem,
2640 2521 2889 2593 quoniam
2917 2517 3184 2573 exaudivit
3219 2515 3478 2570 Dominus
3507 2527 3680 2568 vocem

2086 2619 2242 2690 ﬂetus
2277 2618 2400 2671 mei.
2435 2613 2724 2669 Exaudivit
2749 2610 3008 2665 Dommus
3041 2609 3458 2678 deprecationem
3483 2623 3678 2669 meam,

2089 2711 2347 2764 Dominus
2401 2707 2695 2761 orationem
2730 2721 2900 2758 meam
2942 2702 3192 2770 suscepit.
3259 2699 3590 2752 Erubescunt
3631 2709 3684 2751 et

2089 2799 2462 2856 conturbentur
2527 2815 2706 2852 omnes
2755 2797 2962 2850 inimici
3021 2794 3146 2856 mei,
3200 2790 3599 2861 confundantur
3631 2801 3684 2844 et

2087 2885 2394 2950 erubescant
2429 2889 2580 2945 valde
2613 2888 2874 2944 velociter.
2928 2886 3068 2942 Cum
3119 2885 3294 2940 Deum
3353 2883 3456 2937 sibi
3495 2881 3681 2952 propi-

2089 2992 2226 3046 tium
2256 2997 2452 3045 nactus
2481 2987 2572 3053 sit,
2609 2985 2678 3040 ad
2721 2985 2901 3054 ipsum
2953 2979 3136 3034 denuo
3185 2975 3490 3031 orationem
3523 2989 3682 3028 suam

2089 3084 2396 3149 convertit;
2455 3085 2722 3151 rogatque
2755 3083 2816 3131 ut
2863 3072 3125 3129 recedant
3165 3076 3220 3124 et
3273 3065 3682 3123 confundantur

393 3177 557 3233 καλεῖ
605 3179 742 3250 πρὸς
774 3179 837 3232 τὸ
891 3179 1243 3251 ἀναχωρῆσαι
1275 3179 1372 3232 καὶ
1413 3179 1769 3250 αἰσχυνθῆναι
1815 3177 1981 3231 αὑτοῦ

2092 3176 2296 3233 inimici
2321 3175 2427 3236 sui,
2465 3178 2752 3244 postquam
2779 3167 2991 3224 insidia:
3011 3166 3278 3236 ipsorum,
3309 3159 3420 3216 Deo
3452 3159 3554 3215 sibi
3584 3174 3682 3229 per

392 3274 524 3336 τοὺς
549 3271 796 3343 ἐχθροὺς,
850 3271 1222 3340 ἀποτυχόντας
1255 3273 1313 3324 ὲν
1349 3265 1430 3334 οἷς
1461 3269 1880 3334 ἐπεϐούλευσαν,
1918 3269 1984 3322 δι’

391 3359 470 3420 ὧν
503 3365 651 3435 αὐτῷ
673 3365 802 3430 Θεὸς
825 3364 924 3436 τὴν
959 3363 1234 3436 σωτηρίαν
1262 3363 1586 3435 παρέσχετο.
1628 3362 1793 3428 Ἀξιοῐ
1816 3362 1870 3415 δὲ
1893 3363 1988 3416 καὶ

395 3459 518 3512 Δίαν
571 3459 770 3522 αὐτοὺς
800 3455 1170 3530 ταραχθῆναι·
1203 3455 1232 3509 ὃ
1266 3455 1332 3527 δὴ
1363 3457 1579 3520 πάντως
1612 3455 1809 3520 αὐτοὺς
1846 3454 1990 3510 κατὰ

391 3552 488 3606 τὸν
522 3552 712 3624 καιρὸν
759 3551 858 3622 τῆς
907 3549 1002 3604 τοῦ
1044 3549 1177 3604 Θεοῦ
1242 3549 1639 3620 δικαιοκρισίας
1686 3546 1985 3612 ἐκδέξεται.

819 3667 1114 3724 ΨΑΛΜΟΣ
1139 3667 1227 3720 ΤΩ
1258 3667 1460 3720 ΔΑΥΙΔ
1493 3667 1567 3718 Z'.

400 3782 508 3834 Ὃν
535 3774 656 3852 ᾖσε
677 3778 760 3846 τῷ
807 3781 1010 3848 Κυρίῳ
1056 3779 1212 3852 ὑπὲρ
1251 3779 1373 3852 τῷν
1409 3779 1610 3848 λόγων
1630 3777 1822 3832 Χουσὶ
1850 3775 1988 3832 υἱοῦ

1071 3849 1326 3920 Ἰεμενεῖ.

469 3965 648 4034 Κύριε
669 3969 704 4020 ὀ
739 3967 884 4033 Θεός
905 3983 1047 4037 μου,
1082 3965 1184 4020 ἐπὶ
1213 3965 1314 4020 σοὶ
1350 3965 1588 4034 ἤλπισα
1611 3981 1624 3993 ·
1672 3960 1882 4017 σῶσόν
1909 3979 1987 4032 με

389 4058 464 4114 ἐκ
493 4058 738 4112 πάντων
772 4061 897 4116 τῶν
934 4059 1270 4114 διωκόντων
1287 4075 1384 4127 με,
1423 4056 1521 4111 καὶ
1540 4055 1838 4125 ρῦσαίμε,
1867 4054 1984 4124 μή·

390 4165 546 4205 ποτε
571 4149 816 4221 ἁρπάσῃ
849 4151 932 4217 ὡς
961 4149 1118 4216 λέων
1143 4149 1260 4218 τὴν
1293 4148 1506 4219 ψυχήν
1529 4167 1670 4218 μου,
1696 4147 1783 4217 μὴ
1812 4147 1986 4213 ὄντος

388 4243 832 4313 λυτρουμένου,
860 4242 1016 4313 μηδὲ
1047 4241 1359 4308 σώζοντος.
1392 4242 1506 4294 Ούκ
1535 4243 1622 4294 ἐπ’
1654 4239 1984 4312 ἀνθρώποις,

390 4339 518 4391 οῦδὲ
554 4337 883 4408 συμϐουλαῖς
934 4335 1266 4409 ἀνθρώπων,
1306 4335 1340 4406 ἦ
1399 4333 1629 4406 στρατοῦ
1657 4333 1854 4404 πλήθει
1886 4333 1986 4400 τὰς

391 4431 540 4502 ἐμὰς
579 4431 800 4494 ἐλπίδας
853 4431 1190 4502 ἀπήρτησαο
1231 4429 1324 4481 Διό
1377 4445 1444 4500 με
1498 4427 1656 4500 ῥῦσαι
1709 4426 1985 4497 πολεμίων

2089 3286 2182 3326 eas
2225 3270 2454 3326 salutem
2508 3263 2844 3327 conferente,
2876 3261 3018 3315 male
3046 3263 3354 3313 cesserunt.
3415 3251 3679 3308 Precatur

2089 3369 2292 3426 autem,
2327 3367 2390 3414 ut
2445 3357 2795 3413 vehementer
2847 3350 3288 3407 conturbenlur:
3348 3345 3496 3414 quod
3546 3342 3681 3413 ipsis

2089 3455 2375 3527 sanc’justi
2401 3452 2496 3508 Dei
2523 3449 2719 3524 judicii
2753 3457 3000 3517 tempore
3041 3451 3364 3496 eventurum
3396 3445 3504 3493 est.

2488 3645 2814 3704 PSALMUS
2851 3641 3064 3698 DAVID
3105 3638 3220 3694 Vll.

2087 3769 2141 3823 1.
2193 3745 2368 3832 ¹ριιεηι
2423 3763 2656 3818 cantavit
2703 3759 2930 3832 Domino
2971 3771 3074 3832 pro
3125 3753 3298 3810 verbis
3355 3749 3522 3808 Clausi
3579 3749 3680 3818 ﬁlii

2781 3829 2810 3882 J
2819 3829 3001 3882 emini.

2155 3951 2322 4007 Vens.
2351 3949 2408 4016 2,
2438 3949 2491 4004 5.
2527 3947 2750 4001 Domine
2797 3943 2938 3997 Deus
2997 3957 3168 4006 meus,
3215 3939 3275 3993 in
3330 3947 3376 3992 te
3409 3935 3618 4006 speravi
3649 3955 3668 3990 .-

2085 4047 2290 4101 salvum
2355 4059 2438 4096 me
2498 4041 2586 4110 fac
2643 4054 2708 4093 ea:
2768 4035 3010 4090 omnibus
3065 4030 3495 4104 persequentibus
3560 4046 3678 4094 me,

2083 4151 2134 4193 et
2169 4136 2334 4191 libera
2363 4151 2464 4188 me.
2491 4129 2786 4201 Nequando
2819 4129 2996 4198 rapiat
3023 4137 3082 4180 ut
3111 4126 3192 4180 leo
3223 4124 3458 4178 animam
3487 4137 3676 4186 meam,

2085 4231 2212 4284 dum
2257 4246 2360 4282 non
2407 4235 2484 4281 est
2511 4227 2601 4296 qui
2655 4221 2906 4284 redimat,
2939 4235 3102 4286 neque
3129 4217 3220 4288 qui
3259 4215 3464 4270 saluum
3489 4213 3676 4282 faciat.

2083 4322 2441 4393 Nequaquam
2473 4320 2528 4374 in
2561 4315 2915 4378 hominibus,
2951 4325 3131 4380 neque
3163 4310 3218 4362 in
3271 4305 3520 4362 consiliis
3575 4303 3678 4356 ho-

2089 4415 2320 4481 minum,
2352 4425 2528 4480 neque
2560 4410 2612 4462 in
2644 4406 2920 4462 exercitus
2971 4403 3146 4472 copiis
3180 4414 3330 4468 spem
3363 4411 3538 4451 meam
3591 4411 3680 4450 re—

397 4539 490 4592 μοι
513 4521 782 4575 τοσούτων
829 4522 1195 4592 ἐπικειμένων
1225 4521 1313 4574 διὰ
1340 4521 1561 4584 παντός.
1585 4520 1660 4572 Οὐ
1699 4519 1858 4590 μόνον
1892 4517 1986 4571 νῦν

2092 4507 2250 4576 posui
2287 4524 2299 4557 :
2333 4507 2667 4572 quapropter
2699 4512 2730 4550 a
2753 4503 2834 4550 tot
2869 4507 3086 4564 semper
3116 4487 3454 4546 instantibus
3495 4486 3679 4541 inimi-

405 4614 786 4685 Ἀϐεσσαλὼμ,
845 4617 940 4668 καὶ
983 4614 1284 4684 Ἀχιτόφελ,
1318 4613 1412 4667 καὶ
1453 4611 1562 4664 τῶν
1613 4612 1712 4664 σὺν
1757 4611 1941 4673 αὐτοῖς
1965 4627 1978 4640 ·

389 4705 536 4759 ἀλλὰ
567 4707 660 4758 καὶ
679 4705 846 4759 πάλαι
877 4705 982 4776 νέῳ
1008 4705 1121 4758 ὄντι
1153 4705 1328 4758 Σαούλ
1366 4721 1425 4756 τε
1457 4703 1548 4756 xal.
1580 4702 1846 4755 πλείστων
1873 4699 1984 4754 τῶν

387 4816 456 4850 τε
475 4799 546 4850 δι’
571 4797 750 4851 αὐτῶν
775 4799 996 4868 ἀφανῶς
1033 4815 1123 4869 μοι
1154 4797 1534 4867 πολεμούντων
1565 4795 1838 4865 δαιμόνων
1861 4811 1875 4824 ’
1909 4788 1984 4847 ὧν

391 4907 464 4942 πε
475 4891 528 4962 ρὶ
553 4889 646 4943 τοῦ
677 4891 933 4963 ἄρχοντος
957 4892 1169 4963 εἴρηται
1188 4909 1201 4921 ·
1250 4891 1303 4943 '0
1331 4889 1632 4956 ἀντίδικος
1672 4886 1840 4956 ὑμῶν
1860 4885 1987 4939 διά-

391 4985 580 5048 ϐολος
625 4989 712 5048 ὡς
763 4982 921 5037 λέων
972 4983 1310 5052 ὠρυόμενος
1366 4983 1734 5051 ,περιέρχεται
1797 4976 1986 5049 ζητῶν

387 5078 534 5130 τίνα
588 5077 848 5146 καταπίῃ
875 5095 888 5108 ·
925 5077 984 5144 ἐξ
1007 5071 1066 5132 οὗ
1095 5078 1330 5148 μάλιστα
1364 5077 1626 5149 ῥυσοῆναι
1658 5077 1982 5148 παρακαλῶ.

467 5351 648 5418 Κύριε
677 5353 707 5404 ὁ
736 5352 877 5416 θεός
912 5367 1054 5420 μου,
1089 5351 1138 5404 εἰ
1181 5350 1440 5417 ἐποίησα
1487 5349 1682 5408 τοῦτο,
1725 5350 1777 5400 et
1817 5347 1988 5401 ἔστιν

389 5445 604 5502 ἀδικία
635 5461 706 5496 εν
736 5445 910 5514 χερσί
935 5463 1076 5514 μου,
1115 5447 1168 5498 εὶ
1209 5442 1598 5498 ἀνι-ἀπέδωκα
1643 5441 1767 5507 τοῖς
1805 5441 1986 5494 ἀντα-

390 5535 722 5590 ποδιδοῦσί
765 5555 866 5605 μοι
915 5536 1104 5600 κακὰ,
1143 5535 1503 5603 ἀποπέσοιμι
1548 5532 1662 5601 ἄρα
1708 5532 1826 5586 ἀπὸ
1871 5531 1988 5586 τῶν

389 5628 634 5699 ἐχθρῶν
655 5647 773 5697 μου
802 5631 1178 5700 κενός.”Οσην
1199 5629 1321 5696 ἄγει
1345 5627 1654 5699 παρρησίαν
1677 5627 1768 5678 ἐπὶ
1800 5625 1878 5695 τῷ
1909 5625 1982 5695 μὴ

393 5725 790 5795 punctu-422v!
840 5723 1145 5794 Ἐξαίρετον
1185 5723 1294 5792 γὰρ
1332 5719 1493 5774 τοῦτο
1528 5719 1858 5790 κατόρθωμα
1889 5715 1983 5770 τοῦ

464 5887 514 5918 ⁷⁸
561 5883 752 5938 Matth.
787 5899 864 5950 νι,
905 5879 995 5934 22.
1075 5881 1118 5912 ⁷⁷
1162 5880 1178 5933 l
1213 5877 1426 5932 Petr.'v
1452 5916 1465 5929 .
1499 5875 1552 5930 8.

2091 4601 2173 4652 cis
2204 4597 2356 4666 eripe
2407 4609 2512 4648 me.
2548 4589 2737 4659 Neque
2792 4587 2968 4642 solum
2997 4583 3144 4638 enim
3197 4581 3264 4636 ab
3306 4580 3581 4636 Absalone
3624 4585 3681 4632 et

2091 4687 2446 4758 Achitophele
2502 4697 2802 4752 eorumque
2859 4675 3191 4748 sequacibus
3256 4673 3350 4742 qui
3409 4685 3497 4725 me
3531 4683 3677 4723 nunc

2093 4783 2454 4845 adoriuntur;
2493 4777 2590 4831 scd
2633 4775 2748 4844 jam
2787 4771 2920 4827 olim
2967 4765 3187 4838 juvenis
3218 4778 3345 4818 cum
3383 4775 3586 4824 essem,
3645 4773 3676 4811 a

2095 4877 2281 4935 Saule,
2319 4871 2427 4930 et'a
2457 4871 2641 4925 multis
2672 4868 2762 4938 qui
2797 4880 2883 4920 me
2917 4862 3092 4932 ipsius
3119 4871 3282 4929 opera
3317 4855 3458 4910 clam
3499 4851 3676 4921 impu-

2091 4970 2334 5042 gnabant
2383 4962 2745 5020 daemonibus,
2793 4957 2862 5012 de
2911 4967 3144 5024 quorum
3177 4947 3421 5017 principe
3467 4943 3674 4998 dictum

2093 5055 2589 5117 est:Adversarius
2641 5059 2807 5104 vester
2855 5041 3122 5104 diabolus,
3163 5047 3413 5108 tanquam
3470 5033 3548 5086 leo
3583 5047 3678 5084 rue

2092 5159 2236 5224 gicns
2258 5150 2443 5204 circuit
2463 5161 2703 5217 quwrens
2727 5158 2877 5212 quem
2912 5139 3120 5191 deuoret
3145 5133 3212 5185 '".
3243 5131 3288 5184 A
3311 5144 3420 5200 quo
3441 5141 3674 5198 prmser-

2093 5250 2186 5302 tim
2212 5263 2298 5300 me
2320 5245 2518 5298 liberes
2545 5255 2696 5308 rogo.
3613 5229 3616 5232 ’

2146 5340 2316 5392 Vens.
2350 5337 2404 5398 4,
2431 5335 2484 5389 5.
2519 5332 2736 5386 Domine
2765 5328 2898 5380 Deus
2934 5318 3164 5384 meus,si
3194 5319 3292 5387 feci
3321 5317 3486 5378 istud,
3523 5314 3570 5366 si
3593 5321 3672 5366 est

2093 5434 2349 5503 iniquitas
2394 5430 2448 5482 in
2484 5425 2728 5479 manibus
2775 5419 2902 5474 meis
2937 5431 2954 5470 :
2991 5417 3040 5470 si
3077 5411 3282 5466 reddidi
3329 5403 3670 5462 retribuenti-

2095 5500 2195 5582 bus
2229 5525 2356 5579 mihi
2409 5521 2576 5582 mala,
2609 5513 2854 5572 decidam
2909 5509 3094 5563 merito
3137 5505 3202 5558 ab
3259 5500 3488 5556 inimicis
3537 5510 3670 5554 mets

2090 5620 2290 5674 inanis.
2341 5614 2614 5680 Quantam
2641 5623 2708 5662 ex
2746 5602 3022 5660 oblivione
3067 5595 3390 5666 injuriarum
3442 5605 3505 5644 ac
3532 5585 3670 5641 tole-

2089 5711 2268 5766 rantia
2300 5676 2551 5762 ﬁduciam
2585 5695 2757 5774 David
2787 5691 3038 5750 exhibet!
3075 5687 3202 5743 llazc
3232 5697 3362 5741 sane
3393 5676 3668 5750 praecipua
