4020 6372
416 362 548 434 ἰεδ

1004 334 1006 337 ι
1087 378 1362 435 EUSEBII
1395 378 1878 437 CIESARIENSIS
1914 381 2064 438 OPP.
2105 382 2288 438 PARS
2324 381 2410 437 111.
2451 409 2521 421 -
2553 379 2962 437 EXEGETICA.

3597 374 3699 431 124

440 500 564 569 ejus
594 499 772 556 virtus
796 508 915 567 est,
942 505 1003 554 ut
1050 497 1255 570 Moysis
1296 501 1690 556 mansuetudo:
1720 500 1855 556 Erat
1883 503 2016 556 enim

2124 502 2315 556 Δαυῗδ·
2358 504 2433 566 ὡς
2460 501 2554 556 τοῦ
2587 503 2684 573 μὲν
2710 503 2987 575 Μωῦσέως
3025 501 3088 555 τὸ
3129 503 3328 574 πρᾶοψ
3363 499 3559 569 Πρᾶος
3589 500 3698 570 γὰρ

440 591 751 646 mitissimus
784 608 940 660 super
973 609 1149 646 omnes
1199 590 1433 646 homines
1471 595 1562 663 qui
1592 593 1939 648 morabantur
1962 595 2018 649 in

465 694 608 739 terra
624 684 709 749 ης.
728 683 1022 738 Abrahami
1055 683 1224 739 ﬁdes:
1256 683 1493 738 Credidit
1521 686 1669 741 enim
1704 686 1835 751 Deo,
1867 696 1916 740 et
1935 704 2018 742 re-

441 786 685 847 putatum
718 785 797 831 est
826 778 874 831 ei
897 777 951 831 in
970 776 1243 846 justitiam
1257 778 1341 844 ";
1373 777 1496 833 Jobi
1529 778 1812 849 patientia,
1861 776 2018 834 Jose-

440 868 535 939 phi
582 868 940 931 continentia,
990 867 1300 925 Salomonis
1343 870 1633 941 sapientia.
1678 869 1839 926 Certe
1888 887 2018 926 san-

441 966 655 1012 ctorum
687 960 907 1029 egregia
954 960 1157 1026 virtus,
1205 976 1315 1016 non
1346 962 1405 1016 in
1432 962 1599 1017 rebus
1637 963 1829 1017 iisdem
1858 964 2017 1018 testi-

440 1050 685 1104 monium
737 1053 987 1122 accepit;
1040 1052 1133 1108 sed
1187 1053 1244 1107 in
1294 1068 1401 1123 quo
1452 1055 1772 1109 certaminis
1821 1070 2019 1125 genere

440 1142 804 1213 praecellebat.
842 1142 1013 1198 David
1056 1143 1225 1214 igitur
1269 1145 1364 1216 qui
1406 1161 1625 1217 semper
1669 1148 2027 1203 tolerantiam.

439 1233 879 1305 oblivionemque
923 1234 1257 1305 injuriarum
1286 1238 1510 1306 expetiit
1531 1276 1546 1300 ,
1579 1237 1628 1291 id
1661 1237 1805 1307 apud
1846 1237 2016 1294 Deum

440 1325 724 1380 contendit
752 1336 810 1381 ut
835 1328 988 1397 paria
1012 1336 1404 1399 consequatur.
1448 1327 1585 1383 Nam
1619 1345 1652 1383 a
1693 1329 1897 1401 Spiritu
1931 1331 2017 1386 di-

440 1417 569 1472 vino
605 1419 904 1473 edidicerat
928 1419 1169 1475 futuram
1194 1421 1342 1475 illam
1373 1420 1673 1477 Salvatoris
1698 1423 2019 1493 promissio-

442 1526 605 1566 nem:
660 1509 720 1566 Si
753 1512 1067 1567 dimiseritis
1096 1512 1398 1567 hominibus
1444 1522 1662 1582 peccata
1692 1531 1893 1580 eorum,
1928 1516 2014 1571 di-

442 1604 613 1658 mittet
639 1613 687 1658 et
717 1604 859 1659 vobis
889 1604 1056 1659 Pater
1081 1613 1248 1660 vester
1277 1606 1502 1661 cmlestis
1525 1606 1719 1661 delicta
1747 1618 1927 1662 vestra
1942 1609 2011 1663 ⁸ο.

442 1689 625 1756 Quare
671 1706 795 1746 cum
855 1703 1251 1763 congruentem
1298 1695 1564 1753 edidisset
1611 1697 2012 1768 paenitentiam,

440 1785 653 1836 veniam
680 1794 1014 1840 consecutus
1044 1793 1150 1842 est.
1228 1842 1231 1843 ν

2123 590 2203 663 ἦν
2229 594 2388 662 παρὰ
2415 595 2643 661 πάντας
2665 593 2808 661 τοὺς
2835 592 3184 663 ἀνθρώπους
3208 594 3350 660 τοὺς
3382 593 3560 657 ὄντας
3598 577 3698 643 ἐπὶ

2125 685 2234 753 τῆς
2268 685 2411 755 γῆς’
2461 684 2554 738 τοῦ
2602 685 2852 758 Ἀϐραὰμ
2898 685 2954 738 δὲ
2996 687 3030 756 ή
3078 685 3292 748 πίστις’
3340 684 3699 738 Ἐπίστευσα

2123 778 2230 850 γὰρ
2268 777 2348 843 τῷ
2380 776 2520 842 Θεῷ,
2549 777 2645 830 καὶ
2668 777 2954 846 ἐλογίσθη
2977 776 3137 843 αὑτῷ
3155 779 3243 842 εὶς
3268 775 3662 842 δικαιοσύνην
3679 788 3695 805 ο

2124 871 2220 923 καὶ
2260 868 2353 923 τοῦ
2394 867 2514 923 Ἰὼϐ
2546 872 2578 939 ἡ
2614 868 2897 941 καρτερία,
2926 869 3019 922 καὶ
3061 868 3257 940 Ἰωσὴφ
3287 869 3318 938 ἡ
3354 866 3696 938 σωφροσύνη,

2124 961 2218 1014 καὶ
2254 964 2287 1033 ἡ
2340 961 2500 1031 σοφία
2547 960 2642 1014 τοῦ
2694 961 3064 1032 Σαλομῶντος.
3101 960 3212 1015 Καὶ
3238 958 3300 1011 τὸ
3336 957 3559 1030 στερρὸν
3592 956 3699 1010 τῶν

2125 1052 2294 1121 ἁγίων
2322 1053 2421 1106 οὐκ
2453 1052 2547 1106 ἐπὶ
2572 1055 2687 1117 τοῖς
2718 1054 2900 1116 αὐτοῖς
2933 1052 3379 1124 μεμαρτύρηται·
3419 1048 3532 1103 ἀλλ’
3565 1049 3621 1099 ὲν

2123 1126 2316 1217 κρατεῖ
2337 1146 2621 1218 παραδόξῳ
2642 1146 3001 1217 παλαίσματι.
3024 1144 3186 1199 Δαυῒδ
3204 1144 3384 1199 τοίνυν
3405 1145 3434 1195 ὁ
3455 1142 3541 1195 διὰ
3566 1157 3700 1193 παν·-

2122 1239 2213 1303 τὸς
2241 1238 2617 1309 άμνησίκακον
2649 1237 2837 1309 ᾔτησε,
2874 1236 3143 1308 προτείνει
3171 1229 3299 1300 Θεῷ
3344 1233 3451 1286 τῶν
3479 1230 3608 1285 ἰσων
3640 1228 3701 1295 ἐξ

2123 1331 2289 1386 αὑτοῦ
2332 1333 2514 1401 τυχεῖν
2562 1328 3127 1400 ὲξαιτούμενος.¹ᾚδει
3154 1325 3261 1398 γὰρ
3305 1328 3370 1378 ὲκ
3415 1324 3508 1377 τοῦ
3554 1323 3698 1376 θείου

2122 1423 2437 1493 Πνεύματος
2477 1422 2575 1494 τὴν
2622 1421 2921 1493 μέλλουσαν
2958 1420 3053 1473 τοῦ
3091 1415 3699 1490 Σωτῆροςὲπαγγελίαν

2121 1517 2241 1590 τὴν,
2260 1516 2401 1571 Ἐὰν
2425 1514 2615 1586 ἀφῆτε
2647 1514 2772 1581 τοῖς
2801 1511 3132 1582 ἀνθρώποις
3162 1509 3234 1565 τὰ
3262 1507 3700 1577 παραπτώματα

2121 1609 2338 1678 αὐτῶν,
2364 1608 2586 1679 ἀφήσει
2613 1606 2712 1661 καὶ
2736 1605 2877 1676 ὑμῖν
2903 1607 2936 1658 ό
2959 1601 3164 1670 Πατὴρ
3188 1599 3401 1671 ὑμῶνό
3424 1598 3701 1666 obprier

2121 1700 2195 1755 τὰ
2225 1697 2666 1768 παραπτώματα
2698 1695 2884 1766 ὑμῶν.
2907 1691 2999 1746 Διὸ
3026 1689 3165 1764 μετὰ
3187 1688 3284 1760 τὴν
3315 1688 3502 1758 ἱκανὴν
3531 1684 3697 1758 μετά-

2122 1807 2273 1844 νοιαν
2307 1791 2465 1861 ἔτυχε
2499 1789 2601 1860 τῆς
2639 1788 2907 1857 ἀφέσεως.

513 1873 684 1929 VEns.
714 1876 768 1929 6.
810 1875 1171 1947 Persequalur
1208 1877 1456 1934 inimicus
1486 1881 1724 1935 animam
1752 1899 1944 1945 meam,
1966 1893 2016 1935 et

2187 1881 2552 1947 Καταδιώξαι
2591 1881 2704 1950 ἄρα
2728 1884 2761 1934 ὀ
2786 1878 3003 1950 ἐχθρὸς
3034 1876 3149 1946 τὴν
3180 1877 3393 1945 ψυχήν
3411 1890 3551 1943 μου,
3599 1871 3698 1925 και

439 1966 866 2035 comprehendat,
899 1978 948 2021 et
978 1969 1252 2025 conculcet
1284 1974 1339 2024 in
1372 1979 1519 2026 terra
1548 1974 1713 2028 vitam
1736 1991 1931 2041 meam,
1963 1984 2014 2028 et

439 2060 669 2129 gloriam
722 2077 893 2114 meam
936 2063 993 2115 in
1021 2062 1285 2131 pulverem
1332 2063 1587 2119 deducat.
1635 2065 1894 2122 Pluribus
1940 2067 2025 2121 ita!

439 2150 624 2205 verbis
653 2151 917 2207 insistens
947 2153 1056 2207 ait:
1097 2152 1154 2207 Si
1179 2169 1298 2209 eam
1324 2170 1439 2209 rem
1475 2171 1587 2212 non
1614 2158 1787 2228 probe
1807 2161 2014 2230 egerim

439 2256 510 2297 ne
538 2258 568 2294 a
598 2251 822 2312 peccato
873 2252 1001 2299 ante
1047 2245 1261 2300 obitum
1308 2247 1529 2317 eripiar,
1575 2264 1755 2320 neque
1785 2251 2016 2320 gloriam

440 2348 616 2388 meam
656 2334 948 2411 recipiam;
980 2335 1077 2391 sed
1108 2336 1163 2391 in
1196 2337 1333 2406 ipsis
1351 2337 1561 2394 delictis
1577 2336 2027 2414 comprehendar,

439 2433 501 2479 ut
532 2425 791 2480 inimicus
826 2442 1003 2491 meus,
1050 2429 1280 2498 perinde
1324 2438 1488 2500 atque
1519 2430 1574 2485 in
1604 2435 1725 2501 ipso
1751 2435 2015 2503 peccandi

436 2526 706 2585 tempore,
733 2517 974 2571 animam
1023 2534 1199 2573 meam
1239 2536 1457 2591 semper
1488 2523 1793 2590 conculcet,
1840 2525 2016 2579 donec

437 2620 503 2660 ea
537 2606 592 2659 in
624 2607 903 2677 pulverem
928 2609 1123 2666 mortis
1157 2618 1484 2666 revertatur.
1514 2611 1612 2667 Sin
1640 2623 1831 2668 contra
1849 2617 2017 2686 probe

437 2710 527 2751 me
551 2696 835 2766 gesserim,
870 2698 1186 2769 redemptus
1209 2715 1273 2756 ea
1302 2717 1424 2771 qua:
1440 2717 1537 2772 par
1565 2710 1651 2759 est
1680 2718 2013 2775 consequar,

438 2802 618 2857 neque
648 2788 703 2842 in
735 2789 1014 2857 pulverem
1056 2793 1267 2861 peccati
1299 2795 1560 2859 carnalis,
1590 2795 1645 2848 in
1676 2812 1836 2866 quem
1867 2796 2017 2851 dela-

436 2895 575 2950 psus
600 2896 744 2946 sum,
776 2896 1146 2950 permaneam.
1183 2880 1308 2937 Vita
1332 2884 1454 2953 ejus
1480 2886 1575 2955 qui
1603 2886 1806 2940 terreni
1841 2887 2018 2941 homi-

442 2973 531 3027 nis
562 2972 851 3042 imaginem
884 2974 1040 3044 gerit,
1072 2973 1141 3027 ab
1175 2974 1401 3030 inimico
1435 2977 1499 3032 in
1522 2985 1669 3032 terra
1696 2979 2017 3033 conculcata

441 3071 543 3117 est.
612 3061 975 3128 Quamobrem
1023 3063 1135 3129 ille,
1168 3065 1384 3120 etiamsi
1431 3066 1678 3121 videatur
1724 3068 2018 3138 aliquando

441 3154 615 3224 gloria
642 3154 802 3219 allici,
847 3164 1087 3211 attamen
1128 3156 1301 3228 gloria
1321 3158 1444 3228 ejus
1472 3159 1530 3213 in
1575 3161 1798 3229 pulvere
1829 3159 2013 3229 jacet;

439 3246 632 3314 quales
665 3255 795 3300 sunt
841 3248 934 3317 qui
976 3248 1162 3319 gloriae
1197 3264 1367 3304 causa
1409 3257 1599 3321 agunt,
1631 3250 1822 3306 laudes
1851 3268 2015 3322 expe-

440 3343 584 3396 tunt,
633 3336 714 3389 vel
747 3337 1052 3392 mercedem
1084 3338 1154 3392 ab
1181 3337 1500 3395 hominibus
1541 3351 1906 3411 aucupantur.

514 3423 680 3482 Vens.
703 3427 755 3491 7,
782 3426 835 3481 8.
867 3425 1129 3499 Exsurge,
1155 3428 1469 3495 Domine,in
1485 3432 1568 3485 ira
1583 3431 1677 3487 tua
1705 3442 1753 3487 et
1783 3436 2020 3490 exaltare

437 3515 496 3569 in
537 3518 733 3585 ﬁnibus
787 3519 1123 3574 inimicorum
1197 3531 1427 3577 tuorum.
1489 3523 1748 3596 Exsurge,
1799 3526 2021 3583 Domine

441 3608 580 3663 Deus
614 3626 781 3673 meus,
813 3610 866 3664 in
898 3620 1157 3680 prwcepto
1189 3615 1327 3684 quod
1354 3615 1647 3682 mandasti,
1678 3629 1728 3672 et
1751 3635 2021 3692 synagoga

442 3700 761 3770 populorum
806 3700 1156 3756 circumdabit
1211 3713 1279 3758 te.
1322 3703 1612 3760 Dominum
1643 3707 1915 3772 hortatur,
1958 3718 2019 3766 ut

442 3793 611 3848 veluti
643 3792 754 3846 dux
797 3793 1075 3850 exercitus
1118 3809 1244 3849 cum
1305 3795 1680 3867 indignatione
1718 3808 2018 3871 consurgat

440 3884 708 3940 adversus
732 3885 1034 3954 principem
1064 3886 1338 3941 exercitus
1372 3886 1729 3945 invisibilium
1766 3892 2018 3947 inimico-

439 3989 587 4038 rum,
615 3974 695 4028 sic
733 3988 859 4028 eum
892 3975 1267 4043 compellans:
1313 3974 1396 4030 Tu
1432 3978 1570 4046 ipse,
1598 3979 1690 4048 qui
1726 3979 1889 4035 nobis
1918 3981 2018 4035 ho-

440 4064 683 4119 minibus
729 4064 1038 4134 praecepisti
1094 4072 1153 4119 ut
1190 4075 1596 4134 concertemus,
1645 4069 1886 4141 idipsum
1933 4069 2019 4126 fa-

441 4157 570 4210 cito.
626 4155 698 4209 lis
727 4156 870 4209 enim
905 4156 1002 4209 abs
1032 4163 1083 4210 te
1115 4155 1317 4226 fugatis
1343 4173 1408 4212 ac
1441 4159 1658 4226 deletis,
1692 4177 1793 4232 ego
1829 4164 2017 4219 salvus

440 4262 535 4302 ero
562 4265 577 4311 ;
609 4261 787 4316 neque
816 4248 991 4311 solus,
1038 4249 1132 4303 sed
1167 4251 1329 4304 etiam
1370 4250 1615 4308 Ecclesia
1653 4270 1720 4308 ex
1759 4256 2015 4325 gentibus

438 4335 802 4390 circumdabit
838 4343 914 4400 te,
957 4336 1238 4392 eliminato
1266 4339 1477 4396 scilicet
1504 4344 1653 4397 omni
1700 4344 2012 4400 daemonum

439 4441 646 4482 errore.
702 4424 761 4479 In
800 4427 892 4479 illa
922 4441 1055 4482 sane
1082 4431 1232 4484 velut
1276 4429 1333 4483 in
1363 4430 1536 4485 choro
1578 4432 1792 4490 medius
1821 4438 2011 4493 consi-

2116 1972 2438 2028 καταλάϐοι
2484 1972 2584 2025 καὶ
2635 1968 3053 2036 καταπατῆσαι
3093 1968 3181 2033 εἰς
3216 1965 3335 2037 γῆν
3378 1963 3494 2032 τὴν
3548 1961 3699 2029 ζωήν

2110 2083 2251 2136 μου,
2285 2065 2383 2119 καὶ
2422 2063 2536 2132 τὴν
2564 2062 2751 2127 δόξαν
2773 2079 2892 2131 μου
2920 2063 3008 2126 εὶς
3035 2058 3186 2129 χοῦν
3213 2053 3695 2122 κατασκηνώσαι.

2116 2156 2520 2225 Διατεινόμενος
2546 2154 2603 2206 δέ
2630 2169 2794 2223 φησιν
2814 2169 2828 2182 ·
2856 2152 2919 2204 Et
2949 2151 3023 2221 μὴ
3056 2146 3396 2219 κατώρθωσα
3422 2145 3596 2208 τοῦτο,
3623 2142 3699 2213 μὴ

2117 2243 2539 2316 ὲλευθερωθείην
2568 2242 2677 2314 πρὸ
2697 2241 2791 2296 τοῦ
2822 2241 3053 2295 θανάτου
3086 2240 3188 2308 τῆς
3225 2235 3523 2308 ἁμαρτίας,
3558 2233 3697 2306 μηδὲ
3743 2313 3747 2317 _

2114 2335 2212 2406 τὴν
2245 2336 2383 2407 ὲμὴν
2404 2334 2729 2406 ἀπολάϐοιμι
2745 2334 2920 2399 δόξαν,
2947 2335 3005 2386 έν
3034 2333 3223 2394 αὐταῖς
3252 2329 3309 2383 δέ
3341 2346 3440 2401 μου
3466 2326 3701 2397 καταλη-

2118 2430 2310 2499 φθείην
2335 2431 2456 2491 ταῖς
2487 2427 2802 2499 ἁμαρτίαις,
2839 2425 2906 2480 ἵν’
2944 2426 3020 2489 ὡς
3051 2427 3139 2479 ὅτε
3165 2425 3408 2495 ἥμαρτον
3434 2420 3576 2474 οὓτω
3605 2421 3701 2492 μέ-

2116 2540 2206 2595 χρι
2240 2520 2436 2584 παντὸς
2464 2519 2562 2591 τὴν
2597 2519 2734 2591 ἐμὴν
2761 2522 2789 2572 ὁ
2819 2516 3086 2589 δυσμενὴς
3118 2515 3477 2585 καταπατήσῃ
3499 2512 3696 2584 ψυχὴν,

2120 2612 2281 2684 μέχρι
2332 2610 2428 2664 τοῦ
2474 2613 2554 2675 εἰς
2602 2610 2731 2681 χοῦν
2758 2607 3098 2680 ὑποστρέψαι
3132 2607 3381 2661 θανάτου.
3418 2605 3481 2656 Ei
3513 2603 3570 2656 δὲ
3598 2620 3698 2656 κα-

2116 2702 2401 2775 τώρθωσα,
2429 2702 2646 2773 τύχοιμι
2688 2701 2798 2754 τῶν
2829 2701 2957 2755 ἴσων
2984 2699 3363 2772 λυτρούμενος,
3396 2697 3488 2750 καὶ
3522 2694 3597 2766 μὴ
3621 2695 3700 2759 εἰς

2117 2794 2176 2847 ὃν
2211 2793 2269 2860 ἐξ
2308 2794 2584 2867 ἁμαρτίας
2610 2793 2890 2847 κατέπεσα
2924 2791 3053 2863 χοῦν
3082 2789 3355 2861 ἐπιμένων
3383 2787 3485 2858 τῆς
3518 2802 3702 2857 σαρκι-

2118 2886 2221 2957 κῆς
2266 2888 2560 2958 ἁμαρτίας.
2579 2888 2641 2939 Ἠ
2671 2886 2782 2957 ζωὴ
2813 2885 2907 2938 τοῦ
2934 2884 3013 2937 ἔτι
3042 2884 3141 2953 τὴν
3181 2882 3362 2935 εἰκόνα
3393 2879 3484 2933 τοῦ
3516 2877 3699 2950 χοῖκοῦ

2075 3033 2081 3039 ,
2118 2975 2410 3046 φοροῦντος
2462 2976 2920 3046 καταπεπάτηται
2966 2972 3071 3026 ὑπὸ
3099 2972 3194 3025 τοῦ
3230 2970 3422 3044 ἐχθροῦ
3450 2972 3529 3035 εἰς
3558 2969 3662 3040 γῆν
3681 2986 3695 2999 ⁸

2118 3062 2268 3129 οὗτος
2293 3066 2371 3132 δὲ,
2402 3066 2503 3120 κᾶν
2548 3066 2865 3133 δοξάζεσθαι
2919 3065 3051 3119 ποτὲ
3101 3064 3251 3135 δοκῇ,
3287 3063 3702 3133 κατεσκήνωσεν

2120 3159 2284 3213 αὐτοῦ
2317 3163 2350 3232 ἡ
2378 3160 2506 3227 δόξα
2539 3161 2620 3224 εἰς
2647 3160 2797 3231 χοῦν,
2825 3160 2902 3223 ὡς
2928 3158 3038 3211 τῶν
3065 3156 3359 3211 ποιούντων
3397 3155 3485 3209 διὰ
3520 3153 3698 3219 δόξαν,

2123 3256 2216 3309 καὶ
2244 3255 2335 3310 τὸν
2364 3253 2493 3327 παρ’
2524 3252 2703 3307 αὐτῶν
2733 3252 2974 3317 ἔπαινον,
3008 3250 3042 3323 ἢ
3073 3251 3171 3321 τὴν
3197 3251 3325 3321 παρ’
3355 3248 3537 3310 αὐτοῖς
3562 3249 3700 3301 ἁπο-

2119 3347 2300 3420 δοχήν.

2204 3441 2533 3509 Ἀνάστηθι,
2568 3440 2764 3508 Κύριε,
2791 3439 2861 3493 ἐν
2890 3436 2970 3507 τῇ
3002 3435 3148 3508 ὀργῇ
3176 3452 3313 3499 σου,
3337 3434 3603 3505 ὑψώθητι
3630 3433 3703 3486 ἐν

2119 3532 2243 3598 τοῖς
2269 3530 2485 3601 πέρασι
2505 3530 2625 3585 τῶν
2650 3529 2880 3601 ἐχθρῶν
2904 3546 3040 3584 σου.
3059 3528 3448 3598 Ἐξεγέρθητι,
3469 3527 3643 3594 Κύριε
3668 3526 3701 3577 ὁ

2123 3624 2268 3690 Θεός
2292 3641 2432 3693 μου,
2471 3622 2542 3676 ἐν
2574 3620 2981 3691 προστάγματι
3005 3613 3055 3687 ᾦ
3089 3619 3385 3682 ἑνετείλω,
3417 3618 3514 3671 καὶ
3553 3631 3702 3671 συν-

2119 3716 2319 3788 ατωγὴ
2352 3715 2517 3770 λαῶν
2546 3713 2847 3769 κυκλώσει
2874 3728 2967 3769 σε.
3000 3708 3103 3766 Οἷα
3143 3711 3208 3784 δὴ
3250 3710 3551 3783 στρατηγὸν
3580 3710 3699 3764 δια-

2120 3810 2382 3881 ναστῆναι
2434 3809 2529 3860 σὺν
2581 3806 2952 3876 ἀγανακτήσει
2981 3804 3128 3857 κατὰ
3158 3802 3250 3856 τοῦ
3295 3802 3417 3856 τῶν.
3452 3802 3699 3873 ἀοράτων

2119 3900 2394 3971 πολεμίων
2420 3899 2679 3969 ἄρχοντος
2713 3896 3100 3967 στρατοπέδου,
3135 3894 3310 3963 λέγων
3333 3911 3346 3925 ·
3383 3894 3447 3947 Ὃ
3469 3896 3580 3956 τοῖς
3606 3893 3700 3946 ἀν-

2120 3994 2360 4068 θρώποις
2414 3993 2546 4063 ἡμῖν
2598 3988 2938 4061 προσέταξας
2988 3985 3357 4056 ἀγωνίζεσθαι
3396 3986 3538 4039 κατὰ
3590 3985 3698 4039 τῶν

2119 4088 2364 4159 ἀοράτων
2388 4083 2690 4153 δυνάμεων,
2719 4081 2877 4134 τοῦτο
2908 4080 3105 4152 δράσον
3137 4080 3317 4144 αὐτὸς.
3347 4078 3562 4131 Τούτων
3588 4076 3699 4148 γὰρ

2119 4180 2225 4234 ὑπὸ
2264 4176 2357 4231 σοῦ
2393 4173 2810 4248 καθῃρημένων,
2844 4173 2999 4241 κάγὼ
3046 4172 3381 4241 σωθήσομαι,
3410 4170 3487 4222 ού
3514 4170 3695 4240 μόνος,

2119 4270 2255 4326 ἀλλὰ
2278 4270 2387 4323 ικαὶ
2436 4271 2469 4339 ἡ
2498 4267 2606 4320 τῶν
2641 4264 2809 4318 ὲθνῶν
2848 4265 3141 4334 Ἐκκλησία
3177 4262 3558 4325 κυκλώσειησε,
3593 4261 3698 4314 πά-

2120 4381 2219 4434 σης
2243 4361 2510 4432 δαιμόνων
2536 4359 2744 4429 πλάνης
2770 4356 3187 4426 ἀπελασθείσης.
3216 4355 3433 4427 Ταύτης
3455 4355 3511 4408 δὲ
3535 4352 3699 4409 καθάτ

2121 4473 2225 4528 περ
2250 4453 2410 4526 χοροῦ
2446 4452 2610 4524 μέσος
2636 4451 2925 4520 γενόμενος
2954 4448 3120 4517 ὕμνον
3167 4448 3519 4519 ἁνατιέμψεις
3560 4447 3695 4517 πρέ-

441 4531 592 4576 alens
634 4519 895 4590 hymnum
946 4522 1163 4577 emittes
1192 4521 1342 4579 Patri
1394 4531 1510 4589 tuo,
1542 4528 2010 4596 quemadmodum

2119 4519 2283 4601 ποντα
2418 4519 2591 4615 Πατρὶ
2621 4542 2870 4613 καθάπερ
2902 4540 3038 4611 ἔφης
3058 4558 3072 4572 ·
3121 4539 3451 4611 Ἀπαγγελῶ
3473 4540 3538 4594 τὸ
3564 4540 3695 4594 ὄνο-

438 4613 664 4670 dixisti:
714 4611 966 4666 Narrabo
1026 4631 1214 4668 nomen
1264 4624 1411 4668 tuum
1460 4616 1721 4685 fratribus
1770 4622 1920 4688 meis,
1957 4625 2015 4678 in

2119 4639 2200 4709 μά
2235 4611 2373 4692 σου.
2392 4637 2517 4711 τοῖς
2539 4611 2852 4704 ’ἀδελφοῖς
2863 4652 3003 4704 μου,
3036 4634 3106 4687 ἐν
3129 4632 3298 4701 μέσῳ
3339 4633 3695 4701 Ἐκκλησίας

440 4706 611 4761 medio
639 4703 894 4759 Ecclesia:
925 4705 1161 4760 laudabo
1194 4706 1326 4759 te“.

512 4816 681 4871 Vens.
706 4815 760 4870 9.
796 4815 863 4868 Et
886 4824 1098 4885 propter
1129 4816 1264 4870 hanc
1292 4818 1346 4870 in
1380 4815 1545 4872 altum
1570 4820 1857 4888 regredere,
1904 4825 2015 4878 Do-

440 4913 619 4967 minus
656 4909 923 4979 judicabit
959 4909 1201 4979 populos.
1243 4909 1442 4966 Judica
1492 4929 1593 4978 me,
1635 4914 1881 4982 Domine,
1930 4936 2012 4973 se-

442 5003 673 5059 cundum
708 5002 979 5071 justitiam
1027 5012 1194 5067 tuam,
1227 5012 1278 5057 et
1315 5004 1603 5058 secundum
1653 5008 2012 5064 innocentiam

442 5110 612 5148 meam
635 5109 790 5163 super
823 5109 925 5147 me.
962 5091 1229 5159 Quoniam
1276 5109 1466 5149 omnes
1513 5105 1797 5154 creaturas
1840 5101 2013 5156 addu-

2117 4731 2369 4801 ὑμνήσω
2399 4746 2491 4785 σε.
2663 4787 2671 4803 ’

2186 4820 2299 4874 Καὶ
2318 4819 2470 4888 ὑπὲρ
2498 4820 2719 4886 ταύτης
2746 4822 2833 4886 εὶς
2858 4819 3016 4888 ὕψος
3057 4818 3441 4887 ἐπίστρεφον,
3478 4818 3693 4884 Κύριος

2117 4911 2308 4980 κρινεῖ
2326 4912 2535 4977 λαούς.
2562 4911 2780 4980 Κρῒνόν
2807 4928 2904 4981 με,
2927 4913 3123 4979 Κύριε,
3159 4908 3308 4963 κατὰ
3339 4908 3455 4977 τὴν
3477 4908 3695 4961 δικαιο-

2115 5005 2315 5070 σύνην
2355 5019 2492 5068 σου,
2514 5002 2615 5056 καὶ
2654 5002 2803 5056 κατὰ
2842 5001 2959 5069 τὴν
2999 5002 3257 5055 ἀκακίαν
3294 5017 3413 5069 μου
3453 4998 3689 5068 ἐπ’ἑμέ.

2123 5094 2339 5165 Ἐπειδὴ
2388 5096 2496 5147 πᾶν
2542 5094 2603 5147 τὸ
2645 5094 2854 5163 ποίημα
2886 5092 3003 5158 ἄξει
3037 5095 3065 5145 ὁ
3092 5093 3223 5155 Θεὸς
3255 5076 3333 5155 εἰς
3363 5092 3562 5160 κρίσιν,
3598 5091 3693 5145 καὶ

442 5193 530 5241 cet
569 5185 712 5241 Deus
755 5186 808 5239 in
840 5186 1129 5255 judicium,
1178 5196 1506 5257 oportetque
1551 5189 1840 5248 universos
1886 5203 2013 5249 ante

2119 5187 2236 5248 τοὺς
2264 5185 2472 5249 πάντας
2494 5185 2574 5238 δεῖ
2598 5185 2942 5255 παραστῆναι
2972 5184 3051 5255 τῷ
3082 5185 3285 5256 βήματι
3310 5184 3404 5237 τοῦ
3432 5183 3688 5257 Χριστοῦ,

442 5274 645 5330 Christi
675 5276 914 5330 tribunal
950 5276 1099 5339 sisti,
1151 5291 1275 5332 cum
1319 5278 1605 5335 didicisset
1636 5280 1807 5336 David
1859 5282 2009 5338 futu-

443 5380 562 5420 rum
594 5383 717 5421 esse
751 5375 809 5420 ut
848 5368 1113 5422 mundum
1145 5370 1355 5438 judicet
1395 5371 1450 5425 in
1476 5372 1713 5441 justitia,
1746 5381 1799 5427 et
1835 5391 2012 5446 popu-

444 5455 526 5509 los
557 5455 611 5509 in
647 5456 923 5524 aequitate,
956 5456 1079 5525 jure
1117 5458 1231 5512 ait:
1275 5456 1379 5513 Mei
1416 5474 1633 5528 quoque
1661 5458 1828 5527 judcx
1863 5471 2007 5526 esto,

444 5546 694 5611 Domine,
730 5562 839 5601 non
868 5549 1168 5603 secundum
1204 5551 1443 5622 reliquas
1467 5552 1813 5622 operationes
1838 5568 2007 5617 meas,

444 5636 542 5695 sed
571 5638 871 5695 secundum
895 5638 1302 5712 simplicitatem
1329 5653 1383 5698 et
1417 5641 1689 5713 justitiam
1716 5657 1937 5713 meam.;

2112 5278 2335 5339 εἰκότως
2358 5274 2546 5348 μαθὼν
2572 5279 2599 5329 ὁ
2631 5273 2815 5340 Δαυῒδ,
2846 5277 2926 5329 ὅτι
2955 5277 3135 5346 μέλλει
3160 5277 3364 5348 κρίνειν
3392 5276 3489 5347 τὴν
3515 5279 3693 5329 οἰκου-

2115 5368 2281 5440 μένην
2314 5369 2371 5420 ὲν
2404 5365 2718 5438 δικαιοσύνῃ
2767 5368 2859 5420 καὶ
2907 5367 3070 5431 λαοὺς
3100 5369 3156 5420 ὲν
3183 5367 3435 5437 εύθύτητι
3455 5383 3467 5396 ·
3504 5365 3688 5430 Γενοῦ,

2116 5460 2269 5530 φησὶ,
2304 5457 2482 5528 κάμοῦ
2512 5457 2727 5529 κριτὴς,
2756 5450 2801 5510 ὦ
2846 5457 3038 5528 Κύριε,
3075 5457 3149 5529 μὴ
3197 5458 3337 5512 κατὰ
3370 5457 3468 5522 τὰς
3499 5458 3696 5523 λοιπάς

2117 5568 2216 5620 μου
2241 5548 2490 5621 πράξεις,
2508 5548 2643 5603 ἀλλὰ
2664 5548 2810 5603 κατὰ
2829 5549 2928 5621 τὴν
2948 5550 3230 5622 ἁπλότητα
3257 5568 3358 5622 μου
3379 5551 3471 5605 καὶ
3496 5550 3697 5604 δικαιαι

2114 5659 2296 5713 συνην.

545 5839 593 5873 "
630 5836 793 5894 Nlla.
830 5854 943 5907 xu,
977 5839 1027 5895 5.
1104 5840 1147 5873 "
1186 5837 1319 5897 Gen.
1357 5856 1457 5906 xv,
1497 5840 1548 5896 6.
1628 5841 1672 5873 ⁸ο
1706 5838 1901 5895 Matth.
1939 5858 2016 5896 νιλ

2119 5862 2149 5896 ι.
2230 5841 2273 5872 ⁸⁸
2316 5839 2460 5898 Psal.
2497 5855 2618 5904 xxx,
2655 5839 2743 5898 25.
