  <div class='ocr_page' id='page_1' title='image "/cluster/home/n/w/nwhite01/storage/ocr_20150623/23/nnc1.0046978313/078.png"; bbox 0 0 4064 6372; ppageno 0'>
   <div class='ocr_carea' id='block_1_1' title="bbox 425 460 540 520">
    <p class='ocr_par' dir='ltr' id='par_1_1' title="bbox 425 460 540 520">
     <span class='ocr_line' id='line_1_1' title="bbox 425 460 540 520; baseline -0.017 0"><span class='ocrx_word' id='word_1_1' title='bbox 425 460 540 520; x_wconf 65' lang='grc' dir='ltr'>ἶὲἒῖ</span> 
     </span>
    </p>
   </div>
   <div class='ocr_carea' id='block_1_2' title="bbox 1559 453 2559 514">
    <p class='ocr_par' dir='ltr' id='par_1_2' title="bbox 1559 453 2559 514">
     <span class='ocr_line' id='line_1_2' title="bbox 1559 453 2559 514; baseline -0.001 -1"><span class='ocrx_word' id='word_1_2' title='bbox 1559 454 2072 514; x_wconf 74' lang='lat' dir='ltr'><strong>COMMENTARIA</strong></span> <span class='ocrx_word' id='word_1_3' title='bbox 2111 453 2180 510; x_wconf 84' lang='grc' dir='ltr'><strong>ΙΝ</strong></span> <span class='ocrx_word' id='word_1_4' title='bbox 2213 453 2559 512; x_wconf 75' lang='lat' dir='ltr'><strong>PSALMOS.</strong></span> 
     </span>
    </p>
   </div>
   <div class='ocr_carea' id='block_1_3' title="bbox 3593 460 3697 516">
    <p class='ocr_par' dir='ltr' id='par_1_3' title="bbox 3593 460 3697 516">
     <span class='ocr_line' id='line_1_3' title="bbox 3593 460 3697 516; baseline 0.019 -3"><span class='ocrx_word' id='word_1_5' title='bbox 3593 460 3697 516; x_wconf 70' lang='lat'><strong>{‘26</strong></span> 
     </span>
    </p>
   </div>
   <div class='ocr_carea' id='block_1_4' title="bbox 503 569 2032 642">
    <p class='ocr_par' dir='ltr' id='par_1_4' title="bbox 503 571 2028 642">
     <span class='ocr_line' id='line_1_4' title="bbox 503 571 2028 642; baseline -0.004 -12"><span class='ocrx_word' id='word_1_6' title='bbox 503 572 969 640; x_wconf 76' lang='grc' dir='ltr'>Συντελεσθήτω</span> <span class='ocrx_word' id='word_1_7' title='bbox 995 573 1071 642; x_wconf 73' lang='grc' dir='ltr'>δὴ</span> <span class='ocrx_word' id='word_1_8' title='bbox 1100 573 1358 642; x_wconf 78' lang='grc' dir='ltr'>πονηρία</span> <span class='ocrx_word' id='word_1_9' title='bbox 1391 573 1747 642; x_wconf 78' lang='grc' dir='ltr'><strong>ἁμαρτωλῶν</strong></span> <span class='ocrx_word' id='word_1_10' title='bbox 1785 571 1883 626; x_wconf 76' lang='grc' dir='ltr'>καὶ</span> <span class='ocrx_word' id='word_1_11' title='bbox 1923 587 2028 624; x_wconf 83' lang='grc' dir='ltr'>κα-</span> 
     </span>
    </p>
   </div>
   <div class='ocr_carea' id='block_1_5' title="bbox 2134 569 3704 642">
    <p class='ocr_par' dir='ltr' id='par_1_5' title="bbox 2207 569 3704 640">
     <span class='ocr_line' id='line_1_5' title="bbox 2207 569 3704 640; baseline -0.001 -16"><span class='ocrx_word' id='word_1_12' title='bbox 2207 569 2372 626; x_wconf 76' lang='lat' dir='ltr'><strong>chs.</strong></span> <span class='ocrx_word' id='word_1_13' title='bbox 2410 571 2501 636; x_wconf 80' lang='grc'><strong>10,</strong></span> <span class='ocrx_word' id='word_1_14' title='bbox 2541 570 2629 626; x_wconf 91' lang='grc'><strong>11.</strong></span> <span class='ocrx_word' id='word_1_15' title='bbox 2659 569 3017 625; x_wconf 81' lang='lat' dir='ltr'><strong>Cnnsumatur</strong></span> <span class='ocrx_word' id='word_1_16' title='bbox 3039 571 3272 640; x_wconf 75' lang='lat' dir='ltr'><strong>nequitia</strong></span> <span class='ocrx_word' id='word_1_17' title='bbox 3293 579 3625 625; x_wconf 80' lang='lat' dir='ltr'><strong>occcatorum</strong></span> <span class='ocrx_word' id='word_1_18' title='bbox 3652 581 3704 624; x_wconf 89' lang='lat' dir='ltr'><strong>et</strong></span> 
     </span>
    </p>
   </div>
   <div class='ocr_carea' id='block_1_6' title="bbox 429 664 2022 734">
    <p class='ocr_par' dir='ltr' id='par_1_6' title="bbox 429 664 2022 734">
     <span class='ocr_line' id='line_1_6' title="bbox 429 664 2022 734; baseline -0.002 -13"><span class='ocrx_word' id='word_1_19' title='bbox 429 667 739 733; x_wconf 81' lang='grc' dir='ltr'>τευθυνεῖς</span> <span class='ocrx_word' id='word_1_20' title='bbox 777 666 1031 729; x_wconf 76' lang='grc' dir='ltr'>δίκαιον,</span> <span class='ocrx_word' id='word_1_21' title='bbox 1053 665 1270 726; x_wconf 79' lang='grc' dir='ltr'>ἐτάζων</span> <span class='ocrx_word' id='word_1_22' title='bbox 1295 665 1542 734; x_wconf 80' lang='grc' dir='ltr'><strong>καρδίας</strong></span> <span class='ocrx_word' id='word_1_23' title='bbox 1571 665 1670 719; x_wconf 74' lang='grc' dir='ltr'>καὶ</span> <span class='ocrx_word' id='word_1_24' title='bbox 1698 664 1958 734; x_wconf 64' lang='grc' dir='ltr'>νεφροὺς</span> <span class='ocrx_word' id='word_1_25' title='bbox 1989 667 2022 718; x_wconf 85' lang='grc' dir='ltr'><strong><em>ό</em></strong></span> 
     </span>
    </p>
   </div>
   <div class='ocr_carea' id='block_1_7' title="bbox 431 755 2022 828">
    <p class='ocr_par' dir='ltr' id='par_1_7' title="bbox 431 755 2022 828">
     <span class='ocr_line' id='line_1_7' title="bbox 431 755 2022 828; baseline -0.001 -18"><span class='ocrx_word' id='word_1_26' title='bbox 431 757 1070 828; x_wconf 76' lang='grc' dir='ltr'>Θεός.Ἐπιστημονικὸν</span> <span class='ocrx_word' id='word_1_27' title='bbox 1113 758 1207 810; x_wconf 78' lang='grc' dir='ltr'><strong>καὶ</strong></span> <span class='ocrx_word' id='word_1_28' title='bbox 1255 757 1395 827; x_wconf 84' lang='grc' dir='ltr'>μέγα</span> <span class='ocrx_word' id='word_1_29' title='bbox 1431 756 1492 808; x_wconf 84' lang='grc' dir='ltr'><strong>τὸ</strong></span> <span class='ocrx_word' id='word_1_30' title='bbox 1534 756 1710 828; x_wconf 83' lang='grc' dir='ltr'><strong>πέρας</strong></span> <span class='ocrx_word' id='word_1_31' title='bbox 1753 755 2022 810; x_wconf 85' lang='grc' dir='ltr'>αἰτεῖσθαι</span> 
     </span>
    </p>
   </div>
   <div class='ocr_carea' id='block_1_8' title="bbox 427 847 2024 920">
    <p class='ocr_par' dir='ltr' id='par_1_8' title="bbox 427 847 2024 920">
     <span class='ocr_line' id='line_1_8' title="bbox 427 847 2024 920; baseline -0.001 -18"><span class='ocrx_word' id='word_1_32' title='bbox 427 849 686 918; x_wconf 82' lang='grc' dir='ltr'>γενέσθαι</span> <span class='ocrx_word' id='word_1_33' title='bbox 725 849 944 912; x_wconf 87' lang='grc' dir='ltr'>κακίας,</span> <span class='ocrx_word' id='word_1_34' title='bbox 983 847 1312 920; x_wconf 81' lang='grc' dir='ltr'>κυϐέρνησιν</span> <span class='ocrx_word' id='word_1_35' title='bbox 1356 847 1414 902; x_wconf 78' lang='grc' dir='ltr'><strong>δὲ</strong></span> <span class='ocrx_word' id='word_1_36' title='bbox 1455 847 1532 919; x_wconf 81' lang='grc' dir='ltr'><strong>τῷ</strong></span> <span class='ocrx_word' id='word_1_37' title='bbox 1565 848 1758 920; x_wconf 84' lang='grc' dir='ltr'>δικαίῳ</span> <span class='ocrx_word' id='word_1_38' title='bbox 1791 849 1926 920; x_wconf 83' lang='grc' dir='ltr'>πρὸς</span> <span class='ocrx_word' id='word_1_39' title='bbox 1963 849 2024 901; x_wconf 81' lang='grc' dir='ltr'>τὸ</span> 
     </span>
    </p>
   </div>
   <div class='ocr_carea' id='block_1_9' title="bbox 433 939 2022 1013">
    <p class='ocr_par' dir='ltr' id='par_1_9' title="bbox 433 939 2022 1013">
     <span class='ocr_line' id='line_1_9' title="bbox 433 939 2022 1013; baseline -0.001 -18"><span class='ocrx_word' id='word_1_40' title='bbox 433 943 640 1012; x_wconf 78' lang='grc' dir='ltr'>μηκέτι</span> <span class='ocrx_word' id='word_1_41' title='bbox 689 940 1067 1012; x_wconf 75' lang='grc' dir='ltr'><strong>χειμάζεσθαι.</strong></span> <span class='ocrx_word' id='word_1_42' title='bbox 1096 942 1232 1012; x_wconf 73' lang='grc' dir='ltr'>Περὶ</span> <span class='ocrx_word' id='word_1_43' title='bbox 1282 941 1680 1013; x_wconf 78' lang='grc' dir='ltr'><strong>δικαιοκρισίας</strong></span> <span class='ocrx_word' id='word_1_44' title='bbox 1727 940 1898 994; x_wconf 72' lang='grc' dir='ltr'>εἰπὼν</span> <span class='ocrx_word' id='word_1_45' title='bbox 1927 939 2022 993; x_wconf 77' lang='grc' dir='ltr'>τοῦ</span> 
     </span>
    </p>
   </div>
   <div class='ocr_carea' id='block_1_10' title="bbox 429 1029 2024 1102">
    <p class='ocr_par' dir='ltr' id='par_1_10' title="bbox 429 1029 2024 1102">
     <span class='ocr_line' id='line_1_10' title="bbox 429 1029 2024 1102; baseline -0.003 -16"><span class='ocrx_word' id='word_1_46' title='bbox 429 1032 593 1093; x_wconf 82' lang='grc' dir='ltr'>Θεοῦ,</span> <span class='ocrx_word' id='word_1_47' title='bbox 623 1031 782 1102; x_wconf 78' lang='grc' dir='ltr'>μόνον</span> <span class='ocrx_word' id='word_1_48' title='bbox 820 1031 1028 1084; x_wconf 86' lang='grc' dir='ltr'>δίκαιον</span> <span class='ocrx_word' id='word_1_49' title='bbox 1061 1029 1352 1100; x_wconf 80' lang='grc' dir='ltr'>ἀποφαίνει</span> <span class='ocrx_word' id='word_1_50' title='bbox 1393 1031 1608 1100; x_wconf 79' lang='grc' dir='ltr'>κριτὴν,</span> <span class='ocrx_word' id='word_1_51' title='bbox 1631 1029 1706 1092; x_wconf 85' lang='grc' dir='ltr'>ὡς</span> <span class='ocrx_word' id='word_1_52' title='bbox 1735 1029 2024 1100; x_wconf 73' lang='grc' dir='ltr'>καὶ-μόνον</span> 
     </span>
    </p>
   </div>
   <div class='ocr_carea' id='block_1_11' title="bbox 427 1120 2024 1198">
    <p class='ocr_par' dir='ltr' id='par_1_11' title="bbox 427 1120 2024 1198">
     <span class='ocr_line' id='line_1_11' title="bbox 427 1120 2024 1198; baseline -0.004 -19"><span class='ocrx_word' id='word_1_53' title='bbox 427 1125 648 1198; x_wconf 78' lang='grc' dir='ltr'>ὁρῶντα</span> <span class='ocrx_word' id='word_1_54' title='bbox 671 1124 928 1196; x_wconf 80' lang='grc' dir='ltr'><strong>καρδίας·</strong></span> <span class='ocrx_word' id='word_1_55' title='bbox 959 1125 1122 1186; x_wconf 81' lang='grc' dir='ltr'>αὐτὸς</span> <span class='ocrx_word' id='word_1_56' title='bbox 1153 1123 1264 1194; x_wconf 73' lang='grc' dir='ltr'>γὰρ</span> <span class='ocrx_word' id='word_1_57' title='bbox 1295 1122 1617 1176; x_wconf 84' lang='grc' dir='ltr'>ἀποδίδωσιν</span> <span class='ocrx_word' id='word_1_58' title='bbox 1645 1121 1858 1192; x_wconf 76' lang='grc' dir='ltr'>ἑκάστῳ</span> <span class='ocrx_word' id='word_1_59' title='bbox 1881 1120 2024 1174; x_wconf 83' lang='grc' dir='ltr'><strong>κατά</strong></span> 
     </span>
    </p>
   </div>
   <div class='ocr_carea' id='block_1_12' title="bbox 431 1211 2019 1288">
    <p class='ocr_par' dir='ltr' id='par_1_12' title="bbox 431 1211 2019 1288">
     <span class='ocr_line' id='line_1_12' title="bbox 431 1211 2019 1288; baseline -0.006 -16"><span class='ocrx_word' id='word_1_60' title='bbox 431 1219 506 1272; x_wconf 78' lang='grc' dir='ltr'>τὰ</span> <span class='ocrx_word' id='word_1_61' title='bbox 542 1218 682 1288; x_wconf 74' lang='grc' dir='ltr'>ἔργα</span> <span class='ocrx_word' id='word_1_62' title='bbox 711 1215 1251 1284; x_wconf 79' lang='grc' dir='ltr'>αὐτοῦ.”Ανθρωπος</span> <span class='ocrx_word' id='word_1_63' title='bbox 1288 1213 1386 1285; x_wconf 77' lang='grc' dir='ltr'><strong>μὲν</strong></span> <span class='ocrx_word' id='word_1_64' title='bbox 1420 1214 1530 1284; x_wconf 80' lang='grc' dir='ltr'>γὰρ</span> <span class='ocrx_word' id='word_1_65' title='bbox 1573 1215 1662 1278; x_wconf 83' lang='grc' dir='ltr'><strong>είς</strong></span> <span class='ocrx_word' id='word_1_66' title='bbox 1708 1213 1854 1281; x_wconf 64' lang='grc' dir='ltr'><strong>ὄψιν</strong></span> <span class='ocrx_word' id='word_1_67' title='bbox 1876 1211 2019 1283; x_wconf 51' lang='grc' dir='ltr'>ὁρᾷ,-</span> 
     </span>
    </p>
   </div>
   <div class='ocr_carea' id='block_1_13' title="bbox 431 1304 2026 1380">
    <p class='ocr_par' dir='ltr' id='par_1_13' title="bbox 431 1304 2026 1380">
     <span class='ocr_line' id='line_1_13' title="bbox 431 1304 2026 1380; baseline -0.003 -17"><span class='ocrx_word' id='word_1_68' title='bbox 431 1309 600 1373; x_wconf 56' lang='lat' dir='ltr'><strong>«ora;</strong></span> <span class='ocrx_word' id='word_1_69' title='bbox 624 1309 682 1363; x_wconf 85' lang='grc' dir='ltr'>δὲ</span> <span class='ocrx_word' id='word_1_70' title='bbox 709 1307 953 1380; x_wconf 77' lang='grc' dir='ltr'>κριτικὸς</span> <span class='ocrx_word' id='word_1_71' title='bbox 977 1309 1125 1360; x_wconf 78' lang='grc' dir='ltr'>ἐστιν</span> <span class='ocrx_word' id='word_1_72' title='bbox 1153 1305 1504 1376; x_wconf 80' lang='grc' dir='ltr'><strong>ἐνθυμήσεων</strong></span> <span class='ocrx_word' id='word_1_73' title='bbox 1528 1304 1623 1358; x_wconf 74' lang='grc' dir='ltr'><strong>καὶ</strong></span> <span class='ocrx_word' id='word_1_74' title='bbox 1643 1305 1860 1358; x_wconf 78' lang='grc' dir='ltr'>ἐννοιῶν</span> <span class='ocrx_word' id='word_1_75' title='bbox 1889 1323 2026 1377; x_wconf 80' lang='grc' dir='ltr'>καρ-</span> 
     </span>
    </p>
   </div>
   <div class='ocr_carea' id='block_1_14' title="bbox 431 1395 2022 1469">
    <p class='ocr_par' dir='ltr' id='par_1_14' title="bbox 431 1395 2022 1469">
     <span class='ocr_line' id='line_1_14' title="bbox 431 1395 2022 1469; baseline -0.004 -15"><span class='ocrx_word' id='word_1_76' title='bbox 431 1400 588 1464; x_wconf 74' lang='grc' dir='ltr'>δίαςο</span> <span class='ocrx_word' id='word_1_77' title='bbox 625 1402 724 1454; x_wconf 72' lang='grc' dir='ltr'><strong>οὐκ</strong></span> <span class='ocrx_word' id='word_1_78' title='bbox 751 1400 866 1453; x_wconf 78' lang='grc' dir='ltr'>ἔστι</span> <span class='ocrx_word' id='word_1_79' title='bbox 899 1399 1082 1469; x_wconf 89' lang='grc' dir='ltr'>κρίσις</span> <span class='ocrx_word' id='word_1_80' title='bbox 1111 1397 1323 1468; x_wconf 77' lang='grc' dir='ltr'>ἀφανὴς</span> <span class='ocrx_word' id='word_1_81' title='bbox 1350 1396 1580 1449; x_wconf 81' lang='grc' dir='ltr'>ἐνώπιον</span> <span class='ocrx_word' id='word_1_82' title='bbox 1613 1395 1800 1450; x_wconf 75' lang='grc' dir='ltr'>αὑτοῦ.</span> <span class='ocrx_word' id='word_1_83' title='bbox 1833 1395 2022 1448; x_wconf 88' lang='grc' dir='ltr'>Τοιοῦ-</span> 
     </span>
    </p>
   </div>
   <div class='ocr_carea' id='block_1_15' title="bbox 435 1488 2024 1560">
    <p class='ocr_par' dir='ltr' id='par_1_15' title="bbox 435 1488 2024 1560">
     <span class='ocr_line' id='line_1_15' title="bbox 435 1488 2024 1560; baseline -0.003 -15"><span class='ocrx_word' id='word_1_84' title='bbox 435 1509 528 1545; x_wconf 84' lang='grc' dir='ltr'><strong>τον</strong></span> <span class='ocrx_word' id='word_1_85' title='bbox 551 1491 728 1556; x_wconf 81' lang='grc' dir='ltr'>δείξας</span> <span class='ocrx_word' id='word_1_86' title='bbox 755 1492 846 1544; x_wconf 86' lang='grc' dir='ltr'>τὸν</span> <span class='ocrx_word' id='word_1_87' title='bbox 873 1491 1026 1554; x_wconf 85' lang='grc' dir='ltr'>Θεὸν,</span> <span class='ocrx_word' id='word_1_88' title='bbox 1055 1488 1600 1560; x_wconf 79' lang='grc' dir='ltr'>πεπαῤῥησιασμένῳ</span> <span class='ocrx_word' id='word_1_89' title='bbox 1631 1488 1889 1541; x_wconf 80' lang='grc' dir='ltr'>συνειδότι</span> <span class='ocrx_word' id='word_1_90' title='bbox 1919 1505 2024 1558; x_wconf 82' lang='grc' dir='ltr'><strong>φη-</strong></span> 
     </span>
    </p>
   </div>
   <div class='ocr_carea' id='block_1_16' title="bbox 439 1579 2026 1652">
    <p class='ocr_par' dir='ltr' id='par_1_16' title="bbox 439 1579 2026 1652">
     <span class='ocr_line' id='line_1_16' title="bbox 439 1579 2026 1652; baseline -0.002 -16"><span class='ocrx_word' id='word_1_91' title='bbox 439 1583 524 1636; x_wconf 85' lang='grc' dir='ltr'><strong>σίν</strong></span> <span class='ocrx_word' id='word_1_92' title='bbox 541 1601 554 1614; x_wconf 91' lang='grc'><strong>·</strong></span> <span class='ocrx_word' id='word_1_93' title='bbox 599 1585 660 1638; x_wconf 82' lang='grc' dir='ltr'><strong><em>Ἡ</em></strong></span> <span class='ocrx_word' id='word_1_94' title='bbox 678 1582 932 1650; x_wconf 81' lang='grc' dir='ltr'>,ϐοήθειά</span> <span class='ocrx_word' id='word_1_95' title='bbox 956 1599 1076 1652; x_wconf 81' lang='grc' dir='ltr'><strong>μου</strong></span> <span class='ocrx_word' id='word_1_96' title='bbox 1107 1581 1266 1649; x_wconf 79' lang='grc' dir='ltr'>παρὰ</span> <span class='ocrx_word' id='word_1_97' title='bbox 1295 1579 1403 1634; x_wconf 85' lang='grc' dir='ltr'>τοῦ</span> <span class='ocrx_word' id='word_1_98' title='bbox 1434 1579 1582 1634; x_wconf 83' lang='grc' dir='ltr'><strong>Θεοῦ</strong></span> <span class='ocrx_word' id='word_1_99' title='bbox 1608 1580 1713 1634; x_wconf 87' lang='grc' dir='ltr'>τοῦ</span> <span class='ocrx_word' id='word_1_100' title='bbox 1735 1579 2026 1646; x_wconf 79' lang='grc' dir='ltr'><strong>σώζοντος</strong></span> 
     </span>
    </p>
   </div>
   <div class='ocr_carea' id='block_1_17' title="bbox 435 1669 2026 1746">
    <p class='ocr_par' dir='ltr' id='par_1_17' title="bbox 435 1669 2026 1746">
     <span class='ocr_line' id='line_1_17' title="bbox 435 1669 2026 1746; baseline -0.002 -17"><span class='ocrx_word' id='word_1_101' title='bbox 435 1676 582 1743; x_wconf 85' lang='grc' dir='ltr'>τοὺς</span> <span class='ocrx_word' id='word_1_102' title='bbox 617 1675 812 1742; x_wconf 80' lang='grc' dir='ltr'><strong>εὐθεῖς</strong></span> <span class='ocrx_word' id='word_1_103' title='bbox 836 1675 910 1744; x_wconf 79' lang='grc' dir='ltr'>τῇ</span> <span class='ocrx_word' id='word_1_104' title='bbox 936 1674 1166 1743; x_wconf 77' lang='grc' dir='ltr'>καρδίᾳ.</span> <span class='ocrx_word' id='word_1_105' title='bbox 1191 1673 1419 1746; x_wconf 85' lang='grc' dir='ltr'>Χρηστά</span> <span class='ocrx_word' id='word_1_106' title='bbox 1449 1672 1558 1744; x_wconf 84' lang='grc' dir='ltr'>γὰρ</span> <span class='ocrx_word' id='word_1_107' title='bbox 1587 1669 1796 1736; x_wconf 77' lang='grc' dir='ltr'>ἐλπίζει</span> <span class='ocrx_word' id='word_1_108' title='bbox 1821 1673 1908 1726; x_wconf 89' lang='grc' dir='ltr'>διὰ</span> <span class='ocrx_word' id='word_1_109' title='bbox 1933 1673 2026 1726; x_wconf 78' lang='grc' dir='ltr'><strong>τὸν</strong></span> 
     </span>
    </p>
   </div>
   <div class='ocr_carea' id='block_1_18' title="bbox 439 1761 2026 1834">
    <p class='ocr_par' dir='ltr' id='par_1_18' title="bbox 439 1761 2026 1834">
     <span class='ocr_line' id='line_1_18' title="bbox 439 1761 2026 1834; baseline 0.001 -19"><span class='ocrx_word' id='word_1_110' title='bbox 439 1762 698 1826; x_wconf 75' lang='grc' dir='ltr'>ἐτάζοντα</span> <span class='ocrx_word' id='word_1_111' title='bbox 729 1763 958 1834; x_wconf 76' lang='grc' dir='ltr'>καρδίας</span> <span class='ocrx_word' id='word_1_112' title='bbox 997 1765 1090 1816; x_wconf 53' lang='grc' dir='ltr'><strong>καί⁵</strong></span> <span class='ocrx_word' id='word_1_113' title='bbox 1124 1763 1378 1834; x_wconf 79' lang='grc' dir='ltr'>νεφροὺς,</span> <span class='ocrx_word' id='word_1_114' title='bbox 1425 1762 1500 1826; x_wconf 89' lang='grc' dir='ltr'>ὡς</span> <span class='ocrx_word' id='word_1_115' title='bbox 1535 1761 1604 1834; x_wconf 82' lang='grc' dir='ltr'>δὴ</span> <span class='ocrx_word' id='word_1_116' title='bbox 1643 1763 1856 1816; x_wconf 70' lang='grc' dir='ltr'>σκολιὸν</span> <span class='ocrx_word' id='word_1_117' title='bbox 1886 1763 2026 1834; x_wconf 81' lang='grc' dir='ltr'>ἔχων</span> 
     </span>
    </p>
   </div>
   <div class='ocr_carea' id='block_1_19' title="bbox 439 1855 917 1928">
    <p class='ocr_par' dir='ltr' id='par_1_19' title="bbox 439 1855 917 1928">
     <span class='ocr_line' id='line_1_19' title="bbox 439 1855 917 1928; baseline -0.002 -20"><span class='ocrx_word' id='word_1_118' title='bbox 439 1855 593 1908; x_wconf 77' lang='grc' dir='ltr'>οὐδὲν</span> <span class='ocrx_word' id='word_1_119' title='bbox 619 1858 676 1908; x_wconf 83' lang='grc' dir='ltr'>ὲν</span> <span class='ocrx_word' id='word_1_120' title='bbox 704 1855 917 1928; x_wconf 78' lang='grc' dir='ltr'>καρδίᾳ.</span> 
     </span>
    </p>
   </div>
   <div class='ocr_carea' id='block_1_20' title="bbox 527 1945 2024 2018">
    <p class='ocr_par' dir='ltr' id='par_1_20' title="bbox 527 1945 2024 2018">
     <span class='ocr_line' id='line_1_20' title="bbox 527 1945 2024 2018; baseline 0 -18"><span class='ocrx_word' id='word_1_121' title='bbox 527 1947 665 2006; x_wconf 83' lang='grc' dir='ltr'><em>Ἐὰν</em></span> <span class='ocrx_word' id='word_1_122' title='bbox 706 1947 794 2017; x_wconf 81' lang='grc' dir='ltr'>μὴ</span> <span class='ocrx_word' id='word_1_123' title='bbox 840 1947 1270 2018; x_wconf 68' lang='grc' dir='ltr'>ἑπιστραςεῆτε,</span> <span class='ocrx_word' id='word_1_124' title='bbox 1321 1950 1438 2018; x_wconf 82' lang='grc' dir='ltr'>τὴν</span> <span class='ocrx_word' id='word_1_125' title='bbox 1478 1948 1786 2018; x_wconf 68' lang='grc' dir='ltr'>ῥομφαίαν</span> <span class='ocrx_word' id='word_1_126' title='bbox 1834 1945 2024 2000; x_wconf 83' lang='grc' dir='ltr'>αὐτοῦ</span> 
     </span>
    </p>
   </div>
   <div class='ocr_carea' id='block_1_21' title="bbox 438 2039 2024 2108">
    <p class='ocr_par' dir='ltr' id='par_1_21' title="bbox 438 2039 2024 2108">
     <span class='ocr_line' id='line_1_21' title="bbox 438 2039 2024 2108; baseline -0.001 -16"><span class='ocrx_word' id='word_1_127' title='bbox 438 2039 760 2094; x_wconf 73' lang='grc' dir='ltr'>στιλϐὡσει</span> <span class='ocrx_word' id='word_1_128' title='bbox 784 2057 798 2070; x_wconf 85' lang='grc'><strong>·</strong></span> <span class='ocrx_word' id='word_1_129' title='bbox 849 2040 918 2094; x_wconf 82' lang='grc' dir='ltr'>τὸ</span> <span class='ocrx_word' id='word_1_130' title='bbox 960 2041 1140 2104; x_wconf 81' lang='grc' dir='ltr'>τόξον</span> <span class='ocrx_word' id='word_1_131' title='bbox 1162 2041 1348 2096; x_wconf 85' lang='grc' dir='ltr'>αὑτοῦ</span> <span class='ocrx_word' id='word_1_132' title='bbox 1371 2041 1630 2095; x_wconf 75' lang='grc' dir='ltr'><strong>ἐνέτεινε</strong></span> <span class='ocrx_word' id='word_1_133' title='bbox 1656 2040 1754 2092; x_wconf 77' lang='grc' dir='ltr'>καὶ</span> <span class='ocrx_word' id='word_1_134' title='bbox 1779 2039 2024 2108; x_wconf 71' lang='grc' dir='ltr'>ἡτοίμα-</span> 
     </span>
    </p>
   </div>
   <div class='ocr_carea' id='block_1_22' title="bbox 437 2129 2026 2204">
    <p class='ocr_par' dir='ltr' id='par_1_22' title="bbox 437 2129 2026 2204">
     <span class='ocr_line' id='line_1_22' title="bbox 437 2129 2026 2204; baseline -0.001 -20"><span class='ocrx_word' id='word_1_135' title='bbox 437 2147 552 2184; x_wconf 84' lang='grc' dir='ltr'><strong>σεν</strong></span> <span class='ocrx_word' id='word_1_136' title='bbox 593 2133 759 2186; x_wconf 81' lang='grc' dir='ltr'>αὑτό.</span> <span class='ocrx_word' id='word_1_137' title='bbox 797 2134 1020 2202; x_wconf 83' lang='grc' dir='ltr'>Μήποτε</span> <span class='ocrx_word' id='word_1_138' title='bbox 1069 2131 1655 2204; x_wconf 86' lang='grc' dir='ltr'>παρασεσιωπημένως</span> <span class='ocrx_word' id='word_1_139' title='bbox 1695 2129 1866 2184; x_wconf 77' lang='grc' dir='ltr'>ταῦτα</span> <span class='ocrx_word' id='word_1_140' title='bbox 1897 2130 2026 2200; x_wconf 85' lang='grc' dir='ltr'><strong>περὶ</strong></span> 
     </span>
    </p>
   </div>
   <div class='ocr_carea' id='block_1_23' title="bbox 435 2217 2027 2296">
    <p class='ocr_par' dir='ltr' id='par_1_23' title="bbox 435 2217 2027 2296">
     <span class='ocr_line' id='line_1_23' title="bbox 435 2217 2027 2296; baseline -0.001 -19"><span class='ocrx_word' id='word_1_141' title='bbox 435 2225 532 2277; x_wconf 78' lang='grc' dir='ltr'>τοῦ</span> <span class='ocrx_word' id='word_1_142' title='bbox 579 2225 830 2278; x_wconf 81' lang='grc' dir='ltr'>διαϐόλου</span> <span class='ocrx_word' id='word_1_143' title='bbox 873 2225 1122 2294; x_wconf 83' lang='grc' dir='ltr'>λέγεται·</span> <span class='ocrx_word' id='word_1_144' title='bbox 1156 2217 1310 2288; x_wconf 71' lang='grc' dir='ltr'>οὗτος</span> <span class='ocrx_word' id='word_1_145' title='bbox 1353 2223 1460 2296; x_wconf 80' lang='grc' dir='ltr'>γὰρ</span> <span class='ocrx_word' id='word_1_146' title='bbox 1507 2223 1906 2296; x_wconf 77' lang='grc' dir='ltr'>πρὸςτθύτους</span> <span class='ocrx_word' id='word_1_147' title='bbox 1937 2222 2027 2276; x_wconf 77' lang='grc' dir='ltr'>καὶ</span> 
     </span>
    </p>
   </div>
   <div class='ocr_carea' id='block_1_24' title="bbox 437 2317 1792 2388">
    <p class='ocr_par' dir='ltr' id='par_1_24' title="bbox 437 2317 1792 2388">
     <span class='ocr_line' id='line_1_24' title="bbox 437 2317 1792 2388; baseline 0 -18"><span class='ocrx_word' id='word_1_148' title='bbox 437 2318 702 2388; x_wconf 76' lang='grc' dir='ltr'>ὡδίνησεν</span> <span class='ocrx_word' id='word_1_149' title='bbox 730 2317 967 2382; x_wconf 84' lang='grc' dir='ltr'>ἀδικίαν,</span> <span class='ocrx_word' id='word_1_150' title='bbox 1003 2319 1098 2372; x_wconf 76' lang='grc' dir='ltr'>καὶ</span> <span class='ocrx_word' id='word_1_151' title='bbox 1123 2317 1190 2372; x_wconf 79' lang='grc' dir='ltr'>τὰ</span> <span class='ocrx_word' id='word_1_152' title='bbox 1223 2317 1370 2388; x_wconf 79' lang='grc' dir='ltr'>ἑξῆς.</span> <span class='ocrx_word' id='word_1_153' title='bbox 1787 2317 1792 2322; x_wconf 79' lang='grc'><em>’</em></span> 
     </span>
    </p>
   </div>
   <div class='ocr_carea' id='block_1_25' title="bbox 523 2409 2026 2478">
    <p class='ocr_par' dir='ltr' id='par_1_25' title="bbox 523 2409 2026 2478">
     <span class='ocr_line' id='line_1_25' title="bbox 523 2409 2026 2478; baseline -0.001 -14"><span class='ocrx_word' id='word_1_154' title='bbox 523 2410 668 2464; x_wconf 84' lang='grc' dir='ltr'>Ἰδοὺ</span> <span class='ocrx_word' id='word_1_155' title='bbox 705 2409 1004 2478; x_wconf 85' lang='grc' dir='ltr'>ὠδίνησεν</span> <span class='ocrx_word' id='word_1_156' title='bbox 1041 2410 1300 2476; x_wconf 81' lang='grc' dir='ltr'>ἀδικίαν,</span> <span class='ocrx_word' id='word_1_157' title='bbox 1345 2409 1646 2464; x_wconf 75' lang='grc' dir='ltr'>συνέλαϐε</span> <span class='ocrx_word' id='word_1_158' title='bbox 1683 2412 1894 2474; x_wconf 79' lang='grc' dir='ltr'>πόνον,</span> <span class='ocrx_word' id='word_1_159' title='bbox 1929 2410 2026 2462; x_wconf 73' lang='grc' dir='ltr'>καὶ</span> 
     </span>
    </p>
   </div>
   <div class='ocr_carea' id='block_1_26' title="bbox 437 2497 2030 2568">
    <p class='ocr_par' dir='ltr' id='par_1_26' title="bbox 437 2497 2030 2568">
     <span class='ocr_line' id='line_1_26' title="bbox 437 2497 2030 2568; baseline -0.001 -14"><span class='ocrx_word' id='word_1_160' title='bbox 437 2501 644 2554; x_wconf 79' lang='grc' dir='ltr'>ἔτεκεν</span> <span class='ocrx_word' id='word_1_161' title='bbox 691 2500 967 2568; x_wconf 81' lang='grc' dir='ltr'>ἀνομίαν.</span> <span class='ocrx_word' id='word_1_162' title='bbox 1001 2498 1240 2552; x_wconf 80' lang='grc' dir='ltr'>Αάκκον</span> <span class='ocrx_word' id='word_1_163' title='bbox 1293 2499 1485 2566; x_wconf 79' lang='grc' dir='ltr'>ὤρυξε</span> <span class='ocrx_word' id='word_1_164' title='bbox 1535 2499 1634 2552; x_wconf 81' lang='grc' dir='ltr'>καὶ</span> <span class='ocrx_word' id='word_1_165' title='bbox 1675 2497 2030 2567; x_wconf 69' lang='grc' dir='ltr'>ἀνέσκαψεν</span> 
     </span>
    </p>
   </div>
   <div class='ocr_carea' id='block_1_27' title="bbox 439 2589 2024 2660">
    <p class='ocr_par' dir='ltr' id='par_1_27' title="bbox 439 2589 2024 2660">
     <span class='ocr_line' id='line_1_27' title="bbox 439 2589 2024 2660; baseline -0.001 -15"><span class='ocrx_word' id='word_1_166' title='bbox 439 2591 648 2654; x_wconf 81' lang='grc' dir='ltr'>αὐτὸν,</span> <span class='ocrx_word' id='word_1_167' title='bbox 682 2591 1152 2660; x_wconf 50' lang='grc' dir='ltr'>καμὲμετεσεῖται</span> <span class='ocrx_word' id='word_1_168' title='bbox 1188 2594 1276 2656; x_wconf 82' lang='grc' dir='ltr'><strong>εἰς</strong></span> <span class='ocrx_word' id='word_1_169' title='bbox 1301 2591 1533 2659; x_wconf 77' lang='grc' dir='ltr'><strong>βόθρον</strong></span> <span class='ocrx_word' id='word_1_170' title='bbox 1576 2591 1649 2645; x_wconf 87' lang='grc' dir='ltr'><strong>ὃν</strong></span> <span class='ocrx_word' id='word_1_171' title='bbox 1689 2589 2024 2660; x_wconf 74' lang='grc' dir='ltr'>είργάσατο.</span> 
     </span>
    </p>
   </div>
   <div class='ocr_carea' id='block_1_28' title="bbox 455 2683 2026 2754">
    <p class='ocr_par' dir='ltr' id='par_1_28' title="bbox 455 2683 2026 2754">
     <span class='ocr_line' id='line_1_28' title="bbox 455 2683 2026 2754; baseline -0.001 -18"><span class='ocrx_word' id='word_1_172' title='bbox 455 2683 826 2752; x_wconf 70' lang='grc' dir='ltr'>Ἐπιστρέψει</span> <span class='ocrx_word' id='word_1_173' title='bbox 860 2687 893 2736; x_wconf 85' lang='grc' dir='ltr'><em>ὀ</em></span> <span class='ocrx_word' id='word_1_174' title='bbox 922 2685 1109 2748; x_wconf 76' lang='grc' dir='ltr'>πόνος</span> <span class='ocrx_word' id='word_1_175' title='bbox 1140 2683 1326 2737; x_wconf 82' lang='grc' dir='ltr'>αὑτοῦ</span> <span class='ocrx_word' id='word_1_176' title='bbox 1371 2687 1458 2750; x_wconf 79' lang='grc' dir='ltr'><strong>είς</strong></span> <span class='ocrx_word' id='word_1_177' title='bbox 1499 2683 1776 2754; x_wconf 66' lang='grc' dir='ltr'>κεφαλὴν</span> <span class='ocrx_word' id='word_1_178' title='bbox 1819 2683 2026 2747; x_wconf 84' lang='grc' dir='ltr'>αὐτοῦ,</span> 
     </span>
    </p>
   </div>
   <div class='ocr_carea' id='block_1_29' title="bbox 439 2775 2029 2844">
    <p class='ocr_par' dir='ltr' id='par_1_29' title="bbox 439 2775 2029 2844">
     <span class='ocr_line' id='line_1_29' title="bbox 439 2775 2029 2844; baseline -0.001 -16"><span class='ocrx_word' id='word_1_179' title='bbox 439 2776 540 2828; x_wconf 78' lang='grc' dir='ltr'>καὶ</span> <span class='ocrx_word' id='word_1_180' title='bbox 573 2775 670 2828; x_wconf 76' lang='grc' dir='ltr'><strong>ἐπὶ</strong></span> <span class='ocrx_word' id='word_1_181' title='bbox 711 2775 988 2844; x_wconf 70' lang='grc' dir='ltr'>κορυφὴν</span> <span class='ocrx_word' id='word_1_182' title='bbox 1013 2776 1202 2829; x_wconf 86' lang='grc' dir='ltr'>αὑτοῦ</span> <span class='ocrx_word' id='word_1_183' title='bbox 1237 2777 1276 2844; x_wconf 80' lang='grc' dir='ltr'>ἡ</span> <span class='ocrx_word' id='word_1_184' title='bbox 1306 2776 1510 2830; x_wconf 81' lang='grc' dir='ltr'>ἀδικία</span> <span class='ocrx_word' id='word_1_185' title='bbox 1539 2777 1727 2830; x_wconf 85' lang='grc' dir='ltr'>αὑτοῦ</span> <span class='ocrx_word' id='word_1_186' title='bbox 1771 2776 2029 2841; x_wconf 76' lang='grc' dir='ltr'>καταϐή-</span> 
     </span>
    </p>
   </div>
   <div class='ocr_carea' id='block_1_30' title="bbox 439 2862 2027 2939">
    <p class='ocr_par' dir='ltr' id='par_1_30' title="bbox 439 2862 2027 2939">
     <span class='ocr_line' id='line_1_30' title="bbox 439 2862 2027 2939; baseline 0 -17"><span class='ocrx_word' id='word_1_187' title='bbox 439 2883 632 2922; x_wconf 83' lang='grc' dir='ltr'>σεται.</span> <span class='ocrx_word' id='word_1_188' title='bbox 673 2868 858 2920; x_wconf 83' lang='grc' dir='ltr'>Ταῦτα</span> <span class='ocrx_word' id='word_1_189' title='bbox 929 2867 1107 2939; x_wconf 79' lang='grc' dir='ltr'>ῥητῶς</span> <span class='ocrx_word' id='word_1_190' title='bbox 1169 2867 1257 2920; x_wconf 82' lang='grc' dir='ltr'>ἐπ’</span> <span class='ocrx_word' id='word_1_191' title='bbox 1303 2862 1586 2939; x_wconf 67' lang='grc' dir='ltr'>’Λχίτὸερελ</span> <span class='ocrx_word' id='word_1_192' title='bbox 1653 2868 2027 2939; x_wconf 81' lang='grc' dir='ltr'>πεπλήρωται.</span> 
     </span>
    </p>
   </div>
   <div class='ocr_carea' id='block_1_31' title="bbox 442 2959 2030 3032">
    <p class='ocr_par' dir='ltr' id='par_1_31' title="bbox 442 2959 2030 3032">
     <span class='ocr_line' id='line_1_31' title="bbox 442 2959 2030 3032; baseline -0.002 -18"><span class='ocrx_word' id='word_1_193' title='bbox 442 2960 944 3032; x_wconf 77' lang='grc' dir='ltr'>Παρευδοκιμήθεὶς</span> <span class='ocrx_word' id='word_1_194' title='bbox 987 2961 1095 3032; x_wconf 76' lang='grc' dir='ltr'><strong>γὰρ</strong></span> <span class='ocrx_word' id='word_1_195' title='bbox 1139 2961 1246 3014; x_wconf 78' lang='grc' dir='ltr'>ὑπὸ</span> <span class='ocrx_word' id='word_1_196' title='bbox 1289 2961 1384 3013; x_wconf 80' lang='grc' dir='ltr'>τοῦ</span> <span class='ocrx_word' id='word_1_197' title='bbox 1415 2961 1609 3026; x_wconf 73' lang='grc' dir='ltr'>Χουσὶ,</span> <span class='ocrx_word' id='word_1_198' title='bbox 1641 2963 1734 3014; x_wconf 74' lang='grc' dir='ltr'><strong>καὶ</strong></span> <span class='ocrx_word' id='word_1_199' title='bbox 1773 2959 1844 3012; x_wconf 80' lang='grc' dir='ltr'>τὰ</span> <span class='ocrx_word' id='word_1_200' title='bbox 1886 2959 2030 3030; x_wconf 85' lang='grc' dir='ltr'>πρά-</span> 
     </span>
    </p>
   </div>
   <div class='ocr_carea' id='block_1_32' title="bbox 441 3051 2032 3126">
    <p class='ocr_par' dir='ltr' id='par_1_32' title="bbox 441 3051 2032 3126">
     <span class='ocr_line' id='line_1_32' title="bbox 441 3051 2032 3126; baseline -0.002 -20"><span class='ocrx_word' id='word_1_201' title='bbox 441 3071 628 3124; x_wconf 81' lang='grc' dir='ltr'>γματα</span> <span class='ocrx_word' id='word_1_202' title='bbox 657 3053 754 3106; x_wconf 78' lang='grc' dir='ltr'>τοῦ</span> <span class='ocrx_word' id='word_1_203' title='bbox 793 3053 1168 3124; x_wconf 84' lang='grc' dir='ltr'>Ἀϐεσσαλὼμ,</span> <span class='ocrx_word' id='word_1_204' title='bbox 1199 3053 1368 3126; x_wconf 77' lang='grc' dir='ltr'>ὡς’δή</span> <span class='ocrx_word' id='word_1_205' title='bbox 1402 3054 1584 3122; x_wconf 75' lang='grc' dir='ltr'>σοφὸς,</span> <span class='ocrx_word' id='word_1_206' title='bbox 1621 3053 1911 3122; x_wconf 74' lang='grc' dir='ltr'>ἀπογνοὺς,</span> <span class='ocrx_word' id='word_1_207' title='bbox 1935 3051 2032 3104; x_wconf 74' lang='grc' dir='ltr'><strong>καὶ</strong></span> 
     </span>
    </p>
   </div>
   <div class='ocr_carea' id='block_1_33' title="bbox 443 3139 2031 3216">
    <p class='ocr_par' dir='ltr' id='par_1_33' title="bbox 443 3139 2031 3216">
     <span class='ocr_line' id='line_1_33' title="bbox 443 3139 2031 3216; baseline -0.003 -18"><span class='ocrx_word' id='word_1_208' title='bbox 443 3145 541 3216; x_wconf 80' lang='grc' dir='ltr'>τὴν</span> <span class='ocrx_word' id='word_1_209' title='bbox 595 3145 892 3216; x_wconf 81' lang='grc' dir='ltr'>μέλλουσαν</span> <span class='ocrx_word' id='word_1_210' title='bbox 941 3147 1008 3197; x_wconf 84' lang='grc' dir='ltr'>ὲκ</span> <span class='ocrx_word' id='word_1_211' title='bbox 1053 3143 1146 3197; x_wconf 81' lang='grc' dir='ltr'>τοῦ</span> <span class='ocrx_word' id='word_1_212' title='bbox 1182 3143 1343 3196; x_wconf 85' lang='grc' dir='ltr'>Δαυῒδ</span> <span class='ocrx_word' id='word_1_213' title='bbox 1375 3143 1709 3214; x_wconf 80' lang='grc' dir='ltr'>φοϐούμενος</span> <span class='ocrx_word' id='word_1_214' title='bbox 1747 3142 1922 3213; x_wconf 86' lang='grc' dir='ltr'>δίκην,</span> <span class='ocrx_word' id='word_1_215' title='bbox 1951 3139 2031 3194; x_wconf 76' lang='grc' dir='ltr'>οἴ-</span> 
     </span>
    </p>
   </div>
   <div class='ocr_carea' id='block_1_34' title="bbox 2125 660 3702 732">
    <p class='ocr_par' dir='ltr' id='par_1_34' title="bbox 2125 660 3702 732">
     <span class='ocr_line' id='line_1_34' title="bbox 2125 660 3702 732; baseline 0.001 -18"><span class='ocrx_word' id='word_1_216' title='bbox 2125 661 2316 732; x_wconf 86' lang='lat' dir='ltr'><strong>diriges</strong></span> <span class='ocrx_word' id='word_1_217' title='bbox 2330 660 2560 732; x_wconf 87' lang='lat' dir='ltr'><strong>justum,</strong></span> <span class='ocrx_word' id='word_1_218' title='bbox 2587 671 2830 716; x_wconf 88' lang='lat' dir='ltr'><strong>scrutans</strong></span> <span class='ocrx_word' id='word_1_219' title='bbox 2859 661 3020 716; x_wconf 87' lang='lat' dir='ltr'><strong>corda</strong></span> <span class='ocrx_word' id='word_1_220' title='bbox 3038 671 3086 716; x_wconf 90' lang='lat' dir='ltr'><strong>et</strong></span> <span class='ocrx_word' id='word_1_221' title='bbox 3105 679 3270 726; x_wconf 87' lang='lat' dir='ltr'><strong>renes,</strong></span> <span class='ocrx_word' id='word_1_222' title='bbox 3297 662 3454 717; x_wconf 86' lang='lat' dir='ltr'><strong>Deus.</strong></span> <span class='ocrx_word' id='word_1_223' title='bbox 3491 661 3702 716; x_wconf 88' lang='lat' dir='ltr'><strong>Scitum</strong></span> 
     </span>
    </p>
   </div>
   <div class='ocr_carea' id='block_1_35' title="bbox 2124 755 3713 828">
    <p class='ocr_par' dir='ltr' id='par_1_35' title="bbox 2124 755 3713 828">
     <span class='ocr_line' id='line_1_35' title="bbox 2124 755 3713 828; baseline -0.001 -18"><span class='ocrx_word' id='word_1_224' title='bbox 2124 772 2499 828; x_wconf 79' lang='lat' dir='ltr'><strong>magnumque</strong></span> <span class='ocrx_word' id='word_1_225' title='bbox 2525 763 2610 810; x_wconf 88' lang='lat' dir='ltr'><strong>est</strong></span> <span class='ocrx_word' id='word_1_226' title='bbox 2647 755 2930 825; x_wconf 89' lang='lat' dir='ltr'><strong>postulare</strong></span> <span class='ocrx_word' id='word_1_227' title='bbox 2963 761 3024 808; x_wconf 87' lang='lat' dir='ltr'><strong>ut</strong></span> <span class='ocrx_word' id='word_1_228' title='bbox 3055 755 3178 810; x_wconf 84' lang='lat' dir='ltr'><strong>ﬁnis</strong></span> <span class='ocrx_word' id='word_1_229' title='bbox 3215 755 3286 810; x_wconf 87' lang='lat' dir='ltr'><strong>sit</strong></span> <span class='ocrx_word' id='word_1_230' title='bbox 3325 756 3578 822; x_wconf 69' lang='lat' dir='ltr'><strong>malitiae;</strong></span> <span class='ocrx_word' id='word_1_231' title='bbox 3615 762 3713 808; x_wconf 80' lang='lat' dir='ltr'><strong>ut-</strong></span> 
     </span>
    </p>
   </div>
   <div class='ocr_carea' id='block_1_36' title="bbox 2126 846 3701 919">
    <p class='ocr_par' dir='ltr' id='par_1_36' title="bbox 2126 846 3701 919">
     <span class='ocr_line' id='line_1_36' title="bbox 2126 846 3701 919; baseline -0.001 -17"><span class='ocrx_word' id='word_1_232' title='bbox 2126 865 2230 919; x_wconf 90' lang='lat' dir='ltr'><strong>que</strong></span> <span class='ocrx_word' id='word_1_233' title='bbox 2249 850 2434 918; x_wconf 89' lang='lat' dir='ltr'><strong>justus</strong></span> <span class='ocrx_word' id='word_1_234' title='bbox 2465 850 2536 902; x_wconf 88' lang='lat' dir='ltr'><strong>ita</strong></span> <span class='ocrx_word' id='word_1_235' title='bbox 2567 847 2857 916; x_wconf 78' lang='lat' dir='ltr'><strong>dirigatur,</strong></span> <span class='ocrx_word' id='word_1_236' title='bbox 2891 855 2954 900; x_wconf 85' lang='grc' dir='ltr'><strong>ιιι</strong></span> <span class='ocrx_word' id='word_1_237' title='bbox 2983 863 3260 916; x_wconf 86' lang='lat' dir='ltr'><strong>nunquam</strong></span> <span class='ocrx_word' id='word_1_238' title='bbox 3285 847 3428 900; x_wconf 91' lang='lat' dir='ltr'><strong>ultro</strong></span> <span class='ocrx_word' id='word_1_239' title='bbox 3455 846 3701 900; x_wconf 82' lang='lat' dir='ltr'><strong>ﬂuctuet.</strong></span> 
     </span>
    </p>
   </div>
   <div class='ocr_carea' id='block_1_37' title="bbox 2125 939 3707 1008">
    <p class='ocr_par' dir='ltr' id='par_1_37' title="bbox 2125 939 3707 1008">
     <span class='ocr_line' id='line_1_37' title="bbox 2125 939 3707 1008; baseline -0.003 -12"><span class='ocrx_word' id='word_1_240' title='bbox 2125 941 2262 996; x_wconf 89' lang='lat' dir='ltr'><strong>Cum</strong></span> <span class='ocrx_word' id='word_1_241' title='bbox 2299 951 2478 996; x_wconf 90' lang='lat' dir='ltr'><strong>autem</strong></span> <span class='ocrx_word' id='word_1_242' title='bbox 2503 941 2571 996; x_wconf 90' lang='lat' dir='ltr'><strong>de</strong></span> <span class='ocrx_word' id='word_1_243' title='bbox 2615 941 2878 994; x_wconf 81' lang='lat' dir='ltr'><strong>tribunali</strong></span> <span class='ocrx_word' id='word_1_244' title='bbox 2913 939 3004 994; x_wconf 88' lang='lat' dir='ltr'><strong>Dei</strong></span> <span class='ocrx_word' id='word_1_245' title='bbox 3049 939 3315 1008; x_wconf 78' lang='lat' dir='ltr'><strong>loquitur,</strong></span> <span class='ocrx_word' id='word_1_246' title='bbox 3362 940 3538 994; x_wconf 91' lang='lat' dir='ltr'><strong>solum</strong></span> <span class='ocrx_word' id='word_1_247' title='bbox 3577 954 3707 993; x_wconf 84' lang='lat' dir='ltr'><strong>eum</strong></span> 
     </span>
    </p>
   </div>
   <div class='ocr_carea' id='block_1_38' title="bbox 2125 1031 3704 1104">
    <p class='ocr_par' dir='ltr' id='par_1_38' title="bbox 2125 1031 3704 1104">
     <span class='ocr_line' id='line_1_38' title="bbox 2125 1031 3704 1104; baseline -0.001 -16"><span class='ocrx_word' id='word_1_248' title='bbox 2125 1049 2248 1088; x_wconf 88' lang='lat' dir='ltr'><strong>esse</strong></span> <span class='ocrx_word' id='word_1_249' title='bbox 2282 1033 2494 1104; x_wconf 87' lang='lat' dir='ltr'><strong>justum</strong></span> <span class='ocrx_word' id='word_1_250' title='bbox 2545 1031 2782 1102; x_wconf 77' lang='lat' dir='ltr'><strong>iudicem</strong></span> <span class='ocrx_word' id='word_1_251' title='bbox 2813 1033 3156 1102; x_wconf 83' lang='lat' dir='ltr'><strong>pronuntiat,</strong></span> <span class='ocrx_word' id='word_1_252' title='bbox 3187 1039 3374 1098; x_wconf 88' lang='lat' dir='ltr'><strong>utpote</strong></span> <span class='ocrx_word' id='word_1_253' title='bbox 3424 1031 3516 1100; x_wconf 91' lang='lat' dir='ltr'><strong>qui</strong></span> <span class='ocrx_word' id='word_1_254' title='bbox 3553 1031 3704 1086; x_wconf 88' lang='lat' dir='ltr'><strong>solus</strong></span> 
     </span>
    </p>
   </div>
   <div class='ocr_carea' id='block_1_39' title="bbox 2125 1127 3706 1198">
    <p class='ocr_par' dir='ltr' id='par_1_39' title="bbox 2125 1127 3706 1198">
     <span class='ocr_line' id='line_1_39' title="bbox 2125 1127 3706 1198; baseline -0.001 -14"><span class='ocrx_word' id='word_1_255' title='bbox 2125 1129 2294 1184; x_wconf 88' lang='lat' dir='ltr'><strong>corda</strong></span> <span class='ocrx_word' id='word_1_256' title='bbox 2322 1129 2524 1184; x_wconf 77' lang='lat' dir='ltr'><strong>videat.</strong></span> <span class='ocrx_word' id='word_1_257' title='bbox 2574 1127 2697 1196; x_wconf 84' lang='lat' dir='ltr'><strong>Ipse</strong></span> <span class='ocrx_word' id='word_1_258' title='bbox 2725 1143 2962 1198; x_wconf 87' lang='lat' dir='ltr'><strong>namque</strong></span> <span class='ocrx_word' id='word_1_259' title='bbox 3003 1129 3183 1184; x_wconf 81' lang='lat' dir='ltr'><strong>reddit</strong></span> <span class='ocrx_word' id='word_1_260' title='bbox 3213 1129 3512 1198; x_wconf 86' lang='lat' dir='ltr'><strong>unicuique</strong></span> <span class='ocrx_word' id='word_1_261' title='bbox 3545 1127 3706 1196; x_wconf 84' lang='lat' dir='ltr'><strong>juxta</strong></span> 
     </span>
    </p>
   </div>
   <div class='ocr_carea' id='block_1_40' title="bbox 2127 1219 3706 1292">
    <p class='ocr_par' dir='ltr' id='par_1_40' title="bbox 2127 1219 3706 1292">
     <span class='ocr_line' id='line_1_40' title="bbox 2127 1219 3706 1292; baseline -0.003 -16"><span class='ocrx_word' id='word_1_262' title='bbox 2127 1235 2294 1292; x_wconf 90' lang='lat' dir='ltr'><strong>opera</strong></span> <span class='ocrx_word' id='word_1_263' title='bbox 2319 1236 2440 1276; x_wconf 90' lang='lat' dir='ltr'><strong>sua.</strong></span> <span class='ocrx_word' id='word_1_264' title='bbox 2488 1219 2662 1275; x_wconf 86' lang='lat' dir='ltr'><strong>Homo</strong></span> <span class='ocrx_word' id='word_1_265' title='bbox 2683 1221 2888 1292; x_wconf 82' lang='lat' dir='ltr'><strong>quippe</strong></span> <span class='ocrx_word' id='word_1_266' title='bbox 2919 1221 3054 1274; x_wconf 83' lang='lat' dir='ltr'><strong>videt</strong></span> <span class='ocrx_word' id='word_1_267' title='bbox 3083 1221 3134 1274; x_wconf 91' lang='lat' dir='ltr'><strong>in</strong></span> <span class='ocrx_word' id='word_1_268' title='bbox 3160 1221 3296 1290; x_wconf 82' lang='lat' dir='ltr'><strong>facie</strong></span> <span class='ocrx_word' id='word_1_269' title='bbox 3317 1221 3362 1250; x_wconf 81' lang='grc'><strong>⁸²</strong></span> <span class='ocrx_word' id='word_1_270' title='bbox 3391 1238 3405 1286; x_wconf 92' lang='grc'>;</span> <span class='ocrx_word' id='word_1_271' title='bbox 3439 1219 3558 1290; x_wconf 91' lang='lat' dir='ltr'><strong>ipse</strong></span> <span class='ocrx_word' id='word_1_272' title='bbox 3576 1234 3706 1273; x_wconf 87' lang='lat' dir='ltr'><strong>vero</strong></span> 
     </span>
    </p>
   </div>
   <div class='ocr_carea' id='block_1_41' title="bbox 2121 1312 3704 1386">
    <p class='ocr_par' dir='ltr' id='par_1_41' title="bbox 2121 1312 3704 1386">
     <span class='ocr_line' id='line_1_41' title="bbox 2121 1312 3704 1386; baseline -0.003 -18"><span class='ocrx_word' id='word_1_273' title='bbox 2121 1313 2292 1384; x_wconf 82' lang='lat' dir='ltr'><strong>judex</strong></span> <span class='ocrx_word' id='word_1_274' title='bbox 2325 1313 2724 1386; x_wconf 81' lang='lat' dir='ltr'><strong>cogitationum</strong></span> <span class='ocrx_word' id='word_1_275' title='bbox 2754 1323 2837 1369; x_wconf 88' lang='lat' dir='ltr'><strong>est</strong></span> <span class='ocrx_word' id='word_1_276' title='bbox 2865 1319 2919 1368; x_wconf 90' lang='lat' dir='ltr'><strong>et</strong></span> <span class='ocrx_word' id='word_1_277' title='bbox 2949 1313 3116 1368; x_wconf 88' lang='lat' dir='ltr'><strong>animi</strong></span> <span class='ocrx_word' id='word_1_278' title='bbox 3149 1313 3448 1368; x_wconf 87' lang='lat' dir='ltr'><strong>sensuum‘:</strong></span> <span class='ocrx_word' id='word_1_279' title='bbox 3493 1312 3704 1365; x_wconf 89' lang='lat' dir='ltr'><strong>nullum</strong></span> 
     </span>
    </p>
   </div>
   <div class='ocr_carea' id='block_1_42' title="bbox 2121 1399 3708 1476">
    <p class='ocr_par' dir='ltr' id='par_1_42' title="bbox 2121 1399 3708 1476">
     <span class='ocr_line' id='line_1_42' title="bbox 2121 1399 3708 1476; baseline -0.003 -17"><span class='ocrx_word' id='word_1_280' title='bbox 2121 1405 2394 1476; x_wconf 87' lang='lat' dir='ltr'><strong>judicium</strong></span> <span class='ocrx_word' id='word_1_281' title='bbox 2425 1405 2700 1458; x_wconf 88' lang='lat' dir='ltr'><strong>occultum</strong></span> <span class='ocrx_word' id='word_1_282' title='bbox 2739 1403 2842 1472; x_wconf 90' lang='lat' dir='ltr'><strong>ipsi</strong></span> <span class='ocrx_word' id='word_1_283' title='bbox 2876 1412 2977 1460; x_wconf 90' lang='lat' dir='ltr'><strong>est.</strong></span> <span class='ocrx_word' id='word_1_284' title='bbox 3020 1403 3156 1457; x_wconf 87' lang='lat' dir='ltr'><strong>Cum</strong></span> <span class='ocrx_word' id='word_1_285' title='bbox 3187 1404 3352 1456; x_wconf 88' lang='lat' dir='ltr'><strong>talem</strong></span> <span class='ocrx_word' id='word_1_286' title='bbox 3389 1417 3510 1457; x_wconf 86' lang='lat' dir='ltr'><strong>esse</strong></span> <span class='ocrx_word' id='word_1_287' title='bbox 3535 1399 3708 1455; x_wconf 88' lang='lat' dir='ltr'><strong>Deum</strong></span> 
     </span>
    </p>
   </div>
   <div class='ocr_carea' id='block_1_43' title="bbox 2126 1495 3705 1560">
    <p class='ocr_par' dir='ltr' id='par_1_43' title="bbox 2126 1495 3705 1560">
     <span class='ocr_line' id='line_1_43' title="bbox 2126 1495 3705 1560; baseline -0.002 -8"><span class='ocrx_word' id='word_1_288' title='bbox 2126 1497 2485 1560; x_wconf 71' lang='lat' dir='ltr'><strong>declarasset,</strong></span> <span class='ocrx_word' id='word_1_289' title='bbox 2529 1495 2813 1551; x_wconf 86' lang='lat' dir='ltr'><strong>confidens</strong></span> <span class='ocrx_word' id='word_1_290' title='bbox 2847 1512 2912 1550; x_wconf 91' lang='lat' dir='ltr'><strong>ac</strong></span> <span class='ocrx_word' id='word_1_291' title='bbox 2948 1496 3290 1550; x_wconf 86' lang='lat' dir='ltr'><strong>conscientia</strong></span> <span class='ocrx_word' id='word_1_292' title='bbox 3324 1509 3422 1549; x_wconf 88' lang='lat' dir='ltr'><strong>sua</strong></span> <span class='ocrx_word' id='word_1_293' title='bbox 3473 1508 3705 1549; x_wconf 90' lang='lat' dir='ltr'><strong>securus</strong></span> 
     </span>
    </p>
   </div>
   <div class='ocr_carea' id='block_1_44' title="bbox 2127 1585 3706 1657">
    <p class='ocr_par' dir='ltr' id='par_1_44' title="bbox 2127 1585 3706 1657">
     <span class='ocr_line' id='line_1_44' title="bbox 2127 1585 3706 1657; baseline -0.003 -13"><span class='ocrx_word' id='word_1_294' title='bbox 2127 1589 2293 1644; x_wconf 84' lang='lat' dir='ltr'><strong>dicit:</strong></span> <span class='ocrx_word' id='word_1_295' title='bbox 2329 1589 2670 1657; x_wconf 84' lang='lat' dir='ltr'><strong>Adjutorium</strong></span> <span class='ocrx_word' id='word_1_296' title='bbox 2699 1603 2871 1640; x_wconf 88' lang='lat' dir='ltr'><strong>meum</strong></span> <span class='ocrx_word' id='word_1_297' title='bbox 2899 1603 2932 1640; x_wconf 86' lang='grc' dir='ltr'><strong>ιι</strong></span> <span class='ocrx_word' id='word_1_298' title='bbox 2967 1586 3100 1652; x_wconf 87' lang='lat' dir='ltr'><strong>Deo,</strong></span> <span class='ocrx_word' id='word_1_299' title='bbox 3133 1587 3226 1656; x_wconf 86' lang='lat' dir='ltr'><strong>qui</strong></span> <span class='ocrx_word' id='word_1_300' title='bbox 3257 1586 3430 1640; x_wconf 78' lang='lat' dir='ltr'><strong>salvos</strong></span> <span class='ocrx_word' id='word_1_301' title='bbox 3461 1585 3590 1654; x_wconf 82' lang='lat' dir='ltr'><strong>facit</strong></span> <span class='ocrx_word' id='word_1_302' title='bbox 3625 1601 3706 1639; x_wconf 83' lang='lat' dir='ltr'><strong>re-</strong></span> 
     </span>
    </p>
   </div>
   <div class='ocr_carea' id='block_1_45' title="bbox 2127 1677 3709 1747">
    <p class='ocr_par' dir='ltr' id='par_1_45' title="bbox 2127 1677 3709 1747">
     <span class='ocr_line' id='line_1_45' title="bbox 2127 1677 3709 1747; baseline -0.004 -11"><span class='ocrx_word' id='word_1_303' title='bbox 2127 1689 2236 1736; x_wconf 78' lang='lat' dir='ltr'><strong>ctos</strong></span> <span class='ocrx_word' id='word_1_304' title='bbox 2270 1681 2444 1734; x_wconf 88' lang='lat' dir='ltr'><strong>corde.</strong></span> <span class='ocrx_word' id='word_1_305' title='bbox 2489 1679 2636 1732; x_wconf 88' lang='lat' dir='ltr'><strong>Bona</strong></span> <span class='ocrx_word' id='word_1_306' title='bbox 2675 1679 2876 1732; x_wconf 90' lang='lat' dir='ltr'><strong>etenim</strong></span> <span class='ocrx_word' id='word_1_307' title='bbox 2910 1686 3094 1746; x_wconf 78' lang='lat' dir='ltr'><strong>sperat</strong></span> <span class='ocrx_word' id='word_1_308' title='bbox 3133 1677 3286 1732; x_wconf 88' lang='lat' dir='ltr'><strong>abeo</strong></span> <span class='ocrx_word' id='word_1_309' title='bbox 3309 1677 3402 1747; x_wconf 89' lang='lat' dir='ltr'><strong>qui</strong></span> <span class='ocrx_word' id='word_1_310' title='bbox 3429 1683 3709 1731; x_wconf 82' lang='lat' dir='ltr'><strong>scrutatur</strong></span> 
     </span>
    </p>
   </div>
   <div class='ocr_carea' id='block_1_46' title="bbox 2125 1767 3708 1841">
    <p class='ocr_par' dir='ltr' id='par_1_46' title="bbox 2125 1767 3708 1841">
     <span class='ocr_line' id='line_1_46' title="bbox 2125 1767 3708 1841; baseline -0.004 -13"><span class='ocrx_word' id='word_1_311' title='bbox 2125 1773 2292 1828; x_wconf 90' lang='lat' dir='ltr'><strong>corda</strong></span> <span class='ocrx_word' id='word_1_312' title='bbox 2316 1781 2370 1829; x_wconf 90' lang='lat' dir='ltr'><strong>et</strong></span> <span class='ocrx_word' id='word_1_313' title='bbox 2396 1787 2576 1836; x_wconf 91' lang='lat' dir='ltr'><strong>renes,</strong></span> <span class='ocrx_word' id='word_1_314' title='bbox 2621 1771 2768 1841; x_wconf 89' lang='lat' dir='ltr'><strong>quod</strong></span> <span class='ocrx_word' id='word_1_315' title='bbox 2803 1771 2942 1824; x_wconf 85' lang='lat' dir='ltr'><strong>nihil</strong></span> <span class='ocrx_word' id='word_1_316' title='bbox 2972 1777 3284 1825; x_wconf 88' lang='lat' dir='ltr'><strong>tortuosum</strong></span> <span class='ocrx_word' id='word_1_317' title='bbox 3325 1767 3381 1822; x_wconf 92' lang='lat' dir='ltr'><strong>in</strong></span> <span class='ocrx_word' id='word_1_318' title='bbox 3409 1767 3574 1822; x_wconf 89' lang='lat' dir='ltr'><strong>corde</strong></span> <span class='ocrx_word' id='word_1_319' title='bbox 3609 1769 3708 1822; x_wconf 86' lang='lat' dir='ltr'><strong>ha-</strong></span> 
     </span>
    </p>
   </div>
   <div class='ocr_carea' id='block_1_47' title="bbox 2127 1865 2276 1920">
    <p class='ocr_par' dir='ltr' id='par_1_47' title="bbox 2127 1865 2276 1920">
     <span class='ocr_line' id='line_1_47' title="bbox 2127 1865 2276 1920; baseline -0.013 0"><span class='ocrx_word' id='word_1_320' title='bbox 2127 1865 2276 1920; x_wconf 88' lang='lat' dir='ltr'><strong>beat.</strong></span> 
     </span>
    </p>
   </div>
   <div class='ocr_carea' id='block_1_48' title="bbox 2197 1951 3709 2022">
    <p class='ocr_par' dir='ltr' id='par_1_48' title="bbox 2197 1951 3709 2022">
     <span class='ocr_line' id='line_1_48' title="bbox 2197 1951 3709 2022; baseline -0.004 -14"><span class='ocrx_word' id='word_1_321' title='bbox 2197 1954 2367 2011; x_wconf 79' lang='lat' dir='ltr'><strong>VEns.</strong></span> <span class='ocrx_word' id='word_1_322' title='bbox 2411 1955 2500 2008; x_wconf 83' lang='grc'><strong>15.</strong></span> <span class='ocrx_word' id='word_1_323' title='bbox 2547 1951 2674 2007; x_wconf 85' lang='lat' dir='ltr'><strong>Nisi</strong></span> <span class='ocrx_word' id='word_1_324' title='bbox 2728 1953 2962 2007; x_wconf 76' lang='lat' dir='ltr'><strong>conversi</strong></span> <span class='ocrx_word' id='word_1_325' title='bbox 3007 1951 3236 2020; x_wconf 81' lang='lat' dir='ltr'><strong>fueritis,</strong></span> <span class='ocrx_word' id='word_1_326' title='bbox 3269 1952 3508 2022; x_wconf 82' lang='lat' dir='ltr'><strong>gladium</strong></span> <span class='ocrx_word' id='word_1_327' title='bbox 3553 1965 3709 2004; x_wconf 87' lang='lat' dir='ltr'><strong>suum</strong></span> 
     </span>
    </p>
   </div>
   <div class='ocr_carea' id='block_1_49' title="bbox 2127 2043 3706 2112">
    <p class='ocr_par' dir='ltr' id='par_1_49' title="bbox 2127 2043 3706 2112">
     <span class='ocr_line' id='line_1_49' title="bbox 2127 2043 3706 2112; baseline -0.003 -11"><span class='ocrx_word' id='word_1_328' title='bbox 2127 2048 2392 2102; x_wconf 82' lang='lat' dir='ltr'><strong>vibrabit:</strong></span> <span class='ocrx_word' id='word_1_329' title='bbox 2443 2063 2628 2099; x_wconf 80' lang='lat' dir='ltr'><strong>areum</strong></span> <span class='ocrx_word' id='word_1_330' title='bbox 2696 2061 2850 2098; x_wconf 87' lang='lat' dir='ltr'><strong>suum</strong></span> <span class='ocrx_word' id='word_1_331' title='bbox 2905 2043 3124 2097; x_wconf 80' lang='lat' dir='ltr'><strong>tetendit</strong></span> <span class='ocrx_word' id='word_1_332' title='bbox 3171 2051 3220 2096; x_wconf 87' lang='lat' dir='ltr'><strong>et</strong></span> <span class='ocrx_word' id='word_1_333' title='bbox 3269 2045 3478 2112; x_wconf 80' lang='lat' dir='ltr'><strong>pararit</strong></span> <span class='ocrx_word' id='word_1_334' title='bbox 3529 2043 3706 2096; x_wconf 75' lang='lat' dir='ltr'><strong>illum.</strong></span> 
     </span>
    </p>
   </div>
   <div class='ocr_carea' id='block_1_50' title="bbox 2125 2134 3705 2194">
    <p class='ocr_par' dir='ltr' id='par_1_50' title="bbox 2125 2134 3705 2194">
     <span class='ocr_line' id='line_1_50' title="bbox 2125 2134 3705 2194; baseline -0.001 -2"><span class='ocrx_word' id='word_1_335' title='bbox 2125 2137 2268 2192; x_wconf 88' lang='lat' dir='ltr'><strong>Num</strong></span> <span class='ocrx_word' id='word_1_336' title='bbox 2299 2139 2416 2194; x_wconf 63' lang='lat' dir='ltr'><strong>haec</strong></span> <span class='ocrx_word' id='word_1_337' title='bbox 2459 2139 2622 2192; x_wconf 89' lang='lat' dir='ltr'><strong>tacite</strong></span> <span class='ocrx_word' id='word_1_338' title='bbox 2678 2145 2734 2191; x_wconf 90' lang='lat' dir='ltr'><strong>et</strong></span> <span class='ocrx_word' id='word_1_339' title='bbox 2768 2137 3004 2191; x_wconf 86' lang='lat' dir='ltr'><strong>obscure</strong></span> <span class='ocrx_word' id='word_1_340' title='bbox 3039 2134 3107 2188; x_wconf 89' lang='lat' dir='ltr'><strong>de</strong></span> <span class='ocrx_word' id='word_1_341' title='bbox 3151 2134 3369 2188; x_wconf 81' lang='lat' dir='ltr'><strong>diabolo</strong></span> <span class='ocrx_word' id='word_1_342' title='bbox 3413 2134 3705 2190; x_wconf 86' lang='lat' dir='ltr'><strong>dicuntur:</strong></span> 
     </span>
    </p>
   </div>
   <div class='ocr_carea' id='block_1_51' title="bbox 2129 2227 3706 2297">
    <p class='ocr_par' dir='ltr' id='par_1_51' title="bbox 2129 2227 3706 2297">
     <span class='ocr_line' id='line_1_51' title="bbox 2129 2227 3706 2297; baseline -0.003 -12"><span class='ocrx_word' id='word_1_343' title='bbox 2129 2247 2255 2286; x_wconf 89' lang='lat' dir='ltr'><strong>nam</strong></span> <span class='ocrx_word' id='word_1_344' title='bbox 2323 2232 2372 2285; x_wconf 89' lang='lat' dir='ltr'><strong>i&#39;s</strong></span> <span class='ocrx_word' id='word_1_345' title='bbox 2436 2231 2702 2286; x_wconf 79' lang='lat' dir='ltr'><strong>adversus</strong></span> <span class='ocrx_word' id='word_1_346' title='bbox 2752 2229 3004 2284; x_wconf 88' lang='lat' dir='ltr'><strong>homines</strong></span> <span class='ocrx_word' id='word_1_347' title='bbox 3031 2227 3310 2297; x_wconf 64' lang='lat' dir='ltr'><strong>iparturiit</strong></span> <span class='ocrx_word' id='word_1_348' title='bbox 3356 2227 3706 2296; x_wconf 88' lang='lat' dir='ltr'><strong>injustitiam,</strong></span> 
     </span>
    </p>
   </div>
   <div class='ocr_carea' id='block_1_52' title="bbox 2128 2331 2424 2378">
    <p class='ocr_par' dir='ltr' id='par_1_52' title="bbox 2128 2331 2424 2378">
     <span class='ocr_line' id='line_1_52' title="bbox 2128 2331 2424 2378; baseline 0 0"><span class='ocrx_word' id='word_1_349' title='bbox 2128 2332 2184 2378; x_wconf 89' lang='lat' dir='ltr'><strong>et</strong></span> <span class='ocrx_word' id='word_1_350' title='bbox 2205 2331 2398 2378; x_wconf 58' lang='grc' dir='ltr'>σείει-ιι</span> <span class='ocrx_word' id='word_1_351' title='bbox 2408 2364 2424 2378; x_wconf 90' lang='grc'><strong>.</strong></span> 
     </span>
    </p>
   </div>
   <div class='ocr_carea' id='block_1_53' title="bbox 2201 2411 3709 2480">
    <p class='ocr_par' dir='ltr' id='par_1_53' title="bbox 2201 2411 3709 2480">
     <span class='ocr_line' id='line_1_53' title="bbox 2201 2411 3709 2480; baseline -0.004 -11"><span class='ocrx_word' id='word_1_352' title='bbox 2201 2415 2369 2472; x_wconf 73' lang='lat' dir='ltr'><strong>Vens.</strong></span> <span class='ocrx_word' id='word_1_353' title='bbox 2404 2415 2472 2470; x_wconf 87' lang='grc'><strong>15</strong></span> <span class='ocrx_word' id='word_1_354' title='bbox 2500 2447 2526 2455; x_wconf 95' lang='grc'><strong>-</strong></span> <span class='ocrx_word' id='word_1_355' title='bbox 2555 2415 2643 2471; x_wconf 86' lang='grc'><strong>17.</strong></span> <span class='ocrx_word' id='word_1_356' title='bbox 2703 2413 2834 2466; x_wconf 82' lang='lat' dir='ltr'><strong>Ecce</strong></span> <span class='ocrx_word' id='word_1_357' title='bbox 2873 2413 3130 2480; x_wconf 82' lang='lat' dir='ltr'><strong>parturiit</strong></span> <span class='ocrx_word' id='word_1_358' title='bbox 3178 2411 3522 2480; x_wconf 85' lang='lat' dir='ltr'><strong>injustitiam,</strong></span> <span class='ocrx_word' id='word_1_359' title='bbox 3578 2428 3709 2465; x_wconf 88' lang='lat' dir='ltr'><strong>con-</strong></span> 
     </span>
    </p>
   </div>
   <div class='ocr_carea' id='block_1_54' title="bbox 2131 2501 3709 2576">
    <p class='ocr_par' dir='ltr' id='par_1_54' title="bbox 2131 2501 3709 2576">
     <span class='ocr_line' id='line_1_54' title="bbox 2131 2501 3709 2576; baseline -0.003 -16"><span class='ocrx_word' id='word_1_360' title='bbox 2131 2509 2262 2576; x_wconf 84' lang='lat' dir='ltr'><strong>cepit</strong></span> <span class='ocrx_word' id='word_1_361' title='bbox 2291 2503 2528 2560; x_wconf 85' lang='lat' dir='ltr'><strong>dolorem</strong></span> <span class='ocrx_word' id='word_1_362' title='bbox 2555 2515 2604 2559; x_wconf 88' lang='lat' dir='ltr'><strong>et</strong></span> <span class='ocrx_word' id='word_1_363' title='bbox 2629 2507 2826 2575; x_wconf 84' lang='lat' dir='ltr'><strong>peperit</strong></span> <span class='ocrx_word' id='word_1_364' title='bbox 2867 2505 3220 2574; x_wconf 79' lang='lat' dir='ltr'><strong>iniquitatem.</strong></span> <span class='ocrx_word' id='word_1_365' title='bbox 3269 2501 3470 2556; x_wconf 88' lang='lat' dir='ltr'><strong>Lacum</strong></span> <span class='ocrx_word' id='word_1_366' title='bbox 3504 2505 3709 2571; x_wconf 84' lang='lat' dir='ltr'><strong>aperuit</strong></span> 
     </span>
    </p>
   </div>
   <div class='ocr_carea' id='block_1_55' title="bbox 2129 2595 3707 2668">
    <p class='ocr_par' dir='ltr' id='par_1_55' title="bbox 2129 2595 3707 2668">
     <span class='ocr_line' id='line_1_55' title="bbox 2129 2595 3707 2668; baseline -0.003 -14"><span class='ocrx_word' id='word_1_367' title='bbox 2129 2611 2178 2654; x_wconf 88' lang='lat' dir='ltr'><strong>et</strong></span> <span class='ocrx_word' id='word_1_368' title='bbox 2200 2599 2382 2668; x_wconf 79' lang='lat' dir='ltr'><strong>e/fodit</strong></span> <span class='ocrx_word' id='word_1_369' title='bbox 2403 2615 2544 2662; x_wconf 89' lang='lat' dir='ltr'><strong>eum,</strong></span> <span class='ocrx_word' id='word_1_370' title='bbox 2571 2607 2620 2651; x_wconf 88' lang='lat' dir='ltr'><strong>et</strong></span> <span class='ocrx_word' id='word_1_371' title='bbox 2643 2596 2840 2650; x_wconf 85' lang='lat' dir='ltr'><strong>incidet</strong></span> <span class='ocrx_word' id='word_1_372' title='bbox 2865 2598 2922 2650; x_wconf 88' lang='lat' dir='ltr'><strong>in</strong></span> <span class='ocrx_word' id='word_1_373' title='bbox 2957 2596 3161 2664; x_wconf 76' lang='lat' dir='ltr'><strong>foveam</strong></span> <span class='ocrx_word' id='word_1_374' title='bbox 3189 2612 3347 2666; x_wconf 84' lang='lat' dir='ltr'><strong>quam</strong></span> <span class='ocrx_word' id='word_1_375' title='bbox 3378 2596 3522 2665; x_wconf 80' lang='lat' dir='ltr'><strong>fecit.</strong></span> <span class='ocrx_word' id='word_1_376' title='bbox 3565 2595 3707 2650; x_wconf 89' lang='lat' dir='ltr'><strong>Con-</strong></span> 
     </span>
    </p>
   </div>
   <div class='ocr_carea' id='block_1_56' title="bbox 2131 2687 3710 2759">
    <p class='ocr_par' dir='ltr' id='par_1_56' title="bbox 2131 2687 3710 2759">
     <span class='ocr_line' id='line_1_56' title="bbox 2131 2687 3710 2759; baseline -0.003 -12"><span class='ocrx_word' id='word_1_377' title='bbox 2131 2703 2360 2748; x_wconf 85' lang='lat' dir='ltr'><strong>vertetur</strong></span> <span class='ocrx_word' id='word_1_378' title='bbox 2406 2691 2560 2744; x_wconf 86' lang='lat' dir='ltr'><strong>dolor</strong></span> <span class='ocrx_word' id='word_1_379' title='bbox 2606 2690 2721 2759; x_wconf 84' lang='lat' dir='ltr'><strong>ejus</strong></span> <span class='ocrx_word' id='word_1_380' title='bbox 2769 2690 2824 2742; x_wconf 88' lang='lat' dir='ltr'><strong>in</strong></span> <span class='ocrx_word' id='word_1_381' title='bbox 2866 2699 3024 2756; x_wconf 83' lang='lat' dir='ltr'><strong>caput</strong></span> <span class='ocrx_word' id='word_1_382' title='bbox 3075 2687 3212 2757; x_wconf 86' lang='lat' dir='ltr'><strong>ejus,</strong></span> <span class='ocrx_word' id='word_1_383' title='bbox 3257 2699 3306 2741; x_wconf 89' lang='lat' dir='ltr'><strong>ct</strong></span> <span class='ocrx_word' id='word_1_384' title='bbox 3359 2690 3412 2742; x_wconf 87' lang='lat' dir='ltr'><strong>in</strong></span> <span class='ocrx_word' id='word_1_385' title='bbox 3465 2689 3710 2742; x_wconf 82' lang='lat' dir='ltr'><strong>verticem</strong></span> 
     </span>
    </p>
   </div>
   <div class='ocr_carea' id='block_1_57' title="bbox 2131 2781 3712 2854">
    <p class='ocr_par' dir='ltr' id='par_1_57' title="bbox 2131 2781 3712 2854">
     <span class='ocr_line' id='line_1_57' title="bbox 2131 2781 3712 2854; baseline -0.002 -15"><span class='ocrx_word' id='word_1_386' title='bbox 2131 2787 2298 2852; x_wconf 81' lang='lat' dir='ltr'><strong>ipsius</strong></span> <span class='ocrx_word' id='word_1_387' title='bbox 2335 2787 2586 2854; x_wconf 76' lang='lat' dir='ltr'><strong>iniquitas</strong></span> <span class='ocrx_word' id='word_1_388' title='bbox 2629 2784 2744 2853; x_wconf 84' lang='lat' dir='ltr'><strong>ejus</strong></span> <span class='ocrx_word' id='word_1_389' title='bbox 2794 2783 3088 2837; x_wconf 82' lang='lat' dir='ltr'><strong>descendet.</strong></span> <span class='ocrx_word' id='word_1_390' title='bbox 3135 2781 3262 2836; x_wconf 68' lang='lat' dir='ltr'><strong>Ilaec</strong></span> <span class='ocrx_word' id='word_1_391' title='bbox 3293 2783 3360 2834; x_wconf 84' lang='lat' dir='ltr'><strong>ad</strong></span> <span class='ocrx_word' id='word_1_392' title='bbox 3395 2783 3620 2836; x_wconf 74' lang='lat' dir='ltr'><strong>verbum</strong></span> <span class='ocrx_word' id='word_1_393' title='bbox 3652 2782 3712 2836; x_wconf 82' lang='lat' dir='ltr'><strong>in</strong></span> 
     </span>
    </p>
   </div>
   <div class='ocr_carea' id='block_1_58' title="bbox 2131 2873 3712 2947">
    <p class='ocr_par' dir='ltr' id='par_1_58' title="bbox 2131 2873 3712 2947">
     <span class='ocr_line' id='line_1_58' title="bbox 2131 2873 3712 2947; baseline -0.001 -16"><span class='ocrx_word' id='word_1_394' title='bbox 2131 2877 2488 2947; x_wconf 80' lang='lat' dir='ltr'><strong>Achitophele</strong></span> <span class='ocrx_word' id='word_1_395' title='bbox 2532 2877 2804 2946; x_wconf 87' lang='lat' dir='ltr'><strong>completa</strong></span> <span class='ocrx_word' id='word_1_396' title='bbox 2867 2885 3018 2930; x_wconf 90' lang='lat' dir='ltr'><strong>sunt.</strong></span> <span class='ocrx_word' id='word_1_397' title='bbox 3087 2873 3224 2930; x_wconf 88' lang='lat' dir='ltr'><strong>Nam</strong></span> <span class='ocrx_word' id='word_1_398' title='bbox 3260 2891 3290 2928; x_wconf 92' lang='lat' dir='ltr'><strong>a</strong></span> <span class='ocrx_word' id='word_1_399' title='bbox 3329 2875 3500 2929; x_wconf 67' lang='lat' dir='ltr'><strong>Clausi</strong></span> <span class='ocrx_word' id='word_1_400' title='bbox 3547 2890 3712 2944; x_wconf 91' lang='lat' dir='ltr'><strong>supe-</strong></span> 
     </span>
    </p>
   </div>
   <div class='ocr_carea' id='block_1_59' title="bbox 2136 2966 3707 3036">
    <p class='ocr_par' dir='ltr' id='par_1_59' title="bbox 2136 2966 3707 3036">
     <span class='ocr_line' id='line_1_59' title="bbox 2136 2966 3707 3036; baseline -0.003 -12"><span class='ocrx_word' id='word_1_401' title='bbox 2136 2976 2316 3034; x_wconf 88' lang='lat' dir='ltr'><strong>ratus,</strong></span> <span class='ocrx_word' id='word_1_402' title='bbox 2344 2983 2470 3024; x_wconf 91' lang='lat' dir='ltr'><strong>cum</strong></span> <span class='ocrx_word' id='word_1_403' title='bbox 2504 2969 2572 3023; x_wconf 91' lang='lat' dir='ltr'><strong>de</strong></span> <span class='ocrx_word' id='word_1_404' title='bbox 2597 2969 2766 3023; x_wconf 88' lang='lat' dir='ltr'><strong>rebus</strong></span> <span class='ocrx_word' id='word_1_405' title='bbox 2789 2967 3104 3030; x_wconf 83' lang='lat' dir='ltr'><strong>Absalonis,</strong></span> <span class='ocrx_word' id='word_1_406' title='bbox 3129 2974 3318 3036; x_wconf 89' lang='lat' dir='ltr'><strong>utpote</strong></span> <span class='ocrx_word' id='word_1_407' title='bbox 3343 2967 3423 3020; x_wconf 80' lang='lat' dir='ltr'><strong>vir</strong></span> <span class='ocrx_word' id='word_1_408' title='bbox 3445 2966 3707 3036; x_wconf 83' lang='lat' dir='ltr'><strong>prudens,</strong></span> 
     </span>
    </p>
   </div>
   <div class='ocr_carea' id='block_1_60' title="bbox 2135 3058 3712 3132">
    <p class='ocr_par' dir='ltr' id='par_1_60' title="bbox 2135 3058 3712 3132">
     <span class='ocr_line' id='line_1_60' title="bbox 2135 3058 3712 3132; baseline -0.003 -16"><span class='ocrx_word' id='word_1_409' title='bbox 2135 3062 2473 3132; x_wconf 82' lang='lat' dir='ltr'><strong>desperaret,</strong></span> <span class='ocrx_word' id='word_1_410' title='bbox 2533 3059 2886 3130; x_wconf 80' lang='lat' dir='ltr'><strong>futuramque</strong></span> <span class='ocrx_word' id='word_1_411' title='bbox 2935 3058 3156 3113; x_wconf 79' lang='lat' dir='ltr'><strong>Davidis</strong></span> <span class='ocrx_word' id='word_1_412' title='bbox 3193 3058 3494 3112; x_wconf 80' lang='lat' dir='ltr'><strong>vindictam</strong></span> <span class='ocrx_word' id='word_1_413' title='bbox 3541 3059 3712 3127; x_wconf 87' lang='lat' dir='ltr'><strong>perti-</strong></span> 
     </span>
    </p>
   </div>
   <div class='ocr_carea' id='block_1_61' title="bbox 2134 3152 3712 3221">
    <p class='ocr_par' dir='ltr' id='par_1_61' title="bbox 2134 3152 3712 3221">
     <span class='ocr_line' id='line_1_61' title="bbox 2134 3152 3712 3221; baseline -0.001 -13"><span class='ocrx_word' id='word_1_414' title='bbox 2134 3161 2422 3218; x_wconf 85' lang='lat' dir='ltr'><strong>mesceret,</strong></span> <span class='ocrx_word' id='word_1_415' title='bbox 2455 3154 2512 3207; x_wconf 92' lang='lat' dir='ltr'><strong>in</strong></span> <span class='ocrx_word' id='word_1_416' title='bbox 2539 3153 2760 3207; x_wconf 90' lang='lat' dir='ltr'><strong>domum</strong></span> <span class='ocrx_word' id='word_1_417' title='bbox 2806 3153 3070 3208; x_wconf 84' lang='lat' dir='ltr'><strong>secedens</strong></span> <span class='ocrx_word' id='word_1_418' title='bbox 3100 3167 3222 3207; x_wconf 91' lang='lat' dir='ltr'><strong>sese</strong></span> <span class='ocrx_word' id='word_1_419' title='bbox 3252 3152 3448 3221; x_wconf 81' lang='lat' dir='ltr'><strong>laqueo</strong></span> <span class='ocrx_word' id='word_1_420' title='bbox 3478 3167 3712 3221; x_wconf 87' lang='lat' dir='ltr'><strong>suspen-</strong></span> 
     </span>
    </p>
   </div>
   <div class='ocr_carea' id='block_1_62' title="bbox 447 3233 2032 3324">
    <p class='ocr_par' dir='ltr' id='par_1_62' title="bbox 447 3233 2032 3310">
     <span class='ocr_line' id='line_1_62' title="bbox 447 3233 2032 3310; baseline -0.004 -18"><span class='ocrx_word' id='word_1_421' title='bbox 447 3239 578 3292; x_wconf 84' lang='grc' dir='ltr'>καδε</span> <span class='ocrx_word' id='word_1_422' title='bbox 625 3239 990 3309; x_wconf 81' lang='grc' dir='ltr'>ἀναχωρήσας</span> <span class='ocrx_word' id='word_1_423' title='bbox 1036 3237 1338 3310; x_wconf 80' lang='grc' dir='ltr'>ἀπήγξατο,</span> <span class='ocrx_word' id='word_1_424' title='bbox 1383 3235 1572 3290; x_wconf 85' lang='grc' dir='ltr'>παθὼν</span> <span class='ocrx_word' id='word_1_425' title='bbox 1619 3235 1763 3306; x_wconf 83' lang='grc' dir='ltr'>ἆπερ</span> <span class='ocrx_word' id='word_1_426' title='bbox 1802 3233 2032 3287; x_wconf 77' lang='grc' dir='ltr'>ἐπεϐού-</span> 
     </span>
    </p>
   </div>
   <div class='ocr_carea' id='block_1_63' title="bbox 2134 3233 3712 3324">
    <p class='ocr_par' dir='ltr' id='par_1_63' title="bbox 2139 3239 3712 3312">
     <span class='ocr_line' id='line_1_63' title="bbox 2139 3239 3712 3312; baseline -0.002 -15"><span class='ocrx_word' id='word_1_427' title='bbox 2139 3243 2239 3308; x_wconf 91' lang='lat' dir='ltr'><strong>dit,</strong></span> <span class='ocrx_word' id='word_1_428' title='bbox 2271 3257 2334 3296; x_wconf 90' lang='lat' dir='ltr'><strong>ea</strong></span> <span class='ocrx_word' id='word_1_429' title='bbox 2363 3257 2682 3312; x_wconf 87' lang='lat' dir='ltr'><strong>perpessus,</strong></span> <span class='ocrx_word' id='word_1_430' title='bbox 2709 3257 2831 3312; x_wconf 69' lang='lat' dir='ltr'><strong>quae</strong></span> <span class='ocrx_word' id='word_1_431' title='bbox 2869 3241 3334 3295; x_wconf 83' lang='lat' dir='ltr'><strong>machinamentis</strong></span> <span class='ocrx_word' id='word_1_432' title='bbox 3372 3241 3488 3295; x_wconf 91' lang='lat' dir='ltr'><strong>suis</strong></span> <span class='ocrx_word' id='word_1_433' title='bbox 3519 3239 3712 3294; x_wconf 82' lang='lat' dir='ltr'><strong>Davidi</strong></span> 
     </span>
    </p>
   </div>
   <div class='ocr_carea' id='block_1_64' title="bbox 445 3325 2036 3402">
    <p class='ocr_par' dir='ltr' id='par_1_64' title="bbox 445 3325 2036 3402">
     <span class='ocr_line' id='line_1_64' title="bbox 445 3325 2036 3402; baseline -0.004 -17"><span class='ocrx_word' id='word_1_434' title='bbox 445 3333 566 3385; x_wconf 85' lang='grc' dir='ltr'>λευε</span> <span class='ocrx_word' id='word_1_435' title='bbox 617 3332 812 3386; x_wconf 83' lang='grc' dir='ltr'>παθεῖν</span> <span class='ocrx_word' id='word_1_436' title='bbox 847 3333 938 3385; x_wconf 83' lang='grc' dir='ltr'><strong>τὸν</strong></span> <span class='ocrx_word' id='word_1_437' title='bbox 976 3331 1158 3396; x_wconf 78' lang='grc' dir='ltr'>Δαυῒδ,</span> <span class='ocrx_word' id='word_1_438' title='bbox 1189 3332 1284 3384; x_wconf 74' lang='grc' dir='ltr'><strong>καὶ</strong></span> <span class='ocrx_word' id='word_1_439' title='bbox 1327 3331 1428 3402; x_wconf 81' lang='grc' dir='ltr'>τὴν</span> <span class='ocrx_word' id='word_1_440' title='bbox 1473 3329 1595 3382; x_wconf 88' lang='grc' dir='ltr'>κατ’</span> <span class='ocrx_word' id='word_1_441' title='bbox 1627 3325 1793 3380; x_wconf 81' lang='grc' dir='ltr'>αὐτοῦ</span> <span class='ocrx_word' id='word_1_442' title='bbox 1837 3327 2036 3380; x_wconf 87' lang='grc' dir='ltr'>κακίαν</span> 
     </span>
    </p>
   </div>
   <div class='ocr_carea' id='block_1_65' title="bbox 445 3418 2037 3495">
    <p class='ocr_par' dir='ltr' id='par_1_65' title="bbox 445 3418 2037 3495">
     <span class='ocr_line' id='line_1_65' title="bbox 445 3418 2037 3495; baseline -0.004 -18"><span class='ocrx_word' id='word_1_443' title='bbox 445 3427 540 3477; x_wconf 70' lang='grc' dir='ltr'>ὲπὶ</span> <span class='ocrx_word' id='word_1_444' title='bbox 575 3423 673 3495; x_wconf 80' lang='grc' dir='ltr'>τὴν</span> <span class='ocrx_word' id='word_1_445' title='bbox 707 3425 874 3478; x_wconf 77' lang='grc' dir='ltr'>αὐτοῦ</span> <span class='ocrx_word' id='word_1_446' title='bbox 907 3425 1151 3495; x_wconf 79' lang='grc' dir='ltr'>κεφαλὴν</span> <span class='ocrx_word' id='word_1_447' title='bbox 1185 3422 1528 3493; x_wconf 81' lang='grc' dir='ltr'>ἀπεμάξατο.</span> <span class='ocrx_word' id='word_1_448' title='bbox 1577 3420 1690 3474; x_wconf 76' lang='grc' dir='ltr'>Καὶ</span> <span class='ocrx_word' id='word_1_449' title='bbox 1719 3419 1948 3472; x_wconf 85' lang='grc' dir='ltr'>καθόλου</span> <span class='ocrx_word' id='word_1_450' title='bbox 1980 3418 2037 3471; x_wconf 79' lang='grc' dir='ltr'><strong>δὲ</strong></span> 
     </span>
    </p>
   </div>
   <div class='ocr_carea' id='block_1_66' title="bbox 447 3509 2036 3588">
    <p class='ocr_par' dir='ltr' id='par_1_66' title="bbox 447 3509 2036 3588">
     <span class='ocr_line' id='line_1_66' title="bbox 447 3509 2036 3588; baseline -0.001 -21"><span class='ocrx_word' id='word_1_451' title='bbox 447 3517 558 3578; x_wconf 74' lang='grc' dir='ltr'>πᾶς</span> <span class='ocrx_word' id='word_1_452' title='bbox 589 3515 654 3568; x_wconf 83' lang='grc' dir='ltr'>δι’</span> <span class='ocrx_word' id='word_1_453' title='bbox 683 3509 756 3569; x_wconf 84' lang='grc' dir='ltr'><strong>ὧν</strong></span> <span class='ocrx_word' id='word_1_454' title='bbox 783 3515 1074 3588; x_wconf 82' lang='grc' dir='ltr'>εἰργάσατο</span> <span class='ocrx_word' id='word_1_455' title='bbox 1105 3515 1290 3570; x_wconf 83' lang='grc' dir='ltr'>κακῶν</span> <span class='ocrx_word' id='word_1_456' title='bbox 1327 3513 1446 3568; x_wconf 89' lang='grc' dir='ltr'>καθ’</span> <span class='ocrx_word' id='word_1_457' title='bbox 1477 3511 1670 3566; x_wconf 79' lang='grc' dir='ltr'>ἑαυτοῦ</span> <span class='ocrx_word' id='word_1_458' title='bbox 1712 3511 1811 3583; x_wconf 75' lang='grc' dir='ltr'>τὴν</span> <span class='ocrx_word' id='word_1_459' title='bbox 1850 3510 2036 3582; x_wconf 77' lang='grc' dir='ltr'>ψῆφον</span> 
     </span>
    </p>
   </div>
   <div class='ocr_carea' id='block_1_67' title="bbox 447 3606 1192 3678">
    <p class='ocr_par' dir='ltr' id='par_1_67' title="bbox 447 3606 1192 3678">
     <span class='ocr_line' id='line_1_67' title="bbox 447 3606 1192 3678; baseline 0 -20"><span class='ocrx_word' id='word_1_460' title='bbox 447 3607 506 3658; x_wconf 81' lang='grc' dir='ltr'><strong>ὲν</strong></span> <span class='ocrx_word' id='word_1_461' title='bbox 536 3606 720 3677; x_wconf 72' lang='grc' dir='ltr'>ἡμέρᾳ</span> <span class='ocrx_word' id='word_1_462' title='bbox 751 3607 988 3676; x_wconf 88' lang='grc' dir='ltr'>κρίσεως</span> <span class='ocrx_word' id='word_1_463' title='bbox 1017 3607 1192 3678; x_wconf 79' lang='grc' dir='ltr'>φέρει.</span> 
     </span>
    </p>
   </div>
   <div class='ocr_carea' id='block_1_68' title="bbox 533 3689 2038 3764">
    <p class='ocr_par' dir='ltr' id='par_1_68' title="bbox 533 3689 2038 3764">
     <span class='ocr_line' id='line_1_68' title="bbox 533 3689 2038 3764; baseline -0.002 -17"><span class='ocrx_word' id='word_1_464' title='bbox 533 3695 1080 3764; x_wconf 73' lang='grc' dir='ltr'>Ἐξομολογήσομαι</span> <span class='ocrx_word' id='word_1_465' title='bbox 1113 3695 1194 3760; x_wconf 87' lang='grc' dir='ltr'>τῷ</span> <span class='ocrx_word' id='word_1_466' title='bbox 1233 3695 1431 3762; x_wconf 83' lang='grc' dir='ltr'>Κυρίῳ</span> <span class='ocrx_word' id='word_1_467' title='bbox 1463 3693 1614 3749; x_wconf 82' lang='grc' dir='ltr'>κατὰ</span> <span class='ocrx_word' id='word_1_468' title='bbox 1657 3690 1772 3760; x_wconf 80' lang='grc' dir='ltr'><strong>τὴν</strong></span> <span class='ocrx_word' id='word_1_469' title='bbox 1817 3689 2038 3744; x_wconf 81' lang='grc' dir='ltr'>δικαιο-</span> 
     </span>
    </p>
   </div>
   <div class='ocr_carea' id='block_1_69' title="bbox 449 3783 2037 3856">
    <p class='ocr_par' dir='ltr' id='par_1_69' title="bbox 449 3783 2037 3856">
     <span class='ocr_line' id='line_1_69' title="bbox 449 3783 2037 3856; baseline -0.005 -14"><span class='ocrx_word' id='word_1_470' title='bbox 449 3789 652 3856; x_wconf 83' lang='grc' dir='ltr'>σύνην</span> <span class='ocrx_word' id='word_1_471' title='bbox 677 3787 886 3850; x_wconf 81' lang='grc' dir='ltr'>αὐτοῦ,</span> <span class='ocrx_word' id='word_1_472' title='bbox 921 3785 1098 3856; x_wconf 70' lang='grc' dir='ltr'><strong>ψαλῶ</strong></span> <span class='ocrx_word' id='word_1_473' title='bbox 1125 3786 1205 3852; x_wconf 87' lang='grc' dir='ltr'>τῷ</span> <span class='ocrx_word' id='word_1_474' title='bbox 1235 3787 1478 3856; x_wconf 80' lang='grc' dir='ltr'>ὀνόματι</span> <span class='ocrx_word' id='word_1_475' title='bbox 1505 3785 1728 3853; x_wconf 86' lang='grc' dir='ltr'>Κυρίου</span> <span class='ocrx_word' id='word_1_476' title='bbox 1755 3783 1860 3837; x_wconf 88' lang='grc' dir='ltr'>τοῦ</span> <span class='ocrx_word' id='word_1_477' title='bbox 1883 3783 2037 3850; x_wconf 60' lang='grc' dir='ltr'><strong>Ὑψί-</strong></span> 
     </span>
    </p>
   </div>
   <div class='ocr_carea' id='block_1_70' title="bbox 449 3875 2038 3950">
    <p class='ocr_par' dir='ltr' id='par_1_70' title="bbox 449 3875 2038 3950">
     <span class='ocr_line' id='line_1_70' title="bbox 449 3875 2038 3950; baseline -0.003 -17"><span class='ocrx_word' id='word_1_478' title='bbox 449 3879 728 3941; x_wconf 85' lang='grc' dir='ltr'>στου.Ὠς</span> <span class='ocrx_word' id='word_1_479' title='bbox 752 3879 810 3932; x_wconf 80' lang='grc' dir='ltr'>δὲ</span> <span class='ocrx_word' id='word_1_480' title='bbox 844 3877 1029 3950; x_wconf 74' lang='grc' dir='ltr'>μηδενὶ</span> <span class='ocrx_word' id='word_1_481' title='bbox 1057 3879 1216 3942; x_wconf 77' lang='grc' dir='ltr'>αὐτὸς</span> <span class='ocrx_word' id='word_1_482' title='bbox 1243 3877 1652 3941; x_wconf 74' lang='grc' dir='ltr'>ἐπιϐουλεύσας,</span> <span class='ocrx_word' id='word_1_483' title='bbox 1682 3875 1814 3948; x_wconf 80' lang='grc' dir='ltr'>μηδὲ</span> <span class='ocrx_word' id='word_1_484' title='bbox 1837 3875 2038 3928; x_wconf 84' lang='grc' dir='ltr'>λάκκον</span> 
     </span>
    </p>
   </div>
   <div class='ocr_carea' id='block_1_71' title="bbox 450 3967 2038 4043">
    <p class='ocr_par' dir='ltr' id='par_1_71' title="bbox 450 3967 2038 4043">
     <span class='ocr_line' id='line_1_71' title="bbox 450 3967 2038 4043; baseline -0.003 -18"><span class='ocrx_word' id='word_1_485' title='bbox 450 3972 672 4042; x_wconf 79' lang='grc' dir='ltr'>ὀρύξας,</span> <span class='ocrx_word' id='word_1_486' title='bbox 713 3971 968 4043; x_wconf 81' lang='grc' dir='ltr'>παρορῶν</span> <span class='ocrx_word' id='word_1_487' title='bbox 1016 3972 1074 4024; x_wconf 82' lang='grc' dir='ltr'>δὲ</span> <span class='ocrx_word' id='word_1_488' title='bbox 1119 3973 1246 4036; x_wconf 80' lang='grc' dir='ltr'>τοὺς</span> <span class='ocrx_word' id='word_1_489' title='bbox 1294 3969 1616 4034; x_wconf 77' lang='grc' dir='ltr'>ἀδικοῦντας</span> <span class='ocrx_word' id='word_1_490' title='bbox 1666 3967 1774 4022; x_wconf 82' lang='grc' dir='ltr'>τῶν</span> <span class='ocrx_word' id='word_1_491' title='bbox 1827 3967 2038 4022; x_wconf 82' lang='grc' dir='ltr'>ἀσεϐῶν</span> 
     </span>
    </p>
   </div>
   <div class='ocr_carea' id='block_1_72' title="bbox 452 4059 2036 4134">
    <p class='ocr_par' dir='ltr' id='par_1_72' title="bbox 452 4059 2036 4134">
     <span class='ocr_line' id='line_1_72' title="bbox 452 4059 2036 4134; baseline -0.004 -17"><span class='ocrx_word' id='word_1_492' title='bbox 452 4063 838 4134; x_wconf 78' lang='grc' dir='ltr'>ἀπολλυμένων</span> <span class='ocrx_word' id='word_1_493' title='bbox 887 4064 946 4115; x_wconf 82' lang='grc' dir='ltr'><strong>ὲν</strong></span> <span class='ocrx_word' id='word_1_494' title='bbox 999 4063 1218 4134; x_wconf 84' lang='grc' dir='ltr'>κρίσει,</span> <span class='ocrx_word' id='word_1_495' title='bbox 1252 4060 1834 4130; x_wconf 75' lang='grc' dir='ltr'>Ἐξομολογήσομαι,</span> <span class='ocrx_word' id='word_1_496' title='bbox 1881 4059 2036 4130; x_wconf 76' lang='grc' dir='ltr'>φησὶ,</span> 
     </span>
    </p>
   </div>
   <div class='ocr_carea' id='block_1_73' title="bbox 453 4154 2037 4224">
    <p class='ocr_par' dir='ltr' id='par_1_73' title="bbox 453 4154 2037 4224">
     <span class='ocr_line' id='line_1_73' title="bbox 453 4154 2037 4224; baseline -0.004 -14"><span class='ocrx_word' id='word_1_497' title='bbox 453 4155 534 4222; x_wconf 84' lang='grc' dir='ltr'>τῷ</span> <span class='ocrx_word' id='word_1_498' title='bbox 555 4157 750 4224; x_wconf 84' lang='grc' dir='ltr'>Κυρίῳ</span> <span class='ocrx_word' id='word_1_499' title='bbox 770 4157 920 4210; x_wconf 83' lang='grc' dir='ltr'>κατὰ</span> <span class='ocrx_word' id='word_1_500' title='bbox 946 4155 1060 4224; x_wconf 74' lang='grc' dir='ltr'>τὴν</span> <span class='ocrx_word' id='word_1_501' title='bbox 1079 4155 1476 4222; x_wconf 81' lang='grc' dir='ltr'>δικαιοσύνην</span> <span class='ocrx_word' id='word_1_502' title='bbox 1499 4154 1688 4208; x_wconf 84' lang='grc' dir='ltr'>αὐτοῦ</span> <span class='ocrx_word' id='word_1_503' title='bbox 1713 4171 1726 4184; x_wconf 84' lang='lat'><strong><em>°</em></strong></span> <span class='ocrx_word' id='word_1_504' title='bbox 1755 4155 1836 4207; x_wconf 85' lang='grc' dir='ltr'><strong>Τά</strong></span> <span class='ocrx_word' id='word_1_505' title='bbox 1865 4155 2037 4224; x_wconf 80' lang='grc' dir='ltr'>ὲμαυ-</span> 
     </span>
    </p>
   </div>
   <div class='ocr_carea' id='block_1_74' title="bbox 454 4243 2038 4318">
    <p class='ocr_par' dir='ltr' id='par_1_74' title="bbox 454 4243 2038 4318">
     <span class='ocr_line' id='line_1_74' title="bbox 454 4243 2038 4318; baseline -0.004 -18"><span class='ocrx_word' id='word_1_506' title='bbox 454 4245 547 4300; x_wconf 81' lang='grc' dir='ltr'>τοῦ</span> <span class='ocrx_word' id='word_1_507' title='bbox 577 4247 758 4300; x_wconf 84' lang='grc' dir='ltr'>δίκαια</span> <span class='ocrx_word' id='word_1_508' title='bbox 797 4245 1046 4318; x_wconf 85' lang='grc' dir='ltr'>καθάπερ</span> <span class='ocrx_word' id='word_1_509' title='bbox 1077 4249 1134 4300; x_wconf 84' lang='grc' dir='ltr'>ἐν</span> <span class='ocrx_word' id='word_1_510' title='bbox 1156 4247 1492 4318; x_wconf 84' lang='grc' dir='ltr'>δικαστηρίῳ</span> <span class='ocrx_word' id='word_1_511' title='bbox 1523 4244 1744 4318; x_wconf 87' lang='grc' dir='ltr'>προθείς</span> <span class='ocrx_word' id='word_1_512' title='bbox 1764 4261 1777 4273; x_wconf 92' lang='grc'><strong>·</strong></span> <span class='ocrx_word' id='word_1_513' title='bbox 1812 4243 1910 4298; x_wconf 79' lang='grc' dir='ltr'>καὶ</span> <span class='ocrx_word' id='word_1_514' title='bbox 1932 4245 2038 4311; x_wconf 63' lang='grc' dir='ltr'><strong>ψα-</strong></span> 
     </span>
    </p>
   </div>
   <div class='ocr_carea' id='block_1_75' title="bbox 455 4333 2040 4406">
    <p class='ocr_par' dir='ltr' id='par_1_75' title="bbox 455 4333 2040 4406">
     <span class='ocr_line' id='line_1_75' title="bbox 455 4333 2040 4406; baseline -0.004 -14"><span class='ocrx_word' id='word_1_515' title='bbox 455 4333 544 4392; x_wconf 66' lang='grc' dir='ltr'><strong>λῶ</strong></span> <span class='ocrx_word' id='word_1_516' title='bbox 587 4337 655 4390; x_wconf 81' lang='grc' dir='ltr'>δὲ</span> <span class='ocrx_word' id='word_1_517' title='bbox 693 4337 772 4403; x_wconf 83' lang='grc' dir='ltr'>τῷ</span> <span class='ocrx_word' id='word_1_518' title='bbox 797 4339 1038 4406; x_wconf 74' lang='grc' dir='ltr'>ὀνόματι</span> <span class='ocrx_word' id='word_1_519' title='bbox 1065 4339 1285 4406; x_wconf 80' lang='grc' dir='ltr'>Κυρίου</span> <span class='ocrx_word' id='word_1_520' title='bbox 1309 4338 1414 4391; x_wconf 86' lang='grc' dir='ltr'><strong>τοῦ</strong></span> <span class='ocrx_word' id='word_1_521' title='bbox 1439 4339 1736 4406; x_wconf 71' lang='grc' dir='ltr'>ὑψίστου·</span> <span class='ocrx_word' id='word_1_522' title='bbox 1769 4333 2040 4388; x_wconf 75' lang='grc' dir='ltr'>πιστεύων</span> 
     </span>
    </p>
   </div>
   <div class='ocr_carea' id='block_1_76' title="bbox 458 4423 2038 4502">
    <p class='ocr_par' dir='ltr' id='par_1_76' title="bbox 458 4423 2038 4502">
     <span class='ocr_line' id='line_1_76' title="bbox 458 4423 2038 4502; baseline -0.005 -19"><span class='ocrx_word' id='word_1_523' title='bbox 458 4429 959 4502; x_wconf 78' lang='grc' dir='ltr'>καταξιωθήσεσθαι</span> <span class='ocrx_word' id='word_1_524' title='bbox 985 4429 1077 4484; x_wconf 71' lang='grc' dir='ltr'>τοῦ</span> <span class='ocrx_word' id='word_1_525' title='bbox 1105 4429 1265 4502; x_wconf 77' lang='grc' dir='ltr'>χοροῦ</span> <span class='ocrx_word' id='word_1_526' title='bbox 1295 4429 1400 4484; x_wconf 79' lang='grc' dir='ltr'>τῶν</span> <span class='ocrx_word' id='word_1_527' title='bbox 1433 4431 1562 4500; x_wconf 85' lang='grc' dir='ltr'>παρ’</span> <span class='ocrx_word' id='word_1_528' title='bbox 1595 4425 1761 4484; x_wconf 79' lang='grc' dir='ltr'>αὑτοῦ</span> <span class='ocrx_word' id='word_1_529' title='bbox 1795 4423 2038 4496; x_wconf 80' lang='grc' dir='ltr'>σωζομέ-</span> 
     </span>
    </p>
   </div>
   <div class='ocr_carea' id='block_1_77' title="bbox 459 4539 584 4576">
    <p class='ocr_par' dir='ltr' id='par_1_77' title="bbox 459 4539 584 4576">
     <span class='ocr_line' id='line_1_77' title="bbox 459 4539 584 4576; baseline -0.016 0"><span class='ocrx_word' id='word_1_530' title='bbox 459 4539 584 4576; x_wconf 87' lang='grc' dir='ltr'>νων.</span> 
     </span>
    </p>
   </div>
   <div class='ocr_carea' id='block_1_78' title="bbox 855 4635 1630 4690">
    <p class='ocr_par' dir='ltr' id='par_1_78' title="bbox 855 4635 1630 4690">
     <span class='ocr_line' id='line_1_78' title="bbox 855 4635 1630 4690; baseline 0.004 -3"><span class='ocrx_word' id='word_1_531' title='bbox 855 4635 1151 4688; x_wconf 80' lang='grc' dir='ltr'><strong>ΨΑΛΜΟΣ</strong></span> <span class='ocrx_word' id='word_1_532' title='bbox 1188 4635 1274 4688; x_wconf 89' lang='grc' dir='ltr'>ΤΩ</span> <span class='ocrx_word' id='word_1_533' title='bbox 1311 4635 1510 4688; x_wconf 82' lang='grc' dir='ltr'><strong>ΔΑΥΙΔ</strong></span> <span class='ocrx_word' id='word_1_534' title='bbox 1547 4635 1630 4690; x_wconf 85' lang='lat' dir='ltr'><strong>H’.</strong></span> 
     </span>
    </p>
   </div>
   <div class='ocr_carea' id='block_1_79' title="bbox 743 4748 1756 4820">
    <p class='ocr_par' dir='ltr' id='par_1_79' title="bbox 743 4748 1756 4820">
     <span class='ocr_line' id='line_1_79' title="bbox 743 4748 1756 4820; baseline 0 -18"><span class='ocrx_word' id='word_1_535' title='bbox 743 4751 849 4815; x_wconf 79' lang='grc' dir='ltr'><strong>Εἰς</strong></span> <span class='ocrx_word' id='word_1_536' title='bbox 885 4749 952 4803; x_wconf 82' lang='grc' dir='ltr'>τὸ</span> <span class='ocrx_word' id='word_1_537' title='bbox 981 4749 1158 4816; x_wconf 78' lang='grc' dir='ltr'>τέλος</span> <span class='ocrx_word' id='word_1_538' title='bbox 1195 4749 1350 4818; x_wconf 78' lang='grc' dir='ltr'>ὑπὲρ</span> <span class='ocrx_word' id='word_1_539' title='bbox 1381 4749 1500 4804; x_wconf 84' lang='grc' dir='ltr'><strong>τῶν</strong></span> <span class='ocrx_word' id='word_1_540' title='bbox 1529 4748 1756 4820; x_wconf 77' lang='grc' dir='ltr'>ληνῶν.</span> 
     </span>
    </p>
   </div>
   <div class='ocr_carea' id='block_1_80' title="bbox 529 4864 2042 4937">
    <p class='ocr_par' dir='ltr' id='par_1_80' title="bbox 529 4864 2042 4937">
     <span class='ocr_line' id='line_1_80' title="bbox 529 4864 2042 4937; baseline 0.001 -18"><span class='ocrx_word' id='word_1_541' title='bbox 529 4865 610 4919; x_wconf 85' lang='grc' dir='ltr'><strong>Τά</strong></span> <span class='ocrx_word' id='word_1_542' title='bbox 639 4865 731 4919; x_wconf 77' lang='grc' dir='ltr'><strong>ἐπὶ</strong></span> <span class='ocrx_word' id='word_1_543' title='bbox 768 4869 836 4937; x_wconf 83' lang='grc' dir='ltr'>τῇ</span> <span class='ocrx_word' id='word_1_544' title='bbox 871 4865 1150 4936; x_wconf 71' lang='grc' dir='ltr'>συντελείᾳ</span> <span class='ocrx_word' id='word_1_545' title='bbox 1181 4865 1277 4920; x_wconf 80' lang='grc' dir='ltr'><strong>νῦν</strong></span> <span class='ocrx_word' id='word_1_546' title='bbox 1312 4867 1420 4918; x_wconf 83' lang='grc' dir='ltr'>τῶν</span> <span class='ocrx_word' id='word_1_547' title='bbox 1452 4864 1662 4920; x_wconf 84' lang='grc' dir='ltr'>αἰώνων</span> <span class='ocrx_word' id='word_1_548' title='bbox 1709 4867 2042 4936; x_wconf 73' lang='grc' dir='ltr'>προφητευό-</span> 
     </span>
    </p>
   </div>
   <div class='ocr_carea' id='block_1_81' title="bbox 465 4955 2040 5030">
    <p class='ocr_par' dir='ltr' id='par_1_81' title="bbox 465 4955 2040 5030">
     <span class='ocr_line' id='line_1_81' title="bbox 465 4955 2040 5030; baseline -0.001 -19"><span class='ocrx_word' id='word_1_549' title='bbox 465 4977 598 5030; x_wconf 87' lang='grc' dir='ltr'>μενα</span> <span class='ocrx_word' id='word_1_550' title='bbox 627 4959 724 5030; x_wconf 84' lang='grc' dir='ltr'><strong>τὴν</strong></span> <span class='ocrx_word' id='word_1_551' title='bbox 751 4959 1082 5030; x_wconf 72' lang='grc' dir='ltr'>ἐπιγραφὴν,</span> <span class='ocrx_word' id='word_1_552' title='bbox 1117 4961 1204 5024; x_wconf 77' lang='grc' dir='ltr'><strong>εἰς</strong></span> <span class='ocrx_word' id='word_1_553' title='bbox 1243 4957 1310 5010; x_wconf 81' lang='grc' dir='ltr'>τὸ</span> <span class='ocrx_word' id='word_1_554' title='bbox 1353 4959 1543 5023; x_wconf 78' lang='grc' dir='ltr'>τέλος,</span> <span class='ocrx_word' id='word_1_555' title='bbox 1575 4955 2040 5028; x_wconf 78' lang='grc' dir='ltr'>ἐποίησεν.Ὑπὲρ</span> 
     </span>
    </p>
   </div>
   <div class='ocr_carea' id='block_1_82' title="bbox 459 5050 2043 5122">
    <p class='ocr_par' dir='ltr' id='par_1_82' title="bbox 459 5050 2043 5122">
     <span class='ocr_line' id='line_1_82' title="bbox 459 5050 2043 5122; baseline 0 -18"><span class='ocrx_word' id='word_1_556' title='bbox 459 5051 520 5104; x_wconf 81' lang='grc' dir='ltr'>δὲ</span> <span class='ocrx_word' id='word_1_557' title='bbox 545 5050 660 5104; x_wconf 76' lang='grc' dir='ltr'>τῶν</span> <span class='ocrx_word' id='word_1_558' title='bbox 684 5051 889 5120; x_wconf 74' lang='grc' dir='ltr'><strong>ληνῶν</strong></span> <span class='ocrx_word' id='word_1_559' title='bbox 915 5051 1002 5104; x_wconf 76' lang='grc' dir='ltr'>διὰ</span> <span class='ocrx_word' id='word_1_560' title='bbox 1033 5051 1130 5116; x_wconf 86' lang='grc' dir='ltr'><strong>τάς</strong></span> <span class='ocrx_word' id='word_1_561' title='bbox 1163 5053 1222 5104; x_wconf 79' lang='grc' dir='ltr'>ἐν</span> <span class='ocrx_word' id='word_1_562' title='bbox 1253 5051 1400 5121; x_wconf 85' lang='grc' dir='ltr'>πάσῃ</span> <span class='ocrx_word' id='word_1_563' title='bbox 1421 5053 1486 5121; x_wconf 79' lang='grc' dir='ltr'>τῇ</span> <span class='ocrx_word' id='word_1_564' title='bbox 1512 5053 1582 5122; x_wconf 81' lang='grc' dir='ltr'>γῇ</span> <span class='ocrx_word' id='word_1_565' title='bbox 1611 5052 1880 5114; x_wconf 83' lang='grc' dir='ltr'>συστάσας</span> <span class='ocrx_word' id='word_1_566' title='bbox 1921 5052 2043 5104; x_wconf 88' lang='grc' dir='ltr'>Ἐκ-</span> 
     </span>
    </p>
   </div>
   <div class='ocr_carea' id='block_1_83' title="bbox 453 5142 2076 5216">
    <p class='ocr_par' dir='ltr' id='par_1_83' title="bbox 453 5142 2076 5216">
     <span class='ocr_line' id='line_1_83' title="bbox 453 5142 2076 5216; baseline -0.001 -20"><span class='ocrx_word' id='word_1_567' title='bbox 453 5143 711 5214; x_wconf 29' lang='grc' dir='ltr'>,κλησίαῇ</span> <span class='ocrx_word' id='word_1_568' title='bbox 760 5143 1088 5215; x_wconf 77' lang='grc' dir='ltr'>ἀλληγορίας</span> <span class='ocrx_word' id='word_1_569' title='bbox 1137 5143 1289 5216; x_wconf 26' lang='grc' dir='ltr'>,νόμῳ</span> <span class='ocrx_word' id='word_1_570' title='bbox 1337 5142 1634 5212; x_wconf 78' lang='grc' dir='ltr'>λεγομένας</span> <span class='ocrx_word' id='word_1_571' title='bbox 1691 5143 2042 5213; x_wconf 83' lang='grc' dir='ltr'>ληνούς.”οτε</span> <span class='ocrx_word' id='word_1_572' title='bbox 2065 5205 2076 5212; x_wconf 87' lang='lat'><em>_</em></span> 
     </span>
    </p>
   </div>
   <div class='ocr_carea' id='block_1_84' title="bbox 465 5227 2042 5306">
    <p class='ocr_par' dir='ltr' id='par_1_84' title="bbox 465 5227 2042 5306">
     <span class='ocr_line' id='line_1_84' title="bbox 465 5227 2042 5306; baseline 0.001 -21"><span class='ocrx_word' id='word_1_573' title='bbox 465 5233 564 5305; x_wconf 83' lang='grc' dir='ltr'><strong>μὲν</strong></span> <span class='ocrx_word' id='word_1_574' title='bbox 597 5227 674 5297; x_wconf 79' lang='grc' dir='ltr'>εἷς</span> <span class='ocrx_word' id='word_1_575' title='bbox 701 5231 768 5304; x_wconf 78' lang='grc' dir='ltr'><strong>ἦν</strong></span> <span class='ocrx_word' id='word_1_576' title='bbox 797 5235 926 5296; x_wconf 85' lang='grc' dir='ltr'>λαός</span> <span class='ocrx_word' id='word_1_577' title='bbox 945 5251 958 5263; x_wconf 93' lang='grc'><strong>·</strong></span> <span class='ocrx_word' id='word_1_578' title='bbox 993 5230 1060 5305; x_wconf 79' lang='grc' dir='ltr'><strong>ἦν</strong></span> <span class='ocrx_word' id='word_1_579' title='bbox 1085 5235 1142 5287; x_wconf 73' lang='grc' dir='ltr'>δὲ</span> <span class='ocrx_word' id='word_1_580' title='bbox 1171 5229 1324 5297; x_wconf 73' lang='grc' dir='ltr'>οὗτος</span> <span class='ocrx_word' id='word_1_581' title='bbox 1366 5234 1604 5305; x_wconf 84' lang='grc' dir='ltr'>Ἰσραὴλ,</span> <span class='ocrx_word' id='word_1_582' title='bbox 1638 5227 1682 5302; x_wconf 85' lang='grc' dir='ltr'><strong>ᾧ</strong></span> <span class='ocrx_word' id='word_1_583' title='bbox 1709 5233 2042 5306; x_wconf 75' lang='grc' dir='ltr'>ἐχρημάτιζε</span> 
     </span>
    </p>
   </div>
   <div class='ocr_carea' id='block_1_85' title="bbox 463 5323 2045 5396">
    <p class='ocr_par' dir='ltr' id='par_1_85' title="bbox 463 5323 2045 5396">
     <span class='ocr_line' id='line_1_85' title="bbox 463 5323 2045 5396; baseline 0.001 -20"><span class='ocrx_word' id='word_1_584' title='bbox 463 5323 557 5376; x_wconf 79' lang='grc' dir='ltr'><strong>καὶ</strong></span> <span class='ocrx_word' id='word_1_585' title='bbox 585 5323 792 5395; x_wconf 80' lang='grc' dir='ltr'>πύργος</span> <span class='ocrx_word' id='word_1_586' title='bbox 820 5327 848 5378; x_wconf 86' lang='grc' dir='ltr'>ὁ</span> <span class='ocrx_word' id='word_1_587' title='bbox 891 5324 1038 5396; x_wconf 85' lang='grc' dir='ltr'><strong>παρά</strong></span> <span class='ocrx_word' id='word_1_588' title='bbox 1063 5324 1275 5388; x_wconf 79' lang='grc' dir='ltr'>τούτοις</span> <span class='ocrx_word' id='word_1_589' title='bbox 1313 5323 1468 5388; x_wconf 88' lang='grc' dir='ltr'>νεὼς,</span> <span class='ocrx_word' id='word_1_590' title='bbox 1497 5327 1590 5378; x_wconf 74' lang='grc' dir='ltr'><strong>καὶ</strong></span> <span class='ocrx_word' id='word_1_591' title='bbox 1624 5326 1957 5392; x_wconf 76' lang='grc' dir='ltr'>προλήνιον</span> <span class='ocrx_word' id='word_1_592' title='bbox 1983 5325 2045 5379; x_wconf 84' lang='grc' dir='ltr'><strong>τὸ</strong></span> 
     </span>
    </p>
   </div>
   <div class='ocr_carea' id='block_1_86' title="bbox 465 5413 2040 5489">
    <p class='ocr_par' dir='ltr' id='par_1_86' title="bbox 465 5413 2040 5489">
     <span class='ocr_line' id='line_1_86' title="bbox 465 5413 2040 5489; baseline 0.003 -23"><span class='ocrx_word' id='word_1_593' title='bbox 465 5413 574 5484; x_wconf 89' lang='grc' dir='ltr'><strong>πρὸ</strong></span> <span class='ocrx_word' id='word_1_594' title='bbox 599 5415 692 5466; x_wconf 74' lang='grc' dir='ltr'>τοῦ</span> <span class='ocrx_word' id='word_1_595' title='bbox 724 5415 854 5468; x_wconf 77' lang='grc' dir='ltr'>ναοῦ</span> <span class='ocrx_word' id='word_1_596' title='bbox 880 5415 1264 5486; x_wconf 84' lang='grc' dir='ltr'>θυσιαστήριον</span> <span class='ocrx_word' id='word_1_597' title='bbox 1291 5415 1434 5469; x_wconf 82' lang='grc' dir='ltr'><strong>κατά</strong></span> <span class='ocrx_word' id='word_1_598' title='bbox 1459 5417 1558 5488; x_wconf 80' lang='grc' dir='ltr'>τὴν</span> <span class='ocrx_word' id='word_1_599' title='bbox 1589 5417 1811 5470; x_wconf 81' lang='grc' dir='ltr'>Ἡσαΐου</span> <span class='ocrx_word' id='word_1_600' title='bbox 1838 5419 2040 5489; x_wconf 82' lang='grc' dir='ltr'>φωνήν.</span> 
     </span>
    </p>
   </div>
   <div class='ocr_carea' id='block_1_87' title="bbox 463 5501 2047 5576">
    <p class='ocr_par' dir='ltr' id='par_1_87' title="bbox 463 5501 2047 5576">
     <span class='ocr_line' id='line_1_87' title="bbox 463 5501 2047 5576; baseline 0.004 -23"><span class='ocrx_word' id='word_1_601' title='bbox 463 5501 540 5554; x_wconf 70' lang='grc' dir='ltr'><strong>Τὸ</strong></span> <span class='ocrx_word' id='word_1_602' title='bbox 561 5501 618 5554; x_wconf 83' lang='grc' dir='ltr'>δὲ</span> <span class='ocrx_word' id='word_1_603' title='bbox 653 5502 854 5573; x_wconf 83' lang='grc' dir='ltr'>πλῆθος</span> <span class='ocrx_word' id='word_1_604' title='bbox 896 5505 1014 5556; x_wconf 76' lang='grc' dir='ltr'>νυνὶ</span> <span class='ocrx_word' id='word_1_605' title='bbox 1060 5503 1170 5558; x_wconf 78' lang='grc' dir='ltr'>τῶν</span> <span class='ocrx_word' id='word_1_606' title='bbox 1211 5505 1389 5576; x_wconf 83' lang='grc' dir='ltr'>ληνῶν</span> <span class='ocrx_word' id='word_1_607' title='bbox 1427 5505 1494 5558; x_wconf 86' lang='grc' dir='ltr'><strong>τά</strong></span> <span class='ocrx_word' id='word_1_608' title='bbox 1531 5505 1700 5558; x_wconf 73' lang='grc' dir='ltr'>πολλὰ</span> <span class='ocrx_word' id='word_1_609' title='bbox 1735 5505 1928 5576; x_wconf 82' lang='grc' dir='ltr'>μηνύει</span> <span class='ocrx_word' id='word_1_610' title='bbox 1961 5507 2047 5560; x_wconf 91' lang='grc' dir='ltr'>θυ-</span> 
     </span>
    </p>
   </div>
   <div class='ocr_carea' id='block_1_88' title="bbox 467 5594 2046 5668">
    <p class='ocr_par' dir='ltr' id='par_1_88' title="bbox 467 5594 2046 5668">
     <span class='ocr_line' id='line_1_88' title="bbox 467 5594 2046 5668; baseline 0.003 -22"><span class='ocrx_word' id='word_1_611' title='bbox 467 5595 778 5664; x_wconf 86' lang='grc' dir='ltr'>σιαστήρια,</span> <span class='ocrx_word' id='word_1_612' title='bbox 806 5595 928 5658; x_wconf 77' lang='grc' dir='ltr'>ταῖς</span> <span class='ocrx_word' id='word_1_613' title='bbox 969 5594 1114 5650; x_wconf 86' lang='grc' dir='ltr'>κατὰ</span> <span class='ocrx_word' id='word_1_614' title='bbox 1157 5596 1322 5667; x_wconf 75' lang='grc' dir='ltr'>μέρος</span> <span class='ocrx_word' id='word_1_615' title='bbox 1365 5597 1682 5668; x_wconf 81' lang='grc' dir='ltr'>ἐκκλησίαις</span> <span class='ocrx_word' id='word_1_616' title='bbox 1711 5597 2046 5667; x_wconf 66' lang='grc' dir='ltr'><strong>συνδιαιροιῦ⁶</strong></span> 
     </span>
    </p>
   </div>
   <div class='ocr_carea' id='block_1_89' title="bbox 467 5687 2048 5762">
    <p class='ocr_par' dir='ltr' id='par_1_89' title="bbox 467 5687 2048 5762">
     <span class='ocr_line' id='line_1_89' title="bbox 467 5687 2048 5762; baseline 0.003 -22"><span class='ocrx_word' id='word_1_617' title='bbox 467 5703 627 5757; x_wconf 84' lang='grc' dir='ltr'>μενα.</span> <span class='ocrx_word' id='word_1_618' title='bbox 657 5687 746 5740; x_wconf 81' lang='grc' dir='ltr'>Διὸ</span> <span class='ocrx_word' id='word_1_619' title='bbox 791 5688 888 5741; x_wconf 77' lang='grc' dir='ltr'>καὶ</span> <span class='ocrx_word' id='word_1_620' title='bbox 928 5689 986 5742; x_wconf 79' lang='grc' dir='ltr'><strong>ὲν</strong></span> <span class='ocrx_word' id='word_1_621' title='bbox 1026 5695 1116 5758; x_wconf 75' lang='grc' dir='ltr'>πγ¹</span> <span class='ocrx_word' id='word_1_622' title='bbox 1142 5689 1341 5762; x_wconf 81' lang='grc' dir='ltr'>ψαλμῷ</span> <span class='ocrx_word' id='word_1_623' title='bbox 1381 5691 1473 5745; x_wconf 82' lang='grc' dir='ltr'><strong>τὸν</strong></span> <span class='ocrx_word' id='word_1_624' title='bbox 1501 5689 1662 5744; x_wconf 81' lang='grc' dir='ltr'>αὐτὸν</span> <span class='ocrx_word' id='word_1_625' title='bbox 1688 5690 2048 5761; x_wconf 84' lang='grc' dir='ltr'>ὲπιγραφέντι</span> 
     </span>
    </p>
   </div>
   <div class='ocr_carea' id='block_1_90' title="bbox 539 5847 1060 5939">
    <p class='ocr_par' dir='ltr' id='par_1_90' title="bbox 539 5847 1060 5939">
     <span class='ocr_line' id='line_1_90' title="bbox 539 5847 1060 5939; baseline 0.004 -19"><span class='ocrx_word' id='word_1_626' title='bbox 539 5865 586 5898; x_wconf 78' lang='grc'>⁸⁸</span> <span class='ocrx_word' id='word_1_627' title='bbox 627 5866 644 5920; x_wconf 96' lang='lat' dir='ltr'><strong>l</strong></span> <span class='ocrx_word' id='word_1_628' title='bbox 679 5865 810 5939; x_wconf 77' lang='lat' dir='ltr'><strong>Reg.</strong></span> <span class='ocrx_word' id='word_1_629' title='bbox 848 5847 972 5936; x_wconf 65' lang='lat' dir='ltr'><strong>in,</strong></span> <span class='ocrx_word' id='word_1_630' title='bbox 1007 5867 1060 5922; x_wconf 88' lang='lat'><strong>7.</strong></span> 
     </span>
    </p>
   </div>
   <div class='ocr_carea' id='block_1_91' title="bbox 2139 3330 3712 3406">
    <p class='ocr_par' dir='ltr' id='par_1_91' title="bbox 2139 3330 3712 3406">
     <span class='ocr_line' id='line_1_91' title="bbox 2139 3330 3712 3406; baseline -0.002 -20"><span class='ocrx_word' id='word_1_631' title='bbox 2139 3337 2450 3406; x_wconf 83' lang='lat' dir='ltr'><strong>paraverat,</strong></span> <span class='ocrx_word' id='word_1_632' title='bbox 2495 3348 2764 3402; x_wconf 86' lang='lat' dir='ltr'><strong>suamque</strong></span> <span class='ocrx_word' id='word_1_633' title='bbox 2823 3332 3088 3386; x_wconf 87' lang='lat' dir='ltr'><strong>adversus</strong></span> <span class='ocrx_word' id='word_1_634' title='bbox 3127 3346 3252 3384; x_wconf 90' lang='lat' dir='ltr'><strong>eum</strong></span> <span class='ocrx_word' id='word_1_635' title='bbox 3301 3330 3602 3399; x_wconf 81' lang='lat' dir='ltr'><strong>nequitiam</strong></span> <span class='ocrx_word' id='word_1_636' title='bbox 3655 3330 3712 3384; x_wconf 92' lang='lat' dir='ltr'><strong>in</strong></span> 
     </span>
    </p>
   </div>
   <div class='ocr_carea' id='block_1_92' title="bbox 2139 3421 3715 3495">
    <p class='ocr_par' dir='ltr' id='par_1_92' title="bbox 2139 3421 3715 3495">
     <span class='ocr_line' id='line_1_92' title="bbox 2139 3421 3715 3495; baseline -0.001 -16"><span class='ocrx_word' id='word_1_637' title='bbox 2139 3434 2297 3495; x_wconf 85' lang='lat' dir='ltr'><strong>caput</strong></span> <span class='ocrx_word' id='word_1_638' title='bbox 2335 3423 2451 3494; x_wconf 90' lang='lat' dir='ltr'><strong>ipse</strong></span> <span class='ocrx_word' id='word_1_639' title='bbox 2486 3439 2646 3480; x_wconf 91' lang='lat' dir='ltr'><strong>suum</strong></span> <span class='ocrx_word' id='word_1_640' title='bbox 2680 3423 2971 3494; x_wconf 87' lang='lat' dir='ltr'><strong>expressit.</strong></span> <span class='ocrx_word' id='word_1_641' title='bbox 3015 3421 3080 3476; x_wconf 86' lang='lat' dir='ltr'><strong>Et</strong></span> <span class='ocrx_word' id='word_1_642' title='bbox 3111 3437 3242 3476; x_wconf 79' lang='lat' dir='ltr'><strong>vero</strong></span> <span class='ocrx_word' id='word_1_643' title='bbox 3269 3437 3460 3476; x_wconf 90' lang='lat' dir='ltr'><strong>omnes</strong></span> <span class='ocrx_word' id='word_1_644' title='bbox 3485 3437 3715 3492; x_wconf 78' lang='lat' dir='ltr'><strong>prorsus</strong></span> 
     </span>
    </p>
   </div>
   <div class='ocr_carea' id='block_1_93' title="bbox 2139 3511 3713 3584">
    <p class='ocr_par' dir='ltr' id='par_1_93' title="bbox 2139 3511 3713 3584">
     <span class='ocr_line' id='line_1_93' title="bbox 2139 3511 3713 3584; baseline -0.003 -14"><span class='ocrx_word' id='word_1_645' title='bbox 2139 3516 2414 3580; x_wconf 86' lang='lat' dir='ltr'><strong>homines,</strong></span> <span class='ocrx_word' id='word_1_646' title='bbox 2456 3531 2522 3570; x_wconf 81' lang='lat' dir='ltr'><strong>ex</strong></span> <span class='ocrx_word' id='word_1_647' title='bbox 2559 3515 2722 3570; x_wconf 89' lang='lat' dir='ltr'><strong>editis</strong></span> <span class='ocrx_word' id='word_1_648' title='bbox 2765 3514 3047 3584; x_wconf 83' lang='lat' dir='ltr'><strong>Operibus,</strong></span> <span class='ocrx_word' id='word_1_649' title='bbox 3080 3527 3234 3567; x_wconf 88' lang='lat' dir='ltr'><strong>suam</strong></span> <span class='ocrx_word' id='word_1_650' title='bbox 3285 3511 3343 3565; x_wconf 92' lang='lat' dir='ltr'><strong>in</strong></span> <span class='ocrx_word' id='word_1_651' title='bbox 3385 3511 3474 3566; x_wconf 90' lang='lat' dir='ltr'><strong>die</strong></span> <span class='ocrx_word' id='word_1_652' title='bbox 3517 3511 3713 3581; x_wconf 86' lang='lat' dir='ltr'><strong>judicii</strong></span> 
     </span>
    </p>
   </div>
   <div class='ocr_carea' id='block_1_94' title="bbox 2141 3605 2717 3663">
    <p class='ocr_par' dir='ltr' id='par_1_94' title="bbox 2141 3605 2717 3663">
     <span class='ocr_line' id='line_1_94' title="bbox 2141 3605 2717 3663; baseline 0 -3"><span class='ocrx_word' id='word_1_653' title='bbox 2141 3607 2330 3663; x_wconf 84' lang='lat' dir='ltr'><strong>ferunt</strong></span> <span class='ocrx_word' id='word_1_654' title='bbox 2365 3605 2717 3662; x_wconf 89' lang='lat' dir='ltr'><strong>sententiam.</strong></span> 
     </span>
    </p>
   </div>
   <div class='ocr_carea' id='block_1_95' title="bbox 2209 3693 3712 3766">
    <p class='ocr_par' dir='ltr' id='par_1_95' title="bbox 2209 3693 3712 3766">
     <span class='ocr_line' id='line_1_95' title="bbox 2209 3693 3712 3766; baseline -0.004 -14"><span class='ocrx_word' id='word_1_655' title='bbox 2209 3697 2378 3751; x_wconf 68' lang='lat' dir='ltr'><strong>Vsus.</strong></span> <span class='ocrx_word' id='word_1_656' title='bbox 2406 3697 2491 3751; x_wconf 85' lang='grc'><strong>18.</strong></span> <span class='ocrx_word' id='word_1_657' title='bbox 2527 3694 2830 3766; x_wconf 86' lang='lat' dir='ltr'><strong>Conﬁtebor</strong></span> <span class='ocrx_word' id='word_1_658' title='bbox 2857 3693 3084 3747; x_wconf 86' lang='lat' dir='ltr'><strong>Domino</strong></span> <span class='ocrx_word' id='word_1_659' title='bbox 3125 3693 3412 3747; x_wconf 89' lang='lat' dir='ltr'><strong>secundum</strong></span> <span class='ocrx_word' id='word_1_660' title='bbox 3441 3693 3712 3761; x_wconf 79' lang='lat' dir='ltr'><strong>justitiam</strong></span> 
     </span>
    </p>
   </div>
   <div class='ocr_carea' id='block_1_96' title="bbox 2139 3783 3710 3857">
    <p class='ocr_par' dir='ltr' id='par_1_96' title="bbox 2139 3783 3710 3857">
     <span class='ocr_line' id='line_1_96' title="bbox 2139 3783 3710 3857; baseline -0.004 -15"><span class='ocrx_word' id='word_1_661' title='bbox 2139 3788 2276 3857; x_wconf 87' lang='lat' dir='ltr'><strong>ejus,</strong></span> <span class='ocrx_word' id='word_1_662' title='bbox 2303 3788 2538 3856; x_wconf 81' lang='lat' dir='ltr'><strong>psallam</strong></span> <span class='ocrx_word' id='word_1_663' title='bbox 2573 3787 2774 3842; x_wconf 85' lang='lat' dir='ltr'><strong>nomini</strong></span> <span class='ocrx_word' id='word_1_664' title='bbox 2809 3786 3095 3840; x_wconf 86' lang='lat' dir='ltr'><strong>Altissimi.</strong></span> <span class='ocrx_word' id='word_1_665' title='bbox 3144 3785 3342 3854; x_wconf 86' lang='lat' dir='ltr'><strong>Utpote</strong></span> <span class='ocrx_word' id='word_1_666' title='bbox 3381 3785 3472 3854; x_wconf 89' lang='lat' dir='ltr'><strong>qui</strong></span> <span class='ocrx_word' id='word_1_667' title='bbox 3507 3783 3710 3838; x_wconf 89' lang='lat' dir='ltr'><strong>nemini</strong></span> 
     </span>
    </p>
   </div>
   <div class='ocr_carea' id='block_1_97' title="bbox 2139 3877 3713 3946">
    <p class='ocr_par' dir='ltr' id='par_1_97' title="bbox 2139 3877 3713 3946">
     <span class='ocr_line' id='line_1_97' title="bbox 2139 3877 3713 3946; baseline -0.002 -12"><span class='ocrx_word' id='word_1_668' title='bbox 2139 3879 2372 3936; x_wconf 87' lang='lat' dir='ltr'><strong>insidias</strong></span> <span class='ocrx_word' id='word_1_669' title='bbox 2397 3879 2680 3943; x_wconf 87' lang='lat' dir='ltr'><strong>struxerit,</strong></span> <span class='ocrx_word' id='word_1_670' title='bbox 2715 3881 2918 3935; x_wconf 86' lang='lat' dir='ltr'><strong>nemini</strong></span> <span class='ocrx_word' id='word_1_671' title='bbox 2957 3881 3134 3934; x_wconf 91' lang='lat' dir='ltr'><strong>lacum</strong></span> <span class='ocrx_word' id='word_1_672' title='bbox 3177 3879 3458 3944; x_wconf 74' lang='lat' dir='ltr'><strong>etloderit;</strong></span> <span class='ocrx_word' id='word_1_673' title='bbox 3493 3877 3713 3946; x_wconf 88' lang='lat' dir='ltr'><strong>iniquos</strong></span> 
     </span>
    </p>
   </div>
   <div class='ocr_carea' id='block_1_98' title="bbox 2139 3969 3712 4042">
    <p class='ocr_par' dir='ltr' id='par_1_98' title="bbox 2139 3969 3712 4042">
     <span class='ocr_line' id='line_1_98' title="bbox 2139 3969 3712 4042; baseline -0.004 -14"><span class='ocrx_word' id='word_1_674' title='bbox 2139 3988 2266 4028; x_wconf 91' lang='lat' dir='ltr'><strong>cum</strong></span> <span class='ocrx_word' id='word_1_675' title='bbox 2297 3971 2628 4042; x_wconf 83' lang='lat' dir='ltr'><strong>despiceret,</strong></span> <span class='ocrx_word' id='word_1_676' title='bbox 2663 3986 2868 4042; x_wconf 84' lang='lat' dir='ltr'><strong>gnarus</strong></span> <span class='ocrx_word' id='word_1_677' title='bbox 2897 3969 3068 4024; x_wconf 85' lang='lat' dir='ltr'><strong>futuri</strong></span> <span class='ocrx_word' id='word_1_678' title='bbox 3099 3971 3156 4025; x_wconf 92' lang='lat' dir='ltr'><strong>in</strong></span> <span class='ocrx_word' id='word_1_679' title='bbox 3181 3970 3391 4040; x_wconf 90' lang='lat' dir='ltr'><strong>judicio</strong></span> <span class='ocrx_word' id='word_1_680' title='bbox 3419 3969 3712 4039; x_wconf 89' lang='lat' dir='ltr'><strong>impiorum</strong></span> 
     </span>
    </p>
   </div>
   <div class='ocr_carea' id='block_1_99' title="bbox 2139 4059 3715 4132">
    <p class='ocr_par' dir='ltr' id='par_1_99' title="bbox 2139 4059 3715 4132">
     <span class='ocr_line' id='line_1_99' title="bbox 2139 4059 3715 4132; baseline -0.006 -11"><span class='ocrx_word' id='word_1_681' title='bbox 2139 4065 2292 4121; x_wconf 79' lang='lat' dir='ltr'><strong>exitii</strong></span> <span class='ocrx_word' id='word_1_682' title='bbox 2317 4082 2332 4120; x_wconf 87' lang='lat'>:</span> <span class='ocrx_word' id='word_1_683' title='bbox 2359 4063 2661 4132; x_wconf 78' lang='lat' dir='ltr'><strong>Conﬁtebor</strong></span> <span class='ocrx_word' id='word_1_684' title='bbox 2683 4103 2698 4128; x_wconf 98' lang='lat'><strong>,</strong></span> <span class='ocrx_word' id='word_1_685' title='bbox 2736 4063 2938 4132; x_wconf 89' lang='lat' dir='ltr'><strong>inquit,</strong></span> <span class='ocrx_word' id='word_1_686' title='bbox 2963 4061 3192 4116; x_wconf 89' lang='lat' dir='ltr'><strong>Domino</strong></span> <span class='ocrx_word' id='word_1_687' title='bbox 3225 4059 3512 4114; x_wconf 81' lang='lat' dir='ltr'><strong>secundant</strong></span> <span class='ocrx_word' id='word_1_688' title='bbox 3546 4059 3715 4128; x_wconf 85' lang='lat' dir='ltr'><strong>justi-</strong></span> 
     </span>
    </p>
   </div>
   <div class='ocr_carea' id='block_1_100' title="bbox 2143 4151 3714 4225">
    <p class='ocr_par' dir='ltr' id='par_1_100' title="bbox 2143 4151 3714 4225">
     <span class='ocr_line' id='line_1_100' title="bbox 2143 4151 3714 4225; baseline -0.003 -15"><span class='ocrx_word' id='word_1_689' title='bbox 2143 4158 2272 4210; x_wconf 86' lang='lat' dir='ltr'><strong>tiam</strong></span> <span class='ocrx_word' id='word_1_690' title='bbox 2297 4155 2448 4225; x_wconf 86' lang='lat' dir='ltr'><strong>ejus;</strong></span> <span class='ocrx_word' id='word_1_691' title='bbox 2491 4155 2658 4224; x_wconf 90' lang='lat' dir='ltr'><strong>justis</strong></span> <span class='ocrx_word' id='word_1_692' title='bbox 2700 4155 2838 4209; x_wconf 88' lang='lat' dir='ltr'><strong>meis</strong></span> <span class='ocrx_word' id='word_1_693' title='bbox 2891 4155 3152 4224; x_wconf 89' lang='lat' dir='ltr'><strong>operibus</strong></span> <span class='ocrx_word' id='word_1_694' title='bbox 3179 4153 3327 4208; x_wconf 80' lang='lat' dir='ltr'><strong>velut</strong></span> <span class='ocrx_word' id='word_1_695' title='bbox 3359 4153 3412 4205; x_wconf 91' lang='lat' dir='ltr'><strong>in</strong></span> <span class='ocrx_word' id='word_1_696' title='bbox 3451 4151 3714 4205; x_wconf 86' lang='lat' dir='ltr'><strong>tribunali</strong></span> 
     </span>
    </p>
   </div>
   <div class='ocr_carea' id='block_1_101' title="bbox 2140 4242 3716 4320">
    <p class='ocr_par' dir='ltr' id='par_1_101' title="bbox 2140 4242 3716 4320">
     <span class='ocr_line' id='line_1_101' title="bbox 2140 4242 3716 4320; baseline -0.003 -18"><span class='ocrx_word' id='word_1_697' title='bbox 2140 4249 2454 4320; x_wconf 88' lang='lat' dir='ltr'><strong>productis;</strong></span> <span class='ocrx_word' id='word_1_698' title='bbox 2487 4257 2536 4301; x_wconf 90' lang='lat' dir='ltr'><strong>et</strong></span> <span class='ocrx_word' id='word_1_699' title='bbox 2557 4247 2788 4316; x_wconf 84' lang='lat' dir='ltr'><strong>psallam</strong></span> <span class='ocrx_word' id='word_1_700' title='bbox 2819 4247 3017 4300; x_wconf 89' lang='lat' dir='ltr'><strong>nomini</strong></span> <span class='ocrx_word' id='word_1_701' title='bbox 3039 4245 3254 4300; x_wconf 85' lang='lat' dir='ltr'><strong>Domini</strong></span> <span class='ocrx_word' id='word_1_702' title='bbox 3305 4244 3584 4308; x_wconf 84' lang='lat' dir='ltr'><strong>altissimi,</strong></span> <span class='ocrx_word' id='word_1_703' title='bbox 3613 4242 3716 4297; x_wconf 83' lang='lat' dir='ltr'><strong>fre-</strong></span> 
     </span>
    </p>
   </div>
   <div class='ocr_carea' id='block_1_102' title="bbox 2141 4339 3714 4414">
    <p class='ocr_par' dir='ltr' id='par_1_102' title="bbox 2141 4339 3714 4414">
     <span class='ocr_line' id='line_1_102' title="bbox 2141 4339 3714 4414; baseline -0.006 -16"><span class='ocrx_word' id='word_1_704' title='bbox 2141 4353 2231 4400; x_wconf 91' lang='lat' dir='ltr'><strong>tus</strong></span> <span class='ocrx_word' id='word_1_705' title='bbox 2261 4359 2358 4414; x_wconf 89' lang='lat' dir='ltr'><strong>spe</strong></span> <span class='ocrx_word' id='word_1_706' title='bbox 2384 4359 2470 4398; x_wconf 89' lang='lat' dir='ltr'><strong>me</strong></span> <span class='ocrx_word' id='word_1_707' title='bbox 2495 4344 2550 4397; x_wconf 91' lang='lat' dir='ltr'><strong>in</strong></span> <span class='ocrx_word' id='word_1_708' title='bbox 2587 4343 2757 4396; x_wconf 87' lang='lat' dir='ltr'><strong>choro</strong></span> <span class='ocrx_word' id='word_1_709' title='bbox 2788 4357 2976 4397; x_wconf 90' lang='lat' dir='ltr'><strong>eorum</strong></span> <span class='ocrx_word' id='word_1_710' title='bbox 3008 4341 3100 4411; x_wconf 92' lang='lat' dir='ltr'><strong>qui</strong></span> <span class='ocrx_word' id='word_1_711' title='bbox 3132 4355 3230 4410; x_wconf 89' lang='lat' dir='ltr'><strong>pet:</strong></span> <span class='ocrx_word' id='word_1_712' title='bbox 3261 4339 3438 4408; x_wconf 90' lang='lat' dir='ltr'><strong>ipsum</strong></span> <span class='ocrx_word' id='word_1_713' title='bbox 3481 4339 3714 4392; x_wconf 88' lang='lat' dir='ltr'><strong>salutem</strong></span> 
     </span>
    </p>
   </div>
   <div class='ocr_carea' id='block_1_103' title="bbox 2143 4430 3707 4506">
    <p class='ocr_par' dir='ltr' id='par_1_103' title="bbox 2143 4430 3707 4506">
     <span class='ocr_line' id='line_1_103' title="bbox 2143 4430 3707 4506; baseline -0.005 -16"><span class='ocrx_word' id='word_1_714' title='bbox 2143 4441 2574 4506; x_wconf 86' lang='lat' dir='ltr'><strong>consequentur,</strong></span> <span class='ocrx_word' id='word_1_715' title='bbox 2617 4433 2740 4503; x_wconf 90' lang='lat' dir='ltr'><strong>ejus</strong></span> <span class='ocrx_word' id='word_1_716' title='bbox 2773 4433 3090 4504; x_wconf 80' lang='lat' dir='ltr'><strong>dignatione</strong></span> <span class='ocrx_word' id='word_1_717' title='bbox 3135 4430 3518 4501; x_wconf 88' lang='lat' dir='ltr'><strong>recipiendum</strong></span> <span class='ocrx_word' id='word_1_718' title='bbox 3564 4443 3707 4484; x_wconf 89' lang='lat' dir='ltr'><strong>esse.</strong></span> 
     </span>
    </p>
   </div>
   <div class='ocr_carea' id='block_1_104' title="bbox 2543 4629 3296 4690">
    <p class='ocr_par' dir='ltr' id='par_1_104' title="bbox 2543 4629 3296 4690">
     <span class='ocr_line' id='line_1_104' title="bbox 2543 4629 3296 4690; baseline -0.008 -1"><span class='ocrx_word' id='word_1_719' title='bbox 2543 4633 2865 4690; x_wconf 83' lang='lat' dir='ltr'><strong>PSALMUS</strong></span> <span class='ocrx_word' id='word_1_720' title='bbox 2906 4631 3113 4686; x_wconf 81' lang='lat' dir='ltr'>DAVlD</span> <span class='ocrx_word' id='word_1_721' title='bbox 3165 4629 3296 4684; x_wconf 88' lang='lat' dir='ltr'><strong>Vlll.</strong></span> 
     </span>
    </p>
   </div>
   <div class='ocr_carea' id='block_1_105' title="bbox 2491 4744 3362 4821">
    <p class='ocr_par' dir='ltr' id='par_1_105' title="bbox 2491 4744 3362 4821">
     <span class='ocr_line' id='line_1_105' title="bbox 2491 4744 3362 4821; baseline -0.009 -15"><span class='ocrx_word' id='word_1_722' title='bbox 2491 4753 2544 4806; x_wconf 90' lang='grc'><strong>1.</strong></span> <span class='ocrx_word' id='word_1_723' title='bbox 2585 4749 2654 4804; x_wconf 87' lang='lat' dir='ltr'><strong>In</strong></span> <span class='ocrx_word' id='word_1_724' title='bbox 2685 4751 2840 4821; x_wconf 79' lang='lat' dir='ltr'><strong>ﬁnem</strong></span> <span class='ocrx_word' id='word_1_725' title='bbox 2864 4765 2960 4818; x_wconf 87' lang='lat' dir='ltr'><strong>pro</strong></span> <span class='ocrx_word' id='word_1_726' title='bbox 2991 4744 3362 4800; x_wconf 83' lang='lat' dir='ltr'><strong>torcularibus.</strong></span> 
     </span>
    </p>
   </div>
   <div class='ocr_carea' id='block_1_106' title="bbox 2211 4855 3718 4931">
    <p class='ocr_par' dir='ltr' id='par_1_106' title="bbox 2211 4855 3718 4931">
     <span class='ocr_line' id='line_1_106' title="bbox 2211 4855 3718 4931; baseline -0.007 -11"><span class='ocrx_word' id='word_1_727' title='bbox 2211 4863 2344 4931; x_wconf 65' lang='lat' dir='ltr'><strong>Quae</strong></span> <span class='ocrx_word' id='word_1_728' title='bbox 2383 4863 2473 4917; x_wconf 90' lang='lat' dir='ltr'><strong>hic</strong></span> <span class='ocrx_word' id='word_1_729' title='bbox 2508 4863 2578 4918; x_wconf 90' lang='lat' dir='ltr'><strong>de</strong></span> <span class='ocrx_word' id='word_1_730' title='bbox 2617 4862 3094 4918; x_wconf 85' lang='lat' dir='ltr'><strong>consummatione</strong></span> <span class='ocrx_word' id='word_1_731' title='bbox 3125 4859 3450 4914; x_wconf 65' lang='lat' dir='ltr'><strong>saeculorum</strong></span> <span class='ocrx_word' id='word_1_732' title='bbox 3479 4855 3718 4925; x_wconf 83' lang='lat' dir='ltr'><strong>prephe-</strong></span> 
     </span>
    </p>
   </div>
   <div class='ocr_carea' id='block_1_107' title="bbox 2141 4945 3714 5018">
    <p class='ocr_par' dir='ltr' id='par_1_107' title="bbox 2141 4945 3714 5018">
     <span class='ocr_line' id='line_1_107' title="bbox 2141 4945 3714 5018; baseline -0.006 -11"><span class='ocrx_word' id='word_1_733' title='bbox 2141 4953 2249 5008; x_wconf 89' lang='lat' dir='ltr'><strong>tice</strong></span> <span class='ocrx_word' id='word_1_734' title='bbox 2286 4953 2660 5018; x_wconf 73' lang='lat' dir='ltr'><strong>enuntientur,</strong></span> <span class='ocrx_word' id='word_1_735' title='bbox 2712 4953 2768 5006; x_wconf 92' lang='lat' dir='ltr'><strong>in</strong></span> <span class='ocrx_word' id='word_1_736' title='bbox 2816 4967 2982 5006; x_wconf 89' lang='lat' dir='ltr'><strong>causa</strong></span> <span class='ocrx_word' id='word_1_737' title='bbox 3025 4950 3178 5004; x_wconf 80' lang='lat' dir='ltr'><strong>fuere</strong></span> <span class='ocrx_word' id='word_1_738' title='bbox 3229 4947 3371 5018; x_wconf 89' lang='lat' dir='ltr'><strong>quod</strong></span> <span class='ocrx_word' id='word_1_739' title='bbox 3407 4945 3714 5014; x_wconf 86' lang='lat' dir='ltr'><strong>inscriptio,</strong></span> 
     </span>
    </p>
   </div>
   <div class='ocr_carea' id='block_1_108' title="bbox 2141 5035 3717 5114">
    <p class='ocr_par' dir='ltr' id='par_1_108' title="bbox 2141 5035 3717 5114">
     <span class='ocr_line' id='line_1_108' title="bbox 2141 5035 3717 5114; baseline -0.005 -17"><span class='ocrx_word' id='word_1_740' title='bbox 2141 5045 2197 5097; x_wconf 86' lang='lat' dir='ltr'><strong>in</strong></span> <span class='ocrx_word' id='word_1_741' title='bbox 2223 5045 2402 5112; x_wconf 79' lang='lat' dir='ltr'><strong>finem,</strong></span> <span class='ocrx_word' id='word_1_742' title='bbox 2439 5050 2826 5114; x_wconf 86' lang='lat' dir='ltr'><strong>apponeretur.</strong></span> <span class='ocrx_word' id='word_1_743' title='bbox 2871 5041 2984 5096; x_wconf 84' lang='lat' dir='ltr'><strong>Pro</strong></span> <span class='ocrx_word' id='word_1_744' title='bbox 3016 5039 3368 5094; x_wconf 81' lang='lat' dir='ltr'><strong>torcularibus</strong></span> <span class='ocrx_word' id='word_1_745' title='bbox 3409 5046 3592 5090; x_wconf 86' lang='lat' dir='ltr'><strong>autem</strong></span> <span class='ocrx_word' id='word_1_746' title='bbox 3633 5035 3717 5089; x_wconf 89' lang='lat' dir='ltr'><strong>di-</strong></span> 
     </span>
    </p>
   </div>
   <div class='ocr_carea' id='block_1_109' title="bbox 2142 5129 3718 5204">
    <p class='ocr_par' dir='ltr' id='par_1_109' title="bbox 2142 5129 3718 5204">
     <span class='ocr_line' id='line_1_109' title="bbox 2142 5129 3718 5204; baseline -0.004 -16"><span class='ocrx_word' id='word_1_747' title='bbox 2142 5135 2288 5188; x_wconf 88' lang='lat' dir='ltr'><strong>citur</strong></span> <span class='ocrx_word' id='word_1_748' title='bbox 2339 5135 2708 5189; x_wconf 87' lang='lat' dir='ltr'><strong>Ecclesiarum</strong></span> <span class='ocrx_word' id='word_1_749' title='bbox 2757 5134 2956 5204; x_wconf 81' lang='lat' dir='ltr'><strong>gratia,</strong></span> <span class='ocrx_word' id='word_1_750' title='bbox 2995 5147 3117 5202; x_wconf 69' lang='lat' dir='ltr'><strong>quae</strong></span> <span class='ocrx_word' id='word_1_751' title='bbox 3150 5147 3246 5200; x_wconf 88' lang='lat' dir='ltr'><strong>per</strong></span> <span class='ocrx_word' id='word_1_752' title='bbox 3275 5129 3588 5184; x_wconf 83' lang='lat' dir='ltr'><strong>universam</strong></span> <span class='ocrx_word' id='word_1_753' title='bbox 3614 5136 3718 5181; x_wconf 90' lang='lat' dir='ltr'><strong>ter-</strong></span> 
     </span>
    </p>
   </div>
   <div class='ocr_carea' id='block_1_110' title="bbox 2143 5221 3713 5294">
    <p class='ocr_par' dir='ltr' id='par_1_110' title="bbox 2143 5221 3713 5294">
     <span class='ocr_line' id='line_1_110' title="bbox 2143 5221 3713 5294; baseline -0.004 -16"><span class='ocrx_word' id='word_1_754' title='bbox 2143 5241 2260 5278; x_wconf 87' lang='lat' dir='ltr'><strong>ram</strong></span> <span class='ocrx_word' id='word_1_755' title='bbox 2303 5227 2597 5288; x_wconf 77' lang='lat' dir='ltr'><strong>exsistunt,</strong></span> <span class='ocrx_word' id='word_1_756' title='bbox 2625 5232 2680 5278; x_wconf 89' lang='lat' dir='ltr'><strong>et</strong></span> <span class='ocrx_word' id='word_1_757' title='bbox 2725 5224 3014 5294; x_wconf 83' lang='lat' dir='ltr'><strong>allegorice</strong></span> <span class='ocrx_word' id='word_1_758' title='bbox 3077 5221 3374 5276; x_wconf 89' lang='lat' dir='ltr'><strong>toreularia</strong></span> <span class='ocrx_word' id='word_1_759' title='bbox 3423 5227 3713 5274; x_wconf 80' lang='lat' dir='ltr'><strong>vocantur.</strong></span> 
     </span>
    </p>
   </div>
   <div class='ocr_carea' id='block_1_111' title="bbox 2145 5311 3715 5385">
    <p class='ocr_par' dir='ltr' id='par_1_111' title="bbox 2145 5311 3715 5385">
     <span class='ocr_line' id='line_1_111' title="bbox 2145 5311 3715 5385; baseline -0.003 -15"><span class='ocrx_word' id='word_1_760' title='bbox 2145 5317 2380 5383; x_wconf 83' lang='lat' dir='ltr'><strong>Quando</strong></span> <span class='ocrx_word' id='word_1_761' title='bbox 2409 5319 2556 5372; x_wconf 89' lang='lat' dir='ltr'><strong>enim</strong></span> <span class='ocrx_word' id='word_1_762' title='bbox 2609 5331 2754 5370; x_wconf 92' lang='lat' dir='ltr'><strong>unus</strong></span> <span class='ocrx_word' id='word_1_763' title='bbox 2783 5323 2900 5370; x_wconf 89' lang='lat' dir='ltr'><strong>erat</strong></span> <span class='ocrx_word' id='word_1_764' title='bbox 2930 5315 3189 5385; x_wconf 89' lang='lat' dir='ltr'><strong>populus,</strong></span> <span class='ocrx_word' id='word_1_765' title='bbox 3231 5313 3444 5368; x_wconf 87' lang='lat' dir='ltr'><strong>scilicet</strong></span> <span class='ocrx_word' id='word_1_766' title='bbox 3472 5311 3715 5376; x_wconf 85' lang='lat' dir='ltr'><strong>lsraelis,</strong></span> 
     </span>
    </p>
   </div>
   <div class='ocr_carea' id='block_1_112' title="bbox 2145 5407 3716 5478">
    <p class='ocr_par' dir='ltr' id='par_1_112' title="bbox 2145 5407 3716 5478">
     <span class='ocr_line' id='line_1_112' title="bbox 2145 5407 3716 5478; baseline 0 -16"><span class='ocrx_word' id='word_1_767' title='bbox 2145 5409 2273 5464; x_wconf 87' lang='lat' dir='ltr'><strong>huic</strong></span> <span class='ocrx_word' id='word_1_768' title='bbox 2313 5417 2432 5465; x_wconf 88' lang='lat' dir='ltr'><strong>erat</strong></span> <span class='ocrx_word' id='word_1_769' title='bbox 2467 5409 2662 5472; x_wconf 88' lang='lat' dir='ltr'><strong>turris,</strong></span> <span class='ocrx_word' id='word_1_770' title='bbox 2687 5409 2950 5478; x_wconf 88' lang='lat' dir='ltr'><strong>templum</strong></span> <span class='ocrx_word' id='word_1_771' title='bbox 2995 5407 3138 5476; x_wconf 90' lang='lat' dir='ltr'><strong>apud</strong></span> <span class='ocrx_word' id='word_1_772' title='bbox 3177 5407 3329 5476; x_wconf 91' lang='lat' dir='ltr'><strong>ipsos</strong></span> <span class='ocrx_word' id='word_1_773' title='bbox 3369 5411 3716 5474; x_wconf 86' lang='lat' dir='ltr'><strong>nuncupata:</strong></span> 
     </span>
    </p>
   </div>
   <div class='ocr_carea' id='block_1_113' title="bbox 2145 5495 3720 5566">
    <p class='ocr_par' dir='ltr' id='par_1_113' title="bbox 2145 5495 3720 5566">
     <span class='ocr_line' id='line_1_113' title="bbox 2145 5495 3720 5566; baseline -0.003 -12"><span class='ocrx_word' id='word_1_774' title='bbox 2145 5507 2200 5554; x_wconf 87' lang='lat' dir='ltr'><strong>et</strong></span> <span class='ocrx_word' id='word_1_775' title='bbox 2242 5500 2598 5564; x_wconf 86' lang='lat' dir='ltr'><strong>protorcular,</strong></span> <span class='ocrx_word' id='word_1_776' title='bbox 2653 5499 2864 5553; x_wconf 83' lang='lat' dir='ltr'><strong>scilicet</strong></span> <span class='ocrx_word' id='word_1_777' title='bbox 2911 5497 3084 5552; x_wconf 87' lang='lat' dir='ltr'><strong>altare</strong></span> <span class='ocrx_word' id='word_1_778' title='bbox 3139 5511 3238 5565; x_wconf 92' lang='lat' dir='ltr'><strong>pro</strong></span> <span class='ocrx_word' id='word_1_779' title='bbox 3287 5496 3472 5566; x_wconf 90' lang='lat' dir='ltr'><strong>templi</strong></span> <span class='ocrx_word' id='word_1_780' title='bbox 3529 5495 3720 5550; x_wconf 87' lang='lat' dir='ltr'><strong>limine</strong></span> 
     </span>
    </p>
   </div>
   <div class='ocr_carea' id='block_1_114' title="bbox 2143 5585 3716 5660">
    <p class='ocr_par' dir='ltr' id='par_1_114' title="bbox 2143 5585 3716 5660">
     <span class='ocr_line' id='line_1_114' title="bbox 2143 5585 3716 5660; baseline -0.002 -16"><span class='ocrx_word' id='word_1_781' title='bbox 2143 5590 2300 5660; x_wconf 78' lang='lat' dir='ltr'><strong>juxta</strong></span> <span class='ocrx_word' id='word_1_782' title='bbox 2348 5589 2499 5646; x_wconf 63' lang='lat' dir='ltr'><strong>lsaim</strong></span> <span class='ocrx_word' id='word_1_783' title='bbox 2524 5605 2732 5645; x_wconf 82' lang='lat' dir='ltr'><strong>vocem.</strong></span> <span class='ocrx_word' id='word_1_784' title='bbox 2768 5585 2887 5642; x_wconf 81' lang='lat' dir='ltr'><strong>Jam</strong></span> <span class='ocrx_word' id='word_1_785' title='bbox 2935 5603 3064 5642; x_wconf 80' lang='lat' dir='ltr'><strong>vero</strong></span> <span class='ocrx_word' id='word_1_786' title='bbox 3093 5587 3496 5642; x_wconf 86' lang='lat' dir='ltr'><strong>multitudinem</strong></span> <span class='ocrx_word' id='word_1_787' title='bbox 3529 5595 3716 5641; x_wconf 90' lang='lat' dir='ltr'><strong>toreu-</strong></span> 
     </span>
    </p>
   </div>
   <div class='ocr_carea' id='block_1_115' title="bbox 2151 5679 3722 5752">
    <p class='ocr_par' dir='ltr' id='par_1_115' title="bbox 2151 5679 3722 5752">
     <span class='ocr_line' id='line_1_115' title="bbox 2151 5679 3722 5752; baseline -0.002 -16"><span class='ocrx_word' id='word_1_788' title='bbox 2151 5683 2348 5738; x_wconf 89' lang='lat' dir='ltr'><strong>larium</strong></span> <span class='ocrx_word' id='word_1_789' title='bbox 2379 5683 2548 5738; x_wconf 85' lang='lat' dir='ltr'><strong>multa</strong></span> <span class='ocrx_word' id='word_1_790' title='bbox 2571 5681 2855 5737; x_wconf 87' lang='lat' dir='ltr'><strong>declarant</strong></span> <span class='ocrx_word' id='word_1_791' title='bbox 2889 5679 3084 5735; x_wconf 88' lang='lat' dir='ltr'><strong>altaria</strong></span> <span class='ocrx_word' id='word_1_792' title='bbox 3143 5681 3200 5735; x_wconf 85' lang='lat' dir='ltr'><strong>in</strong></span> <span class='ocrx_word' id='word_1_793' title='bbox 3231 5680 3466 5738; x_wconf 85' lang='lat' dir='ltr'><strong>diversis</strong></span> <span class='ocrx_word' id='word_1_794' title='bbox 3495 5696 3590 5752; x_wconf 86' lang='lat' dir='ltr'><strong>per</strong></span> <span class='ocrx_word' id='word_1_795' title='bbox 3629 5693 3722 5734; x_wconf 56' lang='lat' dir='ltr'><strong>ora</strong></span> 
     </span>
    </p>
   </div>
  </div>
