4020 6372
409 399 514 456 127

1103 395 1375 454 EUSEBII
1410 396 1893 456 CESARIENSIS
1927 398 2077 456 ΟΡΡ.
2117 397 2297 454 PARS
2336 397 2424 453 lll.
2466 428 2533 437 —-
2572 393 2981 451 EXEGETICA.

3557 393 3662 449 128

407 519 529 574 beru
564 516 816 575 ecclesiis
841 516 1059 597 dissita.
1099 516 1280 584 Quare
1307 519 1364 574 in
1396 500 1852 590 psalmo'uxxm
1892 524 1971 592 qui

2087 522 2286 594 τρόπον
2318 519 2488 574 πολλὰ
2517 519 2875 591 θυσιαστήρια
2905 518 3000 571 καὶ
3025 514 3358 589 σκηνώματα
3382 514 3663 581 θεσπίζον-

403 630 591 687 parem
625 628 751 668 cum
779 612 1032 682 praesenti
1064 611 1167 667 fert
1195 614 1634 685 inscriptionem,
1672 616 1843 671 multa
1893 617 1975 670 al-

406 705 564 770 taria,
592 702 964 765 tabernacula,
990 702 1128 756 atria
1153 702 1210 758 in
1238 705 1500 760 vaticinio
1518 704 1794 770 feruntur,
1816 710 1977 776 juxta

403 798 568 853 illud:
608 797 781 864 Quam
802 795 996 849 dilecta
1019 794 1360 850 tabernacula
1392 807 1503 865 tua,
1537 798 1767 854 Domine
1809 801 1978 855 virtu-

404 889 559 943 tum!
590 887 913 956 concupiscit
954 895 1005 941 et
1050 885 1229 956 deficit
1260 888 1441 942 anima
1471 906 1585 943 mea
1615 891 1670 943 in
1702 891 1843 943 atria
1869 890 1982 944 Do—

403 982 535 1037 mini
554 981 635 1047 ⁸⁸;
666 979 864 1037 deinde
893 993 1021 1035 vero
1052 980 1338 1053 Subjungit
1357 1019 1373 1046 ,
1405 980 1620 1036 Altaria
1649 991 1763 1050 tua,
1793 981 1981 1037 Domi-

403 1091 465 1128 ne
490 1074 744 1126 virtutum
761 1071 828 1127 “.
1187 1063 1199 1075 ’
1862 1117 1895 1149 ,

471 1164 636 1223 Vens.
671 1166 726 1229 2,
757 1165 811 1221 5.
844 1163 1067 1225 Domine
1093 1165 1354 1220 Dominus
1386 1174 1583 1230 noster,
1613 1182 1774 1236 quam
1804 1164 1982 1219 admi-

398 1259 566 1313 rabile
598 1269 675 1314 est
706 1275 894 1315 nomen
926 1268 1077 1313 tuum
1110 1261 1166 1315 in
1192 1260 1440 1314 universa
1483 1260 1669 1314 terra!
1711 1259 1979 1327 Quoniam

397 1355 599 1407 elevata
636 1360 717 1407 est
760 1353 1158 1424 magniﬁcentia
1201 1361 1295 1406 tua
1336 1368 1497 1421 super
1534 1352 1711 1406 caelos.
1765 1350 1850 1404 Ea:
1889 1368 1980 1406 ore

396 1443 688 1513 infantium
734 1451 781 1497 et
833 1443 1143 1497 lactentium
1184 1442 1455 1511 perfecisti
1504 1440 1718 1495 laudem
1766 1450 1980 1510 propter

398 1534 636 1588 inimicos
682 1543 822 1597 tuos,
869 1543 928 1588 ut
969 1532 1214 1587 destruas
1261 1532 1540 1586 inimicum
1571 1542 1622 1586 et
1657 1530 1901 1585 ultorem.
1931 1530 1979 1563 ⁸⁸

397 1621 518 1677 Non
549 1622 680 1677 olim
720 1621 1044 1677 admirabile
1092 1621 1192 1677 fuit
1235 1622 1293 1678 in
1340 1623 1599 1677 universa
1651 1629 1837 1688 terra;
1880 1619 1980 1676 sed

397 1719 521 1782 post
575 1710 879 1767 Salvatoris
936 1712 1237 1767 adventum
1299 1712 1552 1767 mirabile
1607 1709 1811 1765 factum
1869 1718 1975 1778 est,

396 1807 616 1879 quando
679 1804 965 1879 Synagoga
1020 1808 1349 1878 p0pulorum
1407 1806 1767 1863 circumdedit
1815 1822 1973 1876 eum;

2086 632 2174 668 ται
2202 616 2292 669 καὶ
2321 614 2503 678 αὐλαὶ,
2530 613 2673 666 κατὰ
2695 612 2776 675 τὸ,
2792 622 2883 677 Ὡς
2905 609 3181 681 ἀγαπητὰ
3208 607 3278 663 τὰ
3302 605 3664 678 σκηνώματά

2085 724 2223 774 σου,
2254 710 2433 777 Κύριε
2464 706 2583 761 τῶν
2621 704 2966 775 δυνάμεων]
2993 701 3264 757 ἐπιποθεῖ
3312 701 3411 755 καὶ
3464 701 3661 762 ἐκλεί-

2083 816 2180 854 πει
2221 802 2260 869 ἠ
2300 798 2468 869 ψυχή
2495 817 2615 869 μου
2642 797 2861 863 εἰςτὰς
2888 795 3080 862 αὐλὰς
3116 793 3224 848 τοῦ
3252 794 3501 863 Κυρίου·
3541 791 3662 864 μεθ’

2084 894 2120 949 ἃ
2149 892 2371 962 ὲπάγεν
2407 891 2482 946 Τὰ
2510 887 2909 958 θυσιαστήριά
2932 904 3069 954 σου,
3100 889 3280 958 Κύριε
3320 886 3441 943 τῶν
3474 887 3660 943 δυνά-

2077 1002 2260 1054 μεων.

2150 1160 2328 1229 Κύριε
2355 1152 2396 1214 ’ό
2417 1160 2633 1229 Κύριος
2667 1157 2858 1228 ἡμῶν,
2884 1159 2965 1226 ὡς
3000 1157 3347 1228 θαυμαστὸν
3374 1158 3441 1213 τὸ
3473 1157 3665 1230 ὄνομά

2080 1268 2197 1307 σου
2227 1254 2297 1306 ἐν
2331 1250 2500 1323 πάσῃ
2530 1250 2605 1322 τῇ
2636 1250 2713 1324 γῇ
2731 1252 2752 1305 !
2786 1252 2905 1306 ’Θτι
2946 1249 3176 1321 ἐπήρθη
3218 1253 3259 1321 ἠ
3291 1254 3663 1323 μεγαλοπρέ-

2081 1344 2217 1399 πειά
2239 1356 2355 1398 σου
2376 1342 2650 1413 ὑπεράνω
2673 1344 2793 1397 τῶν
2813 1341 3104 1412 οὐρανῶν.
3123 1343 3225 1397 Ἐκ
3246 1344 3545 1411 στόματος
3565 1359 3665 1412 νηρ

2080 1438 2234 1491 πίων
2259 1437 2355 1491 καὶ
2389 1434 2766 1505 θηλαζόντων
2787 1435 3124 1505 κατηρτίσω
3152 1429 3325 1488 αἶνον
3344 1432 3522 1488 ἕνεκα
3540 1432 3663 1487 τῶν

2079 1525 2309 1597 ἐχθρῶν
2326 1542 2461 1592 σου,
2472 1526 2580 1581 τοῦ
2595 1526 2931 1582 καταλῦσαι
2944 1525 3162 1596 ἐχθρὸν
3186 1525 3282 1578 καὶ
3304 1524 3515 1591 ἐκδικη
3524 1523 3658 1591 τήν.

2081 1618 2157 1671 Οὐ
2186 1618 2353 1672 πάλαι
2377 1617 2687 1689 Θαυμαστὸν
2712 1619 2769 1673 ὲν
2794 1619 2942 1693 πάσῃ
2967 1622 3033 1690 τῇ
3056 1621 3125 1690 γῇ
3146 1635 3160 1648 °
3199 1616 3336 1691 μετὰ
3365 1618 3421 1671 δὲ
3443 1618 3543 1689 τὴν
3566 1616 3660 1670 τοῦ

2081 1711 2334 1782 Σωτῆρος
2366 1710 2669 1783 παρουσίαν
2698 1711 2933 1778 ἐγένετο,
2961 1711 3049 1764 ὅτε
3081 1710 3175 1763 καλ⁵
3200 1709 3488 1780 συναγωγὴ
3513 1708 3662 1763 λαῶν

2082 1800 2391 1855 ὲκύκλωσεν
2426 1800 2620 1854 αὐτόν·
2655 1799 2958 1871 συμφώνως
3002 1800 3081 1871 τῷ
3122 1799 3217 1853 νῦν
3256 1799 3509 1871 metm.
3556 1799 3659 1854 Ἐκ

395 1900 540 1971 quod
568 1914 701 1955 sane
735 1914 1039 1955 consonum
1076 1901 1203 1954 huic
1251 1898 1452 1971 psalmi
1497 1901 1783 1969 praesentis
1828 1900 1971 1955 dicto

2078 1894 2372 1963 στόματος
2419 1892 2674 1962 νηπίων.
2699 1893 2793 1946 καὶ
2826 1892 2894 1946 τὰ
2928 1891 3073 1964 ἑξῆς.
3107 1891 3218 1963 Τὴν
3261 1890 3371 1963 γὰρ
3397 1890 3525 1945 νέαν
3564 1891 3660 1945 καὶ

393 2005 458 2043 ea:
505 2005 593 2043 ore
643 1987 928 2058 infantium
976 1997 1027 2044 et
1061 1989 1371 2043 iacientium
1422 1988 1690 2059 perfecisti
1738 1989 1970 2057 laudem,

391 2089 445 2136 et
472 2088 688 2136 caetera.
712 2079 920 2134 Novam
949 2082 1095 2135 enim
1122 2095 1455 2151 synagogam
1486 2093 1612 2150 post
1640 2081 1976 2152 assumptio«

392 2186 515 2226 nem
548 2170 667 2240 ejus
702 2170 757 2224 iu
789 2172 959 2224 altum
993 2186 1061 2225 ex
1087 2170 1381 2225 animabus
1416 2170 1471 2224 in
1506 2168 1739 2224 infantia
1772 2170 1975 2242 degen-

360 2308 367 2311 _
392 2262 542 2317 tibus
570 2263 890 2317 constitisse
921 2260 1101 2327 docet,
1131 2272 1354 2332 propter
1385 2263 1864 2332 regenerationem
1917 2263 1973 2318 in

390 2353 615 2411 Christo
643 2364 758 2411 tum
790 2356 1014 2427 ubique,
1049 2362 1174 2426 post
1217 2354 1338 2425 ejus
1387 2356 1600 2410 scilicet
1635 2356 1970 2426 assumptio-

392 2464 539 2513 nem,
585 2465 684 2518 per
734 2449 923 2505 orbem
972 2456 1317 2519 usurpatam.
1365 2447 1734 2515 Quamobrem
1790 2449 1973 2504 accla-

391 2540 670 2597 mantibus
701 2540 803 2611 ipsi
845 2540 1052 2612 pueris,
1088 2538 1347 2595 Hosanna
1381 2541 1434 2593 in
1480 2541 1724 2606 excelsis,
1761 2540 1975 2596 benedz~~

389 2634 506 2680 ctus
539 2628 629 2698 qui
660 2629 798 2681 venit
858 2628 915 2681 in
950 2628 1160 2681 nomine
1193 2626 1431 2693 Domini,
1468 2628 1690 2700 indigne
1737 2629 1971 2686 ferentes

390 2718 604 2787 aliquos
641 2719 722 2773 sic
759 2718 1094 2789 alloquitur:
1141 2716 1434 2789 Nunquam
1483 2718 1705 2790 legistis,
1739 2721 1865 2792 quia
1890 2719 1971 2773 Ea:

389 2825 480 2865 ore
536 2810 828 2879 infantium
876 2817 927 2863 et
977 2807 1287 2862 lactentium
1334 2808 1603 2878 perfecisti
1654 2809 1972 2864 laudem“?

387 2917 743 2973 umquamne
798 2900 974 2957 illud:
1052 2902 1280 2971 Propter
1352 2902 1594 2956 inimicos
1652 2902 1972 2958 tuos?Haac

388 3010 519 3050 vero
568 3002 791 3065 pr0pter
851 2993 1202 3050 sacerdotum
1274 2994 1577 3065 principes.
1635 3003 1689 3051 et
1750 3004 1972 3067 propter

386 3085 694 3142 Pharisaeos
746 3086 953 3158 scripta
990 3094 1161 3141 sunt:
1218 3085 1286 3142 de
1335 3088 1404 3143 iis
1450 3102 1688 3158 namque
1741 3087 1965 3151 dicitur,

388 3177 651 3243 inimicus,
682 3176 845 3241 ultor,
881 3185 935 3232 et
965 3178 1019 3231 in
1046 3179 1372 3247 praecedenti
1408 3180 1641 3248 psalmo,
1680 3179 1779 3233 leo.
1811 3178 1969 3246 Quod

2076 1984 2267 2057 καινὴν
2296 1984 2615 2056 συναγωγὴν
2644 1982 2781 2056 μετὰ
2814 1983 2910 2055 τὴν
2935 1986 3015 2047 είς
3041 1982 3170 2054 ὕψος
3195 1983 3460 2054 ἀνάληψιν
3490 1981 3653 2037 αὑτοῦ

2075 2077 2141 2130 ὲκ
2184 2076 2391 2147 νηπίων
2433 2076 2675 2130 διδάσκει
2715 2077 3036 2129 συνεστάναι
3062 2074 3249 2146 ψυχῶν
3279 2074 3369 2128 διὰ
3399 2075 3498 2147 τὴν
3524 2076 3656 2129 άνα-

2074 2169 2324 2240 γέννησιν
2356 2169 2454 2241 τὴν
2484 2170 2542 2222 ὲν
2584 2167 2662 2239 τῷ
2694 2166 2914 2240 Χριστῷ
2946 2166 3221 2237 πανταχοῦ
3248 2168 3520 2221 συστᾶσαν
3557 2166 3656 2237 τῆς

2073 2261 2398 2332 οἰκουμένης
2454 2260 2594 2331 μετὰ
2637 2260 2736 2331 τὴν
2782 2259 3049 2332 ἀνάληψιν
3099 2259 3198 2331 τὴν
3227 2257 3414 2313 αὐτοῦ.
3446 2257 3536 2311 Διὸ
3561 2256 3656 2312 καὶ

2077 2352 2324 2425 βοώντων
2373 2351 2523 2423 αὐτῷ
2568 2351 2677 2405 τῶν
2719 2352 2947 2419 παίδων,
2962 2350 3221 2404 Ὡσαννὰ
3248 2351 3319 2404 ἐν
3351 2349 3474 2415 τοῖς
3511 2349 3658 2418 ὑψίε

2062 2460 2264 2512 στοις,
2304 2444 2715 2515 εὐλογημένος
2746 2447 2778 2497 ό
2803 2444 3127 2512 ἐρχόμενος
3157 2442 3228 2496 ὲν
3259 2442 3503 2511 ὀνόματι
3534 2443 3655 2494 Κυ-

2064 2536 2225 2604 ρίου,
2256 2534 2624 2603 ἁγανακτοῦσί
2668 2550 2854 2605 φησιν·
2891 2532 3191 2588 Οὐδέποτε
3220 2532 3539 2602 ἀνέγνωτε,
3567 2531 3658 2586 ὅτι

2086 2627 2181 2679 Ἐκ
2209 2628 2510 2696 στόματος
2524 2626 2758 2695 νηπίων
2796 2625 2892 2678 καὶ
2911 2621 3290 2693 θηλαζόντων
3319 2623 3657 2692 κατηρτίσω

2072 2715 2280 2781 uiror;
2311 2718 2406 2771 καὶ
2453 2717 2665 2789 μήποτε
2713 2716 2774 2771 τό
2792 2734 2806 2747 ·
2839 2716 3053 2769 Ἕνεκα
3088 2715 3209 2769 τῶν
3241 2713 3471 2785 ἐχθρῶν
3514 2728 3659 2773 σου.

2072 2813 2184 2865 Καὶ
2234 2809 2324 2865 διὰ
2378 2810 2505 2875 τοὺς
2554 2810 2832 2881 ἀρχιερεῖς
2878 2808 3096 2877 λέγεται
3147 2808 3242 2861 καὶ
3288 2807 3650 2880 Φαρισαίους⁹

2072 2902 2284 2973 ἐχθρὸς
2312 2904 2405 2955 καὶ
2437 2899 2763 2969 ἐκδικητὴς
2795 2902 2823 2954 ὁ
2859 2899 2996 2953 λέων
3025 2900 3316 2972 εἰρημένος
3348 2902 3407 2953 ὲν
3438 2900 3517 2969 τῷ
3548 2897 3653 2971 πρὸ

2071 2992 2259 3047 τούτου
2301 2991 2519 3064 ψαλμῷ.
2556 2992 2629 3044 Τὸ
2655 2987 2748 3044 οὖν
2785 2990 3041 3061 μέγιστον
3072 2990 3275 3062 θαῦμα,
3303 2992 3384 3045 ὅτι
3413 2993 3441 3045 ὁ
3467 2990 3658 3044 τοσοῦ-

2071 3104 2182 3151 τος,
2217 3084 2409 3157 ἐχθρός
2435 3101 2495 3137 τε
2528 3084 2623 3137 καὶ
2656 3082 2817 3147 λέων,
2844 3084 2872 3134 ὁ
2903 3081 3086 3154 ἄρχων
3108 3082 3202 3136 τοῦ
3232 3083 3427 3147 αίῶνος
3439 3082 3652 3148 τούτου,

2071 3175 2161 3230 διὰ
2188 3174 2398 3247 νηπίων
2432 3174 2524 3228 καὶ
2562 3173 2902 3247 θηλαζόντων
2934 3172 3240 3245 καθῄρηται
3262 3192 3276 3205 ·
3310 3174 3428 3245 μεθ’
3460 3174 3490 3227 ὃ
3521 3192 3660 3228 παν-

389 3277 572 3321 autem
613 3268 849 3322 maxime
882 3267 1194 3322 mirandum
1224 3278 1308 3323 est
1354 3269 1519 3323 talem
1568 3269 1853 3323 inimicum
1902 3276 1959 3324 et

2078 3238 2252 3338 ταχοῦ·
2279 3266 2411 3331 Θεὸς
2444 3268 2502 3320 ὲν
2531 3238 2664 3322 πᾶσι
2695 3238 3384 3340 θαυμάζεταιὲ-Εᾷίθρὸςνδὲ
3421 3267 3497 3323 ὢν
3542 3271 3658 3322 ὲνε-

389 3357 620 3423 leonem,
658 3357 957 3427 principem
992 3358 1157 3427 hujus
1204 3359 1415 3422 saeculi,
1475 3374 1574 3430 per
1606 3359 1847 3415 infantes
1880 3366 1964 3413 at-

387 3468 496 3522 que
537 3452 801 3507 lactentes
833 3450 901 3506 de
940 3451 1122 3506 medio
1153 3452 1427 3508 sublatum
1459 3467 1622 3508 esse:
1656 3467 1764 3522 quo
1800 3468 1963 3523 pera-

2068 3359 2251 3431 δρεύει
2293 3359 2431 3431 πρὸς
2464 3359 2738 3432 ἁμαρτίαν
2769 3361 3159 3426 ὑποσκελίζων,
3189 3361 3286 3414 καὶ
3315 3363 3442 3425 τοὺς
3468 3363 3656 3433 ήμαρ·

2070 3452 2308 3524 τηκότας
2342 3452 2479 3523 μετὰ
2508 3451 2682 3506 ταῦτα
2715 3452 2953 3518 κολάζει.

388 3554 479 3599 cto
540 3543 683 3599 Deus
729 3544 933 3615 ubique
979 3552 1251 3600 terrarum
1299 3544 1443 3613 apud
1491 3559 1684 3599 omnes
1741 3543 2009 3599 mirabilis
2047 3542 2403 3614 prazdicatur,
2470 3545 2565 3615 qui
2610 3545 2867 3615 princeps
2908 3546 3076 3613 huius
3134 3545 3349 3608 δαπέδου,
3399 3544 3657 3602 inimicus

388 3652 515 3693 cum
538 3638 630 3701 sit,
649 3636 878 3692 insidias
906 3643 1059 3705 parat
1093 3642 1153 3690 ut
1178 3636 1494 3706 supplantet
1516 3642 1571 3689 et
1600 3635 1654 3688 in
1679 3644 1961 3705 peccatum
2001 3635 2262 3707 dejiciat;
2300 3642 2415 3689 tum
2449 3649 2767 3704 peccatores
2796 3638 3064 3708 supplicio
3099 3638 3280 3692 allirit.

459 3728 579 3797 Qua
608 3732 820 3784 ratione
865 3739 1046 3783 autem
1075 3744 1273 3784 nomen
1308 3728 1546 3793 Domini,
1586 3728 1719 3782 olim
1764 3729 1971 3784 nemini

390 3834 602 3888 notum,
655 3822 975 3879 admirabile
1012 3823 1275 3885 evaserit,
1305 3822 1549 3879 declarat
1592 3823 1649 3879 in
1680 3822 1963 3894 sequenti-

394 3914 496 3970 bus
540 3914 628 3969 his
672 3914 877 3979 verbis,
928 3914 1180 3985 quoniam
1216 3913 1420 3969 elevata
1466 3924 1544 3970 est
1575 3915 1970 3987 magniﬁcentia

395 4018 487 4059 tua
519 4022 671 4075 super
702 4006 889 4061 cazlos:
911 4014 1074 4077 atque
1102 4006 1324 4061 tertium
1360 4007 1496 4064 illud
1523 4007 1964 4079 superadditum,

390 4114 455 4151 ex
487 4114 574 4153 ore
617 4098 903 4167 infantium
949 4106 999 4151 et
1048 4097 1358 4151 lactentium
1401 4099 1671 4169 perfecisti
1718 4097 1967 4165 laudem,

393 4191 636 4260 aliquam
669 4204 800 4244 sane
830 4188 997 4244 habet
1025 4190 1344 4244 afﬁnitatem
1376 4206 1499 4245 cum
1551 4191 1669 4253 illo,
1701 4206 1971 4261 synagoga

390 4281 703 4356 populorum
733 4280 1083 4336 circumdabit
1116 4293 1183 4338 te.
1228 4282 1396 4337 Docet
1450 4282 1595 4337 enim
1641 4297 1839 4336 novam
1878 4298 1969 4352 sy-

393 4390 683 4447 nagogam,
725 4389 845 4444 quae
902 4372 1070 4428 Deum
1121 4373 1499 4428 circumdabat
1573 4381 1698 4443 post
1749 4373 1868 4443 ejus
1910 4374 1968 4428 in

392 4470 563 4524 altum
592 4465 1043 4534 assumptionem,
1080 4479 1146 4518 ex
1176 4463 1503 4528 infantibus,
1545 4464 1729 4519 animo
1758 4465 1967 4519 scilicet

2146 3728 2257 3784 Kal.
2287 3729 2403 3793 πῶς
2430 3730 2488 3782 ὲν
2528 3729 2675 3802 πάσῃ
2704 3733 2770 3803 τῇ
2798 3735 2867 3803 γῇ
2901 3732 2963 3784 τὸ
2992 3732 3157 3785 πάλαι
3181 3731 3368 3803 μηδενὶ
3394 3731 3656 3800 γινωσκό-Δ

2078 3838 2236 3894 μενον
2261 3822 2433 3893 ὄνομα
2454 3822 2548 3875 τοῦ
2571 3824 2777 3896 Κυρίου
2809 3825 2903 3878 καὶ
2930 3824 3236 3896 θαυμαστὸν
3259 3824 3518 3896 κατέστη,
3540 3825 3627 3879 δια

2076 3916 2237 3983 σαφεῖ
2269 3913 2440 3983 λέγων
2482 3914 2642 3984 ὲξῆς·
2678 3916 2799 3969 ’Ότι
2829 3917 3054 3985 ἐπήρθη
3096 3918 3133 3984 ἡ
3170 3906 3657 3987 μεγαλοπρέπειά

2072 4020 2189 4060 σου
2220 4004 2495 4074 ὑπεράνω
2526 4005 2643 4060 τῶν
2670 4007 2975 4076 οὐρανῶνσ
3016 4007 3109 4061 καὶ
3159 4008 3220 4061 τὸ
3268 4009 3654 4080 ἐπιλεγόμενον

2070 4096 2127 4149 δὲ
2157 4096 2337 4169 τρίτον
2368 4099 2426 4151 ὲν
2462 4095 2562 4167 τῷ,
2583 4098 2682 4151 Ἐκ
2710 4099 3007 4167 στόματος
3036 4099 3271 4166 νηπίων
3314 4099 3413 4153 καὶ
3463 4102 3650 4167 θηλα-

2072 4187 2290 4251 ζόντων
2327 4192 2666 4259 κατηρτίσω
2692 4187 2885 4255 αἶνον,
2919 4191 3030 4262 ἔχοι
3066 4191 3131 4245 ἂν
3166 4194 3483 4263 συμφωνίαν
3516 4192 3651 4264 πρὸς

2069 4282 2161 4334 τὸο
2193 4282 2520 4353 Συναγωγὴ
2580 4279 2732 4343 ὶίιῶν
2777 4282 3076 4338 κυκλώσει
3113 4301 3205 4343 σε.
3245 4286 3319 4338 Τὸ
3359 4286 3467 4356 γάρ
3526 4284 3653 4340 νέαν

2068 4375 2162 4427 καὶ
2187 4375 2381 4447 καινὴν
2415 4374 2733 4445 συναγωγὴν
2763 4374 2868 4428 τῶν
2906 4373 3247 4428 κυκλούντων
3272 4375 3366 4428 τὸν
3394 4376 3525 4429 Θεὸν
3555 4392 3652 4447 με·

2068 4463 2135 4517 τὰ
2166 4463 2261 4537 τὴν
2288 4465 2368 4528 εἰς
2396 4463 2531 4536 ὒψος
2550 4465 2816 4536 ἀνάληψιν
2839 4454 3003 4519 αὐτοῦ
3033 4468 3097 4520 ὲκ
3125 4466 3333 4537 νηπίων
3355 4466 3531 4539 ψυχῆς
3554 4468 3651 4521 καὶ

391 4568 447 4617 et
480 4556 831 4619 lactentibus,
863 4555 1183 4609 collectam:
1221 4561 1382 4624 atque
1412 4554 1485 4606 ita
1530 4561 1690 4608 vocat
1731 4554 1967 4624 populos

2078 4556 2412 4628 θηλαζόντων
2460 4559 2779 4613 συνεστάναι
2820 4559 3085 4614 διδάσκει·
3117 4559 3259 4614 οὕτω
3303 4560 3482 4614 καλῶν
3524 4563 3651 4626 τοὺς

391 4652 448 4706 in
504 4648 726 4705 Christo
768 4651 1148 4716 regeneratos.
1185 4642 1321 4697 Nam
1362 4653 1653 4714 postquam
1707 4644 1761 4697 iu
1793 4645 1962 4698 altum

392 4741 660 4804 ascendit,
685 4748 809 4810 post
830 4738 1139 4809 ingressum
1162 4751 1321 4791 suum
1352 4736 1406 4791 in
1425 4736 1647 4803 ctelum,
1674 4735 1961 4803 Dominus,

392 4835 487 4905 qui
519 4849 616 4905 per
640 4831 975 4902 prephetiam
1006 4828 1350 4892 enuntiatur,
1379 4826 1614 4882 adscivit
1653 4828 1755 4881 sibi
1789 4843 1963 4899 popu-

394 4928 569 4982 lorum
599 4937 952 4996 synagogam,
982 4922 1039 4976 in
1070 4927 1214 4976 terra
1248 4936 1315 4976 ex
1346 4919 1654 4976 infantibus
1674 4928 1728 4975 et
1754 4922 1967 4976 lacten-

392 5021 542 5075 tibus
572 5026 817 5089 paratam
834 5064 847 5077 ,

463 5110 629 5167 Vens.
666 5112 721 5176 4,
757 5111 812 5165 5.
845 5109 1111 5176 Quoniam
1136 5107 1317 5162 videbo
1346 5107 1526 5172 cmlos,
1557 5122 1714 5176 opera
1764 5105 1961 5177 digito-

2066 4648 2543 4719 ἀναγεννωμένους
2567 4651 2623 4702 ὲν
2645 4649 2867 4721 Χριστῷ
2893 4650 3074 4715 λαούς.
3091 4652 3187 4716 Εἰς
3217 4649 3349 4722 ὕψος
3375 4651 3485 4723 γάρ
3515 4654 3648 4707 ἁνα-

2067 4739 2169 4803 6ὰς
2204 4739 2341 4811 μετὰ
2369 4740 2468 4812 τὴν
2501 4744 2581 4806 είς
2610 4743 2832 4815 οὐρανὸν
2858 4743 2933 4815 (1)
2961 4742 3208 4807 κάθοδον,
3244 4746 3272 4799 ὁ
3297 4742 3387 4797 διὰ
3409 4743 3508 4814 τῆς
3520 4761 3652 4816 προ-

2069 4832 2293 4902 φητείας
2309 4833 2721 4906 παριστώμενος
2749 4835 2951 4908 Κύριος
2967 4853 3106 4908 κατη
3115 4837 3334 4907 ρτίσατο
3365 4835 3541 4906 ἑαυτῷ
3559 4836 3651 4890 ἐπὶ

2075 4922 2172 4993 τῆς
2191 4925 2293 4994 γῆς
2313 4923 2409 4995 τὴν
2436 4924 2541 4979 τῶν
2570 4924 2715 4980 λαῶν
2740 4926 3078 4999 συναγωγὴν,
3101 4929 3167 4981 ὲκ
3198 4927 3407 4999 νηπίων
3440 4928 3535 4981 καὶ
3562 4926 3651 5000 Θη-

2074 5014 2342 5078 λαζόντων
2371 5017 2539 5089 αὐτὴν
2573 5019 2996 5090 συστησάμενος.

2146 5107 2267 5160 Ὅτι
2296 5107 2515 5179 ὄψομαι
2549 5110 2691 5177 τοὺς
2710 5112 3001 5180 οὐρανοὺς
3028 5112 3172 5183 ἔργα
3190 5112 3313 5167 τῶν
3332 5112 3650 5165 δακτύλων

394 5221 512 5258 rum
547 5213 775 5266 tuorum,
798 5203 980 5257 lunam
1008 5213 1059 5257 et
1086 5201 1272 5256 stellas
1295 5216 1415 5272 qua:
1447 5209 1503 5254 tu
1528 5199 1790 5270 fundasti.
1820 5198 1960 5265 Quid

2078 5213 2208 5264 σου,
2240 5199 2513 5271 σελήνην
2547 5203 2644 5257 καὶ
2677 5204 2935 5272 ἀστέρας
2964 5203 3002 5257 ἂ
3027 5204 3109 5258 σὺ
3137 5203 3556 5273 ἐθεμελίωσας.
3587 5200 3651 5256 ιι

393 5310 469 5354 est
491 5300 644 5354 homo
676 5300 815 5371 quod
867 5315 1067 5354 memor
1116 5314 1170 5353 es
1214 5297 1350 5368 ejus,
1396 5304 1491 5350 aut
1540 5296 1685 5366 ﬁlius
1737 5295 1965 5351 hominis

2078 5293 2239 5347 ἐστιν
2275 5293 2603 5361 ἅνθρωπος,
2627 5294 2717 5348 ὅτι
2736 5296 3047 5366 μιμνήσκῃ
3070 5295 3294 5360 αὑτοῦ;
3326 5294 3363 5364 ἢ
3390 5295 3520 5361 υίὸς
3544 5296 3649 5348 ἀν-

392 5393 643 5464 quoniam
685 5393 872 5446 visitas
914 5394 1071 5448 eum?
1133 5390 1381 5454 Etiamsi,
1431 5389 1632 5459 inquit,
1683 5390 1960 5444 mirabilia

2078 5383 2323 5452 θρώπου,
2348 5384 2437 5438 ὅτι
2475 5384 2809 5455 ἐπισκέπτῃ
2848 5389 3067 5452 αὐτόν;
3113 5388 3178 5441 Εἰ
3222 5387 3315 5441 καὶ
3361 5385 3649 5457 θαυμαστά

395 5490 523 5539 sunt
544 5484 756 5553 Opiﬁcia
784 5493 900 5547 tua,
932 5484 1131 5539 omium
1159 5488 1214 5537 et
1242 5496 1361 5551 qua:
1384 5480 1437 5534 in
1463 5495 1529 5534 eo
1567 5488 1717 5543 sunt,
1748 5494 1869 5549 quae
1897 5487 1959 5533 tu

2078 5493 2182 5541 που,
2219 5477 2371 5549 φησὶ,
2414 5479 2869 5551 δημιουργήματα
2905 5481 3129 5553 οὐρανὸς
3164 5482 3257 5535 καὶ
3286 5480 3359 5535 τὰ
3404 5483 3459 5533 ὲν
3497 5477 3647 5550 αὑτῴ

393 5576 633 5632 fundasti
660 5583 720 5629 ut
748 5592 843 5645 per
877 5591 1040 5631 omne
1084 5575 1347 5632 saxulum
1387 5572 1797 5638 consisterent;
1830 5584 1957 5624 nam

2078 5568 2204 5642 ἱπερ
2235 5571 2479 5643 ἦδρασας
2515 5572 2581 5626 δι’
2612 5572 2734 5626 ὅλου
2762 5571 2857 5625 τοῦ
2887 5571 3085 5637 αἰῶνος
3118 5572 3343 5628 ἑστάναι
3367 5590 3380 5602 ·
3409 5571 3639 5640 ἔστησε

460 5718 506 5752 ⁸³
542 5715 684 5771 Psal.
723 5727 960 5778 Lxxxut,
988 5710 1044 5782 2,
1063 5715 1117 5773 5.
1154 5712 1203 5745 “
1240 5711 1372 5767 ibid.
1406 5710 1469 5771 4.
1538 5710 1585 5742 ⁸⁸
1625 5707 1814 5763 Matth.
1848 5722 1971 5775 XXI,

2149 5709 2196 5741 ιο
2236 5711 2368 5767 ibid.
2408 5712 2492 5768 ιδ.
2556 5784 2561 5791 ν

465 5835 540 5910 (1)
569 5833 732 5889 Forte
758 5830 910 5903 ᾇδην.
