  <div class='ocr_page' id='page_1' title='image "/cluster/home/n/w/nwhite01/storage/ocr_20150623/23/nnc1.0046978313/080.png"; bbox 0 0 4020 6372; ppageno 0'>
   <div class='ocr_carea' id='block_1_1' title="bbox 315 355 411 410">
    <p class='ocr_par' dir='ltr' id='par_1_1' title="bbox 315 355 411 410">
     <span class='ocr_line' id='line_1_1' title="bbox 315 355 411 410; baseline 0 0"><span class='ocrx_word' id='word_1_1' title='bbox 315 355 411 410; x_wconf 69' lang='grc'><strong>129</strong></span> 
     </span>
    </p>
   </div>
   <div class='ocr_carea' id='block_1_2' title="bbox 1443 337 2429 404">
    <p class='ocr_par' dir='ltr' id='par_1_2' title="bbox 1443 337 2429 404">
     <span class='ocr_line' id='line_1_2' title="bbox 1443 337 2429 404; baseline -0.008 -2"><span class='ocrx_word' id='word_1_2' title='bbox 1443 341 1944 404; x_wconf 63' lang='grc' dir='ltr'><strong>ι’ΖΟΜλΞΕΝΤΑΡιΙΑ</strong></span> <span class='ocrx_word' id='word_1_3' title='bbox 1981 340 2047 395; x_wconf 80' lang='grc' dir='ltr'><strong>ΙΝ</strong></span> <span class='ocrx_word' id='word_1_4' title='bbox 2087 337 2429 395; x_wconf 80' lang='lat' dir='ltr'><strong>PSA‘LMOS.</strong></span> 
     </span>
    </p>
   </div>
   <div class='ocr_carea' id='block_1_3' title="bbox 3461 334 3564 388">
    <p class='ocr_par' dir='ltr' id='par_1_3' title="bbox 3461 334 3564 388">
     <span class='ocr_line' id='line_1_3' title="bbox 3461 334 3564 388; baseline -0.029 0"><span class='ocrx_word' id='word_1_5' title='bbox 3461 334 3564 388; x_wconf 74' lang='grc'><strong>150</strong></span> 
     </span>
    </p>
   </div>
   <div class='ocr_carea' id='block_1_4' title="bbox 315 451 1892 540">
    <p class='ocr_par' dir='ltr' id='par_1_4' title="bbox 315 463 1884 540">
     <span class='ocr_line' id='line_1_4' title="bbox 315 463 1884 540; baseline -0.004 -20"><span class='ocrx_word' id='word_1_6' title='bbox 315 467 412 540; x_wconf 73' lang='grc' dir='ltr'><strong>γὰρ</strong></span> <span class='ocrx_word' id='word_1_7' title='bbox 440 465 592 524; x_wconf 68' lang='grc' dir='ltr'><em>αὐτὰ</em></span> <span class='ocrx_word' id='word_1_8' title='bbox 633 467 722 532; x_wconf 80' lang='grc' dir='ltr'><strong>είς</strong></span> <span class='ocrx_word' id='word_1_9' title='bbox 763 466 871 520; x_wconf 78' lang='grc' dir='ltr'><em>τὸν</em></span> <span class='ocrx_word' id='word_1_10' title='bbox 913 465 1118 530; x_wconf 70' lang='grc' dir='ltr'><em>αἰῶνα,</em></span> <span class='ocrx_word' id='word_1_11' title='bbox 1151 465 1295 521; x_wconf 86' lang='grc' dir='ltr'>καθά</span> <span class='ocrx_word' id='word_1_12' title='bbox 1346 483 1512 538; x_wconf 75' lang='grc' dir='ltr'>φησιν</span> <span class='ocrx_word' id='word_1_13' title='bbox 1557 467 1613 517; x_wconf 80' lang='grc' dir='ltr'>ἐν</span> <span class='ocrx_word' id='word_1_14' title='bbox 1660 463 1884 534; x_wconf 77' lang='grc' dir='ltr'>ἑτέροις,</span> 
     </span>
    </p>
   </div>
   <div class='ocr_carea' id='block_1_5' title="bbox 1993 451 3566 540">
    <p class='ocr_par' dir='ltr' id='par_1_5' title="bbox 1993 451 3566 522">
     <span class='ocr_line' id='line_1_5' title="bbox 1993 451 3566 522; baseline -0.003 -12"><span class='ocrx_word' id='word_1_15' title='bbox 1993 457 2182 510; x_wconf 83' lang='lat' dir='ltr'><strong>statuit</strong></span> <span class='ocrx_word' id='word_1_16' title='bbox 2213 473 2273 511; x_wconf 84' lang='lat' dir='ltr'><strong>ea</strong></span> <span class='ocrx_word' id='word_1_17' title='bbox 2319 457 2374 510; x_wconf 73' lang='lat' dir='ltr'><strong>in</strong></span> <span class='ocrx_word' id='word_1_18' title='bbox 2399 463 2675 516; x_wconf 64' lang='lat' dir='ltr'><strong>attentum,</strong></span> <span class='ocrx_word' id='word_1_19' title='bbox 2707 461 2767 506; x_wconf 90' lang='lat' dir='ltr'><strong>ut</strong></span> <span class='ocrx_word' id='word_1_20' title='bbox 2797 453 2903 507; x_wconf 86' lang='lat' dir='ltr'><strong>alio</strong></span> <span class='ocrx_word' id='word_1_21' title='bbox 2945 453 3066 508; x_wconf 91' lang='lat' dir='ltr'><strong>loco</strong></span> <span class='ocrx_word' id='word_1_22' title='bbox 3103 451 3316 516; x_wconf 65' lang='lat' dir='ltr'><strong>dicit“,</strong></span> <span class='ocrx_word' id='word_1_23' title='bbox 3369 469 3566 522; x_wconf 50' lang='lat' dir='ltr'><strong>prame-</strong></span> 
     </span>
    </p>
   </div>
   <div class='ocr_carea' id='block_1_6' title="bbox 316 557 1886 627">
    <p class='ocr_par' dir='ltr' id='par_1_6' title="bbox 316 557 1886 627">
     <span class='ocr_line' id='line_1_6' title="bbox 316 557 1886 627; baseline -0.003 -14"><span class='ocrx_word' id='word_1_24' title='bbox 316 560 408 613; x_wconf 69' lang='grc' dir='ltr'><strong>καὶ</strong></span> <span class='ocrx_word' id='word_1_25' title='bbox 449 559 802 626; x_wconf 71' lang='grc' dir='ltr'><strong>πρόσταγμα</strong></span> <span class='ocrx_word' id='word_1_26' title='bbox 842 559 1032 620; x_wconf 77' lang='grc' dir='ltr'>ἔθετο,</span> <span class='ocrx_word' id='word_1_27' title='bbox 1065 559 1164 612; x_wconf 79' lang='grc' dir='ltr'><strong>καὶ</strong></span> <span class='ocrx_word' id='word_1_28' title='bbox 1209 561 1280 612; x_wconf 85' lang='grc' dir='ltr'>οὐ</span> <span class='ocrx_word' id='word_1_29' title='bbox 1321 559 1756 627; x_wconf 67' lang='grc' dir='ltr'><strong>παρελεύσεται</strong></span> <span class='ocrx_word' id='word_1_30' title='bbox 1779 573 1790 586; x_wconf 85' lang='lat'><strong>&#39;</strong></span> <span class='ocrx_word' id='word_1_31' title='bbox 1824 557 1886 610; x_wconf 76' lang='grc' dir='ltr'><strong>οὐ</strong></span> 
     </span>
    </p>
   </div>
   <div class='ocr_carea' id='block_1_7' title="bbox 318 649 1886 724">
    <p class='ocr_par' dir='ltr' id='par_1_7' title="bbox 318 649 1886 724">
     <span class='ocr_line' id='line_1_7' title="bbox 318 649 1886 724; baseline -0.001 -21"><span class='ocrx_word' id='word_1_32' title='bbox 318 655 418 724; x_wconf 72' lang='grc' dir='ltr'>μήν</span> <span class='ocrx_word' id='word_1_33' title='bbox 446 668 528 703; x_wconf 88' lang='grc' dir='ltr'><strong>σοι</strong></span> <span class='ocrx_word' id='word_1_34' title='bbox 559 650 766 721; x_wconf 79' lang='grc' dir='ltr'>μεγάλα</span> <span class='ocrx_word' id='word_1_35' title='bbox 810 651 946 722; x_wconf 78' lang='grc' dir='ltr'>πρὸς</span> <span class='ocrx_word' id='word_1_36' title='bbox 975 651 1230 722; x_wconf 79' lang='grc' dir='ltr'>ὓπαρξιν,</span> <span class='ocrx_word' id='word_1_37' title='bbox 1257 649 1393 704; x_wconf 78' lang='grc' dir='ltr'>ἀλλὰ</span> <span class='ocrx_word' id='word_1_38' title='bbox 1424 650 1682 723; x_wconf 81' lang='grc' dir='ltr'><strong>βραχείας</strong></span> <span class='ocrx_word' id='word_1_39' title='bbox 1729 649 1886 702; x_wconf 82' lang='grc' dir='ltr'>δυνά-</span> 
     </span>
    </p>
   </div>
   <div class='ocr_carea' id='block_1_8' title="bbox 319 739 1888 816">
    <p class='ocr_par' dir='ltr' id='par_1_8' title="bbox 319 739 1888 816">
     <span class='ocr_line' id='line_1_8' title="bbox 319 739 1888 816; baseline -0.006 -18"><span class='ocrx_word' id='word_1_40' title='bbox 319 761 457 816; x_wconf 82' lang='grc' dir='ltr'>μεως</span> <span class='ocrx_word' id='word_1_41' title='bbox 484 741 766 806; x_wconf 76' lang='grc' dir='ltr'><strong>δακτύλοις</strong></span> <span class='ocrx_word' id='word_1_42' title='bbox 794 741 1186 814; x_wconf 81' lang='grc' dir='ltr'>ἀναλογούσης·</span> <span class='ocrx_word' id='word_1_43' title='bbox 1219 743 1362 796; x_wconf 72' lang='grc' dir='ltr'>οὕτω</span> <span class='ocrx_word' id='word_1_44' title='bbox 1399 743 1508 814; x_wconf 84' lang='grc' dir='ltr'>γὰρ</span> <span class='ocrx_word' id='word_1_45' title='bbox 1545 742 1644 806; x_wconf 80' lang='grc' dir='ltr'><strong>τὰς</strong></span> <span class='ocrx_word' id='word_1_46' title='bbox 1687 739 1888 814; x_wconf 79' lang='grc' dir='ltr'>μικρὰς</span> 
     </span>
    </p>
   </div>
   <div class='ocr_carea' id='block_1_9' title="bbox 315 835 1889 908">
    <p class='ocr_par' dir='ltr' id='par_1_9' title="bbox 315 835 1889 908">
     <span class='ocr_line' id='line_1_9' title="bbox 315 835 1889 908; baseline -0.003 -16"><span class='ocrx_word' id='word_1_47' title='bbox 315 839 566 908; x_wconf 78' lang='grc' dir='ltr'>δυνάμεις</span> <span class='ocrx_word' id='word_1_48' title='bbox 593 837 818 890; x_wconf 73' lang='grc' dir='ltr'>ἐκάλεσε</span> <span class='ocrx_word' id='word_1_49' title='bbox 849 837 944 890; x_wconf 79' lang='grc' dir='ltr'>τοῦ</span> <span class='ocrx_word' id='word_1_50' title='bbox 974 835 1130 892; x_wconf 80' lang='grc' dir='ltr'>Θεοῦ.</span> <span class='ocrx_word' id='word_1_51' title='bbox 1156 838 1267 890; x_wconf 71' lang='grc' dir='ltr'><strong>Καὶ</strong></span> <span class='ocrx_word' id='word_1_52' title='bbox 1294 836 1466 890; x_wconf 81' lang='grc' dir='ltr'>ταῦτα</span> <span class='ocrx_word' id='word_1_53' title='bbox 1490 838 1588 905; x_wconf 82' lang='grc' dir='ltr'><strong>μὲν</strong></span> <span class='ocrx_word' id='word_1_54' title='bbox 1617 837 1889 908; x_wconf 85' lang='grc' dir='ltr'>ἡδρασμέ-</span> 
     </span>
    </p>
   </div>
   <div class='ocr_carea' id='block_1_10' title="bbox 313 927 1887 1001">
    <p class='ocr_par' dir='ltr' id='par_1_10' title="bbox 313 927 1887 1001">
     <span class='ocr_line' id='line_1_10' title="bbox 313 927 1887 1001; baseline 0.001 -20"><span class='ocrx_word' id='word_1_55' title='bbox 313 947 374 982; x_wconf 84' lang='grc' dir='ltr'>να</span> <span class='ocrx_word' id='word_1_56' title='bbox 409 929 561 998; x_wconf 80' lang='grc' dir='ltr'>μένει</span> <span class='ocrx_word' id='word_1_57' title='bbox 587 945 599 955; x_wconf 91' lang='grc'><strong>·</strong></span> <span class='ocrx_word' id='word_1_58' title='bbox 638 927 920 999; x_wconf 76' lang='grc' dir='ltr'>ἄνθρωπον</span> <span class='ocrx_word' id='word_1_59' title='bbox 962 927 1018 981; x_wconf 84' lang='grc' dir='ltr'><strong>δὲ</strong></span> <span class='ocrx_word' id='word_1_60' title='bbox 1061 927 1152 981; x_wconf 77' lang='grc' dir='ltr'><strong>τὸν</strong></span> <span class='ocrx_word' id='word_1_61' title='bbox 1197 929 1320 981; x_wconf 81' lang='grc' dir='ltr'>καθ’</span> <span class='ocrx_word' id='word_1_62' title='bbox 1349 929 1446 982; x_wconf 68' lang='grc' dir='ltr'><strong>ἕνα</strong></span> <span class='ocrx_word' id='word_1_63' title='bbox 1477 929 1887 1001; x_wconf 76' lang='grc' dir='ltr'><strong>παρερχόμενον</strong></span> 
     </span>
    </p>
   </div>
   <div class='ocr_carea' id='block_1_11' title="bbox 313 1015 1884 1090">
    <p class='ocr_par' dir='ltr' id='par_1_11' title="bbox 313 1015 1884 1090">
     <span class='ocr_line' id='line_1_11' title="bbox 313 1015 1884 1090; baseline 0.002 -23"><span class='ocrx_word' id='word_1_64' title='bbox 313 1015 697 1086; x_wconf 75' lang='grc' dir='ltr'><strong>ἐκπέπληγμαι</strong></span> <span class='ocrx_word' id='word_1_65' title='bbox 743 1015 982 1088; x_wconf 84' lang='grc' dir='ltr'>Θεωρῶν,</span> <span class='ocrx_word' id='word_1_66' title='bbox 1021 1017 1168 1080; x_wconf 86' lang='grc' dir='ltr'>ὅπως</span> <span class='ocrx_word' id='word_1_67' title='bbox 1215 1019 1309 1072; x_wconf 75' lang='grc' dir='ltr'>καὶ</span> <span class='ocrx_word' id='word_1_68' title='bbox 1364 1017 1636 1090; x_wconf 80' lang='grc' dir='ltr'><strong>μέμνησαι</strong></span> <span class='ocrx_word' id='word_1_69' title='bbox 1671 1021 1884 1082; x_wconf 78' lang='grc' dir='ltr'>τούτου,</span> 
     </span>
    </p>
   </div>
   <div class='ocr_carea' id='block_1_12' title="bbox 313 1107 1888 1182">
    <p class='ocr_par' dir='ltr' id='par_1_12' title="bbox 313 1107 1888 1182">
     <span class='ocr_line' id='line_1_12' title="bbox 313 1107 1888 1182; baseline 0.004 -24"><span class='ocrx_word' id='word_1_70' title='bbox 313 1107 400 1158; x_wconf 73' lang='grc' dir='ltr'><strong>καὶ</strong></span> <span class='ocrx_word' id='word_1_71' title='bbox 431 1109 631 1177; x_wconf 80' lang='grc' dir='ltr'>προνοῇ</span> <span class='ocrx_word' id='word_1_72' title='bbox 659 1124 672 1137; x_wconf 84' lang='lat'><strong><em>°</em></strong></span> <span class='ocrx_word' id='word_1_73' title='bbox 717 1107 854 1180; x_wconf 79' lang='grc' dir='ltr'>ὅπερ</span> <span class='ocrx_word' id='word_1_74' title='bbox 899 1125 998 1162; x_wconf 90' lang='grc' dir='ltr'><strong>ουκ</strong></span> <span class='ocrx_word' id='word_1_75' title='bbox 1029 1107 1095 1162; x_wconf 81' lang='grc' dir='ltr'><strong>ἂν</strong></span> <span class='ocrx_word' id='word_1_76' title='bbox 1126 1108 1367 1181; x_wconf 81' lang='grc' dir='ltr'><strong>ὑπῆρξεν</strong></span> <span class='ocrx_word' id='word_1_77' title='bbox 1409 1111 1456 1162; x_wconf 81' lang='grc' dir='ltr'><strong>εξ</strong></span> <span class='ocrx_word' id='word_1_78' title='bbox 1489 1109 1682 1182; x_wconf 83' lang='grc' dir='ltr'>μικρόν</span> <span class='ocrx_word' id='word_1_79' title='bbox 1710 1129 1762 1164; x_wconf 89' lang='grc' dir='ltr'><strong>τι</strong></span> <span class='ocrx_word' id='word_1_80' title='bbox 1793 1111 1888 1164; x_wconf 78' lang='grc' dir='ltr'>καὶ</span> 
     </span>
    </p>
   </div>
   <div class='ocr_carea' id='block_1_13' title="bbox 299 1185 1890 1274">
    <p class='ocr_par' dir='ltr' id='par_1_13' title="bbox 313 1199 1890 1274">
     <span class='ocr_line' id='line_1_13' title="bbox 313 1199 1890 1274; baseline 0.002 -20"><span class='ocrx_word' id='word_1_81' title='bbox 313 1200 542 1271; x_wconf 68' lang='grc' dir='ltr'>φθαρτὸν</span> <span class='ocrx_word' id='word_1_82' title='bbox 571 1199 830 1270; x_wconf 74' lang='grc' dir='ltr'>ἐτύγχανε</span> <span class='ocrx_word' id='word_1_83' title='bbox 863 1201 998 1264; x_wconf 79' lang='grc' dir='ltr'>ζῶον</span> <span class='ocrx_word' id='word_1_84' title='bbox 1015 1219 1029 1232; x_wconf 89' lang='grc'><strong>·</strong></span> <span class='ocrx_word' id='word_1_85' title='bbox 1051 1201 1194 1256; x_wconf 75' lang='grc' dir='ltr'>οὕτω</span> <span class='ocrx_word' id='word_1_86' title='bbox 1221 1202 1276 1256; x_wconf 83' lang='grc' dir='ltr'>δὲ</span> <span class='ocrx_word' id='word_1_87' title='bbox 1295 1203 1473 1274; x_wconf 84' lang='grc' dir='ltr'>τίμιον</span> <span class='ocrx_word' id='word_1_88' title='bbox 1503 1204 1577 1267; x_wconf 83' lang='grc' dir='ltr'>ὡς</span> <span class='ocrx_word' id='word_1_89' title='bbox 1598 1205 1663 1256; x_wconf 86' lang='grc' dir='ltr'><strong>ἐκ</strong></span> <span class='ocrx_word' id='word_1_90' title='bbox 1689 1203 1890 1274; x_wconf 85' lang='grc' dir='ltr'>στόμα-</span> 
     </span>
    </p>
   </div>
   <div class='ocr_carea' id='block_1_14' title="bbox 311 1293 1884 1368">
    <p class='ocr_par' dir='ltr' id='par_1_14' title="bbox 311 1293 1884 1368">
     <span class='ocr_line' id='line_1_14' title="bbox 311 1293 1884 1368; baseline 0.004 -24"><span class='ocrx_word' id='word_1_91' title='bbox 311 1311 394 1356; x_wconf 84' lang='grc' dir='ltr'><strong>τος</strong></span> <span class='ocrx_word' id='word_1_92' title='bbox 417 1293 627 1362; x_wconf 82' lang='grc' dir='ltr'>νηπίων</span> <span class='ocrx_word' id='word_1_93' title='bbox 661 1295 753 1347; x_wconf 77' lang='grc' dir='ltr'><strong>καὶ</strong></span> <span class='ocrx_word' id='word_1_94' title='bbox 779 1294 1119 1365; x_wconf 76' lang='grc' dir='ltr'><strong>θηλαζόντων</strong></span> <span class='ocrx_word' id='word_1_95' title='bbox 1150 1297 1316 1368; x_wconf 76' lang='grc' dir='ltr'>ὕμνον</span> <span class='ocrx_word' id='word_1_96' title='bbox 1335 1297 1484 1368; x_wconf 83' lang='grc' dir='ltr'><strong>αὐτῷ</strong></span> <span class='ocrx_word' id='word_1_97' title='bbox 1505 1297 1884 1368; x_wconf 77' lang='grc' dir='ltr'><strong>κατηρτίσθαι.</strong></span> 
     </span>
    </p>
   </div>
   <div class='ocr_carea' id='block_1_15' title="bbox 309 1383 1889 1460">
    <p class='ocr_par' dir='ltr' id='par_1_15' title="bbox 309 1383 1889 1460">
     <span class='ocr_line' id='line_1_15' title="bbox 309 1383 1889 1460; baseline 0.004 -24"><span class='ocrx_word' id='word_1_98' title='bbox 309 1383 368 1436; x_wconf 81' lang='grc' dir='ltr'><strong>Εἰ</strong></span> <span class='ocrx_word' id='word_1_99' title='bbox 397 1385 492 1436; x_wconf 64' lang='grc' dir='ltr'><strong>καὶ</strong></span> <span class='ocrx_word' id='word_1_100' title='bbox 521 1385 752 1457; x_wconf 74' lang='grc' dir='ltr'>σμικρὸς</span> <span class='ocrx_word' id='word_1_101' title='bbox 779 1387 960 1440; x_wconf 78' lang='grc' dir='ltr'>τοίνυν</span> <span class='ocrx_word' id='word_1_102' title='bbox 983 1387 1126 1442; x_wconf 79' lang='grc' dir='ltr'>κατὰ</span> <span class='ocrx_word' id='word_1_103' title='bbox 1151 1389 1212 1442; x_wconf 81' lang='grc' dir='ltr'><strong>τὸ</strong></span> <span class='ocrx_word' id='word_1_104' title='bbox 1248 1389 1405 1460; x_wconf 79' lang='grc' dir='ltr'>σῶμα</span> <span class='ocrx_word' id='word_1_105' title='bbox 1422 1406 1433 1418; x_wconf 94' lang='grc'>·</span> <span class='ocrx_word' id='word_1_106' title='bbox 1462 1387 1598 1442; x_wconf 78' lang='grc' dir='ltr'>ἀλλὰ</span> <span class='ocrx_word' id='word_1_107' title='bbox 1623 1388 1762 1442; x_wconf 76' lang='grc' dir='ltr'>κατὰ</span> <span class='ocrx_word' id='word_1_108' title='bbox 1788 1389 1889 1458; x_wconf 64' lang='grc' dir='ltr'><strong>ψυ-</strong></span> 
     </span>
    </p>
   </div>
   <div class='ocr_carea' id='block_1_16' title="bbox 310 1473 1886 1550">
    <p class='ocr_par' dir='ltr' id='par_1_16' title="bbox 310 1473 1886 1550">
     <span class='ocr_line' id='line_1_16' title="bbox 310 1473 1886 1550; baseline 0.006 -26"><span class='ocrx_word' id='word_1_109' title='bbox 310 1475 404 1544; x_wconf 72' lang='grc' dir='ltr'><strong>χὴν</strong></span> <span class='ocrx_word' id='word_1_110' title='bbox 425 1473 522 1544; x_wconf 73' lang='grc' dir='ltr'>τὴν</span> <span class='ocrx_word' id='word_1_111' title='bbox 545 1477 665 1528; x_wconf 84' lang='grc' dir='ltr'>κατ’</span> <span class='ocrx_word' id='word_1_112' title='bbox 695 1477 879 1530; x_wconf 77' lang='grc' dir='ltr'>εἰκόνα</span> <span class='ocrx_word' id='word_1_113' title='bbox 901 1478 1188 1550; x_wconf 84' lang='grc' dir='ltr'>τετίμηται</span> <span class='ocrx_word' id='word_1_114' title='bbox 1209 1496 1223 1509; x_wconf 91' lang='grc'><strong>·</strong></span> <span class='ocrx_word' id='word_1_115' title='bbox 1264 1479 1405 1532; x_wconf 82' lang='grc' dir='ltr'>ὥστε</span> <span class='ocrx_word' id='word_1_116' title='bbox 1435 1479 1524 1532; x_wconf 78' lang='grc' dir='ltr'>διὰ</span> <span class='ocrx_word' id='word_1_117' title='bbox 1543 1479 1731 1532; x_wconf 77' lang='grc' dir='ltr'>τούτου</span> <span class='ocrx_word' id='word_1_118' title='bbox 1755 1479 1886 1534; x_wconf 84' lang='grc' dir='ltr'>θαυ-</span> 
     </span>
    </p>
   </div>
   <div class='ocr_carea' id='block_1_17' title="bbox 313 1555 1786 1643">
    <p class='ocr_par' dir='ltr' id='par_1_17' title="bbox 313 1555 1786 1643">
     <span class='ocr_line' id='line_1_17' title="bbox 313 1555 1786 1643; baseline 0.005 -27"><span class='ocrx_word' id='word_1_119' title='bbox 313 1565 512 1633; x_wconf 77' lang='grc' dir='ltr'>μαστόν</span> <span class='ocrx_word' id='word_1_120' title='bbox 545 1582 640 1618; x_wconf 89' lang='grc' dir='ltr'><strong>σου</strong></span> <span class='ocrx_word' id='word_1_121' title='bbox 676 1555 1013 1638; x_wconf 78' lang='grc' dir='ltr'>καταστῆναι</span> <span class='ocrx_word' id='word_1_122' title='bbox 1043 1569 1102 1622; x_wconf 83' lang='grc' dir='ltr'><strong>τὸ</strong></span> <span class='ocrx_word' id='word_1_123' title='bbox 1131 1569 1300 1642; x_wconf 78' lang='grc' dir='ltr'>ὄνομα</span> <span class='ocrx_word' id='word_1_124' title='bbox 1326 1572 1384 1624; x_wconf 85' lang='grc' dir='ltr'><strong>ὲν</strong></span> <span class='ocrx_word' id='word_1_125' title='bbox 1416 1569 1564 1642; x_wconf 83' lang='grc' dir='ltr'>πάσῃ</span> <span class='ocrx_word' id='word_1_126' title='bbox 1596 1573 1662 1641; x_wconf 84' lang='grc' dir='ltr'>τῇ</span> <span class='ocrx_word' id='word_1_127' title='bbox 1697 1574 1786 1643; x_wconf 85' lang='grc' dir='ltr'>γῇ.</span> 
     </span>
    </p>
   </div>
   <div class='ocr_carea' id='block_1_18' title="bbox 385 1739 1886 1814">
    <p class='ocr_par' dir='ltr' id='par_1_18' title="bbox 385 1739 1886 1814">
     <span class='ocr_line' id='line_1_18' title="bbox 385 1739 1886 1814; baseline 0.004 -23"><span class='ocrx_word' id='word_1_128' title='bbox 385 1740 790 1812; x_wconf 76' lang='grc' dir='ltr'>’Δποθαυμάζει</span> <span class='ocrx_word' id='word_1_129' title='bbox 845 1741 904 1795; x_wconf 76' lang='grc' dir='ltr'><strong>τὸ</strong></span> <span class='ocrx_word' id='word_1_130' title='bbox 949 1739 1090 1795; x_wconf 83' lang='grc' dir='ltr'>θεῖον</span> <span class='ocrx_word' id='word_1_131' title='bbox 1135 1741 1360 1814; x_wconf 76' lang='grc' dir='ltr'>Πνεῦμα</span> <span class='ocrx_word' id='word_1_132' title='bbox 1397 1743 1490 1796; x_wconf 78' lang='grc' dir='ltr'><strong>καὶ</strong></span> <span class='ocrx_word' id='word_1_133' title='bbox 1531 1741 1747 1814; x_wconf 74' lang='grc' dir='ltr'>εὔχεται</span> <span class='ocrx_word' id='word_1_134' title='bbox 1793 1743 1886 1797; x_wconf 82' lang='grc' dir='ltr'>τοῦ</span> 
     </span>
    </p>
   </div>
   <div class='ocr_carea' id='block_1_19' title="bbox 1991 545 3564 619">
    <p class='ocr_par' dir='ltr' id='par_1_19' title="bbox 1991 545 3564 619">
     <span class='ocr_line' id='line_1_19' title="bbox 1991 545 3564 619; baseline -0.002 -19"><span class='ocrx_word' id='word_1_135' title='bbox 1991 559 2136 619; x_wconf 85' lang='lat' dir='ltr'><strong>ptum</strong></span> <span class='ocrx_word' id='word_1_136' title='bbox 2172 549 2346 617; x_wconf 80' lang='lat' dir='ltr'><strong>posuit</strong></span> <span class='ocrx_word' id='word_1_137' title='bbox 2381 555 2430 600; x_wconf 87' lang='lat' dir='ltr'><strong>et</strong></span> <span class='ocrx_word' id='word_1_138' title='bbox 2487 562 2586 599; x_wconf 84' lang='lat' dir='ltr'><strong>non</strong></span> <span class='ocrx_word' id='word_1_139' title='bbox 2629 545 2960 611; x_wconf 63' lang='lat' dir='ltr'><strong>praeteribit:</strong></span> <span class='ocrx_word' id='word_1_140' title='bbox 3005 561 3118 598; x_wconf 83' lang='lat' dir='ltr'><strong>non</strong></span> <span class='ocrx_word' id='word_1_141' title='bbox 3155 553 3340 599; x_wconf 85' lang='lat' dir='ltr'><strong>tamen</strong></span> <span class='ocrx_word' id='word_1_142' title='bbox 3373 561 3564 616; x_wconf 84' lang='lat' dir='ltr'><strong>magna</strong></span> 
     </span>
    </p>
   </div>
   <div class='ocr_carea' id='block_1_20' title="bbox 1989 635 3566 708">
    <p class='ocr_par' dir='ltr' id='par_1_20' title="bbox 1989 635 3566 708">
     <span class='ocr_line' id='line_1_20' title="bbox 1989 635 3566 708; baseline -0.003 -16"><span class='ocrx_word' id='word_1_143' title='bbox 1989 639 2088 692; x_wconf 87' lang='lat' dir='ltr'><strong>tibi</strong></span> <span class='ocrx_word' id='word_1_144' title='bbox 2125 645 2473 708; x_wconf 81' lang='lat' dir='ltr'><strong>rcputantur,</strong></span> <span class='ocrx_word' id='word_1_145' title='bbox 2508 636 2602 692; x_wconf 90' lang='lat' dir='ltr'><strong>sed</strong></span> <span class='ocrx_word' id='word_1_146' title='bbox 2633 651 2733 690; x_wconf 86' lang='lat' dir='ltr'><strong>ceu</strong></span> <span class='ocrx_word' id='word_1_147' title='bbox 2765 637 2955 704; x_wconf 76' lang='lat' dir='ltr'><strong>exigua</strong></span> <span class='ocrx_word' id='word_1_148' title='bbox 2993 636 3194 690; x_wconf 84' lang='lat' dir='ltr'><strong>virtute</strong></span> <span class='ocrx_word' id='word_1_149' title='bbox 3218 635 3402 706; x_wconf 76' lang='lat' dir='ltr'><strong>digitis</strong></span> <span class='ocrx_word' id='word_1_150' title='bbox 3434 651 3566 690; x_wconf 80' lang='grc' dir='ltr'>ροη-</span> 
     </span>
    </p>
   </div>
   <div class='ocr_carea' id='block_1_21' title="bbox 1990 726 3562 796">
    <p class='ocr_par' dir='ltr' id='par_1_21' title="bbox 1990 726 3562 796">
     <span class='ocr_line' id='line_1_21' title="bbox 1990 726 3562 796; baseline -0.001 -12"><span class='ocrx_word' id='word_1_151' title='bbox 1990 731 2231 788; x_wconf 84' lang='lat' dir='ltr'><strong>cinnata.</strong></span> <span class='ocrx_word' id='word_1_152' title='bbox 2270 733 2356 783; x_wconf 80' lang='lat' dir='ltr'><strong>sic</strong></span> <span class='ocrx_word' id='word_1_153' title='bbox 2395 729 2538 781; x_wconf 90' lang='lat' dir='ltr'><strong>enim</strong></span> <span class='ocrx_word' id='word_1_154' title='bbox 2575 727 2815 780; x_wconf 85' lang='lat' dir='ltr'><strong>minores</strong></span> <span class='ocrx_word' id='word_1_155' title='bbox 2845 726 2940 782; x_wconf 90' lang='lat' dir='ltr'><strong>Dei</strong></span> <span class='ocrx_word' id='word_1_156' title='bbox 2982 727 3213 782; x_wconf 85' lang='lat' dir='ltr'><strong>virtutes</strong></span> <span class='ocrx_word' id='word_1_157' title='bbox 3264 737 3562 796; x_wconf 88' lang='lat' dir='ltr'><strong>nuncupat.</strong></span> 
     </span>
    </p>
   </div>
   <div class='ocr_carea' id='block_1_22' title="bbox 1993 821 3566 896">
    <p class='ocr_par' dir='ltr' id='par_1_22' title="bbox 1993 821 3566 896">
     <span class='ocr_line' id='line_1_22' title="bbox 1993 821 3566 896; baseline -0.002 -17"><span class='ocrx_word' id='word_1_158' title='bbox 1993 825 2056 882; x_wconf 86' lang='lat' dir='ltr'><strong>Et</strong></span> <span class='ocrx_word' id='word_1_159' title='bbox 2088 827 2204 880; x_wconf 76' lang='lat' dir='ltr'><strong>haec</strong></span> <span class='ocrx_word' id='word_1_160' title='bbox 2253 825 2474 896; x_wconf 85' lang='lat' dir='ltr'><strong>quidem</strong></span> <span class='ocrx_word' id='word_1_161' title='bbox 2527 822 2755 878; x_wconf 79' lang='lat' dir='ltr'><strong>fundata</strong></span> <span class='ocrx_word' id='word_1_162' title='bbox 2803 837 2867 878; x_wconf 89' lang='lat' dir='ltr'><strong>ac</strong></span> <span class='ocrx_word' id='word_1_163' title='bbox 2908 821 3064 876; x_wconf 79' lang='lat' dir='ltr'><strong>ﬁrma</strong></span> <span class='ocrx_word' id='word_1_164' title='bbox 3105 833 3460 892; x_wconf 87' lang='lat' dir='ltr'><strong>permanent;</strong></span> <span class='ocrx_word' id='word_1_165' title='bbox 3510 831 3566 876; x_wconf 88' lang='lat' dir='ltr'><strong>at</strong></span> 
     </span>
    </p>
   </div>
   <div class='ocr_carea' id='block_1_23' title="bbox 1991 915 3566 987">
    <p class='ocr_par' dir='ltr' id='par_1_23' title="bbox 1991 915 3566 987">
     <span class='ocr_line' id='line_1_23' title="bbox 1991 915 3566 987; baseline -0.003 -15"><span class='ocrx_word' id='word_1_166' title='bbox 1991 917 2294 977; x_wconf 89' lang='lat' dir='ltr'><strong>hominem.</strong></span> <span class='ocrx_word' id='word_1_167' title='bbox 2325 915 2646 987; x_wconf 75' lang='lat' dir='ltr'><strong>singulatim</strong></span> <span class='ocrx_word' id='word_1_168' title='bbox 2682 915 2864 969; x_wconf 82' lang='lat' dir='ltr'><strong>omnia</strong></span> <span class='ocrx_word' id='word_1_169' title='bbox 2911 929 3262 986; x_wconf 80' lang='lat' dir='ltr'><strong>percurrens,</strong></span> <span class='ocrx_word' id='word_1_170' title='bbox 3306 930 3415 968; x_wconf 91' lang='lat' dir='ltr'><strong>non</strong></span> <span class='ocrx_word' id='word_1_171' title='bbox 3448 915 3566 969; x_wconf 82' lang='lat' dir='ltr'><strong>sine</strong></span> 
     </span>
    </p>
   </div>
   <div class='ocr_carea' id='block_1_24' title="bbox 1992 1007 3566 1080">
    <p class='ocr_par' dir='ltr' id='par_1_24' title="bbox 1992 1007 3566 1080">
     <span class='ocr_line' id='line_1_24' title="bbox 1992 1007 3566 1080; baseline -0.003 -15"><span class='ocrx_word' id='word_1_172' title='bbox 1992 1021 2218 1080; x_wconf 90' lang='lat' dir='ltr'><strong>stupore</strong></span> <span class='ocrx_word' id='word_1_173' title='bbox 2262 1009 2606 1079; x_wconf 87' lang='lat' dir='ltr'><strong>contemplor</strong></span> <span class='ocrx_word' id='word_1_174' title='bbox 2634 1046 2648 1072; x_wconf 92' lang='lat'><strong>,</strong></span> <span class='ocrx_word' id='word_1_175' title='bbox 2680 1023 2790 1078; x_wconf 89' lang='lat' dir='ltr'><strong>quo</strong></span> <span class='ocrx_word' id='word_1_176' title='bbox 2839 1015 3000 1078; x_wconf 90' lang='lat' dir='ltr'><strong>pacto</strong></span> <span class='ocrx_word' id='word_1_177' title='bbox 3038 1007 3247 1061; x_wconf 74' lang='lat' dir='ltr'><strong>scilicet</strong></span> <span class='ocrx_word' id='word_1_178' title='bbox 3273 1007 3420 1064; x_wconf 91' lang='lat' dir='ltr'><strong>illius</strong></span> <span class='ocrx_word' id='word_1_179' title='bbox 3451 1023 3566 1061; x_wconf 84' lang='lat' dir='ltr'><strong>me-</strong></span> 
     </span>
    </p>
   </div>
   <div class='ocr_carea' id='block_1_25' title="bbox 1989 1097 3567 1172">
    <p class='ocr_par' dir='ltr' id='par_1_25' title="bbox 1989 1097 3567 1172">
     <span class='ocr_line' id='line_1_25' title="bbox 1989 1097 3567 1172; baseline -0.001 -18"><span class='ocrx_word' id='word_1_180' title='bbox 1989 1102 2238 1166; x_wconf 90' lang='lat' dir='ltr'><strong>mineris,</strong></span> <span class='ocrx_word' id='word_1_181' title='bbox 2295 1109 2456 1172; x_wconf 85' lang='lat' dir='ltr'><strong>atque</strong></span> <span class='ocrx_word' id='word_1_182' title='bbox 2503 1101 2677 1170; x_wconf 88' lang='lat' dir='ltr'><strong>ipsius</strong></span> <span class='ocrx_word' id='word_1_183' title='bbox 2724 1113 2910 1153; x_wconf 88' lang='lat' dir='ltr'><strong>curam</strong></span> <span class='ocrx_word' id='word_1_184' title='bbox 2937 1099 3163 1165; x_wconf 87' lang='lat' dir='ltr'><strong>habeas,</strong></span> <span class='ocrx_word' id='word_1_185' title='bbox 3189 1099 3332 1168; x_wconf 89' lang='lat' dir='ltr'><strong>quod</strong></span> <span class='ocrx_word' id='word_1_186' title='bbox 3377 1097 3567 1167; x_wconf 89' lang='lat' dir='ltr'><strong>utique</strong></span> 
     </span>
    </p>
   </div>
   <div class='ocr_carea' id='block_1_26' title="bbox 1989 1189 3565 1260">
    <p class='ocr_par' dir='ltr' id='par_1_26' title="bbox 1989 1189 3565 1260">
     <span class='ocr_line' id='line_1_26' title="bbox 1989 1189 3565 1260; baseline -0.001 -15"><span class='ocrx_word' id='word_1_187' title='bbox 1989 1207 2099 1245; x_wconf 90' lang='lat' dir='ltr'><strong>non</strong></span> <span class='ocrx_word' id='word_1_188' title='bbox 2135 1191 2368 1255; x_wconf 84' lang='lat' dir='ltr'><strong>faceres,</strong></span> <span class='ocrx_word' id='word_1_189' title='bbox 2410 1193 2454 1246; x_wconf 91' lang='lat' dir='ltr'><strong>si</strong></span> <span class='ocrx_word' id='word_1_190' title='bbox 2488 1205 2714 1260; x_wconf 87' lang='lat' dir='ltr'><strong>parvum</strong></span> <span class='ocrx_word' id='word_1_191' title='bbox 2764 1197 2818 1244; x_wconf 91' lang='lat' dir='ltr'><strong>et</strong></span> <span class='ocrx_word' id='word_1_192' title='bbox 2844 1189 3203 1260; x_wconf 86' lang='lat' dir='ltr'><strong>corruptibile</strong></span> <span class='ocrx_word' id='word_1_193' title='bbox 3245 1189 3444 1242; x_wconf 86' lang='lat' dir='ltr'><strong>animal</strong></span> <span class='ocrx_word' id='word_1_194' title='bbox 3476 1203 3565 1243; x_wconf 74' lang='grc' dir='ltr'><strong>εει-</strong></span> 
     </span>
    </p>
   </div>
   <div class='ocr_carea' id='block_1_27' title="bbox 1991 1279 3568 1352">
    <p class='ocr_par' dir='ltr' id='par_1_27' title="bbox 1991 1279 3568 1352">
     <span class='ocr_line' id='line_1_27' title="bbox 1991 1279 3568 1352; baseline -0.004 -14"><span class='ocrx_word' id='word_1_195' title='bbox 1991 1291 2111 1350; x_wconf 88' lang='lat' dir='ltr'><strong>set;</strong></span> <span class='ocrx_word' id='word_1_196' title='bbox 2153 1283 2248 1339; x_wconf 89' lang='lat' dir='ltr'><strong>sed</strong></span> <span class='ocrx_word' id='word_1_197' title='bbox 2283 1292 2435 1337; x_wconf 88' lang='lat' dir='ltr'><strong>tanto</strong></span> <span class='ocrx_word' id='word_1_198' title='bbox 2466 1283 2675 1338; x_wconf 87' lang='lat' dir='ltr'><strong>honore</strong></span> <span class='ocrx_word' id='word_1_199' title='bbox 2702 1281 2903 1352; x_wconf 82' lang='lat' dir='ltr'><strong>dignus</strong></span> <span class='ocrx_word' id='word_1_200' title='bbox 2933 1293 3036 1345; x_wconf 83' lang='lat' dir='ltr'><strong>est,</strong></span> <span class='ocrx_word' id='word_1_201' title='bbox 3070 1287 3131 1334; x_wconf 89' lang='lat' dir='ltr'><strong>ut</strong></span> <span class='ocrx_word' id='word_1_202' title='bbox 3157 1297 3219 1335; x_wconf 78' lang='lat' dir='ltr'><strong>ex</strong></span> <span class='ocrx_word' id='word_1_203' title='bbox 3251 1295 3346 1335; x_wconf 87' lang='lat' dir='ltr'><strong>ore</strong></span> <span class='ocrx_word' id='word_1_204' title='bbox 3385 1279 3568 1334; x_wconf 80' lang='lat' dir='ltr'><strong>infan—</strong></span> 
     </span>
    </p>
   </div>
   <div class='ocr_carea' id='block_1_28' title="bbox 1991 1373 3568 1446">
    <p class='ocr_par' dir='ltr' id='par_1_28' title="bbox 1991 1373 3568 1446">
     <span class='ocr_line' id='line_1_28' title="bbox 1991 1373 3568 1446; baseline -0.003 -17"><span class='ocrx_word' id='word_1_205' title='bbox 1991 1377 2128 1430; x_wconf 90' lang='lat' dir='ltr'><strong>tium</strong></span> <span class='ocrx_word' id='word_1_206' title='bbox 2161 1383 2214 1430; x_wconf 90' lang='lat' dir='ltr'><strong>et</strong></span> <span class='ocrx_word' id='word_1_207' title='bbox 2246 1375 2566 1431; x_wconf 87' lang='lat' dir='ltr'><strong>lactentium</strong></span> <span class='ocrx_word' id='word_1_208' title='bbox 2595 1375 2813 1446; x_wconf 83' lang='lat' dir='ltr'><strong>hymnis</strong></span> <span class='ocrx_word' id='word_1_209' title='bbox 2843 1374 3164 1429; x_wconf 76' lang='lat' dir='ltr'><strong>celebretur.</strong></span> <span class='ocrx_word' id='word_1_210' title='bbox 3211 1373 3438 1429; x_wconf 86' lang='lat' dir='ltr'><strong>Etiamsi</strong></span> <span class='ocrx_word' id='word_1_211' title='bbox 3467 1373 3568 1444; x_wconf 83' lang='lat' dir='ltr'><strong>igi-</strong></span> 
     </span>
    </p>
   </div>
   <div class='ocr_carea' id='block_1_29' title="bbox 1989 1463 3567 1538">
    <p class='ocr_par' dir='ltr' id='par_1_29' title="bbox 1989 1463 3567 1538">
     <span class='ocr_line' id='line_1_29' title="bbox 1989 1463 3567 1538; baseline -0.002 -18"><span class='ocrx_word' id='word_1_212' title='bbox 1989 1475 2083 1521; x_wconf 89' lang='lat' dir='ltr'><strong>tur</strong></span> <span class='ocrx_word' id='word_1_213' title='bbox 2115 1483 2348 1537; x_wconf 89' lang='lat' dir='ltr'><strong>corpore</strong></span> <span class='ocrx_word' id='word_1_214' title='bbox 2381 1481 2587 1538; x_wconf 88' lang='lat' dir='ltr'><strong>parvus</strong></span> <span class='ocrx_word' id='word_1_215' title='bbox 2630 1467 2723 1530; x_wconf 90' lang='lat' dir='ltr'><strong>sit,</strong></span> <span class='ocrx_word' id='word_1_216' title='bbox 2772 1465 3077 1520; x_wconf 90' lang='lat' dir='ltr'><strong>secundum</strong></span> <span class='ocrx_word' id='word_1_217' title='bbox 3109 1464 3346 1518; x_wconf 88' lang='lat' dir='ltr'><strong>animam</strong></span> <span class='ocrx_word' id='word_1_218' title='bbox 3385 1463 3452 1517; x_wconf 92' lang='lat' dir='ltr'><strong>ad</strong></span> <span class='ocrx_word' id='word_1_219' title='bbox 3489 1463 3567 1518; x_wconf 90' lang='lat' dir='ltr'><strong>si-</strong></span> 
     </span>
    </p>
   </div>
   <div class='ocr_carea' id='block_1_30' title="bbox 1989 1555 3566 1626">
    <p class='ocr_par' dir='ltr' id='par_1_30' title="bbox 1989 1555 3566 1626">
     <span class='ocr_line' id='line_1_30' title="bbox 1989 1555 3566 1626; baseline -0.003 -14"><span class='ocrx_word' id='word_1_220' title='bbox 1989 1557 2354 1613; x_wconf 89' lang='lat' dir='ltr'><strong>militudinem</strong></span> <span class='ocrx_word' id='word_1_221' title='bbox 2381 1558 2472 1613; x_wconf 88' lang='lat' dir='ltr'><strong>Dei</strong></span> <span class='ocrx_word' id='word_1_222' title='bbox 2498 1557 2699 1612; x_wconf 80' lang='lat' dir='ltr'><strong>factata</strong></span> <span class='ocrx_word' id='word_1_223' title='bbox 2731 1557 3052 1622; x_wconf 84' lang='lat' dir='ltr'><strong>honoratur,</strong></span> <span class='ocrx_word' id='word_1_224' title='bbox 3077 1556 3152 1609; x_wconf 89' lang='lat' dir='ltr'><strong>ita</strong></span> <span class='ocrx_word' id='word_1_225' title='bbox 3181 1565 3240 1609; x_wconf 86' lang='lat' dir='ltr'><strong>ut</strong></span> <span class='ocrx_word' id='word_1_226' title='bbox 3261 1571 3357 1626; x_wconf 88' lang='lat' dir='ltr'><strong>per</strong></span> <span class='ocrx_word' id='word_1_227' title='bbox 3387 1555 3566 1624; x_wconf 87' lang='lat' dir='ltr'><strong>ipsum</strong></span> 
     </span>
    </p>
   </div>
   <div class='ocr_carea' id='block_1_31' title="bbox 1989 1649 3387 1706">
    <p class='ocr_par' dir='ltr' id='par_1_31' title="bbox 1989 1649 3387 1706">
     <span class='ocr_line' id='line_1_31' title="bbox 1989 1649 3387 1706; baseline -0.001 -2"><span class='ocrx_word' id='word_1_228' title='bbox 1989 1649 2308 1705; x_wconf 84' lang='lat' dir='ltr'><strong>admirabile</strong></span> <span class='ocrx_word' id='word_1_229' title='bbox 2338 1651 2410 1706; x_wconf 91' lang='lat' dir='ltr'><strong>sit</strong></span> <span class='ocrx_word' id='word_1_230' title='bbox 2438 1665 2636 1704; x_wconf 88' lang='lat' dir='ltr'><strong>nomen</strong></span> <span class='ocrx_word' id='word_1_231' title='bbox 2664 1657 2816 1704; x_wconf 91' lang='lat' dir='ltr'><strong>tuum</strong></span> <span class='ocrx_word' id='word_1_232' title='bbox 2852 1651 2906 1704; x_wconf 92' lang='lat' dir='ltr'><strong>in</strong></span> <span class='ocrx_word' id='word_1_233' title='bbox 2939 1649 3193 1704; x_wconf 88' lang='lat' dir='ltr'><strong>universa</strong></span> <span class='ocrx_word' id='word_1_234' title='bbox 3221 1658 3387 1703; x_wconf 87' lang='lat' dir='ltr'><strong>terra.</strong></span> 
     </span>
    </p>
   </div>
   <div class='ocr_carea' id='block_1_32' title="bbox 2061 1740 3564 1813">
    <p class='ocr_par' dir='ltr' id='par_1_32' title="bbox 2061 1740 3564 1813">
     <span class='ocr_line' id='line_1_32' title="bbox 2061 1740 3564 1813; baseline -0.002 -18"><span class='ocrx_word' id='word_1_235' title='bbox 2061 1740 2382 1797; x_wconf 81' lang='lat' dir='ltr'><strong>Admiratur</strong></span> <span class='ocrx_word' id='word_1_236' title='bbox 2417 1742 2656 1813; x_wconf 88' lang='lat' dir='ltr'><strong>Spiritus</strong></span> <span class='ocrx_word' id='word_1_237' title='bbox 2691 1742 2932 1808; x_wconf 84' lang='lat' dir='ltr'><strong>divinus,</strong></span> <span class='ocrx_word' id='word_1_238' title='bbox 2963 1748 3016 1797; x_wconf 90' lang='lat' dir='ltr'><strong>et</strong></span> <span class='ocrx_word' id='word_1_239' title='bbox 3063 1743 3120 1796; x_wconf 90' lang='lat' dir='ltr'><strong>in</strong></span> <span class='ocrx_word' id='word_1_240' title='bbox 3163 1742 3280 1812; x_wconf 89' lang='lat' dir='ltr'><strong>ipsa</strong></span> <span class='ocrx_word' id='word_1_241' title='bbox 3329 1741 3564 1795; x_wconf 87' lang='lat' dir='ltr'><strong>admira-</strong></span> 
     </span>
    </p>
   </div>
   <div class='ocr_carea' id='block_1_33' title="bbox 309 1829 1892 1906">
    <p class='ocr_par' dir='ltr' id='par_1_33' title="bbox 309 1829 1889 1904">
     <span class='ocr_line' id='line_1_33' title="bbox 309 1829 1889 1904; baseline 0.003 -23"><span class='ocrx_word' id='word_1_242' title='bbox 309 1829 629 1900; x_wconf 78' lang='grc' dir='ltr'>Θαυμασμοῦ</span> <span class='ocrx_word' id='word_1_243' title='bbox 662 1830 868 1898; x_wconf 84' lang='grc' dir='ltr'>λέγων·</span> <span class='ocrx_word' id='word_1_244' title='bbox 899 1831 1174 1904; x_wconf 78' lang='grc' dir='ltr'>Οὺρανοὺς</span> <span class='ocrx_word' id='word_1_245' title='bbox 1209 1831 1306 1903; x_wconf 79' lang='grc' dir='ltr'>μὲν</span> <span class='ocrx_word' id='word_1_246' title='bbox 1335 1833 1446 1903; x_wconf 66' lang='lat' dir='ltr'><strong>spe</strong></span> <span class='ocrx_word' id='word_1_247' title='bbox 1483 1835 1608 1896; x_wconf 79' lang='grc' dir='ltr'>τοὺς</span> <span class='ocrx_word' id='word_1_248' title='bbox 1635 1833 1726 1886; x_wconf 85' lang='grc' dir='ltr'><strong>τὸν</strong></span> <span class='ocrx_word' id='word_1_249' title='bbox 1754 1833 1889 1904; x_wconf 81' lang='grc' dir='ltr'>σύμ-</span> 
     </span>
    </p>
   </div>
   <div class='ocr_carea' id='block_1_34' title="bbox 1993 1829 3568 1906">
    <p class='ocr_par' dir='ltr' id='par_1_34' title="bbox 1993 1833 3568 1906">
     <span class='ocr_line' id='line_1_34' title="bbox 1993 1833 3568 1906; baseline -0.002 -17"><span class='ocrx_word' id='word_1_250' title='bbox 1993 1833 2138 1890; x_wconf 90' lang='lat' dir='ltr'><strong>tione</strong></span> <span class='ocrx_word' id='word_1_251' title='bbox 2181 1836 2469 1906; x_wconf 78' lang='lat' dir='ltr'><strong>gloriatur,</strong></span> <span class='ocrx_word' id='word_1_252' title='bbox 2519 1835 2746 1891; x_wconf 90' lang='lat' dir='ltr'><strong>dicens:</strong></span> <span class='ocrx_word' id='word_1_253' title='bbox 2797 1835 2981 1890; x_wconf 61' lang='lat' dir='ltr'><strong>(italos</strong></span> <span class='ocrx_word' id='word_1_254' title='bbox 3022 1835 3245 1906; x_wconf 89' lang='lat' dir='ltr'><strong>quidem</strong></span> <span class='ocrx_word' id='word_1_255' title='bbox 3288 1834 3445 1889; x_wconf 88' lang='lat' dir='ltr'><strong>video</strong></span> <span class='ocrx_word' id='word_1_256' title='bbox 3473 1833 3568 1903; x_wconf 91' lang='lat' dir='ltr'><strong>qui</strong></span> 
     </span>
    </p>
   </div>
   <div class='ocr_carea' id='block_1_35' title="bbox 309 1921 1886 1994">
    <p class='ocr_par' dir='ltr' id='par_1_35' title="bbox 309 1921 1886 1994">
     <span class='ocr_line' id='line_1_35' title="bbox 309 1921 1886 1994; baseline 0.001 -20"><span class='ocrx_word' id='word_1_257' title='bbox 309 1938 482 1974; x_wconf 83' lang='grc' dir='ltr'>παντα</span> <span class='ocrx_word' id='word_1_258' title='bbox 508 1922 712 1990; x_wconf 79' lang='grc' dir='ltr'>κόσμον</span> <span class='ocrx_word' id='word_1_259' title='bbox 738 1921 1122 1992; x_wconf 79' lang='grc' dir='ltr'><strong>περιέχοντας·</strong></span> <span class='ocrx_word' id='word_1_260' title='bbox 1159 1923 1270 1994; x_wconf 83' lang='grc' dir='ltr'><strong>ὁρῶ</strong></span> <span class='ocrx_word' id='word_1_261' title='bbox 1302 1923 1358 1976; x_wconf 83' lang='grc' dir='ltr'>δὲ</span> <span class='ocrx_word' id='word_1_262' title='bbox 1396 1923 1492 1976; x_wconf 76' lang='grc' dir='ltr'>καὶ</span> <span class='ocrx_word' id='word_1_263' title='bbox 1531 1921 1760 1994; x_wconf 81' lang='grc' dir='ltr'>σελήνην</span> <span class='ocrx_word' id='word_1_264' title='bbox 1794 1924 1886 1976; x_wconf 78' lang='grc' dir='ltr'><strong>καὶ</strong></span> 
     </span>
    </p>
   </div>
   <div class='ocr_carea' id='block_1_36' title="bbox 309 2010 1886 2087">
    <p class='ocr_par' dir='ltr' id='par_1_36' title="bbox 309 2010 1886 2087">
     <span class='ocr_line' id='line_1_36' title="bbox 309 2010 1886 2087; baseline 0.003 -22"><span class='ocrx_word' id='word_1_265' title='bbox 309 2011 501 2082; x_wconf 73' lang='grc' dir='ltr'>ἄστρα,</span> <span class='ocrx_word' id='word_1_266' title='bbox 529 2011 628 2065; x_wconf 72' lang='grc' dir='ltr'><strong>καὶ</strong></span> <span class='ocrx_word' id='word_1_267' title='bbox 659 2010 830 2064; x_wconf 81' lang='grc' dir='ltr'>ταῦτα</span> <span class='ocrx_word' id='word_1_268' title='bbox 857 2013 1034 2067; x_wconf 80' lang='grc' dir='ltr'>πάντα</span> <span class='ocrx_word' id='word_1_269' title='bbox 1065 2013 1319 2086; x_wconf 81' lang='grc' dir='ltr'><strong>γνωρίζω</strong></span> <span class='ocrx_word' id='word_1_270' title='bbox 1345 2019 1410 2087; x_wconf 84' lang='grc' dir='ltr'>τῇ</span> <span class='ocrx_word' id='word_1_271' title='bbox 1451 2015 1610 2086; x_wconf 81' lang='grc' dir='ltr'>φύσει</span> <span class='ocrx_word' id='word_1_272' title='bbox 1635 2016 1762 2069; x_wconf 77' lang='grc' dir='ltr'>ὄντα</span> <span class='ocrx_word' id='word_1_273' title='bbox 1793 2033 1886 2087; x_wconf 90' lang='grc' dir='ltr'><strong>με-</strong></span> 
     </span>
    </p>
   </div>
   <div class='ocr_carea' id='block_1_37' title="bbox 308 2101 1886 2177">
    <p class='ocr_par' dir='ltr' id='par_1_37' title="bbox 308 2101 1886 2177">
     <span class='ocr_line' id='line_1_37' title="bbox 308 2101 1886 2177; baseline 0.003 -23"><span class='ocrx_word' id='word_1_274' title='bbox 308 2103 445 2169; x_wconf 67' lang='grc' dir='ltr'>γαλα</span> <span class='ocrx_word' id='word_1_275' title='bbox 473 2103 568 2154; x_wconf 78' lang='grc' dir='ltr'><strong>καὶ</strong></span> <span class='ocrx_word' id='word_1_276' title='bbox 597 2101 884 2170; x_wconf 77' lang='grc' dir='ltr'>θαυμαστὰ</span> <span class='ocrx_word' id='word_1_277' title='bbox 911 2103 1011 2174; x_wconf 84' lang='grc' dir='ltr'>τῆς</span> <span class='ocrx_word' id='word_1_278' title='bbox 1033 2103 1160 2175; x_wconf 85' lang='grc' dir='ltr'>ὅλης</span> <span class='ocrx_word' id='word_1_279' title='bbox 1180 2105 1535 2176; x_wconf 77' lang='grc' dir='ltr'><strong>δημιουργίας</strong></span> <span class='ocrx_word' id='word_1_280' title='bbox 1568 2105 1708 2177; x_wconf 87' lang='grc' dir='ltr'>μέρη</span> <span class='ocrx_word' id='word_1_281' title='bbox 1726 2122 1740 2136; x_wconf 83' lang='grc'>⁶</span> <span class='ocrx_word' id='word_1_282' title='bbox 1773 2107 1886 2161; x_wconf 84' lang='grc' dir='ltr'>ἀλλ’</span> 
     </span>
    </p>
   </div>
   <div class='ocr_carea' id='block_1_38' title="bbox 306 2193 1888 2269">
    <p class='ocr_par' dir='ltr' id='par_1_38' title="bbox 306 2193 1888 2269">
     <span class='ocr_line' id='line_1_38' title="bbox 306 2193 1888 2269; baseline 0.003 -21"><span class='ocrx_word' id='word_1_283' title='bbox 306 2196 472 2264; x_wconf 79' lang='grc' dir='ltr'>ὅμως,</span> <span class='ocrx_word' id='word_1_284' title='bbox 501 2196 708 2266; x_wconf 88' lang='grc' dir='ltr'>καίπερ</span> <span class='ocrx_word' id='word_1_285' title='bbox 731 2197 858 2250; x_wconf 76' lang='grc' dir='ltr'>ὄντα</span> <span class='ocrx_word' id='word_1_286' title='bbox 885 2197 1133 2260; x_wconf 81' lang='grc' dir='ltr'>τοιαῦτα,</span> <span class='ocrx_word' id='word_1_287' title='bbox 1165 2193 1302 2262; x_wconf 76' lang='grc' dir='ltr'>οἶδα,</span> <span class='ocrx_word' id='word_1_288' title='bbox 1325 2203 1412 2258; x_wconf 80' lang='grc' dir='ltr'>ὅτι.</span> <span class='ocrx_word' id='word_1_289' title='bbox 1443 2197 1758 2269; x_wconf 81' lang='grc' dir='ltr'><em>βραχύτατα</em></span> <span class='ocrx_word' id='word_1_290' title='bbox 1780 2200 1888 2254; x_wconf 84' lang='grc' dir='ltr'><strong>τῶν</strong></span> 
     </span>
    </p>
   </div>
   <div class='ocr_carea' id='block_1_39' title="bbox 305 2286 1888 2360">
    <p class='ocr_par' dir='ltr' id='par_1_39' title="bbox 305 2286 1888 2360">
     <span class='ocr_line' id='line_1_39' title="bbox 305 2286 1888 2360; baseline 0.004 -22"><span class='ocrx_word' id='word_1_291' title='bbox 305 2287 410 2338; x_wconf 84' lang='grc' dir='ltr'><strong>σῶν</strong></span> <span class='ocrx_word' id='word_1_292' title='bbox 445 2286 626 2358; x_wconf 75' lang='grc' dir='ltr'>ἔργων</span> <span class='ocrx_word' id='word_1_293' title='bbox 651 2289 1117 2360; x_wconf 77' lang='grc' dir='ltr'>τυγχάνει.Ἔργα</span> <span class='ocrx_word' id='word_1_294' title='bbox 1145 2287 1276 2358; x_wconf 80' lang='grc' dir='ltr'>γοῦν</span> <span class='ocrx_word' id='word_1_295' title='bbox 1309 2291 1426 2343; x_wconf 78' lang='grc' dir='ltr'>ἐστι</span> <span class='ocrx_word' id='word_1_296' title='bbox 1447 2291 1620 2344; x_wconf 80' lang='grc' dir='ltr'>ταῦτα</span> <span class='ocrx_word' id='word_1_297' title='bbox 1642 2289 1752 2344; x_wconf 87' lang='grc' dir='ltr'><strong>τῶν</strong></span> <span class='ocrx_word' id='word_1_298' title='bbox 1781 2290 1888 2344; x_wconf 82' lang='grc' dir='ltr'><strong>σῶν</strong></span> 
     </span>
    </p>
   </div>
   <div class='ocr_carea' id='block_1_40' title="bbox 303 2379 1890 2452">
    <p class='ocr_par' dir='ltr' id='par_1_40' title="bbox 303 2379 1890 2452">
     <span class='ocr_line' id='line_1_40' title="bbox 303 2379 1890 2452; baseline 0.003 -20"><span class='ocrx_word' id='word_1_299' title='bbox 303 2379 608 2432; x_wconf 78' lang='grc' dir='ltr'>δακτύλων·</span> <span class='ocrx_word' id='word_1_300' title='bbox 650 2381 772 2450; x_wconf 67' lang='grc' dir='ltr'>οὐχὶ</span> <span class='ocrx_word' id='word_1_301' title='bbox 796 2379 852 2432; x_wconf 81' lang='grc' dir='ltr'>δὲ</span> <span class='ocrx_word' id='word_1_302' title='bbox 879 2381 1099 2450; x_wconf 81' lang='grc' dir='ltr'>χειρῶν,</span> <span class='ocrx_word' id='word_1_303' title='bbox 1126 2379 1246 2433; x_wconf 83' lang='grc' dir='ltr'>οὐδὲ</span> <span class='ocrx_word' id='word_1_304' title='bbox 1277 2382 1516 2452; x_wconf 74' lang='grc' dir='ltr'>μεγάλης</span> <span class='ocrx_word' id='word_1_305' title='bbox 1553 2382 1696 2447; x_wconf 83' lang='grc' dir='ltr'>τινὸς</span> <span class='ocrx_word' id='word_1_306' title='bbox 1734 2384 1890 2437; x_wconf 89' lang='grc' dir='ltr'>δυνά-</span> 
     </span>
    </p>
   </div>
   <div class='ocr_carea' id='block_1_41' title="bbox 307 2471 1887 2547">
    <p class='ocr_par' dir='ltr' id='par_1_41' title="bbox 307 2471 1887 2547">
     <span class='ocr_line' id='line_1_41' title="bbox 307 2471 1887 2547; baseline 0.003 -24"><span class='ocrx_word' id='word_1_307' title='bbox 307 2489 480 2541; x_wconf 73' lang='grc' dir='ltr'>μεως·</span> <span class='ocrx_word' id='word_1_308' title='bbox 523 2471 660 2535; x_wconf 80' lang='grc' dir='ltr'>ἀλλ’,</span> <span class='ocrx_word' id='word_1_309' title='bbox 689 2472 766 2534; x_wconf 84' lang='grc' dir='ltr'>ὡς</span> <span class='ocrx_word' id='word_1_310' title='bbox 798 2472 864 2525; x_wconf 84' lang='grc' dir='ltr'><strong>ἂν</strong></span> <span class='ocrx_word' id='word_1_311' title='bbox 897 2471 1041 2525; x_wconf 86' lang='grc' dir='ltr'>είποι</span> <span class='ocrx_word' id='word_1_312' title='bbox 1071 2490 1176 2537; x_wconf 91' lang='grc' dir='ltr'>τις,</span> <span class='ocrx_word' id='word_1_313' title='bbox 1215 2473 1398 2543; x_wconf 83' lang='grc' dir='ltr'>ἄκρων</span> <span class='ocrx_word' id='word_1_314' title='bbox 1427 2473 1726 2539; x_wconf 80' lang='grc' dir='ltr'><strong>δακτύλων,</strong></span> <span class='ocrx_word' id='word_1_315' title='bbox 1761 2492 1887 2547; x_wconf 88' lang='grc' dir='ltr'>τρο-</span> 
     </span>
    </p>
   </div>
   <div class='ocr_carea' id='block_1_42' title="bbox 302 2562 1934 2638">
    <p class='ocr_par' dir='ltr' id='par_1_42' title="bbox 302 2562 1934 2638">
     <span class='ocr_line' id='line_1_42' title="bbox 302 2562 1934 2638; baseline 0.004 -23"><span class='ocrx_word' id='word_1_316' title='bbox 302 2563 482 2627; x_wconf 77' lang='grc' dir='ltr'>πικῶς</span> <span class='ocrx_word' id='word_1_317' title='bbox 511 2562 684 2627; x_wconf 66' lang='grc' dir='ltr'>οὕτως</span> <span class='ocrx_word' id='word_1_318' title='bbox 707 2564 814 2618; x_wconf 84' lang='grc' dir='ltr'>τῶν</span> <span class='ocrx_word' id='word_1_319' title='bbox 847 2563 1127 2635; x_wconf 87' lang='grc' dir='ltr'>δυνάμεων</span> <span class='ocrx_word' id='word_1_320' title='bbox 1158 2563 1574 2638; x_wconf 81' lang='grc' dir='ltr'>ὀνομαζομένων</span> <span class='ocrx_word' id='word_1_321' title='bbox 1607 2565 1700 2620; x_wconf 77' lang='grc' dir='ltr'>τοῦ</span> <span class='ocrx_word' id='word_1_322' title='bbox 1729 2567 1884 2634; x_wconf 84' lang='grc' dir='ltr'>Θεοῦ,</span> <span class='ocrx_word' id='word_1_323' title='bbox 1931 2581 1934 2586; x_wconf 83' lang='grc'><strong>’</strong></span> 
     </span>
    </p>
   </div>
   <div class='ocr_carea' id='block_1_43' title="bbox 301 2649 1888 2731">
    <p class='ocr_par' dir='ltr' id='par_1_43' title="bbox 301 2649 1888 2731">
     <span class='ocr_line' id='line_1_43' title="bbox 301 2649 1888 2731; baseline 0.004 -22"><span class='ocrx_word' id='word_1_324' title='bbox 301 2655 366 2709; x_wconf 81' lang='grc' dir='ltr'>δι’</span> <span class='ocrx_word' id='word_1_325' title='bbox 397 2649 474 2709; x_wconf 83' lang='grc' dir='ltr'><strong>ὧν</strong></span> <span class='ocrx_word' id='word_1_326' title='bbox 498 2655 567 2709; x_wconf 74' lang='grc' dir='ltr'>τὰ</span> <span class='ocrx_word' id='word_1_327' title='bbox 594 2655 827 2727; x_wconf 75' lang='grc' dir='ltr'>αἰσθητὰ</span> <span class='ocrx_word' id='word_1_328' title='bbox 855 2659 952 2711; x_wconf 82' lang='grc' dir='ltr'>καὶ</span> <span class='ocrx_word' id='word_1_329' title='bbox 980 2655 1232 2729; x_wconf 83' lang='grc' dir='ltr'><em>ὁρώμενα</em></span> <span class='ocrx_word' id='word_1_330' title='bbox 1265 2657 1721 2731; x_wconf 79' lang='grc' dir='ltr'>δημιουργήματα</span> <span class='ocrx_word' id='word_1_331' title='bbox 1761 2677 1888 2715; x_wconf 88' lang='grc' dir='ltr'>συν-</span> 
     </span>
    </p>
   </div>
   <div class='ocr_carea' id='block_1_44' title="bbox 301 2750 592 2819">
    <p class='ocr_par' dir='ltr' id='par_1_44' title="bbox 301 2750 592 2819">
     <span class='ocr_line' id='line_1_44' title="bbox 301 2750 592 2819; baseline 0.003 -19"><span class='ocrx_word' id='word_1_332' title='bbox 301 2750 434 2819; x_wconf 79' lang='grc' dir='ltr'>εστή</span> <span class='ocrx_word' id='word_1_333' title='bbox 443 2765 592 2802; x_wconf 84' lang='grc' dir='ltr'>σατο.</span> 
     </span>
    </p>
   </div>
   <div class='ocr_carea' id='block_1_45' title="bbox 386 2838 1886 2922">
    <p class='ocr_par' dir='ltr' id='par_1_45' title="bbox 386 2838 1886 2922">
     <span class='ocr_line' id='line_1_45' title="bbox 386 2838 1886 2922; baseline 0.005 -31"><span class='ocrx_word' id='word_1_334' title='bbox 386 2838 765 2908; x_wconf 77' lang='grc' dir='ltr'><strong>Ὴλάττωσας</strong></span> <span class='ocrx_word' id='word_1_335' title='bbox 829 2843 1013 2897; x_wconf 80' lang='grc' dir='ltr'><em>αὑτὸν</em></span> <span class='ocrx_word' id='word_1_336' title='bbox 1051 2841 1254 2913; x_wconf 79' lang='grc' dir='ltr'><em>βραχύ</em></span> <span class='ocrx_word' id='word_1_337' title='bbox 1295 2859 1352 2898; x_wconf 85' lang='grc' dir='ltr'><strong>τι</strong></span> <span class='ocrx_word' id='word_1_338' title='bbox 1404 2845 1542 2911; x_wconf 81' lang='grc' dir='ltr'><em>παρ’</em></span> <span class='ocrx_word' id='word_1_339' title='bbox 1575 2843 1886 2922; x_wconf 55' lang='grc' dir='ltr'>ἀγγέλοιξς,</span> 
     </span>
    </p>
   </div>
   <div class='ocr_carea' id='block_1_46' title="bbox 301 2929 1892 3009">
    <p class='ocr_par' dir='ltr' id='par_1_46' title="bbox 301 2929 1892 3009">
     <span class='ocr_line' id='line_1_46' title="bbox 301 2929 1892 3009; baseline 0.003 -23"><span class='ocrx_word' id='word_1_340' title='bbox 301 2931 450 3001; x_wconf 79' lang='grc' dir='ltr'>δόξῃ</span> <span class='ocrx_word' id='word_1_341' title='bbox 491 2933 594 2987; x_wconf 76' lang='grc' dir='ltr'><em>καὶ</em></span> <span class='ocrx_word' id='word_1_342' title='bbox 631 2933 774 3004; x_wconf 78' lang='grc' dir='ltr'>τιμῇ</span> <span class='ocrx_word' id='word_1_343' title='bbox 807 2934 1234 3004; x_wconf 63' lang='grc' dir='ltr'><em>ἐστεφάνωσας</em></span> <span class='ocrx_word' id='word_1_344' title='bbox 1266 2929 1472 2990; x_wconf 75' lang='grc' dir='ltr'>αὐτόν.</span> <span class='ocrx_word' id='word_1_345' title='bbox 1502 2938 1612 2990; x_wconf 68' lang='grc' dir='ltr'><strong>Καὶ</strong></span> <span class='ocrx_word' id='word_1_346' title='bbox 1643 2937 1748 3009; x_wconf 81' lang='grc' dir='ltr'>μὴν</span> <span class='ocrx_word' id='word_1_347' title='bbox 1776 2937 1892 2992; x_wconf 79' lang='grc' dir='ltr'>ἐτέ-</span> 
     </span>
    </p>
   </div>
   <div class='ocr_carea' id='block_1_47' title="bbox 303 3025 1890 3102">
    <p class='ocr_par' dir='ltr' id='par_1_47' title="bbox 303 3025 1890 3102">
     <span class='ocr_line' id='line_1_47' title="bbox 303 3025 1890 3102; baseline 0.004 -25"><span class='ocrx_word' id='word_1_348' title='bbox 303 3041 416 3099; x_wconf 85' lang='grc' dir='ltr'><strong>ρως</strong></span> <span class='ocrx_word' id='word_1_349' title='bbox 464 3025 596 3100; x_wconf 79' lang='grc' dir='ltr'>δόξῃ</span> <span class='ocrx_word' id='word_1_350' title='bbox 645 3029 742 3080; x_wconf 72' lang='grc' dir='ltr'>καὶ</span> <span class='ocrx_word' id='word_1_351' title='bbox 791 3031 925 3099; x_wconf 85' lang='grc' dir='ltr'>τιμῇ</span> <span class='ocrx_word' id='word_1_352' title='bbox 968 3028 1059 3081; x_wconf 77' lang='grc' dir='ltr'>τὸν</span> <span class='ocrx_word' id='word_1_353' title='bbox 1115 3029 1401 3102; x_wconf 74' lang='grc' dir='ltr'>ἄνθρωπον</span> <span class='ocrx_word' id='word_1_354' title='bbox 1457 3029 1832 3100; x_wconf 73' lang='grc' dir='ltr'><strong>ἐστεφάνωσεν</strong></span> <span class='ocrx_word' id='word_1_355' title='bbox 1862 3032 1890 3084; x_wconf 89' lang='grc' dir='ltr'>ὁ</span> 
     </span>
    </p>
   </div>
   <div class='ocr_carea' id='block_1_48' title="bbox 297 3118 1890 3193">
    <p class='ocr_par' dir='ltr' id='par_1_48' title="bbox 297 3118 1890 3193">
     <span class='ocr_line' id='line_1_48' title="bbox 297 3118 1890 3193; baseline 0.002 -21"><span class='ocrx_word' id='word_1_356' title='bbox 297 3118 454 3182; x_wconf 71' lang='grc' dir='ltr'>ὃεδς,</span> <span class='ocrx_word' id='word_1_357' title='bbox 482 3119 576 3172; x_wconf 76' lang='grc' dir='ltr'><strong>ἐπὶ</strong></span> <span class='ocrx_word' id='word_1_358' title='bbox 624 3119 784 3189; x_wconf 82' lang='grc' dir='ltr'>μόνου</span> <span class='ocrx_word' id='word_1_359' title='bbox 825 3119 917 3173; x_wconf 80' lang='grc' dir='ltr'><strong>τοῦ</strong></span> <span class='ocrx_word' id='word_1_360' title='bbox 953 3119 1241 3191; x_wconf 83' lang='grc' dir='ltr'>ἀνθρώπου</span> <span class='ocrx_word' id='word_1_361' title='bbox 1286 3123 1462 3193; x_wconf 77' lang='grc' dir='ltr'>φήσας</span> <span class='ocrx_word' id='word_1_362' title='bbox 1484 3137 1497 3150; x_wconf 90' lang='grc'><strong>·</strong></span> <span class='ocrx_word' id='word_1_363' title='bbox 1539 3119 1890 3191; x_wconf 74' lang='grc' dir='ltr'>Ποιήσωμεν</span> 
     </span>
    </p>
   </div>
   <div class='ocr_carea' id='block_1_49' title="bbox 297 3197 1959 3283">
    <p class='ocr_par' dir='ltr' id='par_1_49' title="bbox 297 3197 1959 3283">
     <span class='ocr_line' id='line_1_49' title="bbox 297 3197 1959 3283; baseline 0.002 -21"><span class='ocrx_word' id='word_1_364' title='bbox 297 3210 620 3278; x_wconf 71' lang='grc' dir='ltr'><strong>ἄνθρωπον</strong></span> <span class='ocrx_word' id='word_1_365' title='bbox 653 3213 780 3265; x_wconf 80' lang='grc' dir='ltr'><em>κατ’</em></span> <span class='ocrx_word' id='word_1_366' title='bbox 812 3213 1017 3266; x_wconf 74' lang='grc' dir='ltr'><em>εἰκόνα</em></span> <span class='ocrx_word' id='word_1_367' title='bbox 1055 3213 1350 3282; x_wconf 78' lang='grc' dir='ltr'><em>ἡμετέραν</em></span> <span class='ocrx_word' id='word_1_368' title='bbox 1379 3214 1476 3268; x_wconf 71' lang='grc' dir='ltr'><strong>καὶ</strong></span> <span class='ocrx_word' id='word_1_369' title='bbox 1511 3215 1639 3268; x_wconf 82' lang='grc' dir='ltr'><strong>καθ’</strong></span> <span class='ocrx_word' id='word_1_370' title='bbox 1680 3215 1887 3283; x_wconf 80' lang='grc' dir='ltr'>όμοίω-</span> <span class='ocrx_word' id='word_1_371' title='bbox 1917 3197 1959 3254; x_wconf 78' lang='lat' dir='ltr'>C</span> 
     </span>
    </p>
   </div>
   <div class='ocr_carea' id='block_1_50' title="bbox 296 3305 1886 3378">
    <p class='ocr_par' dir='ltr' id='par_1_50' title="bbox 296 3305 1886 3378">
     <span class='ocr_line' id='line_1_50' title="bbox 296 3305 1886 3378; baseline 0.002 -21"><span class='ocrx_word' id='word_1_372' title='bbox 296 3321 426 3368; x_wconf 77' lang='grc' dir='ltr'>σιν,</span> <span class='ocrx_word' id='word_1_373' title='bbox 465 3305 560 3357; x_wconf 74' lang='grc' dir='ltr'>καὶ</span> <span class='ocrx_word' id='word_1_374' title='bbox 593 3305 866 3376; x_wconf 65' lang='grc' dir='ltr'>διαφόρως</span> <span class='ocrx_word' id='word_1_375' title='bbox 889 3310 1000 3370; x_wconf 87' lang='grc' dir='ltr'>τοῖς</span> <span class='ocrx_word' id='word_1_376' title='bbox 1042 3307 1218 3375; x_wconf 81' lang='grc' dir='ltr'>ἁγίοις</span> <span class='ocrx_word' id='word_1_377' title='bbox 1247 3305 1554 3378; x_wconf 83' lang='grc' dir='ltr'>ἀνθρώποις</span> <span class='ocrx_word' id='word_1_378' title='bbox 1584 3307 1886 3377; x_wconf 70' lang='grc' dir='ltr'>ἐπιφανεὶς,</span> 
     </span>
    </p>
   </div>
   <div class='ocr_carea' id='block_1_51' title="bbox 295 3395 1894 3472">
    <p class='ocr_par' dir='ltr' id='par_1_51' title="bbox 295 3395 1894 3472">
     <span class='ocr_line' id='line_1_51' title="bbox 295 3395 1894 3472; baseline 0.002 -22"><span class='ocrx_word' id='word_1_379' title='bbox 295 3398 396 3450; x_wconf 74' lang='grc' dir='ltr'>καὶ</span> <span class='ocrx_word' id='word_1_380' title='bbox 429 3395 750 3468; x_wconf 84' lang='grc' dir='ltr'>Πνεύματος</span> <span class='ocrx_word' id='word_1_381' title='bbox 791 3397 970 3467; x_wconf 84' lang='grc' dir='ltr'>ἁγίου,</span> <span class='ocrx_word' id='word_1_382' title='bbox 1003 3399 1095 3452; x_wconf 71' lang='grc' dir='ltr'>καὶ</span> <span class='ocrx_word' id='word_1_383' title='bbox 1135 3399 1414 3471; x_wconf 83' lang='grc' dir='ltr'>δυνάμεως</span> <span class='ocrx_word' id='word_1_384' title='bbox 1444 3401 1696 3472; x_wconf 83' lang='grc' dir='ltr'>οὐρανίου</span> <span class='ocrx_word' id='word_1_385' title='bbox 1727 3417 1894 3471; x_wconf 85' lang='grc' dir='ltr'>μετα-</span> 
     </span>
    </p>
   </div>
   <div class='ocr_carea' id='block_1_52' title="bbox 295 3486 1891 3559">
    <p class='ocr_par' dir='ltr' id='par_1_52' title="bbox 295 3486 1891 3559">
     <span class='ocr_line' id='line_1_52' title="bbox 295 3486 1891 3559; baseline 0.002 -20"><span class='ocrx_word' id='word_1_386' title='bbox 295 3487 446 3550; x_wconf 74' lang='grc' dir='ltr'>δοὺς,</span> <span class='ocrx_word' id='word_1_387' title='bbox 479 3487 558 3551; x_wconf 82' lang='grc' dir='ltr'><strong>ὡς</strong></span> <span class='ocrx_word' id='word_1_388' title='bbox 585 3487 650 3539; x_wconf 82' lang='grc' dir='ltr'><strong>τὸ</strong></span> <span class='ocrx_word' id='word_1_389' title='bbox 685 3486 876 3559; x_wconf 88' lang='grc' dir='ltr'>μέλλον</span> <span class='ocrx_word' id='word_1_390' title='bbox 908 3489 1128 3554; x_wconf 78' lang='grc' dir='ltr'>εἰδέναι,</span> <span class='ocrx_word' id='word_1_391' title='bbox 1165 3490 1258 3544; x_wconf 71' lang='grc' dir='ltr'><strong>καὶ</strong></span> <span class='ocrx_word' id='word_1_392' title='bbox 1281 3490 1469 3555; x_wconf 80' lang='grc' dir='ltr'>νόσους</span> <span class='ocrx_word' id='word_1_393' title='bbox 1495 3489 1759 3554; x_wconf 80' lang='grc' dir='ltr'>ἐλαύνειν,</span> <span class='ocrx_word' id='word_1_394' title='bbox 1795 3491 1891 3544; x_wconf 74' lang='grc' dir='ltr'><strong>καὶ</strong></span> 
     </span>
    </p>
   </div>
   <div class='ocr_carea' id='block_1_53' title="bbox 297 3581 1890 3654">
    <p class='ocr_par' dir='ltr' id='par_1_53' title="bbox 297 3581 1890 3654">
     <span class='ocr_line' id='line_1_53' title="bbox 297 3581 1890 3654; baseline 0.003 -22"><span class='ocrx_word' id='word_1_395' title='bbox 297 3581 532 3650; x_wconf 69' lang='grc' dir='ltr'>νεκροὺς</span> <span class='ocrx_word' id='word_1_396' title='bbox 569 3581 821 3652; x_wconf 77' lang='grc' dir='ltr'>ἁνιστᾷν·</span> <span class='ocrx_word' id='word_1_397' title='bbox 859 3581 955 3635; x_wconf 76' lang='grc' dir='ltr'><strong>καὶ</strong></span> <span class='ocrx_word' id='word_1_398' title='bbox 988 3583 1048 3634; x_wconf 81' lang='grc' dir='ltr'><strong>τὸ</strong></span> <span class='ocrx_word' id='word_1_399' title='bbox 1091 3582 1346 3652; x_wconf 85' lang='grc' dir='ltr'>μέγιστον</span> <span class='ocrx_word' id='word_1_400' title='bbox 1375 3583 1651 3647; x_wconf 80' lang='grc' dir='ltr'>ἁπάντων,</span> <span class='ocrx_word' id='word_1_401' title='bbox 1685 3585 1750 3654; x_wconf 83' lang='grc' dir='ltr'>τῇ</span> <span class='ocrx_word' id='word_1_402' title='bbox 1795 3581 1890 3636; x_wconf 80' lang='grc' dir='ltr'>τοῦ</span> 
     </span>
    </p>
   </div>
   <div class='ocr_carea' id='block_1_54' title="bbox 295 3671 1441 3748">
    <p class='ocr_par' dir='ltr' id='par_1_54' title="bbox 295 3671 1441 3748">
     <span class='ocr_line' id='line_1_54' title="bbox 295 3671 1441 3748; baseline 0.003 -23"><span class='ocrx_word' id='word_1_403' title='bbox 295 3671 648 3739; x_wconf 73' lang='grc' dir='ltr'>Μονογενοῦς</span> <span class='ocrx_word' id='word_1_404' title='bbox 674 3675 914 3744; x_wconf 83' lang='grc' dir='ltr'>τιμήσας</span> <span class='ocrx_word' id='word_1_405' title='bbox 947 3674 1111 3727; x_wconf 77' lang='grc' dir='ltr'>αὐτὸν</span> <span class='ocrx_word' id='word_1_406' title='bbox 1144 3675 1441 3748; x_wconf 76' lang='grc' dir='ltr'>παρουσίᾳ.</span> 
     </span>
    </p>
   </div>
   <div class='ocr_carea' id='block_1_55' title="bbox 367 3763 1890 3835">
    <p class='ocr_par' dir='ltr' id='par_1_55' title="bbox 367 3763 1890 3835">
     <span class='ocr_line' id='line_1_55' title="bbox 367 3763 1890 3835; baseline 0.003 -19"><span class='ocrx_word' id='word_1_407' title='bbox 367 3763 528 3832; x_wconf 76' lang='grc' dir='ltr'><strong>Δὸξῃ</strong></span> <span class='ocrx_word' id='word_1_408' title='bbox 579 3765 678 3818; x_wconf 77' lang='grc' dir='ltr'><strong>καὶ</strong></span> <span class='ocrx_word' id='word_1_409' title='bbox 709 3764 848 3834; x_wconf 80' lang='grc' dir='ltr'>τιμῇ</span> <span class='ocrx_word' id='word_1_410' title='bbox 877 3765 1309 3835; x_wconf 69' lang='grc' dir='ltr'><strong>ἐστεφάνωσας</strong></span> <span class='ocrx_word' id='word_1_411' title='bbox 1349 3767 1556 3832; x_wconf 80' lang='grc' dir='ltr'><em>αὐτὸν,</em></span> <span class='ocrx_word' id='word_1_412' title='bbox 1594 3767 1694 3820; x_wconf 75' lang='grc' dir='ltr'><em>καὶ</em></span> <span class='ocrx_word' id='word_1_413' title='bbox 1750 3785 1890 3820; x_wconf 83' lang='grc' dir='ltr'><strong>κατ-</strong></span> 
     </span>
    </p>
   </div>
   <div class='ocr_carea' id='block_1_56' title="bbox 293 3853 1885 3926">
    <p class='ocr_par' dir='ltr' id='par_1_56' title="bbox 293 3853 1885 3926">
     <span class='ocr_line' id='line_1_56' title="bbox 293 3853 1885 3926; baseline 0.003 -18"><span class='ocrx_word' id='word_1_414' title='bbox 293 3853 578 3921; x_wconf 80' lang='grc' dir='ltr'>έστησας</span> <span class='ocrx_word' id='word_1_415' title='bbox 627 3855 818 3909; x_wconf 80' lang='grc' dir='ltr'><em>αὐτόν</em></span> <span class='ocrx_word' id='word_1_416' title='bbox 864 3856 961 3909; x_wconf 78' lang='grc' dir='ltr'><strong>ἐπὶ</strong></span> <span class='ocrx_word' id='word_1_417' title='bbox 1012 3857 1086 3910; x_wconf 84' lang='grc' dir='ltr'><strong>τὰ</strong></span> <span class='ocrx_word' id='word_1_418' title='bbox 1136 3857 1283 3926; x_wconf 79' lang='grc' dir='ltr'><strong>ἔργα</strong></span> <span class='ocrx_word' id='word_1_419' title='bbox 1336 3857 1456 3912; x_wconf 85' lang='grc' dir='ltr'><strong>τῶν</strong></span> <span class='ocrx_word' id='word_1_420' title='bbox 1501 3855 1716 3926; x_wconf 79' lang='grc' dir='ltr'><em>χειρῶν</em></span> <span class='ocrx_word' id='word_1_421' title='bbox 1748 3875 1885 3914; x_wconf 89' lang='grc' dir='ltr'>σου.</span> 
     </span>
    </p>
   </div>
   <div class='ocr_carea' id='block_1_57' title="bbox 292 3946 1888 4016">
    <p class='ocr_par' dir='ltr' id='par_1_57' title="bbox 292 3946 1888 4016">
     <span class='ocr_line' id='line_1_57' title="bbox 292 3946 1888 4016; baseline 0.003 -16"><span class='ocrx_word' id='word_1_422' title='bbox 292 3947 512 4001; x_wconf 75' lang='grc' dir='ltr'><em>Πάντα</em></span> <span class='ocrx_word' id='word_1_423' title='bbox 569 3946 874 4015; x_wconf 77' lang='grc' dir='ltr'><em>ὑπέταξας</em></span> <span class='ocrx_word' id='word_1_424' title='bbox 929 3949 1209 4004; x_wconf 82' lang='grc' dir='ltr'>ὑποκάτω</span> <span class='ocrx_word' id='word_1_425' title='bbox 1259 3946 1378 4004; x_wconf 82' lang='grc' dir='ltr'><strong>τῶν</strong></span> <span class='ocrx_word' id='word_1_426' title='bbox 1428 3947 1632 4004; x_wconf 77' lang='grc' dir='ltr'>ποδῶν</span> <span class='ocrx_word' id='word_1_427' title='bbox 1681 3950 1888 4016; x_wconf 85' lang='grc' dir='ltr'>αὐτοῦ,</span> 
     </span>
    </p>
   </div>
   <div class='ocr_carea' id='block_1_58' title="bbox 293 4039 1890 4110">
    <p class='ocr_par' dir='ltr' id='par_1_58' title="bbox 293 4039 1890 4110">
     <span class='ocr_line' id='line_1_58' title="bbox 293 4039 1890 4110; baseline 0.002 -18"><span class='ocrx_word' id='word_1_428' title='bbox 293 4041 572 4107; x_wconf 71' lang='grc' dir='ltr'><em>πρόϐατα</em></span> <span class='ocrx_word' id='word_1_429' title='bbox 620 4041 720 4094; x_wconf 74' lang='grc' dir='ltr'><em>καὶ</em></span> <span class='ocrx_word' id='word_1_430' title='bbox 773 4041 931 4107; x_wconf 83' lang='grc' dir='ltr'>,Βόας</span> <span class='ocrx_word' id='word_1_431' title='bbox 974 4039 1200 4108; x_wconf 81' lang='grc' dir='ltr'>πάσας,</span> <span class='ocrx_word' id='word_1_432' title='bbox 1234 4039 1324 4094; x_wconf 74' lang='grc' dir='ltr'>ἔτι</span> <span class='ocrx_word' id='word_1_433' title='bbox 1354 4040 1423 4094; x_wconf 83' lang='grc' dir='ltr'>δὲ</span> <span class='ocrx_word' id='word_1_434' title='bbox 1465 4042 1564 4095; x_wconf 82' lang='grc' dir='ltr'><em>καὶ</em></span> <span class='ocrx_word' id='word_1_435' title='bbox 1593 4041 1668 4094; x_wconf 84' lang='grc' dir='ltr'><strong>τὰ</strong></span> <span class='ocrx_word' id='word_1_436' title='bbox 1699 4042 1890 4110; x_wconf 70' lang='grc' dir='ltr'>κτήνη</span> 
     </span>
    </p>
   </div>
   <div class='ocr_carea' id='block_1_59' title="bbox 291 4133 1893 4203">
    <p class='ocr_par' dir='ltr' id='par_1_59' title="bbox 291 4133 1893 4203">
     <span class='ocr_line' id='line_1_59' title="bbox 291 4133 1893 4203; baseline 0.002 -17"><span class='ocrx_word' id='word_1_437' title='bbox 291 4133 406 4186; x_wconf 83' lang='grc' dir='ltr'><strong>τοῦ</strong></span> <span class='ocrx_word' id='word_1_438' title='bbox 461 4133 694 4198; x_wconf 75' lang='grc' dir='ltr'>πεδίου,</span> <span class='ocrx_word' id='word_1_439' title='bbox 733 4133 808 4187; x_wconf 82' lang='grc' dir='ltr'><strong>τὰ</strong></span> <span class='ocrx_word' id='word_1_440' title='bbox 855 4135 1095 4189; x_wconf 81' lang='grc' dir='ltr'><strong>πετεινὰ</strong></span> <span class='ocrx_word' id='word_1_441' title='bbox 1125 4133 1232 4188; x_wconf 86' lang='grc' dir='ltr'><strong>τοῦ</strong></span> <span class='ocrx_word' id='word_1_442' title='bbox 1279 4135 1558 4203; x_wconf 82' lang='grc' dir='ltr'>οὐρανοῦ,</span> <span class='ocrx_word' id='word_1_443' title='bbox 1605 4134 1706 4189; x_wconf 79' lang='grc' dir='ltr'><strong>καὶ</strong></span> <span class='ocrx_word' id='word_1_444' title='bbox 1749 4135 1893 4203; x_wconf 85' lang='grc' dir='ltr'>τοὺς</span> 
     </span>
    </p>
   </div>
   <div class='ocr_carea' id='block_1_60' title="bbox 297 4225 1894 4299">
    <p class='ocr_par' dir='ltr' id='par_1_60' title="bbox 297 4225 1894 4299">
     <span class='ocr_line' id='line_1_60' title="bbox 297 4225 1894 4299; baseline 0.001 -19"><span class='ocrx_word' id='word_1_445' title='bbox 297 4229 520 4296; x_wconf 72' lang='grc' dir='ltr'><strong>ιχθύας</strong></span> <span class='ocrx_word' id='word_1_446' title='bbox 549 4225 660 4295; x_wconf 85' lang='grc' dir='ltr'>τῆς</span> <span class='ocrx_word' id='word_1_447' title='bbox 693 4229 1033 4296; x_wconf 70' lang='grc' dir='ltr'>θαλάσσης,</span> <span class='ocrx_word' id='word_1_448' title='bbox 1064 4229 1136 4282; x_wconf 83' lang='grc' dir='ltr'><strong>τὰ</strong></span> <span class='ocrx_word' id='word_1_449' title='bbox 1159 4229 1631 4299; x_wconf 80' lang='grc' dir='ltr'>διαπορευόμενα</span> <span class='ocrx_word' id='word_1_450' title='bbox 1655 4229 1894 4297; x_wconf 81' lang='grc' dir='ltr'>τρίϐους</span> 
     </span>
    </p>
   </div>
   <div class='ocr_carea' id='block_1_61' title="bbox 297 4319 1894 4393">
    <p class='ocr_par' dir='ltr' id='par_1_61' title="bbox 297 4319 1894 4393">
     <span class='ocr_line' id='line_1_61' title="bbox 297 4319 1894 4393; baseline 0 -19"><span class='ocrx_word' id='word_1_451' title='bbox 297 4320 660 4377; x_wconf 74' lang='grc' dir='ltr'><em>θαλασσῶν.</em></span> <span class='ocrx_word' id='word_1_452' title='bbox 695 4321 776 4392; x_wconf 83' lang='grc' dir='ltr'><strong>Τῇ</strong></span> <span class='ocrx_word' id='word_1_453' title='bbox 822 4320 930 4391; x_wconf 81' lang='grc' dir='ltr'><strong>γὰρ</strong></span> <span class='ocrx_word' id='word_1_454' title='bbox 981 4319 1172 4393; x_wconf 86' lang='grc' dir='ltr'>λογικῇ</span> <span class='ocrx_word' id='word_1_455' title='bbox 1224 4321 1404 4390; x_wconf 76' lang='grc' dir='ltr'>φύσει,</span> <span class='ocrx_word' id='word_1_456' title='bbox 1446 4322 1521 4385; x_wconf 83' lang='grc' dir='ltr'>ὡς</span> <span class='ocrx_word' id='word_1_457' title='bbox 1569 4321 1634 4376; x_wconf 82' lang='grc' dir='ltr'><strong>ἂν</strong></span> <span class='ocrx_word' id='word_1_458' title='bbox 1680 4322 1894 4392; x_wconf 85' lang='grc' dir='ltr'>ὡμοιω-</span> 
     </span>
    </p>
   </div>
   <div class='ocr_carea' id='block_1_62' title="bbox 302 4413 1892 4486">
    <p class='ocr_par' dir='ltr' id='par_1_62' title="bbox 302 4413 1892 4486">
     <span class='ocr_line' id='line_1_62' title="bbox 302 4413 1892 4486; baseline 0.002 -21"><span class='ocrx_word' id='word_1_459' title='bbox 302 4415 450 4486; x_wconf 75' lang='grc' dir='ltr'>μένῃ</span> <span class='ocrx_word' id='word_1_460' title='bbox 501 4413 641 4483; x_wconf 83' lang='grc' dir='ltr'>Θεῷ,</span> <span class='ocrx_word' id='word_1_461' title='bbox 688 4415 788 4483; x_wconf 80' lang='grc' dir='ltr'>τὴν</span> <span class='ocrx_word' id='word_1_462' title='bbox 839 4413 980 4467; x_wconf 79' lang='grc' dir='ltr'>κατὰ</span> <span class='ocrx_word' id='word_1_463' title='bbox 1033 4413 1252 4468; x_wconf 83' lang='grc' dir='ltr'>πάντων</span> <span class='ocrx_word' id='word_1_464' title='bbox 1301 4415 1475 4485; x_wconf 76' lang='grc' dir='ltr'><strong>ἀρχὴν</strong></span> <span class='ocrx_word' id='word_1_465' title='bbox 1523 4415 1616 4469; x_wconf 80' lang='grc' dir='ltr'>καὶ</span> <span class='ocrx_word' id='word_1_466' title='bbox 1663 4415 1892 4486; x_wconf 88' lang='grc' dir='ltr'>δύναμιν</span> 
     </span>
    </p>
   </div>
   <div class='ocr_carea' id='block_1_63' title="bbox 299 4505 1970 4606">
    <p class='ocr_par' dir='ltr' id='par_1_63' title="bbox 299 4505 1970 4606">
     <span class='ocr_line' id='line_1_63' title="bbox 299 4505 1970 4606; baseline 0.002 -48"><span class='ocrx_word' id='word_1_467' title='bbox 299 4506 641 4577; x_wconf 66' lang='grc' dir='ltr'>ἐδωρήσατο.</span> <span class='ocrx_word' id='word_1_468' title='bbox 684 4507 746 4560; x_wconf 82' lang='lat'>&#39;0</span> <span class='ocrx_word' id='word_1_469' title='bbox 775 4505 1080 4578; x_wconf 77' lang='grc' dir='ltr'>ἄνθρωπος,</span> <span class='ocrx_word' id='word_1_470' title='bbox 1109 4509 1209 4578; x_wconf 81' lang='grc' dir='ltr'><strong>τῆς</strong></span> <span class='ocrx_word' id='word_1_471' title='bbox 1235 4507 1422 4577; x_wconf 80' lang='grc' dir='ltr'>θεῖκῆς</span> <span class='ocrx_word' id='word_1_472' title='bbox 1453 4508 1659 4571; x_wconf 87' lang='grc' dir='ltr'>είκόνος</span> <span class='ocrx_word' id='word_1_473' title='bbox 1685 4506 1888 4574; x_wconf 76' lang='grc' dir='ltr'>λαϐὼν,</span> <span class='ocrx_word' id='word_1_474' title='bbox 1920 4549 1970 4606; x_wconf 79' lang='lat' dir='ltr'><strong><em>D</em></strong></span> 
     </span>
    </p>
   </div>
   <div class='ocr_carea' id='block_1_64' title="bbox 295 4597 1889 4671">
    <p class='ocr_par' dir='ltr' id='par_1_64' title="bbox 295 4597 1889 4671">
     <span class='ocr_line' id='line_1_64' title="bbox 295 4597 1889 4671; baseline 0.003 -22"><span class='ocrx_word' id='word_1_475' title='bbox 295 4597 381 4661; x_wconf 80' lang='grc' dir='ltr'>ὡς</span> <span class='ocrx_word' id='word_1_476' title='bbox 433 4597 690 4668; x_wconf 77' lang='grc' dir='ltr'>βασιλεὺς</span> <span class='ocrx_word' id='word_1_477' title='bbox 735 4599 990 4652; x_wconf 84' lang='grc' dir='ltr'>ἁπάντων</span> <span class='ocrx_word' id='word_1_478' title='bbox 1023 4600 1170 4653; x_wconf 69' lang='grc' dir='ltr'>ἐστὶν</span> <span class='ocrx_word' id='word_1_479' title='bbox 1210 4603 1238 4653; x_wconf 85' lang='grc' dir='ltr'>ὁ</span> <span class='ocrx_word' id='word_1_480' title='bbox 1281 4600 1432 4664; x_wconf 81' lang='grc' dir='ltr'>Θεὸς,</span> <span class='ocrx_word' id='word_1_481' title='bbox 1481 4597 1653 4663; x_wconf 76' lang='grc' dir='ltr'>οὕτως</span> <span class='ocrx_word' id='word_1_482' title='bbox 1705 4599 1889 4671; x_wconf 77' lang='grc' dir='ltr'>ἄρχων</span> 
     </span>
    </p>
   </div>
   <div class='ocr_carea' id='block_1_65' title="bbox 297 4690 1889 4764">
    <p class='ocr_par' dir='ltr' id='par_1_65' title="bbox 297 4690 1889 4764">
     <span class='ocr_line' id='line_1_65' title="bbox 297 4690 1889 4764; baseline 0.001 -22"><span class='ocrx_word' id='word_1_483' title='bbox 297 4692 546 4764; x_wconf 75' lang='grc' dir='ltr'>κατέστη</span> <span class='ocrx_word' id='word_1_484' title='bbox 579 4693 688 4745; x_wconf 84' lang='grc' dir='ltr'><strong>τῶν</strong></span> <span class='ocrx_word' id='word_1_485' title='bbox 722 4692 814 4744; x_wconf 70' lang='grc' dir='ltr'><strong>ἐπὶ</strong></span> <span class='ocrx_word' id='word_1_486' title='bbox 837 4691 958 4761; x_wconf 81' lang='grc' dir='ltr'><strong>γῆς.</strong></span> <span class='ocrx_word' id='word_1_487' title='bbox 989 4691 1054 4743; x_wconf 75' lang='lat' dir='ltr'><strong>Et</strong></span> <span class='ocrx_word' id='word_1_488' title='bbox 1080 4691 1136 4744; x_wconf 81' lang='grc' dir='ltr'>δὲ</span> <span class='ocrx_word' id='word_1_489' title='bbox 1165 4691 1468 4754; x_wconf 83' lang='grc' dir='ltr'>καθολικῶς</span> <span class='ocrx_word' id='word_1_490' title='bbox 1498 4690 1711 4761; x_wconf 79' lang='grc' dir='ltr'>εἴρηται</span> <span class='ocrx_word' id='word_1_491' title='bbox 1735 4709 1748 4720; x_wconf 87' lang='grc'>·</span> <span class='ocrx_word' id='word_1_492' title='bbox 1777 4691 1889 4744; x_wconf 76' lang='grc' dir='ltr'><strong>Καὶ</strong></span> 
     </span>
    </p>
   </div>
   <div class='ocr_carea' id='block_1_66' title="bbox 297 4781 1886 4855">
    <p class='ocr_par' dir='ltr' id='par_1_66' title="bbox 297 4781 1886 4855">
     <span class='ocr_line' id='line_1_66' title="bbox 297 4781 1886 4855; baseline 0.001 -20"><span class='ocrx_word' id='word_1_493' title='bbox 297 4783 690 4851; x_wconf 75' lang='grc' dir='ltr'>κατέστησας</span> <span class='ocrx_word' id='word_1_494' title='bbox 735 4781 924 4838; x_wconf 83' lang='grc' dir='ltr'><em>αὑτὸν</em></span> <span class='ocrx_word' id='word_1_495' title='bbox 954 4783 1050 4835; x_wconf 77' lang='grc' dir='ltr'><strong>ἐπὶ</strong></span> <span class='ocrx_word' id='word_1_496' title='bbox 1077 4784 1148 4836; x_wconf 82' lang='grc' dir='ltr'><em>τὰ</em></span> <span class='ocrx_word' id='word_1_497' title='bbox 1176 4783 1318 4853; x_wconf 78' lang='grc' dir='ltr'><em>ἔργα</em></span> <span class='ocrx_word' id='word_1_498' title='bbox 1345 4781 1463 4836; x_wconf 86' lang='grc' dir='ltr'>τῶν</span> <span class='ocrx_word' id='word_1_499' title='bbox 1497 4782 1712 4855; x_wconf 82' lang='grc' dir='ltr'><strong>χειρῶν</strong></span> <span class='ocrx_word' id='word_1_500' title='bbox 1736 4797 1851 4836; x_wconf 91' lang='grc' dir='ltr'><strong>σου</strong></span> <span class='ocrx_word' id='word_1_501' title='bbox 1873 4799 1886 4812; x_wconf 89' lang='grc'><strong>·</strong></span> 
     </span>
    </p>
   </div>
   <div class='ocr_carea' id='block_1_67' title="bbox 299 4873 1890 4946">
    <p class='ocr_par' dir='ltr' id='par_1_67' title="bbox 299 4873 1890 4946">
     <span class='ocr_line' id='line_1_67' title="bbox 299 4873 1890 4946; baseline 0.001 -18"><span class='ocrx_word' id='word_1_502' title='bbox 299 4875 454 4944; x_wconf 79' lang='grc' dir='ltr'>λέγει</span> <span class='ocrx_word' id='word_1_503' title='bbox 487 4875 542 4928; x_wconf 85' lang='grc' dir='ltr'>δὲ</span> <span class='ocrx_word' id='word_1_504' title='bbox 589 4874 856 4946; x_wconf 80' lang='grc' dir='ltr'>ἀλλαχοῦ·</span> <span class='ocrx_word' id='word_1_505' title='bbox 893 4875 1006 4928; x_wconf 81' lang='grc' dir='ltr'><strong>Καὶ</strong></span> <span class='ocrx_word' id='word_1_506' title='bbox 1046 4875 1119 4928; x_wconf 79' lang='grc' dir='ltr'><em>τὰ</em></span> <span class='ocrx_word' id='word_1_507' title='bbox 1161 4875 1305 4944; x_wconf 74' lang='grc' dir='ltr'><em>ἔργα</em></span> <span class='ocrx_word' id='word_1_508' title='bbox 1353 4874 1472 4927; x_wconf 85' lang='grc' dir='ltr'>τῶν</span> <span class='ocrx_word' id='word_1_509' title='bbox 1517 4873 1734 4944; x_wconf 72' lang='grc' dir='ltr'><em>χειρῶν</em></span> <span class='ocrx_word' id='word_1_510' title='bbox 1775 4889 1890 4929; x_wconf 92' lang='grc' dir='ltr'><strong>σου</strong></span> 
     </span>
    </p>
   </div>
   <div class='ocr_carea' id='block_1_68' title="bbox 299 4968 1892 5041">
    <p class='ocr_par' dir='ltr' id='par_1_68' title="bbox 299 4968 1892 5041">
     <span class='ocr_line' id='line_1_68' title="bbox 299 4968 1892 5041; baseline 0 -19"><span class='ocrx_word' id='word_1_511' title='bbox 299 4970 470 5023; x_wconf 78' lang='grc' dir='ltr'><em>είσὶν</em></span> <span class='ocrx_word' id='word_1_512' title='bbox 497 4972 550 5024; x_wconf 89' lang='lat' dir='ltr'><strong>ol</strong></span> <span class='ocrx_word' id='word_1_513' title='bbox 591 4968 856 5038; x_wconf 78' lang='grc' dir='ltr'>οὐρανοὶ,</span> <span class='ocrx_word' id='word_1_514' title='bbox 892 4969 1049 5041; x_wconf 75' lang='grc' dir='ltr'>δῆλον</span> <span class='ocrx_word' id='word_1_515' title='bbox 1089 4969 1163 5032; x_wconf 86' lang='grc' dir='ltr'><strong>ὡς</strong></span> <span class='ocrx_word' id='word_1_516' title='bbox 1206 4969 1300 5022; x_wconf 74' lang='grc' dir='ltr'><strong>καὶ</strong></span> <span class='ocrx_word' id='word_1_517' title='bbox 1339 4969 1432 5020; x_wconf 74' lang='grc' dir='ltr'>ὲπὶ</span> <span class='ocrx_word' id='word_1_518' title='bbox 1471 4969 1598 5032; x_wconf 77' lang='grc' dir='ltr'>τοὺς</span> <span class='ocrx_word' id='word_1_519' title='bbox 1629 4969 1892 5038; x_wconf 82' lang='grc' dir='ltr'>οὐρανοὺς</span> 
     </span>
    </p>
   </div>
   <div class='ocr_carea' id='block_1_69' title="bbox 299 5060 1898 5136">
    <p class='ocr_par' dir='ltr' id='par_1_69' title="bbox 299 5060 1898 5136">
     <span class='ocr_line' id='line_1_69' title="bbox 299 5060 1898 5136; baseline -0.003 -19"><span class='ocrx_word' id='word_1_520' title='bbox 299 5065 647 5136; x_wconf 81' lang='grc' dir='ltr'>κατέστησεν</span> <span class='ocrx_word' id='word_1_521' title='bbox 695 5063 883 5116; x_wconf 85' lang='grc' dir='ltr'>αὐτόν.</span> <span class='ocrx_word' id='word_1_522' title='bbox 921 5063 1032 5116; x_wconf 75' lang='grc' dir='ltr'><strong>Καὶ</strong></span> <span class='ocrx_word' id='word_1_523' title='bbox 1080 5063 1287 5134; x_wconf 88' lang='grc' dir='ltr'>μήποτε</span> <span class='ocrx_word' id='word_1_524' title='bbox 1334 5063 1661 5132; x_wconf 77' lang='grc' dir='ltr'>ἀπορῤήτως</span> <span class='ocrx_word' id='word_1_525' title='bbox 1702 5060 1802 5132; x_wconf 86' lang='grc' dir='ltr'>τὴν</span> <span class='ocrx_word' id='word_1_526' title='bbox 1841 5062 1898 5113; x_wconf 76' lang='grc' dir='ltr'>ὲν</span> 
     </span>
    </p>
   </div>
   <div class='ocr_carea' id='block_1_70' title="bbox 299 5151 1898 5228">
    <p class='ocr_par' dir='ltr' id='par_1_70' title="bbox 299 5151 1898 5228">
     <span class='ocr_line' id='line_1_70' title="bbox 299 5151 1898 5228; baseline -0.003 -19"><span class='ocrx_word' id='word_1_527' title='bbox 299 5155 523 5228; x_wconf 78' lang='grc' dir='ltr'>οὐρανῷ</span> <span class='ocrx_word' id='word_1_528' title='bbox 549 5155 832 5226; x_wconf 78' lang='grc' dir='ltr'>διατριϐὴν</span> <span class='ocrx_word' id='word_1_529' title='bbox 858 5153 1130 5226; x_wconf 81' lang='grc' dir='ltr'>σημαίνει,</span> <span class='ocrx_word' id='word_1_530' title='bbox 1157 5153 1265 5208; x_wconf 87' lang='grc' dir='ltr'>τῶν</span> <span class='ocrx_word' id='word_1_531' title='bbox 1290 5153 1399 5207; x_wconf 83' lang='grc' dir='ltr'><strong>ἀπὸ</strong></span> <span class='ocrx_word' id='word_1_532' title='bbox 1418 5153 1524 5223; x_wconf 78' lang='grc' dir='ltr'>γῆς</span> <span class='ocrx_word' id='word_1_533' title='bbox 1553 5155 1734 5205; x_wconf 70' lang='grc' dir='ltr'>ἐκεῖσε</span> <span class='ocrx_word' id='word_1_534' title='bbox 1769 5151 1898 5224; x_wconf 86' lang='grc' dir='ltr'>μεθ-</span> 
     </span>
    </p>
   </div>
   <div class='ocr_carea' id='block_1_71' title="bbox 301 5243 1897 5320">
    <p class='ocr_par' dir='ltr' id='par_1_71' title="bbox 301 5243 1897 5320">
     <span class='ocr_line' id='line_1_71' title="bbox 301 5243 1897 5320; baseline -0.006 -16"><span class='ocrx_word' id='word_1_535' title='bbox 301 5249 636 5320; x_wconf 76' lang='grc' dir='ltr'>ισταμένων,</span> <span class='ocrx_word' id='word_1_536' title='bbox 670 5249 772 5301; x_wconf 79' lang='grc' dir='ltr'><strong>ὅτε</strong></span> <span class='ocrx_word' id='word_1_537' title='bbox 809 5247 1062 5318; x_wconf 88' lang='grc' dir='ltr'>μέλλουσι</span> <span class='ocrx_word' id='word_1_538' title='bbox 1097 5245 1372 5317; x_wconf 87' lang='grc' dir='ltr'>βασιλείαν</span> <span class='ocrx_word' id='word_1_539' title='bbox 1419 5243 1774 5316; x_wconf 82' lang='grc' dir='ltr'>κληρονομεῖν</span> <span class='ocrx_word' id='word_1_540' title='bbox 1805 5244 1897 5296; x_wconf 91' lang='grc' dir='ltr'>οὐ-</span> 
     </span>
    </p>
   </div>
   <div class='ocr_carea' id='block_1_72' title="bbox 303 5336 1900 5412">
    <p class='ocr_par' dir='ltr' id='par_1_72' title="bbox 303 5336 1900 5412">
     <span class='ocr_line' id='line_1_72' title="bbox 303 5336 1900 5412; baseline -0.004 -18"><span class='ocrx_word' id='word_1_541' title='bbox 303 5342 488 5412; x_wconf 79' lang='grc' dir='ltr'>ρανῶν</span> <span class='ocrx_word' id='word_1_542' title='bbox 523 5341 602 5402; x_wconf 83' lang='grc' dir='ltr'>ὡς</span> <span class='ocrx_word' id='word_1_543' title='bbox 645 5339 1002 5411; x_wconf 75' lang='grc' dir='ltr'>ἐπήγγελται.</span> <span class='ocrx_word' id='word_1_544' title='bbox 1035 5339 1194 5406; x_wconf 87' lang='grc' dir='ltr'>Λέγει</span> <span class='ocrx_word' id='word_1_545' title='bbox 1228 5338 1284 5391; x_wconf 81' lang='grc' dir='ltr'>δὲ</span> <span class='ocrx_word' id='word_1_546' title='bbox 1331 5340 1359 5391; x_wconf 89' lang='grc' dir='ltr'>ὁ</span> <span class='ocrx_word' id='word_1_547' title='bbox 1391 5336 1601 5400; x_wconf 76' lang='grc' dir='ltr'>Παῦλος</span> <span class='ocrx_word' id='word_1_548' title='bbox 1621 5353 1634 5366; x_wconf 93' lang='grc'><strong>·</strong></span> <span class='ocrx_word' id='word_1_549' title='bbox 1671 5339 1900 5402; x_wconf 81' lang='grc' dir='ltr'>Κληρο-</span> 
     </span>
    </p>
   </div>
   <div class='ocr_carea' id='block_1_73' title="bbox 301 5427 1889 5504">
    <p class='ocr_par' dir='ltr' id='par_1_73' title="bbox 301 5427 1889 5504">
     <span class='ocr_line' id='line_1_73' title="bbox 301 5427 1889 5504; baseline -0.001 -20"><span class='ocrx_word' id='word_1_550' title='bbox 301 5435 478 5502; x_wconf 76' lang='grc' dir='ltr'>νόμοι</span> <span class='ocrx_word' id='word_1_551' title='bbox 537 5433 655 5504; x_wconf 80' lang='grc' dir='ltr'><strong>μὲν</strong></span> <span class='ocrx_word' id='word_1_552' title='bbox 713 5433 896 5496; x_wconf 83' lang='grc' dir='ltr'>Θεοῦ,</span> <span class='ocrx_word' id='word_1_553' title='bbox 952 5432 1432 5502; x_wconf 78' lang='grc' dir='ltr'>συγκληρονόμοι</span> <span class='ocrx_word' id='word_1_554' title='bbox 1490 5429 1558 5482; x_wconf 78' lang='grc' dir='ltr'>δὲ</span> <span class='ocrx_word' id='word_1_555' title='bbox 1612 5427 1889 5497; x_wconf 77' lang='grc' dir='ltr'>Χριστοῦ.</span> 
     </span>
    </p>
   </div>
   <div class='ocr_carea' id='block_1_74' title="bbox 301 5519 1891 5590">
    <p class='ocr_par' dir='ltr' id='par_1_74' title="bbox 301 5519 1891 5590">
     <span class='ocr_line' id='line_1_74' title="bbox 301 5519 1891 5590; baseline -0.003 -14"><span class='ocrx_word' id='word_1_556' title='bbox 301 5524 466 5578; x_wconf 78' lang='grc' dir='ltr'>Οὕτω</span> <span class='ocrx_word' id='word_1_557' title='bbox 505 5526 602 5579; x_wconf 72' lang='grc' dir='ltr'>καὶ</span> <span class='ocrx_word' id='word_1_558' title='bbox 635 5525 718 5590; x_wconf 81' lang='grc' dir='ltr'><strong>τὸ,</strong></span> <span class='ocrx_word' id='word_1_559' title='bbox 753 5524 940 5577; x_wconf 82' lang='grc' dir='ltr'>Πάντα</span> <span class='ocrx_word' id='word_1_560' title='bbox 977 5523 1240 5589; x_wconf 80' lang='grc' dir='ltr'>ὑπέταξεν</span> <span class='ocrx_word' id='word_1_561' title='bbox 1274 5521 1530 5574; x_wconf 81' lang='grc' dir='ltr'>ὑποκάτω</span> <span class='ocrx_word' id='word_1_562' title='bbox 1569 5519 1680 5574; x_wconf 86' lang='grc' dir='ltr'>τῶν</span> <span class='ocrx_word' id='word_1_563' title='bbox 1714 5519 1891 5571; x_wconf 82' lang='grc' dir='ltr'>ποδῶν</span> 
     </span>
    </p>
   </div>
   <div class='ocr_carea' id='block_1_75' title="bbox 303 5609 1892 5688">
    <p class='ocr_par' dir='ltr' id='par_1_75' title="bbox 303 5609 1892 5688">
     <span class='ocr_line' id='line_1_75' title="bbox 303 5609 1892 5688; baseline -0.003 -20"><span class='ocrx_word' id='word_1_564' title='bbox 303 5616 496 5682; x_wconf 70' lang='grc' dir='ltr'>αὐτοῦ,</span> <span class='ocrx_word' id='word_1_565' title='bbox 531 5618 756 5688; x_wconf 86' lang='grc' dir='ltr'>νοητέον</span> <span class='ocrx_word' id='word_1_566' title='bbox 787 5615 884 5668; x_wconf 81' lang='grc' dir='ltr'><strong>νῦν</strong></span> <span class='ocrx_word' id='word_1_567' title='bbox 919 5617 1018 5687; x_wconf 82' lang='grc' dir='ltr'>μὲν</span> <span class='ocrx_word' id='word_1_568' title='bbox 1049 5614 1118 5668; x_wconf 83' lang='grc' dir='ltr'>τὰ</span> <span class='ocrx_word' id='word_1_569' title='bbox 1147 5613 1294 5680; x_wconf 51' lang='grc' dir='ltr'><strong>ζῶσα</strong></span> <span class='ocrx_word' id='word_1_570' title='bbox 1330 5612 1516 5684; x_wconf 77' lang='grc' dir='ltr'>ἐπειδὴ</span> <span class='ocrx_word' id='word_1_571' title='bbox 1549 5613 1606 5666; x_wconf 79' lang='grc' dir='ltr'><strong>δὲ</strong></span> <span class='ocrx_word' id='word_1_572' title='bbox 1651 5613 1744 5664; x_wconf 77' lang='grc' dir='ltr'>καὶ</span> <span class='ocrx_word' id='word_1_573' title='bbox 1774 5609 1892 5682; x_wconf 79' lang='grc' dir='ltr'>βίος</span> 
     </span>
    </p>
   </div>
   <div class='ocr_carea' id='block_1_76' title="bbox 373 5792 1482 5863">
    <p class='ocr_par' dir='ltr' id='par_1_76' title="bbox 373 5792 1482 5863">
     <span class='ocr_line' id='line_1_76' title="bbox 373 5792 1482 5863; baseline -0.007 -8"><span class='ocrx_word' id='word_1_574' title='bbox 373 5799 421 5832; x_wconf 74' lang='grc'><strong>⁸⁷</strong></span> <span class='ocrx_word' id='word_1_575' title='bbox 459 5797 610 5856; x_wconf 75' lang='lat' dir='ltr'><strong>Psal.</strong></span> <span class='ocrx_word' id='word_1_576' title='bbox 645 5813 778 5863; x_wconf 78' lang='lat' dir='ltr'><strong>vni,</strong></span> <span class='ocrx_word' id='word_1_577' title='bbox 819 5797 909 5853; x_wconf 78' lang='grc'><strong>45.</strong></span> <span class='ocrx_word' id='word_1_578' title='bbox 985 5797 1030 5830; x_wconf 80' lang='grc'><strong>⁵⁸</strong></span> <span class='ocrx_word' id='word_1_579' title='bbox 1069 5795 1265 5852; x_wconf 81' lang='lat' dir='ltr'><strong>Cenes.</strong></span> <span class='ocrx_word' id='word_1_580' title='bbox 1301 5810 1358 5862; x_wconf 73' lang='grc' dir='ltr'><strong>ι,</strong></span> <span class='ocrx_word' id='word_1_581' title='bbox 1392 5792 1482 5848; x_wconf 75' lang='grc'>26.</span> 
     </span>
    </p>
   </div>
   <div class='ocr_carea' id='block_1_77' title="bbox 1562 5788 2016 5860">
    <p class='ocr_par' dir='ltr' id='par_1_77' title="bbox 1562 5788 2016 5860">
     <span class='ocr_line' id='line_1_77' title="bbox 1562 5788 2016 5860; baseline -0.002 -12"><span class='ocrx_word' id='word_1_582' title='bbox 1562 5793 1606 5826; x_wconf 72' lang='grc'><strong>⁸³</strong></span> <span class='ocrx_word' id='word_1_583' title='bbox 1644 5789 1792 5848; x_wconf 84' lang='lat' dir='ltr'><strong>Psal.</strong></span> <span class='ocrx_word' id='word_1_584' title='bbox 1813 5805 1888 5860; x_wconf 78' lang='lat' dir='ltr'><strong>cr,</strong></span> <span class='ocrx_word' id='word_1_585' title='bbox 1924 5788 2016 5847; x_wconf 74' lang='lat'><strong>26.</strong></span> 
     </span>
    </p>
   </div>
   <div class='ocr_carea' id='block_1_78' title="bbox 1989 1925 3566 1997">
    <p class='ocr_par' dir='ltr' id='par_1_78' title="bbox 1989 1925 3566 1997">
     <span class='ocr_line' id='line_1_78' title="bbox 1989 1925 3566 1997; baseline -0.001 -18"><span class='ocrx_word' id='word_1_586' title='bbox 1989 1935 2168 1980; x_wconf 89' lang='lat' dir='ltr'><strong>totum</strong></span> <span class='ocrx_word' id='word_1_587' title='bbox 2197 1925 2462 1980; x_wconf 88' lang='lat' dir='ltr'><strong>mundum</strong></span> <span class='ocrx_word' id='word_1_588' title='bbox 2491 1927 3074 1997; x_wconf 73' lang='lat' dir='ltr'><strong>&#39;circumplectuntur;</strong></span> <span class='ocrx_word' id='word_1_589' title='bbox 3120 1927 3279 1982; x_wconf 88' lang='lat' dir='ltr'><strong>video</strong></span> <span class='ocrx_word' id='word_1_590' title='bbox 3317 1927 3444 1981; x_wconf 90' lang='lat' dir='ltr'><strong>item</strong></span> <span class='ocrx_word' id='word_1_591' title='bbox 3483 1927 3566 1979; x_wconf 88' lang='lat' dir='ltr'><strong>lu-</strong></span> 
     </span>
    </p>
   </div>
   <div class='ocr_carea' id='block_1_79' title="bbox 1989 2019 3568 2090">
    <p class='ocr_par' dir='ltr' id='par_1_79' title="bbox 1989 2019 3568 2090">
     <span class='ocr_line' id='line_1_79' title="bbox 1989 2019 3568 2090; baseline 0 -16"><span class='ocrx_word' id='word_1_592' title='bbox 1989 2035 2118 2074; x_wconf 87' lang='lat' dir='ltr'><strong>nam</strong></span> <span class='ocrx_word' id='word_1_593' title='bbox 2145 2027 2200 2074; x_wconf 88' lang='lat' dir='ltr'><strong>et</strong></span> <span class='ocrx_word' id='word_1_594' title='bbox 2229 2021 2441 2078; x_wconf 86' lang='lat' dir='ltr'><strong>stellas.</strong></span> <span class='ocrx_word' id='word_1_595' title='bbox 2481 2029 2535 2074; x_wconf 89' lang='lat' dir='ltr'><strong>et</strong></span> <span class='ocrx_word' id='word_1_596' title='bbox 2561 2021 2723 2090; x_wconf 83' lang='lat' dir='ltr'><strong>plane</strong></span> <span class='ocrx_word' id='word_1_597' title='bbox 2753 2035 2925 2075; x_wconf 88' lang='lat' dir='ltr'><strong>nosco</strong></span> <span class='ocrx_word' id='word_1_598' title='bbox 2963 2019 3079 2074; x_wconf 56' lang='lat' dir='ltr'><strong>huic</strong></span> <span class='ocrx_word' id='word_1_599' title='bbox 3111 2021 3294 2074; x_wconf 85' lang='lat' dir='ltr'><strong>omnia</strong></span> <span class='ocrx_word' id='word_1_600' title='bbox 3339 2035 3568 2090; x_wconf 79' lang='lat' dir='ltr'><strong>magnas</strong></span> 
     </span>
    </p>
   </div>
   <div class='ocr_carea' id='block_1_80' title="bbox 1987 2110 3568 2182">
    <p class='ocr_par' dir='ltr' id='par_1_80' title="bbox 1987 2110 3568 2182">
     <span class='ocr_line' id='line_1_80' title="bbox 1987 2110 3568 2182; baseline 0 -18"><span class='ocrx_word' id='word_1_601' title='bbox 1987 2110 2380 2182; x_wconf 87' lang='lat' dir='ltr'><strong>mirabilcsque</strong></span> <span class='ocrx_word' id='word_1_602' title='bbox 2403 2111 2643 2166; x_wconf 90' lang='lat' dir='ltr'><strong>universi</strong></span> <span class='ocrx_word' id='word_1_603' title='bbox 2671 2111 2876 2182; x_wconf 83' lang='lat' dir='ltr'><strong>Opiﬁcii</strong></span> <span class='ocrx_word' id='word_1_604' title='bbox 2909 2119 3091 2182; x_wconf 89' lang='lat' dir='ltr'><strong>partes</strong></span> <span class='ocrx_word' id='word_1_605' title='bbox 3119 2127 3242 2166; x_wconf 88' lang='lat' dir='ltr'><strong>esse</strong></span> <span class='ocrx_word' id='word_1_606' title='bbox 3269 2131 3281 2165; x_wconf 92' lang='lat'><strong>:</strong></span> <span class='ocrx_word' id='word_1_607' title='bbox 3327 2119 3568 2164; x_wconf 85' lang='lat' dir='ltr'><strong>attamen</strong></span> 
     </span>
    </p>
   </div>
   <div class='ocr_carea' id='block_1_81' title="bbox 1990 2201 3566 2272">
    <p class='ocr_par' dir='ltr' id='par_1_81' title="bbox 1990 2201 3566 2272">
     <span class='ocr_line' id='line_1_81' title="bbox 1990 2201 3566 2272; baseline 0.001 -16"><span class='ocrx_word' id='word_1_608' title='bbox 1990 2201 2094 2256; x_wconf 90' lang='lat' dir='ltr'><strong>etsi</strong></span> <span class='ocrx_word' id='word_1_609' title='bbox 2142 2203 2271 2255; x_wconf 89' lang='lat' dir='ltr'><strong>talia</strong></span> <span class='ocrx_word' id='word_1_610' title='bbox 2325 2209 2468 2269; x_wconf 81' lang='lat' dir='ltr'><strong>sunt,</strong></span> <span class='ocrx_word' id='word_1_611' title='bbox 2524 2203 2649 2256; x_wconf 91' lang='lat' dir='ltr'><strong>novi</strong></span> <span class='ocrx_word' id='word_1_612' title='bbox 2690 2217 2754 2257; x_wconf 88' lang='lat' dir='ltr'><strong>ea</strong></span> <span class='ocrx_word' id='word_1_613' title='bbox 2801 2203 3025 2256; x_wconf 85' lang='lat' dir='ltr'><strong>minima</strong></span> <span class='ocrx_word' id='word_1_614' title='bbox 3074 2217 3300 2272; x_wconf 91' lang='lat' dir='ltr'><strong>operum</strong></span> <span class='ocrx_word' id='word_1_615' title='bbox 3347 2212 3566 2257; x_wconf 90' lang='lat' dir='ltr'><strong>tuorum</strong></span> 
     </span>
    </p>
   </div>
   <div class='ocr_carea' id='block_1_82' title="bbox 1989 2295 3564 2370">
    <p class='ocr_par' dir='ltr' id='par_1_82' title="bbox 1989 2295 3564 2370">
     <span class='ocr_line' id='line_1_82' title="bbox 1989 2295 3564 2370; baseline 0.001 -20"><span class='ocrx_word' id='word_1_616' title='bbox 1989 2309 2129 2352; x_wconf 89' lang='lat' dir='ltr'><strong>esse.</strong></span> <span class='ocrx_word' id='word_1_617' title='bbox 2171 2295 2296 2350; x_wconf 80' lang='lat' dir='ltr'><strong>Haec</strong></span> <span class='ocrx_word' id='word_1_618' title='bbox 2345 2295 2526 2366; x_wconf 84' lang='lat' dir='ltr'><strong>itaque</strong></span> <span class='ocrx_word' id='word_1_619' title='bbox 2572 2305 2700 2352; x_wconf 91' lang='lat' dir='ltr'><strong>sunt</strong></span> <span class='ocrx_word' id='word_1_620' title='bbox 2751 2295 3045 2367; x_wconf 77' lang='lat' dir='ltr'><strong>digitorum</strong></span> <span class='ocrx_word' id='word_1_621' title='bbox 3091 2305 3310 2352; x_wconf 90' lang='lat' dir='ltr'><strong>tuorum</strong></span> <span class='ocrx_word' id='word_1_622' title='bbox 3361 2313 3564 2370; x_wconf 85' lang='lat' dir='ltr'><strong>opera;</strong></span> 
     </span>
    </p>
   </div>
   <div class='ocr_carea' id='block_1_83' title="bbox 1987 2389 3568 2460">
    <p class='ocr_par' dir='ltr' id='par_1_83' title="bbox 1987 2389 3568 2460">
     <span class='ocr_line' id='line_1_83' title="bbox 1987 2389 3568 2460; baseline 0.001 -18"><span class='ocrx_word' id='word_1_623' title='bbox 1987 2403 2098 2442; x_wconf 92' lang='lat' dir='ltr'><strong>non</strong></span> <span class='ocrx_word' id='word_1_624' title='bbox 2130 2403 2260 2442; x_wconf 86' lang='lat' dir='ltr'><strong>vero</strong></span> <span class='ocrx_word' id='word_1_625' title='bbox 2295 2403 2576 2450; x_wconf 86' lang='lat' dir='ltr'><strong>manuum,</strong></span> <span class='ocrx_word' id='word_1_626' title='bbox 2611 2403 2790 2458; x_wconf 90' lang='lat' dir='ltr'><strong>neque</strong></span> <span class='ocrx_word' id='word_1_627' title='bbox 2821 2403 3030 2460; x_wconf 67' lang='lat' dir='ltr'><strong>magnae</strong></span> <span class='ocrx_word' id='word_1_628' title='bbox 3059 2389 3344 2458; x_wconf 87' lang='lat' dir='ltr'><strong>cujusdam</strong></span> <span class='ocrx_word' id='word_1_629' title='bbox 3375 2396 3568 2460; x_wconf 86' lang='lat' dir='ltr'><strong>poten-</strong></span> 
     </span>
    </p>
   </div>
   <div class='ocr_carea' id='block_1_84' title="bbox 1992 2481 3562 2554">
    <p class='ocr_par' dir='ltr' id='par_1_84' title="bbox 1992 2481 3562 2554">
     <span class='ocr_line' id='line_1_84' title="bbox 1992 2481 3562 2554; baseline 0.001 -18"><span class='ocrx_word' id='word_1_630' title='bbox 1992 2482 2081 2536; x_wconf 69' lang='lat' dir='ltr'><strong>tire</strong></span> <span class='ocrx_word' id='word_1_631' title='bbox 2107 2491 2244 2549; x_wconf 74' lang='lat' dir='ltr'><strong>tuae;</strong></span> <span class='ocrx_word' id='word_1_632' title='bbox 2301 2481 2418 2545; x_wconf 91' lang='lat' dir='ltr'><strong>sed,</strong></span> <span class='ocrx_word' id='word_1_633' title='bbox 2459 2490 2519 2535; x_wconf 91' lang='lat' dir='ltr'><strong>ut</strong></span> <span class='ocrx_word' id='word_1_634' title='bbox 2577 2481 2651 2535; x_wconf 86' lang='lat' dir='ltr'><strong>ita</strong></span> <span class='ocrx_word' id='word_1_635' title='bbox 2707 2481 2910 2546; x_wconf 90' lang='lat' dir='ltr'><strong>dicam,</strong></span> <span class='ocrx_word' id='word_1_636' title='bbox 2963 2491 3330 2537; x_wconf 86' lang='lat' dir='ltr'><strong>extremorum</strong></span> <span class='ocrx_word' id='word_1_637' title='bbox 3367 2481 3562 2554; x_wconf 86' lang='lat' dir='ltr'><strong>digito-</strong></span> 
     </span>
    </p>
   </div>
   <div class='ocr_carea' id='block_1_85' title="bbox 1989 2573 3562 2643">
    <p class='ocr_par' dir='ltr' id='par_1_85' title="bbox 1989 2573 3562 2643">
     <span class='ocr_line' id='line_1_85' title="bbox 1989 2573 3562 2643; baseline 0.001 -15"><span class='ocrx_word' id='word_1_638' title='bbox 1989 2589 2142 2629; x_wconf 89' lang='lat' dir='ltr'><strong>rum:</strong></span> <span class='ocrx_word' id='word_1_639' title='bbox 2177 2574 2252 2628; x_wconf 88' lang='lat' dir='ltr'><strong>ita</strong></span> <span class='ocrx_word' id='word_1_640' title='bbox 2299 2573 2550 2628; x_wconf 89' lang='lat' dir='ltr'><strong>videlicet</strong></span> <span class='ocrx_word' id='word_1_641' title='bbox 2600 2574 2811 2643; x_wconf 90' lang='lat' dir='ltr'><strong>tropice</strong></span> <span class='ocrx_word' id='word_1_642' title='bbox 2847 2582 3115 2628; x_wconf 80' lang='lat' dir='ltr'><strong>vocantur</strong></span> <span class='ocrx_word' id='word_1_643' title='bbox 3164 2575 3392 2630; x_wconf 84' lang='lat' dir='ltr'><strong>virtutes</strong></span> <span class='ocrx_word' id='word_1_644' title='bbox 3447 2573 3562 2640; x_wconf 88' lang='lat' dir='ltr'><strong>Dei,</strong></span> 
     </span>
    </p>
   </div>
   <div class='ocr_carea' id='block_1_86' title="bbox 1989 2665 3424 2738">
    <p class='ocr_par' dir='ltr' id='par_1_86' title="bbox 1989 2665 3424 2738">
     <span class='ocr_line' id='line_1_86' title="bbox 1989 2665 3424 2738; baseline -0.001 -17"><span class='ocrx_word' id='word_1_645' title='bbox 1989 2667 2190 2738; x_wconf 88' lang='lat' dir='ltr'><strong>quibus</strong></span> <span class='ocrx_word' id='word_1_646' title='bbox 2225 2667 2510 2722; x_wconf 86' lang='lat' dir='ltr'><strong>sensibilia</strong></span> <span class='ocrx_word' id='word_1_647' title='bbox 2539 2665 2885 2737; x_wconf 87' lang='lat' dir='ltr'><strong>visibiliaque</strong></span> <span class='ocrx_word' id='word_1_648' title='bbox 2920 2681 3086 2737; x_wconf 84' lang='lat' dir='ltr'><strong>opera</strong></span> <span class='ocrx_word' id='word_1_649' title='bbox 3117 2667 3424 2722; x_wconf 86' lang='lat' dir='ltr'><strong>constituit.</strong></span> 
     </span>
    </p>
   </div>
   <div class='ocr_carea' id='block_1_87' title="bbox 2061 2839 3568 2912">
    <p class='ocr_par' dir='ltr' id='par_1_87' title="bbox 2061 2839 3568 2912">
     <span class='ocr_line' id='line_1_87' title="bbox 2061 2839 3568 2912; baseline -0.002 -14"><span class='ocrx_word' id='word_1_650' title='bbox 2061 2841 2233 2898; x_wconf 67' lang='lat' dir='ltr'><strong>Vens.</strong></span> <span class='ocrx_word' id='word_1_651' title='bbox 2265 2843 2318 2898; x_wconf 86' lang='lat'><strong>6.</strong></span> <span class='ocrx_word' id='word_1_652' title='bbox 2356 2841 2603 2897; x_wconf 83' lang='lat' dir='ltr'><strong>Minuisti</strong></span> <span class='ocrx_word' id='word_1_653' title='bbox 2643 2857 2762 2895; x_wconf 86' lang='lat' dir='ltr'><strong>eum</strong></span> <span class='ocrx_word' id='word_1_654' title='bbox 2803 2841 2964 2912; x_wconf 87' lang='lat' dir='ltr'><strong>paulo</strong></span> <span class='ocrx_word' id='word_1_655' title='bbox 2999 2839 3172 2894; x_wconf 85' lang='lat' dir='ltr'><strong>minus</strong></span> <span class='ocrx_word' id='word_1_656' title='bbox 3224 2841 3289 2894; x_wconf 89' lang='lat' dir='ltr'><strong>ab</strong></span> <span class='ocrx_word' id='word_1_657' title='bbox 3345 2841 3568 2910; x_wconf 77' lang='lat' dir='ltr'><strong>angelis,</strong></span> 
     </span>
    </p>
   </div>
   <div class='ocr_carea' id='block_1_88' title="bbox 1991 2931 3570 3002">
    <p class='ocr_par' dir='ltr' id='par_1_88' title="bbox 1991 2931 3570 3002">
     <span class='ocr_line' id='line_1_88' title="bbox 1991 2931 3570 3002; baseline 0.003 -17"><span class='ocrx_word' id='word_1_658' title='bbox 1991 2933 2164 3002; x_wconf 82' lang='lat' dir='ltr'><strong>gloria</strong></span> <span class='ocrx_word' id='word_1_659' title='bbox 2187 2944 2236 2988; x_wconf 85' lang='lat' dir='ltr'><strong>et</strong></span> <span class='ocrx_word' id='word_1_660' title='bbox 2268 2933 2462 2986; x_wconf 82' lang='lat' dir='ltr'><strong>honore</strong></span> <span class='ocrx_word' id='word_1_661' title='bbox 2492 2933 2762 2986; x_wconf 87' lang='lat' dir='ltr'><strong>coronasti</strong></span> <span class='ocrx_word' id='word_1_662' title='bbox 2793 2949 2936 2986; x_wconf 81' lang='lat' dir='ltr'><strong>eum.</strong></span> <span class='ocrx_word' id='word_1_663' title='bbox 2973 2931 3037 2986; x_wconf 84' lang='lat' dir='ltr'><strong>Et</strong></span> <span class='ocrx_word' id='word_1_664' title='bbox 3065 2947 3196 2987; x_wconf 87' lang='lat' dir='ltr'><strong>sane</strong></span> <span class='ocrx_word' id='word_1_665' title='bbox 3224 2933 3330 2986; x_wconf 90' lang='lat' dir='ltr'><strong>alia</strong></span> <span class='ocrx_word' id='word_1_666' title='bbox 3358 2935 3570 2989; x_wconf 76' lang='lat' dir='ltr'><strong>ratione</strong></span> 
     </span>
    </p>
   </div>
   <div class='ocr_carea' id='block_1_89' title="bbox 1992 3023 3571 3096">
    <p class='ocr_par' dir='ltr' id='par_1_89' title="bbox 1992 3023 3571 3096">
     <span class='ocr_line' id='line_1_89' title="bbox 1992 3023 3571 3096; baseline 0.001 -17"><span class='ocrx_word' id='word_1_667' title='bbox 1992 3025 2269 3082; x_wconf 88' lang='lat' dir='ltr'><strong>hominem</strong></span> <span class='ocrx_word' id='word_1_668' title='bbox 2305 3025 2476 3096; x_wconf 80' lang='lat' dir='ltr'><strong>gloria</strong></span> <span class='ocrx_word' id='word_1_669' title='bbox 2509 3035 2562 3080; x_wconf 85' lang='lat' dir='ltr'><strong>et</strong></span> <span class='ocrx_word' id='word_1_670' title='bbox 2593 3025 2801 3079; x_wconf 88' lang='lat' dir='ltr'><strong>honore</strong></span> <span class='ocrx_word' id='word_1_671' title='bbox 2836 3025 3120 3079; x_wconf 77' lang='lat' dir='ltr'><strong>coronavit</strong></span> <span class='ocrx_word' id='word_1_672' title='bbox 3149 3023 3333 3092; x_wconf 86' lang='lat' dir='ltr'><strong>Deus;</strong></span> <span class='ocrx_word' id='word_1_673' title='bbox 3366 3025 3432 3080; x_wconf 87' lang='lat' dir='ltr'><strong>de</strong></span> <span class='ocrx_word' id='word_1_674' title='bbox 3453 3023 3571 3081; x_wconf 82' lang='lat' dir='ltr'><strong>sclo</strong></span> 
     </span>
    </p>
   </div>
   <div class='ocr_carea' id='block_1_90' title="bbox 1992 3117 3570 3192">
    <p class='ocr_par' dir='ltr' id='par_1_90' title="bbox 1992 3117 3570 3192">
     <span class='ocr_line' id='line_1_90' title="bbox 1992 3117 3570 3192; baseline -0.002 -17"><span class='ocrx_word' id='word_1_675' title='bbox 1992 3121 2194 3192; x_wconf 85' lang='lat' dir='ltr'><strong>quippe</strong></span> <span class='ocrx_word' id='word_1_676' title='bbox 2223 3121 2444 3174; x_wconf 88' lang='lat' dir='ltr'><strong>homine</strong></span> <span class='ocrx_word' id='word_1_677' title='bbox 2473 3119 2645 3174; x_wconf 84' lang='lat' dir='ltr'><strong>dixit:</strong></span> <span class='ocrx_word' id='word_1_678' title='bbox 2700 3117 2992 3172; x_wconf 84' lang='lat' dir='ltr'><strong>Faciamus</strong></span> <span class='ocrx_word' id='word_1_679' title='bbox 3033 3117 3294 3171; x_wconf 86' lang='lat' dir='ltr'><strong>hominem</strong></span> <span class='ocrx_word' id='word_1_680' title='bbox 3335 3117 3403 3171; x_wconf 88' lang='lat' dir='ltr'><strong>ad</strong></span> <span class='ocrx_word' id='word_1_681' title='bbox 3435 3121 3570 3172; x_wconf 86' lang='lat' dir='ltr'><strong>ima-</strong></span> 
     </span>
    </p>
   </div>
   <div class='ocr_carea' id='block_1_91' title="bbox 1993 3209 3570 3284">
    <p class='ocr_par' dir='ltr' id='par_1_91' title="bbox 1993 3209 3570 3284">
     <span class='ocr_line' id='line_1_91' title="bbox 1993 3209 3570 3284; baseline 0.001 -19"><span class='ocrx_word' id='word_1_682' title='bbox 1993 3213 2165 3284; x_wconf 85' lang='lat' dir='ltr'><strong>ginem</strong></span> <span class='ocrx_word' id='word_1_683' title='bbox 2189 3221 2237 3266; x_wconf 88' lang='lat' dir='ltr'><strong>et</strong></span> <span class='ocrx_word' id='word_1_684' title='bbox 2264 3211 2667 3266; x_wconf 82' lang='lat' dir='ltr'><strong>similitudinem</strong></span> <span class='ocrx_word' id='word_1_685' title='bbox 2694 3211 3007 3264; x_wconf 69' lang='lat' dir='ltr'><strong>nostram“.</strong></span> <span class='ocrx_word' id='word_1_686' title='bbox 3049 3209 3382 3280; x_wconf 90' lang='lat' dir='ltr'><strong>Diversoque</strong></span> <span class='ocrx_word' id='word_1_687' title='bbox 3409 3211 3570 3266; x_wconf 90' lang='lat' dir='ltr'><strong>modo</strong></span> 
     </span>
    </p>
   </div>
   <div class='ocr_carea' id='block_1_92' title="bbox 1991 3301 3573 3373">
    <p class='ocr_par' dir='ltr' id='par_1_92' title="bbox 1991 3301 3573 3373">
     <span class='ocr_line' id='line_1_92' title="bbox 1991 3301 3573 3373; baseline 0 -14"><span class='ocrx_word' id='word_1_688' title='bbox 1991 3305 2197 3359; x_wconf 79' lang='lat' dir='ltr'><strong>sanctis</strong></span> <span class='ocrx_word' id='word_1_689' title='bbox 2214 3303 2525 3358; x_wconf 90' lang='lat' dir='ltr'><strong>hominibus</strong></span> <span class='ocrx_word' id='word_1_690' title='bbox 2539 3303 2810 3373; x_wconf 87' lang='lat' dir='ltr'><strong>apparuit,</strong></span> <span class='ocrx_word' id='word_1_691' title='bbox 2833 3301 3205 3373; x_wconf 83' lang='lat' dir='ltr'><strong>Spiritumque</strong></span> <span class='ocrx_word' id='word_1_692' title='bbox 3223 3313 3471 3357; x_wconf 88' lang='lat' dir='ltr'><strong>sanctum</strong></span> <span class='ocrx_word' id='word_1_693' title='bbox 3508 3319 3573 3360; x_wconf 86' lang='lat' dir='ltr'><strong>ac</strong></span> 
     </span>
    </p>
   </div>
   <div class='ocr_carea' id='block_1_93' title="bbox 1993 3395 3570 3465">
    <p class='ocr_par' dir='ltr' id='par_1_93' title="bbox 1993 3395 3570 3465">
     <span class='ocr_line' id='line_1_93' title="bbox 1993 3395 3570 3465; baseline -0.001 -13"><span class='ocrx_word' id='word_1_694' title='bbox 1993 3397 2275 3452; x_wconf 62' lang='lat' dir='ltr'><strong>caelestem</strong></span> <span class='ocrx_word' id='word_1_695' title='bbox 2313 3403 2640 3465; x_wconf 88' lang='lat' dir='ltr'><strong>potestatem</strong></span> <span class='ocrx_word' id='word_1_696' title='bbox 2677 3395 2896 3459; x_wconf 88' lang='lat' dir='ltr'><strong>indidit,</strong></span> <span class='ocrx_word' id='word_1_697' title='bbox 2947 3402 3008 3448; x_wconf 93' lang='lat' dir='ltr'><strong>ut</strong></span> <span class='ocrx_word' id='word_1_698' title='bbox 3051 3395 3234 3448; x_wconf 74' lang='lat' dir='ltr'><strong>futura</strong></span> <span class='ocrx_word' id='word_1_699' title='bbox 3265 3411 3570 3465; x_wconf 81' lang='lat' dir='ltr'><strong>praenosce-</strong></span> 
     </span>
    </p>
   </div>
   <div class='ocr_carea' id='block_1_94' title="bbox 1992 3487 3571 3557">
    <p class='ocr_par' dir='ltr' id='par_1_94' title="bbox 1992 3487 3571 3557">
     <span class='ocr_line' id='line_1_94' title="bbox 1992 3487 3571 3557; baseline -0.001 -14"><span class='ocrx_word' id='word_1_700' title='bbox 1992 3494 2138 3552; x_wconf 89' lang='lat' dir='ltr'><strong>rent,</strong></span> <span class='ocrx_word' id='word_1_701' title='bbox 2192 3487 2414 3543; x_wconf 86' lang='lat' dir='ltr'><strong>morbos</strong></span> <span class='ocrx_word' id='word_1_702' title='bbox 2467 3487 2752 3557; x_wconf 84' lang='lat' dir='ltr'><strong>pellerent,</strong></span> <span class='ocrx_word' id='word_1_703' title='bbox 2801 3497 3049 3542; x_wconf 88' lang='lat' dir='ltr'><strong>mortuos</strong></span> <span class='ocrx_word' id='word_1_704' title='bbox 3096 3488 3468 3542; x_wconf 84' lang='lat' dir='ltr'><strong>suscitarent:</strong></span> <span class='ocrx_word' id='word_1_705' title='bbox 3517 3499 3571 3542; x_wconf 89' lang='lat' dir='ltr'><strong>et</strong></span> 
     </span>
    </p>
   </div>
   <div class='ocr_carea' id='block_1_95' title="bbox 1992 3563 3565 3652">
    <p class='ocr_par' dir='ltr' id='par_1_95' title="bbox 1992 3563 3565 3652">
     <span class='ocr_line' id='line_1_95' title="bbox 1992 3563 3565 3652; baseline -0.001 -16"><span class='ocrx_word' id='word_1_706' title='bbox 1992 3581 2141 3652; x_wconf 87' lang='lat' dir='ltr'><strong>quod</strong></span> <span class='ocrx_word' id='word_1_707' title='bbox 2193 3581 2438 3637; x_wconf 88' lang='lat' dir='ltr'><strong>omnium</strong></span> <span class='ocrx_word' id='word_1_708' title='bbox 2471 3580 3013 3652; x_wconf 76' lang='lat' dir='ltr'><strong>pt-zestantissimum,</strong></span> <span class='ocrx_word' id='word_1_709' title='bbox 3057 3579 3336 3636; x_wconf 86' lang='lat' dir='ltr'><strong>hominem</strong></span> <span class='ocrx_word' id='word_1_710' title='bbox 3370 3563 3565 3652; x_wconf 87' lang='lat' dir='ltr'><strong>Unige-</strong></span> 
     </span>
    </p>
   </div>
   <div class='ocr_carea' id='block_1_96' title="bbox 1993 3673 2817 3728">
    <p class='ocr_par' dir='ltr' id='par_1_96' title="bbox 1993 3673 2817 3728">
     <span class='ocr_line' id='line_1_96' title="bbox 1993 3673 2817 3728; baseline -0.005 0"><span class='ocrx_word' id='word_1_711' title='bbox 1993 3673 2094 3728; x_wconf 88' lang='lat' dir='ltr'><strong>niti</strong></span> <span class='ocrx_word' id='word_1_712' title='bbox 2121 3675 2206 3728; x_wconf 91' lang='lat' dir='ltr'><strong>sui</strong></span> <span class='ocrx_word' id='word_1_713' title='bbox 2238 3673 2472 3728; x_wconf 88' lang='lat' dir='ltr'><strong>adventu</strong></span> <span class='ocrx_word' id='word_1_714' title='bbox 2505 3673 2817 3727; x_wconf 85' lang='lat' dir='ltr'><strong>honoravit.</strong></span> 
     </span>
    </p>
   </div>
   <div class='ocr_carea' id='block_1_97' title="bbox 2064 3763 3570 3832">
    <p class='ocr_par' dir='ltr' id='par_1_97' title="bbox 2064 3763 3570 3832">
     <span class='ocr_line' id='line_1_97' title="bbox 2064 3763 3570 3832; baseline 0.001 -14"><span class='ocrx_word' id='word_1_715' title='bbox 2064 3763 2235 3820; x_wconf 70' lang='lat' dir='ltr'><strong>Vens.</strong></span> <span class='ocrx_word' id='word_1_716' title='bbox 2273 3764 2386 3818; x_wconf 85' lang='lat'><strong>7-9.</strong></span> <span class='ocrx_word' id='word_1_717' title='bbox 2425 3764 2610 3817; x_wconf 82' lang='lat' dir='ltr'><strong>Gloria</strong></span> <span class='ocrx_word' id='word_1_718' title='bbox 2663 3772 2714 3818; x_wconf 85' lang='lat' dir='ltr'><strong>et</strong></span> <span class='ocrx_word' id='word_1_719' title='bbox 2778 3763 2972 3816; x_wconf 84' lang='lat' dir='ltr'><strong>honore</strong></span> <span class='ocrx_word' id='word_1_720' title='bbox 3035 3765 3303 3818; x_wconf 84' lang='lat' dir='ltr'><strong>coronasti</strong></span> <span class='ocrx_word' id='word_1_721' title='bbox 3332 3781 3469 3832; x_wconf 88' lang='lat' dir='ltr'><strong>eum,</strong></span> <span class='ocrx_word' id='word_1_722' title='bbox 3519 3778 3570 3820; x_wconf 80' lang='lat' dir='ltr'><strong>et</strong></span> 
     </span>
    </p>
   </div>
   <div class='ocr_carea' id='block_1_98' title="bbox 1993 3857 3570 3926">
    <p class='ocr_par' dir='ltr' id='par_1_98' title="bbox 1993 3857 3570 3926">
     <span class='ocr_line' id='line_1_98' title="bbox 1993 3857 3570 3926; baseline 0.001 -15"><span class='ocrx_word' id='word_1_723' title='bbox 1993 3857 2322 3911; x_wconf 87' lang='lat' dir='ltr'><strong>constituisti</strong></span> <span class='ocrx_word' id='word_1_724' title='bbox 2354 3873 2472 3910; x_wconf 88' lang='lat' dir='ltr'><strong>eum</strong></span> <span class='ocrx_word' id='word_1_725' title='bbox 2517 3873 2674 3926; x_wconf 82' lang='lat' dir='ltr'><strong>super</strong></span> <span class='ocrx_word' id='word_1_726' title='bbox 2701 3871 2857 3924; x_wconf 87' lang='lat' dir='ltr'><strong>opera</strong></span> <span class='ocrx_word' id='word_1_727' title='bbox 2893 3873 3144 3910; x_wconf 88' lang='lat' dir='ltr'><strong>manuum</strong></span> <span class='ocrx_word' id='word_1_728' title='bbox 3171 3866 3402 3912; x_wconf 83' lang='lat' dir='ltr'><strong>tuarum.</strong></span> <span class='ocrx_word' id='word_1_729' title='bbox 3441 3858 3570 3914; x_wconf 79' lang='lat' dir='ltr'><strong>0m-</strong></span> 
     </span>
    </p>
   </div>
   <div class='ocr_carea' id='block_1_99' title="bbox 1992 3947 3570 4018">
    <p class='ocr_par' dir='ltr' id='par_1_99' title="bbox 1992 3947 3570 4018">
     <span class='ocr_line' id='line_1_99' title="bbox 1992 3947 3570 4018; baseline 0 -14"><span class='ocrx_word' id='word_1_730' title='bbox 1992 3950 2086 4004; x_wconf 88' lang='lat' dir='ltr'><strong>nia</strong></span> <span class='ocrx_word' id='word_1_731' title='bbox 2113 3949 2382 4018; x_wconf 83' lang='lat' dir='ltr'><strong>subjecisti</strong></span> <span class='ocrx_word' id='word_1_732' title='bbox 2412 3947 2506 4001; x_wconf 87' lang='lat' dir='ltr'><strong>sub</strong></span> <span class='ocrx_word' id='word_1_733' title='bbox 2535 3947 2753 4018; x_wconf 80' lang='lat' dir='ltr'><strong>pedibus</strong></span> <span class='ocrx_word' id='word_1_734' title='bbox 2785 3947 2921 4016; x_wconf 84' lang='lat' dir='ltr'><strong>ejus,</strong></span> <span class='ocrx_word' id='word_1_735' title='bbox 2947 3965 3063 4002; x_wconf 85' lang='lat' dir='ltr'><strong>oves</strong></span> <span class='ocrx_word' id='word_1_736' title='bbox 3093 3957 3141 4002; x_wconf 87' lang='lat' dir='ltr'><strong>et</strong></span> <span class='ocrx_word' id='word_1_737' title='bbox 3187 3949 3333 4004; x_wconf 81' lang='lat' dir='ltr'><strong>boves</strong></span> <span class='ocrx_word' id='word_1_738' title='bbox 3365 3953 3570 4005; x_wconf 77' lang='lat' dir='ltr'><strong>univer-</strong></span> 
     </span>
    </p>
   </div>
   <div class='ocr_carea' id='block_1_100' title="bbox 1993 4041 3569 4112">
    <p class='ocr_par' dir='ltr' id='par_1_100' title="bbox 1993 4041 3569 4112">
     <span class='ocr_line' id='line_1_100' title="bbox 1993 4041 3569 4112; baseline 0.001 -15"><span class='ocrx_word' id='word_1_739' title='bbox 1993 4060 2106 4106; x_wconf 88' lang='lat' dir='ltr'><strong>sas,</strong></span> <span class='ocrx_word' id='word_1_740' title='bbox 2141 4043 2355 4112; x_wconf 85' lang='lat' dir='ltr'><strong>insuper</strong></span> <span class='ocrx_word' id='word_1_741' title='bbox 2380 4051 2429 4094; x_wconf 83' lang='lat' dir='ltr'><strong>et</strong></span> <span class='ocrx_word' id='word_1_742' title='bbox 2457 4057 2648 4110; x_wconf 81' lang='lat' dir='ltr'><strong>pecora</strong></span> <span class='ocrx_word' id='word_1_743' title='bbox 2671 4043 2867 4111; x_wconf 87' lang='lat' dir='ltr'><strong>campi,</strong></span> <span class='ocrx_word' id='word_1_744' title='bbox 2891 4041 3125 4096; x_wconf 86' lang='lat' dir='ltr'><strong>volucres</strong></span> <span class='ocrx_word' id='word_1_745' title='bbox 3159 4043 3277 4096; x_wconf 75' lang='lat' dir='ltr'><strong>coeli</strong></span> <span class='ocrx_word' id='word_1_746' title='bbox 3313 4052 3360 4096; x_wconf 84' lang='lat' dir='ltr'><strong>et</strong></span> <span class='ocrx_word' id='word_1_747' title='bbox 3403 4047 3569 4112; x_wconf 87' lang='lat' dir='ltr'><strong>pisces</strong></span> 
     </span>
    </p>
   </div>
   <div class='ocr_carea' id='block_1_101' title="bbox 1994 4134 3568 4204">
    <p class='ocr_par' dir='ltr' id='par_1_101' title="bbox 1994 4134 3568 4204">
     <span class='ocr_line' id='line_1_101' title="bbox 1994 4134 3568 4204; baseline 0.002 -16"><span class='ocrx_word' id='word_1_748' title='bbox 1994 4136 2184 4200; x_wconf 83' lang='lat' dir='ltr'><strong>maris,</strong></span> <span class='ocrx_word' id='word_1_749' title='bbox 2215 4135 2304 4204; x_wconf 84' lang='lat' dir='ltr'><strong>qui</strong></span> <span class='ocrx_word' id='word_1_750' title='bbox 2344 4134 2714 4203; x_wconf 84' lang='lat' dir='ltr'><strong>perambulant</strong></span> <span class='ocrx_word' id='word_1_751' title='bbox 2749 4136 2965 4190; x_wconf 85' lang='lat' dir='ltr'><strong>semitas</strong></span> <span class='ocrx_word' id='word_1_752' title='bbox 3014 4137 3198 4188; x_wconf 86' lang='lat' dir='ltr'><strong>maris.</strong></span> <span class='ocrx_word' id='word_1_753' title='bbox 3237 4134 3568 4191; x_wconf 81' lang='lat' dir='ltr'><strong>Rationabili</strong></span> 
     </span>
    </p>
   </div>
   <div class='ocr_carea' id='block_1_102' title="bbox 1961 4219 3566 4297">
    <p class='ocr_par' dir='ltr' id='par_1_102' title="bbox 1961 4219 3566 4297">
     <span class='ocr_line' id='line_1_102' title="bbox 1961 4219 3566 4297; baseline 0 -14"><span class='ocrx_word' id='word_1_754' title='bbox 1961 4219 2140 4283; x_wconf 71' lang='lat' dir='ltr'><strong>enim</strong></span> <span class='ocrx_word' id='word_1_755' title='bbox 2173 4235 2402 4291; x_wconf 81' lang='lat' dir='ltr'><strong>naturae,</strong></span> <span class='ocrx_word' id='word_1_756' title='bbox 2439 4233 2628 4297; x_wconf 88' lang='lat' dir='ltr'><strong>utpote</strong></span> <span class='ocrx_word' id='word_1_757' title='bbox 2670 4225 2738 4280; x_wconf 90' lang='lat' dir='ltr'><strong>ad</strong></span> <span class='ocrx_word' id='word_1_758' title='bbox 2791 4226 3206 4282; x_wconf 90' lang='lat' dir='ltr'><strong>similitudinem</strong></span> <span class='ocrx_word' id='word_1_759' title='bbox 3245 4227 3340 4283; x_wconf 87' lang='lat' dir='ltr'><strong>Dei</strong></span> <span class='ocrx_word' id='word_1_760' title='bbox 3387 4229 3566 4295; x_wconf 71' lang='lat' dir='ltr'><strong>factae,</strong></span> 
     </span>
    </p>
   </div>
   <div class='ocr_carea' id='block_1_103' title="bbox 1994 4319 3572 4390">
    <p class='ocr_par' dir='ltr' id='par_1_103' title="bbox 1994 4319 3572 4390">
     <span class='ocr_line' id='line_1_103' title="bbox 1994 4319 3572 4390; baseline -0.001 -15"><span class='ocrx_word' id='word_1_761' title='bbox 1994 4320 2334 4375; x_wconf 88' lang='lat' dir='ltr'><strong>dominatum</strong></span> <span class='ocrx_word' id='word_1_762' title='bbox 2380 4325 2814 4390; x_wconf 82' lang='lat' dir='ltr'><strong>potestatemque</strong></span> <span class='ocrx_word' id='word_1_763' title='bbox 2843 4319 2900 4373; x_wconf 89' lang='lat' dir='ltr'><strong>in</strong></span> <span class='ocrx_word' id='word_1_764' title='bbox 2934 4319 3116 4374; x_wconf 89' lang='lat' dir='ltr'><strong>omnia</strong></span> <span class='ocrx_word' id='word_1_765' title='bbox 3149 4320 3358 4376; x_wconf 91' lang='lat' dir='ltr'><strong>tribuit.</strong></span> <span class='ocrx_word' id='word_1_766' title='bbox 3397 4319 3572 4376; x_wconf 85' lang='lat' dir='ltr'><strong>Ilomo</strong></span> 
     </span>
    </p>
   </div>
   <div class='ocr_carea' id='block_1_104' title="bbox 1995 4414 3571 4485">
    <p class='ocr_par' dir='ltr' id='par_1_104' title="bbox 1995 4414 3571 4485">
     <span class='ocr_line' id='line_1_104' title="bbox 1995 4414 3571 4485; baseline -0.001 -12"><span class='ocrx_word' id='word_1_767' title='bbox 1995 4431 2126 4473; x_wconf 86' lang='lat' dir='ltr'><strong>sane</strong></span> <span class='ocrx_word' id='word_1_768' title='bbox 2155 4414 2250 4470; x_wconf 91' lang='lat' dir='ltr'><strong>Dei</strong></span> <span class='ocrx_word' id='word_1_769' title='bbox 2282 4415 2570 4484; x_wconf 87' lang='lat' dir='ltr'><strong>imaginem</strong></span> <span class='ocrx_word' id='word_1_770' title='bbox 2607 4416 2834 4485; x_wconf 88' lang='lat' dir='ltr'><strong>accepit,</strong></span> <span class='ocrx_word' id='word_1_771' title='bbox 2869 4430 2932 4468; x_wconf 90' lang='lat' dir='ltr'><strong>ac</strong></span> <span class='ocrx_word' id='word_1_772' title='bbox 2957 4423 3018 4470; x_wconf 90' lang='lat' dir='ltr'><strong>ut</strong></span> <span class='ocrx_word' id='word_1_773' title='bbox 3048 4431 3144 4471; x_wconf 84' lang='lat' dir='ltr'><strong>rex</strong></span> <span class='ocrx_word' id='word_1_774' title='bbox 3160 4415 3405 4470; x_wconf 90' lang='lat' dir='ltr'><strong>omnium</strong></span> <span class='ocrx_word' id='word_1_775' title='bbox 3426 4415 3571 4472; x_wconf 89' lang='lat' dir='ltr'><strong>Deus</strong></span> 
     </span>
    </p>
   </div>
   <div class='ocr_carea' id='block_1_105' title="bbox 1995 4507 3570 4578">
    <p class='ocr_par' dir='ltr' id='par_1_105' title="bbox 1995 4507 3570 4578">
     <span class='ocr_line' id='line_1_105' title="bbox 1995 4507 3570 4578; baseline -0.001 -14"><span class='ocrx_word' id='word_1_776' title='bbox 1995 4520 2101 4574; x_wconf 87' lang='lat' dir='ltr'><strong>est,</strong></span> <span class='ocrx_word' id='word_1_777' title='bbox 2144 4509 2224 4563; x_wconf 89' lang='lat' dir='ltr'><strong>sic</strong></span> <span class='ocrx_word' id='word_1_778' title='bbox 2269 4507 2385 4578; x_wconf 90' lang='lat' dir='ltr'><strong>ipse</strong></span> <span class='ocrx_word' id='word_1_779' title='bbox 2445 4508 2702 4578; x_wconf 90' lang='lat' dir='ltr'><strong>princeps</strong></span> <span class='ocrx_word' id='word_1_780' title='bbox 2732 4515 3081 4562; x_wconf 85' lang='lat' dir='ltr'><strong>terrenarum</strong></span> <span class='ocrx_word' id='word_1_781' title='bbox 3115 4511 3358 4563; x_wconf 91' lang='lat' dir='ltr'><strong>omnium</strong></span> <span class='ocrx_word' id='word_1_782' title='bbox 3387 4524 3570 4564; x_wconf 88' lang='lat' dir='ltr'><strong>rerum</strong></span> 
     </span>
    </p>
   </div>
   <div class='ocr_carea' id='block_1_106' title="bbox 1995 4599 3568 4670">
    <p class='ocr_par' dir='ltr' id='par_1_106' title="bbox 1995 4599 3568 4670">
     <span class='ocr_line' id='line_1_106' title="bbox 1995 4599 3568 4670; baseline 0.001 -15"><span class='ocrx_word' id='word_1_783' title='bbox 1995 4601 2328 4655; x_wconf 84' lang='lat' dir='ltr'><strong>constitutus</strong></span> <span class='ocrx_word' id='word_1_784' title='bbox 2358 4607 2463 4656; x_wconf 87' lang='lat' dir='ltr'><strong>est.</strong></span> <span class='ocrx_word' id='word_1_785' title='bbox 2501 4599 2656 4666; x_wconf 85' lang='lat' dir='ltr'><strong>Quod</strong></span> <span class='ocrx_word' id='word_1_786' title='bbox 2690 4599 2735 4654; x_wconf 92' lang='lat' dir='ltr'><strong>si</strong></span> <span class='ocrx_word' id='word_1_787' title='bbox 2761 4601 3060 4670; x_wconf 84' lang='lat' dir='ltr'><strong>generatim</strong></span> <span class='ocrx_word' id='word_1_788' title='bbox 3091 4599 3204 4654; x_wconf 72' lang='lat' dir='ltr'><strong>haec</strong></span> <span class='ocrx_word' id='word_1_789' title='bbox 3227 4601 3402 4670; x_wconf 88' lang='lat' dir='ltr'><strong>posita</strong></span> <span class='ocrx_word' id='word_1_790' title='bbox 3419 4609 3568 4658; x_wconf 87' lang='lat' dir='ltr'><strong>sunt.</strong></span> 
     </span>
    </p>
   </div>
   <div class='ocr_carea' id='block_1_107' title="bbox 1997 4692 3571 4761">
    <p class='ocr_par' dir='ltr' id='par_1_107' title="bbox 1997 4692 3571 4761">
     <span class='ocr_line' id='line_1_107' title="bbox 1997 4692 3571 4761; baseline -0.002 -14"><span class='ocrx_word' id='word_1_791' title='bbox 1997 4692 2064 4747; x_wconf 84' lang='lat' dir='ltr'><strong>Et</strong></span> <span class='ocrx_word' id='word_1_792' title='bbox 2096 4693 2419 4746; x_wconf 80' lang='lat' dir='ltr'><strong>constituisti</strong></span> <span class='ocrx_word' id='word_1_793' title='bbox 2464 4708 2582 4746; x_wconf 87' lang='lat' dir='ltr'><strong>eum</strong></span> <span class='ocrx_word' id='word_1_794' title='bbox 2625 4707 2780 4760; x_wconf 85' lang='lat' dir='ltr'><strong>super</strong></span> <span class='ocrx_word' id='word_1_795' title='bbox 2817 4708 2976 4761; x_wconf 87' lang='lat' dir='ltr'><strong>opera</strong></span> <span class='ocrx_word' id='word_1_796' title='bbox 3018 4708 3270 4746; x_wconf 87' lang='lat' dir='ltr'><strong>manuum</strong></span> <span class='ocrx_word' id='word_1_797' title='bbox 3306 4699 3518 4744; x_wconf 85' lang='lat' dir='ltr'><strong>tuarum</strong></span> <span class='ocrx_word' id='word_1_798' title='bbox 3549 4704 3571 4744; x_wconf 88' lang='lat'><strong><em>:</em></strong></span> 
     </span>
    </p>
   </div>
   <div class='ocr_carea' id='block_1_108' title="bbox 1997 4783 3569 4853">
    <p class='ocr_par' dir='ltr' id='par_1_108' title="bbox 1997 4783 3569 4853">
     <span class='ocr_line' id='line_1_108' title="bbox 1997 4783 3569 4853; baseline -0.003 -13"><span class='ocrx_word' id='word_1_799' title='bbox 1997 4800 2122 4841; x_wconf 91' lang='lat' dir='ltr'><strong>cum</strong></span> <span class='ocrx_word' id='word_1_800' title='bbox 2176 4785 2306 4840; x_wconf 88' lang='lat' dir='ltr'><strong>alibi</strong></span> <span class='ocrx_word' id='word_1_801' title='bbox 2353 4785 2590 4852; x_wconf 88' lang='lat' dir='ltr'><strong>dicatur,</strong></span> <span class='ocrx_word' id='word_1_802' title='bbox 2625 4783 2694 4838; x_wconf 82' lang='lat' dir='ltr'><strong>Et</strong></span> <span class='ocrx_word' id='word_1_803' title='bbox 2728 4800 2886 4853; x_wconf 82' lang='lat' dir='ltr'><strong>opera</strong></span> <span class='ocrx_word' id='word_1_804' title='bbox 2917 4802 3172 4839; x_wconf 89' lang='lat' dir='ltr'><strong>manuum</strong></span> <span class='ocrx_word' id='word_1_805' title='bbox 3204 4793 3414 4838; x_wconf 83' lang='lat' dir='ltr'><strong>tuarum</strong></span> <span class='ocrx_word' id='word_1_806' title='bbox 3446 4796 3569 4837; x_wconf 83' lang='lat' dir='ltr'><strong>sunt</strong></span> 
     </span>
    </p>
   </div>
   <div class='ocr_carea' id='block_1_109' title="bbox 1997 4877 3570 4947">
    <p class='ocr_par' dir='ltr' id='par_1_109' title="bbox 1997 4877 3570 4947">
     <span class='ocr_line' id='line_1_109' title="bbox 1997 4877 3570 4947; baseline -0.003 -14"><span class='ocrx_word' id='word_1_807' title='bbox 1997 4878 2114 4933; x_wconf 72' lang='lat' dir='ltr'><strong>caeli</strong></span> <span class='ocrx_word' id='word_1_808' title='bbox 2141 4877 2208 4944; x_wconf 65' lang='grc'><strong>⁸9,</strong></span> <span class='ocrx_word' id='word_1_809' title='bbox 2260 4877 2389 4933; x_wconf 90' lang='lat' dir='ltr'><strong>hinc</strong></span> <span class='ocrx_word' id='word_1_810' title='bbox 2421 4877 2799 4947; x_wconf 90' lang='lat' dir='ltr'><strong>consequitur,</strong></span> <span class='ocrx_word' id='word_1_811' title='bbox 2831 4877 2993 4932; x_wconf 87' lang='lat' dir='ltr'><strong>etiam</strong></span> <span class='ocrx_word' id='word_1_812' title='bbox 3047 4892 3210 4947; x_wconf 89' lang='lat' dir='ltr'><strong>super</strong></span> <span class='ocrx_word' id='word_1_813' title='bbox 3239 4877 3408 4930; x_wconf 76' lang='lat' dir='ltr'><strong>cmlos</strong></span> <span class='ocrx_word' id='word_1_814' title='bbox 3437 4891 3570 4929; x_wconf 87' lang='lat' dir='ltr'><strong>con-</strong></span> 
     </span>
    </p>
   </div>
   <div class='ocr_carea' id='block_1_110' title="bbox 1999 4967 3570 5040">
    <p class='ocr_par' dir='ltr' id='par_1_110' title="bbox 1999 4967 3570 5040">
     <span class='ocr_line' id='line_1_110' title="bbox 1999 4967 3570 5040; baseline -0.004 -13"><span class='ocrx_word' id='word_1_815' title='bbox 1999 4971 2250 5028; x_wconf 84' lang='lat' dir='ltr'><strong>stitutum</strong></span> <span class='ocrx_word' id='word_1_816' title='bbox 2276 4984 2306 5023; x_wconf 90' lang='lat' dir='ltr'><strong>a</strong></span> <span class='ocrx_word' id='word_1_817' title='bbox 2336 4967 2448 5024; x_wconf 89' lang='lat' dir='ltr'><strong>Deo</strong></span> <span class='ocrx_word' id='word_1_818' title='bbox 2480 4967 2672 5025; x_wconf 80' lang='lat' dir='ltr'><strong>fuisse.</strong></span> <span class='ocrx_word' id='word_1_819' title='bbox 2723 4970 2796 5025; x_wconf 84' lang='lat' dir='ltr'><strong>Ac</strong></span> <span class='ocrx_word' id='word_1_820' title='bbox 2827 4983 3108 5040; x_wconf 86' lang='lat' dir='ltr'><strong>nunquam</strong></span> <span class='ocrx_word' id='word_1_821' title='bbox 3139 4984 3326 5024; x_wconf 88' lang='lat' dir='ltr'><strong>eorum</strong></span> <span class='ocrx_word' id='word_1_822' title='bbox 3371 4967 3465 5037; x_wconf 91' lang='lat' dir='ltr'><strong>qui</strong></span> <span class='ocrx_word' id='word_1_823' title='bbox 3502 4967 3570 5021; x_wconf 90' lang='lat' dir='ltr'><strong>ad</strong></span> 
     </span>
    </p>
   </div>
   <div class='ocr_carea' id='block_1_111' title="bbox 1997 5059 3570 5132">
    <p class='ocr_par' dir='ltr' id='par_1_111' title="bbox 1997 5059 3570 5132">
     <span class='ocr_line' id='line_1_111' title="bbox 1997 5059 3570 5132; baseline -0.004 -14"><span class='ocrx_word' id='word_1_824' title='bbox 1997 5075 2266 5132; x_wconf 86' lang='lat' dir='ltr'><strong>supernas</strong></span> <span class='ocrx_word' id='word_1_825' title='bbox 2297 5060 2457 5116; x_wconf 88' lang='lat' dir='ltr'><strong>sedes</strong></span> <span class='ocrx_word' id='word_1_826' title='bbox 2485 5059 2905 5128; x_wconf 86' lang='lat' dir='ltr'><strong>transferentur,</strong></span> <span class='ocrx_word' id='word_1_827' title='bbox 2935 5061 3326 5114; x_wconf 86' lang='lat' dir='ltr'><strong>habitationem</strong></span> <span class='ocrx_word' id='word_1_828' title='bbox 3349 5060 3404 5112; x_wconf 92' lang='lat' dir='ltr'><strong>in</strong></span> <span class='ocrx_word' id='word_1_829' title='bbox 3431 5059 3570 5114; x_wconf 71' lang='lat' dir='ltr'><strong>cmlo</strong></span> 
     </span>
    </p>
   </div>
   <div class='ocr_carea' id='block_1_112' title="bbox 1997 5149 3569 5221">
    <p class='ocr_par' dir='ltr' id='par_1_112' title="bbox 1997 5149 3569 5221">
     <span class='ocr_line' id='line_1_112' title="bbox 1997 5149 3569 5221; baseline -0.003 -15"><span class='ocrx_word' id='word_1_830' title='bbox 1997 5152 2238 5206; x_wconf 85' lang='lat' dir='ltr'><strong>futuram</strong></span> <span class='ocrx_word' id='word_1_831' title='bbox 2269 5152 2485 5208; x_wconf 91' lang='lat' dir='ltr'><strong>occulte</strong></span> <span class='ocrx_word' id='word_1_832' title='bbox 2513 5158 2929 5217; x_wconf 87' lang='lat' dir='ltr'><strong>commemorat,</strong></span> <span class='ocrx_word' id='word_1_833' title='bbox 2973 5151 3062 5205; x_wconf 92' lang='lat' dir='ltr'><strong>ubi</strong></span> <span class='ocrx_word' id='word_1_834' title='bbox 3093 5150 3422 5221; x_wconf 89' lang='lat' dir='ltr'><strong>promissum</strong></span> <span class='ocrx_word' id='word_1_835' title='bbox 3463 5149 3569 5203; x_wconf 93' lang='lat' dir='ltr'><strong>sibi</strong></span> 
     </span>
    </p>
   </div>
   <div class='ocr_carea' id='block_1_113' title="bbox 1997 5237 3570 5312">
    <p class='ocr_par' dir='ltr' id='par_1_113' title="bbox 1997 5237 3570 5312">
     <span class='ocr_line' id='line_1_113' title="bbox 1997 5237 3570 5312; baseline -0.002 -16"><span class='ocrx_word' id='word_1_836' title='bbox 1997 5243 2264 5296; x_wconf 59' lang='lat' dir='ltr'><strong>caelorum</strong></span> <span class='ocrx_word' id='word_1_837' title='bbox 2315 5257 2543 5312; x_wconf 82' lang='lat' dir='ltr'><strong>regnum</strong></span> <span class='ocrx_word' id='word_1_838' title='bbox 2579 5241 2892 5311; x_wconf 90' lang='lat' dir='ltr'><strong>possessuri</strong></span> <span class='ocrx_word' id='word_1_839' title='bbox 2937 5248 3103 5308; x_wconf 89' lang='lat' dir='ltr'><strong>sunt;</strong></span> <span class='ocrx_word' id='word_1_840' title='bbox 3139 5241 3214 5294; x_wconf 88' lang='lat' dir='ltr'><strong>ait</strong></span> <span class='ocrx_word' id='word_1_841' title='bbox 3243 5240 3387 5294; x_wconf 91' lang='lat' dir='ltr'><strong>enim</strong></span> <span class='ocrx_word' id='word_1_842' title='bbox 3425 5237 3570 5293; x_wconf 79' lang='lat' dir='ltr'><strong>Pau-</strong></span> 
     </span>
    </p>
   </div>
   <div class='ocr_carea' id='block_1_114' title="bbox 1997 5329 3569 5400">
    <p class='ocr_par' dir='ltr' id='par_1_114' title="bbox 1997 5329 3569 5400">
     <span class='ocr_line' id='line_1_114' title="bbox 1997 5329 3569 5400; baseline 0.001 -15"><span class='ocrx_word' id='word_1_843' title='bbox 1997 5333 2084 5386; x_wconf 91' lang='lat' dir='ltr'><strong>lus</strong></span> <span class='ocrx_word' id='word_1_844' title='bbox 2123 5350 2136 5385; x_wconf 90' lang='lat'><strong>:</strong></span> <span class='ocrx_word' id='word_1_845' title='bbox 2179 5329 2428 5385; x_wconf 75' lang='lat' dir='ltr'><strong>Hteredes</strong></span> <span class='ocrx_word' id='word_1_846' title='bbox 2474 5331 2682 5400; x_wconf 85' lang='lat' dir='ltr'><strong>quidem</strong></span> <span class='ocrx_word' id='word_1_847' title='bbox 2720 5331 2838 5396; x_wconf 88' lang='lat' dir='ltr'><strong>Dei,</strong></span> <span class='ocrx_word' id='word_1_848' title='bbox 2883 5329 3174 5384; x_wconf 70' lang='lat' dir='ltr'><strong>coha&#39;redes</strong></span> <span class='ocrx_word' id='word_1_849' title='bbox 3206 5339 3380 5384; x_wconf 82' lang='lat' dir='ltr'><strong>autem</strong></span> <span class='ocrx_word' id='word_1_850' title='bbox 3415 5331 3569 5386; x_wconf 82' lang='lat' dir='ltr'><strong>Chri-</strong></span> 
     </span>
    </p>
   </div>
   <div class='ocr_carea' id='block_1_115' title="bbox 1997 5418 3572 5493">
    <p class='ocr_par' dir='ltr' id='par_1_115' title="bbox 1997 5418 3572 5493">
     <span class='ocr_line' id='line_1_115' title="bbox 1997 5418 3572 5493; baseline -0.004 -17"><span class='ocrx_word' id='word_1_851' title='bbox 1997 5423 2148 5477; x_wconf 72' lang='lat' dir='ltr'><strong>sti”.</strong></span> <span class='ocrx_word' id='word_1_852' title='bbox 2177 5421 2267 5477; x_wconf 91' lang='lat' dir='ltr'><strong>Sic</strong></span> <span class='ocrx_word' id='word_1_853' title='bbox 2296 5423 2451 5486; x_wconf 90' lang='lat' dir='ltr'><strong>illud,</strong></span> <span class='ocrx_word' id='word_1_854' title='bbox 2486 5427 2683 5485; x_wconf 84' lang='lat' dir='ltr'><strong>Omnia</strong></span> <span class='ocrx_word' id='word_1_855' title='bbox 2738 5423 2974 5493; x_wconf 86' lang='lat' dir='ltr'><strong>subjecit</strong></span> <span class='ocrx_word' id='word_1_856' title='bbox 3006 5423 3108 5478; x_wconf 91' lang='lat' dir='ltr'><strong>sub</strong></span> <span class='ocrx_word' id='word_1_857' title='bbox 3133 5422 3362 5493; x_wconf 87' lang='lat' dir='ltr'><strong>pedibus</strong></span> <span class='ocrx_word' id='word_1_858' title='bbox 3427 5418 3572 5488; x_wconf 84' lang='lat' dir='ltr'><strong>ejus,</strong></span> 
     </span>
    </p>
   </div>
   <div class='ocr_carea' id='block_1_116' title="bbox 1993 5513 3572 5584">
    <p class='ocr_par' dir='ltr' id='par_1_116' title="bbox 1993 5513 3572 5584">
     <span class='ocr_line' id='line_1_116' title="bbox 1993 5513 3572 5584; baseline -0.001 -17"><span class='ocrx_word' id='word_1_859' title='bbox 1993 5516 2106 5584; x_wconf 87' lang='lat' dir='ltr'><strong>jam</strong></span> <span class='ocrx_word' id='word_1_860' title='bbox 2139 5515 2550 5584; x_wconf 83' lang='lat' dir='ltr'><strong>intelligendum</strong></span> <span class='ocrx_word' id='word_1_861' title='bbox 2575 5517 2642 5569; x_wconf 88' lang='lat' dir='ltr'><strong>de</strong></span> <span class='ocrx_word' id='word_1_862' title='bbox 2672 5513 3002 5568; x_wconf 87' lang='lat' dir='ltr'><strong>animalibus</strong></span> <span class='ocrx_word' id='word_1_863' title='bbox 3041 5532 3053 5568; x_wconf 93' lang='lat'><strong>:</strong></span> <span class='ocrx_word' id='word_1_864' title='bbox 3097 5521 3153 5566; x_wconf 86' lang='lat' dir='ltr'><strong>at</strong></span> <span class='ocrx_word' id='word_1_865' title='bbox 3179 5515 3306 5584; x_wconf 86' lang='lat' dir='ltr'><strong>quia</strong></span> <span class='ocrx_word' id='word_1_866' title='bbox 3340 5513 3572 5568; x_wconf 88' lang='lat' dir='ltr'><strong>homini-</strong></span> 
     </span>
    </p>
   </div>
   <div class='ocr_carea' id='block_1_117' title="bbox 1999 5605 3573 5679">
    <p class='ocr_par' dir='ltr' id='par_1_117' title="bbox 1999 5605 3573 5679">
     <span class='ocr_line' id='line_1_117' title="bbox 1999 5605 3573 5679; baseline -0.002 -15"><span class='ocrx_word' id='word_1_867' title='bbox 1999 5609 2102 5664; x_wconf 86' lang='lat' dir='ltr'><strong>bus</strong></span> <span class='ocrx_word' id='word_1_868' title='bbox 2129 5609 2184 5661; x_wconf 92' lang='lat' dir='ltr'><strong>in</strong></span> <span class='ocrx_word' id='word_1_869' title='bbox 2217 5609 2358 5664; x_wconf 68' lang='lat' dir='ltr'><strong>coelo</strong></span> <span class='ocrx_word' id='word_1_870' title='bbox 2392 5622 2488 5677; x_wconf 88' lang='lat' dir='ltr'><strong>par</strong></span> <span class='ocrx_word' id='word_1_871' title='bbox 2516 5607 2771 5678; x_wconf 71' lang='lat' dir='ltr'><strong>angelicae</strong></span> <span class='ocrx_word' id='word_1_872' title='bbox 2801 5607 2906 5662; x_wconf 88' lang='lat' dir='ltr'><strong>vita</strong></span> <span class='ocrx_word' id='word_1_873' title='bbox 2937 5608 3178 5679; x_wconf 89' lang='lat' dir='ltr'><strong>reposita</strong></span> <span class='ocrx_word' id='word_1_874' title='bbox 3212 5614 3315 5674; x_wconf 87' lang='lat' dir='ltr'><strong>est,</strong></span> <span class='ocrx_word' id='word_1_875' title='bbox 3348 5620 3474 5661; x_wconf 56' lang='lat' dir='ltr'><strong>cum</strong></span> <span class='ocrx_word' id='word_1_876' title='bbox 3503 5605 3573 5661; x_wconf 81' lang='lat' dir='ltr'><strong>il-</strong></span> 
     </span>
    </p>
   </div>
   <div class='ocr_carea' id='block_1_118' title="bbox 2092 5787 2630 5859">
    <p class='ocr_par' dir='ltr' id='par_1_118' title="bbox 2092 5787 2630 5859">
     <span class='ocr_line' id='line_1_118' title="bbox 2092 5787 2630 5859; baseline 0.002 -15"><span class='ocrx_word' id='word_1_877' title='bbox 2092 5790 2138 5823; x_wconf 79' lang='lat'>”</span> <span class='ocrx_word' id='word_1_878' title='bbox 2178 5787 2338 5845; x_wconf 76' lang='lat' dir='ltr'><strong>Rom.</strong></span> <span class='ocrx_word' id='word_1_879' title='bbox 2375 5793 2504 5859; x_wconf 82' lang='lat' dir='ltr'><strong>vin,</strong></span> <span class='ocrx_word' id='word_1_880' title='bbox 2541 5788 2630 5845; x_wconf 78' lang='grc' dir='ltr'>Π.</span> 
     </span>
    </p>
   </div>
  </div>
