4020 6372
458 307 553 360 151

1151 301 1418 356 EUSEBII
1458 291 1934 358 C/ESARIENSIS
1966 304 2117 360 OPP.
2158 303 2339 359 PARS
2375 304 2464 359 lll.
2496 336 2565 345 —
2586 300 2993 359 EXEGETICA.

3598 303 3701 357 132

456 424 527 477 lic
556 421 885 477 constitutus
916 418 1080 474 fuerit
1124 436 1290 490 super
1339 436 1505 491 opera
1563 437 1824 501 manuum
1877 424 2019 493 ejus,

2149 423 2410 493 σάγγελος
2443 423 2731 476 ἀπόκειται
2765 426 2876 485 τοῖς
2910 420 3218 492 ἀνθρώποις
3244 421 3299 473 ὲν
3326 419 3563 493 οὐρανῷ,
3588 406 3705 473 ἐκεῖ

455 514 624 568 caelos
654 520 708 567 et
756 511 939 565 omnia
970 525 1092 579 quae
1124 511 1177 563 in
1226 511 1306 564 eis
1353 518 1483 565 sunt
1543 513 2020 582 contemplabitur.

455 606 655 659 Beatus
683 614 861 656 autem
892 602 1094 655 Paulus
1128 601 1230 655 hoc
1259 602 1327 656 de
1364 600 1648 659 Salvatore
1682 608 1911 673 accepit,
1947 612 2029 658 ut-

456 703 582 764 pote
624 692 769 762 quod
824 690 926 760 ipsi
976 690 1031 743 in
1081 690 1264 743 futuro
1308 691 1508 745 saiculo
1540 692 1902 746 obventurum
1934 694 2025 749 sit.

456 786 795 855 Quapropter
827 783 903 835 ait
935 782 1012 835 illi
1041 780 1202 835 Pater
1231 799 1245 835 :
1278 780 1413 835 Sede
1441 800 1474 835 a
1520 782 1722 837 dextris
1761 785 1910 846 meis,
1941 784 2033 835 do-

456 890 545 925 nec
573 888 761 939 ponam
784 872 1025 925 inimicos
1049 880 1164 924 tuos
1192 871 1479 924 scabellum
1502 872 1691 940 pedum
1722 882 1931 928 tuorum
1960 875 2027 930 θ’.

885 1061 1208 1118 PSALMUS
1245 1062 1453 1115 DAVID
1490 1063 1582 1118 IX.

770 1156 817 1209 l.
847 1157 912 1209 In
940 1159 1095 1225 ﬁnem
1135 1173 1229 1225 pro
1262 1156 1479 1209 occultis
1505 1155 1657 1209 Filii.

528 1247 693 1303 Multa
728 1259 884 1304 erant
913 1265 1034 1318 quas
1066 1250 1182 1318 ipse
1210 1249 1424 1302 occulte
1466 1254 1771 1317 peregerat,
1806 1264 2031 1317 genera-

457 1344 532 1395 tio
568 1343 776 1397 scilicet
810 1358 875 1396 ex
910 1341 1131 1410 Virgine
1164 1340 1464 1395 secundum
1499 1354 1719 1394 carnem
1769 1356 1865 1409 per
1910 1340 2035 1412 Spi—

458 1435 621 1485 ritum
651 1440 921 1495 sanctum,
948 1431 1227 1499 stupenda:
1259 1430 1361 1483 illa:
1389 1430 1615 1485 virtutes
1645 1431 1842 1499 quibus
1867 1432 2035 1485 mira—

458 1524 586 1576 bilia
618 1524 830 1587 edebat,
862 1540 1011 1578 mors
1056 1523 1174 1592 ejus
1205 1533 1259 1576 et
1307 1522 1607 1577 descensus
1637 1524 1692 1577 in
1738 1522 2031 1589 infernum,

456 1629 520 1667 ac
553 1614 884 1668 resurrectio
912 1630 976 1668 ex
1010 1615 1259 1668 mortuis.
1293 1614 1438 1681 Haec,
1471 1616 1716 1684 inquam,
1749 1616 1932 1669 omnia
1956 1616 2036 1669 la-

456 1712 633 1761 tenter
676 1707 744 1760 ab
792 1708 910 1775 ipso
959 1716 1290 1777 perpetrata.
1337 1708 1471 1762 Nam
1524 1709 1640 1762 hazc
1694 1708 2035 1777 principibus

2129 516 2403 578 καταστὰς
2435 517 2527 567 ἐπὶ
2569 514 2639 569 τὰ
2687 515 2824 585 ἔργα
2864 513 2970 567 τῶν
3016 513 3212 583 χειρῶν
3264 511 3452 577 αὑτοῦ,
3503 511 3705 582 θεωρὸς

2128 608 2369 678 οὐρανῶν
2403 608 2553 661 ἔσται
2591 609 2685 661 καὶ
2732 607 2838 660 τῶν
2880 608 2939 659 ὲν
2987 607 3187 669 αὐτοῖς.
3238 606 3294 658 '0
3333 604 3390 657 δὲ
3437 604 3705 675 μακάριος

2129 701 2339 763 Παῦλος
2384 702 2477 754 καὶ
2524 701 2681 753 τοῦτο
2728 701 2855 771 περὶ
2900 699 2993 752 τοῦ
3036 699 3286 769 Σωτῆρος
3326 698 3596 764 ἐξέλαϐεν,
3646 699 3705 749 ἐν

2130 790 2284 842 αἰῶνι
2315 791 2393 860 τῷ
2427 791 2670 860 μέλλοντι
2705 791 3087 862 γενησόμενον.
3129 789 3220 842 Διό
3261 806 3393 859 φησι
3435 790 3569 861 πρὸς
3604 789 3703 842 αὐ-

2130 883 2221 935 τὸν
2254 886 2282 936 ὁ
2327 885 2549 953 Πατήρ·
2586 882 2783 937 Κάθου
2824 883 2893 935 ἑκ
2938 881 3151 947 δεξιῶν
3176 900 3316 950 μου,
3360 882 3468 947 ἓως
3509 881 3583 935 ἂν
3626 879 3706 935 θῶ

2129 976 2271 1042 τοὺς
2303 976 2553 1045 ἐχθρούς
2585 992 2700 1029 σου
2728 975 3063 1030 ὑποπόδιον
3087 973 3207 1028 τῶν
3234 974 3435 1029 ποδῶν
3461 991 3596 1028 σου.

2545 1069 2834 1121 ΨΑΛΜΟΣ
2866 1068 2954 1119 ΤΩ
2985 1066 3181 1118 ΔΑΥΙΔ
3210 1066 3289 1121 9’.

2238 1165 2342 1227 Εἰς
2376 1160 2443 1213 τὸ
2476 1160 2651 1225 τέλος
2682 1158 2833 1226 ὑπὲρ
2860 1156 2977 1210 τῶν
3004 1158 3271 1225 κρυφίων
3298 1157 3406 1211 τοῦ
3444 1158 3599 1213 Υἱοῦ.

2203 1254 2382 1308 Πολλὰ
2423 1253 2479 1305 δὲ
2518 1248 2585 1323 ἦν
2615 1250 2766 1320 αὐτῷ
2798 1251 2867 1303 τὰ
2902 1250 3146 1321 κρυφίως
3180 1250 3546 1320 πεπραγμένα
3580 1251 3614 1320 ἦ
3652 1267 3711 1303 τε

2134 1348 2198 1399 ὲκ
2232 1345 2510 1418 Παρθένου
2552 1344 2639 1396 διὰ
2672 1342 2987 1412 Πνεύματος
3019 1342 3173 1409 ἁγίου
3198 1341 3338 1395 κατὰ
3372 1343 3549 1413 σάρκα
3587 1343 3711 1409 γέν-

2134 1454 2309 1508 νησις,
2341 1435 2395 1488 αἳ
2433 1452 2491 1487 τε
2537 1433 2824 1503 παράδοξοι
2858 1433 2950 1485 καὶ
2988 1431 3391 1501 θαυματουργοὶ
3432 1432 3708 1501 δυνάμεις,

2136 1527 2162 1579 ὃ
2192 1544 2249 1578 τε
2279 1525 2504 1586 Θάνατος
2542 1523 2703 1586 αὐτὸς
2734 1524 2826 1575 καὶ
2855 1525 2887 1591 ἡ
2924 1523 3003 1583 είς
3038 1520 3166 1591 ᾇδου
3204 1520 3426 1582 κάθοδος
3460 1521 3553 1573 καὶ
3583 1523 3615 1590 ἡ
3648 1522 3712 1572 ἐκ

2137 1618 2343 1689 νεκρῶν
2376 1616 2689 1679 ἀναϐίωσις.
2722 1613 2908 1667 Ταῦτα
2936 1613 3045 1683 γὰρ
3078 1611 3226 1682 αὑτῴ
3260 1612 3438 1665 πάντα
3470 1612 3713 1681 κρυφίως

2139 1712 2473 1783 πέπρακται.
2518 1706 2830 1778 Ἀπέκρυψε
2866 1705 2973 1776 γὰρ
3006 1705 3144 1757 αὐτὰ
3176 1705 3269 1757 καὶ
3299 1705 3421 1766 τοὺς
3453 1704 3714 1774 ἄρχοντας

456 1800 620 1868 hujus
671 1800 859 1855 n'iundi
894 1800 1214 1855 abscondita
1258 1801 1451 1857 voluit.
1510 1800 1587 1857 De
1618 1801 1706 1857 his
1743 1816 1907 1871 porro
1940 1815 2034 1855 oc-

2143 1802 2229 1856 τοῦ
2272 1802 2476 1871 κόσμου
2509 1799 2715 1853 τούτου.
2755 1798 2926 1868 Ὑπὲρ
2953 1796 3017 1868 δὴ
3051 1795 3253 1849 τούτων
3281 1795 3388 1848 τῶν
3418 1794 3660 1865 κρυφίων
3686 1796 3715 1846 ὀ

455 1892 619 1947 cultis
655 1893 729 1945 ait
759 1891 1028 1961 Propheta
1059 1912 1072 1947 :

533 1983 697 2040 Vens.
728 1984 781 2037 2.
829 1984 1132 2055 Conﬁtebor
1173 1985 1290 2048 tibi,
1349 1984 1595 2048 Domine,
1643 1986 1697 2039 in
1731 1994 1839 2039 toto
1876 1983 2031 2038 corde

459 2092 591 2139 meo,
624 2076 854 2129 narrabo
884 2078 1060 2129 omnia
1094 2076 1363 2130 mirabilia
1396 2086 1508 2131 tua.
1556 2076 1768 2131 Similia
1800 2076 1917 2146 ipse
1954 2075 2032 2128 ait

457 2168 512 2220 in
546 2167 856 2237 Evangeliis
887 2170 931 2199 θ’
955 2188 967 2223 :
995 2167 1299 2236 Conﬁtebor
1321 2168 1438 2233 tibi,
1462 2168 1644 2233 Pater,
1668 2168 1889 2221 Domine
1916 2166 2031 2220 caeli

453 2270 502 2313 et
536 2269 707 2323 terrae,
738 2260 863 2328 quia
910 2260 1235 2315 abscondisti
1263 2261 1373 2315 hazc
1412 2279 1443 2317 a
1475 2262 1797 2331 sapientibus
1827 2270 1875 2313 et
1903 2276 2031 2330 pru-

454 2350 717 2413 dentibus,
750 2360 799 2404 et
829 2352 1072 2405 rcvelasti
1107 2369 1169 2405 ea
1190 2353 1447 2422 parvulis.
1478 2352 1537 2407 In
1570 2354 1783 2423 psalmo
1814 2367 2032 2422 quoque

455 2444 522 2497 de
549 2445 779 2499 occultis
806 2446 1010 2515 gratias
1042 2446 1173 2515 agit,
1230 2457 1284 2501 et
1332 2454 1455 2517 post
1504 2445 1805 2516 gratiarum
1854 2448 2028 2499 actio-

456 2549 604 2598 nem,
633 2551 794 2603 quam
828 2552 927 2604 pro
956 2536 1131 2590 salute
1169 2545 1362 2591 nostra
1390 2537 1584 2602 edidit,
1617 2552 1719 2590 nos
1750 2536 1818 2591 de
1864 2536 2033 2589 mira—

456 2626 657 2679 bilibus
689 2625 868 2681 Patris
898 2628 981 2681 sui
1010 2626 1333 2682 edocturum
1366 2643 1444 2692 se,
1471 2628 1537 2683 de
1557 2629 1673 2697 ipsa
1697 2626 1878 2682 Patris
1909 2643 2034 2683 con-

454 2719 808 2787 templatione
838 2720 1144 2782 exsultans,
1194 2721 1501 2790 pollicetur.
1541 2719 1684 2775 Sane
1725 2730 1914 2790 utpote
1944 2719 2033 2776 Fi-

456 2808 530 2861 lio
563 2810 738 2862 inerat
771 2810 871 2878 ipsi
898 2813 1139 2881 cognitio
1168 2813 1407 2867 nominis
1442 2812 1587 2881 quod
1626 2812 1818 2866 deitati
1852 2812 2034 2868 Patris

456 2902 563 2964 sui,
597 2903 745 2954 nulla
773 2918 905 2957 voce
939 2904 1197 2973 nulloque
1236 2904 1461 2959 nomine
1497 2904 1853 2973 explicanda),
1885 2919 2035 2957 com-

456 2992 696 3061 petebat.
748 2990 873 3046 Herc
940 2993 1195 3057 maxime,
1251 2993 1449 3060 inquit,
1503 2991 1701 3047 faciam
1740 3001 2032 3062 postquam

454 3084 733 3140 inimicam
787 3086 911 3139 vitae
964 3093 1192 3140 mortem
1231 3088 1435 3149 vicero,
1484 3085 1551 3139 de
1598 3100 1706 3154 qua
1761 3084 1963 3139 dicitur
2015 3101 2031 3139 :

2139 1896 2428 1967 Προφήτης
2452 1892 2599 1961 λέγει
2619 1908 2632 1921 ·

2220 1981 2772 2053 Ἐξομολογήσομαί
2821 1993 2942 2045 σοι,
2992 1980 3188 2047 Κύριε,
3230 1978 3299 2031 ὲν
3339 1977 3451 2047 ὅλῃ
3503 1974 3715 2045 καρδίᾳ

2130 2092 2274 2145 μου,
2306 2074 2666 2143 διηγήσομαι
2716 2070 2913 2125 πάντα
2951 2072 3022 2125 τὰ
3064 2069 3366 2140 θαυμάσιὰ
3412 2085 3546 2122 σου.
3591 2070 3715 2122 Τοι-

2138 2165 2275 2218 αῦτα
2304 2164 2395 2217 καὶ
2424 2164 2585 2226 αὐτὸς
2608 2164 2665 2215 ἐν
2684 2160 3033 2230 Εὑαγγελίοις
3060 2162 3222 2232 φησίν
3240 2177 3252 2189 ·
3292 2159 3717 2229 Ἐξομολογοῦ-

2132 2255 2243 2324 μαί
2269 2270 2389 2317 σοι,
2430 2251 2642 2320 Πάτερ,
2674 2252 2854 2318 Κύριε
2886 2250 2992 2305 τοῦ
3018 2249 3278 2319 οὐρανοῦ
3317 2248 3417 2303 καὶ
3444 2249 3553 2317 τῆς
3582 2247 3715 2318 γῆς,

2138 2348 2229 2400 ὅτι
2275 2347 2632 2414 ἀπέκρυψας
2671 2345 2857 2398 ταῦτα
2892 2344 3011 2398 ἀπὸ
3043 2342 3251 2413 σοφῶν
3297 2344 3393 2396 καὶ
3426 2340 3718 2406 συνετῶν,

2138 2440 2237 2494 καὶ
2262 2438 2663 2506 ἀπεκάλυψας
2688 2437 2874 2491 ταῦτα
2904 2437 3163 2504 νηπίοις.
3190 2437 3300 2491 Καὶ
3327 2439 3384 2490 ὲν
3417 2436 3494 2507 τῷ
3521 2436 3719 2506 ψαλμῷ

2138 2534 2246 2605 γὰρ
2280 2533 2408 2605 περὶ
2445 2531 2552 2587 τῶν
2590 2531 2836 2602 κρυφίων
2868 2531 3193 2602 εὐχαριστεῖ.
3230 2531 3383 2583 Μετὰ
3414 2530 3470 2582 δὲ
3511 2531 3606 2598 τὴν
3639 2530 3719 2581 εὑο

2138 2624 2444 2696 χαριστίαν,
2480 2624 2541 2695 ἢν
2572 2624 2712 2694 ὑπὲρ
2750 2623 2848 2693 τῆς
2888 2622 3165 2694 ἡμετέρας
3211 2623 3503 2693 ἐποιήσατο
3549 2638 3719 2691 σωτην

2142 2720 2281 2790 ρίας,
2314 2717 2440 2788 περὶ
2464 2714 2572 2767 τῶν
2606 2713 2925 2784 θαυμασίων
2954 2715 3046 2767 τοῦ
3073 2715 3284 2785 Πατρὸς
3310 2714 3544 2779 διδάξειν
3572 2716 3719 2785 ἡμᾶς

2140 2809 2534 2878 ἐπαγγέλλεται
2559 2811 2625 2879 τῇ
2665 2807 2758 2859 τοῦ
2790 2808 3002 2879 Πατρὸς
3028 2808 3454 2878 ἐναγαλλόμενος
3481 2807 3595 2878 θέᾳ.
3635 2808 3717 2869 Ὠς

2138 2902 2194 2955 δὲ
2228 2902 2343 2971 Υίῷ
2371 2902 2464 2954 καὶ
2493 2903 2525 2972 ἡ
2557 2900 2754 2969 γνῶσις
2787 2901 2967 2971 παρῆν
2998 2900 3092 2952 τοῦ
3126 2900 3385 2969 ὀνόματος
3413 2900 3510 2969 τῆς
3536 2899 3718 2969 θεότη-

2140 3013 2229 3058 τος
2257 2995 2348 3049 τοῦ
2384 2995 2622 3067 ἀρρήτου
2656 2996 2750 3047 καὶ
2781 2994 3223 3064 ἀκατονομάστου
3258 2994 3488 3064 Πατρός.
3536 2991 3719 3044 Ταῦτα

2140 3087 2197 3141 δὲ
2252 3088 2502 3157 μάλιστα,
2546 3087 2700 3157 φησὶ,
2755 3088 2962 3157 ποιήσω
3011 3085 3105 3138 τὸν
3155 3086 3252 3155 τῆς
3307 3085 3452 3155 ζωῆς
3494 3085 3719 3153 νικήσας

457 3178 763 3234 Novissima
797 3179 1015 3231 inimica
1054 3176 1354 3232 destruetur
1385 3195 1524 3232 mors
1550 3178 1619 3230 9’.
1656 3177 1791 3231 Nam
1825 3187 2033 3231 retror—

2143 3181 2329 3253 ἐχθρὸν
2359 3182 2605 3247 θάνατον,
2639 3181 2767 3253 περὶ
2798 3176 2858 3234 οὗ
2881 3180 3159 3233 λέλεκται·
3194 3181 3485 3249 Ἕσχατος
3512 3179 3719 3245 ἐχθρὸς

459 3288 579 3326 sum
611 3276 983 3333 convertatur,
1015 3270 1065 3323 id
1100 3279 1205 3333 est,
1240 3271 1295 3323 in
1328 3271 1617 3339 pristinam
1655 3286 1811 3324 suam
1844 3270 2036 3325 condi-

459 3364 682 3425 tionem,
716 3379 823 3432 qua
866 3378 974 3416 non
1005 3362 1306 3417 exsistebat
1350 3382 1363 3416 :
1420 3362 1562 3416 Deus
1612 3364 1758 3417 enim
1814 3374 2036 3419 mortem

458 3472 562 3509 non
598 3455 717 3523 fecit
764 3455 831 3521 “,
880 3455 975 3509 sed
1026 3453 1228 3508 invidia
1280 3454 1483 3507 diaboli
1532 3471 1673 3507 mors
1727 3456 1947 3510 intravit
1980 3458 2036 3509 in

460 3548 713 3601 mundum
737 3549 805 3599 θ’.
837 3546 967 3613 Qum
998 3562 1121 3601 cum
1151 3546 1455 3610 evenerint,
1490 3547 1685 3616 reliqui
1728 3549 1890 3601 etiam
1922 3564 2038 3603 om-

460 3655 557 3693 nes
590 3640 741 3694 verbi
772 3640 850 3694 tui
893 3639 1121 3706 inimici,
1153 3638 1351 3692 inﬁrmi
1400 3638 1632 3693 evadent
1663 3654 1727 3694 ac
1768 3640 1823 3694 in
1854 3640 2037 3710 perni-

462 3730 599 3786 ciem
635 3732 810 3785 ibunt.

537 3906 699 3961 Vens.
732 3907 784 3961 9.
834 3904 900 3958 Et
940 3905 1048 3973 ipse
1084 3904 1350 3974 judicabit
1390 3904 1568 3959 orbem
1599 3912 1751 3958 terra:
1784 3905 1839 3957 in
1869 3910 2037 3980 justi-

469 4000 566 4069 tia,
604 3999 869 4068 judicabit
891 3998 1109 4067 populos
1133 3999 1187 4051 in
1211 3998 1547 4071 wquitale.Si
1572 3998 1609 4052 ii
1637 3999 1730 4068 qui
1754 3999 1807 4052 in
1836 3998 2039 4052 mundo

459 4098 770 4148 versantur.
806 4104 913 4142 non
947 4090 1148 4143 similia
1194 4104 1360 4157 opera
1417 4091 1739 4154 edidissent,
1771 4091 2039 4160 judicium

463 4179 557 4234 Dei
592 4181 802 4248 justum
834 4195 942 4233 non
979 4187 1163 4246 esset;
1199 4181 1291 4250 qui
1325 4182 1442 4250 pari
1476 4182 1686 4236 ratione
1723 4192 2040 4251 peccatores

463 4272 753 4341 supplicio,
783 4271 961 4337 justos
996 4272 1168 4340 gloria
1192 4271 1372 4325 allicit.
1407 4272 1683 4326 Judicabit
1726 4276 1948 4343 populos
1982 4277 2040 4328 in

413 4364 421 4375 '
462 4367 728 4434 wquitate.
759 4363 956 4418 Orbem
984 4371 1143 4419 terrae
1178 4374 1335 4418 vocat
1367 4364 1687 4432 Ecclesiam,
1730 4383 1851 4435 qua:
1883 4368 2041 4421 inha-

462 4459 668 4512 bitatur
698 4473 727 4510 a
756 4456 939 4524 Patre,
999 4455 1139 4511 Filio
1183 4466 1236 4512 et
1280 4456 1487 4526 Spiritu
1522 4467 1735 4519 sancto,
1784 4459 1940 4527 juxta
1976 4460 2041 4513 il-

2139 3274 2573 3343 καταργήσεται
2598 3278 2631 3327 ό
2658 3272 2934 3341 θάνατος.
2974 3273 3477 3344 Ἀποστραφήσεται
3504 3270 3612 3341 γὰρ
3644 3272 3720 3332 εἰς

2136 3365 2206 3417 τὰ
2247 3366 2441 3431 ὀπίσω,
2475 3366 2723 3418 τουτέστι
2754 3366 2852 3436 τὴν
2897 3364 3121 3437 πρώτην
3172 3364 3335 3418 αὐτοῦ
3371 3365 3720 3425 κατάστασιν,

2138 3460 2224 3512 ὅτε
2256 3460 2329 3529 μὴ
2354 3460 2668 3529 ὑφεστήκει.
2708 3460 2769 3512 '0
2794 3459 2902 3531 γὰρ
2942 3460 3086 3523 Θεὸς
3117 3458 3376 3513 θάνατον
3399 3460 3508 3511 οὐκ
3532 3458 3722 3522 ἑποίηο

2138 3568 2276 3605 σενο
2322 3557 2523 3621 φθόνῳ
2574 3554 2631 3606 δὲ
2678 3554 2961 3607 διαϐόλου
3005 3555 3261 3619 θάνατος
3311 3554 3597 3620 εἰσῆλθεν
3636 3556 3721 3618 εἰς

2139 3644 2245 3696 τὸν
2276 3645 2508 3713 κόσμον
2530 3662 2542 3674 ο
2576 3638 2637 3697 οὗ
2680 3645 2743 3718 δὴ
2773 3645 3055 3714 γεγονότος
3096 3647 3190 3698 καὶ
3220 3649 3268 3699 οἱ
3304 3646 3482 3698 λοιποὶ
3524 3647 3722 3708 πάντες

2138 3732 2324 3804 ἐχθροὶ
2372 3734 2465 3786 τοῦ
2520 3734 2678 3803 λόγου
2734 3751 2827 3786 σου
2879 3735 2973 3787 καὶ
3027 3734 3276 3804 πολέμιοι
3327 3733 3723 3804 ἀσθενήσαντες

2140 3824 2484 3878 ἀπολοῦνται.

2210 3917 2320 3971 Καὶ
2378 3917 2561 3983 αὐτὸς
2606 3918 2797 3987 κρινεῖ
2837 3918 2953 3986 τὴν
2999 3919 3357 3987 οἰκουμένην
3392 3918 3461 3971 ἐν
3504 3917 3723 3970 δικαιο-

2140 4009 2321 4077 σύνῃ,
2351 4008 2543 4077 κρινεῖ
2585 4009 2775 4075 λαοὺς
2810 4010 2880 4063 ἐν
2910 4010 3205 4077 εὐθύτητι.
3256 4010 3318 4061 Εἰ
3362 4012 3410 4062 οἱ
3444 4010 3501 4061 ὲν
3543 4010 3609 4079 τῇ
3644 4009 3723 4062 ol-

2142 4100 2379 4171 κουμένῃ
2413 4102 2512 4154 οὐκ
2536 4102 2592 4154 ὲν
2615 4103 2819 4171 ὁμοίοις
2835 4103 2971 4155 εἰσιν
2999 4100 3199 4172 ἔργοις,
3221 4102 3321 4154 οὐκ
3340 4101 3404 4154 ἂν
3421 4096 3529 4153 εἷεν
3548 4100 3624 4169 (1)
3648 4098 3723 4153 δι·-

2142 4193 2399 4265 καιοσύνη
2442 4195 2475 4264 ἡ
2513 4195 2695 4265 κρίσις
2727 4194 2821 4247 τοῦ
2869 4193 3038 4246 Θεοῦ·
3077 4194 3277 4264 ὁμοίως
3309 4195 3436 4257 τοὺς
3475 4192 3723 4263 ἁμαρτά-

2141 4300 2328 4346 νοντας
2378 4283 2618 4349 κολάζει,
2669 4284 2702 4356 ἢ
2753 4286 2877 4349 τοὺς
2933 4285 3173 4348 δικαίους
3229 4284 3459 4349 δοξάζει.
3522 4284 3725 4353 Κρινεῖ

2142 4377 2331 4443 λαοὺς
2354 4377 2423 4429 ὲν
2442 4380 2737 4445 εὐθύτητι.
2768 4379 3105 4449 Οἰκουμένην
3133 4380 3230 4449 μὲν
3251 4380 3350 4449 τὴν
3377 4378 3723 4448 Ἐκκλησίαν,

2143 4467 2264 4536 ἥτις
2294 4470 2521 4521 οἰκεῖται
2550 4468 2653 4520 ὑπὸ
2688 4468 2781 4521 τοῦ
2809 4470 3020 4541 Πατρὸς
3052 4471 3146 4523 καὶ
3197 4469 3290 4522 τοῦ
3322 4469 3474 4532 Υἱοῦ,
3507 4470 3600 4522 καὶ
3627 4469 3722 4522 τοῦ

461 4548 555 4603 iud
585 4568 597 4603 :
636 4547 749 4618 Ego
771 4556 825 4603 et
851 4547 1013 4603 Pater
1046 4548 1114 4602 ad
1145 4566 1264 4602 eum
1307 4550 1593 4613 veniemus,
1632 4559 1680 4603 et
1710 4552 2034 4605 mansionem

2149 4534 2302 4626 άγίου
2338 4560 2671 4631 Πνεύματος,
2704 4563 2845 4615 κατὰ
2875 4534 2968 4615 τό*
3007 4562 3147 4630 Ἐγὼ
3173 4564 3265 4616 καὶ
3296 4563 3325 4614 ὁ
3351 4564 3540 4634 Πατὴρ
3564 4564 3727 4617 eam

464 4641 604 4710 apud
623 4658 741 4696 eum
772 4642 1025 4711 faciemus
1050 4641 1115 4696 ".
1140 4641 1379 4712 Populos
1402 4652 1581 4696 autem
1611 4644 1848 4713 appellat
1877 4653 2042 4699 caete-

462 4751 557 4790 ros
588 4750 780 4790 omnes
814 4736 905 4804 qui
950 4740 1105 4788 extra
1136 4733 1437 4789 Ecclesiam
1472 4744 1786 4799 versantur,
1825 4743 1918 4789 aut
1946 4737 2039 4806 qui

463 4842 532 4881 ex
567 4825 989 4879 circumcisione
1018 4832 1170 4880 sunt.
1208 4825 1475 4895 Quotquot
1506 4827 1645 4879 enim
1677 4827 1735 4879 in
1774 4826 1881 4897 lege
1918 4843 2040 4896 pec-

464 4928 736 4984 caverunt,
762 4934 853 4987 per
884 4919 1044 4990 legem
1066 4918 1492 4989 judicabantur;
1522 4922 1611 4990 qui
1642 4937 1760 4975 vero
1791 4922 1903 4975 sine
1930 4921 2038 4992 lege

467 5014 783 5083 transgressi
808 5020 950 5076 sunt,
980 5013 1096 5065 sine
1131 5012 1240 5080 lege
1270 5013 1510 5080 peribunt
1548 5013 1618 5071 9".

539 5105 704 5162 Vens.
752 5105 840 5169 10,
873 5106 959 5159 Η.
1006 5102 1077 5156 Et
1125 5104 1301 5172 factus
1341 5115 1419 5159 est
1467 5106 1725 5160 Dominus
1775 5107 2039 5177 refugium

464 5199 701 5266 pauperi,
733 5197 949 5265 adjutor
972 5196 1029 5248 in
1060 5197 1566 5265 opportunitatibus,
1592 5200 1646 5253 in
1673 5198 2037 5254 tribulatione.

467 5291 535 5344 Et
565 5301 769 5360 sperent
799 5293 851 5344 in
890 5302 937 5345 te
968 5293 1057 5361 qui
1088 5300 1340 5345 noverunt
1370 5307 1556 5345 nomen
1590 5300 1759 5354 tuum,
1787 5293 2038 5360 quoniam

467 5400 569 5435 non
608 5383 934 5452 dereliquisti
962 5392 1252 5452 quwrentes
1304 5392 1372 5446 te,
1403 5381 1646 5443 Domine.
1678 5382 1780 5437 Cui
1813 5386 2038 5453 pauperi

462 5474 629 5544 judex
660 5474 930 5544 refugium
956 5474 1130 5529 factus
1154 5482 1260 5535 est.
1289 5476 1397 5530 nisi
1421 5476 1475 5529 in
1504 5476 1683 5545 primo
1712 5476 1834 5529 vitae
1856 5477 2036 5531 curri-

2146 4652 2372 4719 σόμεθα
2399 4654 2549 4720 πρὸς
2592 4654 2797 4719 αὑτὸν,
2842 4654 2942 4707 καὶ
2969 4654 3170 4722 μονὴν
3214 4658 3350 4723 παρ’
3376 4656 3536 4720 αὐτῷ
3565 4673 3727 4724 ποιη-

2145 4745 2407 4811 σόμεθα·
2450 4745 2612 4808 λαοὺς
2648 4745 2704 4798 δὲ
2742 4746 2868 4808 τοὺς
2897 4746 3115 4809 λοιποὺς
3159 4747 3310 4819 παρὰ
3352 4747 3449 4819 τὴν
3494 4747 3724 4817 Ἐκκληο

2161 4828 2314 4892 σίαν,
2363 4828 2396 4896 ἢ
2444 4830 2569 4891 τοὺς
2613 4830 2677 4881 ὲκ
2721 4832 3037 4901 περιτομῆς.
3088 4832 3252 4884 Ὅσοι
3296 4833 3407 4900 γὰρ
3454 4832 3523 4884 ἐν
3569 4831 3733 4899 νόμῳ

2161 4918 2458 4987 ἥμαρτον,
2499 4920 2597 4974 διὰ
2631 4924 2820 4990 νόμου
2870 4922 3284 4989 κριθήσονται,
3333 4922 3451 4976 τῶν
3496 4920 3731 4991 ἀνόμως

2059 5057 2061 5061 ,
2159 5010 2619 5080 ἁμαρτανόντων
2645 5014 2875 5081 ἀνόμως
2907 5012 3362 5081 ἀπολπυμένων.

2211 5110 2322 5164 Καὶ
2344 5108 2579 5180 ἐγένετο
2605 5112 2818 5179 Κύριος
2846 5112 3161 5181 καταφυγὴ
3205 5110 3286 5176 τῷ
3318 5111 3547 5177 πένητι,
3569 5110 3724 5177 ,ϐοη-

2144 5203 2246 5269 θὸς
2285 5204 2356 5256 ἐν
2401 5205 2749 5271 εὐκαιρίαις,
2780 5206 2851 5259 ἐν
2895 5206 3117 5273 θλίψει.
3167 5205 3275 5258 Καὶ
3323 5202 3725 5264 ἐλπιζέτωσαν

2143 5294 2242 5347 ἐπὶ
2280 5295 2355 5347 σὲ
2402 5299 2457 5348 ot
2501 5296 2899 5366 γινώσκοντες
2942 5296 3009 5348 τὸ
3064 5294 3252 5365 ὄνομά
3295 5311 3433 5359 σου,
3479 5293 3571 5347 ὅτι
3608 5295 3722 5347 οὐκ

2142 5384 2528 5453 ἐγκατέλιπες
2560 5385 2703 5451 τοὺς
2744 5384 3145 5454 ἐκζητοῦντάς
3180 5401 3274 5447 σε,
3328 5385 3523 5450 Κύριε.
3575 5381 3725 5452 Ποίῳ

2142 5478 2200 5531 δὲ
2249 5479 2442 5547 πένητι
2490 5478 2778 5550 καταφυγὴ
2824 5478 3044 5558 γέγονεν
3082 5480 3110 5531 ὁ
3154 5478 3368 5549 κριτὴς,
3408 5473 3589 5545 ἀλλ’ἢ
3642 5472 3725 5544 τῷ

534 5593 577 5624 ’⁸
618 5590 762 5668 Psal.
797 5608 884 5647 crx
909 5631 923 5649 .
956 5592 1131 5668 i.__"
1172 5593 1359 5648 Matth.
1399 5609 1474 5650 XI.
1505 5594 1596 5649 25.
1674 5593 1720 5625 ’³
1760 5592 1779 5647 l
1810 5594 1938 5651 Cor.
1972 5612 2034 5651 xv

2143 5596 2195 5652 6.
2272 5597 2318 5631 “
2358 5596 2487 5668 Sap.
2521 5611 2561 5663 ι,
2600 5597 2686 5651 15.
2763 5597 2810 5629 ³⁵
2885 5606 3013 5667 Sap.
3051 5610 3125 5662 ιι,
3159 5594 3250 5650 24.
3325 5593 3371 5627 ⁸⁸
3409 5591 3567 5649 Joan.
3608 5606 3725 5657 xiv,

465 5663 554 5717 25.
630 5664 679 5745 9:
715 5662 871 5717 Rom.
908 5678 981 5727 ιι,
1019 5662 1104 5715 12.

542 5752 783 5823 (1)Εἴεν.
813 5754 976 5812 Forte
1000 5756 1113 5811 εἴν.
1140 5755 1299 5813 Enn.
