4020 6372
337 331 435 386 155

1466 318 1967 383 COMM-ENTARIA
2003 316 2070 370 ΙΝ
2106 314 2445 371 PSALMOS.

3476 314 3579 375 154

335 442 473 495 κατά
531 442 623 496 τὸν
679 444 892 514 πρῶτον
940 443 1050 514 βίον
1107 444 1207 514 τὴν
1255 443 1446 516 στενὴν
1496 442 1755 496 ὡδευκότι
1816 437 1910 492 καὶ

2015 433 2158 497 culo,
2207 434 2262 487 in
2291 439 2521 503 angusta
2571 439 2624 488 et
2658 442 2808 487 arcta
2853 434 2939 488 via
2991 433 3312 501 incesserit;
3367 449 3579 491 necnon

333 533 713 605 τεθλιμμένην,
744 536 837 587 καὶ
865 534 942 604 τῷ
973 534 1394 605 μακαριζομένῳ
1422 534 1639 604 πτωχῷ,
1667 533 1906 604 δηλονότι

334 623 406 692 τῷ
441 622 710 694 πνεύματι
736 642 749 688 ;
780 623 951 677 Τοῦτο
973 625 1030 677 δὲ
1068 612 1332 693 μαθόντες
1367 625 1416 677 0i
1456 624 1812 694 γινώσκοντες
1849 625 1908 678 τὸ

334 712 503 781 διιομά
539 729 653 776 σου,
695 713 789 766 καὶ
825 713 906 765 ὅτι
949 715 1006 765 ἐν
1048 713 1126 784 τῷ
1163 715 1260 784 τῆς
1293 713 1689 784 δικαιοκρισίας
1733 712 1910 784 καιρῷ

333 808 457 869 τοὺς
482 805 844 877 ἐκζητοῦντάς
873 823 931 858 σε
960 806 1053 859 νῦν
1074 807 1177 859 ούκ
1201 806 1634 875 ἐγκαταλείψεις,
1661 805 1911 859 ἐντεῦθεν

337 896 698 960 ἐλπιζέτωσαν
749 899 844 949 ἐπὶ
885 897 944 950 σὲ
973 897 1149 951 πάντα
1175 897 1400 961 διάςτάς
1432 897 1664 968 ἀμοιϐἀς
1708 897 1911 968 ὑπομέ-

333 1003 531 1049 νοντες.

411 1080 912 1147 Ἁτιαλλιασόμεθα
941 1079 1039 1132 ἐπὶ
1080 1078 1162 1144 τῷ
1197 1080 1468 1147 σωτηρίῳ
1507 1093 1645 1140 σου,
1695 1077 1910 1131 ἐνεπα-

333 1185 530 1238 τησαν
554 1171 699 1238 ἔθνη
730 1171 800 1223 ἐν
825 1170 1114 1239 διαφθορᾷ
1137 1165 1179 1242 ᾖ
1222 1171 1540 1238 ἐποίησαν.
1584 1172 1638 1222 Ἐ
1643 1187 1681 1223 ν
1709 1169 1912 1240 παγίδι

331 1263 517 1329 ταύτῃ
619 1263 895 1331 ἔκρυψαν
920 1261 1276 1332 συνελήφθη
1313 1266 1346 1316 ὁ
1377 1263 1530 1327 ποῦς
1558 1263 1778 1316 αὐτῶν.
1814 1265 1913 1314 Γι-

330 1351 622 1406 νώσκεται
645 1355 860 1422 Κύριος
896 1355 1150 1424 κρίματα
1186 1353 1393 1408 ποιῶν.
1437 1355 1534 1406 Ἐν
1563 1354 1687 1419 τοῖς
1718 1354 1912 1423 ἔργοις

331 1443 448 1495 τῶν
477 1444 694 1513 χειρῶν
715 1445 902 1500 αὐτσῦ
923 1445 1278 1514 συνελήφθη
1308 1449 1340 1498 ό
1364 1446 1732 1514 ἁμαρτωλός.
1777 1444 1910 1516 ᾨδὴ

331 1535 762 1604 διαψάλματος.
809 1535 968 1588 Ἀλλά
1000 1536 1094 1588 καὶ
1125 1538 1237 1599 τοῖς
1280 1535 1562 1589 εὐσεϐέσιν
1598 1534 1913 1587 ἐπιϐουλεύ-

333 1644 543 1690 σαντες,
602 1628 831 1690 έαυτοὺς
883 1628 1239 1698 περιέπειραν
1305 1626 1571 1697 ἀπωλείᾳ.
1631 1627 1766 1679 Τότε
1818 1627 1912 1678 καὶ

329 1719 701 1790 γνωσθήσεται
730 1719 913 1789 δικαίᾳ
946 1719 1124 1790 κρίσει
1152 1717 1432 1789 χρώμενος
1457 1721 1484 1771 6
1512 1717 1661 1780 Θεός.
1706 1717 1827 1788 ᾨδὴ
1854 1717 1910 1770 δὲ

2011 526 2262 580 mendico
2307 533 2361 579 et
2414 525 2661 595 pauperi,
2717 525 2914 596 spiritu
2969 527 3198 591 scilicet,
3249 527 3340 596 qui
3388 527 3583 583 beatus

2009 615 2375 683 praedicatur?
2401 613 2514 668 [loc
2549 629 2672 668 cum
2703 616 3030 670 edidicerint
3054 618 3150 686 qui
3193 623 3462 672 noverunt
3483 632 3583 672 no-

2011 722 2144 769 men,
2170 714 2345 769 tuum,
2395 707 2551 776 gnari
2594 723 2812 777 quoque
2839 717 2898 762 te
2922 709 3054 778 justi
3099 709 3292 778 judicii
3343 720 3585 780 tempore

2011 813 2122 850 non
2153 799 2472 852 relicturum
2495 813 2592 853 eos
2616 800 2708 867 qui
2732 815 2880 854 nunc
2902 809 3152 870 qumrunt
3177 809 3264 867 te;
3298 802 3424 856 inde
3445 803 3584 858 bene

2012 899 2235 959 sperent
2264 891 2319 943 in
2346 897 2419 953 te,
2453 891 2770 960 patientiam
2816 893 2872 946 in
2915 893 3169 949 omnibus
3207 893 3470 950 habentes
3513 895 3584 950 ob

2012 990 2256 1051 paratam
2291 983 2728 1037 retributionem.

2084 1069 2252 1125 νεεδ.
2287 1071 2377 1136 -16,
2414 1073 2503 1126 17.
2553 1071 2958 1128 Exsultabimus
2999 1075 3053 1127 in
3104 1076 3336 1130 salutari
3360 1087 3470 1144 tuo,
3499 1079 3584 1131 in-

2013 1163 2136 1230 ﬁxa?
2163 1172 2284 1216 sunt
2308 1174 2480 1233 gentes
2513 1165 2566 1217 in
2597 1165 2814 1219 interitu
2842 1183 2993 1236 quem
3025 1167 3275 1227 fecerunt.
3312 1168 3377 1222 In
3401 1171 3584 1240 laqueo

2015 1252 2114 1304 isto
2139 1270 2288 1322 quem
2313 1253 2720 1316 abscondet-unt,
2746 1257 3148 1323 comprehensus
3171 1267 3247 1311 est
3269 1274 3356 1326 pes
3380 1276 3582 1316 eorum.

2014 1343 2370 1414 Cognoscetur
2409 1346 2670 1400 Dominus
2710 1347 2923 1417 judicia
2971 1349 3190 1416 faciens.
3230 1349 3295 1402 In
3341 1353 3585 1419 operibus

2015 1455 2264 1490 manuum
2283 1456 2500 1492 suarum
2519 1441 2914 1508 camprehensus
2935 1451 3011 1494 est
3031 1452 3288 1510 peccator.
3308 1441 3587 1496 Canticum

2013 1528 2408 1598 diapsalmatis.
2439 1530 2552 1585 lmo
2584 1548 2714 1586 vero
2737 1532 2865 1585 dum
2895 1532 3001 1602 piis
3023 1533 3336 1588 hominibus
3358 1534 3590 1588 insidias

2014 1628 2313 1685 struerem,
2350 1638 2469 1677 sese
2503 1623 2558 1676 in
2594 1622 2893 1692 perniciem
2924 1630 2979 1677 et
3021 1624 3302 1678 interitum
3337 1627 3588 1694 conjece-

2013 1720 2161 1767 runt.
2207 1713 2360 1768 Tunc
2391 1723 2572 1770 autem
2607 1722 2968 1785 cognoscetur
3011 1715 3156 1770 Deus
3200 1717 3348 1786 justo
3375 1718 3588 1786 judicio

328 1811 730 1882 διαψάλματος
775 1811 852 1875 ὡς
899 1811 965 1864 ἂν
1015 1811 1317 1882 μεταϐολῆς
1369 1810 1744 1881 γεγενημένης
1789 1811 1908 1880 ἦτοι

2015 1822 2165 1863 usus.
2215 1807 2504 1862 Canticum
2538 1809 2916 1878 diapsalmatis
2945 1808 3169 1874 dicitur,
3202 1817 3262 1863 ut
3293 1809 3434 1864 facta
3467 1826 3590 1864 mu-

333 1904 527 1973 μέλους
557 1903 700 1956 κατά
729 1903 825 1973 τὴν
867 1902 1121 1974 Ἐϐραῖδα
1151 1902 1352 1973 φωνὴν,
1381 1901 1423 1972 ἢ
1451 1901 1735 1973 μελῳδίας,
1761 1903 1793 1972 ἢ
1817 1903 1910 1955 καὶ

326 1997 426 2067 τῆς
456 1997 696 2060 διανοίας
735 1996 906 2065 αὐτῆς
947 1994 1054 2048 τῶν
1089 1994 1427 2066 λελεγμένων
1460 1996 1545 2065 ἐφ’
1572 1994 1759 2066 ἓτερον
1787 1993 1910 2050 νοῦν

330 2088 776 2159 μεταϐαλλόντων
810 2088 900 2141 τὸν
926 2088 1104 2156 λόγον.

411 2179 993 2247 Ἀποστραφ-ήτωσαν
1023 2182 1076 2232 οἱ
1107 2178 1440 2247 ἁμαρτωλοὶ
1471 2179 1559 2244 εἷς
1595 2178 1702 2232 τὸν
1733 2177 1907 2245 ᾅδηνι

327 2272 525 2326 πάντα
553 2273 626 2326 τὰ
658 2273 802 2340 ἔθνη
840 2273 915 2326 τὰ
944 2271 1465 2339 έπιλανθανόμενα
1507 2270 1614 2324 τοῦ
1650 2271 1818 2325 Θεοῦ.
1848 2273 1911 2324 El

323 2365 435 2436 γὰρ
467 2366 565 2417 καὶ
597 2364 693 2416 νῦν
724 2361 1134 2432 ἀναισθητοῦσι,
1179 2361 1293 2414 ἀλλ’
1323 2360 1444 2431 ἥξει
1477 2360 1578 2429 τῆς
1619 2361 1852 2431 κρίσεως
1882 2362 1912 2413 6

323 2457 540 2527 καιρός.
576 2455 710 2508 Θεοῦ
752 2456 810 2508 δὲ
854 2455 1158 2524 ἄνθρωπος,
1189 2452 1291 2507 κᾶν
1323 2453 1452 2524 δοκῇ
1498 2454 1913 2524 καταπεφρονῆ-

327 2548 451 2600 σθαι
477 2549 631 2618 παρά
656 2547 811 2611 Θεοῦ,
839 2545 918 2617 τῷ
947 2545 1098 2616 παρά
1131 2545 1238 2598 τῶν
1272 2543 1607 2615 ἁμαρτωλῶν
1639 2545 1915 2614 ἀνήκεστα

323 2642 594 2709 πάσχειν·
636 2639 750 2693 ἀλλ’
797 2640 856 2692 ού
893 2638 1248 2710 παραδέδοται
1278 2637 1434 2708 λήθη.
1469 2636 1543 2690 Οὐ
1585 2635 1694 2707 γὰρ
1741 2639 1820 2699 είς
1853 2636 1914 2688 τὸ

323 2734 481 2795 τέλος
517 2732 942 2804 ὲπιλησθήσεται
974 2733 1002 2783 6
1036 2731 1250 2800 πτωχὸς
1276 2729 1355 2800 τῷ
1385 2729 1690 2798 πνεύματι·
1726 2727 1836 2792 ἕξει
1858 2728 1913 2781 δὲ

323 2824 542 2895 καρπὸν
583 2827 676 2877 καὶ
705 2825 860 2888 τέλος
895 2822 1096 2891 ἀγαθὸν
1130 2822 1219 2876 διὰ
1261 2822 1361 2894 τὴν
1392 2824 1450 2875 ὲν
1494 2824 1606 2887 τοῖς
1649 2821 1914 2894 παροῦσιν

325 2916 631 2987 ὑπομονήν.

408 3008 753 3077 Ἀνάστηθι,
784 3007 978 3076 Κύριε,
1006 3007 1092 3076 μὴ
1123 3007 1535 3075 κραταιούσθω
1580 3005 1912 3074 ἄνθρωπος,

322 3099 711 3167 αριθήτωσαν
740 3097 882 3165 ἔθνη
911 3096 1168 3150 ἐνώπιόν
1189 3113 1327 3150 σου.
1356 3095 1774 3164 Κατάστησον,
1798 3099 1914 3152 Κύ-

313 3205 436 3257 ριε,
480 3186 816 3256 νομοθέτην
846 3187 938 3240 ἐπ’
967 3188 1188 3253 αὐτούς
1207 3205 1222 3218 ·
1258 3187 1580 3257 γνώτωσαν
1607 3188 1777 3256 ἔθνη,
1825 3189 1913 3242 ὅτι

313 3278 631 3345 ἄνθρωποί
660 3280 802 3330 εἱσι.
847 3277 1112 3346 Διεγείρει
1151 3276 1243 3329 τὸν
1289 3276 1420 3329 Θεὸν
1462 3277 1537 3339 ὡς
1585 3276 1687 3345 τῆς
1717 3276 1914 3346 ἀνοχῆς

318 3370 490 3423 αὑτοῦ
527 3370 623 3423 καὶ
647 3369 742 3422 τοῦ
774 3369 1003 3422 πλούτου
1036 3369 1134 3440 τῆς
1169 3367 1536 3440 χρηστότητος
1566 3368 1660 3421 καὶ¹
1685 3368 1784 3438 τῆς
1815 3385 1916 3437 μα-

319 3461 653 3532 κροθυμίας,
689 3461 960 3532 ἀναϐολὴν
999 3461 1098 3531 μὲν
1140 3459 1476 3530 ἐμποιούσης
1507 3459 1674 3530 αὐτῷ,
1706 3460 1917 3530 ἐπιτρι-

315 3555 424 3624 ῦὴν
464 3555 522 3606 δὲ
575 3557 690 3617 τοῖς
733 3552 986 3607 ἀσεϐέσιν
1031 3550 1359 3624 ἀνθρώποις.
1393 3549 1704 3621 Εὑξάμενος
1735 3550 1792 3603 δὲ
1832 3553 1918 3603 ὲν-

315 3646 495 3700 ώπιον
511 3646 608 3700 τοῦ
638 3646 775 3699 Θεοῦ
798 3646 1050 3717 κριθῆναι
1083 3643 1153 3698 τά
1174 3644 1324 3715 ἔθνη,
1351 3643 1445 3697 νῦν
1474 3642 1782 3706 ἀκολούθως
1809 3643 1916 3714 πρὸ

314 3741 421 3812 τῆς
453 3739 760 3811 μελλούσης
796 3740 1031 3811 κρίσεως
1062 3739 1203 3804 ἀξιοί
1232 3736 1450 3806 δοθῆναι
1483 3738 1596 3799 τοῖς
1625 3734 1802 3788 ἔθνεσι
1831 3751 1917 3788 νο-

318 3834 587 3903 μοθέτην,
621 3833 708 3884 ἵνα
753 3831 1017 3895 μάθωσιν,
1051 3829 1125 3894 ὡς
1157 3830 1294 3881 εἰσὶν
1339 3827 1634 3898 ἄνθρωποι,
1663 3825 1776 3880 ἀλλ’
1815 3825 1917 3879 οὐκ

307 3925 498 3993 ἄλογα
533 3925 652 3988 ζῶα
674 3941 688 3954 ο
722 3941 784 3976 ου
810 3923 918 3995 γάρ
950 3922 1162 3990 ἀλόγοις
1189 3921 1390 3974 δίδοται
1421 3919 1600 3990 νόμος.
1633 3919 1745 3972 Οὐκ
1770 3917 1836 3972 ἂν
1859 3917 1916 3970 δὲ

313 4016 476 4084 λέγοι
521 4015 766 4085 Μωῦσῆν
807 4015 898 4068 τὸν
950 4014 1006 4080 ἐξ
1045 4012 1348 4085 ἀνθρώπων
1393 4013 1561 4066 πάλαι
1611 4011 1916 4083 γεγενημέ-

313 4122 436 4166 νον,
468 4104 594 4157 οὐδὲ
625 4105 786 4174 νόμον
826 4104 919 4157 τδν
963 4102 1142 4173 μόνοις
1183 4100 1407 4154 τεθέντα
1448 4103 1561 4163 τοῖς
1601 4099 1874 4164 Ἰουδαίοις
1899 4117 1912 4132 ·

313 4193 439 4246 ἀλλ’
469 4193 595 4245 οὐδὲ
620 4191 930 4263 προσδοκᾷν
954 4191 1139 4261 ἕτερον
1183 4186 1344 4252 εἶναι,
1374 4191 1437 4242 τὸ
1481 4188 1570 4241 διὰ
1609 4189 1790 4258 πάσης
1827 4187 1916 4241 έλ-

316 4285 441 4339 οεἰν
473 4288 573 4354 τῆς
604 4283 931 4354 οἰκουμένης
953 4283 1051 4351 τῆς
1075 4283 1280 4352 Καινῆς
1305 4280 1578 4350 Διαθήκης
1606 4281 1698 4332 τὸν
1731 4279 1912 4350 νόμον.

316 4377 570 4450 Χριστος
620 4377 730 4448 γὰρ
758 4378 787 4428 6
827 4375 1142 4446 νομοθέτης,
1186 4374 1280 4426 καὶ
1327 4371 1422 4425 τοῦ
1471 4370 1809 4440 Εὑαγγελίου
1857 4370 1917 4431 τὸ

2011 1902 2236 1966 latione,
2284 1902 2400 1956 sive
2451 1901 2635 1966 metri,
2687 1901 2988 1957 secundum
3019 1901 3346 1957 Hebraicam
3372 1918 3587 1971 vocem,

2011 1993 2126 2048 sive
2159 1994 2427 2058 melodiae,
2463 1993 2578 2049 sive
2606 1994 2902 2049 verborum
2925 1995 3194 2050 sententia
3227 1997 3284 2050 in
3313 1997 3474 2052 aliam
3508 1997 3584 2053 si-

2012 2083 2412 2154 gniﬁcationem
2437 2085 2722 2140 translata.

2086 2174 2256 2230 Vens.
2294 2176 2382 2231 18.
2426 2176 2815 2231 Convertantur
2837 2186 3135 2245 peccatores
3187 2180 3242 2232 in
3294 2179 3582 2248 infernum,

2013 2282 2189 2320 omnes
2219 2277 2393 2336 gentes
2440 2285 2556 2338 qua:
2588 2269 2968 2324 obliviscuntur
2996 2269 3183 2324 Deum.
3217 2270 3443 2325 Etiamsi
3473 2272 3585 2340 jam

2011 2361 2165 2414 nullo
2203 2376 2368 2416 sensu
2396 2368 2701 2429 moventur,
2734 2370 2789 2415 at
2813 2363 2993 2417 ve‘niet
3019 2362 3211 2431 judicii
3236 2373 3471 2434 tempus.
3499 2363 3589 2418 ln-

2014 2453 2175 2507 terim
2211 2453 2374 2508 homo
2398 2452 2514 2518 Dei,
2539 2455 2642 2510 etsi
2673 2454 2924 2508 videatur
2965 2455 3033 2508 ab
3062 2455 3181 2523 ipso
3218 2454 3328 2509 Deo
3362 2457 3584 2527 negligi,

2014 2545 2145 2600 dum
2187 2545 2545 2600 intolerandis
2591 2561 2621 2599 a
2673 2545 3056 2615 peccatoribus
3106 2545 3340 2601 adicitur
3383 2549 3584 2614 malis,

2014 2635 2359 2707 nequaquam
2389 2638 2444 2691 in
2476 2638 2805 2693 oblivionem
2837 2639 3005 2692 venit.
3056 2637 3175 2691 Non
3220 2638 3366 2693 enim
3414 2656 3590 2710 usque

2016 2727 2074 2781 in
2120 2730 2281 2782 tinem
2309 2743 2516 2797 pauper
2540 2729 2738 2797 spiritu
2773 2743 2803 2782 a
2833 2727 2944 2784 Deo
2971 2730 3360 2800 negligendus;
3397 2732 3488 2786 sed
3517 2729 3592 2786 ob

2015 2827 2340 2890 praesentem
2369 2819 2707 2889 patientiam,
2755 2825 2809 2875 et
2844 2820 3082 2876 fructum
3113 2837 3273 2877 suum
3303 2831 3358 2878 et
3385 2823 3589 2878 bonum

2017 2911 2179 2964 ﬁnem
2207 2917 2594 2980 consequetur.

2087 3001 2256 3057 νεεδ.
2287 3003 2380 3066 20,
2415 3002 2506 3057 21.
2548 3001 2812 3074 Exsurge,
2846 3003 3092 3070 Domine,
3123 3021 3226 3057 non
3260 3005 3588 3074 confortetnr

2018 3093 2193 3156 homo,
2211 3093 2522 3162 judicentur
2553 3104 2727 3164 gentes
2761 3096 2816 3148 in
2849 3107 3125 3163 conspectu
3157 3104 3265 3149 tuo.
3293 3096 3586 3160 Constitue,

2019 3186 2262 3252 Domine,
2301 3187 2654 3256 legislatorem
2684 3204 2840 3258 super
2879 3205 2965 3242 eos
2990 3204 3007 3242 :
3037 3189 3211 3242 sciant
3241 3199 3415 3258 gentes
3455 3207 3588 3260 quo-

2016 3281 2161 3332 niam
2179 3278 2412 3332 homines
2443 3288 2587 3333 sunt.
2615 3278 2786 3334 Deum
2813 3280 3036 3343 excitat,
3073 3287 3132 3333 ut
3166 3281 3256 3350 qui
3303 3283 3592 3336 tolerantia

2017 3385 2138 3434 sua,
2168 3377 2331 3440 atque
2360 3370 2413 3423 vi
2436 3371 2738 3425 clementiae
2791 3378 2845 3425 et
2893 3373 3185 3440 patientiae,
3236 3373 3336 3427 sibi
3370 3372 3590 3442 quidem

2015 3477 2386 3518 aerumnarum
2415 3462 2850 3526 diuturnitatem,
2880 3462 3066 3532 impiis
3110 3478 3240 3517 vero
3276 3463 3592 3519 hominibus

2015 3553 2250 3609 vexandi
2275 3561 2491 3624 tempus
2514 3554 2742 3608 tribuat.
2775 3553 3071 3623 Postquam
3113 3566 3292 3609 autem
3332 3565 3590 3624 precatus

2015 3652 2124 3715 est,
2153 3652 2216 3700 ut
2243 3647 2556 3717 judicentur
2585 3651 2774 3712 gentes
2800 3642 2856 3696 in
2881 3651 3178 3713 conspectu
3201 3641 3317 3710 Dei,
3340 3645 3454 3713 jam
3499 3663 3591 3702 ro-

2015 3745 2107 3810 gat
2136 3746 2196 3793 ut
2228 3745 2356 3793 ante
2399 3737 2644 3792 futurum
2698 3735 2968 3804 judicium
3003 3737 3256 3806 gentibus
3311 3737 3591 3807 legislator

2017 3831 2410 3894 constituatur,
2433 3836 2494 3883 ut
2533 3827 2748 3882 discant
2776 3842 2835 3882 se
2863 3827 3134 3892 homines,
3160 3844 3268 3883 non
3291 3829 3452 3883 bruta
3481 3832 3593 3884 ani—

2015 3922 2202 3987 malia,
2233 3935 2355 3976 esse
2384 3938 2396 3973 :
2427 3933 2552 3973 nam
2599 3918 2780 3974 brutis
2834 3918 3166 3973 animalibus
3225 3919 3311 3973 lex
3367 3919 3594 3974 minime

2015 4012 2198 4068 datur.
2223 4011 2491 4067 Cancrum
2517 4025 2629 4064 non
2657 4009 2748 4064 hic
2773 4009 2840 4064 de
2854 4008 3038 4080 Moyse
3055 4010 3186 4080 agit,
3208 4010 3302 4080 qui
3322 4010 3434 4078 jam
3459 4012 3591 4066 olim

2017 4104 2086 4160 de
2112 4104 2294 4160 medio
2316 4104 2598 4158 hominum
2635 4101 2890 4158 sublatus
2918 4098 3128 4168 fuerat;
3173 4116 3352 4171 neque
3375 4102 3444 4156 de
3475 4103 3594 4172 lege

2016 4211 2139 4266 quae
2165 4195 2300 4252 solis
2331 4193 2539 4249 Judzeis
2564 4194 2692 4248 data
2722 4193 2923 4256 fuerat,
2950 4207 3128 4262 neque
3158 4194 3275 4247 vult
3307 4193 3468 4248 aliam
3496 4209 3594 4248 ex-

2019 4289 2260 4358 spectari
2301 4287 2496 4357 legem,
2546 4295 2605 4340 ut
2642 4283 2779 4340 Novi
2808 4285 3147 4342 Testamenti
3182 4287 3268 4340 lex
3303 4294 3474 4340 totum
3502 4301 3594 4340 or-

2017 4382 2140 4436 bem
2181 4381 2460 4450 pervadat.
2492 4378 2746 4434 Christus
2775 4379 2921 4434 enim
2953 4380 3254 4450 legislator,
3285 4379 3596 4450 Evangelii-

319 4474 599 4543 κήρυγμα
645 4469 956 4540 κεκράτηκε
1016 4467 1123 4521 τῶν
1167 4465 1356 4521 ἐθνῶν.
1414 4465 1553 4536 Περὶ
1595 4458 1655 4517 οὗ
1689 4462 1776 4516 διὰ
1817 4461 1910 4514 τοῦ

2016 4487 2125 4541 que
2173 4471 2489 4541 praedicatio
2534 4471 2588 4524 in
2638 4471 2891 4542 gentibus
2939 4470 3196 4528 obtinuit.
3243 4470 3320 4526 De
3360 4487 3472 4542 quo
3498 4487 3595 4542 per

323 4566 621 4634 προφήτου
679 4562 844 4632 φησὶν
895 4563 923 4614 ὁ
971 4560 1195 4630 Πατήρ·
1241 4556 1386 4611 Ἰδοὺ
1431 4559 1463 4609 ὁ
1498 4554 1638 4621 παῖς
1677 4571 1797 4623 μου
1840 4552 1912 4606 ὃν

323 4656 606 4723 ᾑρέτισα,
658 4657 690 4707 d
731 4653 1016 4717 ἐκλεκτός
1059 4667 1177 4720 μου
1225 4651 1312 4714 εὶς
1363 4646 1434 4700 ὃν
1486 4645 1818 4712 εὐδόκησεν
1873 4645 1912 4712 ἡ

323 4746 506 4816 ¹δίκηνκιή
552 4763 693 4816 μου.
746 4745 963 4813 Κρίσιν
1017 4741 1141 4808 τοῖς
1189 4742 1432 4796 ἔθνεσιν
1479 4738 1722 4802 ἐξοίσει.
1791 4738 1914 4790 Οὐκ

324 4842 542 4908 ἐρίσει,
600 4838 744 4893 οὐδὲ
790 4835 1134 4905 κραυγάσει,
1188 4831 1331 4886 οὐδὲ
1385 4827 1830 4896 ἀκουσθήσεται
1876 4829 1916 4894 ἡ

327 4932 505 4999 φωνὴ
535 4929 742 4985 αὐτοῦ.
786 4927 1068 4996 Κάλαμον
1099 4921 1627 4990 συντεθλασμένον
1665 4920 1737 4972 οὺ
1766 4933 1918 4970 συν-

327 5026 553 5092 τρίψει,
600 5024 700 5076 καὶ
742 5022 919 5076 λίνον
967 5021 1307 5087 τυφόμενον
1363 5015 1435 5068 οὐ
1483 5011 1725 5066 σϐέσει·
1779 5009 1917 5063 ἀλλ’

329 5122 426 5182 εὶς
465 5116 758 5183 ἀλήθειαν
780 5114 1004 5177 ἐξοίσει
1041 5111 1261 5179 κρίσιν.
1309 5105 1694 5174 Ἀναλάμψει,
1717 5104 1814 5157 καὶ
1850 5105 1920 5156 οὐ
1962 5157 1968 5161 ,

331 5207 804 5276 θραυσθήσεται,
826 5205 936 5269 ἕως
958 5202 1035 5258 ἂν
1062 5201 1256 5270 θῇεὲπὶ
1297 5197 1408 5267 τῆς
1430 5197 1542 5266 γῆς
1572 5197 1794 5264 κρίσιν,
1821 5195 1919 5248 καὶ

331 5301 420 5365 τῷ
476 5301 724 5368 ὀνόματι
777 5297 964 5351 αὐταῦ
1017 5295 1159 5362 ἔθνη
1212 5291 1532 5346 ἐλπιοῦσιν
1592 5290 1689 5361 (1).
1741 5290 1812 5342 Τὸ
1861 5289 1918 5342 δὲ

345 5392 642 5463 Ἑϐραῖκὸν
675 5390 770 5443 καὶ
791 5405 842 5442 οι
867 5388 1042 5442 λοιποὶ
1069 5385 1270 5448 πάντες
1307 5383 1660 5455 ἐρμηνευταὶ,
1691 5381 1802 5436 Καὶ
1836 5379 1916 5445 τῷ

335 5487 502 5550 νόμῳ
541 5482 728 5536 αὑτοῦ
765 5481 907 5549 ἔθνη
932 5479 1273 5544 ἐλπιοῦσιν,
1308 5475 1600 5542 ἐξέδωκαν.

409 5604 456 5635 ’⁸
496 5603 605 5657 lsa.
643 5618 792 5668 χιιι,
832 5601 948 5657 1-4.

2019 4564 2345 4634 prophetam
2379 4563 2458 4616 ait
2501 4561 2664 4618 Pater
2697 4582 2708 4616 :
2745 4562 2880 4617 Ecce
2907 4579 3037 4632 puer
3064 4581 3230 4628 meus,
3251 4580 3403 4632 quem
3437 4565 3590 4635 elegi,

2020 4655 2214 4708 electus
2236 4671 2416 4718 meus;
2453 4654 2772 4724 complacuit
2794 4655 2896 4709 sibi
2915 4657 2971 4709 in
2991 4655 3086 4709 illo
3118 4657 3299 4709 anima
3320 4673 3456 4709 mea.
3491 4654 3596 4709 Ju-

2023 4747 2222 4801 dicium
2252 4746 2494 4818 gentibus
2527 4747 2776 4817 proferet.
2805 4746 2930 4802 Non
2951 4747 3245 4814 contendet,
3283 4765 3443 4817 neque
3473 4748 3591 4802 cla-

2021 4836 2208 4902 mabit,
2233 4853 2394 4906 neque
2416 4837 2663 4892 audietur
2685 4854 2785 4893 vos:
2811 4839 2944 4908 ejus.
2980 4839 3262 4894 Calamum
3283 4849 3592 4908 quassatum

2023 4947 2127 4984 non
2160 4938 2412 4994 conteret,
2438 4939 2488 4984 et
2528 4931 2695 4984 linum
2729 4931 2994 5002 fumigans
3021 4949 3122 4986 non
3151 4935 3472 5000 exstinguet;
3499 4930 3592 4985 sed

2021 5023 2078 5075 in
2108 5022 2324 5075 veritate
2349 5021 2531 5076 educet
2558 5022 2842 5091 judicium.
2870 5021 3230 5092 Resplendebit
3258 5031 3308 5089 et
3345 5039 3449 5075 non
3480 5022 3592 5075 col-

2025 5112 2238 5176 lidetur,
2267 5110 2431 5166 donec
2461 5122 2625 5181 ponat
2657 5114 2713 5166 in
2755 5121 2898 5167 terra
2923 5111 3208 5181 judicium,
3239 5119 3288 5164 et
3321 5112 3377 5164 in
3407 5128 3594 5166 nomen

2021 5203 2136 5272 ejus
2165 5213 2340 5274 gentes
2371 5204 2652 5273 sperabunt
2685 5205 2752 5257 ³⁸.
2789 5202 3340 5257 Hebraicum‘autem
3372 5209 3426 5256 et
3466 5202 3594 5256 reli-

2023 5298 2114 5365 qui
2142 5311 2333 5352 omnes
2355 5299 2682 5367 interpretes
2713 5295 3004 5351 ediderunt
3032 5313 3042 5347 :
3079 5293 3148 5346 Et
3192 5295 3246 5348 in
3283 5295 3441 5366 legem
3475 5294 3594 5366 ejus

2023 5398 2196 5457 gentes
2223 5388 2525 5456 sperabunt.

413 5723 486 5793 (l)
516 5723 573 5774 in
603 5716 868 5777 l'lebraico
898 5712 1098 5792 legitur
1128 5699 1264 5782 πίῃ-ιιι
1289 5723 1420 5776 nam
1446 5691 1692 5782 ΊΠἾἹΠιῚΊ,
1723 5709 1776 5767 id
1800 5717 1884 5768 est
1911 5719 1971 5765 ut
1991 5705 2224 5778 Vulgata
2253 5704 2666 5772 interpretatur,
2715 5695 2784 5750 Et
2831 5697 2883 5754 in
2921 5696 3081 5766 legem
3129 5695 3243 5764 ejus
3274 5690 3462 5747 insula
3493 5703 3591 5744 ex-

339 5794 675 5861 spectabunt.
