4020 6372
433 365 534 417 5'55

1389 459 1633 515 PSALM
1644 459 1732 514 US
1771 459 1823 514 X

431 649 656 703 despicis
697 649 752 701 in
790 649 1295 716 opportunitatibus,
1341 649 1398 700 in
1443 647 1825 704 tribulatione?
1863 647 2003 700 Dum

436 741 670 809 superbit
700 743 914 805 inimus,
953 741 1252 794 incenditur
1293 757 1530 809 pauper:
1559 741 2005 810 comprehendun-

435 844 520 886 tur
550 839 602 887 ιη
631 834 867 887 consiliis
901 831 1086 904 quibus
1123 833 1375 902 cogitant.
1421 835 1503 886 An
1545 833 1673 903 quia
1726 831 1869 886 Deus
1899 841 2002 899 est,

433 924 734 979 secundum
765 924 1112 994 Apostolum,
1146 927 1238 992 qui
1281 923 1699 992 comprehendit
1727 923 2003 991 sapientes

433 1017 486 1069 in
539 1016 742 1071 astutia
777 1031 898 1078 sua,
948 1014 1184 1084 idipsum
1217 1014 1328 1083 jam
1372 1014 1489 1067 ﬁeri
1541 1013 1822 1083 postulat?
1852 1011 2004 1065 Multi

431 1112 574 1164 enim
608 1125 733 1163 cum
771 1110 990 1163 videant
1011 1123 1090 1173 se,
1122 1109 1224 1162 etsi
1257 1108 1310 1160 in
1338 1106 1712 1176 impietatibus
1753 1105 2005 1175 plurimis

430 1211 738 1267 versantes,
776 1218 1041 1273 prospere
1094 1215 1274 1272 agere,
1307 1216 1371 1254 ac
1405 1200 1460 1254 in
1491 1201 1831 1255 calamitates
1867 1200 2008 1254 inci-

435 1294 564 1347 dere
594 1295 798 1357 nullas,
832 1309 953 1348 sese
994 1293 1186 1348 beatos
1229 1303 1282 1348 et
1313 1294 1472 1347 laude
1501 1295 1699 1364 dignos
1730 1293 2006 1346 arbitran-

433 1395 547 1439 tur.
572 1387 641 1439 At
679 1394 793 1440 tum
840 1387 966 1456 ipsi,
1014 1396 1126 1440 tum
1173 1386 1540 1456 improbitatis
1570 1387 1770 1452 aamuli,
1800 1387 2006 1458 ingenti

433 1479 747 1533 adiciuntur
776 1478 1126 1532 detrimento.

502 1569 669 1625 Vnus.
725 1568 841 1623 5-5.
886 1568 1150 1632 Quoniam
1211 1569 1467 1623 laudatur
1519 1579 1759 1638 peccator
1796 1571 1856 1623 in
1922 1569 2006 1623 de-

430 1661 646 1714 sideriis
688 1661 881 1713 anima:
912 1675 1051 1724 sum,
1082 1670 1131 1713 et
1154 1661 1366 1730 iniquus
1397 1660 1740 1714 benedicitur.
1773 1661 2006 1715 Exacer-

432 1752 568 1805 bavit
615 1751 896 1806 Dominum
939 1763 1185 1820 peccator
1231 1768 1249 1805 :
1298 1753 1585 1806 secundum
1616 1753 2007 1808 multitudinem

431 1845 528 1896 ira:
565 1861 673 1897 sua:
699 1860 802 1897 non
824 1852 1042 1913 qureret.
1070 1842 1197 1898 Non
1227 1852 1304 1898 est
1325 1843 1468 1899 Deus
1488 1846 1543 1898 in
1571 1855 1846 1915 conspectu
1868 1847 2004 1916 ejus,

1143 363 1415 420 EUSEBII
1453 362 1933 418 CIESARIENSIS
1970 361 2121 419 OPP.
2164 360 2343 417 PARS
2381 361 2468 417 Ill.
2509 395 2576 403 —
2627 360 3039 418 EXEGETICA.

1882 458 2291 515 SECUNDUM
2335 459 2381 511 Η
2393 457 2720 513 ΕΒΒΑΞΟΒ.

503 551 669 609 Vens.
721 554 770 618 Ι,
818 554 873 608 2.
919 552 987 607 Ut
1037 555 1183 626 quid,
1240 553 1484 619 Domine,
1530 555 1792 608 recessisti
1836 554 2002 623 longe,
2037 559 2081 615 Α

3574 374 3674 428 I56

2191 553 2383 617 Ἰνατί,
2414 552 2606 619 Κύριε,
2645 551 2995 620 ἀφέστηκας
3027 550 3348 619 μακρόθεν,
3381 553 3678 621 ὑπερορᾷς

2102 645 2172 698 ἐν
2193 645 2614 719 εὐκαιρίαιςβν
2636 644 2875 711 ﬁll-Lbet;
2909 645 3004 697 Ἐν
3022 644 3103 708 τῷ
3125 644 3680 711 ὺπερηφανεύεσθαι

2102 735 2211 790 τὸν
2237 733 2428 802 ἀσεϐῆ
2462 733 2831 803 ἐμπυρίζεται
2869 738 2900 787 ό
2925 733 3159 802 πτωχός
3182 749 3197 764 ·
3229 733 3682 803 συλλαμϐάνον-

2099 846 2204 886 ται
2237 829 2306 882 ἐν
2332 827 2694 892 διαϐουλίοις
2721 822 2811 892 οῖς
2853 823 3300 896 διαλογίζονται.
3329 822 3408 878 Ἦ
3440 828 3626 899 ἐπειδὴ
3651 830 3680 882 ὁ

2104 921 2237 986 Θεὸς
2269 923 2296 973 ὁ
2327 921 2693 993 δρασσόμενός
2723 921 2838 973 ἐστι
2870 919 2994 982 τοὺς
3038 919 3235 988 σοφοὺς
3263 920 3320 972 ὲν
3359 922 3424 990 τῇ
3451 937 3682 992 πανουρ-

2104 1013 2200 1084 γίᾳ
2226 1012 2425 1076 αὐτῶν,
2453 1012 2592 1066 κατὰ
2613 1012 2702 1064 τὸν
2727 1011 3065 1075 Ἀπόστολον,
3092 1010 3248 1064 τοῦτο
3266 1011 3398 1064 αὐτὸ
3417 1012 3516 1083 ἤδη
3540 1012 3683 1080 γενέ-

2108 1100 2230 1153 σθαι
2262 1100 2603 1171 παρακαλεῖ;
2649 1100 2772 1153 Ἐπὶ
2805 1101 3026 1163 πολλαῖς
3056 1100 3166 1172 γὰρ
3207 1100 3486 1164 ἀσεϐείαις
3513 1103 3682 1172 ὁρῶν-

2103 1211 2196 1256 τες
2230 1195 2428 1257 αὐτοὺς
2465 1196 2514 1247 οἱ
2561 1193 2748 1246 πολλοὶ
2787 1193 3212 1264 εὐθυνουμένους
3258 1211 3317 1247 τε
3359 1196 3454 1248 καὶ
3495 1195 3684 1266 μηδενὶ

2104 1285 2332 1357 λυπηρῷ
2389 1286 2836 1357 περιπίπτοντας,
2894 1287 3195 1357 μακαρίους
3246 1288 3441 1350 αὐτοὺς
3493 1286 3685 1357 ἡγοῦνο

2104 1395 2193 1432 ται
2218 1379 2314 1431 καὶ
2341 1379 2574 1432 ἐπαίνων
2599 1377 2801 1442 ἀξίους.
2824 1379 3082 1434 Κάκεῖνοί
3103 1397 3163 1432 τε
3197 1379 3407 1449 μεγάλα
3430 1378 3686 1448 βλάπτον-

2105 1486 2193 1524 ται
2221 1470 2315 1524 καὶ
2335 1471 2384 1523 οί
2415 1469 2652 1540 ζηλωταὶ
2679 1470 2780 1542 τῆς
2804 1471 3001 1534 κακίας
3029 1471 3328 1543 γενόμενοι.

2183 1563 2304 1615 Ὅτι
2353 1562 2679 1616 ἐπαινεῖται
2723 1565 2756 1616 ό
2805 1562 3153 1632 ἁμαρτωλός
3197 1563 3266 1616 ἐν
3311 1562 3441 1629 ταῖς
3485 1563 3687 1619 ἐπιθυ-

2099 1655 2268 1723 μίαις
2304 1654 2415 1724 τῆς
2442 1654 2654 1725 ψυχῆς
2683 1655 2890 1720 αὐτοῦ,
2923 1654 3020 1708 καὶ
3043 1658 3075 1708 ό
3100 1654 3321 1709 ἀδικῶν
3356 1657 3689 1727 ἐνευλογεῐ-

2106 1765 2221 1804 ται.
2265 1746 2587 1815 Παρώξυνε
2632 1748 2740 1801 τὸν
2781 1748 3000 1815 Κύριον
3038 1750 3072 1802 ό
3116 1748 3498 1816 ἁμαρτωλός·
3537 1751 3687 1805 κατὰ

2106 1840 2174 1894 τὸ
2207 1840 2442 1909 πλῆθος
2471 1839 2584 1909 τῆς
2625 1839 2807 1909 ὀργῆς
2833 1841 3019 1896 αὐτοῦ
3053 1844 3163 1896 οὐκ
3190 1841 3522 1910 έκζητήσει.
3563 1845 3684 1897 Οὐκ

429 1936 720 2004 inquinata:
764 1944 886 1990 sunt
924 1937 1019 1990 vite
1068 1935 1218 1989 illius
1266 1936 1322 1990 in
1358 1937 1502 1991 omni
1561 1951 1811 2007 tempore.
1844 1938 2008 2007 Aufe-

2115 1929 2279 1983 ἐστιν
2326 1933 2359 1983 ό
2414 1929 2558 1996 Θεὸς
2610 1928 2866 1983 ἐνώπιον
2911 1932 3118 1998 αὐτοῦ,
3165 1933 3569 2000 ,βεϐηλοῦνται
3625 1936 3685 1987 αι

431 2039 622 2076 runtur
645 2023 857 2092 judicia
891 2034 983 2077 tua
1015 2042 1047 2078 a
1071 2025 1208 2094 facie
1229 2025 1365 2095 ejus,
1395 2028 1630 2082 omnium
1666 2029 2006 2083 inimicorum

431 2133 646 2170 suorum
685 2116 1069 2172 dominabitur.
1103 2117 1434 2174 Pt‘tnsentem
1481 2121 1771 2190 impiorum
1815 2123 2007 2177 condi—

433 2209 636 2262 tionem
672 2208 997 2273 insectatur,
1042 2218 1103 2262 ut
1158 2210 1328 2264 futuri
1376 2211 1572 2281 judicii
1619 2215 2007 2270 necessitatem

431 2303 767 2371 comprobet.
825 2303 964 2357 lllud
1017 2319 1202 2374 porro,
1253 2305 1607 2371 exacerbavit,
1640 2308 1858 2378 Aquila,
1894 2317 2008 2362 tra-

430 2394 602 2458 duxit,
633 2395 1025 2465 interpretatus
1055 2404 1159 2452 est.
1188 2394 1482 2452 Sermones
1504 2397 1705 2469 quippe
1731 2399 1798 2455 de
1820 2398 2006 2454 futuro

431 2485 525 2541 Dei
553 2487 762 2556 judicio
813 2487 917 2558 ipsi
970 2502 1160 2541 revera
1191 2488 1511 2545 traducunt.
1547 2488 1684 2543 Dum
1721 2505 1853 2546 vero
1883 2492 2007 2562 quis

429 2575 486 2628 in
515 2578 757 2645 peccatis
779 2585 1112 2647 perseverat,
1138 2578 1185 2633 is
1219 2578 1518 2648 impeditur
1549 2581 1845 2652 quominus
1865 2598 2008 2652 quaa-

429 2673 516 2719 rat
534 2665 722 2732 Deum,
745 2683 809 2720 ac
829 2669 938 2722 vim
967 2671 1063 2723 ira:
1089 2684 1340 2741 magnam
1363 2670 1467 2725 sibi
1485 2680 1784 2742 comparat.
1804 2673 2008 2741 Quam-

431 2758 620 2812 obrem
672 2774 741 2814 ne
786 2760 960 2814 nimio
1014 2761 1204 2816 labore
1252 2770 1308 2816 et
1337 2763 1612 2819 anxietate
1643 2766 1872 2822 notitias
1908 2767 2007 2823 Dei

432 2851 714 2906 naturales
743 2852 1057 2922 expetieris,
1111 2852 1241 2908 dum
1282 2856 1407 2909 vita:
1449 2862 1556 2910 tuae
1582 2857 1684 2910 via:
1712 2857 2008 2927 inquinata:

431 2950 562 2997 sunt
594 2961 607 2997 :
642 2943 806 3013 idque
838 2960 898 2998 ea
928 2946 1166 3000 maxime
1191 2945 1257 3000 de
1288 2962 1477 3011 causa,
1503 2947 1649 3018 quod
1677 2948 1883 3018 judicia
1911 2949 2032 3007 Dei.

430 3051 544 3091 non
603 3037 785 3090 animo
838 3046 1083 3106 reputes,
1133 3053 1258 3092 cum
1308 3039 1544 3094 maxime
1581 3055 1880 3098 concessus
1907 3042 2006 3098 tibi

431 3127 748 3183 dominatus
779 3129 944 3183 fuerit
967 3129 1023 3183 in
1044 3144 1236 3184 omnes
1257 3129 1509 3186 inimicos
1533 3139 1683 3188 tuos.

2113 2020 2240 2074 ὁδοὶ
2285 2019 2473 2073 αὐτοῦ
2520 2021 2592 2074 ἐν
2641 2021 2820 2074 παντὶ
2872 2023 3070 2090 καιρῷ.
3125 2024 3572 2092 Ἀνταναιρεῖται
3614 2025 3687 2077 τὰ

2112 2111 2366 2181 κρίματά
2400 2129 2518 2166 σου
2559 2113 2677 2167 ἀπὸ
2716 2114 3038 2182 προσώπου
3067 2116 3271 2182 αὑτοῦ,
3294 2117 3534 2170 πάντων
3569 2116 3688 2169 τῶν

2113 2207 2339 2276 ἐχθρῶν
2390 2209 2575 2264 αὑτοῦ
2622 2208 3094 2275 κατακυριεύσει.
3145 2209 3223 2279 Τῇ
3280 2208 3526 2281 παρούσῃ
3578 2208 3687 2262 τῶν

2113 2299 2325 2352 ἀσεϐῶν
2351 2299 2704 2372 ἐπεξέρχεται
2735 2300 3087 2362 καταστάσει,
3114 2298 3210 2371 τὴν
3247 2299 3541 2371 μέλλουσαν
3570 2302 3690 2372 κρί-

2114 2409 2197 2445 σιν
2227 2392 2530 2460 ἀναγκαίαν
2554 2391 2722 2457 δεῖξαι
2759 2392 3098 2464 βουλόμενος.
3154 2393 3227 2445 Τὸ
3252 2391 3311 2445 δὲ
3351 2390 3684 2459 παρώξυνε,

2112 2482 2390 2551 διέσυρεν
2438 2483 2668 2546 Ἀκύλας
2699 2483 3033 2554 ἡρμήνευσε.
3065 2481 3203 2543 Τοὺς
3252 2482 3380 2550 περὶ
3413 2479 3546 2533 Θεοῦ
3579 2479 3687 2550 γὰρ

2114 2576 2348 2647 κρίσεως
2392 2574 2584 2643 λόγους
2623 2575 2836 2646 ἀληθῶς
2876 2574 3242 2647 διασύρουσιν.
3280 2574 3585 2643 Ἐπιμένων
3630 2571 3689 2625 δέ

2113 2687 2198 2733 τις
2251 2669 2568 2740 ἁμαρτίαις,
2604 2669 2742 2740 πρὸς
2787 2667 2848 2721 τὸ
2901 2667 3032 2720 Θεὸν
3085 2667 3266 2736 ζητεῖν
3316 2664 3686 2736 ὲμποδίζεται,

2115 2761 2362 2830 συνάγων
2394 2760 2570 2831 ἐαυτῷ
2601 2759 2805 2832 πλῆθος
2824 2759 3012 2831 ὀργῆς.
3048 2758 3139 2811 Διὸ
3173 2759 3246 2829 μὴ
3287 2757 3436 2828 ζήτει
3465 2759 3558 2810 καὶ
3590 2754 3688 2820 τὰς

2114 2853 2242 2926 περὶ
2274 2853 2408 2907 Θεοῦ
2449 2852 2684 2923 φυσικὰς
2713 2850 2919 2915 ἐννοίας
2956 2849 3440 2920 περικοπτόμενος,
3475 2848 3567 2901 καὶ
3594 2847 3688 2901 τοῦ

2113 2943 2230 3018 βίου
2273 2945 2371 3010 τὰς
2405 2945 2558 3008 ὁδοὺς
2605 2944 2947 3014 ἀκαθάρτους
2988 2942 3156 3013 ἔχωνο
3200 2941 3391 2995 τούτου
3425 2959 3489 3010 γε
3531 2941 3689 3012 χάριν

2112 3038 2200 3093 διὰ
2230 3039 2430 3102 παντὸς
2463 3036 2679 3092 καὶτοῦ
2717 3036 2852 3089 Θεοῦ
2897 3036 2967 3090 τὰ
3010 3039 3252 3109 κρίματα
3287 3035 3362 3107 μὴ
3401 3035 3690 3106 λαμϐάνων

2113 3134 2193 3198 εἰς
2220 3129 2364 3197 νοῦν,
2403 3133 2460 3185 ὲν
2491 3131 2569 3202 τῷ
2613 3131 3010 3203 συγχωρεῖσθαι
3058 3131 3288 3203 μάλιστα
3331 3130 3690 3202 κατακυριεῦ-

2116 3238 2204 3274 σαι
2231 3221 2338 3276 τῶν
2368 3221 2598 3292 ἐχθρῶν.

503 3303 669 3359 Vens.
707 3304 758 3360 7.
785 3303 950 3374 Cujus
974 3307 1341 3362 maledictione
1367 3325 1424 3362 os
1453 3309 1662 3379 plenum
1689 3320 1767 3365 est
1788 3321 1837 3366 et
1858 3328 2010 3366 ama-

2185 3309 2268 3370 0ίῦ
2297 3313 2448 3383 ἀρᾶς
2471 3315 2539 3368 τὸ
2568 3315 2763 3385 στόμα
2787 3314 2977 3370 αὺτοῦ
3009 3311 3172 3386 γέμει
3197 3315 3298 3369 καὶ
3329 3315 3571 3382 πικρίας
3592 3315 3689 3366 καὶ

432 3397 665 3451 ritudine
694 3407 745 3450 et
773 3397 933 3462 dolo;
958 3399 1055 3453 sub
1089 3401 1272 3471 lingua
1303 3401 1417 3470 ejus
1445 3401 1600 3456 labor
1627 3411 1676 3457 et
1714 3404 1889 3458 dolor.
1924 3404 2010 3458 Si-

432 3491 652 3560 quidem
697 3491 1158 3545 heterodoxorum
1208 3509 1270 3547 os
1322 3493 1711 3550 maledictione
1745 3497 2008 3566 repletur,

433 3588 622 3651 utpote
647 3581 740 3651 qui
771 3582 1086 3638 Creatorem
1120 3583 1388 3637 conviciis
1418 3584 1717 3651 incessunt,
1755 3589 1900 3656 quod
1925 3590 2014 3642 iti—

435 3677 558 3730 dem
593 3674 844 3729 maledici
876 3675 1086 3729 faciunt
1120 3695 1133 3730 :
1169 3689 1232 3730 0s
1269 3676 1397 3731 item
1443 3677 1836 3733 iracundorum
1864 3696 2015 3736 ama-

434 3768 699 3831 ritudine,
725 3766 1041 3822 dolosorum
1067 3767 1214 3835 dolo,
1245 3769 1468 3838 plenum
1496 3778 1602 3824 est.

507 3857 674 3913 Vens.
707 3857 761 3914 8.
807 3857 967 3913 Sedet
998 3859 1054 3912 in
1091 3859 1301 3913 insidiis
1333 3876 1451 3913 cum
1481 3859 1731 3916 divitibus
1759 3863 1813 3916 in
1836 3864 2014 3917 occul-

438 3950 528 4014 tis,
563 3959 619 4003 ut
655 3951 944 4020 interﬁciat
986 3951 1336 4005 innocentem.
1386 3951 1525 4006 Dum
1557 3961 1738 4009 autem
1784 3955 1841 4010 id
1877 3957 2010 4028 agit,

436 4045 676 4114 seipsum
703 4045 926 4116 decipit,
961 4047 1120 4115 quasi
1144 4046 1354 4100 scilicet
1378 4046 1515 4100 nihil
1540 4047 1719 4101 videat
1741 4046 1907 4103 Deus.

508 4135 677 4190 Vens.
714 4137 804 4190 11.
849 4137 1000 4189 Dixit
1043 4138 1181 4191 enim
1225 4138 1279 4190 in
1321 4138 1477 4192 corde
1518 4155 1614 4192 suo
1646 4156 1664 4193 :
1699 4139 1908 4194 Oblitus
1936 4151 2015 4195 est

436 4227 599 4293 Deus,
631 4227 817 4282 avertit
845 4227 1037 4297 faciem
1069 4245 1222 4282 suam
1254 4245 1316 4283 ne
1356 4229 1527 4284 videat
1573 4232 1631 4284 in
1674 4233 1854 4300 finem.
1889 4231 2016 4287 Haec

439 4321 624 4374 omnia
659 4321 770 4391 agit
803 4321 1004 4391 impius
1035 4322 1301 4378 adversus
1333 4322 1428 4378 Dei
1461 4339 1751 4394 pauperes,
1802 4325 2018 4396 sibique

439 4409 559 4480 ipse
599 4411 934 4476 ludiﬁcatur,
962 4412 1093 4466 dum
1127 4414 1244 4468 suis
1293 4413 1397 4468 sibi
1429 4416 1856 4486 cogitationibus
1883 4431 2018 4470 con-

444 4502 603 4573 ﬁngit
637 4517 748 4558 non
777 4518 902 4560 esse
930 4503 1101 4560 Deum
1133 4506 1521 4576 inspectorem.

2112 3406 2317 3472 δόλου,
2344 3407 2464 3462 ὑπὸ
2487 3407 2604 3476 τὴν
2628 3407 2898 3479 γλῶτταν
2924 3409 3109 3462 αὑτοῦ
3137 3411 3322 3474 κόπος
3351 3408 3451 3461 καὶ
3484 3409 3689 3471 πόνος.

2114 3498 2234 3551 Τῶν
2262 3499 2372 3569 γάρ
2419 3500 2739 3572 ἑτεροδόξων
2769 3501 2830 3553 τὸ
2861 3501 3036 3572 στόμα
3071 3503 3210 3573 ἀρᾶς
3261 3502 3438 3572 γέμει,
3471 3499 3693 3554 κακολο-

2113 3592 2353 3660 γοῦντων
2383 3592 2472 3645 τὸν
2502 3594 2862 3665 Δημιουργὸν,
2893 3593 3117 3647 καὶτῶν
3145 3595 3397 3666 λοιδόρων
3418 3612 3431 3624 ·
3471 3595 3692 3666 πικρίας

2113 3683 2168 3736 δὲ
2190 3684 2297 3737 τῶν
2321 3684 2588 3756 θυμικῶν,
2622 3685 2773 3738 δόλου
2803 3685 2910 3739 τῶν
2935 3685 3142 3739 δολίων.

2198 3859 2541 3929 Ἐγκάθηται
2579 3861 2792 3930 ἐνέδρᾳ
2817 3862 2970 3931 μετὰ
2993 3865 3308 3917 πλουσίων
3329 3864 3400 3917 ἐν
3428 3864 3691 3931 ἀποκρύ-

2114 3971 2270 4022 φοις,
2318 3952 2426 4007 τοῦ
2466 3954 2814 4013 ἀποκτεῖναι
2847 3955 3064 4014 ἀθῶον.
3106 3956 3216 4008 Καὶ
3249 3956 3423 4010 ταῦτα
3464 3958 3692 4026 πράττει

2115 4046 2615 4118 παραλογιζόμενος
2642 4047 2854 4112 ἑαυτὸν,
2888 4049 2963 4111 ὼς
2987 4049 3085 4118 οὐχ
3110 4048 3342 4119 ὁρῶντος
3375 4049 3530 4102 Θεοῦ.

2185 4133 2334 4190 Εἷπε
2383 4139 2496 4206 γὰρ
2541 4137 2611 4189 ἐν
2662 4137 2876 4204 καρδία
2927 4137 3140 4190 αὐτοῦ’
3195 4136 3612 4204 Ἐπιλέλησται
3659 4138 3692 4189 ό

2119 4227 2281 4294 Θεὸς,
2324 4229 2668 4297 ἀπέστρεψε
2692 4229 2759 4281 τὸ
2793 4230 3118 4296 πρόσωπον
3145 4227 3336 4281 αὐτοῦ
3369 4229 3476 4281 τοῦ
3509 4227 3596 4296 μὴ
3617 4229 3690 4281 ει-

2117 4318 2244 4371 δεῖν
2265 4321 2350 4384 εἰς
2375 4318 2568 4383 τέλος.
2606 4318 2789 4372 Ταῦτα
2823 4319 2879 4371 δὲ
2913 4320 3088 4374 πάντα
3115 4321 3143 4372 ὁ
3175 4319 3378 4390 ἀσεϐὴς
3408 4319 3549 4371 κατά
3585 4317 3694 4371 τῶν

2118 4410 2364 4480 πενήτων
2387 4409 2478 4462 τοῦ
2511 4409 2646 4463 Θεοῦ
2676 4411 3086 4485 διαπράττεται,
3119 4413 3311 4465 ἑαυτὸν
3345 4411 3567 4465 ἀπατῶν
3602 4412 3693 4464 καὶ

2118 4505 2227 4564 τοῖς
2266 4502 2458 4556 ἑαυτοῦ
2491 4503 2772 4572 λογισμοῖς
2807 4503 2882 4576 μὴ
2916 4501 3055 4558 εἶναι
3087 4503 3218 4558 Θεὸν
3243 4504 3436 4575 ἔφορον
3459 4503 3692 4556 διανοού-

2124 4610 2300 4663 μενος.

508 4685 677 4741 Vnus.
714 4685 901 4741 12-15.
944 4684 1204 4756 Exsurge,
1242 4685 1464 4741 Domine
1502 4685 1644 4740 Deus
1677 4703 1841 4752 meus,
1866 4689 2012 4742 exal-

2203 4683 2531 4752 Ἀνάστηθι,
2565 4686 2740 4752 Κύριε
2766 4687 2799 4736 ὁ
2833 4685 2976 4751 Θεός
3001 4703 3141 4755 μου,
3176 4684 3470 4754 ὑψωθήτω
3498 4686 3538 4752 ἡ
3569 4684 3696 4752 χείρ

444 4787 582 4832 tclur
637 4794 826 4832 manus
895 4788 1008 4841 tua,
1057 4795 1122 4832 ne
1166 4777 1495 4832 obliviscaris
1555 4794 1843 4848 pauperum
1897 4788 2001 4834 tuo-

443 4887 563 4924 rum
600 4871 652 4926 in
701 4871 877 4940 ﬁnem.
928 4870 1362 4942 Videsquoniam
1420 4883 1476 4924 tu
1511 4871 1744 4926 laborem
1773 4880 1823 4926 et
1865 4872 2016 4926 dolo-

443 4979 554 5017 rem
593 4961 920 5027 consideras,
958 4971 1032 5030 ut,
1061 4963 1246 5016 tradas
1279 4979 1366 5017 eos
1403 4965 1460 5017 in
1490 4981 1677 5018 manus
1719 4972 1860 5019 tuas.
1898 4964 2017 5018 Tibi

445 5053 727 5109 derelictus
755 5063 832 5108 est
855 5069 1070 5124 pauper,
1103 5054 1338 5123 orphano
1376 5064 1431 5107 tu
1461 5071 1580 5109 eras
1611 5055 1846 5124 adjutor.
1879 5054 2019 5109 Con-

448 5157 552 5202 tere
583 5145 852 5202 brachium
883 5149 1171 5217 peccatoris
1193 5156 1243 5202 et
1265 5149 1486 5219 maligni
1509 5164 1526 5202 :
1550 5160 1817 5219 quterelur
1833 5165 2019 5218 pecca-

450 5247 560 5291 tum
587 5239 723 5307 ejus,
762 5249 937 5294 etnon
969 5239 1275 5293 invenietur.
1310 5237 1406 5294 Dei
1436 5241 1784 5294 tolerantiam
1816 5240 2020 5294 excitat

450 5330 518 5384 ad
549 5331 817 5400 judicium
845 5331 913 5387 de
945 5332 1127 5401 impiis
1158 5331 1462 5386 ferendum.
1513 5331 1617 5386 Per
1647 5346 1868 5386 manum
1921 5348 2019 5385 au-

450 5428 558 5476 tem
584 5424 900 5490 exaltatam,
920 5424 1029 5477 vim
1056 5423 1372 5493 iudicialem
1396 5423 1690 5494 signiﬁcat.
1710 5424 1845 5477 Dum
1869 5425 2016 5478 enim

451 5513 569 5581 ipsa
601 5513 799 5584 impios
828 5529 939 5569 non
968 5515 1276 5580 ulciscitur,
1309 5531 1410 5570 ceu
1431 5514 1576 5570 victa
1610 5515 1783 5569 videri
1811 5522 2014 5584 potest.

450 5604 683 5670 Quando
723 5621 850 5660 vero
897 5607 1192 5677 unicuique
1238 5607 1418 5663 reddit
1466 5607 1612 5676 quod
1657 5621 1870 5676 aequum
1905 5614 2015 5670 est,

450 5699 680 5756 exaltari
728 5698 950 5765 dicitur,
1001 5715 1269 5770 neruoque
1320 5701 1497 5770 ipsam
1558 5697 1797 5768 effugere
1847 5699 2016 5754 valet.

2120 4794 2257 4841 σου,
2303 4778 2390 4847 μὴ
2429 4779 2684 4848 ἐπιλάϐῃ
2728 4778 2848 4832 τῶν
2887 4779 3162 4848 πενήτων
3201 4794 3316 4832 σου
3363 4781 3448 4843 εὶς
3499 4777 3696 4842 τέλος.

2122 4868 2394 4936 Βλέπεις,
2428 4871 2515 4923 ὅτι
2547 4871 2628 4924 σὺ
2655 4873 2845 4924 πόνον
2882 4871 2981 4924 καὶ
3015 4871 3204 4940 θυμὸν
3233 4869 3561 4934 κατανοεῖς,
3593 4865 3697 4921 τοῦ

2125 4961 2489 5030 παραδοῦναι
2528 4963 2748 5030 αὐτοὺς
2785 4967 2872 5030 είς
2908 4963 3110 5033 χεῖράς
3143 4979 3282 5016 σου.
3315 4962 3418 5017 Σοὶ
3449 4963 3696 5031 ἐγκατα-

2124 5053 2428 5107 λέλειπται
2459 5058 2492 5108 ό
2536 5055 2792 5123 πτωχὸς,
2844 5054 3083 5122 ὀρφανῷ
3122 5054 3202 5108 σὺ
3249 5050 3409 5123 ἦσθα
3448 5053 3696 5120 βοηθός.

2126 5147 2464 5215 Σύντριψον
2495 5146 2601 5199 τὸν
2634 5148 2934 5216 βραχίονα
2961 5146 3066 5199 τοῦ
3095 5145 3445 5215 ἀμαρτωλοῦ
3474 5145 3569 5198 καὶ
3595 5159 3689 5196 -πο

2125 5239 2340 5306 νηροῦ·
2398 5239 2787 5307 ζητηθήσεται
2833 5241 2871 5307 ἡ
2917 5239 3173 5308 ἁμαρτία
3221 5238 3422 5303 αὐτοῦ,
3475 5238 3573 5290 καὶ
3627 5238 3696 5290 οὐ

2121 5330 2207 5399 μὴ
2235 5330 2467 5399 εὑρεθῇ.
2521 5331 2708 5394 Οὕτως
2736 5333 2829 5385 ἐπὶ
2867 5331 2965 5402 τὴν
2999 5331 3108 5386 τῶν
3145 5329 3354 5384 ἀσεϐῶν
3393 5330 3573 5401 κρίσιν
3626 5329 3697 5381 δι-

2125 5424 2327 5494 εγείρει
2352 5424 2536 5476 λοιπὸν
2556 5424 2654 5494 τὴν
2680 5426 2876 5495 ἀνοχὴν
2909 5424 3002 5477 τοῦ
3033 5424 3190 5478 Θεοῦ.
3227 5425 3290 5477 Ἠ
3311 5425 3368 5476 δὲ
3392 5423 3512 5493 χεὶρ
3547 5421 3704 5489 ὕψου·

2131 5521 2264 5590 μένη
2301 5519 2528 5589 δύναμιν
2572 5519 2806 5590 ἐδήλωσε
2841 5522 3110 5592 κριτικήν.
3155 5521 3240 5572 Ἐν
3273 5521 3381 5591 ὅσῳ
3422 5518 3529 5590 γὰρ
3563 5518 3705 5589 αὐτὴ

2129 5609 2204 5680 μὴ
2231 5610 2688 5679 τιμωρεῖταιτοῦς
2715 5611 2950 5676 ἀσεϐεῖς,
2979 5610 3398 5681 τετιμωρεῖσθαι
3420 5610 3496 5678 (Ιι)
3518 5607 3667 5659 δοκεῖ
3687 5623 3704 5637 ο

2125 5697 2447 5753 ἀποδιδοῦσα
2471 5699 2527 5753 δὲ
2552 5698 2768 5770 ἑκάστῳ
2807 5699 2947 5756 κατὰ
2978 5700 3040 5754 τὸ
3067 5700 3290 5763 δίκαιον,
3321 5696 3584 5768 ὑψοῦσθαι
3616 5695 3710 5749 λέν

453 5879 460 5890 ι
524 5815 600 5888 (1)
636 5815 1101 5888 Τετιμωρεῖσθαι.
1129 5817 1236 5877 Pro
1259 5818 1687 5890 τετιμωρῆσθαι,
1713 5825 1771 5875 ﬁt
1788 5829 1840 5876 et
1866 5818 2014 5875 alibi.
2047 5813 2203 5872 Eon-
