4020 6372
286 301 392 355 157

1424 299 1938 361 COMMENTARIA
1978 300 2048 356 IN
2077 299 2418 357 PSALMOS.

3461 303 3565 359 l'58

272 412 462 466 τεται,
489 396 584 450 καὶ
613 396 819 468 ταύτην
842 378 1019 463 οὐδεὶς
1042 398 1427 470 ἀποδράσεται.
1461 402 1553 454 Διό
1579 418 1712 472 φησι
1731 419 1745 432 ·
1771 401 1862 455 Toi

1985 396 2353 466 Quamobrem
2387 397 2463 451 ait
2497 396 2824 452 tradendum
2859 411 2982 453 esse
3014 396 3239 469 impium
3276 398 3332 452 in
3367 414 3564 455 manus

275 478 628 560 παραδοῦναῖ
672 489 834 543 αὐτὸν
882 493 966 554 εἰς
1010 491 1170 562 χεῖρά
1210 507 1325 546 σου.
1369 491 1672 564 Τοιγαροῦν
1712 494 1740 546 ὁ
1787 492 1862 556 σὸς

1984 506 2137 547 suas.
2190 489 2484 545 Enimvero
2531 505 2739 560 pauper
2773 490 2864 545 ille
2889 499 3020 546 tuus
3053 490 3167 545 haec
3188 491 3354 545 verba
3387 491 3487 549 abs
3513 501 3567 548 te

272 582 502 652 πτωχὺς
547 582 790 646 ἀκούσας
841 583 950 636 τῶν
991 582 1099 636 σῶν
1131 583 1319 664 ¹λόγων
1373 586 1690 654 φασκόντων
1715 603 1728 616 ·
1781 586 1876 655 Μὴ

271 672 542 741 ἑαυτοὺς
574 674 978 741 ἐκδικοῦντες,
1022 677 1354 745 ἀγαπητοί·
1397 677 1561 732 ἀλλὰ
1590 679 1726 733 δότε·
1776 680 1876 733 τό·-

271 776 401 816 sror
429 763 504 832 τῇ
529 764 694 834 ὀργῇ.
746 766 902 835 Ἐμοὶ
943 765 1276 835 ἐκδίκησις,
1309 767 1425 838 ἐγὼ
1446 769 1875 837 ἀνταποδώσω,

266 855 442 925 λέγει
468 857 675 924 Κύριος
689 897 703 911 .

427 949 538 1001 ΕΙΣ
576 950 664 1002 ΤΟ
704 950 927 1003 ΤΕΛΟΣ
963 949 1258 1006 ΨᾹΔΜΟΣ
1295 952 1384 1006 ΤΩ
1422 953 1624 1008 ΔΑΥῙΔ
1664 957 1722 1009 I'.

364 1041 584 1112 Ἐπειδὴ
623 1042 717 1094 καὶ
762 1045 844 1110 τῷ
885 1043 1071 1098 Δαυῒδ
1103 1046 1193 1108 είς
1215 1043 1279 1097 τὸ
1305 1043 1484 1111 τέλος
1528 1047 1870 1118 γέγραπται·

269 1133 373 1186 καὶ
415 1133 560 1186 κατὰ
601 1133 692 1188 τὸν
741 1134 995 1200 Ἀκύλαν,
1043 1135 1124 1201 τῷ
1161 1137 1466 1204 νικοποιῷ,
1503 1140 1644 1193 κατὰ
1682 1141 1739 1193 δὲ
1782 1141 1875 1195 τὸν

267 1224 596 1295 Σύμμαχον,
623 1225 919 1292 ἐπινίκιος
947 1226 1056 1281 τοῦ
1084 1228 1290 1292 Δαυῒδ,
1331 1231 1546 1300 φήσεις,
1592 1214 1674 1284 ὃτι.
1719 1233 1814 1286 καὶ
1845 1234 1875 1286 ὁ

267 1314 439 1367 Δαυῒδ
467 1316 604 1385 μετὰ
635 1317 735 1388 τὴν
771 1317 1056 1388 συμϐᾶσαν
1081 1319 1231 1392 αὐτῷ
1255 1321 1542 1393 συμφορὰν
1575 1322 1782 1392 ἔφασκε
1805 1326 1874 1378 τὰ

267 1406 640 1476 προκείμενα.

242 1551 253 1564 ε
357 1499 484 1551 Ἐπὶ
524 1498 607 1564 τῷ
650 1503 848 1569 Κυρίῳ
883 1504 1140 1561 πέποιθα
1161 1522 1174 1535 ·
1213 1507 1342 1574 πῶς
1374 1508 1562 1577 ἐρεῖτε
1592 1509 1669 1580 τῇ
1697 1510 1872 1581 ψυχῇ
1902 1495 1911 1511 δ

258 1603 419 1654 μου·
465 1591 934 1646 Μεταναστεύου
971 1595 1070 1647 ἐπὶ
1119 1595 1192 1649 τὰ
1228 1596 1334 1665 ὅρη
1381 1599 1463 1664 ὠς
1513 1603 1870 1669 στρουθίον;

265 1678 490 1731 Τελείου
524 1683 698 1752 φωνὴ,
731 1685 827 1738 καὶ
858 1686 1003 1740 κατὰ
1026 1689 1115 1743 τὸν
1151 1691 1472 1746 Ἀπόστολον
1505 1696 1678 1748 εἰπεῖν
1709 1695 1869 1750 δυνα-

267 1771 459 1840 μένου,
516 1775 612 1840 Τίς
662 1775 822 1844 ἡμᾶς
867 1783 1110 1848 χωρίσει
1151 1784 1271 1838 ἀπὸ
1321 1786 1430 1855 τῆς
1475 1788 1714 1858 ἀγάπης
1759 1791 1866 1845 τοῦ

267 1864 421 1917 Θεοῦ
445 1881 464 1927 ;
494 1867 570 1919 Οὐ
603 1869 744 1922 κατὰ
774 1871 866 1924 τὸν
899 1873 1065 1944 ἀτελῆ
1094 1874 1187 1928 τὸν
1217 1880 1361 1950 φυγῇ
1400 1882 1868 1951 μεταναστεύοντα

263 1955 431 2009 τόπον
468 1958 534 2010 ἐκ
577 1958 769 2023 τόπου,
814 1963 909 2015 καὶ
955 1965 1356 2036 περιφεύγοντα
1384 1971 1510 2034 τοὺς
1551 1970 1862 2035 διώκοντας.

263 2046 427 2100 Keilii:
460 2048 525 2119 δὴ
560 2052 840 2122 στρουθίον
879 2057 1007 2118 τοὺς
1047 2056 1394 2128 Θηρεύοντας,
1424 2061 1503 2124 ὂς,
1546 2060 1649 2115 κᾶν
1678 2062 1868 2132 διαφύ-

264 2153 374 2207 γοι,
405 2139 554 2209 λέγοι
583 2143 648 2195 ἄν
672 2161 684 2172 ·
743 2145 804 2199 Ἡ
833 2148 1008 2216 ψυχὴ
1033 2149 1201 2217 ἡμῶν
1232 2151 1313 2218 ὡς
1351 2154 1675 2229 στρουθίον
1697 2155 1868 2223 ἐρρύ-

263 2236 384 2299 σθη
428 2234 500 2286 ἐκ
530 2234 642 2303 τῆς
667 2237 920 2308 παγίδος
949 2239 1068 2294 τῶν·
1104 2245 1502 2312 θηρευόντων.

339 2325 465 2378 Ὅτι
510 2326 550 2380 ἃ
591 2332 933 2398 κατηρτίσω
975 2336 1284 2390 καθεῖλον·
1341 2342 1374 2393 ό
1421 2340 1490 2393 δὲ
1535 2340 1764 2412 δίκαιος
1810 2346 1868 2400 τί

261 2413 551 2484 ἐποίησε;
586 2422 804 2490 Κύριος
847 2426 917 2478 ἐν
954 2426 1082 2492 ναῷ
1110 2429 1256 2498 ἁγίῳ
1298 2433 1508 2498 αὑτοῦ,
1546 2437 1762 2503 Κύριος
1796 2439 1867 2490 ἐν

263 2509 505 2575 οὐρανῷ
533 2514 568 2563 ό
609 2517 824 2581 θρόνος
863 2519 1072 2573 αὑτοῦ.
1118 2524 1183 2574 Ol
1215 2524 1512 2594 ὀφθαλμοὶ
1555 2528 1742 2582 αὐτοῦ
1777 2532 1866 2597 είς

263 2601 372 2653 τὸν
429 2603 668 2672 πένητα
716 2608 1157 2676 ἀποϐλέπουσι,
1207 2615 1279 2669 τὰ
1332 2617 1620 2686 ,βλέφαρα
1675 2622 1864 2676 αὐτοῦ

261 2692 525 2755 ἐξετάζει
573 2697 718 2764 τοὺς
763 2702 936 2766 υἱοὺς
977 2701 1098 2755 τῶν
1129 2705 1476 2774 ἀνθρώπων.
1516 2713 1732 2779 Κύριος
1761 2713 1862 2779 ἐξ·

261 2783 450 2844 ετάζὲι
483 2787 594 2840 τὸν
617 2789 854 2844 δίκαιον
881 2793 1109 2848 καὶτὸν
1138 2795 1343 2865 ἀσεϐῆ.
1390 2799 1449 2852 Ὀ
1480 2801 1638 2870 μόνος
1658 2804 1864 2870 δίκαιος

261 2877 358 2928 καὶ
399 2879 597 2950 κριτὴς
631 2880 786 2946 Θεὸς,
835 2885 962 2948 τοὺς
986 2886 1182 2941 ἑαυτοῦ
1214 2888 1654 2962 πολεμουμένους
1696 2897 1861 2969 ὁρῶν,

1979 585 2196 655 prolata
2227 584 2437 639 audivit
2480 603 2494 639 :
2523 583 2575 638 Ν
2583 603 2648 640 οη
2680 587 3022 651 vosmetipsos
3049 585 3408 654 defendentes,
3438 588 3567 643 cha-

1981 679 2184 732 rissimi
2198 694 2218 742 ;
2246 677 2334 732 sed
2355 678 2476 732 date
2506 661 2680 733 locum
2707 681 2803 734 ira:
2833 700 2850 734 :
2893 672 3030 734 Mihi
3068 680 3324 746 vindicta,
3358 699 3450 753 ego
3483 698 3567 736 rea

1979 771 2236 835 tribuam,
2269 770 2398 824 dicit
2428 771 2685 827 Dominus
2714 773 2780 827 '9.

2208 950 2260 1005 1.
2307 949 2375 1005 ΙΝ
2417 949 2630 1004 FINEM
2668 950 2992 1013 PSALMUS
3031 952 3241 1008 DAVID
3277 953 3345 1010 Χ.

2048 1041 2501 1111 Quandoquidem
2532 1042 2725 1096 Doridi
2762 1045 2817 1097 in
2857 1046 3036 1112 ﬁnem,
3088 1046 3391 1116 inscriptus
3438 1053 3559 1116 est;

1977 1140 2032 1190 et
2080 1135 2236 1204 juxta
2296 1135 2584 1203 Aquilam,
2645 1136 2867 1199 victori;
2919 1137 3076 1204 iusta
3138 1135 3559 1208 Symmachum,

1979 1227 2313 1296 triumphalis
2343 1229 2564 1282 Davidis
2587 1245 2605 1282 :
2630 1229 2800 1298 probe
2835 1228 3062 1292 inferas,
3091 1229 3350 1288 Davidem
3375 1234 3565 1290 isthaec

1975 1325 2342 1395 postillatam
2375 1323 2480 1379 sibi
2513 1323 2878 1379 calamitatem
2912 1326 3320 1394 pronuntiasse.

2047 1502 2219 1558 Vens.
2270 1503 2327 1560 2.
2371 1501 2438 1556 In
2486 1501 2715 1556 Domino
2768 1501 3030 1570 conﬁdo:
3075 1502 3337 1573 quomodo
3384 1501 3562 1560 dicitis

1975 1599 2169 1651 anima:
2209 1612 2339 1650 mete
2373 1613 2390 1649 :
2423 1595 2771 1667 Transmigra
2812 1596 2868 1650 in
2918 1607 3117 1650 montes
3168 1599 3304 1652 sicut
3342 1601 3565 1667 passer?

1975 1688 2100 1744 Ilaec
2131 1690 2234 1745 viri
2278 1687 2507 1759 perfecti
2555 1703 2659 1742 vox
2701 1695 2807 1750 est,
2849 1689 2941 1758 qui
2973 1690 3274 1744 secundum
3325 1691 3564 1760 Aposto-

1973 1783 2085 1836 lum
2126 1781 2310 1836 dicere
2347 1780 2526 1834 valeat
2561 1797 2574 1833 :
2611 1779 2745 1844 Quis
2777 1797 2872 1834 nos
2926 1780 3199 1849 separabit
3233 1798 3266 1834 a
3297 1782 3564 1836 charitate

1977 1868 2074 1928 Dei
2139 1870 2154 1899 ¹
2190 1873 2213 1922 ‘t
2285 1870 2407 1926 Non
2438 1886 2592 1925 more
2618 1870 2922 1940 imperfecti
2954 1871 3215 1935 hominis,
3251 1873 3342 1942 qui
3375 1888 3564 1942 perse-

1971 1964 2267 2036 quentibus
2293 1973 2349 2016 ut
2381 1979 2440 2017 se
2481 1963 2770 2031 proripiet,
2806 1961 2874 2015 de
2909 1963 3030 2017 loco
3074 1963 3128 2016 in
3161 1964 3340 2018 locum
3376 1973 3561 2022 trans-

1969 2057 2188 2127 migrat.
2221 2054 2326 2120 Qui
2363 2054 2432 2115 si,
2485 2062 2546 2107 ut
2598 2068 2791 2122 passer
2827 2063 3142 2118 venatores,
3189 2053 3430 2125 effugere
3462 2071 3560 2110 va-

1969 2151 2098 2212 leat,
2131 2149 2254 2217 jure
2280 2147 2482 2202 dixerit
2513 2165 2525 2198 :
2561 2147 2761 2198 Anima
2798 2156 2984 2199 nostra
3010 2147 3144 2200 sicut
3176 2164 3358 2216 passer
3381 2160 3560 2218 erepta

1968 2249 2046 2295 est
2075 2239 2138 2294 de
2167 2239 2354 2310 laqueo
2385 2237 2746 2292 venantium”.

2040 2332 2208 2386 Vens.
2265 2329 2387 2385 4-6.
2458 2327 2723 2395 Quoniam
2781 2343 2898 2397 qua:
2958 2327 3223 2396 perfeciin
3281 2330 3560 2385 destruxe-

1968 2435 2114 2486 runt,
2124 2425 2304 2493 justus
2320 2432 2494 2477 autem
2511 2422 2637 2492 quid
2652 2424 2769 2490 fecit
2787 2423 2811 2476 ε)
2826 2420 3085 2474 Dominus
3099 2422 3150 2474 in
3171 2422 3362 2491 templo
3375 2432 3561 2479 sancto

1967 2534 2087 2581 suo,
2120 2515 2380 2569 Dominus
2419 2516 2475 2567 in
2500 2515 2628 2567 creto
2655 2513 2800 2567 sedes
2833 2511 2970 2581 ejus.
3011 2511 3166 2568 Oculi
3199 2512 3312 2582 ejus
3344 2514 3396 2566 in
3416 2529 3555 2582 pau-

1965 2625 2141 2679 perem
2187 2608 2507 2677 respiciunt,
2559 2605 2824 2676 palpebra:
2866 2606 2983 2673 ejus
3035 2607 3360 2675 interrogant
3411 2606 3555 2675 ﬁlios

1967 2703 2260 2756 hominum.
2286 2701 2540 2753 Dominus
2565 2700 2857 2770 interrogat
2870 2698 3082 2768 justum
3103 2707 3152 2752 et
3179 2699 3422 2768 impium.
3443 2708 3553 2755 elc.

1969 2794 2114 2851 Deus
2145 2795 2238 2867 qui
2290 2794 2441 2849 solus
2463 2794 2650 2862 justus
2688 2805 2742 2847 et
2767 2792 2935 2861 judex
2985 2799 3090 2855 est,
3123 2806 3248 2846 cum
3297 2807 3430 2848 suos
3459 2807 3559 2862 op-

1967 2887 2200 2957 pugnari
2239 2892 2510 2949 cerneret,
2558 2885 2687 2954 quid
2728 2882 2891 2938 fecit?
2919 2883 2970 2938 ls
3001 2895 3136 2938 sane
3163 2883 3264 2938 etsi
3303 2883 3359 2937 in
3411 2885 3556 2938 cado

261 2967 314 3018 τί
365 2969 660 3040 ὲποίησεν;
716 2973 806 3026 Ἐν
851 2975 1064 3047 οὐρανῷ
1113 2981 1385 3035 κατοικῶν
1439 2983 1534 3037 καὶ
1588 2985 1862 3055 βασιλείαν

1973 2981 2202 3042 habitet,
2237 2993 2303 3033 ac
2331 2977 2550 3032 ﬁrmum
2585 2976 2997 3046 immobileque'
3019 2991 3251 3046 regnum
3283 2975 3552 3040 obtineat,

261 3055 402 3126 ἔχων
433 3059 752 3128 ἀσάλευτον,
787 3064 939 3118 οὐδὲν
971 3067 1081 3120 τῶν
1112 3069 1206 3122 ἐπὶ
1238 3071 1343 3142 γῆς
1376 3078 1612 3148 παρορᾷ.
1638 3079 1862 3152 Χαρίξε-

1973 3075 2176 3129 nullam
2209 3080 2554 3127 terrenarum
2588 3084 2772 3124 rerum
2812 3068 3058 3139 negligit.
3092 3067 3328 3139 Pauperi
3366 3078 3553 3124 autem

259 3165 351 3201 ται
381 3150 442 3203 δὲ
481 3152 564 3222 τῷ
605 3153 800 3227 πένητι
832 3157 943 3211 τῶν
978 3161 1345 3234 εὐεργετικῶν
1382 3167 1547 3222 αὑτοῦ
1581 3169 1862 3244 δυνάμεων

1973 3169 2026 3224 id
2055 3167 2245 3239 gratiae
2277 3163 2513 3226 confert,
2541 3171 2600 3216 ut
2629 3161 2996 3218 beneﬁcarum
3029 3163 3294 3216 virtutum
3327 3177 3552 3217 suarum

415 3243 748 3318 ἐπισκοπὴν,
805 3249 872 3313 ἃς
927 3268 1091 3322 φησιν
1140 3255 1486 3328 ὀφθαλμούς·
1527 3240 1729 3336 ὥσπερ
1770 3263 1862 3323 οὖν

1973 3258 2311 3328 inspectione
2346 3260 2643 3311 servetur:
2679 3268 2818 3323 quas
2867 3252 3124 3316 virtutes,
3173 3252 3364 3306 oculos
3408 3267 3549 3306 mina

262 3331 516 3407 βλέφαρα
557 3337 659 3410 τὴν
708 3343 960 3414 κριτικὴν
998 3346 1164 3400 αὐτοῦ
1199 3350 1295 3402 καὶ
1336 3351 1514 3406 πάντα
1561 3355 1862 3430 διακρίνου-

1973 3355 2169 3420 cupat;
2206 3363 2315 3418 qua
2352 3347 2481 3401 item
2514 3346 2730 3400 ratione
2766 3345 3044 3414 palpebra:
3077 3344 3198 3414 ejus
3235 3342 3550 3414 significant

261 3441 362 3513 σαν
388 3429 672 3499 πρόνοιαν.
701 3431 802 3486 Διὰ
829 3434 1182 3510 δικαιοσύνην
1212 3439 1268 3494 δὲ
1297 3445 1476 3513 κρινεῖ
1506 3447 1601 3500 καὶ
1631 3429 1758 3513 τοὺς
1785 3451 1862 3505 δι-

1973 3441 2277 3512 iudicialem
2304 3440 2452 3494 illius
2474 3438 2874 3511 providentiam
2897 3451 3005 3507 qua
3045 3437 3227 3492 omnia
3259 3436 3550 3506 dijudicat.

258 3512 473 3581 καίους,
521 3518 596 3589 μή
626 3535 678 3571 τι
706 3521 800 3574 καὶ
828 3522 992 3589 αὐτὸς
1020 3512 1503 3601 πεπλημμέληται.
1741 3512 1748 3513 7

1973 3534 2197 3604 Propter
2229 3528 2507 3602 justitiam
2562 3537 2744 3584 autem
2790 3543 2945 3582 suam
2987 3528 3072 3583 vel
3125 3529 3305 3598 ipsum
3337 3528 3553 3598 justum

1960 3626 2252 3698 iudicabit,
2286 3639 2356 3678 ne
2386 3629 2442 3677 et
2467 3622 2585 3692 ipse
2623 3637 2842 3691 quoque
2869 3621 2925 3674 in
2954 3628 3239 3690 peccatum
3270 3621 3548 3678 inciderit.

341 3694 675 3764 Ἐπιϐρέξει
714 3700 814 3754 ἐπὶ
855 3703 1246 3774 ἁμαρτωλοὺς
1284 3712 1563 3782 παγίδας,
1597 3716 1716 3785 πῦρ
1758 3719 1859 3774 καὶ

257 3785 445 3881 θεῖον,
485 3790 590 3842 καὶ
615 3793 853 3863 πνεῦμα
883 3800 1224 3869 καταιγίδος
1255 3804 1294 3871 ἡ
1330 3805 1503 3874 μερὶς
1535 3809 1642 3862 τοῦ
1677 3827 1860 3881 ποτη-

249 3879 392 3945 ρίου
427 3881 648 3938 αὐτῶν.
680 3884 792 3948 Τὰς
824 3890 1119 3954 ἐπιπόνους
1149 3894 1403 3961 κολάσεις
1435 3899 1677 3975 πολλαχῆ
1709 3879 1858 3973 δηλοί

253 3971 314 4064 τὺ
346 3975 635 4046 ποτήριον,
668 3981 744 4040 ὡς
771 3981 830 4031 ἐν
873 3981 1103 4053 Ἡσαΐᾳ·
1145 3971 1496 4057 Ἐξεγείρου,
1522 3971 1872 4064 ἐξεγείρου,’

264 4061 726 4162 Ἰερουσαλὴμ,ἡ
744 4071 970 4127 πιοῦσα
981 4076 1046 4129 τὸ
1061 4061 1733 4154 ποτήριονείσπτώσεως
1755 4091 1855 4162 (1),

255 4157 553 4257 Ξὸριόνδυ
597 4162 710 4217 τοῦ
761 4168 976 4235 θυμοῦ.
1029 4171 1194 4240 Λέγει
1240 4174 1298 4227 δὲ
1344 4177 1438 4231 καὶ
1483 4178 1563 4250 τῷ
1617 4157 1857 4257 Ἱερεμίᾳ

255 4245 420 4312 Θεὸς·
448 4248 606 4304 Λάϐε
633 4252 743 4306 τοῦ
771 4255 942 4310 οἴνου
965 4258 1072 4312 τοῦ
1099 4259 1363 4328 ἀκράτου
1387 4264 1457 4317 ἐκ
1491 4245 1851 4339 χειρόςμου,

255 4340 354 4393 καὶ
390 4342 665 4409 ποτίσεις
695 4346 841 4400 αὐτό
886 4348 1084 4403 πάντα
1111 4353 1184 4405 τὰ
1215 4353 1383 4423 ἔθνη,
1423 4357 1574 4426 πρὸς
1604 4359 1712 4426 οὓς
1739 4358 1854 4419 ἐγώ

2034 3716 2202 3772 Vsus.
2242 3716 2291 3771 7.
2334 3714 2492 3768 Pluet
2527 3729 2686 3783 super
2709 3723 3010 3781 peccatores
3049 3713 3288 3783 laqueos,
3322 3714 3459 3783 ignis
3499 3723 3551 3767 et

1961 3810 2185 3878 sulphur
2215 3816 2265 3861 et
2299 3807 2520 3875 spiritus
2549 3805 2929 3876 procellarum,
2969 3820 3092 3874 pars
3125 3806 3308 3860 calicis
3343 3821 3548 3861 eorum.

1959 3902 2117 3958 Calix
2143 3901 2398 3974 graviora
2430 3900 2753 3970 plerumque
2785 3899 3053 3969 supplicia
3078 3899 3373 3967 signiﬁcat,
3407 3907 3466 3953 ut
3491 3899 3551 3955 in

1961 3990 2102 4051 Isaia
2139 4015 2152 4050 :
2203 3993 2468 4064 Exsurge,
2489 4006 2734 4062 exsurge,
2759 3989 3081 4054 Jerusalem,
3105 4007 3224 4062 qua:
3251 3990 3433 4046 bibisti
3460 4009 3552 4047 ca-

1960 4089 2113 4143 licem
2142 4088 2334 4151 ruinre,
2381 4084 2631 4151 poculum
2659 4085 2755 4138 ira:
2777 4086 2820 4137 ³.
2854 4080 3106 4138 Ieremia:
3149 4099 3371 4155 quoque
3411 4085 3548 4140 dicit

1960 4181 2104 4236 Deus
2137 4199 2148 4233 :
2177 4177 2337 4232 Sume
2367 4177 2546 4230 vinum
2588 4192 2692 4230 non
2731 4173 2958 4228 dilutum
3002 4173 3066 4229 de
3115 4191 3278 4228 manu
3319 4193 3456 4240 mea,
3497 4187 3549 4232 et

1957 4272 2166 4343 potabis
2189 4286 2255 4325 ea:
2281 4287 2340 4324 eo
2371 4285 2550 4325 omnes
2569 4277 2766 4339 gentes,
2801 4267 2870 4321 ad
2911 4283 3042 4338 quas
3068 4283 3160 4338 ego
3191 4270 3400 4322 mittam
3431 4278 3481 4323 te
3501 4270 3544 4324 ⁸.

1959 4365 2150 4433 Qualis
2174 4371 2258 4420 est
2291 4363 2436 4418 calix
2462 4362 2530 4417 de
2553 4361 2801 4432 quoiam
2833 4362 3037 4432 agitur,
3076 4361 3243 4432 cujus
3263 4363 3548 4433 plenitudo

254 4430 581 4487 ἀποστελῶ
610 4451 704 4490 σε.
744 4437 958 4493 Ὀποῖον
986 4441 1046 4495 τὸ
1075 4444 1437 4517 προκείμενον
1477 4451 1760 4523 ποτήριον,
1793 4447 1854 4507 οὗ

1973 4430 2103 4532 ignis
2156 4465 2212 4512 et
2261 4455 2494 4526 sulphur
2551 4463 2606 4509 et
2655 4453 2887 4524 spiritus
2935 4455 3337 4523 procellarum;
3384 4457 3546 4525 cujus

253 4523 314 4575 τὸ
347 4524 629 4597 πλήρωμα
671 4528 784 4600 πῦρ
818 4533 912 4585 καὶ
937 4533 1100 4598 θεῖον,
1134 4539 1228 4591 καὶ
1258 4538 1479 4611 πνεῦμα
1507 4545 1852 4612 καταιγίδος·

254 4608 410 4708 τοι-δια
453 4618 698 4708 capacia
720 4623 788 4675 τὰ
819 4625 964 4680 κατὰ
999 4627 1248 4699 Σοδόμων
1289 4608 1668 4704 ἐπενεχθέντα.
1686 4608 1860 4708 ’Δηλοῖ

253 4704 310 4796 se
334 4705 399 4759 τὸ
443 4706 557 4780 πῦρ
588 4711 688 4783 τὴν
729 4712 1072 4780 διακαύσεως
1100 4718 1353 4793 ἀπειλὴν,
1383 4721 1446 4774 τὸ
1483 4721 1542 4774 δὲ
1584 4722 1728 4776 θεῖον
1757 4704 1858 4796 τὴν

1959 4566 2094 4607 sane
2125 4548 2373 4621 symbola
2402 4562 2466 4602 ea
2498 4546 2617 4617 ipsa
2649 4551 2778 4600 sunt
2807 4560 2929 4615 quae
2959 4553 3152 4600 contra
3185 4545 3423 4602 Sodoma
3443 4548 3547 4601 im-

1960 4643 2131 4698 missa
2159 4641 2332 4695 fuere.
2379 4637 2590 4692 lndicat
2623 4651 2791 4708 porro
2826 4637 2972 4706 ignis
3011 4639 3251 4694 incendii
3299 4654 3364 4694 ac
3407 4639 3546 4693 adu-

1959 4733 2157 4790 stionis
2194 4731 2414 4786 minas:
2443 4729 2696 4798 sulphur,
2739 4728 2882 4795 ignis
2918 4727 3242 4791 fomentum,
3279 4743 3390 4798 quo
3415 4729 3542 4798 plus

253 4795 632 4868 διεγείρουσαν
681 4801 762 4855 ἔτι
816 4804 1018 4872 μᾶλλον
1073 4807 1135 4860 τὸ
1191 4809 1303 4882 πῦρ
1353 4811 1631 4884 ἀφορμὴν,
1686 4814 1749 4868 τὸ
1799 4795 1858 4869 δὲ

1973 4825 2302 4890 exardescit;
2334 4795 2564 4892 spiritus
2603 4820 2992 4890 procellarum,
3036 4819 3360 4875 tentationis
3407 4835 3544 4875 con-

144 4891 146 4898 λ
254 4888 476 4960 πνεῦμα
498 4891 598 4961 τῆς
623 4895 952 4964 καταιγιδος,
980 4901 1289 4972 πειρασμοῦ
1324 4907 1650 4977 συστροφήν.
1679 4907 1850 4980 Εἴρη-

1973 4888 2296 4974 rersionem.
2325 4888 2387 4968 In
2418 4914 2558 4968 Isaia
2595 4888 2833 4983 namque
2853 4913 3057 4967 dicitur
3085 4931 3097 4966 :
3127 4909 3279 4965 Sicut
3307 4911 3541 4980 procella

252 4999 343 5035 ται
381 4983 496 5054 γὰρ
524 4986 582 5038 ἐν
623 4987 852 5060 Ἡσαΐᾳ·
902 4989 996 5056 Ὡς
1027 4993 1300 5062 καταιγὶς
1333 4994 1410 5047 δι’
1443 4995 1669 5066 ἐρήμου
1701 4998 1852 5054 διέλ-

253 5077 345 5128 θοι
367 5075 666 5147 ἐρχομένη
690 5081 875 5152 ἐγγύς
890 5099 904 5114 ·
921 5084 1192 5153 ,φοϐερὸν
1219 5085 1284 5140 τὸ
1317 5087 1509 5158 ὅραμα
1532 5090 1634 5144 καὶ
1665 5097 1854 5164 σκλη-

249 5165 365 5231 ρὸν
389 5168 700 5240 ἀνω-τέλη
726 5191 848 5242 μοι.
884 5175 1040 5228 Ἔστι
1062 5175 1118 5229 δὲ
1141 5177 1237 5231 καὶ
1267 5182 1381 5244 τοῖς
1408 5181 1660 5236 εὐσεδέσι
1683 5187 1852 5257 ποτή-

258 5275 370 5329 ριον
407 5259 473 5313 τὸ
518 5262 790 5332 μεθύσκον
831 5265 910 5330 ὡς
954 5268 1264 5338 κράτιστον,
1299 5273 1428 5343 περὶ
1470 5268 1531 5328 οὗ
1568 5275 1712 5346 τάχα
1756 5279 1851 5330 κά-

253 5355 402 5406 κεῖνο
441 5353 724 5410 λέλεκται·
772 5360 986 5428 Κύριος
1012 5362 1050 5430 ἡ
1080 5361 1253 5430 μερὶς
1288 5362 1398 5431 τῆς
1443 5370 1848 5437 κληρονομίας

249 5461 367 5511 μου
403 5446 502 5500 καὶ
550 5448 658 5502 τοῦ
695 5452 1006 5519 ποτηρίου.
1040 5455 1150 5507 Καὶ
1190 5454 1260 5507 δι’
1308 5455 1485 5528 ἔργων
1530 5460 1750 5528 ἀγαθῶν
1785 5462 1846 5516 τὸ

256 5536 356 5608 μὲν
384 5543 599 5608 φυγεῖν,
631 5541 694 5595 τὸ
723 5542 779 5595 δὲ
813 5545 1166 5616 αἱρήσασθαι.

322 5633 368 5666 ’⁸
412 5632 576 5688 Rom.
614 5652 730 5700 xu,
766 5639 853 5692 19.

254 5700 321 5762 1.
355 5704 409 5757 2.
489 5705 511 5737 ⁸
553 5704 696 5763 Psal.
736 5724 838 5774 xv,
874 5710 927 5764 5.

1954 5027 2048 5081 per
2071 5011 2337 5064 desertum
2367 5007 2754 5077 pertransierit,
2788 5021 2946 5074 prope
2969 5003 3218 5058 accedens
3243 5017 3262 5055 :
3288 5003 3541 5058 terribilis

1954 5105 2087 5160 visio
2116 5113 2164 5158 et
2195 5102 2331 5156 dura
2359 5102 2607 5155 nuntiata
2638 5099 2765 5152 mihi
2793 5108 2872 5152 est
2891 5099 2934 5152 ⁸.
2968 5097 3079 5152 Piis
3100 5113 3318 5167 quoque
3345 5098 3540 5152 homi-

1955 5199 2120 5252 nibus
2153 5196 2294 5250 calix
2344 5195 2628 5248 inebrians
2663 5208 2826 5262 quam
2858 5191 3302 5261 potentissimus,
3335 5191 3403 5247 de
3429 5207 3540 5261 quo

1954 5290 2194 5344 fortasse
2236 5287 2440 5341 dicitur
2469 5305 2482 5341 :
2509 5285 2771 5338 Dominus
2803 5298 2929 5351 pars
2971 5281 3299 5337 bwreditatis
3331 5299 3461 5338 mea:
3490 5293 3541 5338 et

1955 5383 2138 5436 colicis
2169 5381 2271 5435 mei
2293 5382 2334 5435 °.
2369 5380 2448 5434 Ac
2480 5393 2580 5450 per
2623 5383 2770 5432 recte
2815 5376 2961 5430 facta
2998 5375 3255 5431 vitandus
3297 5375 3408 5440 ille,
3444 5375 3538 5432 hic

1953 5471 2364 5544 amplectendus
2392 5478 2498 5527 est.

935 5649 950 5670 ι
993 5639 1152 5695 Rom.
1192 5659 1313 5709 vm,
1362 5647 1452 5701 55.
1530 5650 1551 5680 ³
1590 5648 1735 5704 Psal.
1773 5665 1965 5718 cxxm,
2005 5651 2059 5710 7.
2135 5652 2156 5682 ³
2183 5651 2311 5708 -lsa.
2347 5667 2434 5721 LI,
2476 5651 2579 5736 l7.
2610 5649 2660 5734 f
2696 5647 2810 5706 Jer.
2851 5663 2994 5716 xxv,
3037 5647 3118 5703 l5.
3197 5650 3217 5681 ⁸
3261 5649 3365 5706 lsa.
3407 5660 3534 5714 xxx,

328 5800 404 5870 tl}
451 5798 874 5868 Εἰσπτώσεως.
905 5803 1070 5860 Forte
1105 5807 1452 5874 ἐκπτώσεως.
1483 5807 1647 5875 LXX,
1682 5807 1862 5863 πτώσε

1991 5809 2149 5866 Εοιτ.

568 5896 776 5955 ΡΑΤΒ.
811 5894 928 5954 Gn.
975 5895 1094 5954 XX
1117 5895 1225 5962 Ill.

3215 5901 3256 5964 5
