4020 6372
427 292 544 354 -Ῐὸθ

511 408 677 465 Vnus.
721 409 774 465 8.
816 408 1078 476 Quoniam
1114 411 1293 477 justus
1345 409 1602 463 Dominus
1628 450 1642 472 ,
1685 418 1734 462 et
1775 409 2011 476 justitias
2042 412 2093 467 Α

439 500 647 564 dilexit,
678 502 976 571 (equitatem
1004 501 1131 553 vidit
1165 501 1339 554 vultus
1362 501 1496 568 ejus.
1543 500 1675 553 Nam
1710 508 1895 568 utpote
1924 499 2013 567 ju—

440 598 559 647 s‘tu’s
583 606 876 662 pauperem
911 591 1150 660 respicit,
1185 600 1500 659 peccatores
1528 591 1775 660 corripit.
1805 589 2012 643 Natura

438 689 620 736 autem
670 695 810 741 ειη,-
849 695 956 733 ιιοιι
1002 681 1423 750 participatione
1469 681 1652 749 justus
1689 690 1794 736 est.
1841 682 2015 736 Caete-

438 785 558 822 rum
600 784 725 824 cum
775 769 849 822 ita
897 785 957 825 se
1007 769 1226 833 habeat,
1255 770 1522 837 justitias,
1573 787 1695 840 qua:
1726 773 1780 825 in
1824 773 2012 827 multis

438 861 625 928 probis
657 861 794 917 viris
830 863 1200 932 reperiuntur,
1228 862 1424 931 diligit,
1469 879 1532 917 ac
1578 869 1852 933 cujusque
1885 880 2014 934 pro-

440 950 680 1019 positum
717 954 1004 1023 approbat.
1051 951 1293 1024 Singulis
1324 970 1470 1010 sane
1500 955 1727 1026 judiciis
1764 957 2012 1026 quaedam

433 1042 650 1110 justitia
699 1043 1080 1100 inest:multa
1124 1055 1306 1101 autem
1355 1055 1484 1102 sunt
1527 1049 1732 1117 judicia
1782 1048 1898 1112 Dei,
1944 1051 2012 1104 de

437 1135 639 1204 quibus
670 1137 934 1207 scriptum
972 1148 1094 1192 est:
1133 1137 1349 1193 Judicia
1391 1139 1605 1194 Domini
1635 1157 1778 1202 uera,
1805 1141 2013 1210 justi/i-

436 1236 560 1279 cata
611 1228 665 1280 in
719 1229 1060 1298 semetipsa’.
1128 1230 1307 1285 Multa:
1368 1233 1534 1301 igitur
1579 1234 1808 1301 justitiae
1859 1243 2006 1287 sunt.

438 1317 774 1389 Equitatth
809 1338 1027 1392 quoque
1084 1325 1260 1389 videt,
1314 1326 1568 1381 videlicet
1619 1342 1809 1382 sanam
1856 1326 2010 1381 verbi

437 1415 765 1468 sententiam
811 1423 866 1468 et
911 1415 1219 1470 doctrinam
1247 1437 1259 1471 :
1286 1418 1484 1487 gaudet
1527 1421 1728 1489 quippe
1778 1419 1845 1473 de
1889 1420 2010 1488 ejus

434 1511 761 1573 cultoribus,
803 1511 1017 1566 etiamsi
1044 1510 1224 1567 videat
1263 1529 1358 1568 eos
1401 1514 1667 1568 conviciis
1701 1519 1756 1567 ct
1788 1513 2011 1566 maledi-

434 1602 541 1656 ctis
583 1602 882 1672 impetitos.
919 1601 1208 1673 Nunquam
1249 1615 1430 1659 autem
1469 1606 1651 1676 plures
1703 1605 2007 1674 mquitatcs,

435 1690 664 1761 perinde
685 1699 850 1761 atque
872 1694 1102 1761 justitia:
1133 1694 1188 1748 in
1219 1693 1443 1764 judici'rs
1477 1695 1682 1757 multae,
1718 1693 2008 1747 habentur.

1109 297 1374 352 EUSEBII
1411 295 1892 351 CASSARIENSIS
1929 291 2079 348 OPP.
2123 289 2303 344 PARS
2361 290 2446 344 ΙΙΙ.
2488 323 2557 332 -
2595 287 3008 344 EXEGETICA.

3591 240 3746 338 H0,

2191 404 2307 456 Ὅτι
2360 405 2589 469 δίκαιος
2628 406 2842 472 Κύριος
2885 405 2982 456 καὶ
3025 402 3412 467 δικαιοσύνας
3460 401 3692 470 ’ἠγάπη-

2116 514 2248 563 σεν,
2274 499 2569 561 εὐθύτητα
2609 494 2729 550 εἶδε
2756 497 2821 549 τὸ
2855 498 3178 562 πρόσωπον
3209 484 3415 549 αὐτοῦ.
3460 496 3546 557 Ὠς
3586 496 3694 565 γὰρ

2115 590 2320 651 δίκαιος
2352 589 2628 641 ἐπιϐλέπει
2666 590 2762 658 μὲν
2801 589 2891 662 "cev
2927 589 3153 656 πένητα,
3200 587 3441 639 παιδεύει
3482 587 3537 639 δὲ
3567 589 3694 651 τοὺς

2117 679 2500 750 ἁμαρτωλούςο
2559 680 2716 750 οὐσίᾳ
2768 679 2824 731 δὲ
2871 679 3076 740 δίκαιός
3127 680 3295 736 ἐστιν,
3347 678 3408 730 οὐ
3468 683 3690 748 μετοχῇ.

2115 772 2262 842 Πλὴν
2293 773 2385 825 καὶ
2412 772 2584 835 οὕτως
2616 771 2756 841 ἔχων
2798 771 2987 839 ἀγαπᾷ
3014 769 3111 832 τὰς
3137 771 3194 821 ὲν
3222 771 3334 830 τοῖς
3369 769 3581 832 πολλοῖς
3613 770 3694 822 δι-

2116 865 2290 928 καίοις
2323 864 2687 927 δικαιοσύνας,
2721 862 2817 933 τὴν
2849 862 3078 914 ἑκάστου
3130 860 3384 932 πρόθεσιν
3435 861 3696 931 ἀποδεχό-

2118 974 2295 1027 μενος.
2335 956 2493 1008 Ἀλλὰ
2536 955 2628 1009 καὶ
2669 953 2899 1008 ἑκάστου
2928 951 3193 1024 κρίματός
3222 954 3337 1005 ἐστί
3371 971 3454 1016 τις
3499 954 3696 1006 δικαιο-

2118 1049 2248 1120 σύνη
2271 1067 2282 1078 ·
2320 1050 2489 1103 πολλὰ
2530 1049 2586 1102 δὲ
2615 1049 2682 1102 τὰ
2714 1048 2957 1117 κρίματα
2989 1046 3084 1099 τοῦ
3131 1045 3284 1110 Θεοῦ,
3331 1047 3458 1117 περὶ
3489 1040 3563 1098 ὧν
3611 1044 3696 1114 γέ-

2114 1160 2390 1214 γραπται·
2435 1143 2510 1196 Τὰ
2541 1143 2793 1210 κρίματα
2841 1141 3058 1206 liam/0v
3099 1140 3354 1206 ἀληθινὰ
3399 1138 3696 1192 δεδικαιω-

2109 1236 2264 1304 μένα
2297 1235 2394 1287 ἐπὶ
2441 1234 2505 1287 τό
2540 1237 2706 1287 αὑτό.
2747 1231 2946 1285 Πολλαὶ
2977 1233 3082 1301 ἄρα
3115 1232 3206 1283 καὶ
3239 1233 3293 1283 αἱ
3337 1231 3688 1285 δικαιοσύναι.

2115 1328 2309 1380 Βλέπει
2337 1328 2393 1380 δὲ
2428 1328 2524 1381 καὶ
2573 1326 2864 1397 εὐθύτητα,
2907 1327 3008 1396 τὴν
3053 1326 3187 1396 πρὸς
3231 1327 3320 1379 τὸν
3348 1327 3504 1398 ὀρθὸν
3537 1327 3696 1397 λόγον

2114 1419 2336 1492 γνώμην
2357 1437 2368 1448 ο
2401 1422 2580 1490 χαίρει
2615 1419 2722 1490 γὰρ
2747 1419 2839 1471 ἐπὶ
2871 1421 2983 1480 τοῖς
3013 1418 3213 1488 ἔχουσι,
3251 1419 3352 1471 κᾶν
3379 1421 3697 1491 ὀνειδιζομέ-

2115 1529 2236 1574 νους
2261 1514 2380 1584 ὁρᾷ.
2420 1514 2644 1583 Μήποτε
2676 1511 2732 1564 δὲ
2759 1511 2834 1575 ὡς
2864 1505 3053 1564 πολλαὶ
3084 1505 3418 1565 δικαιοσύναι
3458 1513 3548 1565 ἐπὶ
3585 1517 3695 1577 τοῖς

2114 1605 2392 1676 κρίμασιν,
2428 1603 2599 1667 οὕτως
2643 1602 2954 1674 εὐθύτητες.
3003 1603 3100 1656 Διὰ
3147 1602 3203 1655 δὲ
3242 1603 3301 1656 τὸ
3339 1601 3694 1675 ἀποδέχεσθαι

2112 1698 2211 1769 τὴν
2241 1697 2530 1767 εὐθύτητα,
2566 1697 2626 1749 τὸ
2657 1697 2945 1768 πρόσωπον
2976 1698 3138 1751 αὐτοῦ
3161 1699 3281 1770 ὁρᾷ.
3323 1700 3693 1767 Ἐπιφαίνεται

434 1778 633 1837 Vultus
665 1798 794 1838 vero
813 1785 934 1852 ejus
969 1785 1090 1840 ideo
1119 1787 1429 1856 mquitatem
1464 1787 1631 1853 videt,
1667 1786 1794 1853 quia
1836 1786 2010 1854 ipsam

2116 1766 2221 1862 γάρ
2245 1766 2436 1861 παρὼν
2461 1789 2489 1844 ὁ
2528 1790 2657 1854 Θεὸς
2686 1766 2798 1854 τοῖς
2825 1792 3006 1862 ἔργοις
3035 1792 3134 1863 τῆς
3169 1766 3426 1863 προνοίας
3455 1766 3549 1846 καὶ
3581 1794 3695 1854 τοῖς

436 1875 723 1943 approbat.
757 1875 890 1930 Nam
939 1875 1083 1932 Deus
1115 1895 1357 1948 praesens
1403 1895 1526 1935 esse
1560 1880 2010 1950 deprehenditur,

435 1979 562 2018 cum
591 1966 946 2038 providentiae
965 1970 1247 2039 operibus,
1283 1980 1400 2024 tum
1431 1971 1629 2028 eﬂ'ectu
1653 1972 2008 2043 judiciorum.

871 2075 1198 2138 PSALMUS
1239 2082 1446 2137 DAVID
1484 2076 1576 2140 XI.

858 2193 911 2250 i.
969 2193 1032 2248 In
1056 2197 1235 2264 ﬁnem,
1256 2213 1351 2266 pro
1379 2207 1585 2252 octava.

509 2301 585 2357 Ea
619 2304 738 2375 ipsa
769 2313 1000 2379 estquae
1031 2311 1225 2381 psalmi
1257 2314 1397 2367 sexti
1425 2313 1710 2382 inscriptio
1736 2313 1832 2386 (1).
1862 2314 2013 2371 Dixi-

435 2412 558 2452 mus
593 2407 775 2454 autem
806 2401 943 2455 solvi
975 2402 1146 2473 legem
1172 2403 1398 2475 Moysis,
1439 2406 1486 2460 si
1520 2421 1657 2476 puer
1688 2405 1923 2462 ducatur
1957 2409 2014 2463 in

367 2477 369 2482 λ
436 2489 677 2544 babbato
727 2489 1273 2568 [circumcidendus,]
1311 2497 1532 2566 quando
1589 2498 1732 2553 diem
1771 2499 2012 2554 circum-

433 2583 662 2662 cisionis
707 2592 961 2640 octavam
1010 2587 1067 2640 in
1103 2588 1223 2657 ipso
1275 2587 1473 2643 cadere
1520 2589 1792 2660 contingit
1827 2611 1839 2644 :
1871 2606 2015 2646 eam-

434 2674 666 2746 demque
703 2678 809 2731 vim
846 2689 900 2732 et
930 2681 1301 2749 praestantiam
1346 2681 1548 2736 habere
1581 2681 1724 2736 diem
1762 2680 2010 2736 Domini-

435 2757 576 2832 cam,
607 2785 730 2840 quae
762 2769 980 2825 Domini
1015 2772 1419 2828 resurrectione
1449 2773 1792 2838 nobilitatur,
1819 2783 2012 2846 estque

435 2869 463 2908 a
506 2858 682 2926 primo
715 2859 825 2924 die,
873 2867 1085 2940 octava.
1137 2861 1202 2914 Et
1234 2863 1352 2932 ipsa
1402 2879 1623 2933 quoque
1665 2873 1864 2920 natura
1911 2882 2012 2922 sua

433 2948 608 3017 prima
637 2949 1042 3022 habetur,‘quia
1073 2952 1128 3007 in
1161 2953 1352 3009 eadem
1381 2970 1575 3016 omnes
1603 2957 1800 3012 anima:
1818 2973 2012 3014 emun-

434 3043 655 3094 dantur.

2115 1883 2514 1955 ἁποτελέσμασι
2543 1882 2652 1936 τῶν
2681 1883 2985 1955 χριμάτων.

2501 2075 2792 2134 ΨᾹΛΜΟΣ
2826 2081 2913 2133 ΤΩ
2955 2081 3154 2135 ΔΑΥΙΔ
3199 2081 3301 2135 ῐΑθ.

2395 2194 2499 2260 Εἰς
2531 2193 2595 2246 τὸ
2633 2196 2806 2261 τέλος
2855 2195 2984 2264 περὶ
3018 2194 3128 2264 τῆς
3175 2196 3408 2267 ὀγδόης.

2199 2309 2262 2363 Ἠ
2303 2309 2438 2382 αὐτή
2473 2311 2588 2363 ἐστι
2625 2313 2690 2381 τῇ
2723 2310 2817 2364 τοῦ
2854 2317 2906 2376 ς’
2955 2313 3255 2383 ἐπιγραφή.
3298 2310 3584 2380 Ἐλέγομεν
3616 2309 3692 2374 δὲ,

2113 2399 2188 2464 ὡς
2233 2401 2326 2455 καὶ
2357 2401 2448 2454 τὸν
2482 2403 2644 2473 νόμον
2679 2402 2793 2455 λύει
2835 2403 3132 2466 Μωῦσέως,
3168 2405 3215 2455 εἰ
3254 2404 3376 2470 ἄγοι
3409 2401 3604 2472 βρέφος
3636 2403 3696 2453 ὲν

2115 2491 2400 2563 Σαϐϐάτῳ,
2431 2493 2642 2565 ἡμέραν
2668 2495 2862 2564 ὀγδόην
2891 2495 2990 2564 τῆς
3033 2495 3330 2564 περιτομῆς
3358 2496 3414 2546 ἐν
3441 2495 3575 2563 αὐτῇ
3608 2511 3696 2561 γι-

2114 2584 2361 2657 νομένης.
2395 2585 2503 2656 Τὴν
2538 2586 2726 2656 ὁμοίαν
2751 2587 2893 2655 ἔχειν
2923 2587 3179 2655 ἐλέγομεν
3218 2587 3444 2656 δύναμιν
3472 2587 3565 2638 καὶ
3594 2585 3696 2653 τὴν

2115 2678 2421 2749 Κυριακὴν,
2454 2677 2552 2748 τὴν
2583 2659 2950 2748 ἀναστάσιμον
2989 2675 3154 2731 οὖσαν
3197 2678 3290 2730 τοῦ
3328 2677 3554 2749 Κυρίου,
3600 2681 3697 2731 καὶ

2113 2770 2485 2840 τυγχάνουσαν
2529 2771 2636 2824 ἀπὸ
2687 2761 2785 2842 τῆς
2843 2770 3067 2842 πρώτης
3113 2771 3322 2841 ὀγδόην,
3371 2769 3590 2840 πρώτην
3639 2771 3698 2825 δὲ

2114 2863 2257 2917 κατὰ
2284 2862 2444 2934 φύσιν
2475 2863 2825 2934 ὑπάρχουσαν
2847 2879 2861 2894 ο
2892 2861 3196 2933 καθαρτικὴ
3235 2862 3345 2933 γάρ
3373 2865 3486 2915 ἐστι
3514 2862 3696 2932 πάσης

2111 2956 2309 3026 ψυχῆς.

508 3132 672 3190 Vens.
697 3134 752 3199 2,
779 3136 832 3191 3.
871 3135 1091 3192 Salvum
1112 3153 1190 3191 me
1210 3138 1318 3206 fac,
1338 3137 1581 3204 Domine,
1606 3143 1856 3210 quoniam
1878 3144 2014 3213 dere-

2186 3132 2396 3189 Σῶσόν
2437 3150 2534 3202 με,
2581 3133 2777 3200 Κύριε,
2833 3130 2922 3184 ὅτι
2971 3128 3329 3184 ἐκλέλοιπεν
3370 3128 3557 3192 ὅσιος,
3607 3124 3701 3180 ὅτι

433 3229 503 3280 cit
531 3239 769 3293 sanctus,
805 3231 1053 3300 quoniam
1083 3230 1360 3286 diminuta:
1390 3242 1513 3286 sunt
1542 3233 1787 3288 veritates
1821 3253 1853 3288 a
1881 3237 2012 3305 ﬁliis

433 3319 723 3377 hominum.
782 3322 930 3376 Vana
961 3321 1121 3395 locuti
1167 3333 1291 3378 sunt
1336 3327 1691 3395 unusquisque
1733 3325 1801 3379 ad
1831 3329 2014 3395 proxi-

435 3427 579 3464 mum
625 3428 802 3473 suum,
851 3412 996 3467 labia
1034 3414 1223 3469 dolosa
1261 3417 1315 3469 in
1355 3415 1530 3484 corde,
1574 3428 1622 3471 et
1664 3420 1819 3473 corde
1851 3419 2015 3474 locuti

432 3506 579 3551 sunt.
616 3498 809 3554 Totam
842 3502 990 3556 illam
1030 3505 1118 3558 sui
1164 3507 1429 3574 temporis
1457 3484 1864 3577 g‘enerationem
1901 3512 2012 3565 cri-

437 3589 680 3646 minatur
715 3612 728 3648 :
760 3609 884 3648 nam
927 3597 981 3649 in
1019 3598 1376 3668 sequentibus
1409 3601 1595 3656 dicet:
1627 3603 1727 3668 Tu,
1767 3605 2010 3670 Domine,

435 3685 666 3740 servabis
703 3703 797 3740 nos
831 3697 881 3741 et
927 3691 1191 3745 custodies
1242 3708 1336 3747 nos
1385 3711 1418 3746 a
1463 3698 1798 3764 generatione
1826 3699 1926 3752 hac
1960 3701 2014 3753 in

437 3787 715 3831 teternum.
767 3779 913 3836 Talis
963 3784 1108 3836 enim
1163 3793 1248 3840 est
1293 3787 1444 3855 prior
1471 3787 1561 3840 illa
1608 3791 1909 3858 generatio,
1948 3793 2016 3847 de

436 3885 544 3935 qua
585 3869 832 3926 Salvator
866 3873 978 3928 haec
1011 3875 1206 3929 eﬂ'atur
1235 3895 1250 3931 :
1294 3877 1406 3932 Viri
1439 3877 1694 3935 Ninivitaz
1718 3894 1930 3953 surgent
1960 3886 2016 3937 in

434 3961 634 4028 judicio
665 3980 782 4016 cum
809 3968 1143 4034 generatione
1178 3969 1296 4035 hac,
1322 3980 1371 4024 et
1402 3972 1824 4028 condemnabunt
1849 3993 1965 4029 eam
1993 3990 2015 4030 :

433 4066 485 4108 et
532 4057 710 4124 regina
747 4059 1002 4123 Austri",
1044 4068 1098 4116 et
1131 4069 1350 4129 caetera,
1395 4073 1450 4118 et
1489 4080 1708 4120 rursum
1741 4086 1755 4122 ε
1786 4067 1874 4121 Sic
1915 4069 2017 4121 erit

440 4151 766 4220 generationi
797 4167 1019 4220 nequam
1051 4154 1172 4206 huic
1195 4153 1236 4208 ’.
1271 4153 1459 4225 Neque
1489 4157 1688 4226 injuria
1725 4159 1898 4228 ipsam
1923 4176 2015 4214 ac-

435 4256 594 4305 cuso,
639 4243 716 4296 ait
745 4242 1050 4314 Propheta;
1089 4248 1182 4302 sed
1216 4248 1342 4317 quia
1375 4265 1535 4304 nemo
1565 4263 1788 4307 sanctus
1817 4255 1866 4307 in
1900 4254 2012 4319 illa,

435 4345 600 4385 nemo
651 4349 834 4388 verax.
895 4334 1351 4407 Quandoquidem
1407 4342 1573 4409 igitur
1621 4345 1826 4396 nullum
1884 4348 2015 4400 mihi

433 4425 631 4479 salutis
683 4435 962 4481 auctorem
1012 4430 1262 4496 invenio;
1317 4444 1370 4486 tu
1405 4435 1558 4492 mihi.
1598 4434 1845 4499 Domine,
1889 4441 2014 4495 talis

432 4523 574 4570 esto.
621 4515 816 4585 Arguit
860 4534 1025 4586 porro
1063 4519 1374 4576 Iudaeorum
1429 4523 1890 4592 incredulitatem,
1947 4531 2016 4585 de

435 4607 638 4676 quibus
687 4609 765 4662 ait
813 4607 1026 4680 Moyses
1054 4629 1068 4666 :
1101 4611 1256 4674 Filii,
1292 4615 1348 4666 in
1377 4615 1564 4683 quibus
1614 4618 1764 4670 nulla
1793 4618 1922 4684 [ides
1947 4622 2009 4672 ¹⁰.

435 4697 592 4765 Quod
645 4708 824 4756 autem
874 4717 1015 4754 vana
1067 4703 1233 4757 locuti
1283 4705 1413 4768 sint,
1465 4706 1696 4762 insidias
1743 4707 2013 4765 Salvatori

433 4800 733 4856 struentes,
768 4801 931 4862 atque
961 4794 1151 4850 dolose
1190 4798 1570 4866 aggredientes
1611 4800 1785 4865 illum,
1813 4803 2016 4858 diserte

433 4883 762 4939 testiﬁcatur
791 4884 1209 4958 Evangeliorum
1245 4891 1538 4960 scriptura.

506 5063 676 5118 Vens.
705 5041 760 5126 λ,
791 5064 842 5118 5.
888 5065 1174 5134 Disperdat
1201 5065 1458 5122 Dominus
1483 5069 1727 5123 universa
1756 5069 1899 5126 labia
1919 5067 2016 5123 do-

435 5156 568 5219 losa,
615 5169 666 5211 et
691 5157 928 5227 linguam
964 5160 1378 5230 magniloquam.
1411 5161 1512 5226 Qui
1551 5161 1801 5215 dixerunt
1838 5178 1856 5216 :
1887 5161 2015 5215 Lin-

429 5263 588 5315 guam
616 5258 854 5302 nostram
897 5252 1377 5320 magniﬁcabimus,
1411 5252 1556 5305 tabia
1581 5262 1762 5305 nostra
1802 5269 1833 5304 a
1867 5252 2016 5305 nobis

431 5352 597 5394 sunt:
622 5343 740 5411 quis
789 5351 967 5396 noster
990 5342 1250 5396 Dominus
1291 5345 1411 5398 est?
1455 5341 1548 5397 Dei
1579 5344 1746 5407 enim,
1783 5359 1892 5398 non
1919 5360 2018 5396 au-

433 5441 543 5485 tem
585 5433 848 5498 hominis,
886 5443 1008 5499 erat
1050 5450 1244 5490 eorum
1291 5435 1689 5506 malignitatem
1751 5449 2015 5504 superare

407 5575 412 5584 '
504 5589 525 5622 τ
565 5590 713 5646 Psal.
744 5605 914 5656 xvm,
954 5590 1038 5646 to.
1115 5591 1137 5624 ·
1179 5591 1369 5652 Matth.
1405 5609 1504 5660 xu,
1536 5588 1743 5658 41,42.
1821 5593 1840 5624 ν
1883 5590 2017 5646 ibid.
2060 5587 2149 5643 ιδ.

503 5748 581 5822 (1)
615 5744 752 5803 Vide
781 5765 945 5821 supra
973 5749 1109 5819 psal.
1144 5765 1221 5807 vt.

2113 3223 2502 3293 ὠλιγώθησαν
2532 3225 2591 3275 at
2632 3222 2902 3287 ἀλήθειαι
2945 3218 3061 3272 ἀπὸ
3096 3217 3213 3270 τῶν
3252 3216 3394 3270 υἱῶν
3434 3215 3551 3268 τῶν
3591 3218 3697 3268 ἀν-

2115 3315 2379 3384 θρώπων.
2439 3314 2672 3368 Μάταια
2719 3313 3039 3380 ἐλάλησαν
3085 3311 3342 3375 ἕκαστος
3399 3308 3546 3375 πρὸς
3594 3307 3701 3359 τίεν

2116 3407 2384 3476 πλησίον
2430 3405 2639 3471 αὑτοῦ,
2690 3406 2862 3475 χείλη
2913 3403 3086 3457 δόλια
3126 3405 3194 3454 ἐν
3233 3401 3445 3470 καρδίᾳ
3486 3399 3582 3452 καὶ
3630 3400 3700 3451 ἐν

2115 3499 2332 3569 καρδίᾳ
2358 3499 2689 3568 ἐλάλησαν.
2739 3497 3025 3551 Διαΰὰλλει
3057 3498 3238 3548 πᾶσαν
3280 3496 3380 3566 τὴν
3424 3493 3543 3546 καθ’
3573 3493 3701 3546 ἐαυ-

2115 3594 2208 3648 τὸν
2233 3593 2456 3662 γενεάν·
2493 3593 2634 3656 λέξει
2662 3591 2770 3663 γὰρ
2813 3592 2905 3645 καὶ
2951 3590 3183 3661 προϊών·
3223 3588 3326 3650 Σὺ,
3366 3588 3563 3653 Κύριε,
3591 3603 3704 3653 φυ-

2115 3683 2323 3749 λάξεις
2358 3682 2514 3752 ἡμᾶς
2554 3683 2651 3735 καὶ
2700 3680 3080 3748 διατηρήσεις
3109 3677 3268 3746 ἡμᾶς
3304 3678 3421 3732 ἀπὸ
3467 3676 3575 3743 τῆς
3607 3694 3698 3746 τε-

2116 3775 2258 3842 νεᾶς
2300 3777 2521 3842 ταύτης
2567 3775 2663 3827 καὶ
2711 3777 2798 3839 εὶς
2846 3775 2952 3826 τὸν
2993 3770 3194 3825 αἰῶνα.
3249 3769 3480 3839 Τοιαύτη
3521 3771 3628 3839 γὰρ
3665 3771 3698 3838 ἡ

2117 3867 2357 3940 προτέρα
2385 3867 2567 3936 γενεὰ,
2613 3866 2742 3937 περὶ
2768 3860 2835 3937 ἦς
2861 3865 2962 3935 ἔφη
2995 3865 3090 3917 καὶ
3126 3868 3153 3917 ὁ
3192 3865 3344 3933 Σωτή
3355 3880 3386 3934 ρ
3411 3879 3423 3892 ·
3463 3863 3704 3929 Ἄνδρες

2117 3960 2418 4014 Νινευῖται
2455 3959 2908 4023 ἀναστήσονται
2951 3957 3022 4009 ἐν
3061 3955 3134 4023 τῇ
3177 3957 3370 4024 κρίσει
3409 3953 3557 4023 μετὰ
3592 3952 3704 4021 τῆς

2117 4049 2326 4121 γενεᾶς
2375 4051 2614 4117 ταύτης,
2659 4048 2762 4102 καὶ
2811 4047 3278 4115 κατακρινοῦσιν
3327 4047 3554 4112 minii“
3605 4043 3706 4098 καὶ

2113 4143 2456 4207 βασίλισσα
2475 4142 2686 4206 Νότου,
2721 4140 2814 4193 καὶ
2846 4139 2914 4192 τὰ
2947 4139 3075 4209 ἑξῆς
3095 4156 3108 4169 ·
3153 4139 3246 4191 καὶ
3292 4140 3452 4192 πάλιν
3493 4137 3662 4199 οὕτως
3684 4153 3698 4166 °

2122 4237 2328 4288 Ἔσται
2367 4233 2440 4301 τῇ
2474 4233 2648 4302 γενεᾴ
2685 4232 2757 4301 τῇ
2790 4232 3023 4300 πονηρᾷ
3048 4234 3254 4300 ταύτῃ.
3286 4233 3398 4285 Οὐκ
3422 4231 3620 4291 ἀδίκως
3646 4230 3704 4282 δὲ

2118 4327 2321 4397 ταύτης
2355 4327 2668 4397 κατηγορῶ,
2701 4326 2864 4395 φησὶν
2906 4327 2933 4376 ὁ
2964 4327 3285 4396 Προφήτηςο
3323 4324 3436 4376 ἀλλ’
3481 4325 3562 4376 ὅτι
3600 4341 3706 4392 μη-

2119 4420 2230 4483 δεὶς
2254 4422 2396 4482 ὅσιος
2431 4422 2487 4472 ἐν
2519 4421 2676 4488 αὐτῇ,
2709 4419 2895 4489 μηδεὶς
2925 4417 3152 4488 ἀληθής.
3193 4417 3346 4469 Ἐπεὶ
3379 4412 3469 4468 οὖν
3501 4415 3707 4485 μηδένα

2121 4532 2211 4583 μοι
2231 4513 2500 4584 σωτηρίας
2522 4512 2692 4564 αἴτιον
2721 4511 2979 4582 εὑρίσκω,
3008 4510 3169 4572 αὐτός
3195 4527 3303 4580 μοι,
3331 4507 3522 4579 Κύριε,
3551 4506 3708 4559 τοῦτο

2116 4606 2295 4674 γενοῦ.
2359 4605 2632 4674 Διελέγχει
2681 4603 2738 4655 δὲ
2796 4601 2902 4654 τῶν
2959 4601 3231 4654 Ἰουδαίων
3282 4600 3378 4670 τὴν
3425 4600 3705 4659 ἀπιστίαν,

2118 4700 2245 4768 περὶ
2273 4691 2346 4751 ὧν
2383 4715 2516 4767 φησι
2558 4697 2650 4749 καὶ
2683 4696 2954 4765 Μωῦσῆς·
3015 4694 3156 4757 Υἱοὶ,
3181 4691 3270 4758 οἷς
3311 4695 3422 4746 οὐκ
3450 4693 3581 4744 ἔστι
3615 4692 3708 4742 πίε

2116 4804 2250 4852 στις
2289 4788 2358 4840 ἐν
2385 4786 2607 4851 αὐτοῖς.
2649 4786 2769 4838 Ὅτι
2801 4785 2856 4838 δὲ
2893 4785 3099 4855 μάταια
3132 4784 3355 4838 ἐλάλουν
3389 4781 3709 4835 ἐπιϐουλεύ-

2116 4897 2269 4943 οντες
2306 4879 2384 4950 τῷ
2433 4881 2647 4949 Σωτῆρι
2687 4881 2781 4932 καὶ
2828 4879 3016 4942 δολίως
3060 4877 3210 4948 αὐτῷ
3257 4877 3706 4948 προσερχόμενοι,

2128 4971 2312 5041 σαφῶς
2345 4974 2378 5042 ἡ
2422 4970 2528 5023 τῶν
2561 4971 2907 5040 Εὐαγγελίων
2933 4970 3171 5024 διδάσκει
3192 4969 3398 5041 γραφή.

2205 5064 2666 5130 Ἐξολοθρεύσαι
2699 5064 2917 5129 Κύριος
2962 5062 3156 5136 πάντα
3191 5062 3261 5114 τὰ
3294 5061 3467 5129 χείλη
3505 5059 3577 5111 τὰ
3613 5056 3711 5110 δό-

2119 5160 2240 5218 λια,
2293 5155 2583 5226 γλῶσσαν
2621 5154 3133 5224 μεγαιοῤῥήμονα.
3195 5152 3342 5218 Τοὺς
3385 5151 3666 5215 εἰπόντας
3691 5165 3705 5179 ο

2126 5247 2246 5316 Τὴν
2294 5248 2584 5312 τ..ῑῶο’σαν
2643 5249 2813 5317 ἡμῶν
2867 5245 3344 5318 μεγαλυνοῦμεν,
3403 5244 3478 5297 τὰ
3530 5242 3708 5310 χείλη

2119 5339 2290 5408 ἡμῶν
2341 5341 2474 5407 παρ’
2519 5339 2689 5409 ἡμῶν
2729 5342 2861 5394 ἐστι
2885 5358 2897 5369 '
2954 5339 3046 5404 τίς
3093 5337 3262 5406 ἡμῶν
3288 5337 3501 5404 Κύριός
3537 5336 3713 5396 ἐστι;

2121 5433 2254 5486 Θεοῦ
2283 5431 2391 5503 γὰρ
2422 5428 2512 5503 ἦν,
2542 5434 2643 5485 οὐκ
2674 5431 2986 5504 ἀνθρώπου,
3025 5431 3127 5502 τῆς
3155 5430 3382 5484 ἐκείνων
3425 5425 3713 5500 περι-γενά-

2232 5588 2274 5620 ¹⁰
2319 5587 2472 5643 Deut.
2507 5602 2680 5650 xrxn,
2717 5588 2806 5644 20.
