4020 6372
287 377 390 434 Ml

1435 397 1936 455 COMMENTARIA
1983 401 2049 457 IN
2087 403 2426 464 PSALMOS.

3456 409 3560 461 142

285 501 417 552 σθαι
451 503 668 569 κακίας,
701 508 792 559 καὶ
829 508 1016 563 σϐέσαι
1070 509 1261 582 λόγους
1302 516 1758 590 βλασφημοῦντας
1793 523 1849 574 τὸ

1957 575 1962 583 .
1988 533 2042 578 et
2071 525 2386 596 blasphema
2421 527 2474 580 in
2507 525 2692 583 Jesum
2717 525 2880 582 verba
2912 525 3295 596 comprimere.
3327 524 3558 580 Perinde

296 585 532 662 Ἰησοῦν.
575 597 808 667 Ὁμοίως
835 601 890 654 δὲ
920 603 999 673 τῷ
1037 606 1236 675 Φαραὼ
1282 585 1544 678 φήσειν-τιὴ·
1583 614 1703 666 Οὐκ
1744 610 1879 668 οῖδα

276 681 398 773 σὺν
458 687 694 755 Κύριον,
740 693 835 744 καὶ
887 695 1038 747 αὐτοί
1091 679 1257 767 φασι·
1316 703 1413 767 Τίς
1454 703 1623 772 ἡμῶν
1661 707 1878 773 Κύριός

275 772 458 838 ἐστι;
500 779 819 848 νομίσαντες
858 781 994 838 εἶναι
1028 787 1206 859 κύριοι
1251 791 1339 843 διὰ
1383 792 1491 845 τῶν
1524 794 1671 848 ἰδίων
1705 797 1876 866 λόγων

272 863 386 934 τὴν
430 867 527 920 τοῦ
567 871 822 943 Σωτῆρος
869 877 1056 930 σϐέσαι
1102 880 1468 949 διδασκαλίαν,
1496 885 1571 950 ὼς
1614 887 1680 941 ἆν
1725 863 1878 954 ὄντες

273 957 644 1024 αὐτεξούσια.
675 964 860 1018 Ταῦτα
892 967 950 1021 δὲ
993 965 1058 1040 ἦν
1084 971 1152 1024 τὰ
1181 974 1488 1045 Φαρισαίων
1517 979 1610 1030 καὶ
1652 979 1877 1034 Σαδδου-

270 1048 454 1102 καίων
489 1053 662 1125 χείλη,
714 1057 832 1126 μεθ’
868 1060 1210 1132 ὑποκρίσεως
1257 1067 1591 1136 προσιόντων
1632 1069 1709 1139 τῷ
1756 1073 1873 1125 Σω-

267 1138 425 1210 τῆρι,
455 1144 547 1195 καὶ
581 1139 752 1200 Ραϐσι
777 1149 1080 1205 καλούντων
1113 1146 1293 1218 αὐτὸν,
1322 1156 1496 1228 λάθρα
1537 1158 1592 1210 δὲ
1628 1138 1748 1214 κατ’
1781 1158 1884 1215 otii?

266 1229 370 1282 τοῦ
397 1235 756 1302 τυρευόντων.
788 1241 1285 1314 Μεγαλοῤῥήμονες
1309 1245 1365 1300 δὲ
1389 1243 1529 1318 ἦσαν
1557 1247 1607 1302 οἱ
1643 1251 1874 1320 πρεσϐύ-

265 1336 424 1393 τεροι
464 1328 560 1379 καὶ
585 1328 633 1379 οἱ
677 1331 956 1403 ἀρχιερεῖς
983 1335 1076 1387 τοῦ
1117 1336 1270 1399 λαοῦ,
1308 1340 1619 1410 τολμῶντες
1648 1345 1873 1416 ἀνακρί-

265 1430 386 1466 νειν
413 1417 506 1469 τὸν
539 1421 772 1492 Σωτῆρα
810 1425 902 1477 καὶ
941 1424 1120 1495 λέγειν
1158 1428 1342 1501 αὐτῷ·
1395 1434 1496 1486 Ἐν
1525 1437 1667 1502 ποίᾳ
1699 1437 1872 1500 ἐξου-

261 1508 381 1572 σίᾳ
422 1509 612 1564 ταῦτα
663 1515 872 1581 ποιεῖς,
924 1519 1021 1570 καὶ
1064 1521 1158 1585 τίς
1197 1537 1295 1574 σοι
1333 1523 1519 1577 ἔδωκε
1549 1525 1664 1592 τὴν
1698 1528 1870 1591 ἐξου-

260 1601 418 1650 σίαν
446 1601 676 1668 ταύτην
693 1619 714 1666 ;

339 1685 562 1747 “Et-sits
590 1695 702 1764 τῆς
740 1702 1143 1769 ταλαιπωρίας
1197 1703 1316 1757 τῶν
1348 1706 1600 1775 πτωχῶν
1629 1710 1729 1763 καὶ
1761 1711 1868 1765 τοῦ

257 1788 611 1854 στεναγμοῦ
641 1788 761 1842 τῶν
786 1791 1060 1859 πενήτων
1082 1795 1199 1850 νῦν
1229 1798 1675 1869 ἀναστήσομαι,
1697 1802 1864 1872 λέγει

1980 622 2145 685 atque
2183 615 2398 674 Pharao
2427 620 2563 674 dixit
2593 639 2609 674 :
2639 617 2764 673 Non
2797 619 2916 674 novi
2937 617 3227 673 Dominum
3257 618 3334 684 “;
3363 619 3475 686 jam
3516 617 3557 672 ii

1979 705 2189 774 dicunt,
2243 711 2373 775 Quis
2430 719 2607 764 noster
2649 709 2908 766 Dominus
2951 714 3070 766 est?
3117 711 3223 764 rati
3263 710 3557 765 verborum

1981 813 2202 852 suorum
2238 800 2496 863 eﬂicaeia,
2537 816 2704 870 penes
2743 817 2804 857 se
2839 807 3168 871 potestatem
3199 815 3323 854 esse
3345 795 3557 852 exstin-

1979 889 2208 957 guendze
2239 889 2542 946 Salvatoris
2572 892 2858 959 doctrinae,
2892 892 3049 962 quasi
3080 890 3291 946 scilicet
3321 889 3427 959 ipsi
3470 890 3555 943 sui

1971 981 2118 1050 juris
2161 989 2216 1036 et
2249 983 2461 1037 arbitrii
2495 992 2700 1039 essent.
2746 983 2872 1038 Haec
2905 984 3023 1054 ipsa
3059 991 3215 1038 erant
3247 981 3554 1035 Pharisazoo

1976 1091 2098 1129 rum
2141 1085 2193 1130 et
2243 1075 2665 1131 Sadducmorum
2709 1077 2888 1143 labia;
2937 1077 3030 1146 qui
3075 1091 3199 1131 cum
3244 1073 3556 1130 dissimula-

1975 1167 2125 1224 tione
2157 1168 2496 1225 Salvatorem
2531 1171 2777 1234 adibant,
2812 1167 2989 1225 Rabbi
3035 1169 3450 1240 compeliantes,
3496 1173 3554 1220 et

1974 1259 2114 1313 clam
2162 1261 2379 1315 interim
2412 1263 2878 1333 conspirationem
2930 1263 2985 1316 in
3036 1263 3187 1317 illum
3217 1261 3548 1316 conﬂabant.

1976 1351 2306 1424 Magniloqui
2352 1365 2531 1411 autem
2564 1365 2721 1410 erant
2753 1356 2998 1410 seniores
3041 1365 3096 1409 et
3127 1355 3404 1425 principes
3452 1368 3548 1408 sa-

1973 1445 2257 1500 cerdotum
2280 1447 2489 1517 populi,
2527 1447 2646 1502 ausi
2679 1448 2989 1517 percontari
3024 1445 3384 1509 Salvatorem,
3418 1444 3554 1514 ipsi-

1971 1552 2078 1606 que
2115 1537 2296 1594 dicere
2327 1559 2339 1593 :
2375 1537 2443 1592 In
2469 1557 2574 1609 qua
2606 1547 2864 1606 potestate
2905 1539 3016 1593 haec
3044 1537 3202 1607 facis,
3236 1546 3287 1592 et
3320 1539 3436 1607 quis
3459 1537 3552 1590 de-

1971 1628 2051 1681 dit
2081 1629 2179 1682 tibi
2202 1629 2338 1684 hanc
2365 1640 2678 1701 potestatem
2698 1630 2777 1685 "?

2041 1719 2208 1778 Vsus.
2258 1723 2312 1778 6.
2367 1723 2594 1793 Propter
2632 1724 2902 1778 miseriam
2943 1725 3158 1790 inopum
3195 1731 3246 1776 et
3299 1722 3551 1792 gemitum

1969 1832 2261 1884 pauperum
2294 1833 2432 1870 nunc
2463 1833 2766 1886 exsurgam,
2821 1817 2952 1870 dicit
3004 1816 3287 1871 Dominus.
3342 1815 3550 1870 Ponant

256 1879 504 1976 Κύριος.
538 1880 808 1950 Θήσομαι
839 1885 911 1937 ἐν
950 1890 1239 1956 σωτηρίῳ,
1272 1892 1759 1962 παρρησιάσομαι
1792 1898 1849 1950 ἐν

1963 1909 2021 1960 in
2051 1908 2303 1972 salutari,
2336 1905 2662 1976 ﬁducialiter
2693 1925 2847 1977 agam
2880 1908 2934 1960 in
2960 1923 3039 1961 eo.
3075 1905 3191 1960 Hoc
3224 1907 3353 1960 item
3388 1907 3550 1960 modo

253 1967 444 2032 αὐτῷ.
483 1971 554 2022 Ἤ
584 1972 678 2024 καὶ
704 1972 880 2037 οὕτως
899 1993 911 2005 ·
950 1978 1012 2028 Οἱ
1045 1978 1250 2048 πτωχοὶ
1277 1980 1344 2032 δι’
1373 1982 1471 2052 ἐμὲ
1508 1984 1601 2036 καὶ
1628 1985 1862 2057 πένητες

255 2061 551 2128 γεγονότες
584 2064 663 2134 τῷ
711 2067 981 2136 πνεύματι
1014 2071 1290 2125 στένουσιν
1321 2074 1406 2126 ἀεὶ
1445 2078 1862 2148 ταπεινούμενοι

254 2153 627 2222 προσέχοντες
654 2176 759 2228 μου
789 2160 869 2230 τῷ
899 2161 1062 2232 λόγῳ,
1099 2165 1192 2216 καὶ
1222 2165 1404 2218 πίστιν
1437 2167 1628 2239 ἀκλινῆ
1662 2169 1859 2222 διασώ-

252 2241 446 2310 ζοντες
467 2265 481 2278 ’
514 2240 589 2299 ὧν
624 2240 809 2304 ’ένεκεν
834 2254 1232 2326 ἁναστὴσομαι,
1266 2259 1360 2312 καὶ
1392 2259 1533 2313 κατὰ
1560 2262 1620 2314 τὸ
1649 2263 1858 2334 πρέπον

248 2337 320 2404 τῇ
383 2337 494 2408 ἐμῇ
551 2339 848 2396 ἀναστάσει
900 2347 1166 2417 σωτήριον
1220 2350 1488 2422 στήσομαι
1546 2355 1712 2407 πᾶσιν
1764 2356 1862 2408 ἀν-

248 2423 536 2498 θρώποιςο
570 2434 654 2502 ἐφ’
693 2427 849 2506 ᾧπερ
876 2437 952 2500 ὡς
986 2439 1208 2510 μεγάλῳ
1244 2445 1694 2515 παρρησιάσομαι
1719 2464 1854 2500 κατ-

245 2516 560 2589 ορθώματι.

327 2611 410 2666 Τὰ
437 2615 616 2682 λόγια
664 2617 881 2684 Κυρίου
909 2621 1085 2690 λόγια
1113 2622 1288 2692 ἁγνὰ,
1334 2625 1617 2694 ἀργύριον
1659 2644 1852 2683 πεπυ-

241 2702 544 2771 ρωμένον,
577 2705 854 2776 δοκίμιον
887 2709 959 2777 τῇ
1007 2710 1104 2780 γῇ,
1143 2718 1659 2786 κεκαθαρισμένον
1682 2721 1854 2774 ἐπτα-

246 2797 550 2862 ελασίως.
595 2798 653 2851 Ὀ
680 2799 740 2852 δὲ
769 2801 1009 2873 ἄργυρος
1054 2804 1314 2871 πολλάκις
1349 2810 1690 2881 πυρούμενος
1722 2814 1853 2883 ἀμι-

247 2885 352 2956 γὴς
379 2888 581 2959 ἐτέρας
612 2888 746 2961 ὕλης
797 2893 982 2946 ἐστίν·
1030 2894 1172 2948 οὓτω
1215 2897 1432 2970 καθαρὰ
1478 2901 1708 2970 ψεύδους
1754 2903 1849 2957 τοῦ

254 2979 469 3049 Κυρίου
496 2981 569 3034 τὰ
615 2981 792 3051 λόγια.

317 3068 431 3128 Σὺ,
488 3072 693 3138 Κύριε,
751 3075 1047 3144 φυλάξεις
1102 3079 1261 3149 ἡμᾶς
1307 3083 1408 3137 καὶ
1461 3083 1848 3154 διατηρήσας

245 3159 406 3228 ἡμᾶς
447 3162 574 3216 ἀπὸ
608 3162 720 3231 τῆς
748 3166 958 3234 γενεᾶς
998 3172 1221 3238 ταύτης
1249 3173 1348 3225 καὶ
1383 3177 1471 3240 εἰς
1500 3175 1608 3228 τὸν
1638 3178 1843 3231 αἰῶνα.

258 3249 514 3304 Ἐπειδὰν
546 3252 790 3327 φυλάξῃς
838 3259 964 3321 τοὺς
1013 3263 1140 3324 σούς
1182 3267 1451 3334 πτωχοὺς,
1498 3268 1592 3320 καὶ⁸
1622 3268 1843 3323 ἐπειδὰν

247 3341 394 3430 igua;
424 3345 806 3416 περιτειχίσῃς
841 3348 956 3417 ἅμα
984 3353 1051 3421 τῇ
1093 3352 1362 3426 ἐρχομένῃ
1397 3360 1578 3429 γενεᾷ,
1627 3363 1692 3430 τῇ
1743 3379 1843 3415 κα-

243 3427 483 3502 )ουμένῃ
516 3434 736 3504 αἰωνία,
761 3437 811 3488 οἱ
856 3439 1163 3509 παράνομοι
1207 3444 1348 3509 τότε,
1379 3447 1535 3509 ἐκτὸς
1561 3451 1840 3520 γενόμενοι

243 3521 338 3590 τῆς
389 3526 475 3586 εἰς
530 3526 745 3589 πάντας
774 3528 1094 3600 ἀνθρώπους
1138 3533 1516 3607 χυθησομένης
1548 3556 1640 3592 σου
1685 3541 1840 3614 χάρι-

243 3629 347 3678 τος,
379 3615 577 3687 κύκλῳ
621 3623 1078 3693 περιπατήσουσι,
1113 3625 1310 3697 θεωροὶ
1349 3633 1703 3701 γενησόμενοι
1729 3634 1840 3688 τῶν

245 3705 611 3776 σωζομένων·-
643 3710 740 3763 ita).
767 3711 928 3767 τοῦτο
955 3713 1108 3768 ἔσται
1134 3718 1260 3770 ὅταν
1292 3718 1580 3788 ὐψωθῶσιν
1605 3724 1654 3774 οἱ
1695 3725 1840 3777 εὐτε-

241 3794 346 3860 λεῖς
375 3798 489 3852 τῶν
521 3800 623 3852 ἀνθ
630 3800 850 3872 ρώπων.

306 3892 533 3955 Κύκλῳ
578 3896 634 3946 οὶ
671 3895 912 3963 ἀσεϐεῖς
941 3901 1356 3968 περιπατοῦσι,
1389 3906 1540 3958 κατὰ
1579 3908 1644 3960 τὸ
1678 3908 1836 3976 ὕψος

240 3999 350 4038 σου
397 3985 852 4055 ἐπολυώρησας
905 3991 1046 4058 τοὺς
1085 3994 1260 4061 υἱοὺς
1314 3995 1434 4049 τῶν
1484 3999 1831 4066 ἀνθρώπων.

252 4077 471 4149 Ἐπειδὴ
529 4082 561 4132 ὁ
607 4080 807 4144 κύκλος
858 4087 924 4155 τῇ
973 4085 1157 4158 εὐθείᾳ
1214 4089 1454 4154 ἐναντίος
1509 4094 1625 4145 ἐστὶ
1689 4095 1832 4149 κατὰ

239 4170 332 4238 τὴν
373 4171 707 4244 σκολιότητα
759 4177 852 4228 καὶ
881 4177 1171 4248 εὐθύτητα,
1215 4185 1262 4234 οἱ
1309 4182 1367 4235 δὲ
1400 4185 1616 4250 ἀσεϐεῖς
1649 4188 1834 4259 κύκλῳ

242 4265 664 4335 περιπατοῦσιν,
701 4271 752 4321 οἱ
795 4271 1040 4336 εὐσεϐεῖς
1087 4275 1197 4344 ἄρα
1239 4275 1454 4331 εὐθεῖαν
1501 4283 1833 4351 περιπατοῦ-

244 4371 323 4407 σιν
329 4397 344 4410 .

365 4448 482 4500 Et:
521 4447 614 4503 T0
655 4451 878 4506 ΤΕΑυΣ
911 4454 1202 4510 “mox
1240 4457 1328 4510 Ta
1344 4461 1547 4514 ΔΑΥιΔ
1590 4436 1705 4516 iB'.

308 4534 411 4588 Διά
447 4534 511 4587 τὺ
554 4536 706 4601 τέλος
738 4540 800 4592 τὸ
828 4543 977 4612 παρὰ

242 4625 362 4691 λους
393 4630 670 4701 ἀνδρικῶς
697 4636 997 4704 ἠγωνίζετο
1022 4657 1034 4669 ·
1067 4640 1129 4694 τὸ
1163 4642 1220 4695 δὲ
1252 4644 1404 4708 τέλος
1435 4648 1463 4700 ὁ
1506 4649 1615 4702 τῶν
1655 4654 1832 4708 πόνων

243 4720 354 4771 ἐπὶ
399 4724 636 4793 καρπὸς,
671 4726 815 4799 ζωὴν
857 4731 1075 4787 αἰώνιον
1120 4737 1212 4788 καὶ
1265 4736 1544 4806 βασιλείαν
1585 4745 1829 4817 οὐρανῶν

247 4812 537 4881 προξενῶν.
580 4817 675 4880 Εἰς
709 4820 807 4888 μὲν
831 4817 925 4874 οὖν
956 4823 1018 4876 τὸ
1056 4826 1208 4890 τέλος
1246 4830 1528 4902 ἀνέπεμψε
1560 4812 1666 4906 τὴν.
1686 4837 1831 4910 ᾠδὴν

241 4907 315 4976 τῷ
345 4908 497 4979 Θεῷ·
541 4913 686 4965 κατὰ
725 4914 782 4966 δὲ
812 4915 910 4986 τὴν
939 4918 1133 4990 ἀρχὴν,
1169 4923 1246 4986 ὼς
1287 4925 1687 4999 ἀγωνιζόμενος
1723 4932 1825 4999 ἔτι,

241 4997 334 5060 τὰς
379 4998 606 5069 πρώτας
654 5005 919 5076 προφέρει
964 5009 1185 5075 φωνάς’

307 5175 462 5268 έΕως
490 5181 656 5243 πότε,
689 5184 886 5251 Κύριε,
929 5187 1195 5260 ἐπιλήσῃ
1212 5210 1332 5262 μου
1359 5197 1444 5260 είς
1467 5195 1644 5266 τέλος
1655 5216 1674 5263 ;
1715 5201 1827 5268 ἕως

242 5267 378 5364 κότε
391 5270 800 5364 ἀποστρέψεις
819 5277 883 5329 τὸ
908 5281 1234 5346 πρόσωπόν
1252 5300 1371 5340 σου
1391 5289 1492 5341 ἀπ’
1507 5291 1655 5359 ἐμοῦ
1673 5311 1692 5357 ;
1713 5295 1824 5364 Λή-

245 5360 334 5428 θην
374 5363 431 5414 δὲ
475 5363 612 5428 Θεὸς
649 5370 883 5423 ποιεῖται
927 5373 1034 5425 τῶν
1107 5377 1609 5451 ὲπιλανθανομένων
1650 5387 1815 5441 αὐτοῦ

247 5449 331 5505 διὰ
357 5453 459 5523 τῆς
477 5456 751 5528 ἁμαρτίας
769 5477 782 5489 ·
805 5461 1137 5534 ἀποστρέφει
1171 5469 1264 5521 καὶ
1285 5470 1346 5522 τὸ
1398 5449 1686 5542 πρόσωπον
1709 5479 1817 5532 ἀπὸ

243 5543 344 5596 τῶν
394 5549 620 5620 αἰσχρόν
661 5567 714 5602 τι
763 5555 1130 5623 πραττόντων,
1158 5560 1408 5626 ἀναξίους
1445 5561 1581 5620 εἶναι
1624 5571 1816 5640 κρίνας

244 5634 334 5707 τῆς
354 5640 645 5707 ἐποπτείας
667 5645 830 5697 αὐτοῦ
852 5664 864 5676 ·
895 5647 1082 5721 διόπερ
1112 5652 1216 5705 ὑπὸ
1232 5654 1325 5707 τοῦ
1361 5659 1659 5725 συνειδότος
1694 5680 1815 5716 νυτ-

243 5725 454 5796 τόμενος
493 5735 587 5786 καὶ
625 5733 723 5806 τὴν
749 5735 840 5789 τοῦ
875 5736 1009 5790 Θεοῦ
1039 5738 1222 5803 δεδιὼς
1265 5743 1444 5814 κρίσιν
1472 5746 1686 5819 έπάγει’

313 5837 351 5869 ¹¹
389 5838 559 5896 Exod.
589 5862 647 5910 γ,
680 5845 734 5902 2.
818 5849 861 5879 η
903 5849 1098 5905 Matth.
1131 5868 1259 5916 nt.
1290 5854 1380 5911 25.

1966 1998 2318 2067 interpretari
2346 1999 2505 2053 licet:
2533 1999 2637 2066 Qui
2665 1999 2772 2056 mei
2801 2014 2968 2055 causa
3001 1997 3238 2053 mendici
3269 2006 3324 2053 et
3352 2013 3550 2068 paupe-

1964 2105 2052 2144 res
2089 2089 2287 2158 spiritu
2318 2088 2448 2144 l'acti
2483 2099 2633 2158 sunt,
2675 2091 2870 2144 humili
2901 2106 3117 2161 semper
3151 2089 3347 2145 aﬂ‘ectu
3379 2091 3548 2145 verbo

1961 2194 2084 2233 meo
2139 2179 2408 2235 haerentes
2470 2180 2856 2251 ingemiscunt,
2905 2181 3174 2252 ﬁdemque
3229 2181 3544 2236 inviolatam

1961 2277 2326 2325 conservant:
2359 2272 2554 2326 horum
2584 2287 2687 2343 ego
2734 2287 2903 2327 causa
2922 2287 3244 2344 exsurgam;
3273 2280 3439 2342 atque
3486 2281 3547 2327 ut

1961 2362 2356 2416 resurrectioni
2407 2378 2541 2418 mea:
2578 2371 3012 2420 consentaneum
3055 2371 3160 2428 est,
3196 2365 3427 2420 salutem
3455 2379 3545 2433 pa-

1959 2453 2097 2507 riam
2125 2455 2383 2509 omnibus
2432 2455 2753 2512 hominibus
2783 2475 2795 2509 :
2829 2470 2938 2527 qua
2977 2456 3034 2510 in
3063 2471 3144 2521 re,
3175 2461 3235 2510 ut
3279 2458 3543 2526 praeclare

1957 2553 2131 2614 gesta,
2161 2545 2488 2601 ﬁducialiter
2514 2562 2695 2618 agam.
3059 2599 3062 2602 .

2031 2637 2193 2694 Vsus.
2226 2640 2278 2694 7.
2311 2638 2544 2710 Eloquia
2584 2640 2801 2694 Domini
2825 2640 3033 2711 eloquia
3061 2651 3232 2705 casta,
3265 2651 3539 2714 argentum

1955 2732 2071 2801 igne
2095 2733 2482 2799 examinatum,
2518 2733 2801 2803 probatum
2832 2743 3007 2801 terrar,
3049 2747 3334 2806 purgatum
3371 2746 3544 2805 septu-

1950 2825 2116 2894 ptum.
2177 2827 2476 2896 Argentum
2533 2841 2665 2882 vero
2707 2828 2818 2898 igni
2887 2844 3031 2899 stepe
3089 2829 3376 2892 traditum,
3412 2845 3540 2886 cum

1949 2919 2104 2972 nulla
2139 2919 2246 2973 alia
2274 2919 2506 2974 materia
2528 2921 2951 2989 commiscetur;
2976 2921 3277 2992 eodemque
3311 2937 3539 2992 prorsus

1950 3007 2114 3063 modo
2143 3009 2362 3079 eloquia
2386 3008 2604 3064 Domini
2634 3011 2784 3063 omni
2819 3011 3106 3067 mendacio
3132 3025 3305 3067 vacua
3349 3020 3498 3067 sunt.

2022 3101 2190 3157 Vens.
2225 3104 2279 3158 8.
2314 3103 2412 3167 Tu,
2440 3103 2682 3169 Domine,
2704 3105 2936 3158 servabis
2965 3122 3058 3159 nos
3086 3114 3134 3160 et
3157 3106 3416 3160 custodias
3441 3123 3536 3161 nos

1876 3220 1918 3277 ο
1952 3212 1985 3248 a
2012 3195 2346 3264 generatione
2379 3195 2478 3248 hac
2513 3197 2566 3249 in
2597 3204 2870 3250 aeternum.
2915 3196 3054 3252 Cum
3087 3199 3372 3254 mendicos
3408 3207 3536 3254 tuos

1952 3286 2302 3351 custodieris,
2338 3301 2574 3356 cumque
2595 3302 2695 3342 nos
2723 3289 3196 3344 circummunieris
3226 3291 3280 3344 in
3305 3305 3536 3361 genera-

1951 3379 2099 3432 tione
2140 3377 2344 3444 futura,
2379 3395 2499 3449 quae
2537 3386 2737 3435 aeterna
2765 3386 3186 3449 vocatur;tunc
3214 3381 3388 3452 iniqui
3427 3383 3530 3446 illi,

1948 3469 2160 3526 exclusi
2197 3477 2290 3524 tua
2321 3472 2497 3542 gratia
2542 3487 2640 3542 per
2681 3487 2873 3528 omnes
2929 3473 3176 3528 homines
3229 3473 3445 3542 diﬂ'usa,
3473 3476 3531 3530 in

1948 3561 2183 3615 circuitu
2224 3551 2603 3628 ambulabunt,
2630 3571 2690 3618 ut
2710 3581 2805 3620 eos
2828 3566 2920 3637 qui
2943 3565 3174 3622 salutem
3203 3565 3530 3622 obtinebunt

1947 3652 2400 3724 circumspiciant
2433 3675 2448 3711 :
2485 3657 2652 3726 idque
2706 3665 2841 3712 tunc
2900 3656 3150 3721 eveniet,
3178 3673 3304 3712 cum
3331 3659 3415 3713 vel
3448 3665 3530 3714 te-

1946 3742 2170 3798 nuiores
2199 3759 2267 3798 ex
2293 3743 2610 3802 hominibus
2639 3747 2862 3802 exaltati
2893 3747 3115 3803 fuerint.

2018 3920 2183 3976 Vsus.
2215 3922 2269 3976 9.
2294 3922 2361 3976 In
2399 3924 2625 3977 circuitu
2666 3925 2817 3993 impii
2865 3925 3193 3979 ambulant:
3239 3923 3526 3980 secundum

1944 4013 2280 4068 altitudinem
2309 4024 2459 4069 tuam
2489 4016 2864 4086 multiplicasti
2895 4019 3036 4086 ﬁlios
3065 4019 3355 4072 hominum.
3382 4016 3523 4084 Quia

1940 4106 2183 4161 circulus
2237 4114 2401 4161 rectre
2451 4107 2611 4162 lineae
2663 4109 2967 4163 secundum
3028 4110 3408 4180 obliquitatem
3467 4117 3524 4165 et

1940 4197 2326 4251 rectitudinem
2359 4201 2644 4268 Oppositus
2672 4208 2787 4268 est;
2843 4199 3159 4272 cum'impii
3204 4203 3261 4257 in
3285 4204 3524 4259 circuitu

1939 4289 2237 4354 ambulent,
2271 4290 2348 4360 pii
2377 4305 2512 4346 sane
2546 4291 2647 4345 viri
2684 4293 2741 4347 in
2773 4301 2926 4349 recto
2956 4295 3303 4365 gradiuntur.

2142 4470 2194 4523 1.
2227 4467 2297 4523 IN
2336 4468 2550 4524 FINEM
2589 4470 2919 4528 PSALMUS
2959 4473 3174 4530 DAVID
3215 4473 3328 4531 XII.

1010 4544 1086 4615 τῷ
1119 4545 1237 4618 Θεῷ
1264 4548 1443 4602 πάντα
1487 4553 1595 4624 πρὸ
1621 4555 1714 4608 τοῦ
1747 4557 1828 4610 τέ-

2004 4557 2237 4630 Pr0pter
2283 4561 2468 4627 ﬁnem,
2496 4578 2657 4633 quem
2695 4565 2840 4633 apud
2894 4565 3066 4620 Deum
3117 4576 3517 4623 consecuturus

1933 4655 2072 4712 erat,
2104 4659 2231 4705 ante
2265 4650 2428 4706 tinem
2460 4653 2695 4708 viriliter
2721 4654 2945 4709 omnino
2971 4658 3345 4711 concertabat.
3379 4655 3518 4712 Nam

1933 4739 2181 4796 laborum
2215 4742 2450 4808 fructus,
2482 4752 2568 4800 est
2595 4745 2740 4812 ﬁnis,
2764 4747 2858 4817 qui
2892 4755 2946 4802 et
2975 4749 3140 4803 vitam
3173 4756 3435 4804 aeternam
3458 4758 3514 4804 et

1930 4847 2159 4902 regnum
2208 4835 2472 4890 ccelorum
2524 4847 2805 4907 procurat.
2851 4841 2907 4894 In
2940 4840 3100 4896 tinem
3136 4843 3302 4912 igitur
3331 4844 3514 4897 canti-

1930 4938 2055 4977 cum
2082 4924 2196 4979 Deo
2222 4928 2422 4981 emittit
2456 4946 2470 4982 :
2507 4937 2670 5000 atque
2698 4947 2728 4984 a
2761 4932 3056 5002 principio,
3103 4940 3292 5003 utpote
3329 4934 3510 4988 adhuc

1929 5014 1985 5067 iu
2017 5016 2319 5072 certamine
2344 5019 2702 5085 constitutus,
2740 5021 2904 5076 hasce
2941 5023 3148 5091 primas
3181 5020 3391 5090 profert
3420 5037 3514 5075 vo-

1928 5119 2020 5161 CBS
2046 5126 2059 5161 ε

1925 5236 1928 5238 -
1998 5197 2165 5253 Vens.
2219 5201 2274 5254 2.
2317 5199 2614 5273 Usquequo,
2650 5203 2891 5267 Domine,
2945 5205 3267 5259 Oblivisceris
3319 5221 3402 5259 me
3451 5206 3507 5258 in

1928 5293 2127 5362 ﬁnem?
2162 5293 2436 5364 Usquequo
2469 5299 2661 5351 avertis
2694 5299 2885 5366 [aciem
2909 5307 3056 5351 tuam
3091 5315 3124 5350 a
3153 5300 3272 5352 me?
3298 5297 3506 5353 Oblivi-

1926 5388 2097 5442 scitur
2125 5395 2307 5442 autem
2352 5389 2496 5446 Deus
2528 5406 2716 5445 eorum
2745 5392 2837 5459 qui
2885 5405 2984 5461 per
3014 5399 3295 5459 peccatum
3330 5390 3505 5459 ipsius

1927 5479 2274 5536 immemores
2323 5491 2496 5538 sunt:
2541 5484 2849 5552 avertitque
2900 5482 3097 5537 faciem
3147 5497 3300 5538 suam
3337 5483 3407 5536 ab
3436 5484 3506 5538 iis

1924 5571 2017 5639 qui
2046 5575 2224 5642 turpia
2263 5575 2468 5643 qumvis
2502 5582 2834 5643 perpetrant,
2859 5589 2998 5642 quos
3025 5574 3364 5644 providentia
3399 5588 3504 5629 sua

1924 5664 2178 5734 indignos
2199 5673 2434 5736 reputat.
2470 5666 2837 5731 Quamobrem
2863 5668 3180 5722 stimulante
3212 5670 3502 5726 conscien-

1924 5756 2020 5822 tia,
2041 5756 2307 5826 judicium
2341 5755 2435 5811 Dei
2463 5757 2880 5827 pertimescens,
2914 5759 3198 5830 subiungit
3234 5777 3246 5814 :
