4020 6372
437 448 543 508 145

1106 444 1379 503 EUSEBII
1414 439 1897 500 CESARIENSIS
1934 435 2087 494 OPP.
2130 433 2316 492 PARS
2374 432 2462 489 lII.
2503 463 2574 475 —-
2610 414 3023 487 EXEGETICA.

3612 421 3715 476 144

510 567 676 621 Vens.
732 566 850 622 5-5.
912 564 1165 633 Quandiu
1199 581 1391 635 ponam
1454 562 1683 619 consilia
1738 561 1796 615 in
1838 559 2021 613 anima

2198 556 2353 623 Ἕως
2401 553 2568 621 τίνος
2621 551 2883 621 θήσομαι
2936 548 3178 615 ,ϐουλὰς
3234 544 3305 598 ὲν
3348 539 3526 613 ψυχῇ
3564 558 3711 635 μου,

348 733 352 736 ἠ
437 678 578 723 mea,
614 657 822 714 dolores
870 659 922 712 in
952 656 1110 712 corde
1145 674 1259 713 meo
1287 657 1374 712 die
1413 674 1477 711 ac
1514 657 1711 711 nocte?
1745 643 2021 724 Usquequo

438 751 766 809 excitabitur
789 752 1034 806 inimicus
1061 768 1206 806 meus
1227 768 1481 821 superine
1497 752 1523 806 ?
1545 748 1763 817 Respice
1779 756 1829 801 et
1853 762 1989 800 exau
2006 774 2022 786 -

437 845 497 897 di
528 860 626 910 me,
660 843 887 898 Domine
911 842 1053 899 Deus
1079 860 1245 898 meus.
1278 842 1537 896 Illumina
1566 841 1746 896 oculos
1772 856 1935 907 meos,
1960 853 2024 892 ne

439 952 674 1006 unquam
706 934 1038 991 obdormiam
1067 936 1123 989 in
1163 943 1373 989 morte:
1410 949 1473 987 ne
1502 930 1714 1004 quando
1749 930 1893 984 dicat
1922 929 2026 982 ini-

434 1031 608 1085 micus
642 1046 787 1083 meus
816 1045 834 1083 :
865 1027 1135 1083 Prcevalui
1171 1027 1422 1081 adversus
1449 1042 1588 1081 eum.
1615 1023 1899 1078 Exaltatur
1920 1020 2025 1093 ini-

437 1120 617 1174 micus
643 1118 696 1171 in
729 1125 1049 1188 peccantem
1078 1126 1304 1189 peccato
1333 1115 1657 1187 depressum
1678 1129 1870 1182 ;secus
1891 1126 2024 1167 vero

441 1211 625 1282 agitur
655 1224 780 1264 cum
812 1209 861 1265 is
891 1208 1063 1280 probe
1102 1223 1161 1264 se
1193 1208 1325 1279 agit.
1380 1208 1519 1262 Cum
1573 1213 1755 1262 autem
1793 1205 1933 1259 nolit
1965 1218 2023 1259 se

439 1312 637 1375 praeter
692 1303 946 1357 meritum
1000 1300 1272 1369 exaudiri,
1302 1301 1581 1371 praemittit
1614 1298 1770 1360 illud,
1803 1297 2022 1367 respice,

440 1411 644 1468 rogans
671 1395 882 1451 scilicet
917 1400 976 1447 ut
1027 1402 1175 1448 recte
1205 1393 1350 1447 facta
1402 1407 1501 1447 sua
1553 1388 1875 1461 perpendat.
1917 1386 2025 1441 Aut

441 1486 584 1543 forte
611 1488 734 1542 ideo
766 1486 847 1541 sic
876 1485 1143 1556 loquitur,
1166 1483 1313 1554 quod
1360 1481 1506 1539 Deus
1532 1482 1755 1537 nonnisi
1784 1495 1907 1536 eum
1930 1479 2025 1551 qui

436 1578 626 1647 justus
657 1587 743 1632 est
766 1575 1029 1631 exaudire
1059 1575 1253 1631 soleat.
1286 1571 1486 1628 Vultus
1518 1588 1683 1644 porro
1714 1572 1832 1636 Dei,
1864 1570 2028 1625 lumi-

425 1679 513 1719 ne
543 1665 762 1735 plenus,
796 1670 881 1718 est
914 1663 1091 1718 virtus
1122 1661 1372 1733 quaedam
1425 1662 1493 1716 ad
1526 1662 1792 1717 beneﬁcia
1840 1661 2028 1716 confe-

440 1755 613 1810 renda
655 1753 1018 1825 prospiciens,
1054 1751 1214 1821 cujus
1265 1751 1519 1823 quisquis
1553 1753 1830 1823 particeps
1862 1750 2029 1806 fuerit

2124 647 2348 713 ὀδύνας
2373 647 2444 701 ἐν
2474 644 2689 716 καρδίᾳ
2718 662 2838 716 μου
2876 640 3103 712 ἡμέρας
3135 636 3235 691 καὶ
3268 637 3525 702 νυκτόςς
3561 634 3714 698 Ἕως

2125 741 2270 794 πότε
2298 737 2683 807 ὑψωθήσεται
2711 739 2743 791 ὁ
2772 734 2984 804 ἐχθρός
3007 749 3127 802 μου
3155 730 3247 784 ἐπ’
3271 726 3415 801 ius;
3459 727 3716 779 Ἑπίϐλε-

2123 835 2269 902 alter,
2309 830 2681 886 είσάκσυσόν
2712 845 2853 898 μου,
2906 827 3086 894 Κύριε
3115 826 3147 877 ό
3188 820 3332 887 Θεός
3368 836 3507 890 μου.
3538 817 3717 871 Φώτι-

2125 940 2243 981 σον
2268 924 2410 991 τοὺς
2436 922 2783 993 ὀφθαλμούς
2806 937 2946 991 μου,
2963 917 3198 988 μήποτε
3222 912 3483 970 ὑπνώσω
3507 912 3596 977 εὶς
3623 911 3720 964 θά-

2124 1034 2341 1073 νατον·
2396 1015 2634 1087 μήποτε
2686 1014 2845 1068 εἴποι
2889 1015 2922 1066 ό
2973 1009 3189 1081 ἐχθρός
3238 1024 3358 1076 μου
3392 1023 3404 1035 ·
3460 1005 3718 1073 Ἵσχυσα

2126 1108 2275 1179 πρὸς
2313 1109 2521 1164 αὐτόν.
2564 1105 2824 1177 ’Υψοῦται
2855 1104 2911 1159 δὲ
2948 1101 3091 1166 κατὰ
3118 1098 3213 1154 τοῦ
3250 1096 3655 1170 ἁμαρτάνοντος
3688 1094 3719 1147 ὁ

2126 1202 2321 1275 ἐχθρὸς
2364 1199 2793 1270 ταπεινουμένου
2839 1199 2906 1269 τῇ
2952 1194 3230 1265 ἁμαρτίᾳ·
3267 1190 3361 1244 καὶ
3403 1184 3719 1242 τούναντίον

2125 1292 2663 1366 δικαιοπραγοῦντος.
2707 1292 2796 1356 Ὠς
2828 1290 2963 1363 μηδέ
2997 1286 3320 1359 βουλόμενος
3353 1279 3577 1354 ἀμισθεὶ
3607 1280 3719 1332 είσ-

2127 1387 2479 1460 ακουσθῆναι,
2528 1386 2817 1458 προτάττει
2859 1382 2940 1449 τὸ,
2974 1382 3328 1449 ἐπίϐλεψον,
3382 1373 3719 1447 παρακαλῶν

2131 1482 2258 1536 ἰδεῖν
2288 1479 2452 1534 αὑτοῦ
2482 1479 2551 1534 τὰ
2573 1476 2995 1550 κατορθώματα.
3031 1475 3101 1527 Ἢ
3130 1474 3225 1527 καὶ
3253 1472 3328 1536 ὡς
3354 1469 3448 1525 τοῦ
3474 1468 3610 1523 Θεοῦ
3642 1467 3718 1540 μὴ

2128 1572 2600 1636 είσακούοντος,εί
2630 1571 2702 1642 μή
2730 1587 2815 1634 τις
2852 1569 3061 1631 δίκαιος
3168 1565 3467 1638 Πρόσωπον
3494 1562 3553 1616 δέ
3580 1559 3720 1614 Θεοῦ

2130 1665 2309 1737 φωτὸς
2338 1665 2520 1736 γέμει,
2568 1662 2797 1733 δύναμις
2831 1656 2965 1715 οὖσα
3004 1658 3141 1730 πρὸς
3176 1650 3493 1727 εὐεργεσίαν
3525 1668 3720 1724 προνο·

2130 1760 2373 1832 ουμένη·
2430 1752 2490 1813 οῦ
2539 1774 2624 1822 τις
2680 1754 2921 1827 μετέχων
2969 1750 3409 1822 φωτισθήσεται,
3466 1745 3721 1817 καθάπερ

424 1846 869 1911 ,illuminabitur,
890 1862 954 1901 ac
982 1846 1030 1902 si
1057 1846 1331 1902 solarihus
1354 1845 1521 1901 radiis
1552 1845 1842 1900 frueretUr.
1871 1844 2026 1910 Quod

2142 1852 2370 1926 ἡλιακῶν
2386 1851 2677 1905 ἀπολαύων
2705 1844 2910 1916 αὐγῶν.
2955 1841 3427 1916 Ἀποστραφέντος
3452 1839 3529 1904 δὲ,
3578 1854 3723 1910 μηκ-

423 1941 491 2005 ,si
526 1948 828 2002 avertatur,
859 1947 974 1992 tum
1006 1939 1190 1995 anima
1233 1954 1346 1994 non
1377 1937 1652 1994 illustrata
1697 1939 1753 1993 in
1786 1938 2027 1994 tenebris

2142 1918 2212 2002 έτι
2255 1943 2598 2017 φωτιζομένη
2660 1939 2948 1994 σκοτοῦται
3010 1937 3179 2008 ψυχὴ,
3229 1934 3397 2006 μηδὲν
3437 1930 3724 2003 ἐνεργούν-

445 2032 590 2103 agit;
621 2033 748 2102 quia
778 2031 1074 2087 interiores
1104 2031 1274 2099 oculi,
1301 2030 1558 2086 videlicet
1584 2029 1791 2086 mentis
1820 2030 2030 2101 cogita-

441 2124 646 2187 tiones,
682 2124 818 2178 nihil
856 2134 1175 2194 operantur.
1198 2122 1335 2179 Cum
1358 2130 1539 2177 autem
1564 2122 1621 2177 in
1649 2129 1876 2193 peccato
1902 2138 2029 2193 per-

444 2208 683 2279 severat,
725 2216 971 2271 tenebris
1020 2215 1197 2287 magis
1268 2215 1553 2287 magisque
1629 2215 2029 2279 obtinentibus,

443 2311 570 2379 quia
602 2310 895 2366 vultushei
929 2310 1152 2381 penitus
1175 2325 1401 2366 aversus
1426 2319 1638 2378 manet;
1672 2310 2034 2376 tum,malitia

443 2399 498 2452 ial
532 2407 817 2469 cperante,
845 2414 946 2454 ceu
978 2399 1301 2456 incurahilis
1328 2399 1512 2455 evadit
1541 2420 1553 2454 :
1580 2416 1683 2455 nec
1714 2401 1854 2455 ultra
1888 2401 2035 2454 salu-

442 2491 486 2544 ti
540 2506 654 2545 sua:
713 2491 1041 2563 advigilans,
1093 2492 1160 2547 ad
1207 2498 1440 2548 mortem
1487 2508 1750 2565 peccasse
1796 2493 1919 2564 jure
1959 2492 2038 2549 di-

445 2592 627 2639 catur.

631 2695 684 2750 1.
719 2693 788 2749 ΙΝ
828 2693 1039 2749 FINEM
1078 2693 1403 2753 PSALMUS
1439 2693 1650 2751 DAVID
1688 2695 1829 2755 XIII.

515 2786 654 2853 Quia
683 2788 799 2842 haec
829 2773 1325 2859 propheticeidicta
1349 2791 1401 2843 in
1439 2792 1912 2847 consummatione
1936 2805 2039 2847 ste-

446 2879 697 2933 culorum
733 2879 916 2934 futura
939 2889 1116 2947 erant,
1161 2883 1511 2952 praemittitur
1544 2883 1700 2947 illud,
1727 2885 1781 2938 in
1824 2886 1985 2955 ﬁnem
2017 2899 2037 2938 :

447 2973 695 3043 psalmus
744 2980 929 3028 autem
986 2988 1102 3029 non
1148 2974 1374 3042 dicitur,
1407 2974 1539 3048 quia
1594 2977 1816 3034 incusat
1847 2993 2038 3036 omnes

447 3064 720 3122 homines.

520 3156 692 3215 Vens.
724 3158 780 3213 2.
812 3158 971 3214 Dixit
1010 3148 1264 3232 insipier
1296 3164 1353 3217 in
1402 3161 1560 3217 corde
1605 3180 1704 3219 suo
1733 3179 1752 3218 :
1795 3163 1920 3219 Non
1960 3172 2041 3219 est

2130 2056 2239 2095 των
2264 2038 2373 2093 τῶν
2404 2037 2551 2091 ἔνδον
2578 2033 2891 2106 ὀφθαλμῶν,
2921 2032 3117 2093 οἵτινες
3148 2027 3388 2091 διανοίας
3431 2025 3539 2079 εἰσὶ
3576 2025 3724 2093 λογι-

2133 2133 2281 2204 σμοί.
2323 2127 2718 2202 Ἐπιμενούσης
2743 2127 2799 2181 δὲ
2828 2128 2895 2197 τῇ
2936 2122 3206 2196 ἁμαρτίᾳ,
3237 2122 3330 2174 καί¹
3366 2117 3462 2173 τοῦ
3498 2117 3725 2179 σκότους

2134 2226 2227 2279 ἐπὶ
2272 2224 2431 2278 πλέον
2463 2218 2907 2292 ἐπικρατοῦντος,
2935 2216 3013 2286 τῷ
3054 2214 3151 2269 καὶ
3187 2212 3368 2285 μένειν
3401 2213 3726 2282 ἀπεστραμ-

2138 2316 2388 2393 μένονιτὸ
2431 2306 2721 2387 πρόσωπον
2763 2310 2859 2365 τοῦ
2903 2308 3062 2373 Θεοῦ,
3102 2307 3231 2378 ἐξῆς
3272 2305 3433 2360 οἱονεί
3476 2321 3594 2368 πως
3634 2302 3726 2373 γί-

2136 2406 2286 2462 νεται
2330 2406 2530 2470 κακίας
2573 2406 2924 2476 ἀθεράπευτα
2970 2397 3418 2471 πλημμελούσης,
3456 2395 3552 2484 καὶ
3595 2395 3728 2467 μήτι

2137 2502 2487 2577 γρηγοροῦσα
2512 2501 2706 2570 λέγοιτ’
2733 2499 2799 2553 ἂν
2826 2501 2906 2562 είς
2936 2496 3164 2551 θάνατον
3192 2491 3589 2565 ἡμαρτηκέναι.

2278 2714 2387 2768 ΕΙΣ
2423 2715 2511 2768 ΤΟ
2549 2713 2770 2766 ΤΕΛΟΣ
2808 2702 3083 2764 ΦΑΛΜΟΣ
3130 2707 3217 2761 ΤΩ
3253 2704 3455 2759 ΔΑΥΙΔ
3493 2704 3592 2757 II".

2222 2799 2375 2859 Ἐπεὶ
2406 2802 2580 2858 ταῦτα
2620 2798 2976 2875 προφητικῶς
3006 2797 3275 2872 εἰρημένα
3315 2794 3407 2848 ἐπὶ
3448 2788 3732 2861 συντελείᾳ

2137 2898 2251 2952 τῶν
2277 2896 2485 2951 αἰώνων
2515 2891 2718 2969 ἤμελλε
2756 2892 3026 2964 γίνεσθαι,
3071 2889 3489 2963 προγέγραπται
3528 2884 3611 2947 τὸ,
3640 2883 3733 2948 εις

2138 2984 2207 3039 τὸ
2230 2983 2433 3051 τέλος·
2462 2983 2676 3055 ψαλμὸς
2704 2983 2779 3055 (1)
2808 2983 2866 3036 δέ
2890 2982 2990 3036 οὐκ
3029 2979 3245 3052 εἴρηται
3280 2976 3369 3031 διὰ
3391 2976 3453 3029 τὸ
3494 2989 3734 3044 κατηγο-

2142 3079 2258 3151 ρεῖν
2286 3075 2506 3130 πάντων
2556 3074 2650 3129 ἀνθ
2658 3072 2879 3147 ρώπων.

2211 3165 2399 3224 Εἶπεν
2425 3167 2630 3237 ἄφρων
2661 3168 2731 3221 ἐν
2755 3165 2968 3235 καρδίᾳ
2995 3162 3181 3217 αὐτοῦ
3202 3180 3215 3192 ·
3251 3163 3373 3215 Οὐκ
3401 3159 3531 3214 ἐστι
3564 3157 3727 3221 Θεός.

446 3247 613 3305 Deus.
646 3248 901 3320 Corrupti
943 3261 1067 3307 sunt
1118 3262 1167 3306 et
1227 3254 1609 3310 abominabiles
1644 3257 1778 3326 {acti
1831 3257 2035 3311 suntin

2146 3260 2561 3331 Διεςρθάρησαν
2600 3258 2700 3313 καὶ
2732 3257 3190 3327 ἐϐδελύχθησαν
3226 3254 3297 3306 ἐν
3336 3248 3730 3318 ἐπιτηδεύμα-

447 3342 647 3399 studiis
678 3359 697 3397 :
735 3360 839 3398 non
869 3352 948 3399 est
993 3346 1085 3416 qui
1131 3346 1299 3416 faciat
1340 3346 1557 3403 bonum.
1587 3348 1665 3403 Ex
1721 3350 1901 3405 atheis
1944 3349 2039 3406 alii

450 3434 672 3506 quidem
707 3436 1170 3491 existimaverunt
1199 3436 1370 3495 Deum
1407 3441 1724 3497 nullatenus
1744 3443 2037 3509 exsistere,

450 3521 552 3583 sed
583 3540 788 3582 vanum
826 3542 953 3585 esse
974 3545 1207 3599 nomen;
1234 3531 1350 3597 alii,
1383 3548 1516 3588 vero
1540 3534 1651 3590 Deo
1676 3534 1874 3605 eiecto,
1902 3536 2045 3593 alios

451 3620 549 3691 qui
596 3621 915 3679 nullatenus
966 3630 1097 3678 sunt
1145 3623 1576 3694 conﬁnxerunt;
1605 3626 1699 3682 alii
1740 3643 1872 3683 vero
1919 3643 2044 3686 esse

452 3711 675 3781 quidem
701 3711 873 3768 Deum
906 3712 1189 3781 dixerunt,
1207 3715 1304 3772 sed
1321 3722 1544 3773 terrena
1569 3734 1679 3774 non
1702 3720 2038 3790 prospicere.

450 3804 658 3862 Omnes
700 3821 865 3877 porro
915 3807 1010 3878 qui
1067 3809 1337 3865 utramvis
1400 3808 1597 3864 harum
1646 3794 2043 3866 sententiarum

452 3906 700 3964 tuentur,
732 3903 789 3954 iu
837 3890 1099 3965 atheiam,
1134 3901 1253 3958 sive
1300 3904 1483 3959 omnis
1511 3904 1793 3975 religionis
1842 3905 2043 3976 despe-

450 4004 624 4056 ctum,
649 3990 894 4062 prolapsi
921 4001 1071 4049 sunt.
1102 3990 1219 4048 Etsi
1256 4008 1404 4059 vero,
1435 3995 1565 4065 quia
1597 3997 1851 4052 omnibus
1886 4011 1916 4050 a
1944 4012 2046 4051 na-

453 4092 581 4138 tura
617 4083 786 4141 iusita
814 4091 900 4140 est
925 4082 1021 4139 Dei
1057 4084 1276 4151 notitia,
1312 4086 1367 4141 id
1392 4088 1573 4158 palam
1606 4087 1762 4145 eﬂari
1802 4105 1913 4145 non
1946 4105 2046 4144 au-

452 4173 677 4240 debant,
703 4190 814 4231 non
846 4190 964 4240 ore,
996 4176 1093 4232 sed
1111 4177 1280 4234 corde
1305 4179 1434 4234 talia
1464 4179 1836 4250 loquebantur
1873 4201 1885 4237 :
1918 4197 2047 4236 nam

454 4280 553 4322 ore
577 4273 744 4322 tenus
773 4268 979 4324 multos
1003 4267 1138 4324 deos
1157 4268 1577 4339 proﬁtebantur.
1616 4270 1723 4328 Sed
1758 4288 1822 4328 ex
1853 4286 2046 4329 eorum

456 4358 628 4430 gestis
677 4360 1012 4430 arguebatur
1052 4361 1187 4433 quid
1240 4371 1424 4418 mente
1471 4370 1767 4418 tenerent:
1800 4380 1927 4418 nam
1980 4380 2048 4419 ex

457 4450 642 4506 fructu
675 4452 842 4508 arbor
866 4452 1241 4525 dignoscitur.‘
1281 4452 1443 4508 Cum‘
1466 4455 1610 4508 enim
1643 4470 1673 4508 a
1708 4457 1862 4510 nullo
1896 4456 2049 4528 ﬂagi-

452 4546 660 4601 tiorum
698 4563 896 4617 genere
943 4557 1334 4619 temperarent,
1371 4550 1634 4620 omnique
1663 4551 1827 4604 modo
1876 4552 2046 4604 vitam

2141 3371 2279 3409 σιν·
2323 3356 2436 3409 οὐκ
2480 3354 2612 3408 ἐστι
2644 3351 2833 3406 ποιῶν
2857 3351 3262 3421 χρηστότητα.
3300 3343 3420 3399 Τῶν
3452 3344 3513 3397 δὲ
3553 3340 3739 3395 ἀθέων

2139 3450 2192 3502 οί
2228 3449 2326 3520 μὲν
2363 3447 2438 3519 μὴ
2468 3444 2604 3502 εἶναι
2632 3445 2764 3499 Θεὸν
2798 3430 3076 3505 παντελῶς
3104 3440 3309 3505 ἔδοξαν,
3341 3437 3454 3492 ἀλλ’
3484 3431 3621 3490 εἶναι
3643 3433 3738 3489 διὰ

2141 3540 2297 3596 κενὸν
2332 3541 2536 3611 δνομα·
2583 3541 2633 3592 oi
2679 3537 2737 3591 δὲ
2779 3537 2854 3608 μὴ
2895 3537 3056 3599 ὄντας
3106 3533 3437 3595 ἀνέπλασαν,
3468 3529 3560 3583 τὸν
3605 3528 3738 3582 ὄντα

2141 3633 2561 3707 παρωσάμενοι·
2612 3633 2663 3686 οἱ
2694 3631 2754 3685 δὲ
2779 3626 2920 3684 εἶναι
2948 3622 3049 3701 μὲν
3092 3627 3324 3697 ἔφασαν,
3373 3624 3447 3697 μὴ
3486 3622 3739 3695 προνοεῖν

2141 3724 2202 3779 δὲ
2228 3724 2335 3778 τῶν
2366 3724 2460 3777 ἐπί
2481 3723 2607 3794 γῆς.
2633 3721 2702 3777 0i.
2726 3722 2790 3793 δὴ
2817 3720 3018 3784 πάντες
3046 3721 3127 3783 εἰς
3149 3718 3342 3773 ἀθεῒαν
3364 3714 3740 3789 περιετράπη-

2146 3834 2245 3872 σαν
2279 3817 2605 3890 φρονοῦντες
2636 3815 2811 3879 οὕτως
2830 3822 2847 3845 ·“
2885 3815 2934 3867 εί
2960 3813 3054 3868 καὶ
3094 3811 3169 3883 μὴ
3199 3810 3441 3881 ἐτόλμων
3474 3809 3648 3862 εἰπεῖν
3670 3806 3739 3860 δι’

2143 3908 2212 3972 ἃς
2259 3907 2439 3979 ἔχουσι
2479 3906 2682 3970 πάντες
2738 3903 2975 3975 φυσικὰς
3022 3902 3231 3965 ἐννοίας
3274 3901 3405 3971 περὶ
3437 3897 3606 3953 Θεοῦ·
3655 3896 3743 3951 διὸ

2145 4000 2344 4072 καρδίᾳ
2386 4000 2593 4067 ἔλεγον,
2629 3997 2742 4052 ἀλλ’
2784 3998 2846 4050 οὐ
2893 3995 3156 4066 στόματι·
3190 3996 3248 4049 ἐν
3286 3992 3461 4062 τούτῳ
3494 3990 3603 4063 γὰρ
3643 3991 3741 4044 καὶ

2145 4094 2376 4158 πολλοὺς
2418 4092 2599 4161 λέγειν
2635 4090 2853 4144 ἐδόκουν
2885 4087 3061 4152 θεούς.
3100 4086 3424 4158 Ἠλέγχοντο
3448 4085 3505 4139 δὲ
3540 4085 3633 4153 ἀφ’
3662 4076 3743 4136 ὧν

2145 4188 2317 4261 ἔδρων
2337 4205 2351 4219 ·
2386 4186 2496 4241 ἀπὸ
2535 4184 2647 4258 γὰρ
2671 4184 2767 4239 τοῦ
2802 4182 3022 4256 καρποῦ
3055 4181 3119 4236 τὸ
3141 4181 3358 4253 δένδρον
3385 4177 3737 4247 γινώσκεται.

2144 4280 2433 4351 Μηδεμιᾶς
2459 4277 2569 4352 γὰρ
2594 4277 2883 4347 ἀσελγείας
2906 4275 3232 4347 φειδόμενοι,
3266 4271 3434 4327 παντὶ
3464 4271 3522 4324 δὲ
3550 4270 3745 4341 τρόπῳ

2144 4373 2238 4427 τὸν
2287 4372 2400 4444 βίον
2447 4371 2928 4444 διαφθειρόμενοι,
2983 4370 3033 4423 εἰ
3086 4369 3181 4424 καὶ
3244 4368 3471 4441 μυρίους
3531 4363 3745 4436 ὡμολό-

2146 4482 2277 4535 γουν
2310 4465 2491 4530 θεοὺς,
2526 4458 2677 4537 δῆλοι
2711 4460 2855 4535 ἦσαν
2885 4461 3039 4518 οὐδὲν
3071 4464 3221 4532 ὑγιὲς
3256 4461 3579 4534 φρονοῦντες
3614 4460 3745 4530 περὶ

2148 4558 2305 4614 Θεοῦ.
2353 4558 2576 4632 ’Ἄφρων
2611 4554 2705 4613 οὖν
2758 4559 2930 4621 ὅντως
2984 4558 3015 4610 ὁ
3054 4556 3162 4629 πρὸ
3209 4556 3310 4627 τῆς
3356 4553 3452 4608 τοῦ
3489 4553 3748 4623 Σωτῆρος

454 4637 838 4710 inquinat-ent,
869 4641 1089 4697 etiamsi
1119 4641 1366 4695 inﬁnitos
1393 4656 1519 4697 esse
1550 4643 1686 4697 deos
1713 4643 2035 4698 conﬁteren-

2148 4652 2443 4723 ἐπιδημίας
2481 4651 2593 4722 βίος
2633 4650 2729 4722 (2).
2771 4651 2943 4722 Εἴπερ
2976 4648 3135 4719 ἀρχὴ
3165 4648 3390 4718 σοφίας
3416 4647 3600 4717 φόϐος
3622 4648 3749 4699 Κυ-

456 4739 582 4800 tur;
609 4733 788 4804 palam
810 4741 997 4788 tamen
1020 4743 1140 4789 erat
1168 4749 1267 4790 eos
1293 4750 1490 4792 sanum
1518 4735 1655 4789 nihil
1683 4736 1752 4791 de
1784 4735 1896 4791 Deo
1917 4753 2045 4793 seno

452 4824 582 4879 tire.
616 4824 805 4894 itaque
833 4832 960 4880 ante
992 4823 1295 4882 Salvatoris
1325 4826 1619 4882 adventum
1659 4834 1773 4881 tota
1814 4828 1925 4882 vita
1954 4845 2046 4901 ge-

2144 4746 2307 4814 ρίου,
2339 4743 2537 4799 οὐκοῦν
2577 4743 2658 4815 τῷ
2698 4744 2773 4816 μὴ
2808 4741 3092 4813 φοϐεῖσθαι
3133 4742 3230 4796 καὶ
3259 4741 3472 4795 ἀθετεῖν
3503 4739 3746 4794 ἀντίκει-

2147 4852 2239 4889 ται
2275 4838 2308 4907 ή
2347 4836 2529 4906 σοφία.

455 4932 673 4990 nusque
696 4918 981 4976 hominum
1004 4921 1276 4992 insipiens
1306 4929 1446 4979 erat.
1480 4922 1618 4976 Nam
1646 4923 1694 4979 si
1756 4923 1971 4979 initium
1992 4928 2269 4998 sapientiae
2326 4933 2489 4986 timor
2526 4930 2748 4986 Domini
2800 4930 2881 4997 ";
2943 4943 3079 4986 sane
3114 4927 3285 4984 Deum
3320 4941 3430 5003 qon
3456 4925 3650 4979 timere
3679 4930 3748 4975 ac

455 5011 764 5082 despicere,
795 5013 1109 5083 oppositum
1133 5015 1419 5083 sapientiae
1447 5014 1633 5072 fuerit.

527 5104 696 5164 Vens.
737 5107 791 5163 5.
836 5105 1030 5163 Omnes
1083 5107 1514 5178 declinaverunt,
1585 5114 1747 5169 simul
1827 5116 2044 5170 inutiles

2226 5112 2459 5182 Πάντες
2485 5114 2809 5181 ἐξέκλιναν
2839 5112 2962 5182 ἅμα
2986 5110 3432 5180 ἡχρειώθησαν·
3469 5111 3581 5164 οὐκ
3612 5108 3749 5163 ἐστι

456 5199 590 5269 facti
621 5208 744 5255 sunt
768 5213 789 5254 :
815 5203 921 5256 non
964 5210 1043 5257 est
1071 5203 1163 5272 qui
1193 5203 1365 5274 faciat
1397 5204 1614 5273 bonum,
1648 5225 1755 5262 non
1783 5218 1859 5263 est
1884 5224 2035 5279 usque

2153 5207 2341 5262 ποιῶν
2379 5210 2790 5277 χρηστότητα,
2820 5208 2932 5259 οὐκ
2962 5205 3134 5259 ἔστιν
3164 5202 3276 5269 ἕως
3308 5202 3465 5267 ἑνός.
3500 5202 3659 5254 Δοκεῖ
3686 5198 3748 5253 δέ

458 5292 528 5345 ad
567 5308 751 5350 unum.
795 5292 922 5349 Haec
970 5294 1103 5349 mihi
1158 5296 1415 5353 videntur
1465 5298 1690 5354 tacitam
1749 5299 2035 5370 quamdam

2156 5319 2246 5373 μοι
2290 5302 2357 5357 τὰ
2398 5300 2741 5375 προκείμενα
2773 5299 2865 5353 καὶ
2900 5296 3065 5351 αὐτοῦ
3105 5296 3200 5350 τοῦ
3234 5293 3506 5348 Ἰουδαίων
3560 5292 3752 5358 ἔθνους

454 5381 669 5441 Iudaici
699 5389 884 5457 populi
943 5389 1387 5447 criminationem
1442 5393 1755 5464 complecti.
1815 5390 1951 5448 Nam
1998 5393 2035 5448 si

2153 5393 2440 5466 λεληθυῖαν
2485 5391 2821 5463 κατηγορίαν
2871 5390 3169 5461 περιέχειν.
3217 5387 3281 5441 El
3313 5386 3443 5459 γὰρ,
3477 5385 3751 5455 διακύψας

534 5541 577 5573 ⁸³
614 5539 766 5598 Psal.
799 5557 905 5606 cx,
940 5544 1029 5600 10.

532 5700 609 5775 (1)
636 5701 696 5757 In
724 5702 946 5761 Eusebii
990 5705 1289 5777 exemplari
1315 5705 1431 5763 haec
1466 5720 1571 5760 vox
1591 5704 1808 5777 ψαλμός
1835 5721 1946 5762 non
1968 5705 2042 5762 le-
2151 5704 2354 5777 psalmi
2387 5720 2420 5757 ν
2454 5703 2747 5777 accipitur,
2777 5710 2831 5777 et
2868 5703 2924 5777 in
2955 5698 3060 5755 line
3093 5699 3232 5777 segti
3264 5698 3392 5777 libri
3430 5695 3506 5777 De
3539 5695 3758 5777 prerna-

459 5766 710 5845 geba'tnr.
739 5790 841 5830 nec
870 5784 955 5831 est
980 5777 1036 5831 in
1068 5766 1295 5832 Hebraeo
1315 5787 1530 5837 annm.
1605 5766 1618 5777 ’
1707 5766 1719 5777 ’
1789 5766 1799 5770 ⁷

2148 5766 2355 5830 ταιὶοηε
2396 5766 2722 5845 evangelica,
2769 5774 2798 5826 ὁ
2848 5770 3222 5845 σύμπας-τῶν
3263 5766 3578 5845 ἀνθρώπων
3612 5767 3755 5845 βίος,

532 5843 608 5918 i2)
648 5842 887 5918 Eusebio
934 5845 1225 5904 familiaris
1266 5857 1352 5903 est
1397 5849 1484 5902 hic
1521 5863 1655 5904 usus
1700 5847 1856 5902 vocis
1896 5845 2034 5918 βίος,
2147 5848 2451 5918 universum
2481 5839 2751 5918 (nominum
2779 5839 3238 5918 genus._atiisque
3276 5841 3332 5894 in
3358 5841 3498 5897 locis
3524 5854 3634 5895 non
3658 5839 3756 5894 ιι.-

459 5914 675 5973 scilicet
701 5929 803 5986 pro
825 5915 1094 5976 hominum
1116 5934 1323 5990 genere;
1355 5918 1436 5975 sic
1465 5919 1719 5989 superius
1743 5918 1810 5975 ad
1832 5913 1979 5974 vers.
1999 5917 2034 5972 2
2143 5916 2459 5989 frequenter
2495 5916 2600 5974 hoc
2639 5930 2741 5971 usu
2768 5913 3035 5971 Occurrit.
