4020 6372
273 403 350 461 M5

1335 397 1842 455 COMMENTARIA
1879 399 1946 455 lN
1982 396 2320 456 PSALMOS.

3368 393 3469 454 HC

269 520 318 572 ix
352 514 429 570 τοῦ
464 513 685 584 οὐρα-,οῦ
715 511 922 586 Κύριος
967 512 1059 566 καί
1099 512 1478 582 ἐπισκοπήσας
1526 513 1653 577 τοὺς
1693 513 1787 566 ἐπὶ

1894 512 2192 584 respiciens
2215 511 2281 566 de
2303 511 2444 565 ccelo
2466 509 2731 568 Dominus
2773 516 2936 583 atque
2964 510 3344 576 considerans,
3375 511 3494 566 (ιε--

269 610 344 678 γῆς
390 604 573 668 πάντας
613 598 770 676 εὗρεν
822 605 1174 668 ὲκκλίναντας
1223 607 1318 659 καὶ
1369 605 1786 676 ἁχρειωθέντας,

264 700 321 762 ὡς
338 697 508 769 μηδένα
539 695 812 766 μηδαμῶς·
835 696 1186 768 εὑρίσκεσθαι
1213 699 1273 750 ὲν
1296 695 1622 768 ἀνθρώποις,
1657 696 1790 766 μηδὲ

266 790 415 860 μέχρις
454 787 596 850 ἑνὸς,
637 788 734 840 τὸν
784 788 919 859 μηδὲ
970 788 1364 860 ἡχρειωμένον,
1416 789 1551 860 μηδὲ
1602 788 1788 842 ἐκκλί-

262 895 415 932 νοντα·
461 877 749 930 ἀκόλουθόν
788 879 907 930 ἐστι
938 881 1049 941 τοῖς
1083 879 1219 930 πᾶσι
1270 876 1790 948 συμπεριλαμϐάνε-

264 971 372 1036 σθαι,
387 971 537 1024 καὶτὸ
564 970 835 1028 Ἰουδαίων
860 971 1031 1035 ἔθνος,
1049 971 1145 1026 καὶ
1166 971 1328 1024 αὐτὸν
1346 971 1436 1024 τὸν
1457 971 1789 1042 καλούμενον

270 1064 456 1135 Ἰσραήλ.
501 1062 581 1116 Τὰ
623 1063 807 1132 μέντοι
854 1064 1192 1136 προκείμενα
1223 1063 1382 1133 λόγια
1431 1063 1620 1133 σαφῶς
1684 1065 1791 1118 ἀπ-

258 1156 466 1225 εφήνατο,
484 1155 778 1218 ὄτιπάντες
803 1155 1102 1223 ἐξέκλιναν,
1129 1155 1247 1227 ἅμα
1274 1156 1682 1228 ὴχρειώθησαν,
1713 1157 1789 1222 ὡς

260 1248 363 1318 μηδὲ
400 1243 523 1300 εἶναι
573 1247 837 1302 ποιοῦντα
887 1249 1268 1321 χρηστότητα,
1319 1251 1453 1321 μηδὲ
1490 1251 1594 1315 ἕως
1646 1253 1784 1315 ἑνός.

258 1339 372 1394 Ἔδει
401 1339 495 1411 γὰρ
531 1339 595 1394 τὸ
649 1340 879 1411 μέγεθος
927 1341 1275 1413 παραστῆναι
1315 1343 1416 1413 τῆς
1448 1344 1506 1398 ἐν
1547 1347 1661 1408 τοῖς
1692 1346 1788 1398 ἁν-

255 1432 444 1504 θρώποις
488 1433 855 1506 ἐγγενομένης
900 1435 1054 1488 νόσου
1109 1436 1216 1507 πρὸ
1260 1437 1360 1507 τῆς
1405 1436 1500 1490 τοῦ
1537 1438 1790 1509 Σωτῆρος

253 1525 529 1596 παρουσίας·
560 1527 642 1589 ὡς
671 1524 738 1579 ἂν
765 1528 799 1598 ἡ
824 1525 1007 1595 ἄφιξις
1035 1528 1202 1581 αὐτοῦ
1239 1530 1431 1600 φανείη
1461 1533 1574 1594 τοῖς
1621 1530 1788 1584 πᾶσιν

252 1617 492 1685 ἀναγκαία.
525 1618 741 1682 Πάντες
769 1620 879 1690 γὰρ
910 1621 1156 1691 ἥμαρτον
1181 1623 1275 1676 καὶ
1307 1620 1660 1694 ὑστεροῦνται
1687 1609 1789 1692 τῆς

248 1714 372 1786 δόξης
405 1714 488 1768 τοῦ
518 1715 682 1781 Θεοῦ,
717 1716 1090 1786 δικαιούμενοι
1135 1717 1344 1789 δωρεὰν
1382 1721 1450 1790 τῇ
1491 1718 1656 1773 αὐτοῦ
1694 1719 1793 1789 χάέ

251 1821 352 1872 ριτι.
379 1803 576 1876 Ta’nqv
605 1805 664 1859 δὲ
696 1807 790 1860 καὶ
837 1808 867 1859 ὁ
903 1808 1130 1872 Ἡσαΐας
1161 1808 1470 1880 συμφώνως
1498 1810 1796 1865 ἀποδίδωσι

1889 604 2237 673 prehenderit
2257 618 2448 658 omnes
2475 603 2567 673 qui
2593 603 2648 656 in
2679 610 2828 658 terra
2860 603 3223 659 versabantur
3243 641 3258 666 ,
3303 602 3484 678 declio.

1888 713 2052 752 nasse
2077 703 2130 752 et
2161 696 2382 751 inutiles
2419 695 2592 751 factos
2643 710 2767 752 esse
2787 735 2802 761 ,
2839 703 2898 750 ut
2929 709 3090 751 nemo
3122 709 3350 766 prorsus
3381 685 3485 768 re-f

1889 789 2158 857 periretur
2196 788 2250 841 in
2286 787 2601 843 hominibus
2625 826 2640 852 ,
2683 802 2750 843 ac
2793 803 2865 843 ne
2901 787 2985 843 vel
3017 804 3191 850 unus,
3237 787 3330 859 qui
3363 801 3473 842 non

1888 880 2101 934 inutilis
2133 880 2310 934 factus
2333 889 2497 944 esset,
2529 887 2586 935 et
2623 880 2718 950 qui
2750 895 2858 934 non
2885 879 3239 943 declinasset,
3271 894 3473 936 conse-

1888 988 2064 1044 quens
2086 974 2310 1029 omnino
2336 979 2420 1028 est
2441 987 2567 1027 cum
2599 973 2859 1027 omnibus
2891 970 3281 1041 comprehendi
3307 972 3475 1028 etiam

1889 1067 2067 1136 ipsum
2097 1064 2382 1125 Iudaicum
2405 1081 2601 1136 genus,
2633 1064 2779 1135 quod
2821 1065 2948 1118 item
2982 1062 3148 1118 lsrael
3183 1078 3476 1134 nuncupa-

1889 1163 2005 1210 tum
2030 1165 2134 1212 est.
2168 1154 2294 1211 lstis
2328 1157 2511 1226 itaque
2564 1155 2798 1226 eloquiis
2853 1155 3000 1210 clare
3046 1155 3437 1224 pronuntiatur
3455 1139 3486 1220 ,'

1890 1248 2037 1318 quod
2068 1246 2282 1302 scilicet
2319 1262 2511 1305 omnes
2538 1247 2953 1312 declinaverjnt,
2977 1254 3030 1302 et
3063 1247 3226 1301 simul
3255 1247 3477 1303 inutiles

1891 1341 2020 1395 facti
2049 1340 2182 1406 sint,
2214 1340 2292 1394 ita
2315 1347 2377 1394 ut
2400 1342 2584 1396 nullus
2609 1340 2774 1395 fuerit
2799 1341 2892 1411 qui
2921 1340 3125 1396 faceret
3151 1341 3376 1407 bonum,
3408 1357 3480 1397 ne

1888 1435 1974 1489 vel
2011 1450 2184 1505 usque
2212 1433 2280 1488 ad
2311 1451 2507 1490 unum.
2558 1433 2664 1488 Par
2697 1433 2801 1489 fuit
2848 1434 2995 1490 enim
3041 1433 3479 1505 magnitudinem

1889 1525 2087 1588 morbi,
2121 1525 2214 1596 qui
2255 1533 2383 1581 ante
2427 1525 2731 1581 Salvatoris
2776 1526 3070 1581 adventum
3125 1525 3180 1580 in
3223 1516 3488 1580 omnibus

1889 1619 2204 1674 hominibus
2258 1620 2653 1690 grassabatur,
2700 1619 2880 1688 palam
2928 1618 3110 1675 facere
3143 1638 3158 1675 :
3199 1625 3279 1674 ut
3310 1603 3489 1672 mani-'

1891 1710 2090 1766 festum
2113 1713 2376 1768 omnibus.
2393 1719 2539 1768 esset
2567 1715 2688 1780 ejus
2721 1710 2777 1766 in
2805 1719 2955 1766 terra
2982 1703 3487 1782 peregrinationem

1891 1799 2064 1858 fuisse
2098 1817 2330 1872 prorsus
2359 1801 2752 1857 necessariam.
2801 1800 3004 1858 Omnes
3048 1801 3318 1872 siquidem
3349 1816 3480 1872 pec-

247 1895 324 1966 τὴν
350 1896 564 1952 διάνοιαν
612 1900 672 1952 ὲν
707 1893 791 1961 οἷς
829 1915 963 1968 φησι
1021 1899 1158 1970 πρὸς
1196 1899 1296 1973 τὴν
1345 1901 1618 1956 Ἰουδαίων
1664 1919 1789 1957 συν-

1894 1900 2188 1957 caverunt,
2219 1909 2412 1950 omnes
2465 1894 2641 1965 gloria
2673 1893 2770 1948 Dei
2803 1895 3165 1965 privabantur
3189 1934 3204 1959 ,
3258 1903 3314 1949 et
3359 1895 3487 1969 jam.

245 1989 424 2060 ατωγὴν
452 1990 875 2062 ἀποτεινόμενος
895 2009 907 2022 ⁸
938 1992 1092 2047 Ἰδοὺ
1121 1993 1251 2059 ταῖς
1277 1994 1590 2062 ἁμαρτίαις
1622 1995 1790 2064 ὑμῶν

240 2084 516 2154 ἐπράθητε,
561 2085 668 2139 καὶ
717 2085 848 2151 ταῖς
878 2086 1152 2156 amplam
1184 2087 1354 2157 ὑμῶν
1388 2087 1791 2152 ἑξαπέστειλα

239 2175 328 2243 τὴν
347 2173 557 2244 μητέρα
583 2174 779 2242 ὑμῶν,
808 2174 958 2230 διότι
1005 2175 1219 2244 ἦλθον,
1262 2176 1362 2230 καὶ
1381 2180 1494 2232 οὐκ
1513 2174 1592 2249 ἦν
1621 2181 1654 2233 ό
1682 2177 1789 2232 ἄν·

237 2272 453 2335 θριιτος·
504 2267 802 2330 ἐκάλεσα,
847 2267 947 2320 καὶ
993 2271 1104 2323 οὐκ
1146 2266 1226 2338 ἦν
1262 2272 1296 2324 o'
1320 2271 1665 2324 ὑπακούων.
1715 2270 1792 2323 Τὸ

234 2358 336 2430 γὰρ,
365 2359 501 2413 διότι
525 2355 746 2430 ἦλθον,
780 2359 966 2430 ὅμοιον
1001 2359 1068 2414 ἂν
1101 2361 1186 2432 εἴη
1217 2361 1318 2433 τῷ,
1341 2361 1558 2430 Κύριος
1581 2363 1651 2427 ἐξ
1681 2365 1787 2417 οὺ-

229 2451 385 2518 ρανοῦ
413 2449 707 2518 διέκυψεν
739 2450 839 2503 ἐπὶ
878 2450 1022 2517 τοὺς
1059 2451 1235 2517 υἱοὺς
1264 2452 1383 2506 τῶν
1425 2451 1783 2520 ἀνθρώπων·

232 2543 278 2595 τὸ
302 2543 383 2596 δέ·
409 2543 514 2596 Καὶ
540 2546 665 2598 οὐκ
698 2539 779 2610 ἦν
807 2542 1138 2609 ἄνθρωπος,
1181 2544 1278 2597 καὶ
1317 2546 1432 2598 οὐκ
1484 2540 1566 2614 ἦν
1598 2547 1630 2598 ό
1674 2548 1790 2598 ὺπ-

234 2634 448 2701 ακούων,
477 2636 671 2706 ὅμοιον
686 2633 766 2705 τῷ
787 2653 800 2664 ·
831 2634 1398 2707 Πάντεςιέξέκλιναν
1426 2637 1524 2690 καὶ
1539 2635 1787 2705 ὴχρειώρ

233 2728 414 2792 θησαν.

296 2901 425 2971 Οὐχί
470 2901 813 2972 γνώσονται
869 2900 1092 2968 πάντες
1144 2905 1198 2956 ot
1247 2901 1624 2972 ἐργαζόμενοι
1670 2903 1786 2972 τὴν

229 2991 446 3063 ἀνομίαν
467 3036 481 3058 ,
535 2999 594 3050 οἱ
648 2995 964 3060 ἐσθίοντες
1023 2994 1132 3050 τὸν
1184 2996 1340 3048 λαόν
1390 3013 1509 3064 μου
1569 2994 1790 3063 βρώσει

229 3087 408 3154 ἀρτου;
445 3088 554 3143 Καί
601 3105 700 3160 μοι
737 3088 888 3141 δοκεῖ
926 3086 1292 3158 προφητεύειν
1339 3087 1639 3159 μεταϐολὴν
1665 3087 1786 3141 ἐσε-

228 3178 323 3233 alia:
344 3179 440 3234 τῶν
468 3180 646 3234 ὲόνῶν
685 3182 750 3233 ἐκ
785 3179 1085 3250 θηριώδους
1126 3179 1262 3250 βίου,
1291 3181 1386 3233 καὶ¹
1417 3179 1477 3244 ἐξ
1510 3181 1792 3248 ἀγνωσίας

1891 1984 2013 2053 ejus
2058 1987 2234 2058 gratia
2261 1986 2434 2056 gratis
2476 1985 2762 2056 iustiﬁcati
2802 1994 2953 2041 sunt.
2991 1985 3132 2042 Huic
3178 2002 3489 2050 consonam

1889 2073 2057 2133 Isaias
2102 2079 2427 2134 sententiam
2487 2079 2686 2143 tradit,
2744 2077 2838 2133 ubi
2879 2078 3194 2134 Judaeorum
3241 2093 3478 2150 synago-

1890 2184 2013 2240 gam
2057 2171 2393 2240 compellans
2415 2171 2490 2225 ait
2519 2172 2607 2226 ‘5:
2638 2171 2782 2226 Ecce
2802 2173 2858 2224 in
2882 2169 3252 2240 iniquitatibus
3290 2171 3476 2224 vestris

1891 2263 2090 2319 uenditi
2115 2265 2261 2328 estis,
2293 2273 2342 2319 et
2387 2264 2442 2318 in
2491 2263 2773 2318 sceleribus
2803 2264 2989 2321 vestris
3032 2264 3218 2316 dimisi
3254 2273 3496 2318 matrem.

1889 2367 2117 2411 vestram
2143 2374 2162 2411 :
2191 2359 2316 2428 quia
2344 2359 2479 2419 veni,
2511 2367 2560 2411 et
2600 2374 2702 2411 non
2750 2367 2865 2411 erat
2894 2358 3006 2420 vir;
3060 2356 3259 2418 vocavi,
3291 2365 3340 2410 et
3372 2372 3496 2412 non.

1891 2459 2008 2504 erat
2033 2451 2123 2519 qui
2145 2452 2501 2519 responderet.
2539 2448 2674 2502 Illud
2711 2451 2878 2514 enim,
2906 2450 3033 2520 quia
3080 2451 3216 2512 veni,
3241 2450 3326 2505 his
3355 2465 3479 2505 ver-

1890 2543 1975 2598 bis
2003 2541 2167 2596 ailine
2213 2541 2413 2606 luerit,
2467 2541 2728 2596 Dominus
2759 2541 2823 2595 de
2851 2541 2982 2595 caelo
3010 2543 3279 2611 prospexit
3322 2557 3478 2610 super

1891 2637 2034 2706 ﬁlios
2063 2637 2369 2700 hominum;
2399 2635 2532 2690 illud
2555 2643 2760 2702 autem,
2791 2635 2857 2690 Et
2888 2653 2991 2690 non
3012 2645 3127 2690 erat
3157 2637 3256 2697 vir,
3291 2646 3342 2690 et
3373 2654 3479 2691 non

1889 2738 2006 2783 erat
2041 2730 2132 2798 qui
2153 2728 2508 2798 responderet,
2534 2727 2711 2783 simile
2740 2726 2841 2794 illi,
2868 2726 3061 2783 Omnes
3083 2725 3490 2781 declinaverunt.

1889 2830 1938 2874 et
1971 2820 2187 2875 inutiles
2214 2821 2346 2890 facti
2377 2828 2518 2875 sunt.

1961 2913 2128 2970 Vens.
2161 2915 2219 2968 αι.
2264 2913 2456 2969 Nonne
2499 2922 2811 2985 cognoscent
2849 2929 3028 2969 omnes
3063 2914 3153 2985 qui
3193 2921 3480 2982 operantur

1890 3006 2246 3076 iniquitatem,
2275 3007 2366 3077 qui
2406 3005 2659 3061 devorant
2705 3005 2903 3076 plebem
2940 3023 3110 3060 meam
3162 3006 3482 3060 comes-tione

1888 3098 2087 3164 panis?
2117 3095 2347 3152 Videtur
2368 3097 2499 3150 mihi
2536 3095 2829 3152 vaticinari
2855 3097 3094 3150 futuram
3119 3096 3384 3165 gentium,
3409 3108 3478 3149 ex

1889 3187 2001 3242 vita
2031 3188 2203 3243 ferina
2232 3197 2286 3243 et
2312 3188 2619 3260 ignorantia
2650 3188 2767 3250 Dei,
2798 3189 2855 3242 in
2893 3194 3212 3242 mansuetos
3253 3200 3317 3240 ac
3351 3185 3479 3239 reli-

227 3269 350 3333 θεοῦ,
377 3271 464 3324 ἐπὶ
492 3273 714 3343 ἥμερον
748 3271 846 3324 καὶ
887 3269 1111 3342 Θεοσεϐῆ
1160 3271 1394 3342 τρόπον’
1436 3271 1464 3324 ὃ
1495 3273 1590 3324 καὶ
1638 3270 1786 3324 ἔστιν

1894 3281 2078 3351 giosos
2103 3296 2282 3336 mores
2309 3281 2666 3336 mutationem
2697 3301 2708 3335 :
2743 3279 2889 3350 quod
2916 3286 3020 3342 est,
3056 3295 3116 3334 re
3137 3279 3313 3333 oculis
3350 3293 3492 3348 per-n

223 3360 474 3434 ὁςθαλμοῖς
535 3363 940 3435 παραλαϐόντα
1007 3364 1352 3434 μαρτυρῆσαι
1409 3363 1668 3435 ἀλήθειαν
1721 3367 1788 3434 τῇ

226 3455 508 3528 προφητείᾳ..
540 3454 876 3526 Ἀναγνώσῃ
901 3454 1079 3508 τοίνυν
1111 3454 1180 3508 τὰ
1206 3455 1542 3526 προκείμενα
1581 3457 1798 3527 ὲρωτη-.

224 3546 429 3612 ματικῶς
449 3588 462 3610 ,
513 3547 935 3618 πυνθανομένου
979 3547 1076 3600 τοῦ
1119 3548 1280 3617 λόγου
1323 3547 1419 3601 καὶ
1455 3546 1788 3615 φάσκοντος·

221 3635 268 3688 El
290 3637 370 3690 καὶ
393 3639 593 3704 πάντες
625 3638 917 3706 ἐξέκλιναν
945 3639 1053 3710 πρὸ
1097 3639 1197 3710 τῆς
1236 3638 1330 3691 τοῦ
1367 3637 1606 3710 Χριστοῦ
1647 3655 1791 3710 παρ-

218 3731 370 3795 ωσίας
401 3735 492 3786 καὶ
540 3730 970 3804 ἡχρειὼθησαν·
1023 3732 1098 3802 μὴ
1149 3731 1330 3784 τοίνυν
1381 3729 1504 3799 οὐχὶ
1551 3728 1790 3797 γνώσον-

217 3822 358 3875 ταιὲν
383 3822 458 3894 τῷ
489 3823 636 3893 μετὰ
679 3821 855 3875 ταῦτα
895 3822 1072 3893 χρόνῳ
1106 3822 1306 3884 πάντες
1345 3824 1394 3874 οἰ
1431 3820 1794 3892 ἐργαζόμενοι

217 3911 291 3983 τὴν
313 3915 531 3986 ἀνομίαν
557 3935 572 3980 ;
599 3901 1147 3986 ’προσυπακουόντων
1189 3913 1264 3985 (1)
1295 3913 1468 3984 ἡμῶν·

273 4007 370 4060 Τὸν
423 4009 678 4076 Κύριον,
727 4007 822 4059 καὶ
882 4005 1024 4059 κατὰ
1056 4004 1236 4058 κοινοῦ
1277 4005 1438 4058 πάλιν
1483 4003 1790 4075 λαμϐανόντ

214 4113 296 4150 των
324 4099 385 4152 τὰ
426 4100 579 4168 ἑξῆς.
627 4099 751 4152 Καὶ
783 4098 939 4150 αὐτοὶ
979 4096 1088 4166 γὰρ
1120 4098 1169 4150 ot
1215 4096 1384 4150 πάλαι
1415 4097 1507 4149 τὸν
1539 4095 1666 4148 λαὸν
1693 4093 1790 4147 τοῦ

211 4187 318 4243 θεοῦ
356 4191 486 4245 ὡσεὶ
524 4193 709 4264 ἄρτον
737 4188 1030 4252 ἐσθίοντες,
1085 4188 1179 4242 καὶ
1251 4189 1344 4242 τὸν
1376 4187 1579 4259 Κύριον
1628 4187 1794 4258 μηδε-

213 4279 396 4335 πώποτε
453 4282 953 4351 ἐπικαλεσάμενοι,
1011 4280 1085 4352 μὴ
1149 4280 1270 4350 οὐχὶ
1344 4277 1643 4347 γνώσονται
1693 4277 1791 4330 αύ-

208 4370 310 4433 τόν;
341 4373 446 4426 Καὶ
481 4373 732 4434 Ἡσαΐας
763 4371 821 4424 δὲ
848 4369 1063 4441 συνᾴδει
1094 4371 1225 4441 περὶ
1258 4369 1366 4423 τῶν
1387 4368 1566 4422 αὐτῶν
1596 4367 1789 4421 θεσπί-

211 4461 297 4526 ζων
323 4466 412 4518 καὶ
467 4465 658 4534 λέγων
685 4480 702 4493 ·
758 4457 859 4530 Οἷς
913 4465 1025 4517 οὐκ
1066 4461 1372 4532 ἀνηγγέλη
1417 4461 1553 4530 περὶ
1599 4461 1789 4515 αὐτοῦ

209 4554 464 4622 ἐνί-οντων
531 4557 642 4610 καὶ
705 4555 766 4610 οἳ
838 4557 950 4609 οὐκ
1015 4557 1312 4623 ἀκηκόασι
1375 4554 1784 4620 συνήσουσιν.

1895 3381 2070 3442 cepta,
2102 3374 2381 3427 veritatem
2414 3373 2710 3442 prophetiae
2763 3370 3066 3426 testiﬁcari.
3123 3367 3248 3424 Htec
3294 3359 3481 3438 itaque

1892 3466 2268 3537 interrogandi
2296 3481 2448 3521 more
2483 3467 2707 3536 legenda
2741 3469 2910 3533 sunt;'
2950 3471 3304 3535 percontatur
3331 3463 3485 3517 enim

1893 3555 2188 3612 Psalmista
2212 3571 2277 3610 ac
2307 3557 2351 3612 si
2382 3557 2588 3612 diceret
2614 3576 2626 3612 :
2665 3556 2890 3610 Etiamsi
2921 3570 3111 3610 omnes
3135 3562 3259 3608 ante
3273 3554 3478 3608 Christi

1895 3647 2187 3702 adventum
2212 3646 2625 3701 declinaverunt
2649 3654 2702 3702 et
2731 3645 2949 3698 inutiles
2980 3643 3106 3697 facti
3145 3649 3308 3707 sunt,
3343 3657 3495 3694 non-.

1894 3742 2041 3797 nein
2075 3740 2321 3810 sequenti
2363 3746 2608 3808 tempore
2644 3744 2978 3808 cognoscent
3005 3751 3196 3792 omnes
3228 3735 3319 3806 qui
3350 3737 3492 3809 opcﬁ

1893 3844 2089 3888 rantur
2113 3832 2495 3902 iniquitatem?
2529 3830 2630 3885 Cui
2665 3845 2770 3888 nos
2798 3828 3230 3900 reSpondemus:

1968 4009 2132 4065 Vens.
2197 4009 2251 4064 5.
2311 4008 2614 4065 Dominum.
2654 4024 2760 4062 non
2807 4009 3211 4067 invocaverunt,
3264 4013 3320 4060 et.
3359 4021 3499 4076 que.

1893 4110 2199 4174 sequuntur
2227 4105 2282 4155 in
2313 4101 2593 4156 communi
2622 4101 2944 4170 accipimus.
2972 4098 3164 4152 Nonne
3192 4098 3352 4153 iidem
3377 4098 3494 4168 ipsi:

1893 4199 1984 4267 qui
2015 4197 2144 4250 olim
2179 4196 2438 4267 populum
2472 4193 2567 4249 Dei
2598 4194 2754 4263 quasi
2782 4209 2978 4263 panem
3015 4191 3394 4255 comedebant,
3429 4185 3495 4246 et;

1893 4301 2172 4356 nunquam
2236 4285 2527 4340 Dominum
2575 4285 3008 4349 invocaverunt,
3056 4284 3274 4338 tandem
3330 4283 3497 4350 illum?
3540 4267 3545 4304 ³

1893 4379 2167 4449 cegnituri
2194 4378 2362 4433 sunt?-
2413 4377 2552 4432 Huic
2593 4378 2796 4432 accinit
2838 4377 3030 4440 Isaias,
3060 4377 3151 4446 qui
3194 4376 3261 4430 de
3288 4362 3496 4429 iisdem:
3541 4371 3543 4384 ¹

1892 4468 2222 4523 vaticinatur
2245 4468 2331 4524 liis
2351 4469 2561 4524 verbis:
2590 4467 2790 4534 Quibus
2809 4485 2912 4521 non
2940 4467 3400 4520 annuntiatnmest
3419 4462 3484 4518 de
3539 4471 3544 4478 ‘

1891 4579 1971 4625 eo,
1986 4561 2266 4616 videbunt:
2288 4571 2333 4615 et
2351 4562 2439 4630 qui
2461 4578 2562 4615 non
2579 4561 2880 4624 audierunt,
2907 4555 3195 4628 intelligent
3215 4560 3336 4616 ¹³.-ν
3360 4556 3484 4611 Illic

218 4646 348 4704 Ἐκεῖ
370 4651 742 4707 ἐδειλίασαν
785 4651 966 4718 φόϐῳ,
1019 4645 1092 4704 οὗ
1153 4652 1265 4704 οὐκ
1298 4645 1376 4719 ἦν
1429 4650 1630 4718 φόϐος.
1660 4650 1789 4702 Ὅτι

1895 4651 2285 4721 trepidaverunt
2336 4653 2521 4704 timore
2560 4650 2649 4703 ubi
2705 4668 2810 4704 non
2853 4659 2968 4703 erat
3004 4654 3180 4704 timor.
3217 4649 3497 4714 Quoniam

206 4741 232 4790 ό
256 4742 386 4808 Θεὸς
419 4745 490 4797 ἐν
530 4741 730 4814 γενεᾷ
773 4740 995 4808 δικαίᾳ.
1037 4741 1194 4805 Τίνες
1234 4741 1290 4794 δὲ
1323 4741 1437 4795 ἀλλ’
1470 4740 1502 4812 ἦ
1537 4743 1586 4794 οἱ
1622 4742 1788 4812 ὲργα-

204 4830 392 4900 ζόμενοι
430 4835 533 4907 τὴν
571 4835 840 4906 ἀνομίαν,
877 4835 972 4887 καὶ
1003 4835 1051 4886 οἱ
1086 4833 1348 4905 πρότερον
1381 4833 1456 4904 μὴ
1497 4831 1789 4886 ἐπικαλού-

207 4940 332 4990 μενοι
360 4927 448 4979 τὸν
477 4927 743 5000 Κύριον;
782 4926 936 4977 ἔσται
967 4925 1076 4996 γάρ
1121 4941 1250 4978 ποτε
1299 4925 1509 4996 καιρὸς,
1544 4925 1632 4978 ὅτε
1663 4927 1787 4978 ἐπι-

202 5017 473 5081 γνώσονται
500 5021 706 5080 αὐτὸν,
744 5017 865 5070 καθ’
893 5018 952 5070 ὃν
979 5017 1072 5070 καὶ
1100 5017 1264 5086 φόϐον
1294 5015 1659 5088 ἀναλήψονται
1690 5016 1785 5069 τοῦ

201 5107 314 5162 Θεοῦ
335 5112 427 5165 καὶ
445 5112 666 5166 δειλίαν
700 5110 1068 5179 ἀγαθήν.”οτι
1103 5109 1163 5162 δὲ
1187 5109 1277 5162 τὸν
1307 5108 1468 5177 φόϐον
1497 5108 1789 5162 ἀναλαϐεῖν

204 5201 383 5274 Κυρίου
417 5204 636 5274 ἀγαθόν
660 5204 806 5265 ἐστι,
844 5201 1004 5271 δῆλον
1031 5202 1136 5254 ἀπὸ
1163 5199 1258 5255 τοῦ
1285 5199 1568 5268 λέγεσθαι·
1611 5199 1786 5269 Ἀρχὴ

203 5295 396 5363 σοφίας
450 5297 653 5367 φόϐος
679 5296 927 5362 Kvplov.
961 5297 1024 5346 Οἱ
1054 5294 1371 5364 δηλούμενοι
1408 5293 1587 5346 τοίνυν
1617 5293 1784 5363 φοϐηκ

204 5383 429 5455 θήσονται
455 5393 591 5446 ἐκεῖ
617 5387 779 5458 φόϐῳ
797 5405 810 5416 ⁸
841 5387 1087 5440 τουτέστι
1116 5389 1267 5442 τότε.
1289 5385 1422 5439 Τίνα
1457 5386 1514 5438 δὲ
1542 5385 1784 5459 φοϐηθή-

265 5586 302 5616 ¹⁸
337 5586 442 5644 lsa.
479 5603 540 5651 ι,
582 5587 645 5650 1,
669 5583 734 5638 ‘2.
809 5585 850 5616 ¹⁸
893 5582 996 5640 lsa.
1031 5599 1141 5647 ιιι,
1177 5582 1262 5638 l5.
1344 5585 1386 5614 ιθ
1424 5583 1572 5640 Psal.
1609 5599 1698 5652 cx,
1733 5584 1819 5638 10.

1897 4743 2155 4798 Dominus
2191 4745 2245 4797 in
2273 4744 2605 4814 generatione
2623 4743 2779 4811 justa
2806 4751 2904 4796 est.
2939 4741 3172 4808 Quinam
3203 4755 3333 4809 ergo
3373 4739 3481 4793 nisi

1895 4835 1932 4889 ii
1957 4835 2048 4905 qui
2078 4844 2375 4903 operantur
2397 4833 2766 4904 iniquitatem,
2800 4844 2854 4887 et
2887 4833 2978 4902 qui
3004 4834 3158 4902 prius
3193 4830 3496 4908 Dominum

1895 4942 2005 4980 non
2038 4926 2404 4980 invocabant?
2434 4925 2550 4979 Erit
2581 4927 2726 4982 enim
2764 4934 2982 4995 tempus
3014 4941 3125 4995 quo
3147 4931 3481 4992 cognoscent

1895 5016 2070 5076 illum,
2095 5031 2158 5070 ac
2189 5023 2322 5070 tunc
2369 5017 2565 5071 timore
2611 5016 2705 5070 Dei
2757 5015 3153 5084 formidineque
3187 5013 3328 5065 bona
3361 5013 3484 5065 alli-

1896 5108 2132 5163 cieutur.
2166 5108 2321 5174 Quod
2347 5117 2528 5163 autem
2570 5111 2738 5178 proba
2780 5124 2868 5163 res
2919 5108 2990 5162 sit
3040 5108 3235 5160 timore
3265 5103 3495 5168 Domini

1896 5200 2064 5265 attici,
2100 5202 2280 5271 palam
2313 5211 2396 5257 est
2425 5218 2490 5257 ex
2523 5201 2676 5256 hisce
2695 5201 2878 5256 verbis
2906 5220 2918 5254 :
2955 5197 3180 5253 Initium
3208 5187 3494 5272 δαρίεηιεως

1896 5293 2055 5346 timor
2083 5292 2294 5346 Domini
2324 5295 2384 5346 ¹⁶.
2423 5293 2500 5346 1Ηί
2540 5293 2722 5362 itaque
2749 5291 2817 5346 de
2855 5291 3056 5361 quibus
3093 5291 3205 5358 jam
3253 5302 3436 5343 sermo
3463 5280 3493 5351 ,¹

1894 5388 2028 5453 illic,
2060 5387 2111 5440 id
2154 5395 2257 5452 est,
2285 5398 2408 5441 tunc
2451 5387 2802 5458 trepidabunt
2849 5385 3066 5439 timore.
3099 5382 3274 5449 Quem
3316 5395 3482 5451 porro

260 5765 330 5828 (tl
369 5764 910 5834 Προσυπακούειν.
935 5764 987 5817 id
1019 5772 1103 5820 est
1145 5762 1472 5829 respondere.
1511 5761 1647 5820 Vide
1683 5760 1789 5818 ἰιι(

1894 5761 2119 5817 mastico
2143 5756 2209 5815 ad
2249 5757 2455 5814 calcem
2490 5770 2718 5826 operum
2755 5749 3038 5809 Athanasii
3068 5749 3123 5806 in
3160 5761 3293 5803 voce
3328 5743 3490 5810 ima-v.1

209 5837 381 5903 ῑούειν,
415 5833 472 5896 et
506 5833 841 5900 ὑπακούων,
879 5851 1074 5906 supra,
1109 5835 1175 5892 ad
1208 5849 1354 5893 vers.
1381 5834 1434 5888 '5.
