4020 6372
449 403 555 461 H7

1255 407 1528 465 EUSEBII
1568 408 2054 467 CESARIENSIS
2086 410 2237 468 OPP.
2275 411 2459 469 PARS
2496 413 2586 471 III.
2630 444 2700 458 ~—
2732 415 3147 477 EXEGETICA.

3624 387 3728 478 its

443 521 717 577 timebunt
774 521 883 578 nisi
912 519 1245 577 Dominum?
1271 521 1389 578 Illic
1421 530 1629 587 autem,
1659 523 1908 586 ubinam,
1933 525 2021 579 nis

2147 540 2330 578 σονται
2368 525 2401 597 ἢ
2436 526 2530 580 τὸν
2558 526 2795 600 Κύριον;
2831 530 2952 583 ἐκεῖ
2978 530 3055 597 δὲ,
3085 529 3188 584 ποῦ
3220 530 3254 604 ἢ
3282 531 3339 584 ἐν
3365 533 3430 603 τῇ
3464 530 3726 604 μελλούσῃ

443 614 502 668 in
547 629 612 671 ea
667 629 788 685 qua)
836 621 1069 671 ventura
1108 622 1195 671 est
1242 615 1625 687 generatione?
1677 617 2033 686 quamobrem

442 706 760 778 subjungit:
1892 760 1895 763 .

514 797 683 855 Vsus.
719 798 776 854 6.
817 799 1087 867 Quoniam
1132 798 1391 855 Dominus
1426 801 1485 855 in
1516 804 1852 872 generatione
1880 805 2036 874 justa

440 902 541 949 est.
575 891 873 948 Consilium
909 894 1081 964 inopis
1124 893 1444 964 confudistis
1467 935 1485 960 ,
1540 894 1803 952 Dominus
1857 908 2035 954 autem

441 1001 559 1054 spes
585 987 701 1056 ejus
728 994 828 1042 est.
864 985 1340 1052 Quemadmodum
1372 988 1426 1043 in
1462 988 1589 1043 aliis
1623 1005 1844 1060 quoque
1885 992 2036 1061 judi—

439 1079 566 1143 ciis,
633 1093 756 1150 quae
798 1077 867 1134 de
917 1079 1300 1136 contractibus
1353 1086 1410 1135 et
1462 1078 1530 1135 de
1568 1083 1900 1157 commercio
1954 1082 2034 1138 fe-

436 1177 660 1233 runtur,
696 1170 845 1224 nulla
874 1170 1129 1226 habenda
1179 1178 1265 1226 est
1303 1185 1670 1241 personarum
1720 1174 1896 1241 ratio;
1950 1175 2032 1230 sic

437 1261 495 1314 in
532 1260 1190 1325 consultationibus,non
1220 1261 1536 1331 imperium,
1570 1279 1680 1318 non
1714 1262 2029 1330 facultates,

436 1350 535 1409 sed
567 1367 724 1409 mens
752 1361 901 1409 recte
936 1353 1186 1409 instituta
1212 1353 1497 1425 probaque
1529 1356 1873 1412 conscientia
1909 1373 2035 1428 spe—

434 1444 637 1501 ctanda
674 1453 781 1501 est.
815 1445 945 1501 Haec
975 1462 1142 1517 porro
1176 1432 1299 1519 quas
1348 1446 1464 1517 jam
1517 1448 1805 1519 proposita
1857 1457 2029 1517 sunt,

432 1545 672 1610 possunt
694 1553 816 1594 mea
845 1538 1067 1610 quidem
1091 1540 1366 1595 sententia
1395 1538 1464 1595 de
1487 1538 1696 1595 Judaeis
1727 1539 2031 1598 Salvatoris

434 1631 726 1688 consilium
758 1631 1100 1688 confundere
1123 1632 1456 1687 conantibus
1489 1632 1687 1703 accipi,
1715 1632 1845 1703 quia
1871 1644 2033 1703 puta.-

430 1731 556 1779 rent
578 1723 760 1794 ipsum
796 1739 921 1781 esse
953 1724 1174 1795 inopem
1203 1724 1409 1789 virum,
1444 1739 1548 1779 nec
1580 1724 1906 1780 thesaurum
1940 1726 2028 1779 di-

429 1814 680 1869 vinitatis
705 1822 1024 1886 pensarent.
1051 1812 1095 1868 li
1126 1814 1312 1885 itaque
1344 1815 1613 1871 doctrinae
1640 1814 1792 1870 illius
1814 1829 2029 1885 semper

2140 618 2502 688 συστήσεσθαι
2551 622 2745 693 γενεᾲ;
2808 621 2890 675 διὸ
2931 623 3203 693 ἐπιλέγεμ

2211 798 2331 856 Ὅτι
2377 805 2408 857 ὀ
2475 806 2619 871 Θεὸς
2675 802 2750 859 ἐν
2804 798 2997 876 γενεᾷ
3027 806 3245 874 δικαίᾳ.
3284 807 3532 877 Βουλὴν
3576 822 3730 862 πτω-

2151 894 2266 964 χοῦ
2312 897 2767 965 κατῃσχύνατε,
2817 901 2851 951 ό
2908 897 2979 951 δὲ
3047 899 3263 966 Κύριος
3311 899 3486 965 ἐλπίς
3541 901 3729 955 αὺτοῦ

2138 984 2329 1041 ἐστιν.
2359 978 2572 1059 Ὥσπερ
2604 990 2667 1041 ἐν
2716 991 2830 1063 τοῖς
2893 989 3075 1055 ἄλλοις
3116 991 3349 1063 κρίμασι
3413 994 3525 1055 τοῖς
3582 1010 3729 1062 γινο-

2138 1080 2323 1150 μένοις
2371 1082 2502 1153 scapi.
2552 1060 2977 1151 συναλλάγματα
3027 1082 3124 1136 καὶ
3157 1060 3456 1146 κοινωνίας
3482 1060 3603 1136 οὐκ
3648 1086 3729 1148 είς

2135 1169 2406 1239 πρόσωπα
2471 1168 2692 1239 βλέπειν
2756 1170 2866 1223 δεῖ⁸
2954 1168 3129 1234 οὓτως
3187 1172 3246 1224 ὲν
3306 1174 3420 1235 τοῖς
3480 1170 3728 1242 βουλευο-

2139 1260 2322 1331 μένοις
2375 1262 2477 1315 obit
2533 1264 2617 1326 εἰς
2671 1264 2846 1335 ἀρχὴν
2897 1263 2992 1318 καὶ
3057 1264 3372 1335 περιουσίαν
3406 1264 3722 1337 σκοπητέονο

2135 1351 2250 1406 ἀλλ’
2297 1354 2378 1417 είς
2433 1352 2560 1408 νοῦν
2619 1354 3029 1427 διηρθρωμένον
3096 1356 3194 1409 καὶ
3248 1355 3309 1409 τὸ
3355 1356 3727 1428 εὐσυνείδητον

2134 1444 2347 1515 ἔχοντα.
2389 1447 2747 1501 Ἐπιστατέον
2795 1446 3066 1513 ἐκλαϐεῖν,
3099 1450 3147 1501 εἰ
3178 1448 3423 1513 δυνατὸν,
3457 1451 3586 1520 περὶ
3616 1448 3727 1503 τῶν

2147 1537 2414 1593 Ἰουδαίων
2447 1540 2517 1594 τὰ
2564 1541 2923 1613 προκείμενα,
2973 1540 3491 1621 τὴν-’ποῦ’Σωτῆρος
3533 1541 3726 1615 βουλὴν

2133 1630 2495 1701 καταισχῦναι
2530 1633 2889 1697 σπευδόντων,
2920 1631 3000 1703 τῷ
3034 1632 3286 1703 ἡγεῖσθαι
3318 1632 3483 1685 αὐτὸν
3509 1634 3726 1704 πτωχόν

2131 1738 2255 1777 τινα
2297 1719 2469 1787 εἶναι,
2523 1725 2617 1779 καί⁹
2679 1724 2753 1797 μὴ
2807 1723 3037 1778 πλοῦτον
3091 1723 3367 1795 θεότητος.
3425 1725 3537 1777 Ἀεὶ
3593 1725 3725 1794 γοῦν

2131 1816 2225 1869 καὶ
2263 1816 2607 1886 ἀντιλέγουσι
2656 1821 2723 1890 τῇ
2766 1818 3089 1890 διδασκαλίᾳ
3141 1817 3329 1884 αὑτοῦ,
3368 1820 3464 1873 καὶ
3502 1820 3600 1883 τὰς
3631 1837 3721 1875 τεη

429 1905 858 1973 contradicunt;
892 1922 957 1961 ac
986 1907 1385 1963 miraculorum
1429 1908 1697 1987 virtutes,
1729 1910 1887 1978 quasi
1915 1922 2021 1964 non

2134 1908 2390 1979 ραστίους
2426 1909 2686 1982 δυνάμεις
2715 1910 3127 1980 κακολογοῦσιν,
3162 1912 3240 1975 ὡς
3270 1912 3344 1984 μὴ
3375 1912 3530 1985 θεῖκῇ
3563 1913 3723 1968 δυνά-

430 1996 620 2052 divina
649 1997 726 2063 vi,
759 1998 857 2054 sed
901 1998 1010 2053 alia
1042 1998 1302 2070 quapiam
1332 1999 1547 2054 ratione
1574 1999 1883 2067 exhibitas,
1933 2014 2028 2055 ca-

428 2089 796 2147 lumniantur.

502 2181 671 2240 Vsus.
714 2184 767 2239 7.
809 2183 943 2251 Quis
970 2183 1119 2239 dabit
1147 2201 1213 2240 ea:
1242 2182 1371 2240 Sion
1394 2184 1634 2241 salutare
1668 2184 1887 2241 Israel?
1905 2203 2026 2241 cum

427 2275 683 2329 averterit
706 2273 965 2330 Dominus
1016 2277 1379 2347 captivitatem
1421 2276 1589 2347 plebis
1620 2294 1755 2344 suae,
1787 2279 2027 2334 exsulta-

427 2368 502 2422 bit
542 2367 711 2423 Iacob
745 2377 796 2443 et
835 2369 1109 2423 la'tabitur
1138 2369 1335 2425 Israel.
1383 2369 1522 2426 Cum
1558 2386 1754 2427 omnes
1803 2388 1909 2427 una
1934 2371 2026 2428 de-

424 2459 729 2527 clinassent
754 2467 809 2516 et
854 2460 1077 2519 inutiles
1111 2460 1240 2516 facti
1267 2467 1476 2540 essent,
1503 2461 1622 2531 jam
1656 2473 1871 2533 tempus
1926 2462 2025 2518 ad-

424 2562 565 2618 orat,
597 2561 657 2608 ut
690 2554 759 2610 ad
793 2553 1132 2623 precandum
1176 2569 1487 2611 sermonem
1537 2562 1811 2624 verteret;
1846 2555 1922 2610 ita
1960 2562 2025 2610 ut

426 2661 530 2699 ceu
578 2641 851 2719 legatione
911 2655 1167 2717 suscepta
1211 2647 1535 2703 diceretur:
1594 2648 1728 2715 Quis
1772 2648 1923 2702 dabit
1957 2664 2023 2704 ex

427 2738 559 2794 Sion
587 2738 827 2793 salutare
876 2737 1090 2793 Israel?
1118 2738 1242 2810 Ipso
1275 2740 1421 2795 enim
1457 2740 1686 2795 salutari
1714 2747 1849 2796 tunc
1881 2756 2022 2813 opus

424 2842 568 2899 erat,
590 2832 737 2904 quod
779 2842 1133 2904 peccatorum
1169 2833 1561 2888 remissionem
1611 2833 1914 2898 tribueret,
1969 2842 2022 2890 et

422 2920 625 2987 auctor
649 2908 844 2982 salutis
872 2933 1037 2981 esset.
1087 2924 1327 2997 ldipsum
1374 2927 1616 2982 salutare
1656 2927 1802 2998 quod
1824 2943 2023 2984 secun-

424 3016 557 3071 dum
586 3032 810 3092 carnem
846 3033 912 3092 ex
946 3018 1156 3074 semine
1186 3016 1411 3074 Davidis
1464 3018 1710 3087 prodiit,
1768 3035 1838 3075 ex
1887 3019 2019 3074 Sion

421 3107 612 3181 datum
646 3115 731 3164 est
762 3127 778 3162 :
811 3106 958 3162 Nam
990 3109 1156 3164 veniet
1188 3123 1255 3164 ea:
1284 3109 1417 3164 Sion
1446 3110 1764 3179 redemptor,
1796 3117 1847 3162 et
1869 3124 2019 3163 aver-

420 3206 493 3255 tet
518 3199 825 3276 iniquitates
856 3215 890 3252 a
912 3197 1081 3253 Iacob
1107 3184 1174 3253 ίτ.
1207 3197 1412 3254 Eodem
1445 3213 1664 3269 quoque
1687 3212 1855 3254 sensu
1882 3196 2018 3252 illud

420 3291 662 3364 accipias
693 3291 862 3367 licet:
917 3288 1002 3344 Ea:
1030 3289 1161 3346 Sion
1214 3291 1408 3359 species
1451 3289 1656 3345 decoris
1682 3291 1796 3359 ejus
1825 3290 1904 3354 ³⁸,
1954 3295 2017 3345 ut

2135 2018 2247 2073 μει,
2277 2002 2392 2056 ἀλλ’
2423 2003 2644 2059 ἄλλοθέν
2672 2003 2835 2061 ποθεν
2864 1998 3261 2079 γεγενημένας.

2150 2209 2155 2213 .
2204 2169 2302 2237 Τίς
2340 2169 2522 2226 δώσει
2564 2170 2634 2226 ἐκ
2663 2169 2819 2227 Σιὼν
2854 2165 2922 2226 τό
2963 2173 3261 2243 σωτήριον
3304 2175 3411 2230 τοῦ
3452 2173 3686 2244 Ἰσραήλ
3696 2192 3727 2238 ε.

2124 2259 2198 2317 ἐν
2231 2262 2313 2329 τῷ
2340 2262 2701 2333 ἐπιστρέψαι
2745 2266 2969 2333 Κύριον
3008 2265 3125 2335 τὴν
3163 2268 3583 2337 αἰχμαλωσίαν
3612 2267 3726 2323 τοῦ

2125 2354 2280 2412 λαοῦ
2325 2355 2515 2411 αὐτοῦ
2557 2355 2993 2426 ἀγαλλιάσεται
3043 2358 3263 2424 Ἰακὼϐ,
3314 2358 3413 2416 καὶ
3461 2361 3720 2428 εὐφραν-

2127 2447 2377 2514 θήσεται
2430 2447 2693 2517 Ἰσραήλ.
2759 2449 2985 2505 Πάντων
3039 2449 3402 2505 ἐκκλινάντων
3460 2451 3555 2504 καὶ
3599 2451 3721 2521 ἅμα.

2123 2537 2535 2610 ἀχρειωθέντων
2561 2539 2755 2611 καιρὸς
2783 2535 2853 2611 ἦν
2878 2542 2958 2605 είς
2983 2541 3148 2613 εὐχὴν
3181 2542 3377 2614 τρέψαι
3409 2540 3503 2594 τὸν
3536 2540 3717 2609 λόγον,

2125 2628 2201 2693 ὡς
2234 2629 2533 2702 πρεσϐείας
2565 2631 2754 2702 τρόπῳ
2788 2630 2953 2701 φάναι
2976 2650 2989 2663 ο
3028 2634 3124 2698 Τίς
3154 2632 3333 2687 δώσει
3369 2635 3438 2687 ἐκ
3466 2634 3622 2688 Σιὼν
3646 2632 3717 2690 τὸ

2124 2722 2424 2791 σωτήριον
2463 2724 2572 2779 τοῦ
2618 2723 2892 2794 ἰσραήλ;
2930 2725 3109 2779 Αὑτοῦ
3160 2726 3268 2797 γὰρ
3304 2726 3464 2799 χρεία
3508 2728 3717 2793 λοιπὸν,

2122 2813 2217 2867 τοῦ
2266 2815 2463 2885 ἄφεσιν
2511 2817 2929 2889 ἁμαρτημάτων
2979 2817 3340 2889 παρέχοντος,
3395 2817 3490 2872 τοῦ
3541 2818 3716 2875 αἰτίου

2121 2909 2222 2981 τῆς
2262 2909 2482 2964 αἰωνίου
2529 2911 2822 2982 σωτηρίας.
2886 2910 3058 2965 Τοῦτο
3095 2912 3158 2965 τὸ
3192 2906 3457 2984 σωτήριον
3483 2913 3545 2966 τὸ
3577 2913 3719 2969 κατὰ

2124 3000 2306 3071 σάρκα
2356 3002 2422 3055 ἐκ
2478 3001 2794 3074 σπέρματος
2845 3002 3011 3058 Δαυῖδ
3058 3004 3302 3074 γεγονὸς,
3335 3006 3400 3059 ἐκ
3450 3005 3550 3076 τῆς
3576 3004 3723 3060 Σιὼν

2121 3095 2362 3150 δέδοταιο
2423 3095 2585 3161 Ἥξει
2646 3098 2758 3168 γὰρ
2815 3099 2887 3153 ἐκ
2937 3096 3091 3153 Σιὼν
3152 3102 3185 3153 ό
3234 3099 3562 3168 ῥυόμενος,
3615 3103 3713 3154 καί

2121 3190 2493 3258 ἀποστρέψει
2525 3191 2805 3257 ἀσεϐείας
2836 3191 2955 3246 ἀπὸ
2995 3188 3212 3248 Ἰακώϐ.
3259 3192 3354 3254 Εἰς
3385 3190 3545 3244 τοῦτο
3569 3190 3716 3261 λήψῃ

2046 3254 2092 3317 c
2124 3283 2185 3336 τό
2205 3300 2217 3313 ·
2256 3254 2348 3337 Ἐκ
2372 3254 2526 3337 έιὼν
2557 3285 2597 3352 ἡ
2629 3254 2952 3352 εὐπρέπεια
2982 3284 3094 3352 τῆς
3122 3285 3479 3353 ὡραιότητος
3505 3254 3713 3348 αὐτοί,

419 3380 670 3454 apposite
739 3384 1079 3455 intelligatur
1154 3382 1396 3455 salutare
1480 3383 1612 3437 illud
1669 3399 1735 3439 ex
1799 3382 2014 3439 coelesti

2125 3373 2347 3429 δυνατὸν
2390 3376 2674 3429 ἐκλαϐεῖν*
2713 3378 2790 3441 ὡς
2821 3378 2915 3431 καὶ
2958 3380 3025 3431 ἐκ
3069 3379 3171 3449 τῆς
3215 3378 3542 3448 ἐπουρανίου
3575 3376 3719 3433 Σιὼν

420 3477 554 3547 Sion
587 3476 902 3548 advenisse,
939 3475 1214 3547 siquidem
1264 3476 1320 3530 in
1354 3477 1474 3547 ipsa
1501 3475 1755 3532 Christus
1782 3491 2011 3547 regnum

2125 3467 2349 3541 ἐλήλυθε
2383 3468 2445 3522 τὸ
2481 3470 2778 3542 σωτήριον’
2828 3471 3063 3542 ἐπείπερ
3097 3472 3155 3524 ἐν
3181 3470 3317 3542 αὐτῇ
3363 3472 3575 3543 εἴρηται
3615 3471 3717 3542 τὴν

417 3569 877 3643 obtineredictus
901 3579 1004 3625 est.
1049 3568 1421 3637 Quamobrem
1456 3584 1658 3640 seopus
1688 3575 1908 3633 noster,
1947 3583 2012 3623 ac

2125 3559 2402 3630 βασιλείαν
2456 3560 2601 3632 ἔχειν
2650 3562 2680 3614 ὁ
2720 3561 2976 3634 Χριστός.
3031 3562 3122 3617 Διὸ
3150 3564 3246 3616 καὶ
3278 3565 3307 3616 ὁ
3330 3564 3532 3629 σκοπὸς
3557 3563 3718 3637 ἡμῶν

418 3678 545 3733 spes
571 3676 824 3733 supernae
852 3654 1160 3717 vocationis
1193 3672 1279 3717 est
1309 3677 1537 3733 regnum
1567 3662 1851 3716 caelorum.
1896 3659 2013 3718 Sub

2125 3651 2217 3705 καὶ
2276 3653 2310 3723 ή
2358 3651 2514 3717 ἐλπὶς
2568 3652 2669 3724 τῆς
2728 3653 2842 3707 ἄνω
2907 3653 3155 3725 κλήσεως
3212 3656 3245 3726 ἡ
3308 3654 3554 3725 βασιλεία
3605 3655 3715 3709 τῶν

416 3753 555 3818 haec,
585 3736 824 3809 fuiuram
845 3752 1101 3809 omnibus
1130 3753 1445 3809 [nominibus
1484 3752 1553 3808 ab
1591 3753 1823 3823 ipsemet
1861 3753 2013 3809 salu-

2125 3741 2366 3812 οὐρανῶν
2397 3741 2677 3812 τυγχάνει.
2731 3737 2847 3795 Εἶθ’
2883 3742 3010 3813 ἑξῆς
3044 3742 3143 3815 τὴν
3174 3744 3473 3815 μέλλουσαν
3509 3745 3726 3800 ἅπασιν.

414 3846 523 3901 tari
544 3847 949 3903 conciliandam
980 3847 1289 3902 libertatem
1317 3847 1582 3902 declarat.
1615 3840 1694 3902 Ae
1732 3848 2010 3919 perpende

2125 3834 2429 3908 ἀνθρώποις
2464 3835 2847 3908 προξενείσθαι
2880 3837 2989 3890 ἀπὸ
3036 3838 3221 3892 κακῶν
3262 3838 3576 3911 ἐλευθερίαν
3624 3839 3716 3893 διὰ
3812 3908 3829 3922 .

416 3941 574 4013 mihi,
600 3956 808 4030 quaeso,
841 3958 950 4030 quo
980 3949 1141 4012 pacto
1168 3982 1184 4006 ,
1236 3955 1360 3995 cum
1393 3940 1482 3995 alii
1535 3941 1805 4016 redempti
1856 3940 1968 4018 sint
1990 3980 2006 4006 ,

415 4035 555 4095 alios
588 4041 770 4091 tamen
794 4034 943 4087 dicat
974 4036 1254 4089 exsultare
1283 4053 1295 4087 :
1332 4049 1458 4087 nam
1491 4049 1615 4088 cum
1642 4033 1880 4104 pepulus
1910 4031 2011 4089 Do-

414 4124 552 4177 mini
590 4138 621 4195 a
660 4124 979 4195 captivitate
1012 4123 1337 4193 liberabitur
1360 4163 1374 4188 ,
1406 4121 1716 4177 Exsultabit
1741 4164 1756 4189 ,
1804 4124 2029 4194 inquit,’

411 4213 604 4283 Iacob,
636 4225 685 4270 et
715 4198 986 4294 [lambitur
1034 4213 1231 4273 Israel.
1260 4213 1398 4285 Cum
1437 4214 1606 4285 igitur
1637 4198 2008 4271 futurum‘es-

414 4316 533 4374 set,
571 4316 630 4379 ut
656 4309 853 4380 animm
891 4310 1022 4365 olim
1051 4324 1081 4379 a
1113 4307 1418 4363 daemonica
1447 4322 1638 4363 errore
1681 4308 1737 4362 in
1770 4309 2006 4379 captivi-

412 4405 582 4451 tatem
623 4397 905 4462 obduetae,
957 4412 1055 4468 per
1084 4381 1323 4453 salutare
1357 4395 1451 4451 Dei
1487 4397 1799 4453 libertatem
1852 4412 2006 4453 asse-

411 4495 733 4569 quercntur,
767 4496 820 4543 et
847 4503 916 4543 ex
966 4489 1231 4559 omnibus.
1277 4487 1532 4559 gentibus
1588 4487 1657 4541 ad
1713 4486 2004 4543 Dominum

2116 3926 2213 4007 τοῦ
2274 3928 2545 4007 σωτηρίου
2605 3929 2926 4000 παρίστησι.
2993 3929 3105 3982 Καὶ
3155 3929 3254 3983 θέα
3308 3931 3431 3984 τίνα
3489 3930 3712 4002 τρόπον,

2118 4005 2320 4099 ἐτέρων
2359 4005 2765 4103 λυτρουμένων,
2823 4020 3047 4094 ἐτέρους
3101 4023 3266 4095 φησὶν
3317 4023 3708 4092 ἀγαλλιᾶσθαν

2117 4114 2176 4167 ἐν
2223 4113 2302 4185 τῷ
2348 4113 2486 4187 γὰρ’
2525 4114 2942 4188 ἠλευθερῶσθαι
3016 4118 3116 4189 τὴν
3178 4117 3556 4189 αἰχμαλωσίαν
3616 4118 3715 4172 τθῦ

2114 4202 2260 4284 λαοῦ.
2284 4208 2493 4282 Κυρίου
2514 4248 2529 4273 ,
2579 4207 3031 4278 Ἀγαλλιάσεται
3056 4248 3070 4273 ,
3121 4210 3308 4280 φησιν,
3354 4208 3571 4275 Ἰακὼϐ,
3610 4210 3719 4264 καὶ·

2113 4300 2593 4373 εὐφρανθήσεται
2635 4292 2898 4371 Ἰσραήλ.
2942 4303 3064 4357 Τῶν
3104 4299 3196 4356 οὖν
3241 4303 3412 4356 πάλαι
3438 4302 3725 4375 ’ᾐχμαλωτ

2112 4392 2385 4467 τισμένων
2415 4393 2520 4447 ὑπὸ
2546 4394 2644 4466 τῆς
2672 4381 2993 4465 δαιμονικῆς
3015 4393 3224 4465 πλάνης
3253 4394 3469 4465 ψυχῶν,
3486 4392 3712 4465 μελλου-

2117 4485 2224 4540 σῶν
2245 4485 2336 4540 διὰ
2358 4487 2452 4540 τοῦ
2486 4470 2753 4564 σωτηρίου
2786 4468 2880 4541 τοῦ
2900 4487 3035 4541 Θεοῦ
3067 4487 3380 4559 ἐλευθερίας
3401 4487 3709 4559 τυγχάνειν,

410 4579 664 4635 homines
692 4587 1185 4648 converterentur;
1221 4580 1317 4652 qui
1371 4580 1502 4634 olim
1535 4579 1592 4633 in
1623 4578 1735 4659 Deo
1760 4579 2005 4636 defuncti

2125 4579 2208 4632 καὶ
2248 4579 2307 4646 ἐξ
2353 4580 2609 4652 ἁπάντων
2646 4580 2754 4634 τῶν
2794 4580 2966 4634 ἐθνῶν
3002 4579 3305 4659 μελλόντων
3356 4579 3712 4651 ἐπιστρέφειν

412 4684 544 4735 sunt
565 4673 702 4743 justi
733 4682 898 4744 atque
926 4672 1228 4744 prophetre,
1253 4672 1347 4744 qui
1383 4688 1513 4727 vere
1538 4671 1729 4738 Israel,
1763 4687 1890 4727 vere
1912 4670 2006 4726 Ja—

412 4766 517 4820 cob
547 4760 851 4840 nuncupari
885 4752 1146 4837 possunt,
1172 4765 1530 4820 exsultabunt
1562 4780 1626 4819 ac
1656 4764 2003 4832 laetabuntur,

410 4861 559 4930 quod
589 4860 850 4915 vaticinia
884 4860 953 4913 ab
984 4875 1043 4914 se
1081 4859 1148 4914 de
1176 4859 1337 4913 nobis
1371 4860 1516 4915 edita
1542 4858 1812 4927 completa
1857 4859 2002 4927 sint,

411 4953 669 5024 quodque
697 4951 800 5027 ipsi
845 4951 1003 5007 nobis
1052 4950 1120 5006 de
1147 4953 1339 5021 adepta
1391 4952 1568 5007 salute
1616 4952 2004 5027 congratulen-

409 5050 522 5102 tur.
555 5044 901 5121 Quapropter
938 5042 1159 5099 Simeon
1182 5084 1195 5104 ,
1235 5059 1360 5097 cum
1394 5044 1461 5098 de
1492 5043 1777 5109 Salvatore
1832 5044 2007 5099 dixis-

413 5145 540 5201 set:
577 5138 777 5194 Lumen
813 5141 919 5211 erit
959 5138 1028 5193 ad
1065 5137 1435 5195 reuelationem
1461 5141 1731 5218 gentium;
1769 5139 2001 5216 addidit,

2111 4670 2204 4723 ἐπὶ
2241 4670 2332 4724 τὸν
2362 4672 2591 4744 Κύριον,
2640 4673 2689 4725 οἱ
2719 4672 2890 4747 πάλαι
2934 4656 3087 4743 παρὰ
3117 4672 3194 4743 τῷ
3222 4671 3342 4743 Θεῷ
3385 4672 3711 4725 ἀναπεπαυ-

2114 4762 2265 4833 μένοι
2311 4763 2507 4841 δίκαιοι
2555 4766 2650 4819 καὶ
2695 4767 2995 4841 προφῆται,
3044 4766 3201 4819 αὐτοὶ
3221 4765 3373 4829 ὄντες
3419 4768 3448 4819 ὁ
3490 4763 3711 4836 ἀληθῶς

2108 4855 2331 4930 Ἰσραὴλ
2380 4858 2478 4912 καὶ
2528 4860 2557 4913 ὁ
2601 4858 2820 4931 ἀληθῶς
2869 4857 3087 4923 Ἰακὼϐ,
3142 4858 3564 4926 ἀγαλλιάσονται
3612 4858 3711 4910 καὶ

2111 4950 2598 5024 εὐφρανθήσονται,
2631 4952 2721 5006 διὰ
2762 4952 2824 5005 τὸ
2854 4952 3194 5027 πληροῦσθαι
3233 4950 3415 5005 αὐτῶν
3444 4948 3543 5014 τὰς
3575 4950 3709 5020 περὶ

2112 5043 2271 5113 ἡμῶν
2305 5045 2661 5116 προφητείας,
2709 5045 2805 5098 καὶ
2854 5045 2943 5099 διὰ
2990 5045 3051 5098 τὸ
3103 5044 3422 5115 συγχαίρειν
3459 5046 3525 5114 τῇ
3564 5044 3705 5114 ήμε-

2109 5134 2246 5207 τέρᾳ
2280 5136 2557 5208 σωτηρίᾳ..
2590 5136 2679 5190 Διὸ
2714 5137 2809 5190 καὶ¹
2852 5137 2881 5189 ὁ
2914 5136 3164 5209 Συμεὼν,
3185 5159 3198 5174 ·
3220 5135 3392 5190 εἰπὼν
3437 5137 3565 5208 περὶ
3609 5134 3705 5188 τοῦ

2108 5228 2382 5300 Σωτῆρος,
2436 5230 2519 5281 ὅτι
2566 5227 2696 5295 Φῶς
2743 5228 2896 5282 ἔσται
2941 5231 3028 5295 είς
3063 5228 3461 5295 ἀποκάλυψιν
3488 5224 3701 5289 ἐθνῶν,

1993 5354 2000 5361 .
2112 5319 2384 5393 ἐπήγαγε,
2419 5317 2519 5372 καὶ
2547 5318 2735 5381 δόξαν
2761 5317 2918 5372 λαοῦ
2951 5334 3068 5372 σου
3095 5316 3357 5386 Ἰσραήλ.

2236 5432 2346 5486 ΕΙΣ
2383 5433 2472 5487 ΤΟ
2510 5432 2732 5485 ΤΕΛΟΣ
2771 5430 3065 5484 ΨΑΛΜΟΣ
3103 5432 3189 5483 ΤΩ
3223 5429 3421 5483 ΔΑΥΙΔ
3461 5429 3558 5482 ΙΔ’.

2178 5547 2390 5615 Κύριε,
2436 5546 2530 5613 τίς
2572 5543 2928 5613 παροικήσει
2958 5545 3028 5598 ἐν
3063 5542 3144 5608 τῷ
3180 5542 3531 5612 σκηνώματι
3556 5555 3703 5605 σου;

2110 5638 2210 5693 καὶ
2246 5639 2339 5705 τίς
2366 5636 2820 5705 κατασκηνώσει
2860 5637 2930 5689 ἐν
2967 5634 3046 5700 τῷ
3092 5635 3210 5703 ὄρει
3256 5628 3335 5695 τῷ
3369 5633 3515 5703 ἁγίῳ
3545 5646 3661 5686 σου
3680 5648 3702 5695 ;

2108 5731 2243 5786 Ἀπὸ
2273 5732 2381 5788 τῶν
2429 5731 2879 5804 προσεχεστέρων
2925 5727 3239 5801 προϐαίνων,
3276 5723 3566 5798 διαγράφει
3609 5722 3712 5789 τὸν,

409 5242 458 5285 et
480 5231 710 5300 gloriam
735 5231 902 5303 plebis
936 5242 1065 5295 tute,
1094 5229 1269 5309 Israel
1298 5233 1363 5286 '9.

642 5436 710 5492 IN
747 5435 960 5493 FINEM
999 5434 1330 5493 PSALMUS
1370 5435 1582 5493 DAVID
1617 5437 1761 5495 XIV.

497 5564 654 5608 usus.
697 5552 752 5608 1.
799 5552 1051 5618 Domine,
1101 5552 1220 5622 quis
1250 5550 1513 5607 habitabit
1566 5553 1622 5607 in
1662 5552 2002 5607 tabernaculo

418 5657 506 5701 tuo
527 5651 553 5701 ?
580 5654 674 5699 aut
707 5647 824 5716 quis
863 5647 1144 5716 requiescet
1174 5646 1230 5699 in
1260 5653 1434 5700 monte
1462 5654 1649 5701 sancto
1679 5648 1812 5701 tuo?
1851 5644 1896 5698 Α
1924 5647 2005 5700 vi-

415 5734 719 5791 cinioribus
746 5735 1054 5807 procedens
1073 5774 1090 5802 ,
1152 5734 1454 5806 perfectum
1485 5734 1663 5790 virum
1715 5732 1999 5790 describit.

493 5893 534 5926 "
577 5892 675 5948 Isa.
717 5907 843 5961 m,
874 5890 961 5948 20.
1044 5891 1085 5925 ¹⁸
1123 5889 1268 5948 Psal.
1303 5905 1449 5959 χιιι,
1498 5888 1551 5946 2.
1634 5890 1674 5923 ¹⁹
1714 5887 1848 5944 Luc.
1891 5905 1962 5954 ιι,
1998 5887 2086 5944 52.
