4020 6372
328 423 438 480 H9

1464 433 1976 492 COMMENTARIA
2015 441 2082 495 IN
2112 441 2454 500 PSALMOS.

3478 445 3581 502 £50

324 539 554 594 τέλειον.
607 538 877 610 Παροικία
905 540 961 593 δέ
990 540 1108 594 ἐστι
1165 540 1410 613 διαγωγὴ
1456 544 1792 616 πρόσκαιρος
1822 547 1909 598 ἐπ’

2015 546 2288 605 Habitat-io
2321 559 2502 606 autem
2530 560 2614 607 est
2642 557 2994 629 temporanea
3030 555 3418 620 commoratio,
3458 572 3607 610 cum.

322 630 507 683 ἑλπίδι
539 630 639 699 τῆς
676 631 1000 702 κρείττονος.
1049 634 1140 685 Διό
1171 651 1304 704 φησι
1339 635 1432 686 καὶ
1461 635 1623 687 Δαυῒδ
1645 652 1659 665 ·
1699 635 1908 704 Πάροι-

320 721 439 787 κός
494 725 611 790 ειμι
660 722 755 773 καί
812 723 1245 791 παρεπίδημος,
1327 727 1521 791 καθὼς
1576 726 1798 792 πάντες
1855 728 1910 780 οἱ

322 813 582 881 πατέρες
622 831 760 882 μου.
804 815 1074 886 Πάροικος
1114 815 1226 888 γὰρ
1253 816 1528 888 Ἀϐραάμ,
1582 819 1716 887 μηδὲ
1760 819 1911 889 βῆμα

324 907 666 976 κεκτημένος
706 906 885 968 ποδὸς,
925 907 1075 976 μόλις
1101 909 1160 960 δὲ
1190 910 1358 978 τάφον
1391 911 1710 980 πριάμενος.
1749 912 1813 964 Ὅ
1845 911 1909 981 δὴ

329 999 602 1069 σύμϐολον
638 997 732 1050 τοῦ
769 997 947 1062 ζῶντα
999 1000 1096 1070 μὲν
1137 1003 1196 1053 ἐν
1239 1003 1402 1074 σαρκὶ
1455 1003 1716 1074 πάροικον
1773 1001 1910 1057 εἶναι

328 1091 652 1162 προσήκειν,
703 1091 1090 1160 μεταϐαίνοντα
1145 1092 1202 1144 δὲ
1254 1094 1480 1162 ταύτης,
1531 1096 1641 1156 τοῖς
1691 1094 1910 1157 οἰκείοις

324 1185 515 1246 τόποις
555 1181 943 1237 ἀναπαύεσθαι.
987 1184 1096 1237 Καὶ
1134 1185 1402 1256 μακάριόν
1445 1203 1608 1256 φησιν
1657 1189 1714 1238 ὲν
1757 1186 1912 1239 ἁλλο-

329 1273 518 1341 φῦλοις
553 1272 920 1342 παροικοῦντα
941 1313 954 1334 ,
989 1271 1062 1343 μὴ
1099 1273 1174 1335 ὡς
1215 1274 1437 1337 οἰκείοις
1485 1274 1910 1346 προστετηκέναι

325 1367 441 1427 τοῖς
491 1366 549 1416 ὲν
602 1366 665 1434 τῇ
711 1367 818 1434 γῇ.
873 1365 1143 1434 Σκήνωμα
1191 1365 1246 1417 δὲ
1290 1365 1424 1420 Θεοῦ
1478 1369 1509 1435 ἡ
1568 1365 1697 1436 παρ’
1747 1365 1908 1418 αὐτοῦ

324 1456 586 1526 δεδομένη
628 1455 765 1525 σὰρξ
811 1459 877 1526 τῇ
907 1453 1000 1508 τοῦ
1027 1455 1314 1527 ἀνθρώπου
1347 1457 1491 1526 ψυχῇ
1536 1457 1672 1527 πρὸς
1704 1455 1912 1526 ἐνοίκη-

327 1565 434 1600 σιν.
487 1548 585 1610 Τίς
628 1542 743 1609 οῦν,
790 1546 867 1610 ὡς
912 1546 1167 1618 ἀλλοτρίᾳ
1217 1548 1582 1619 κεχρημένος,
1637 1547 1913 1618 ἔγκαρπον

325 1641 500 1710 αὐτὴν
552 1639 864 1712 παραδώσει
908 1641 986 1710 τῷ
1025 1640 1310 1703 δεδωκότι,
1358 1643 1434 1704 ὼς
1464 1641 1530 1693 ἂν
1559 1640 1779 1710 γένηται
1823 1641 1914 1692 καὶ

327 1736 598 1805 σκήνωμα
649 1732 742 1786 τοῦ
789 1732 926 1786 Θεοῦ
968 1737 1083 1796 τοῖς
1133 1734 1308 1801 ἁγίοις
1358 1733 1727 1797 ὲνοικοῦντος·;
1780 1728 1914 1785 Εἶτα

324 1826 466 1896 πρὸς
502 1826 564 1878 τὸ
595 1826 778 1896 μεῖζον
811 1825 1176 1897 προσκόπτει·
1210 1825 1318 1879 Καὶ
1348 1826 1439 1892 τίς
1465 1823 1916 1892 κατασκηνώσει

2013 657 2109 711 spe
2166 644 2406 702 melioris
2457 644 2770 714 conjuncta.
2824 644 3184 711 Quamobrem
3241 647 3316 701 ait
3372 645 3605 706 David:-

2012 735 2225 788 Advcna
2243 752 2357 788 sum
2385 745 2433 787 et
2456 738 2780 806 peregrinus,
2818 736 2949 790 sicut
2977 753 3154 791 omnes
3189 747 3363 807 patres
3390 739 3490 792 mei
3511 739 3588 791 ".-

2012 826 2228 880 Advena
2257 842 2474 896 quoque
2511 835 2628 881 erat
2652 827 2951 892 Abraham,
2981 837 3167 899 utpote
3192 831 3283 899 qni
3319 847 3387 885 ne
3416 830 3603 886 vesti-.

2013 919 2158 988 giqu
2199 919 2352 988 pedis
2405 919 2742 988 possideret,
2798 921 2993 987 vixque
3051 922 3343 990 sepultura?
3400 921 3609 976 locum.

2012 1011 2292 1064 coemerit.
2323 1010 2477 1074 Quod
2511 1027 2643 1065 sane
2675 1012 2971 1082 symbolice
3003 1012 3271 1082 signiﬁcat
3303 1011 3578 1072 hominem

2014 1104 2069 1156 in
2094 1118 2259 1156 carne
2289 1103 2576 1166 viventem,
2612 1119 2708 1156 ceu
2741 1104 2998 1157 advenam
3048 1104 3287 1173 reputari
3338 1104 3598 1178 debere;

2013 1209 2244 1262 cumque
2286 1194 2353 1246 ab
2401 1194 2515 1262 ipsa
2555 1210 2719 1247 cal-Im
2757 1197 3256 1264 trans-migraverit,
3301 1205 3429 1253 tunc
3457 1212 3586 1266 pro-

2013 1280 2147 1349 priis
2181 1280 2234 1332 in
2280 1279 2502 1333 sedibus
2542 1282 2840 1349 quiescere.
2909 1283 2985 1336 Ac
3025 1283 3240 1337 beatum
3289 1299 3411 1340 esse
3448 1286 3582 1344 dicit
3669 1293 3676 1304 ’

2011 1384 2158 1430 enim,
2197 1369 2287 1438 qui
2324 1384 2444 1421 cum
2474 1370 2612 1436 apud
2648 1369 2979 1438 alienigenas
3015 1371 3376 1435 habitaverit,
3408 1380 3582 1431 terre-

2013 1461 2099 1515 nis
2124 1461 2277 1529 quasi
2317 1461 2558 1530 propriis.
2596 1463 2698 1515 sibi
2745 1462 2909 1518 rebus
2953 1479 3063 1517 non
3113 1464 3364 1519 addictus
3395 1465 3578 1520 fuerit.

2015 1551 2448 1607 Tabernaculum
2488 1551 2784 1606 autemDei
2823 1562 2906 1607 est
2935 1570 3084 1616 caro,
3117 1553 3310 1609 animae
3355 1555 3422 1609 ab
3465 1556 3608 1624 ipso-

2015 1651 2084 1699 ad
2122 1643 2476 1698 habitandum
2506 1661 2786 1699 concessa.
2822 1645 2954 1711 Quis
2996 1647 3176 1715 itaque
3202 1661 3265 1700 ea
3301 1655 3360 1700 ut
3409 1645 3606 1701 aliena-

2015 1752 2171 1802 usus,
2200 1734 2514 1806 frugiferam
2547 1737 2792 1792 eamdem
2831 1738 3072 1807 largitori
3108 1737 3379 1801 restituet,
3405 1747 3464 1790 ut
3495 1737 3585 1792 ﬁat

2017 1829 2427 1883 tabernaculum
2463 1827 2587 1892 Dei,
2619 1829 2708 1898 qui
2759 1829 2816 1882 in
2847 1830 3052 1884 sanctis
3086 1829 3336 1883 habitat?
3377 1827 3585 1884 Deinde

319 1915 395 1965 ἐν
431 1914 554 1981 ὄρει
599 1914 746 1982 ἁγίῳ
792 1931 946 1974 σου;
996 1915 1108 1967 Οὐκ
1157 1917 1215 1966 ὲν
1260 1918 1327 1986 τῇ
1363 1915 1719 1989 γηῖνῃηΣιὼν,
1771 1915 1908 1985 ὅπερ

2015 1936 2138 1975 vero
2160 1920 2226 1974 ad
2245 1921 2628 1990 .prastantiora
2664 1921 2949 1989 procedit:
2995 1921 3101 1973 Aut
3139 1921 3256 1990 quis
3305 1922 3585 1990 requiescet

323 2005 607 2069 Ἰουδαίοις
640 2005 807 2067 δοκεῖ,
834 2006 968 2060 ἀλλὰ
1000 2009 1124 2076 περὶ
1153 2003 1220 2077 ἧς
1244 2009 1271 2060 ὁ
1292 2007 1502 2070 Παῦλος
1532 2025 1682 2078 φησι·
1714 2008 1907 2074 Προσ-

319 2099 664 2163 σληλύθατε
711 2097 830 2165 ὄρει
867 2098 1012 2152 Θεοῦ
1045 2098 1285 2164 ζῶντος,
1323 2100 1710 2167 Ἰερουσαλὴμ
1735 2099 1911 2151 ἐπου-

310 2192 531 2258 ρανίῳ.
584 2191 877 2261 Παρελθὼν
923 2188 1015 2244 οὖν
1055 2209 1140 2254 τις
1183 2192 1282 2263 τὴν
1332 2193 1512 2262 σάρκα
1558 2192 1764 2262 ταύτην
1816 2191 1909 2244 καὶ

317 2280 608 2352 νεκρώσας
639 2282 804 2337 αὑτοῦ
843 2281 912 2334 τά
949 2281 1082 2350 μέλη
1114 2282 1183 2335 τὰ
1207 2281 1300 2332 ἐπὶ
1334 2282 1432 2351 τῆς
1463 2284 1586 2352 γῆς,
1632 2281 1721 2334 τὸν
1757 2282 1911 2349 ἁγια-

316 2376 461 2445 σμὸν
489 2372 865 2446 κατορθώσας,
888 2377 946 2427 ἐν
963 2377 1027 2444 τῇ
1050 2375 1178 2445 ἁγίᾳ
1202 2375 1614 2445 κατασκηνώσει
1645 2377 1811 2428 πόλειξ
1843 2370 1911 2446 ἧς

313 2467 610 2538 ἐπιθυμῶν
674 2469 704 2518 6
746 2467 909 2520 Δαυῖδ
956 2467 1141 2534 ἔλεγε·
1201 2469 1590 2536 Διελεύσομαι
1631 2469 1702 2521 ἐν
1752 2471 1912 2531 τόπῳ

313 2558 561 2626 σκηνῆς
595 2557 972 2626 θαυμαστῆς
1028 2557 1138 2623 ἕως
1165 2558 1272 2610 τοῦ
1334 2558 1504 2612 οἴκου
1560 2558 1667 2612 τοῦ
1725 2559 1904 2618 Θεοῦ·

316 2652 445 2714 καὶ,
512 2652 610 2715 Ὠς
659 2651 941 2718 ἀγαπητὰ
990 2648 1059 2701 τὰ
1113 2648 1472 2718 σκηνώματά
1523 2665 1682 2715 σου,
1733 2651 1909 2716 Κύριε

314 2743 440 2800 τῶν·
513 2740 825 2811 δυνάμεων
848 2741 868 2793 .'
921 2741 983 2794 τὸ
1030 2742 1087 2798 δὲ
1135 2742 1325 2796 τούτου
1379 2741 1602 2798 σπάνιον
1655 2743 1909 2812 ἐμφαίνει

313 2835 400 2895 τὸ,
433 2834 550 2900 τίς,
574 2832 651 2895 ὡς
675 2833 753 2892 τὸ,
797 2833 892 2898 Τίς
919 2832 1072 2902 ἔγνω
1103 2833 1210 2887 τὸν
1235 2834 1388 2888 γοῦν
1414 2835 1668 2901 Κυρίου;
1700 2835 1793 2886 καὶ
1824 2836 1906 2899 τὸ,

323 2927 421 2992 Πς
447 2927 776 2996 ἀναγγελεῖ
815 2925 956 2995 ὑμῖν
993 2926 1100 2980 τὸν
1135 2928 1325 2980 τόπον
1365 2927 1471 2979 τὸν
1509 2926 1786 2989 αἱώνιον;
1815 2928 1910 2980 καὶ

313 3019 418 3080 τὸ,
477 3021 574 3085 Τίς
623 3018 740 3087 ἄρα
793 3021 1082 3088 φρόνιμος
1130 3020 1255 3085 καὶ,
1290 3018 1506 3083 πιστὸς
1561 3019 1908 3086 οὶκονόμος;

315 3109 552 3177 Μήποτε
596 3107 652 3160 δὲ
690 3109 804 3172 καὶ,
845 3108 937 3170 τὸν
965 3109 1103 3171 Θεὸν
1135 3111 1442 3181 ἐρωτήσας,
1475 3109 1634 3179 ἔτυχε
1676 3109 1910 3180 ἀποκρί-

315 3216 461 3264 σεως
489 3217 504 3265 ;

393 3478 610 3546 Κύριε,
632 3479 720 3542 τίς
753 3475 1110 3544 παροικήσει
1151 3477 1222 3529 ἐν
1261 3475 1340 3542 τῷ
1377 3475 1724 3546 σκηνώματι
1755 3493 1914 3544 σονί

315 3570 358 3635 ἦ
390 3570 487 3635 τίς
531 3568 990 3635 κατασκηνώσει
1032 3569 1104 3622 ἐν
1132 3568 1254 3635 ὄρει
1295 3569 1442 3638 ἁγίῳ
1479 3584 1633 3633 σου;
1663 3569 1814 3639 Τάχα
1853 3568 1910 3620 δὲ

316 3664 416 3717 καὶ
479 3663 512 3714 6
573 3660 966 3731 μεθιστάμενος
1020 3662 1101 3722 εἰς
1147 3659 1400 3729 οὐρανὸν,
1441 3659 1534 3722 ’ὡς
1594 3659 1702 3712 ἀπὸ
1755 3659 1910 3728 ξένης

313 3753 471 3822 ⁴ηκων
499 3751 818 3822 διατριϐῆς,
855 3753 1109 3822 παροικεῖ
1133 3766 1147 3779 ο
1179 3749 1316 3802 Θεοῦ
1339 3749 1447 3820 γὰρ
1487 3750 1750 3820 σκήνωμα
1772 3751 1802 3802 ὁ
1822 3749 1912 3801 οὐ-

317 3843 503 3912 ρανός.
542 3843 683 3913 Ὅρα
719 3841 774 3894 δὲ
805 3842 1002 3912 μήπως
1052 3843 1080 3893 6
1121 3838 1398 3910 ἐπιμένων
1441 3843 1505 3910 τῇ
1541 3839 1787 3912 πολιτείᾳ
1817 3838 1910 3892 τοῦ

314 3935 510 4004 νόμου,
547 3935 627 3996 εἰς
653 3933 891 4004 Χριστὸν
923 3931 1076 3994 ὄντος
1113 3930 1468 3999 παιδαγωγοῦ
1494 3971 1508 3994 ,
1557 3935 1813 4003 παροικεῖ
1854 3934 1912 3986 ὲν

313 4029 396 4098 τῷ
445 4025 772 4097 σκηνώματι
812 4025 908 4078 τοῦ
943 4026 1170 4095 Κυρίου,
1231 4025 1361 4095 περὶ
1415 4023 1517 4094 τὴν
1564 4025 1768 4096 σκηνὴν
1817 4024 1911 4088 τοῦ

320 4119 630 4192 μαρτυρίου
674 4117 980 4180 τευτάζων·
1025 4118 1052 4167 ὁ
1095 4116 1150 4167 δὲ
1179 4115 1392 4185 φθάσας
1434 4115 1526 4168 ἐπὶ
1563 4116 1797 4186 Χριστὸν
1823 4118 1913 4170 καὶ

316 4213 418 4282 τὴν
467 4208 835 4280 εὐαγγελικὴν
899 4207 1246 4262 διδασκαλίαν
1307 4210 1645 4276 κατασκηνοῖ
1689 4208 1746 4263 ἐν
1797 4206 1914 4277 ὄρει

318 4305 463 4374 ἁγίῳ
516 4301 612 4355 τοῦ
643 4300 778 4353 Θεοῦ
807 4339 822 4362 ,
870 4299 994 4370 περ)¹
1038 4295 1098 4353 οὗ
1153 4298 1582 4370 προφητεύεταιο
1629 4297 1915 4367 Ἐμερανές

315 4393 451 4447 ἐστι
495 4389 562 4442 τὸ
614 4387 752 4456 ὄρος
807 4387 907 4441 τοῦ
929 4387 1170 4454 Kvpt'ov.
1226 4388 1336 4440 Καὶ
1382 4387 1574 4440 σκόπει
1620 4386 1802 4450 πάλιν,
1841 4386 1914 4457 μὴ

317 4482 459 4536 Θεοῦ
508 4483 608 4550 μὲν
657 4482 783 4553 ὄρος
828 4479 982 4548 ἆγιον
1025 4481 1053 4532 ὁ
1093 4479 1186 4542 τοῦ
1225 4478 1358 4532 Θεοῦ
1389 4481 1588 4546 Λόγοςο
1649 4479 1916 4549 σκήνωμα

316 4574 375 4626 δὲ
405 4573 597 4638 αὑτοῦ,
623 4573 682 4625 ὃν
711 4571 969 4626 ἀνέλαϐεν
1020 4571 1304 4643 ἄνθρωπον
1325 4588 1338 4600 ·
1393 4571 1484 4624 καὶ
1533 4570 1612 4623 δεῖ
1647 4570 1910 4642 πρότερον

316 4667 624 4736 ἐπιγνῶναι
673 4665 816 4719 κατὰ
859 4665 1038 4735 σάρκα
1065 4663 1326 4734 Χριστόν·
1373 4659 1492 4716 εἶτα
1531 4662 1908 4732 κατασκηνοῦν

318 4761 378 4812 ὲν
426 4758 547 4830 ὄρει
594 4757 738 4826 ἁγίῳ
777 4755 946 4819 Θεοῦ,
993 4755 1325 4824 θεασάμενον
1371 4753 1468 4824 τὴν
1517 4751 1674 4816 δόξαν
1719 4753 1906 4816 αὐτοῦ,

317 4850 476 4914 ὣξαν
507 4849 584 4912 ὼς
609 4847 946 4916 Μονογενοῦς
977 4847 1122 4918 παρὰ
1151 4846 1364 4915 Πατρός
1387 4863 1399 4876 ·
1439 4847 1532 4899 καὶ
1573 4845 1750 4914 λέγειν
1775 4863 1787 4875 ’
1839 4850 1909 4901 El

319 4946 432 5010 γὰρ
467 4942 813 5011 ἐτοιώκαμεν
849 4941 999 4993 κατὰ
1050 4938 1250 5006 σάρκα
1278 4937 1555 5006 Χριστὸν,
1599 4939 1762 4993 ἀλλὰ
1793 4939 1908 4992 νῦν

319 5033 526 5088 οὐκέτι
564 5033 957 5102 γινώσκομεν.
1010 5031 1153 5101 Πρὸς
1200 5033 1290 5084 τὸν
1333 5030 1571 5084 τοιοῦτον
1610 5032 1718 5103 γὰρ
1761 5032 1910 5104 εἴρη-

319 5143 446 5178 ται·
516 5125 636 5176 Ἐπ’
685 5125 822 5192 ὅρος
865 5123 1112 5192 ’ὑψηλὸν
1167 5122 1420 5200 ἀνάϐηθι
1472 5127 1505 5177 ὀ
1545 5125 1912 5192 εὐαγγελιζό-

316 5235 503 5286 μενος
545 5215 662 5282 τὴν
709 5215 881 5270 Σιών.
941 5215 1149 5278 Ἄλλως
1205 5216 1330 5287 ὄρος
1383 5215 1477 5268 τοῦ
1510 5215 1643 5268 Θεοῦ
1689 5216 1750 5268 τὸ
1807 5214 1911 5268 ὑπὸ

324 5311 506 5380 μόνων
549 5309 716 5376 ἁγίων
744 5308 929 5379 ψυχῶν
959 5309 1054 5362 καὶ
1084 5307 1303 5367 τελείων
1338 5309 1393 5359 ὲν
1420 5307 1736 5380 δικαιοσύνῃ
1781 5325 1910 5360 κατ-

322 5400 786 5471 οικηθησὸμενον·
860 5402 888 5451 6
935 5401 1156 5470 οὐρανὸς
1213 5400 1409 5462 αὐτὸς,
1459 5401 1551 5452 καὶ
1604 5403 1635 5470 ἡ
1689 5399 1792 5451 ὑπὸ
1815 5399 1908 5451 τοῦ

321 5490 580 5561 Σωτῆρος
646 5488 1091 5557 εὖαγγελισθεῖσα
1164 5489 1410 5557 βασιλεία
1473 5489 1580 5542 τῶν
1641 5489 1904 5560 οὐρανῶν.

323 5581 473 5652 Αῦτη
515 5582 665 5634 ἐστὶν
699 5581 1048 5652 Ἰερουσαλὴμ
1079 5583 1114 5650 ἡ
1143 5583 1486 5650 ἐπουράνιος·
1527 5583 1666 5652 αῦτη
1695 5584 1812 5634 ἐστὶ
1845 5583 1908 5635 τὸ

325 5675 465 5728 Σιὼν
496 5675 653 5746 ὄρος,
699 5675 787 5726 καὶ
889 5675 1040 5737 πόλις
1072 5674 1162 5736 τοῦ
1195 5673 1330 5728 Θεοῦ
1375 5675 1469 5729 τοῦ
1505 5675 1732 5739 ζῶντος,
1766 5676 1918 5739 κατὰ,

1138 5829 1177 5859 ἰ
1226 5827 1389 5883 cht‘.
1429 5845 1534 5890 xu,
1568 5829 1658 5882 εε.

915 5899 957 5930 ¹⁶
996 5897 1100 5955 Isa.
1147 5916 1215 5965 ιι,
1248 5899 1301 5952 2.
1381 5901 1423 5932 ²⁷
1466 5897 1507 5955 ll
1543 5901 1668 5956 (Sor.
1703 5917 1771 5964 ν,
1809 5900 1892 5956 U5.

392 5829 442 5859 ’°
483 5827 630 5882 Psal.
673 5843 912 5890 umis,
952 5828 1036 5882 15.

326 5901 372 5938 ‘-'
412 5897 553 5958 Luc.
598 5915 713 5969 xu,
746 5899 835 5954 43.

1757 5830 1800 5860 ¹²
1846 5828 1990 5882 Psal.
2057 5845 2178 5884 xu.
2215 5820 2264 5878 ὅ.

2016 2013 2071 2064 in
2097 2021 2271 2066 monte
2295 2024 2478 2066 sancto
2509 2022 2597 2065 tuo
2617 2013 2778 2068 ?-Non
2811 2013 2863 2066 in
2889 2015 3131 2067 terrestri
3164 2012 3294 2067 Sion
3321 2052 3335 2076 ,
3384 2021 3442 2066 ut
3484 2012 3584 2067 Ju-

2017 2101 2114 2156 daei
2146 2101 2514 2166 arbitrantur,
2549 2104 2642 2157 sed
2677 2104 2732 2156 in
2777 2120 2840 2158 ea
2867 2103 2935 2157 de
2968 2119 3074 2172 qua
3104 2102 3305 2160 Paulus
3337 2105 3450 2158 ait:
3481 2105 3588 2160 Ac-

2015 2192 2247 2246 cessistis
2291 2191 2360 2244 ad
2404 2200 2629 2245 montem
2680 2190 2776 2246 Dei
2835 2193 3083 2257 viventis,
3135 2192 3432 2249 Jerusalem
3484 2210 3586 2250 cae-

2018 2283 2196 2338 lestem
2235 2283 2298 2336 ²¹.
2351 2284 2609 2352 Quisquis
2662 2284 2826 2351 igitur
2875 2284 3062 2338 eadem
3114 2299 3276 2338 carne
3331 2285 3488 2354 quasi
3530 2285 3584 2340 in

2017 2383 2340 2430 transcursu
2366 2391 2522 2438 usus,
2555 2375 2673 2443 ejus
2704 2374 2944 2428 membra
2969 2389 3132 2443 super
3164 2381 3364 2428 terram
3396 2375 3596 2428 morti-.

2017 2467 2278 2533 ticaverit,
2309 2474 2594 2536 postquam
2639 2465 3116 2520 sanctificationem
3151 2466 3296 2519 illam
3329 2480 3586 2520 consum—

2016 2560 2265 2622 maverit,
2297 2558 2562 2612 habitabit
2592 2559 2645 2612 in
2675 2568 2864 2612 sancta
2898 2558 2990 2611 illa
3008 2557 3264 2612 civitate:
3293 2557 3452 2626 cujus
3491 2557 3611 2612 do-.

2017 2650 2220 2706 siderio
2249 2659 2430 2706 motus
2461 2649 2627 2703 David
2661 2649 2876 2704 aiebat:
2915 2648 3176 2702 Transibo
3208 2649 3263 2702 in
3300 2649 3474 2703 locum
3503 2658 3610 2702 ta-.

2017 2742 2287 2796 bernaculi
2317 2741 2649 2796 admirabilis
2677 2759 2841 2812 usque
2888 2745 2956 2795 ad
3004 2743 3234 2795 domum»
3256 2742 3355 2797 Dei
3378 2745 3421 2775 "
3449 2755 3549 2796 :.et
3569 2783 3586 2805 ,

2017 2834 2190 2900 Quam
2218 2833 2409 2888 dilecta
2437 2834 2779 2888 tabernacula
2808 2843 2923 2896 tua,
2952 2833 3172 2888 Domine
3200 2835 3453 2888 virtutum
3498 2837 3541 2871 ⁸³
3568 2838 3611 2888 ι·

2016 2923 2151 2979 Illud
2186 2935 2386 2990 autem,
2417 2927 2554 2996 quis,
2578 2926 2767 2980 talium
2819 2926 3096 2984 hominum
3148 2926 3424 2980 raritatem
3457 2927 3589 2982 sub-

2015 3017 2250 3082 indicat;
2310 3017 2618 3086 cujusmodi
2666 3026 2751 3072 est
2804 3018 2974 3072 illud:
3023 3017 3153 3083 Quis
3187 3018 3326 3070 novit
3378 3033 3611 3077 sensum_

2016 3109 2232 3164 Domini
2267 3110 2339 3177 '5;
2375 3120 2426 3164 et
2457 3109 2627 3164 illud:
2681 3109 2814 3175 Quis
2856 3108 3192 3162 annuntiabit
3225 3108 3368 3162 vobis
3416 3108 3589 3174 locum

2017 3205 2313 3262 uzternum?
2348 3209 2514 3272 atque
2555 3201 2688 3256 illud
2717 3221 2728 3256 :
2773 3200 2904 3280 Quis
2934 3208 3013 3255 est
3047 3199 3276 3268 prudens
3309 3216 3370 3252 ac
3415 3197 3606 3266 ﬁdelis.

1937 3279 1978 3336 (ἶ
2011 3312 2306 3349 ωοοηοηιιιδ
2337 3295 2417 3347 ³δῖ
2443 3293 2696 3362 Nunquid
2735 3279 3024 3362 postquam
3062 3290 3232 3346 Deum
3283 3288 3610 3360 interroga-.

2011 3388 2110 3450 vit,
2142 3382 2858 3456 responsionemoblinuit?

2080 3477 2337 3540 Domine,
2364 3476 2480 3547 quis
2511 3473 2768 3527 habitabit
2825 3473 2878 3525 in
2925 3471 3264 3525 tabernaculo
3318 3471 3452 3525 tuo?
3497 3478 3612 3524 aut-

2011 3570 2126 3641 quis
2157 3570 2437 3640 requiescet
2468 3569 2522 3622 in
2548 3575 2722 3620 monte
2747 3574 2928 3619 sancto
2956 3566 3082 3618 tuo?
3113 3560 3388 3616 Fortassis
3421 3560 3607 3615 etiam.

2013 3663 2104 3730 qui
2142 3663 2197 3715 in
2222 3661 2418 3715 ccelum
2453 3659 2804 3721 transfertur,
2842 3665 3025 3727 utpote
3077 3655 3187 3724 qui.-
3220 3669 3250 3707 a
3289 3652 3593 3723 peregrinis

2013 3753 2236 3808 sedibus
2264 3751 2486 3817 veniat,
2536 3750 2782 3804 habitare
2817 3749 3038 3808 dicitur.
3089 3745 3223 3798 Nam
3263 3744 3592 3798 tabernacu-

2014 3844 2126 3901 lum
2156 3843 2251 3900 Dei
2285 3844 2482 3898 cmlum
2505 3849 2610 3896 est.
2642 3842 2818 3911 Atque
2849 3839 3166 3895 consideres
3208 3839 3366 3892 velim
3391 3877 3408 3901 ,
3456 3851 3591 3891 num

2013 3935 2107 4005 qui
2147 3934 2250 3989 sub
2284 3934 2399 4003 lege
2442 3941 2710 3995 versatur,
2744 3947 2865 4001 qum
2896 3932 3108 3986 scilicet
3135 3930 3303 3984 veluti
3335 3929 3595 4001 paedago-

2014 4042 2114 4097 gus
2143 4027 2211 4079 ad
2236 4025 2438 4079 Christi
2467 4024 2810 4092 disciplinam
2842 4024 3028 4078 haberi
3055 4031 3253 4094 potest,
3291 4021 3497 4075 habitet
3534 4021 3593 4076 in

2015 4119 2366 4174 tabernaculo
2396 4116 2631 4180 Domini,
2658 4119 2806 4172 circa
2849 4115 3262 4170 tabernaculum
3295 4113 3594 4169 testimonii

2016 4209 2437 4265 sollicitudinem
2498 4209 2742 4274 habens;
2793 4215 2954 4276 atque
2999 4206 3046 4262 is
3076 4207 3168 4277 qui
3213 4204 3280 4258 ad
3312 4203 3602 4260 Christum.

2019 4318 2190 4372 usque
2220 4303 2465 4373 pervenit
2496 4309 2552 4356 et
2583 4300 2649 4354 ad
2679 4300 3046 4371 evangelicam
3077 4300 3379 4355 doctrinam
3399 4340 3415 4366 ,
3461 4314 3592 4352 num
3668 4314 3670 4318 τ

2015 4393 2424 4447 tabernaculum
2457 4391 2700 4462 posuerit
2730 4391 2784 4444 in
2809 4396 2991 4444 monte
3021 4397 3212 4444 sancto
3238 4387 3354 4450 Dei.
3385 4389 3453 4442 de
3484 4402 3613 4456 quo,
3665 4416 3668 4420 -

2016 4485 2282 4554 propheta
2317 4484 2450 4538 dicit
2481 4502 2494 4537 :
2536 4482 2857 4551 Perspicuus
2896 4491 3150 4543 estmons
3177 4479 3394 4534 Domini
3422 4481 3489 4532 “.
3514 4477 3604 4540 Ac,
3668 4501 3676 4531 ·,

2016 4580 2216 4634 iterum
2271 4578 2404 4632 mihi
2464 4576 2771 4646 perpendas
2825 4575 3024 4637 velim,
3075 4587 3257 4626 annon
3294 4586 3452 4626 mons
3503 4570 3611 4636 ille,

2016 4679 2241 4726 sanctus
2300 4669 2514 4724 Domini
2579 4668 2651 4724 sit
2679 4665 2919 4722 Verbum
2972 4667 3150 4736 cjus;_
3183 4661 3594 4718 tabernaculum

2017 4769 2198 4816 autem
2230 4760 2370 4828 ejus,
2402 4759 2567 4816 homo
2595 4772 2754 4828 quem
2784 4754 3118 4823 assumpsit:
3148 4767 3327 4810 annon
3352 4766 3489 4820 opus
3521 4749 3609 4812 sit,

2015 4852 2192 4921 primo
2251 4849 2530 4907 Christum
2583 4845 2885 4902 secundum
2945 4857 3165 4904 carnem
3228 4854 3591 4910 cognoscere;

2015 4941 2319 5010 deindeque
2351 4938 2757 4994 tabernaculum
2810 4950 3012 5005 ponere
3059 4933 3114 4995 in
3165 4939 3351 4986 monte
3404 4936 3594 4985 sancto

2015 5033 2134 5095 Dei,
2158 5049 2280 5086 cum
2308 5032 2518 5086 scilicet
2545 5029 2636 5099 qui
2671 5029 2866 5081 viderit
2894 5025 3122 5096 gloriam
3161 5024 3281 5093 ejus
3309 5063 3324 5087 ,
3361 5023 3600 5093 gloriam

2013 5124 2171 5193 quasi
2217 5121 2492 5192 Unigeniti
2547 5135 2576 5172 a
2632 5117 2822 5184 Patre;
2877 5125 3041 5186 atque
3096 5115 3313 5168 dicere:
3361 5112 3592 5167 Sienim

2013 5215 2346 5285 cognovimus
2377 5211 2663 5267 secundum
2694 5226 2906 5274 carnem
2943 5207 3215 5262 Clu-istum
3247 5221 3264 5258 :
3291 5205 3395 5275 sed
3448 5220 3614 5271 nunc,

2004 5307 2124 5375 jam
2175 5323 2278 5365 non
2325 5306 2564 5358 novimus
2591 5304 2657 5356 “7.
2712 5299 3034 5368 Hujusmodi
3090 5312 3324 5361 namque
3379 5295 3612 5360 homini

2015 5400 2217 5452 dictum
2247 5405 2374 5452 est:
2428 5397 2592 5463 Super
2618 5403 2842 5446 montem
2894 5390 3157 5444 excelsum
3199 5388 3453 5450 ascende,
3503 5388 3613 5454 qui,

2013 5491 2342 5561 evangelieas
2377 5489 2506 5551 Sion
2539 5489 2599 5540 ³⁸.
2652 5487 2768 5539 Alia
2825 5494 3009 5539 autem
3065 5483 3279 5538 ratione
3332 5483 3612 5549 dicatur,-

2015 5593 2251 5639 montem
2283 5583 2377 5636 Dei
2402 5597 2544 5641 esse,
2574 5583 2629 5634 in
2665 5595 2774 5649 quo
2800 5579 3064 5632 duntaxat
3087 5579 3279 5631 animae
3309 5584 3510 5632 sanctae
3537 5580 3610 5642 et

2011 5676 2066 5742 in
2111 5675 2326 5743 justitia
2385 5672 2636 5742 perfectae
2697 5669 3054 5733 habitabunt,
3112 5667 3361 5722 videlicet
3414 5667 3607 5736 ipsum

2371 5828 2414 5857 ’³
2453 5826 2594 5883 Psal.
2638 5840 2840 5880 Lxxxm
2866 5865 2881 5892 ,
2915 5826 2968 5880 2.
3070 5826 3112 5855 ’δ
3155 5823 3330 5880 lCor.
3370 5839 3448 5886 ll,
3491 5817 3589 5879 15-.

1970 5898 2014 5930 ’⁸
2054 5898 2157 5954 lsa.
2197 5913 2292 5966 XL,
2328 5897 2379 5951 9.
