4020 6372
405 383 498 442 151

1073 391 1346 450 sussnn
1375 397 1856 458 CESARIENSIS
1892 399 2044 472 ore.
2085 373 2268 474 PARS
2303 405 2393 464 ιιι.
2427 438 2498 448 -
2535 407 2950 468 EXEGETICA.

3570 411 3676 485 452

397 501 636 572 ctelum,
677 512 842 578 atque
887 505 1025 563 illud
1076 524 1109 564 a
1139 509 1840 600 Salvatoreannuntiatum
1898 537 1955 578 re

2064 524 2188 583 ,τὸν
2243 525 2386 597 ἱερὸν
2424 525 2764 599 Ἀπόστολον,
2817 529 2878 591 ὃς
2936 545 3115 600 φησι·
3173 531 3676 599 Προσεληλύθατε

393 607 563 663 gnum
593 596 876 658 caelorum.
901 598 1028 656 Haec
1055 610 1139 658 est
1196 599 1503 662 Jerusalem
1548 612 1831 669 cuilestis:
1873 613 1955 674 ha:

2091 616 2246 670 Σιὼν
2269 596 2390 684 ὄρει
2412 657 2426 682 ,
2461 596 2762 673 καί-πόλει
2810 596 2960 674 Θεοῧ
2999 596 3234 688 ἄθικτος,
3287 596 3676 695 Ἰερουσαλὴμ

391 682 511 754 ipsa
540 695 626 743 est
660 703 820 746 mons
849 691 980 747 Sion
1047 700 1103 748 et
1149 695 1344 754 civitas
1402 697 1499 754 Dei
1545 700 1802 768 viventis,
1831 704 1988 774 juxta

389 790 612 834 sacrum
665 781 991 852 Apostolum
1046 787 1143 856 qui
1202 787 1322 843 ait:
1371 789 1694 847 Aecessistis
1741 794 1809 848 ad
1856 795 1987 852 Sion

389 881 660 942 montem,
705 883 757 929 et
813 878 1080 933 civitatem
1130 879 1232 939 Dei
1264 882 1480 938 viventis
1540 882 1844 942 Jerusalem
1883 906 1986 944 cce-

389 962 570 1018 lestem
602 966 668 1021 '9.
697 965 802 1022 Per
829 968 1246 1042 tabernaculum
1284 982 1465 1046 autem
1511 976 1749 1048 idipsum
1777 981 1983 1036 intelli-

387 1054 555 1124 gitur,
588 1057 733 1128 quod
773 1075 993 1116 sursum
1026 1063 1083 1118 in
1117 1073 1305 1122 monte
1333 1071 1696 1126 constitutum
1729 1084 1843 1144 est,
1901 1077 1983 1150 uti

384 1148 630 1206 dicitur:
665 1151 909 1209 Christus
941 1167 1118 1211 autem
1169 1162 1427 1217 assistens
1477 1167 1720 1235 pontifex
1774 1148 1984 1238 futuro-

383 1259 504 1298 rum
536 1245 830 1311 bonorum,
879 1263 972 1316 per
1009 1250 1238 1318 amplius
1272 1263 1321 1307 et
1351 1256 1634 1325 perfectius
1667 1264 1980 1319 tabernacu-

383 1340 496 1390 lum
525 1354 629 1397 non
654 1339 1040 1409 manufactum,
1075 1342 1130 1396 id
1163 1356 1263 1412 est,
1289 1364 1394 1401 non
1420 1348 1578 1420 hujus
1604 1357 1886 1412 creationis
1908 1358 1975 1416 ³⁸.

455 1428 580 1490 Haec
603 1445 728 1485 cum
761 1432 949 1490 Davidi
985 1436 1042 1490 in
1071 1447 1309 1494 mentem
1344 1443 1617 1512 venirent,
1659 1449 1739 1503 sic
1768 1451 1975 1507 vocife-

378 1529 534 1575 ratus
593 1532 714 1592 est;
756 1524 996 1603 Domine,
1030 1531 1146 1599 quis
1205 1533 1469 1594 habitabit
1524 1538 1580 1593 in
1632 1541 1974 1602 tabernaculo

379 1615 515 1670 tuo?
545 1612 696 1672 Talis
717 1617 860 1670 enim
897 1634 1085 1678 revera
1118 1625 1302 1692 homo,
1335 1628 1428 1698 qui
1476 1631 1689 1688 scilicet
1735 1625 1974 1695 ascensu

376 1703 696 1775 hUJUSmodi
726 1718 776 1762 et
811 1701 1153 1770 habitatione
1175 1719 1391 1776 ϐατίδειί
1416 1720 1621 1792 dignus
1661 1726 1762 1794 sit,
1811 1745 1972 1797 rarus

374 1798 693 1865 admodum,
731 1811 784 1857 et
819 1820 925 1859 non
958 1808 1184 1878 obvius,
1224 1820 1285 1866 ut
1325 1815 1412 1869 vix
1443 1832 1587 1883 unus
1631 1818 1686 1873 in
1727 1822 1971 1880 millibus

373 1899 649 1954 occurrat.
714 1893 1153 1962 'l‘abernaculum
1201 1902 1386 1973 itaque
1421 1906 1554 1961 illud
1587 1911 1811 1968 caeleste
1855 1914 1970 1983 jam

371 1990 759 2052 memoratum,
791 1987 1134 2044 domicilium
1190 1992 1365 2063 ipsius
1425 1997 1522 2063 Dei
1569 1999 1772 2058 luerit:
1804 2003 1970 2061 homo

369 2089 504 2136 vero
531 2077 626 2146 qui
668 2093 698 2132 a
727 2085 944 2136 terrena
974 2083 1065 2138 illa
1092 2091 1546 2156 commoratione,
1581 2109 1678 2150 ceu
1722 2112 1751 2151 a
1787 2100 1966 2168 capti-

369 2165 559 2231 vitate,
594 2167 648 2222 in
680 2171 906 2230 cmleste
928 2173 1060 2229 illud
1094 2177 1510 2236 tabernaculum
1544 2188 1965 2249 transferendus

367 2265 488 2323 est,
533 2263 691 2330 quasi
733 2266 1056 2338 peregrinus
1098 2277 1154 2324 et
1193 2272 1400 2328 advena
1449 2277 1567 2332 illic
1598 2281 1740 2345 erit,
1776 2293 1966 2354 utpote

367 2349 462 2418 qui
489 2349 711 2410 aliunde
740 2361 795 2408 et
820 2370 886 2409 ex
918 2357 1095 2412 aliena
1125 2363 1348 2432 regione
1376 2365 1568 2433 eodem
1600 2376 1964 2445 transmigra-

366 2441 552 2508 verit;
589 2454 927 2518 quapropter
976 2449 1186 2504 dictum
1238 2453 1382 2519 fuit,
1433 2457 1564 2522 Quis
1599 2441 1863 2530 habitabil
1908 2468 1964 2526 in

369 2531 712 2608 tabernaculo
746 2541 870 2594 tuo?
905 2538 1103 2606 Beatus
1157 2553 1339 2600 autem
1387 2550 1480 2618 qui
1516 2552 1570 2606 in
1620 2554 1740 2625 ipso
1775 2537 1962 2617 mente

366 2627 702 2684 constitutus
749 2647 813 2686 ac
845 2634 1208 2694 confirmatus
1250 2640 1446 2710 fuerit;
1491 2661 1619 2700 cum
1663 2649 1962 2709 doceamur

365 2719 710 2778 mansionem
743 2723 924 2792 istam,
948 2729 1129 2798 dignis
1162 2732 1480 2792 hominibus
1509 2748 1755 2809 paratam
1776 2783 1792 2805 .
1846 2753 1957 2800 sta-

363 2808 530 2872 bilem
563 2823 995 2892 perpetuamque
1019 2821 1156 2878 fore.

437 2901 606 2959 Vens.
650 2906 704 2960 2.
755 2906 860 2973 Qui
906 2912 1100 2967 incedit
1149 2917 1261 2971 sine
1317 2922 1556 2986 macula,
1610 2935 1660 2978 et
1703 2937 1958 2996 operatur

359 2993 653 3062 justitiam.
711 2997 831 3055 Non
889 3005 1034 3058 enim
1098 3011 1258 3064 unica
1322 3027 1411 3067 res
1455 3024 1607 3090 gesta
1667 3028 1953 3078 strenuum

361 3087 641 3146 hominem
677 3094 745 3147 ad
809 3097 1200 3165 perfectionem
1259 3103 1444 3174 ducit;
1473 3087 1593 3164 sed
1640 3128 1736 3182 per
1779 3122 1950 3170 totam

2087 710 2443 779 ἐπουρανίῳ.
2501 711 2613 782 Τὴν
2658 712 2717 766 δὲ
2763 712 2966 784 σκηνὴν
3014 715 3230 785 νοήσεις
3279 716 3378 786 τὴν
3427 716 3539 770 ἄνω
3580 717 3674 770 ἐπὶ

2086 802 2181 858 τοῦ
2247 805 2406 874 ὅρους
2463 804 2756 876 ἱδρυμένην
2818 805 2928 860 ἀπὸ
2981 805 3076 862 τοῦ
3133 807 3432 876 φάσκοντος
3485 808 3668 878 λόγουο

2083 897 2341 968 Χριστὸς
2383 897 2450 952 δὲ
2497 899 2984 968 παραγενόμενος
3029 900 3340 970 ἀρχιερεὺς
3371 900 3489 954 τῶν
3520 906 3670 972 μελ-

2082 989 2318 1043 λόντων
2363 989 2602 1060 ἀγαθῶν
2635 989 2735 1045 διὰ
2763 989 2892 1060 ,τῆς
2933 989 3205 1060 μείζονος
3250 993 3348 1046 καὶ
3387 993 3673 1048 τελειοτέ-

2074 1096 2191 1148 ρας
2240 1081 2515 1150 σκηνῆς,
2570 1084 2643 1136 οὐ
2695 1082 3147 1159 χειροποιήτου,
3203 1085 3537 1149 τουτέστιν,
3595 1088 3670 1142 οὐ

2081 1175 2304 1246 ταύτης
2325 1174 2438 1246 τῆς
2465 1176 2738 1244 κτίσεως.

2150 1446 2368 1503 Τούτων
2413 1451 2707 1524 τοιγαροῦν
2741 1456 2835 1516 καὶ
2879 1457 2908 1510 ὁ
2937 1455 3099 1509 Δαυτδ
3125 1459 3205 1520 είς
3237 1456 3445 1512 ἔννοιαν
3473 1459 3662 1528 ἐλθὼν,

2076 1539 2352 1610 ἀναφωνεῖ
2401 1543 2611 1613 λέγων·
2667 1547 2886 1615 Κύριε,
2935 1549 3027 1614 τίς
3068 1550 3424 1619 παροικήσει
3473 1552 3542 1606 ἐν
3585 1553 3667 1619 τῷ

2074 1632 2421 1704 σκηνώματι
2469 1653 2618 1702 σου;
2652 1639 2896 1710 Ἀληθῶς
2945 1640 3055 1712 γὰρ
3108 1643 3332 1706 σπάνιος
3381 1644 3477 1697 καὶ
3527 1645 3655 1698 δυσο

2073 1725 2318 1799 εὐρετος,
2357 1732 2451 1784 καὶ
2483 1727 2564 1796 εἷς
2597 1750 2698 1786 που
2742 1734 2850 1786 ἀπὸ
2885 1734 3115 1806 μυρίων,
3147 1736 3176 1787 ὁ
3205 1737 3306 1806 τῆς
3345 1736 3666 1801 ἀναϐάσεως

2075 1822 2292 1894 ἐκείνης
2337 1825 2432 1877 καὶ
2476 1827 2578 1895 τῆς
2636 1827 2695 1879 ὲν
2755 1827 3006 1897 οὐρανοῖς
3065 1836 3448 1900 παροικήσεως
3491 1827 3660 1893 ἄξιος.

2074 1915 2148 1968 Τὸ
2185 1917 2282 1986 μὲν
2317 1912 2411 1971 οὖν
2442 1915 2680 1988 δηλωθὲν
2713 1919 2997 1989 σκήνωμα,
3035 1918 3094 1971 τὸ
3128 1921 3187 1972 ὲν
3211 1920 3481 1990 οὐρανοῖς,
3507 1921 3663 1990 οἰκη-

2071 2010 2260 2081 τήριον
2322 2009 2488 2064 αὐτοῦ
2532 2010 2728 2079 γένοιτ’
2761 2009 2829 2064 ἂν
2870 2011 2966 2064 τοῦ
3015 2011 3186 2064 Θεοῦ·
3239 2012 3525 2083 ἄνθρωπος
3571 2012 3665 2093 δὲ,

2070 2103 2260 2177 ὥσπερ
2303 2106 2412 2158 ἀπὸ
2463 2105 2841 2177 αἰχμαλωσίας
2888 2108 2985 2178 τῆς
3035 2108 3177 2162 κατὰ
3221 2108 3331 2180 γῆν
3379 2109 3662 2182 διατριϐῆς

2071 2197 2283 2267 μέλλων
2312 2197 2670 2268 μεθίστασθαι
2698 2199 2792 2253 ἐπὶ
2818 2200 2917 2271 τὴν
2943 2201 3193 2272 οὐράνιον
3222 2204 3659 2274 κατασκήνωσιν,

2068 2289 2256 2362 ὥσπερ
2303 2309 2386 2355 τις
2432 2292 2580 2356 ξένος
2625 2295 2717 2347 καὶ
2757 2294 3020 2365 πάροικος
3065 2295 3216 2349 ἔσται
3267 2298 3412 2363 ἐκεῖ,
3455 2297 3550 2350 ἆτε
3594 2297 3660 2370 δὴ

2067 2382 2332 2454 ἑτέρωθεν
2360 2384 2700 2462 μετανάστης
2731 2384 3002 2454 γεγονὼς,
3034 2388 3128 2440 καὶ
3155 2385 3213 2452 ἐξ
3243 2388 3436 2460 ἐτέρας
3464 2389 3658 2461 ὡρμη-

2069 2474 2228 2544 μένος
2287 2474 2501 2546 χώρας·
2534 2477 2615 2529 διὸ
2643 2477 2926 2531 λέλεκται·
2967 2479 3058 2545 Τίς
3091 2480 3444 2548 παροικήσει
3476 2482 3546 2534 ἐν
3578 2480 3660 2546 τῲ

2063 2565 2409 2637 σκηνώματι
2447 2584 2598 2634 σου;
2631 2571 2918 2643 Μακάριος
2963 2572 3019 2625 δὲ
3051 2574 3080 2625 ὁ
3106 2573 3326 2644 ὲναύτῷ
3364 2575 3658 2644 γενόμενος

2060 2657 2140 2728 τῷ
2167 2659 2313 2731 ὄρει,
2346 2661 2440 2714 καὶ
2486 2661 2720 2732 ἱδρυθεὶς
2759 2663 2818 2715 ὲν
2849 2663 3018 2734 αὐτῷ,
3053 2662 3148 2716 τοῦ
3177 2663 3338 2732 λόγου
3375 2664 3659 2731 διδάσκον-ι

2059 2767 2152 2814 τος
2185 2752 2499 2823 παράμονον
2527 2753 2745 2808 ἔσεσθαι
2773 2755 2867 2809 καὶ
2899 2755 3311 2822 διαιωνίζουσαν
3342 2761 3456 2822 τοῖς
3483 2756 3656 2824 ἀξίοις

2058 2844 2159 2917 τὴν
2184 2844 2351 2916 αὐτὴν
2387 2847 2575 2918 μονήν.

2127 2938 2534 3006 Πορευόμενος
2550 2937 2807 3008 ἄμωμος,
2833 2939 2929 2993 καὶ
2949 2938 3337 3010 ἐργαζόμενος
3357 2941 3654 2997 δικαιοσύ-

2055 3045 2194 3096 νην.
2231 3029 2306 3082 Οὐ
2340 3031 2449 3100 γὰρ
2476 3031 2575 3100 μία
2602 3031 2800 3102 πρᾶξις
2828 3031 3023 3084 τελειοῖ
3055 3033 3146 3085 τὸν
3182 3033 3487 3097 σπουδαῖον,
3515 3033 3651 3087 ἀλλὰ

2057 3121 2218 3173 παντὶ
2257 3122 2502 3192 προσῆκε
2545 3122 2624 3192 τῷ
2666 3122 2766 3194 βίῳ
2797 3126 2918 3186 ταῖς
2958 3125 3077 3176 κατ’
3115 3125 3314 3196 ἀρετὴν
3348 3127 3649 3197 ἐνεργείαις

361 3182 528 3247 vitam
557 3183 776 3259 virtutis
807 3191 1072 3259 Operibus
1109 3193 1512 3266 insistendum;
1554 3210 1612 3256 ut
1650 3205 1704 3258 in
1739 3206 1841 3263 hac
1867 3210 1952 3264 via

2064 3215 2621 3286 συμπαρατείνεσθαι,
2663 3217 2747 3270 ἵνα
2781 3217 3000 3288 ἄμωμοι
3034 3218 3127 3271 καὶ
3161 3218 3484 3290 ἀνέγκλητοι
3528 3220 3648 3274 κατ’

361 3275 628 3346 inculpati
665 3295 728 3342 ac
759 3283 992 3339 crimine
1028 3290 1188 3342 vacui
1226 3304 1574 3349 censeantur.
1606 3295 1672 3367 Et
1711 3298 1826 3355 haec
1861 3301 1953 3356 illa

361 3363 623 3436 salutaris
681 3371 922 3440 cognitio
993 3373 1194 3440 fuerit,
1251 3393 1416 3447 quam
1481 3380 1596 3451 ipse
1655 3365 1811 3439 aﬂert
1868 3388 1955 3446 bis

359 3457 544 3530 verbis
574 3477 587 3512 :
621 3457 735 3538 Ego
768 3478 887 3516 sum
919 3465 1003 3518 via
1033 3466 1098 3520 δι.
1127 3466 1354 3537 Oportet
1388 3473 1534 3527 enim
1568 3484 1690 3544 post
1718 3479 1952 3547 primum

360 3549 568 3606 editum
617 3569 756 3624 opus
797 3556 1034 3624 bonum,
1091 3564 1430 3632 singulorum
1495 3569 1951 3640 subscquentium

363 3652 682 3719 gestorum,
741 3658 802 3703 ut
859 3652 1070 3708 scilicet
1106 3671 1232 3709 cum
1278 3658 1496 3726 justitia
1565 3663 1949 3734 admittuntur,

358 3747 549 3789 curam
589 3744 643 3792 et
682 3741 1104 3798 sollicitudinem
1135 3763 1345 3818 gerere.

431 3824 598 3906 Vens.
645 3831 699 3884 5.
747 3833 853 3898 Qui
898 3835 1131 3906 loquitur
1176 3842 1453 3896 veritatem
1508 3845 1562 3898 in
1620 3849 1782 3902 corde
1828 3867 1946 3916 suo,

356 3918 449 3989 qui
488 3936 592 3984 non
636 3923 739 3992 egit
783 3925 965 3980 dolum
1019 3929 1072 3981 in
1111 3931 1293 4001 lingua
1335 3950 1456 3989 sua.
1508 3935 1625 3991 Non
1659 3950 1743 3994 est
1784 3941 1950 4011 igitur

356 4012 504 4080 quod
537 4014 662 4084 quis
696 4032 760 4071 ex
807 4019 1149 4086 rudioribus,
1187 4026 1270 4090 bis
1313 4027 1500 4094 probis
1545 4031 1707 4088 editis
1740 4033 1951 4090 facino-

354 4104 533 4165 ribus.
564 4103 686 4170 Sese
711 4107 928 4185 ellerat;
962 4128 1031 4167 ne
1061 4129 1161 4169 ceu
1187 4119 1475 4189 naufragio
1501 4119 1647 4177 facto
1678 4124 1946 4181 bonorum

349 4193 624 4265 jacturam
661 4199 846 4261 faciat.

425 4285 595 4344 Vens.
627 4291 681 4346 4.
745 4294 831 4362 Ad
887 4297 1112 4365 iii/tilum
1159 4300 1414 4358 deductus
1455 4317 1533 4360 est
1581 4308 1636 4362 in
1667 4323 1943 4379 conspectu

351 4377 467 4443 eius
514 4382 800 4452 malignus,
850 4387 1090 4442 timentes
1127 4403 1303 4446 autem
1328 4395 1612 4452 Dominum
1652 4400 1940 4472 glori/icat.

353 4470 459 4537 Qui
495 4473 661 4553 jurat'
691 4479 933 4547 proximo
974 4498 1092 4546 suo,
1138 4494 1187 4538 et
1227 4503 1329 4540 non
1372 4489 1585 4557 decipit.
1625 4470 1725 4546 Hic
1753 4470 1852 4562 pro
1885 4513 1943 4552 re

2061 3305 2231 3376 αὐτὴν
2261 3306 2551 3377 γενώμεθα
2577 3307 2674 3379 τὴν
2701 3308 2838 3361 ὀδόν.
2871 3309 2971 3381 Εἰή
3007 3310 3052 3362 δ’
3074 3310 3141 3364 ἂν
3167 3311 3303 3382 αὕτη
3327 3313 3359 3383 ἡ
3385 3315 3645 3384 σωτήριος

2057 3398 2278 3467 γνῶσις,
2306 3401 2371 3470 ἢν
2396 3399 2554 3462 αὐτὸς
2579 3401 2850 3472 παριστὰς
2872 3400 3076 3469 ἔλεγενο
3115 3402 3254 3471 Ἐγώ
3284 3406 3398 3472 εἰμι
3421 3405 3458 3471 ἡ
3484 3404 3642 3470 ὁδός.

2057 3489 2149 3541 Δεῖ
2196 3489 2308 3561 γὰρ
2351 3490 2488 3561 πρὸς
2521 3491 2600 3562 τῷ
2634 3491 2835 3563 πρώτῳ
2875 3493 3280 3564 κατορθώματι,
3321 3497 3415 3548 καὶ
3450 3496 3550 3566 τῆς
3577 3494 3651 3548 δι’

2057 3581 2234 3651 ἔργων
2291 3584 2386 3636 καὶ
2440 3583 2691 3656 πράξεων
2745 3585 2853 3638 τῶν
2908 3589 2965 3640 ὲν
3013 3587 3324 3659 δικαιοσύνῃ
3388 3591 3651 3661 πρόνοιαν,

2056 3674 2345 3730 ποιεῖσθαι.

2125 3856 2340 3911 Λαλῶν
2366 3857 2656 3924 ἀλήθειαν
2687 3861 2756 3913 ἐν
2783 3860 2995 3929 καρδίᾳ
3029 3864 3234 3916 αὑτοῦ·
3277 3863 3344 3929 ὃς
3376 3865 3486 3917 οὐκ
3513 3863 3644 3918 ἐδό-

2051 3951 2255 4001 λωσεν
2281 3948 2352 4001 ἐν
2380 3949 2633 4018 γλώσσῃ
2671 3950 2880 4004 αὑτοῦ.
2925 3953 2998 4003 Οὐ
3033 3952 3113 4004 δεῖ
3139 3953 3320 4006 τοίνυν
3376 3955 3643 4007 κατεπαίο·

2054 4039 2246 4110 ρεσθαί
2265 4057 2385 4095 τινα
2412 4040 2522 4096 τῶν
2553 4041 2920 4114 ἀτελεστέρων
2950 4044 3086 4114 μετὰ
3113 4045 3172 4098 τὸ
3202 4046 3544 4117 κατορθῶσαι
3572 4045 3640 4100 τὰ

2050 4130 2336 4199 εἰρημένα·
2371 4131 2457 4183 ἵνα
2495 4132 2590 4204 μὴ,
2623 4126 2733 4186 οἷόν
2768 4150 2820 4185 τι
2860 4135 3119 4204 ναυάγιον
3159 4137 3366 4204 παθὼν,
3397 4139 3639 4212 ἀπολέσῃ

2047 4221 2116 4278 τὰ
2146 4224 2340 4278 ἑαυτοῦ
2371 4226 2530 4279 καλά.

2132 4317 2552 4381 Ἐξουδένωτίιι
2595 4317 2852 4372 ἐνώπιον
2895 4320 3083 4374 αὑτοῦ
3129 4326 3633 4394 πονηρευόμενος,

2046 4409 2189 4474 τοὺς
2231 4409 2298 4462 δὲ
2356 4409 2766 4479 φοϐουμένους
2817 4413 2924 4465 τὸν
2969 4415 3190 4482 Κύριον
3252 4417 3499 4482 δοξάζει.
3573 4421 3636 4472 "0

2049 4502 2287 4570 ὀμνύων
2335 4503 2417 4569 τῷ
2482 4506 2751 4571 πλησίον
2814 4507 3001 4562 αὑτοῦ
3059 4509 3158 4562 καὶ
3211 4512 3322 4564 οὐκ
3385 4512 3634 4569 ἀθετῶν.

348 4579 458 4618 una
519 4573 732 4623 tantum
783 4584 1155 4644 congruenter
1209 4579 1387 4647 jurari
1446 4599 1610 4652 posse
1666 4586 1935 4653 decernit,

2064 4567 2326 4648 Ἐνταῦθα
2368 4567 2460 4648 ἐπὶ
2519 4567 2603 4650 ἑνί
2649 4598 2929 4669 πράγματί
2983 4617 3146 4670 φησιν
3207 4601 3442 4671 εὐλόγως
3502 4604 3633 4657 ποτὲ

347 4657 477 4711 dum
511 4659 556 4712 is
586 4662 678 4729 qui
705 4662 858 4739 jurat
882 4667 1274 4744 jusjurandum
1313 4689 1381 4728 ne
1406 4676 1591 4730 violet.
1629 4677 1814 4748 Ecqua
1846 4681 1937 4738 illa

346 4764 436 4804 res
470 4760 587 4818 est,
632 4754 738 4810 nisi
780 4761 1018 4814 amicitia
1060 4772 1112 4816 ct
1160 4768 1511 4822 necessitudo
1557 4786 1680 4825 cum
1728 4774 1934 4843 aliquo,

345 4857 505 4912 paeto
536 4847 760 4911 findere,
793 4852 1021 4917 juncta?
1061 4855 1154 4915 Est
1185 4867 1366 4913 autem
1395 4861 1769 4946 juraiqentum
1809 4868 1934 4936 talis

343 4935 447 4988 viri
481 4939 823 5011 inculpatum
866 4953 920 5000 et
966 4948 1272 5017 innoxium,
1305 4968 1416 5022 quo
1450 4935 1702 5012 lirniatur
1756 4961 1926 5016 illud:

343 5025 431 5082 Ita
463 5033 559 5095 ita,
592 5042 666 5098 et,
699 5034 820 5091 Non
854 5056 956 5093 non
979 5040 1044 5095 ³².
1328 5026 1338 5033 “

413 5119 582 5179 Vens.
611 5125 662 5181 5.
711 5129 817 5194 Qui
844 5135 1118 5200 pecuniam
1164 5153 1319 5190 suam
1360 5155 1464 5214 non
1513 5140 1657 5194 dedit
1701 5141 1770 5196 ad
1802 5161 1932 5217 usu-

339 5226 479 5277 ram,
506 5225 555 5268 et
587 5235 806 5274 munera
829 5239 985 5291 super
1026 5227 1322 5288 innocentes
1407 5248 1512 5285 non
1543 5236 1762 5303 accepit.
1789 5236 1928 5302 Quia

339 5305 615 5364 interdum
650 5317 918 5387 contingit
962 5335 1084 5374 eum
1115 5322 1210 5392 qui
1260 5323 1373 5394 jam
1428 5338 1727 5383 memorata
1775 5339 1928 5400 gesta

337 5409 632 5458 exsecutus
665 5414 782 5472 est,
827 5410 971 5464 circa
1005 5429 1293 5469 munerum
1317 5419 1682 5500 captationem
1713 5433 1764 5477 et
1795 5441 1927 5477 usu--

337 5503 454 5541 ram
493 5493 804 5554 claudicare
841 5518 904 5556 ac
935 5507 1260 5576 aegritudine
1293 5493 1578 5578 laborare;
1629 5512 1756 5566 lmic
1789 5531 1927 5584 (ιυο-

334 5595 444 5653 que
501 5590 695 5644 morbo
749 5595 1051 5652 remedium
1103 5603 1365 5672 applicat.
1421 5603 1557 5658 Nam
1620 5605 1714 5676 qui
1770 5609 1922 5678 regni

335 5677 601 5735 caelorum
648 5697 835 5755 causa,
878 5697 933 5746 et
970 5707 1038 5758 ex
1085 5694 1204 5766 ipsa
1245 5712 1374 5770 erga
1412 5699 1722 5769 proximum
1759 5718 1918 5756 suum

2045 4687 2154 4743 δεῖν
2205 4688 2453 4759 ὀμνύναι,
2505 4690 2598 4742 καὶ
2649 4690 2919 4760 ὀμνύοντα
2974 4693 3046 4764 μὴ
3102 4694 3457 4765 παραϐαίνειν
3507 4697 3634 4760 τοὺς

2043 4783 2257 4853 ὅρκους.
2303 4783 2423 4835 Ἐπὶ
2455 4782 2591 4853 ποίῳ
2617 4783 2672 4836 δὲ
2705 4785 2897 4856 τούτῳ,
2925 4786 2958 4856 ἢ
2991 4786 3083 4838 ἐπὶ
3115 4785 3193 4856 τῷ
3218 4787 3463 4858 ἑταιρίαν
3496 4806 3630 4861 γνη-

2045 4877 2165 4934 σίαν
2196 4877 2288 4930 καὶ
2323 4877 2505 4945 φιλίαν
2541 4877 2894 4943 σπένδεσθαι;
2936 4880 3092 4932 Ἔστι
3133 4879 3190 4932 δὲ
3222 4881 3384 4951 ὅρκος
3407 4882 3501 4934 τοῦ
3530 4899 3628 4955 τη-

2041 4965 2285 5040 λικούτου
2319 4968 2507 5039 ἀνδρὸς
2545 4969 2965 5042 ἀκατάγνωστος
2988 4971 3164 5040 λόγος,
3199 4973 3284 5042 ἐφ’
3311 4966 3354 5040 ᾧ
3383 4973 3630 5043 βεϐαιοῦ-

2037 5077 2128 5119 ται
2169 5061 2249 5123 τὸ,
2285 5061 2396 5113 Ναὶ
2430 5061 2548 5121 ναὶ,
2576 5063 2670 5114 καὶ
2698 5059 2778 5126 τὸ,
2804 5061 2888 5114 Οὒ
2917 5063 3009 5117 οὗ.

2115 5153 2504 5222 Τὸὰργύριον
2543 5154 2732 5213 αὐτοῦ
2765 5157 2877 5208 οὐκ
2921 5155 3142 5211 ἔδωκεν
3178 5157 3275 5210 ἐπὶ
3315 5161 3491 5226 τόκῳ,
3527 5159 3628 5213 καὶ

2037 5245 2197 5316 δῶρα
2238 5247 2332 5300 ἐπ’
2375 5248 2588 5313 ἀθώοις
2621 5249 2732 5302 οὐκ
2781 5247 3016 5302 ἐλαϐεν.
3068 5250 3283 5320 Ἐπειδὴ
3338 5251 3622 5322 συμϐαίνει

2038 5339 2167 5392 ποτὲ
2216 5339 2353 5408 μετὰ
2399 5340 2576 5405 πάντα
2616 5339 2686 5393 τὰ
2732 5341 3188 5412 κατηριθμημένα
3221 5342 3619 5412 κατορθώματα

2037 5428 2260 5493 σκάζειν
2290 5430 2410 5483 τινὰ
2439 5431 2534 5484 καὶ
2567 5433 2740 5484 νοσεῖν
2776 5435 2902 5504 περὶ
2933 5433 3259 5505 δωροδοκίας
3287 5434 3381 5486 καὶ
3404 5433 3616 5498 τόκους,

2036 5521 2128 5572 καὶ
2159 5519 2364 5592 ταύτην
2401 5523 2839 5593 προσθεραπεύει
2891 5525 2990 5595 τὴν
3030 5525 3201 5577 νόσον.
3264 5524 3321 5578 '0
3366 5524 3476 5595 γὰρ
3516 5523 3619 5593 τῆς

2034 5611 2310 5681 βασιλείας
2342 5613 2452 5666 τῶν
2490 5613 2735 5684 οὐρανῶν
2775 5615 2980 5678 ἕνεκεν,
3022 5617 3115 5669 καὶ
3152 5615 3320 5685 αὐτῆς
3348 5616 3447 5687 τῆς
3480 5615 3617 5687 πρὸς

2028 5701 2120 5756 τὸν
2157 5702 2384 5774 πλησίον
2415 5704 2636 5776 ἀγάπης
2675 5707 2766 5760 καὶ
2795 5705 3205 5778 φιλανθρωπίας
3245 5707 3403 5760 τοῦτο
3439 5706 3613 5778 πράτς

406 5859 450 5891 ³³
491 5855 656 5919 Hebr.
690 5879 808 5932 xu,
840 5866 928 5921 22.
1007 5871 1051 5904 ⁸ο
1090 5870 1348 5946 llcbmx,
1391 5876 1476 5933 ll.
1557 5879 1598 5911 ³⁸
1640 5877 1798 5935 Joan.
1834 5896 1955 5948 xiv,

2125 5881 2168 5914 ³³
2210 5880 2329 5938 Jac.
2370 5901 2430 5950 v,
2471 5884 2556 5940 19..
