4020 6372
331 342 442 400 155

1467 337 1992 400 (ΣΟΜΜΕΝΤΑΒΙΚ
2013 336 2078 400 iN
2121 344 2460 404 PSALMOS.

3488 350 3593 407 l54

329 478 462 526 των,
490 459 674 515 δίδωσι
708 458 827 530 μὲν,
859 459 975 512 ἀλλ’
1002 459 1102 514 οὐκ
1135 459 1231 513 ἐπὶ
1264 458 1342 530 τῷ
1368 459 1466 532 τὴν
1499 460 1731 532 ἀμοιϐὴν
1766 479 1886 534 παρι

2019 462 2258 518 amicitia
2307 471 2361 518 et
2413 461 2816 526 benevolentia,
2874 461 2954 516 sic
3005 461 3177 532 probe
3226 477 3285 518 se
3338 463 3487 534 agit,
3542 468 3590 523 is

332 550 636 621 ἀνθρώπων
673 549 860 606 λαϐεῖν
877 567 889 580 ·
934 549 1112 621 ἑαυτῷ
1139 550 1198 604 δὲ
1220 551 1614 622 ταμιευόμενος
1642 552 1829 626 ὥσπερ
1854 556 1912 606 ἐν

329 641 611 714 θησαυρῷ,
643 643 737 696 καὶ
764 641 914 713 αὐτῷ
945 641 1224 711 φυλάττων
1258 645 1338 706 εἰς
1364 642 1460 714 τὴν
1501 644 1798 714 μέλλουσαν
1833 646 1913 717 τῷ

329 735 452 806 Θεῷ
479 736 855 791 ἀνταπόδοσιν·
890 735 1000 790 Καὶ
1036 734 1195 804 δῶρα
1222 735 1314 802 ἐπ’
1345 736 1556 802 ἀθώοις
1578 739 1690 790 οὐκ
1712 737 1908 791 ἔλαϐε.

331 829 511 900 Τιμὴν
535 828 634 900 μὲν
654 830 761 899 γὰρ
785 828 926 898 τάχα
952 830 1206 899 προσοῖτο
1237 827 1623 901 [προσοίσοιτο]
1650 829 1749 900 τὴν
1778 829 1909 883 ἄλυ-

330 937 433 974 πον
461 922 556 974 καὶ
578 920 792 990 ἀϐλαϐῆ
820 923 932 983 τοῖς
959 920 1216 990 τιμῶσιν’
1255 921 1620 993 ὑποκειμένης
1645 921 1701 974 δὲ
1733 922 1910 987 αἰτίας

326 1013 415 1082 ἐφ’
449 1012 638 1084 ἑτέρου
671 1010 865 1088 βλάὁῃ,
898 1010 1106 1066 εἴποτε
1126 1009 1335 1086 δέξαιτο
1365 1013 1535 1085 δῶρα,
1566 1014 1908 1088 παντάπασιν

323 1104 590 1176 ἀνέτρεψε
609 1103 680 1180 τά
709 1087 1094 1174 προλεχθέντα.
1798 1087 1808 1090 θ

615 1362 1098 1422 ΣΤΗΛΟΓΡΑΦΙΔ
1134 1363 1223 1420 ΤΩ
1260 1369 1462 1425 ΔΑΥΙΔ
1498 1371 1600 1426 IE'-.

386 1500 481 1570 Τῷ
516 1499 619 1571 μὲν
662 1503 844 1556 Δαυῒδ
890 1504 1292 1577 ἐπιγέγραπται
1336 1510 1365 1560 ὁ
1407 1509 1640 1580 ψαλμός·
1686 1511 1740 1580 ἦ,
1795 1512 1902 1566 τοῦ

313 1591 519 1655 Δαυῒδ,
573 1593 718 1647 κατά
760 1595 887 1658 τοὺς
931 1595 1150 1661 λοιποὺς
1189 1601 1552 1670 ἐρμηνευτάς.
1586 1605 1814 1675 Ψαλμὺν
1844 1605 1902 1659 δὲ

314 1679 469 1737 εἷπον
515 1687 1008 1758 καταχρησάμενος
1054 1693 1118 1761 τῇ
1168 1692 1447 1764 συνηθείᾳ·
1499 1695 1641 1748 κατά
1684 1697 1795 1767 γὰρ
1838 1698 1900 1750 τὸ

2013 555 2276 624 elargitur
2303 553 2558 624 quidem,
2591 553 2685 607 sed
2726 568 2835 606 non
2865 567 2928 606 ea
2957 559 3135 606 mente
3189 561 3246 607 ut
3287 556 3591 611 mercedem

2012 646 2081 700 ab
2117 645 2432 700 hominibus
2483 645 2749 714 accipiat;
2795 644 2843 699 is
2882 644 3026 698 enim
3070 644 3173 699 sibi
3226 660 3324 700 ceu
3371 649 3426 702 in
3478 649 3590 704 the-

2012 752 2178 791 sauro
2228 735 2500 800 recondit,
2555 737 2769 806 sibique
2825 744 3069 791 reservat
3113 752 3213 806 pro
3261 739 3447 793 futura
3493 739 3590 796 Dei

2009 832 2470 883 remuneratione.
2534 826 2602 881 Et
2657 842 2874 882 munera
2925 843 3079 895 super
3135 829 3431 885 innocentes
3485 849 3589 886 non

2010 920 2228 989 accepit.
2271 919 2337 986 :Is
2395 919 2630 975 fortasse
2682 933 2884 973 munus
2944 919 3216 982 admittat,
3266 921 3395 976 dum
3451 924 3588 979 nihil

2008 1011 2293 1074 molestiae,
2347 1010 2660 1064 detrimenti
2712 1008 2870 1072 nihil,
2907 1005 3264 1064 offerentibus
3298 1011 3585 1082 importet;

2007 1103 2093 1158 sin
2124 1118 2258 1158 casu
2283 1103 2502 1158 eveniat
2536 1111 2592 1155 ut
2626 1103 2680 1156 in
2709 1101 2933 1156 alterius
2963 1102 3346 1157 detrimentum
3378 1112 3586 1174 vergat;

2006 1206 2138 1252 tunc
2153 1197 2197 1253 si
2217 1213 2442 1253 munera
2466 1197 2718 1268 accipiat,
2741 1199 2927 1253 omnia
2950 1215 3070 1268 qua:
3095 1214 3261 1269 supra
3281 1200 3426 1255 dicta
3456 1210 3587 1258 sunt

2005 1305 2239 1368 prorsus
2271 1291 2488 1344 evertit.

2131 1405 2183 1460 l.
2225 1403 2455 1460 TlTULl
2494 1401 2886 1459 lNSCRlPTIO
2927 1403 3054 1460 lPSl
3095 1404 3304 1459 DAVID
3345 1405 3460 1461 XV.

2071 1517 2285 1584 Davidi,
2315 1519 2556 1588 psalmus
2598 1517 2917 1587 inscriptus,
2962 1527 3056 1570 aut
3087 1518 3392 1572 secundum
3443 1519 3581 1574 alios

2001 1611 2346 1682 interpretes,
2371 1609 2612 1664 Davidis.
2639 1608 2918 1666 Psalmum
2948 1609 3253 1680 improprie
3279 1618 3579 1666 consuetu-

1999 1704 2144 1759 dinis
2179 1719 2285 1759 usu
2312 1703 2541 1768 vocavi;
2575 1717 2702 1756 nam
2745 1717 2810 1756 ex
2861 1710 3118 1755 accurata
3163 1703 3380 1757 ratione
3417 1717 3580 1758 nemo

313 1774 542 1844 ἀκριϐὲς
565 1777 666 1830 οὐκ
686 1777 752 1830 ἄν
776 1796 861 1842 τις
892 1780 1054 1835 αὐτὸν
1091 1783 1233 1835 εἴποι
1263 1783 1499 1855 ψαλμὸν,
1527 1789 1609 1840 ὅτι
1641 1789 1714 1862 μὴ
1744 1791 1886 1844 τοῦτ(

2001 1796 2269 1864 psalmum
2303 1795 2500 1849 dixerit
2532 1810 2544 1845 :
2578 1809 2758 1863 reque
2792 1793 2937 1848 enim
2971 1809 3033 1846 ea
3066 1801 3150 1847 est
3196 1794 3574 1864 inscriptionis

311 1865 503 1934 δηλοῦν
528 1867 777 1936 βούλεται
808 1871 840 1940 ἡ
874 1874 1196 1943 προγραφή·
1229 1874 1344 1927 ἀλλ’
1375 1877 1486 1931 ἔστι
1525 1879 1898 1951 στηλογραφία

311 1957 647 2026 προφητείαν
677 1961 1012 2030 περιέχουσα
1033 1961 1370 2038 θαυμαστὴν,
1398 1969 1492 2021 καὶ
1513 1971 1732 2041 γραφῆς
1764 1974 1895 2026 αἰω-

307 2046 444 2111 νίου,
466 2048 658 2120 ὥσπερ
687 2051 746 2103 ὲν
775 2052 943 2125 στήλῃ
977 2055 1386 2127 τετυπωμένης,
1419 2060 1598 2126 ἀξίαν.

373 2138 664 2202 Φύλαξόν
693 2158 792 2210 με,
832 2144 1030 2210 Κύριε,
1068 2144 1158 2199 ὅτι
1197 2147 1294 2200 ἐπὶ
1321 2149 1420 2201 σοὶ
1451 2145 1704 2211 ἤλπισα.
1738 2154 1896 2209 Εἴποι

307 2228 384 2295 τῷ
423 2231 646 2298 Κυρίῳ-
678 2234 826 2299 Θεός
850 2252 971 2304 μου
997 2233 1057 2290 εἴ
1085 2239 1187 2291 σύ·
1237 2239 1326 2292 ὅτι
1352 2239 1472 2292 τῶν
1505 2241 1742 2311 ἀγαθῶν
1773 2261 1896 2316 μου

302 2326 375 2377 οὐ
402 2326 620 2393 χρείαν
647 2325 827 2394 ἐχεις.
867 2329 988 2381 Ὅτι
1034 2329 1132 2398 μὲν
1174 2326 1267 2384 οὖν
1303 2331 1391 2384 διὰ
1430 2333 1524 2387 τοῦ
1570 2333 1734 2389 Δαυῑδ
1765 2338 1896 2390 ἁνα-

304 2411 628 2486 πεφὼνηται
663 2417 732 2470 τὰ
766 2420 824 2471 ὲν
855 2422 922 2490 τῇ
958 2422 1263 2493 προφητείᾳ
1298 2425 1695 2494 περιεχόμενα,
1731 2429 1894 2481 παντὶ

299 2506 365 2562 ἂν
402 2507 490 2578 εἴη
534 2509 725 2578 σαφές.
773 2511 1110 2581 Ζητουμένου
1141 2513 1198 2565 δὲ
1228 2517 1307 2577 εἰς
1334 2515 1456 2569 τίνα
1489 2516 1596 2587 ἄρα
1625 2518 1727 2589 χρὴ
1763 2519 1894 2572 ἀνα-

302 2598 490 2667 φέρειν
531 2599 602 2652 τὰ
648 2601 935 2672 λεγόμενα,
965 2603 1260 2675 ἀξιόχρεως
1292 2607 1421 2676 ἡμῖν
1461 2607 1778 2674 διδάσκαλος
1801 2612 1892 2678 γέ-

297 2692 430 2744 νοιτ’
460 2689 528 2744 ἂν
560 2692 768 2763 Πέτρος
811 2696 840 2748 ό
872 2695 1187 2760 ἀπόστολος,
1220 2699 1278 2750 ἐν
1325 2703 1445 2763 ταῖς
1492 2701 1732 2772 Πράξεσι
1783 2703 1890 2758 τῶν

300 2781 621 2836 ἔτεος-τύλων
671 2785 1050 2854 μνημονεύσας
1093 2787 1204 2840 τῶν
1258 2791 1314 2841 ὲν
1361 2790 1496 2863 αὐτῇ
1550 2793 1886 2863 φερομένων.

298 2873 538 2926 Διελθὼν
572 2874 683 2946 γὰρ
709 2877 847 2948 πρὸς
874 2877 965 2930 τὸν
987 2878 1117 2931 λαὸν
1145 2881 1214 2933 τὰ
1237 2880 1333 2935 τοῦ
1362 2882 1599 2954 ψαλμοῦ,
1635 2886 1808 2940 ταῦτά
1828 2903 1889 2939 τε

299 2966 392 3016 ἔτή
423 2964 519 3017 τὸν
563 2966 791 3041 Σωτῆρα
821 2967 892 3021 τὰ
924 2971 1189 3040 εἰρημένα
1215 2971 1556 3039 ἀναδιδάξας,
1597 2974 1726 3044 ἑξῆς
1762 2976 1884 3028 ὲπιη

298 3056 455 3126 φέρει
487 3055 582 3109 καί
605 3074 792 3127 φησιν’
821 3059 1057 3126 Ἄνδρες
1075 3060 1344 3128 ἀδελφοὶ,
1368 3061 1512 3126 ἐξὸν
1530 3063 1719 3116 εἰπεῖν
1736 3063 1889 3132 μετὰ

1998 1885 2356 1954 signiﬁcatio;
2401 1885 2495 1939 sed
2523 1891 2608 1938 est
2639 1883 2808 1938 veluti
2844 1883 3039 1938 titulus
3078 1884 3404 1953 inscriptus.
3441 1900 3567 1954 pro-

1997 1978 2236 2048 phetiam
2279 1977 2592 2046 exprimens
2635 1975 3038 2039 admirandam,
3072 1983 3388 2048 aeternaque
3429 1979 3574 2033 seri-

1995 2075 2180 2139 ptura,
2210 2081 2310 2122 ceu
2346 2067 2401 2120 in
2431 2067 2592 2136 cippo
2625 2067 2918 2136 insculpta,
2953 2068 3193 2137 dignam.

2014 2187 2016 2189 -
2064 2155 2234 2211 Vens.
2265 2156 2320 2210 2.
2352 2156 2616 2211 Conserva
2649 2173 2748 2220 me,
2784 2156 3026 2220 Domine,
3071 2157 3322 2226 quoniam
3364 2159 3574 2226 speravi

1993 2251 2049 2303 in
2086 2259 2169 2313 te;
2213 2249 2328 2301 dixi
2378 2248 2808 2302 Domino:Deus
2865 2265 3011 2302 meus
3062 2265 3115 2301 es
3175 2259 3266 2313 tu,
3323 2251 3574 2319 quoniam

1994 2337 2248 2392 bonorum
2277 2354 2513 2391 meorum
2556 2355 2658 2392 non
2701 2334 2837 2408 eges.
2871 2337 3028 2404 Quod
3066 2354 3161 2408 per
3193 2338 3446 2393 Davidem
3483 2355 3570 2402 ea,

1992 2444 2114 2498 qua:
2167 2429 2220 2482 in
2276 2429 2561 2499 pmphetia
2615 2430 2999 2495 continentur,
3052 2431 3280 2484 recitata
3333 2430 3568 2494 fuerint,

1991 2522 2130 2575 nulli
2167 2535 2276 2575 non
2318 2521 2667 2576 manifestum
2711 2528 2814 2578 est.
2865 2521 2922 2576 Si
2975 2530 3252 2593 quaeratur
3298 2538 3462 2593 porro
3502 2523 3570 2577 ad

1996 2631 2158 2684 quem
2211 2613 2503 2670 referenda
2557 2616 2703 2681 sint,
2751 2615 2951 2685 dignus
3003 2630 3066 2669 ac
3127 2616 3359 2670 idoneus
3411 2617 3570 2671 nobis

1991 2708 2187 2762 doctor
2241 2706 2409 2763 fuerit
2453 2707 2649 2765 Petrus
2710 2709 3025 2778 apostolus,
3081 2709 3172 2778 qui
3232 2709 3288 2762 in
3336 2707 3568 2764 Actibus

1991 2801 2366 2870 apostolorum
2413 2800 2601 2855 eadem
2648 2801 2767 2870 ipsa
2815 2801 2870 2854 in
2913 2801 3200 2870 prophetia
3251 2801 3413 2854 allata
3453 2815 3568 2854 me-

1989 2895 2189 2943 morat.
2245 2887 2378 2942 Nam
2413 2905 2537 2943 cum
2571 2891 2770 2959 populo
2797 2891 2987 2959 psalmi
3022 2889 3346 2944 sententiam
3389 2890 3566 2958 expli—

1989 2988 2172 3045 ceret,
2215 2989 2270 3035 et
2309 2980 2376 3035 de
2408 2981 2689 3036 Salvatore
2746 2982 3098 3052 intelligenda
3150 2982 3405 3047 doceret,
3450 2982 3566 3037 haec

1989 3073 2186 3127 deinde
2235 3055 2594 3142 subjungit':
2669 3073 2777 3126 Viri
2824 3074 3040 3142 fratres,
3098 3074 3251 3127 liceat
3311 3075 3566 3126 audenter

299 3149 646 3216 παρρησίας
667 3150 818 3216 πρὸς
838 3149 994 3218 ὑμᾶς
1013 3153 1145 3220 περὶ
1168 3152 1273 3205 τοῦ
1293 3153 1660 3223 πατριάρχου
1681 3156 1884 3223 Δαυῒδ,

1990 3163 2160 3216 dicere
2187 3162 2262 3215 ad
2285 3181 2370 3216 vos
2396 3162 2459 3216 de
2480 3165 2786 3232 patriarcha
2800 3163 2990 3228 David,
3011 3166 3257 3233 quoniam
3282 3164 3562 3233 defunctus

296 3240 390 3292 ὅτι
422 3241 524 3292 καὶ
554 3241 916 3309 ἐτελεύτησε
948 3245 1044 3297 καὶ
1075 3243 1286 3314 decis-sm
1318 3246 1415 3298 καὶ
1444 3247 1508 3299 τὸ
1535 3246 1745 3316 μνῆμα
1781 3251 1887 3303 αὺ-

300 3329 403 3382 τοῦ
430 3330 606 3385 ὲστιν
628 3332 699 3386 ἐν
720 3335 867 3402 ἡμῖν
900 3333 1036 3403 ἄχρι
1065 3334 1175 3403 τῆς
1208 3335 1434 3404 ἡμέρας
1463 3338 1706 3406 ταύτης.
1740 3341 1888 3407 Προ-

297 3421 496 3491 φήτης
525 3420 643 3478 οὖν
668 3426 970 3499 ὑπάρχων,
1001 3429 1098 3481 καὶ
1125 3427 1316 3494 εἰδὼς,
1349 3430 1436 3484 ὅτι
1470 3431 1623 3500 ὅρκῳ
1649 3432 1887 3502 ὤμοσεν

294 3510 456 3577 αὐτῷ
490 3516 523 3567 ὁ
565 3514 712 3580 Θεὸς
755 3517 824 3568 ἐκ
872 3518 1103 3584 καρποῦ
1147 3518 1260 3586 τῆς
1307 3522 1540 3590 ὀσφύος
1585 3524 1771 3578 αὐτοῦ
1817 3525 1886 3579 τὸ

293 3605 446 3659 κατὰ
489 3605 689 3674 σάρκα
733 3608 1108 3675 ἀναστήσειν
1159 3612 1266 3665 τὸν
1309 3615 1586 3681 Χριστὸν,
1639 3619 1885 3672 καθίσαι

290 3698 389 3751 ἐπὶ
417 3697 527 3751 τὸν
557 3700 778 3766 θρόνον
806 3699 1015 3760 αὐτοῦ,
1047 3701 1310 3770 προϊδὼν
1326 3704 1598 3772 ἐλάλησε
1614 3707 1749 3774 περὶ
1771 3707 1883 3775 τῆς

293 3790 691 3857 ἀναστάσεως
712 3793 817 3847 τοῦ
844 3796 1122 3863 Χριστοῦ,
1152 3796 1241 3849 ὅτι
1278 3797 1416 3850 οὔτε
1452 3799 1881 3869 ἐγκατελείφθη

289 3887 378 3950 εἰς
397 3884 574 3953 ᾅδην,
593 3887 731 3939 οὔτε
750 3888 783 3956 ἡ
800 3887 955 3956 σὰρξ
967 3889 1153 3943 αὑτοῦ
1164 3888 1284 3943 εῗδε
1295 3889 1642 3959 διαφθοράν.
1664 3893 1882 3946 Τοῦτον

289 3978 398 4030 τὸν
445 3976 693 4046 Ἰησοῦν
731 3978 1074 4047 ἀνέστησεν
1104 3985 1136 4035 ό
1162 3981 1328 4047 Θεὸς,
1360 3978 1433 4037 οὗ
1463 3982 1684 4049 πάντες
1709 3984 1880 4054 ἡμεῖς

287 4071 482 4138 ἐσμεν
509 4071 830 4141 μάρτυρες.
883 4067 982 4124 ’Ὧν
1021 4072 1194 4137 οὕτως
1245 4074 1572 4145 εἰρημένων,
1624 4077 1878 4146 περιττὸν

290 4162 358 4215 ἂν
396 4163 485 4232 εἴη
526 4163 623 4216 τοῦ
669 4163 858 4216 λοιποῦ
901 4163 1101 4234 ζητεῖν,
1141 4166 1232 4218 ὲπί
1267 4166 1389 4219 τίνα
1425 4166 1528 4238 χρὴ
1569 4166 1752 4239 φέρειν
1779 4167 1877 4238 τὴν

289 4256 656 4326 προφητείαν,
702 4255 850 4321 ἅπαξ
897 4259 1001 4310 ὑπὸ
1053 4258 1369 4328 τηλικούτου
1421 4260 1692 4331 μάρτυρος
1739 4259 1876 4312 δεδι-

289 4347 572 4418 δαγμένοι.
610 4350 769 4402 Κατά
802 4352 898 4420 μὲν
930 4347 1022 4404 οὖν
1058 4353 1183 4415 τοὺς
1223 4352 1622 4424 Ἐϐδομήκοντα
1653 4357 1874 4421 στηλο-

1988 3263 2098 3320 est,
2139 3263 2188 3309 et
2229 3255 2577 3323 sepultus:et
2618 3256 2914 3324 sepulcrum
2989 3255 3102 3324 ejus
3156 3265 3234 3310 est
3284 3257 3425 3325 apud
3469 3273 3562 3310 nos

1987 3363 2150 3416 usque
2204 3349 2260 3401 in
2309 3346 2618 3401 hodiernum
2673 3348 2832 3404 diem;
2910 3349 3176 3419 Prop/tcta
3227 3351 3389 3419 igitur
3439 3365 3561 3403 cum

1986 3448 2142 3502 esset,
2185 3447 2235 3492 et
2277 3440 2433 3493 sciret
2463 3441 2590 3510 quia
2626 3440 2980 3510 jurejurando
3008 3442 3244 3510 jurasset
3288 3441 3370 3494 illi
3392 3441 3553 3504 Deus,

1985 3531 2049 3583 de
2071 3531 2246 3599 fructu
2269 3530 2431 3584 lumbi
2451 3532 2563 3600 ejus
2585 3533 2871 3585 secundum
2905 3550 3115 3586 carnem
3141 3543 3560 3586 resurrecturum

1986 3619 2257 3673 Christum
2305 3619 2374 3672 ad
2422 3620 2705 3673 sedendum
2754 3622 2808 3673 in
2853 3621 3038 3675 throno
3087 3622 3244 3688 ejus:
3282 3621 3559 3690 providens

1985 3711 2192 3765 loeutus
2255 3721 2334 3766 est
2386 3712 2451 3766 de
2500 3715 2882 3767 resurrectione
2930 3712 3150 3776 Christi,
3214 3715 3340 3782 quia
3398 3730 3561 3782 neque

1981 3802 2265 3856 derelictus
2321 3813 2399 3856 est
2459 3804 2514 3856 in
2564 3803 2814 3872 inferno,
2865 3820 3026 3873 neque
3076 3820 3198 3856 caro
3257 3803 3370 3872 ejus
3425 3802 3558 3856 vidit

1981 3895 2394 3962 corruptionem.
2441 3894 2594 3948 llunc
2621 3896 2804 3949 Jesum
2852 3897 3180 3949 resuscitatiit
3208 3894 3371 3959 Deus,
3404 3897 3556 3966 cujus

1979 4003 2158 4042 omnes
2197 4003 2290 4041 nos
2333 3997 2488 4042 testes
2522 4005 2704 4043 sumus
2729 3989 2790 4042 ³³.
2859 3987 3068 4054 Quibus
3097 3989 3179 4044 sic
3229 3989 3554 4052 cnuntiatis,

1981 4079 2318 4149 superﬂuum
2362 4091 2508 4135 esset
2552 4079 3061 4151 ulleriusindagare
3111 4080 3178 4134 ad
3208 4096 3370 4150 quem
3410 4078 3557 4136 refe-

1978 4173 2149 4225 renda
2189 4172 2502 4241 prophetia;
2561 4181 2850 4242 postquam
2911 4173 3044 4227 tanti
3090 4174 3190 4227 viri
3240 4162 3556 4228 testimonio

1936 4325 1940 4330 ε
1980 4262 2159 4316 edocti
2201 4263 2429 4318 fuimus.
2458 4262 2622 4317 Juxta
2657 4264 3159 4334 interpretationem
3197 4265 3555 4335 Septuaginta
3629 4335 3632 4338 _

1979 4356 2253 4423 virorum,
2311 4357 2426 4411 haec
2479 4357 2762 4426 prophetia
2814 4357 2958 4410 tituli
3003 4359 3274 4427 inscriptio
3326 4359 3550 4426 dicitur,

289 4443 513 4510 τραφία
530 4442 780 4495 λέλεκται
801 4445 833 4512 ἡ
858 4443 1180 4513 προφητεία,
1213 4444 1273 4496 τὸ
1304 4444 1577 4515 περιέχειν
1607 4444 1705 4516 τὴν
1731 4445 1871 4498 κατὰ

1990 4447 2124 4517 quod
2160 4449 2444 4502 victoriam
2489 4464 2519 4501 a
2553 4448 2774 4504 Christo
2814 4450 2882 4505 de
2922 4458 3118 4516 morte,
3162 4466 3258 4520 per
3302 4466 3553 4507 resurre-

289 4535 386 4588 τοῦ
424 4534 656 4588 θανάτου
698 4535 856 4604 νίκην
887 4537 979 4588 τοῦ
1023 4536 1272 4607 Σωτῆρος
1312 4535 1400 4589 διὰ
1431 4537 1530 4606 τῆς
1559 4539 1624 4590 ὲκ
1662 4535 1874 4607 νεκρῶν

291 4626 638 4690 ἀναστάσεως
668 4627 832 4680 αὐτοῦ
867 4627 1322 4698 κατωρθωμένην.
1368 4629 1578 4698 Ὠσπερ
1623 4629 1732 4700 γὰρ
1764 4629 1873 4682 τῶν

291 4717 714 4788 ἀγωνιζομένων
748 4722 806 4772 ὲν
840 4719 1073 4782 σταδίοις
1101 4720 1151 4771 οἱ
1185 4720 1424 4789 μέγιστοι
1451 4722 1546 4772 καὶ
1579 4719 1870 4792 παράδοξοι

291 4808 445 4866 ἆθλοι
483 4814 685 4884 στήλης
719 4813 1016 4880 ἀξιοῦνται,
1053 4815 1149 4868 καὶ
1187 4813 1296 4867 τῶν
1337 4817 1395 4868 ὲν
1433 4814 1688 4885 πολέμοις
1729 4814 1871 4868 κατά

289 4905 397 4957 τῶν
418 4905 627 4974 ἐχθρῶν
649 4907 886 4975 τρόπαια
905 4907 984 4968 εἰς
1002 4905 1217 4977 μακρὰν
1239 4911 1456 4977 μνήμην
1479 4907 1863 4977 στηλιτεύεται·

289 4997 430 5055 οὕτω
450 4999 626 5051 καὶτὸ
649 4999 792 5069 μέγα
823 4999 1078 5068 τρόπαιον
1101 4997 1194 5051 τοῦ
1223 5000 1493 5070 Σωτῆρος,
1517 5001 1651 5071 ὅπερ
1678 5001 1865 5070 ἤγειρε

290 5089 533 5142 καθελὼν
565 5089 654 5142 τὸν
688 5089 749 5142 τὸ
786 5091 987 5161 κράτος
1021 5089 1212 5160 ἔχοντα
1239 5089 1333 5143 τοῦ
1373 5089 1626 5155 θανάτου,
1659 5090 1864 5144 ἄνωθεν

290 5181 399 5234 ἀπὸ
430 5181 539 5233 τῶν
569 5180 924 5252 προφητικῶν
959 5182 1163 5252 χρόνων
1193 5181 1564 5253 ἐστηλιτεύετο
1593 5185 1712 5246 ταῖς
1739 5185 1864 5236 έαυ-

289 5271 396 5329 τῶν
415 5278 670 5344 γραφαῖς·
697 5274 778 5328 διὸ
812 5273 1184 5348 στηλογραφία
1207 5273 1476 5330 λέλεκται.

358 5451 480 5504 Ὅτι
511 5449 632 5504 τῶν
666 5451 903 5522 ἀγαθῶν
939 5471 1058 5523 μου
1090 5455 1162 5508 οὐ
1190 5453 1398 5521 χρείαν
1419 5452 1598 5522 ἔχεις.
1635 5452 1746 5522 Οὐχ
1775 5453 1861 5506 ἵνα

289 5545 355 5600 τὰ
403 5545 603 5610 ἐπάξια
634 5545 926 5617 χαρίσηται
970 5545 1085 5599 ἀνθ’
1116 5539 1191 5599 ὧν
1233 5543 1382 5615 αὐτῷ
1410 5543 1858 5616 προσηγάγομεν.

292 5637 472 5692 Ἄλλοι
521 5637 580 5690 δέ
634 5653 847 5708 φασιν..
881 5637 955 5700 ὡς
1013 5639 1078 5690 ὲκ
1127 5635 1418 5708 προσώπου
1473 5634 1566 5690 τοῦ
1609 5636 1858 5706 Σωτῆρος

356 5797 401 5849 ’ξ
442 5798 568 5864 Act.
609 5810 688 5863 rt,
722 5795 913 5852 9045⁸2..

1975 4543 2211 4595 ctionem
2260 4557 2327 4594 ex
2364 4541 2595 4595 mortuis
2643 4553 2875 4612 partam,
2925 4542 3341 4611 complectatur.
3397 4540 3551 4596 Sicut

1974 4631 2120 4687 enim
2152 4631 2482 4686 athletarum
2519 4632 2575 4685 in
2606 4633 2783 4689 stadio
2823 4632 3222 4688 decertantium
3262 4633 3546 4703 splendida

1973 4734 2136 4792 atque
2165 4722 2502 4777 mirabiliora
2541 4737 2665 4776 cum
2702 4723 3038 4778 adversariis
3076 4723 3207 4777 inita
3241 4723 3544 4776 certamina

1972 4813 2133 4882 cippo
2158 4812 2452 4876 donantur,
2478 4819 2642 4883 atque
2682 4815 2736 4872 in
2765 4813 2924 4867 bellis
2963 4821 3164 4882 tropaea
3198 4811 3265 4866 de
3293 4810 3543 4867 hostibus

1973 4904 2041 4958 ad
2085 4904 2402 4959 diuturnam
2442 4905 2765 4959 memoriam
2818 4905 3124 4974 eriguntur,
3171 4903 3246 4956 ita
3286 4916 3544 4970 magnum

1969 4996 2106 5051 illud
2138 4995 2446 5052 Servatoris
2487 5004 2774 5066 tropaeum,
2813 5003 3092 5066 prostrato
3132 5009 3197 5049 eo
3239 4994 3332 5063 qui
3373 4993 3544 5061 impe-

1969 5089 2112 5142 rium
2155 5089 2350 5144 mortis
2393 5089 2629 5144 habebat
2675 5096 2950 5148 erectum,
2997 5087 3202 5156 jamdiu
3243 5100 3273 5138 a
3304 5084 3540 5153 pr0phe-

1971 5179 2096 5243 ticis
2146 5180 2479 5250 temporibus
2522 5179 2577 5234 in
2616 5193 2803 5234 eorum
2865 5177 3086 5245 scriptis
3116 5175 3262 5229 velut
3291 5175 3346 5228 in
3377 5174 3540 5242 cippo

1967 5269 2303 5338 insculptum
2331 5268 2510 5324 fuerat
2538 5295 2550 5329 ;
2577 5284 2745 5339 quare
2770 5267 2912 5320 tituli
2937 5266 3052 5321 sive
3080 5265 3221 5334 cippi
3252 5263 3540 5334 inscriptio

1969 5361 2195 5416 dicitur.

2041 5451 2306 5517 Quoniam
2345 5453 2600 5508 bonorum
2642 5465 2875 5504 meorum
2911 5464 3015 5502 non
3033 5463 3170 5518 eges.
3223 5446 3342 5502 Non
3369 5458 3429 5503 ut
3457 5448 3540 5501 die

1964 5557 2127 5611 gnam
2165 5558 2264 5612 pro
2309 5543 2378 5596 iis
2415 5556 2536 5611 quae
2565 5540 2670 5610 ipsi
2704 5539 3002 5594 obtulimus
3039 5539 3344 5594 mercedem
3378 5539 3538 5594 retri-

1964 5636 2097 5690 buat
2139 5633 2237 5706 [ita
2278 5631 2564 5706 loquitur].
2601 5632 2706 5687 Alii
2738 5633 2926 5688 dicunt
2971 5647 3038 5688 ex
3082 5629 3383 5688 Salvatoris
3418 5646 3530 5702 per-
