4020 6372
406 421 515 481 155

1072 415 1343 474 EUSEBII
1381 410 1862 473 CESARIENSIS
1900 408 2053 467 OPP.
2091 407 2272 464 PARS
2309 406 2397 464 Ill.
2438 436 2509 449 --
2544 404 2958 463 EXEGETICA.

3548 399 3650 458 156

403 552 539 596 sona
566 534 975 608 pronuntiatum
1005 532 1272 602 psalmum
1298 570 1313 595 ,
1346 529 1512 599 idque
1549 525 1849 583 secundum
1874 524 1976 577 hu-

2097 522 2295 593 εῐρηται
2329 523 2358 575 ὁ
2387 520 2600 591 ψαλμός
2621 536 2635 550 ·
2680 518 2892 591 εἴρηται
2925 516 2982 570 δὲ
3030 515 3170 571 κατὰ
3205 514 3268 569 τὸ
3295 514 3650 588 ἀνθρώπειον,

403 642 622 683 tnanam
662 634 951 688 naturam,
984 620 1296 691 cujusmodi
1330 620 1472 675 bene
1509 618 1683 672 multa
1718 618 1775 671 in
1807 615 1979 670 sacris

2097 616 2267 685 Ιὣσπερ
2298 614 2451 668 αὐτοὶ
2478 612 2615 666 αὺτά
2640 610 2809 665 πολλὰ
2843 609 2937 665 καὶ
2974 611 3031 662 ὲν
3070 612 3180 671 τοῖς
3209 610 3372 679 ἱεροῖς
3409 610 3654 677 Εύαγγε-

403 719 716 791 Ev-angeliis
744 716 1237 787 deprehendimus;
1285 713 1448 795 quale
1475 719 1561 767 est
1585 709 1721 764 illud
1748 726 1762 762 :
1790 707 1977 772 Pater,

400 813 450 867 si
477 811 594 881 ﬁeri
617 810 805 879 possit,
832 816 1067 862 transeat
1098 823 1131 859 a
1163 823 1241 859 me
1274 805 1419 859 calix
1446 805 1567 860 iste.
1609 801 1980 856 Verumtamen

403 920 508 958 non
548 900 687 974 quod
731 918 823 972 ego
861 900 998 962 volo,
1050 897 1140 953 sed
1193 898 1331 968 quod
1384 908 1440 949 tu
1468 896 1544 962 “;
1600 902 1695 950 et:
1730 892 1876 947 Vada
1911 892 1980 945 ad

402 994 621 1052 Patrem
665 1010 836 1047 meum
880 1001 930 1046 et
956 992 1176 1046 Patrem
1216 998 1466 1049 vestrum.
1512 986 1677 1040 Deum
1719 1001 1893 1039 meum
1931 993 1981 1038 et

402 1084 573 1139 Deum
602 1093 828 1139 vestrum
856 1083 919 1138 ³⁵.
944 1084 1035 1139 Sic
1051 1081 1368 1150 frequenter
1404 1086 1675 1143 orantem,
1711 1090 1774 1130 ac
1804 1089 1980 1146 genua

403 1176 712 1232 ﬂectentem
762 1173 1097 1230 invenimus.
1155 1170 1358 1226 Eadem
1410 1184 1638 1241 prorsus
1678 1167 1892 1222 ratione
1925 1167 1980 1220 in

402 1266 509 1321 hoc
545 1279 764 1336 quoque
800 1265 1016 1334 psalmo
1069 1260 1392 1317 conservari
1438 1276 1497 1315 se
1537 1267 1811 1329 precatur,
1848 1250 1983 1313 dum

401 1364 586 1411 tamen
641 1370 673 1409 a
705 1370 766 1411 se
808 1355 930 1425 ipso
975 1360 1355 1409 conservatur.
1403 1352 1473 1406 At
1522 1351 1669 1407 enim
1722 1359 1781 1407 ut
1818 1351 1981 1408 homo

402 1456 583 1518 rogat,
624 1463 689 1502 ac
729 1454 917 1518 utpote
946 1445 1089 1501 Deus
1130 1446 1408 1516 postulata
1452 1445 1735 1512 concedit;
1791 1460 1983 1501 assen-

400 1540 572 1595 tiente
617 1540 830 1595 scilicet
875 1546 931 1594 et
970 1547 1303 1608 cooperante
1339 1537 1523 1593 Patre.
1583 1537 1849 1604 Quoniam
1889 1536 1983 1591 bo-

400 1648 588 1686 norum
619 1648 856 1685 meorum
889 1648 992 1686 non
1022 1647 1161 1702 eges.
1205 1629 1334 1684 Han:
1359 1628 1721 1701 Symmachus
1752 1632 1858 1687 alia
1892 1646 1983 1685 ra-

402 1723 551 1777 tione
590 1723 985 1793 interpretatus
1025 1730 1154 1777 est:
1190 1719 1317 1775 Non
1347 1731 1425 1775 est
1462 1721 1591 1774 mihi
1635 1721 1826 1775 bonum
1871 1722 1983 1776 sine

403 1823 471 1869 te.
514 1812 705 1870 Omnis
747 1814 905 1884 copia
949 1814 1244 1878 bonorum,
1294 1812 1495 1882 inquit,
1527 1828 1624 1882 per
1656 1820 1807 1867 tuam
1846 1813 1982 1866 mihi

401 1908 634 1977 gratiam
674 1906 978 1962 confertur.
1022 1904 1270 1976 Utraque
1308 1920 1475 1975 porro
1524 1904 1685 1959 lectio
1721 1920 1875 1975 aeque
1916 1904 1985 1960 ad

402 1999 656 2068 pietatem
689 2005 1015 2069 opportuna.
1048 1996 1260 2051 Etenim
1315 2011 1347 2050 a
1374 1995 1487 2051 Deo
1515 1998 1798 2053 concessis
1824 1997 1987 2057 bonis

401 2105 504 2144 nos
534 2088 888 2160 perfruimur,
926 2104 1105 2158 neque
1147 2088 1194 2143 is
1238 2094 1389 2142 recte
1435 2086 1600 2144 factis
1639 2089 1855 2160 indiget.
1885 2104 1987 2143 ηοξ

401 2181 536 2235 stris
586 2193 812 2248 gverum
865 2179 936 2235 ad
982 2180 1280 2234 utilitatem
1334 2178 1453 2249 ipse
1493 2188 1743 2236 nostram
1769 2180 1886 2239 haec
1925 2181 1986 2235 ut

402 2286 631 2341 agamus
668 2272 788 2342 lege
826 2271 1026 2327 sancit.

479 2360 643 2418 Vsus.
671 2364 731 2423 ’5,
755 2363 807 2417 4.
860 2361 1075 2418 Sanctis
1109 2366 1200 2435 qui
1239 2374 1361 2418 sunt
1398 2364 1455 2418 in
1510 2373 1655 2417 terra
1687 2362 1800 2432 ejus
1835 2362 1987 2416 miri-

401 2455 581 2525 ﬁcavit
625 2472 804 2510 omnes
838 2455 1134 2510 voluntates
1184 2474 1311 2511 suas
1351 2458 1405 2510 in
1438 2457 1534 2511 eis.
1568 2486 1638 2496 —
1671 2455 1773 2510 Vos
1810 2465 1987 2509 autem

400 2549 529 2602 estis
555 2563 744 2616 corpus
767 2547 988 2611 Christi,
1012 2557 1061 2602 et
1094 2552 1328 2603 membra
1355 2550 1419 2604 de
1448 2549 1682 2603 membro
1706 2549 1770 2603 ³⁸.
1798 2548 1983 2604 Eccle-

403 2644 501 2695 sia:
544 2655 657 2695 sua:
698 2655 992 2706 azrnmnas,
1044 2641 1150 2696 sibi
1189 2642 1350 2711 quasi
1392 2642 1644 2711 proprias
1683 2640 1986 2705 ascribens,

403 2748 470 2787 ex
500 2747 735 2802 persona
768 2733 889 2802 ejus
918 2733 1033 2788 base
1061 2735 1237 2803 potuit
1268 2734 1424 2789 etfari
1450 2750 1462 2786 :
1497 2732 1713 2788 Sanctis
1743 2733 1833 2803 qui
1860 2742 1986 2786 sunt

402 2825 460 2877 in
488 2833 630 2878 terra
649 2825 763 2892 ejus
794 2826 1098 2894 miriﬁcavit
1122 2843 1299 2881 omnes
1330 2827 1622 2880 voluntates
1654 2842 1781 2879 suas
1811 2826 1864 2878 in
1893 2826 1988 2878 eis.

402 2913 781 2983 Mulliplisatce
795 2925 918 2969 sunt
938 2917 1279 2987 inﬁrmitates
1295 2918 1609 2973 eorum.Alii
1632 2925 1831 2972 terram
1849 2916 1990 2985 ejus,

405 3004 709 3061 Ecclesiam
765 3008 1243 3079 interpretantur;
1295 3018 1631 3080 quapmpter
1659 3008 1755 3063 Dei
1796 3010 1995 3063 volun-

402 3104 546 3152 tates
575 3098 859 3155 mirabiles
880 3100 1141 3156 evadunt.
1172 3100 1495 3157 Voluntates
1522 3116 1689 3171 porro
1716 3100 1833 3167 Dei,
1864 3107 1994 3156 sunt

2014 1873 2057 1928 Β

403 3188 637 3244 virtutes
688 3189 917 3260 singulae
967 3206 1090 3260 quae
1138 3190 1259 3260 ipso
1303 3197 1519 3246 astante
1575 3190 2062 3283 opitulantequec

403 3281 686 3347 coluntur,
727 3280 887 3350 juxta
926 3281 1060 3337 illud
1096 3300 1109 3337 :
1143 3282 1327 3337 Inveni
1373 3280 1546 3335 David
1602 3281 1776 3351 ﬁlium
1815 3279 1987 3347 Jesse,

403 3374 580 3427 uirum
621 3374 908 3429 secundum
946 3392 1036 3430 cor
1071 3393 1267 3441 meum,
1296 3377 1387 3447 qui
1413 3376 1575 3446 faciet
1600 3392 1778 3430 omnes
1807 3374 1993 3429 volun-

407 3474 547 3521 tates
577 3482 722 3521 meas
747 3467 813 3533 ",
854 3468 1067 3524 scilicet
1095 3468 1409 3525 voluntates
1457 3468 1601 3538 ejus,
1638 3483 1745 3538 qua
1778 3466 1994 3523 ratione

407 3559 666 3630 superius
712 3561 1000 3631 explicata:
1050 3570 1201 3617 sunt.
1254 3561 1321 3615 Et
1368 3577 1504 3617 sane
1531 3561 1677 3616 Deus
1720 3560 1996 3615 mirabilia

407 3652 543 3707 facit
570 3654 625 3708 in
657 3653 867 3709 sanctis
902 3653 1041 3720 suis,
1066 3653 1193 3723 quia
1226 3653 1283 3707 in
1312 3654 1433 3723 ipso
1457 3653 1679 3708 virtutis
1709 3652 1991 3715 exercitio,

407 3748 503 3816 qui
531 3746 840 3803 secundum
872 3745 1040 3801 Deum
1082 3746 1360 3817 sapientes
1392 3754 1542 3809 sunt,
1574 3745 1699 3799 aliis
1735 3750 1997 3814 praestant

409 3835 750 3891 hominibus.
777 3833 897 3890 Non
933 3835 1124 3891 eadem
1155 3835 1356 3906 quippe
1402 3836 1459 3889 in
1493 3835 1830 3907 martyribus
1853 3834 1999 3888 veri-

409 3930 564 3995 tatis,
599 3930 657 3984 in
689 3928 952 3999 apostolis
984 3938 1039 3984 et
1063 3928 1347 3999 prophetis
1394 3927 1660 3983 fortitudo
1683 3934 1789 3990 est,
1830 3934 1997 3996 atque

413 4020 468 4075 in
498 4022 717 4077 ceteris
745 4022 838 4091 qui
865 4035 992 4076 sese
1036 4028 1261 4075 strenue
1299 4029 1589 4090 gesserunt
1617 4035 1833 4089 :neque
1864 4033 1996 4073 vero

409 4109 638 4182 Iosephi
685 4126 752 4166 ac
797 4110 1066 4166 Susannae
1120 4113 1484 4181 temperantia
1549 4112 2000 4181 continentiaque

413 4204 646 4259 aliorum
691 4204 1049 4257 continentiae
1094 4203 1291 4259 similis
1336 4210 1440 4258 est.
1502 4203 1704 4259 Eadem
1769 4220 1999 4274 prorsus

414 4294 631 4349 ratione
664 4294 906 4364 reliquas
936 4301 1256 4349 sanctorum
1284 4294 1513 4350 virtutes
1544 4294 1689 4351 Deus
1719 4296 1999 4350 mirabiles

415 4387 600 4450 efﬁcit,
633 4387 709 4441 ita
738 4395 800 4441 ut
833 4382 1246 4457 incomparabili
1293 4388 1663 4458 praecellentia
1697 4388 1753 4441 in
1781 4404 2001 4458 quaque

414 4495 478 4537 re
518 4480 661 4535 inter
699 4487 929 4535 caeteros
972 4479 1193 4534 virtutis
1241 4480 1520 4535 studiosos
1560 4480 1815 4535 homines
1863 4481 2000 4535 emi-

2081 707 2216 771 λίοις
2254 706 2598 777 εὑρίσκομεν·
2630 702 2868 757 τοιοῦτόν
2919 704 3034 755 ἐστι
3083 701 3172 754 τό·
3227 699 3437 768 Πάτερ,
3468 703 3521 753 ει
3553 700 3658 754 δυ-

2080 799 2287 865 νατὸν,
2328 795 2665 866 παρελθέτω
2710 794 2777 849 τὸ
2815 793 3099 862 ποτήριον
3141 792 3316 846 τοῦτο
3347 792 3448 846 ἀπ’
3485 792 3652 862 ἐμοῦ.

2080 892 2257 960 Πλὴν
2283 893 2393 959 οὐχ
2419 891 2499 956 ὡς
2524 888 2639 959 ἐγὼ
2670 887 2842 951 θέλω,
2873 887 3007 941 ἀλλ’
3032 887 3112 952 ὡς
3126 887 3226 938 σύ·
3263 885 3377 947 καὶ,
3402 885 3654 951 Πορεύο-

2074 999 2183 1052 μαι
2226 982 2374 1050 πρὸς
2409 980 2516 1034 τὸν
2538 977 2770 1046 Πατέρα
2793 996 2913 1047 μου
2958 977 3055 1031 καὶ
3083 975 3314 1044 Πατέρα
3342 976 3529 1044 ὑμῶν,
3556 975 3657 1029 καὶ

2085 1076 2234 1128 Θεόν
2251 1090 2369 1143 μου
2398 1072 2497 1125 καὶ
2530 1070 2680 1124 Θεὸν
2703 1070 2890 1140 ὑμῶν.
2930 1068 3115 1132 Οὕτως
3142 1069 3468 1140 εὑρίσκομεν
3493 1069 3657 1124 αὐτὸν

2082 1168 2372 1239 εὐχόμενον
2403 1163 2661 1235 συνεχῶς,
2690 1163 2786 1216 καὶ
2818 1163 2883 1217 τὰ
2912 1163 3111 1230 γόνατα
3131 1163 3471 1233 κάμπτοντα.
3502 1163 3658 1217 Οῦτω

2082 1263 2260 1315 τοίνυν
2293 1261 2386 1313 καὶ
2415 1260 2473 1313 ὲν
2497 1257 2669 1327 τούτῳ
2689 1254 2769 1323 τῷ
2788 1253 2989 1325 ψαλμῷ
3014 1256 3154 1308 αίτεῖ
3180 1254 3539 1325 φυλαχθῆναι,
3563 1256 3657 1309 καὶ

2085 1353 2174 1421 ὑφ’
2202 1349 2393 1404 ἑαυτοῦ
2429 1346 2780 1420 φυλάττεται.
2814 1346 2964 1396 Αίτεῖ
3001 1344 3098 1414 μὲν
3125 1344 3232 1414 γὰρ
3257 1344 3331 1408 ὡς
3352 1343 3656 1415 ἄνθρωπος,

2083 1444 2265 1498 δίδωσι
2298 1442 2355 1495 δὲ
2386 1422 2485 1511 την
2519 1440 2733 1510 αἴτησιν
2762 1437 2838 1500 ὡς
2863 1435 3014 1499 Θεόςο
3052 1435 3395 1499 εὐδοκοῦντος
3420 1436 3659 1507 δηλονότι

2084 1536 2180 1591 καὶ
2203 1532 2589 1605 συνεργοῦντος
2618 1530 2711 1583 τοῦ
2737 1529 2937 1582 οἰκείου
2967 1527 3199 1599 Πατρός.
3232 1528 3350 1580 ’Ὁτι
3373 1526 3493 1581 τῶν
3518 1529 3662 1597 ἀγα-

2083 1626 2206 1682 θῶν
2222 1644 2341 1696 μου
2364 1626 2435 1678 οὐ
2459 1624 2672 1694 χρείαν
2696 1624 2872 1694 ἔχεις.
2894 1623 3061 1678 Τοῦτο
3088 1627 3117 1677 ὁ
3146 1623 3438 1695 Σύμμαχος
3460 1624 3660 1697 ἑτέρως

2083 1718 2446 1790 ἡρμήνευσεν·
2476 1716 2715 1785 Ἀγαθόν
2728 1732 2828 1784 μοι
2850 1716 2958 1768 οὐκ
2981 1714 3152 1768 ἔστιν
3170 1713 3315 1768 ἄνευ
3330 1714 3465 1768 σοῦ.
3485 1715 3659 1780 Πᾶσα,

2086 1813 2239 1883 φησὶ,
2268 1810 2374 1864 τῶν
2401 1807 2617 1877 ἀγαθῶν
2647 1809 2680 1879 ἡ
2724 1806 2865 1879 φορὰ
2903 1806 2992 1860 διὰ
3033 1808 3132 1878 τῆς
3173 1807 3270 1877 σῆς
3304 1806 3539 1883 ὑπάρχει
3572 1823 3662 1877 μοι

2086 1906 2324 1981 χάριτος.
2373 1904 2685 1976 Ἀμφότεροι
2731 1902 2789 1955 δὲ
2830 1902 2931 1973 τῆς
2974 1902 3256 1965 εὐσεϐείας
3305 1900 3506 1971 ἔχεται.
3552 1902 3663 1957 Καὶ

2084 2004 2247 2074 ἡμεῖς
2276 1998 2386 2071 γὰρ
2425 1997 2577 2069 παρά
2603 1996 2697 2049 τοῦ
2735 1995 2870 2049 Θεοῦ
2904 1994 3013 2049 τῶν
3046 1994 3267 2063 ἀγαθῶν
3300 1994 3663 2065 ἀπολαύομεν,

2085 2093 2182 2147 καὶ
2220 2091 2383 2153 αὐτὸς
2424 2089 2525 2158 τῆς
2565 2086 2841 2159 ἡμετέρας
2886 2087 3310 2157 δικαιοπραγίας
3348 2086 3407 2139 ού
3449 2084 3667 2158 χρῄζευΔ

2086 2184 2246 2254 χάριν
2285 2181 2467 2252 μέντοι
2511 2178 2613 2249 τῆς
2655 2178 2933 2250 ἡμετέρας
2966 2177 3233 2247 ὠφελείας
3267 2176 3467 2249 ταύτην
3507 2193 3667 2247 νομο-

2087 2275 2251 2328 θετεί.

2165 2365 2295 2431 Τοῖς
2332 2366 2523 2435 ἁγίοις
2563 2364 2689 2431 τοῖς
2718 2363 2788 2416 ἑν
2818 2362 2893 2431 τῇ
2918 2360 2995 2432 τῇ
3030 2362 3216 2417 αὐτοῦ
3241 2360 3672 2430 ὲθαυμάστωσε.

2087 2457 2284 2512 πάντα
2314 2457 2387 2512 τὰ
2422 2456 2725 2526 θελήματα
2743 2456 2929 2510 αὑτοῦ
2952 2455 3022 2508 ἐν
3049 2454 3271 2519 αὐτοῖς.
3298 2484 3368 2495 —
3394 2453 3576 2523 'I’ysfc
3599 2452 3669 2507 δέ

2087 2552 2228 2605 ἐστε
2256 2549 2427 2619 σῶμα
2445 2549 2724 2618 Χριστοῦ,
2750 2548 2847 2603 καὶ
2865 2546 3022 2617 μέλη
3049 2546 3117 2599 ἐκ
3133 2546 3379 2616 μέλους.
3409 2546 3667 2615 Δύναται,

2093 2642 2511 2713 ίδιοποιούμενος
2565 2642 2634 2696 τὰ
2682 2640 2829 2710 πάθη
2879 2640 2978 2709 τῆς
3018 2637 3343 2709 Ἐκκλησίας
3374 2638 3560 2703 αὐτοῦ,
3597 2640 3670 2693 τά

2090 2736 2428 2807 προκείμενα
2460 2733 2519 2798 ἐξ
2550 2734 2718 2803 αὐτῆς
2749 2732 2949 2801 λέγειν’
2980 2732 3108 2798 Τοῖς
3134 2732 3325 2801 ἁγίοις
3355 2731 3476 2797 τοῖς
3499 2732 3569 2785 ἐν
3592 2736 3667 2804 τῇ

2090 2827 2169 2898 γῇ
2207 2827 2394 2881 αὐτοῦ
2431 2825 2860 2894 ἐθαυμάστωσε
2894 2823 3092 2887 πάντα
3120 2826 3194 2878 τὰ
3227 2824 3530 2895 θέλήματα
3564 2826 3671 2881 αὑ-

2092 2921 2198 2975 τοῦ
2234 2921 2305 2975 ἐν
2344 2919 2564 2985 αὐτοῖς.
2622 2920 3124 2986 Ἐπληθύνθησαν
3140 2921 3201 2972 αὶ
3226 2918 3528 2973 ἀσθένειαι
3564 2923 3673 2973 αὺ-

2093 3010 2233 3065 τῶν.
2274 3012 2489 3081 Ἔτεροι
2533 3009 2590 3062 δὲ
2635 3008 2739 3079 γῆν
2781 3007 2945 3064 αὐτοῦ
2986 3008 3086 3079 τὴν
3134 3007 3457 3078 Ἐκκλησίαν
3486 3006 3669 3077 φασίν·

2094 3104 2216 3159 ὅθεν
2257 3104 2349 3158 καὶ
2388 3101 2667 3173 θαυμάσια
2697 3100 2937 3171 γίνονται
2973 3100 3043 3154 τὰ
3076 3100 3170 3153 τοῦ
3202 3100 3337 3153 Θεοῦ
3370 3100 3670 3172 θελήματα.

2095 3197 2386 3268 Θελήματα
2437 3195 2494 3248 δὲ
2539 3192 2675 3247 Θεοῦ
2722 3195 2778 3247 αἱ
2832 3194 2951 3247 κατ’
2995 3190 3132 3257 εἶδος
3177 3193 3369 3264 ἀρεταὶ
3418 3209 3675 3263 παρισταιι

2098 3288 2259 3360 μένου
2284 3285 2501 3339 τούτου’
2554 3287 2620 3338 ὲκ
2660 3284 2775 3337 τοῦ’
2818 3279 3018 3352 Εὗρον
3049 3283 3231 3337 Δαυῒδ
3247 3281 3355 3335 τὸν
3381 3282 3489 3336 τοῦ
3538 3283 3674 3337 ’1qu

2094 3380 2220 3444 σαὶ,
2267 3377 2456 3445 ἄνδρα
2499 3376 2652 3431 κατὰ
2697 3376 2814 3445 τὴν
2858 3374 3113 3444 καρδίαν
3150 3393 3289 3444 μου,
3334 3374 3402 3440 ὃς
3434 3375 3675 3442 ποιήσει

2094 3469 2289 3525 πάντα
2328 3470 2403 3525 τὰ
2444 3467 2747 3539 θελήματά
2772 3485 2913 3538 μου,
2968 3468 3037 3522 τὰ
3082 3467 3254 3531 οὕτως
3284 3469 3675 3540 ἡρμηνευμένα

2097 3564 2380 3635 θελήματα
2422 3563 2577 3617 Θεοῦ.
2627 3563 2942 3633 Θαυμαστοί
2984 3560 3042 3614 δὲ
3087 3561 3219 3625 Θεὸς
3250 3564 3309 3614 ὲν
3345 3565 3456 3625 τοῖς
3499 3563 3675 3630 ἁγίοις

2096 3657 2284 3720 αὐτοῦ,
2326 3656 2487 3709 πλέον
2535 3673 2588 3709 τι
2625 3656 2855 3726 ἐχόντων
2885 3654 2995 3707 τῶν
3033 3654 3173 3709 κατά
3197 3656 3330 3709 Θεὸν
3363 3656 3543 3725 σοφῶν
3569 3656 3681 3710 τῶν

2098 3745 2272 3807 ἄλλων
2322 3744 2622 3818 ἀνθρώπων
2662 3748 2720 3799 ὲν
2751 3744 2827 3816 τῷ
2879 3745 3022 3800 κατὰ
3067 3747 3266 3819 ἀρετὴν
3303 3749 3566 3817 ἐνεργεῖν.
3603 3748 3680 3801 Οὐ

2099 3837 2208 3909 γὰρ
2258 3838 2479 3910 ἀνδρεία
2527 3840 2561 3909 ἡ
2603 3837 2740 3909 αὐτὴ
2772 3836 2881 3890 τῶν
2917 3837 3210 3909 μαρτύρων
3260 3838 3360 3909 τῆς
3401 3838 3678 3910 ἀληθείας,

2101 3930 2396 4002 προφητῶν
2428 3948 2488 3983 τε
2520 3932 2611 3983 καὶ
2639 3930 2973 3993 ἀποστόλων,
3004 3933 3070 4002 τῇ
3101 3931 3207 3985 τῶν
3233 3931 3407 3995 ἄλλως
3432 3931 3679 4003 ἀνδριζο-

2104 4024 2318 4096 μένων;
2349 4023 2465 4077 ἀλλ’
2498 4022 2643 4086 οὐδὲ,
2688 4025 2721 4094 ἡ
2767 4022 3089 4095 σωφροσύνη
3126 4022 3234 4076 τῶν
3266 4023 3574 4095 τηρούντων
3616 4026 3682 4093 ἦν

2100 4117 2258 4188 ἔσχεν
2309 4115 2505 4187 Ἰωσὴφ
2552 4115 2648 4169 καὶ
2691 4115 2986 4179 Σουσάννα,
3029 4118 3094 4186 τῇ
3126 4114 3233 4167 τῶν
3265 4116 3440 4169 ἄλλων
3471 4133 3684 4187 σωφροη

2103 4208 2259 4280 σύνῃ.
2289 4205 2445 4260 Οὕτω
2473 4205 2530 4257 δὲ
2560 4206 2654 4259 καὶ
2685 4205 2778 4258 ἐπὶ
2809 4204 2918 4258 τῶν
2955 4204 3157 4257 λοιπῶν
3199 4205 3430 4276 ἀρετῶν,
3469 4205 3682 4275 θαυμα-

2104 4297 2354 4361 στοῦντος
2380 4296 2514 4350 Θεοῦ
2543 4297 2640 4361 τὰς
2672 4296 2784 4371 τῶν
2809 4297 2979 4365 ἁγίων
3013 4295 3211 4368 ἀρετὰς
3236 4297 3312 4360 ὡς
3339 4296 3683 4367 ἀσυγκρίτως

2106 4388 2392 4460 ὑπερέχειν
2432 4390 2628 4453 αὐτοὺς
2673 4389 2781 4443 τῶν
2827 4389 2967 4442 κατὰ
3012 4388 3333 4462 ἀνθρώπους
3377 4389 3684 4459 γενομένων

2106 4481 2432 4535 σπουδαίων.
2491 4481 2649 4535 Οῦτω
2702 4482 3021 4554 θαυμασίων
3065 4483 3174 4537 τῶν
3224 4482 3543 4554 θελημάτων
3589 4482 3682 4537 τοῦ

417 4579 604 4630 neant.
634 4572 773 4627 Cum
808 4572 975 4642 igitur
1007 4570 1150 4625 adeo
1176 4572 1458 4627 mirabiles
1500 4572 1612 4627 sint
1644 4571 1741 4628 Dei
1786 4573 1843 4627 in
1873 4589 1992 4629 san-

2103 4572 2239 4639 Θεοῦ
2270 4574 2328 4625 ὲν
2359 4576 2471 4636 τοῖς
2503 4574 2679 4642 ἁγίοις
2717 4574 2907 4639 ὄντων,
2948 4574 3309 4644 πληθύνονται
3344 4576 3545 4638 αὐτῶν.
3578 4577 3685 4629 τῶν

417 4665 524 4721 etis
551 4664 669 4721 suis
694 4664 1026 4728 voluntates,
1072 4664 1506 4733 multiplicantur
1549 4672 1866 4721 sanctorum
1907 4668 1995 4722 in-.

417 4754 735 4818 ﬁrmitates,
765 4768 889 4807 cum
936 4753 1160 4808 videant
1204 4768 1267 4809 se
1290 4753 1496 4809 divinas
1524 4757 1714 4810 virtuti
1763 4772 1829 4812 ac
1876 4774 1997 4811 ma-

416 4847 695 4921 gnitudini
736 4847 968 4901 multum
1012 4847 1254 4916 impares
1304 4861 1445 4901 esse.
1495 4847 1752 4903 Attamen
1780 4848 2002 4903 etiamsi

418 4952 737 4997 memoratae
763 4954 953 4996 eorum
997 4938 1348 4993 infirmitates
1390 4939 1845 5009 multiplicemur,
1888 4956 1999 4995 non

423 5035 631 5090 haerent
674 5034 798 5099 diu,
829 5048 1008 5104 neque
1040 5042 1265 5089 manent
1298 5034 1354 5088 in
1390 5034 1549 5104 ipsis,
1582 5035 1678 5089 sed
1714 5034 2003 5090 confestim

424 5125 745 5182 abscedunt.
809 5122 945 5177 Nam
1006 5124 1224 5178 vixdum
1286 5139 1405 5179 eas
1449 5123 1817 5187 adverterint,
1877 5139 2001 5179 cum

425 5216 688 5270 continuo
743 5204 1134 5270 evanescant:
1180 5215 1310 5284 quia
1368 5215 1598 5268 multum
1660 5214 1740 5267 illi
1794 5215 2000 5281 valent,

424 5304 648 5360 Christo
675 5306 811 5375 ipsis
844 5306 989 5360 vires
1023 5312 1341 5375 praestante,
1380 5302 1682 5360 secundum
1715 5303 1851 5358 illud
1886 5324 1898 5359 :
1934 5304 2002 5361 In

429 5398 537 5452 Deo
557 5398 823 5467 faciemus
850 5399 1094 5452 virtutem
1119 5399 1187 5450 ³⁸.

498 5490 753 5546 Arbitror
790 5491 920 5546 item
954 5492 1041 5547 his
1071 5488 1366 5563 significari
1394 5490 1634 5560 priorem
1672 5490 1821 5543 illam
1855 5495 2001 5542 vete-

427 5597 546 5639 rem
602 5584 1012 5638 idololatrarum
1069 5583 1464 5648 conditionem,
1525 5597 1635 5653 qua
1686 5596 1810 5636 cum
1854 5580 2004 5635 athei

500 5693 547 5726 “
585 5691 942 5758 Mannum,
977 5693 1067 5748 59.
1143 5694 1187 5725 ³³
1226 5692 1385 5750 Joan.
1419 5709 1487 5748 xx
1511 5733 1525 5760 ,
1568 5693 1653 5749 l7.
1733 5693 1780 5726 "
1818 5690 1836 5746 l
1874 5691 2000 5750 Cor.
2038 5709 2147 5763 xu,
2180 5694 2271 5750 27.

432 5779 555 5828 ιιι.
600 5764 679 5815 lt.

507 5834 578 5900 (ι)
625 5832 803 5888 Lectio
831 5834 1042 5893 vitiata.

2102 4665 2273 4732 ἁγίων
2297 4663 2460 4733 λέγω,
2494 4666 2550 4717 αἱ
2580 4664 2877 4729 ἀσθένειαι,
2899 4665 3149 4736 ὁρώντων
3191 4667 3267 4729 ὡς
3314 4665 3446 4720 πολὺ
3469 4667 3686 4721 ἀπολείφ

2107 4773 2300 4809 πονται
2343 4756 2443 4825 τῆς
2485 4755 2619 4809 Θεοῦ
2658 4756 2841 4827 ἰσχύος
2893 4759 2988 4810 καὶ
3034 4758 3128 4810 τοῦ
3184 4759 3447 4829 μεγέθους
3497 4760 3682 4817 αὐτοῦ.

2109 4850 2322 4923 Ὅμως,
2366 4853 2415 4904 εἰ
2456 4851 2548 4903 καὶ
2596 4850 2955 4921 πληθύνονται
3000 4852 3056 4905 αἱ
3090 4851 3468 4922 προλεχθεῖσαι
3507 4852 3685 4911 αὐτῶν

2107 4944 2403 5010 ἀσθένειαι,
2433 4945 2532 4998 οὐκ
2568 4945 3014 5017 ὲμϐραδύνουσιν,
3058 4946 3117 4999 ού
3148 4946 3556 5017 παραμένουσιν
3587 4944 3687 4999 αὐ-

2108 5039 2239 5101 τοῖς,
2270 5037 2611 5109 παραχρῆμα
2631 5037 3022 5108 ἀπερχόμεναι.
3055 5037 3233 5108 Μέχρι
3258 5036 3366 5110 γὰρ
3391 5037 3484 5090 τοῦ
3511 5036 3687 5109 ἐννοῆ-

2112 5145 2201 5181 σαι
2231 5129 2417 5193 αὐτὰς,
2446 5130 2603 5200 ἔσχον
2635 5130 2804 5193 αύτάς
2830 5130 3164 5201 ταχυνούσας
3196 5132 3255 5182 ὲν
3283 5129 3360 5192 τῷ
3392 5127 3581 5200 μηκέτ’
3606 5122 3683 5180 εἷ-

2109 5243 2216 5279 ναι·
2245 5223 2332 5277 διὰ
2362 5221 2422 5276 τὸ
2459 5224 2662 5294 ἰσχύειν
2696 5226 2753 5277 ἐν
2784 5223 2862 5294 τῷ
2895 5222 3319 5291 ὲνδυναμοῦσθαι
3347 5223 3543 5284 αὐτοὺς
3580 5221 3687 5275 ὑπὸ

2109 5314 2346 5388 Χριστοῦ
2366 5314 2441 5387 (1)
2461 5313 2712 5387 πρώτων,
2736 5314 2805 5367 ἐν
2820 5312 2897 5377 τῷ
2918 5311 3039 5376 Θεῷ
3063 5315 3398 5381 ποιήσομεν
3408 5312 3683 5380 δύναμιν.

2181 5486 2346 5560 Οἶμαι
2380 5491 2436 5543 δὲ
2469 5490 2556 5543 διά
2585 5488 2788 5542 τούτων
2827 5488 3116 5558 δηλοῦσθαι
3158 5489 3265 5542 τῶν
3295 5489 3548 5544 ἁπάντων
3578 5485 3694 5543 τῶν

2109 5583 2276 5636 πάλαι
2302 5581 2703 5653 εἰδωλολατρῶν
2733 5580 2831 5651 τὴν
2862 5580 3132 5652 προτέραν
3154 5581 3506 5636 κατάστασιν·
3541 5581 3598 5632 ἐν
3630 5573 3690 5664 ᾖ,

2350 5693 2595 5767 “chg.
2635 5710 2755 5763 xm,
2794 5695 2903 5763 M;
2945 5694 3067 5750 Aet.
3135 5710 3254 5761 xm,
3285 5694 3375 5751 22.
3456 5695 3499 5726 "'
3541 5692 3691 5757 Psaal.
