4020 6372
380 335 487 396 15'.

1557 345 2064 406 COMMENTARIA
2103 347 2172 404 ΙΝ
2212 349 2554 410 PSALMOS.

3583 361 3687 417 {58

371 456 529 514 ἄὲεοι
565 455 718 522 ὄντες
760 460 854 514 διαὶ
883 459 1294 533 εἰδωλολάτραι,
1335 461 1438 514 οὐκ
1479 462 1576 514 ἐπὶ
1614 463 1742 534 μίαν
1771 463 1970 528 ὲξώκει·

2096 467 2479 540 idolorumque
2515 469 2759 524 cultores
2797 479 3015 535 essent,
3061 486 3172 526 non
3211 473 3267 528 in
3301 489 3470 529 unum
3517 491 3690 546 Impe-

373 548 478 602 λαν
508 552 742 623 πλάνην.
774 553 989 624 Πλῆθος
1010 556 1118 625 γάρ
1148 551 1216 626 ἦν
1240 554 1423 607 αὐτῶν
1447 555 1546 626 τῆς
1570 556 1862 620 πολυθεῒας
1892 557 1987 609 καὶ

371 643 831 716 εἰδωλολατρείας
865 648 962 700 καὶ
996 642 1303 710 ἀσθενείας.
1335 646 1474 699 Ἀλλ’
1499 645 1685 718 ἐπειδὴ
1718 646 1776 713 ἐξ
1805 647 1986 700 αὐτῶν

374 735 607 788 ἐκείνων
643 735 1039 805 μεταὸαλόντες
1068 735 1156 789 διὰ
1187 737 1286 808 τῆς
1321 737 1592 809 σωτηρίου
1635 737 1856 809 χάριτος
1891 754 1985 806 γε*

373 827 602 894 γόνασιν
651 827 797 896 ἅγιοι
842 827 936 881 τοῦ
986 829 1142 891 Θεοῦ,
1195 828 1282 882 διὰ
1325 830 1485 882 τοῦτο
1526 829 1795 883 λέλεκται·
1851 830 1983 896 Τοῖς

371 918 573 986 ἁγίοις
607 919 732 984 τοῖς
764 919 833 978 ἐν
873 918 947 987 τῇ
983 919 1060 988 γῇ
1098 921 1284 974 αὐτοῦ
1317 921 1752 990 ἐθαυμάστωσε
1783 921 1982 975 πάντα

369 1010 450 1062 τὰ
476 1009 784 1079 θελήματὰ
810 1028 932 1079 μου
966 1012 1036 1065 ἐν
1066 1012 1291 1079 αὐτοῖς·
1325 1013 1419 1065 καὶ
1444 1014 1566 1066 ἐπεὶ
1600 1017 1871 1085 συνῆπται
1894 1015 1974 1067 τότ

387 1103 839 1176 Ἐπληθύνθησαν
865 1105 1059 1160 εἴδωλα
1090 1106 1269 1161 αὐτῶν
1294 1106 1394 1178 (1),
1432 1107 1464 1178 ἢ
1496 1106 1564 1160 τὰ
1597 1106 1980 1178 διαπονήματα

371 1197 581 1262 αὐτῶν,
609 1197 644 1267 ἢ
665 1196 943 1272 ἀσθένειαι
973 1198 1173 1251 αὐτῶν.
1202 1197 1388 1251 Ταῦτα
1420 1199 1529 1270 γὰρ
1554 1199 1732 1252 πάντα
1764 1198 1978 1269 προσῆν

367 1293 487 1353 τοῖς
517 1289 746 1361 ὕστερον
775 1291 951 1359 ἁγίοις
984 1290 1090 1363 πρὸ
1111 1293 1212 1362 τῆς
1245 1293 1352 1345 ἀπὸ
1376 1291 1482 1345 τῶν
1509 1292 1768 1362 χειρόνων
1795 1293 1889 1344 ἐπὶ
1908 1291 1978 1344 τὰ

375 1383 616 1456 κρείττω
658 1383 984 1455 μεταϐολῆς.
1045 1385 1204 1438 Ἀλλά
1236 1385 1388 1454 μετὰ
1427 1385 1614 1438 ταῦτα
1646 1383 1972 1455 ἐτάχυναν,

372 1477 476 1528 οὐκ
502 1475 901 1555 ἀμελήσαντες,
936 1476 1058 1528 οὐδὲ
1086 1476 1466 1547 βραδύναντες,
1499 1476 1634 1531 ἀλλὰ
1662 1477 1750 1530 διὰ
1775 1477 1974 1548 τάχους

367 1570 472 1639 τὴν
524 1568 816 1639 μετάνοιαν
867 1568 1232 1639 ἐνδειξάμενοι
1287 1568 1428 1640 μετά
1478 1568 1578 1640 τὴν
1635 1571 1716 1632 είς
1773 1570 1973 1643 αὐεοὺς

365 1662 675 1733 γενομένην
719 1661 902 1732 χάριν,
943 1662 1014 1726 δι’,
1061 1658 1130 1734 ἦς
1183 1660 1586 1732 ἐθαυμαστώθη
1647 1662 1826 1716 πάντα
1874 1661 1970 1714 τοῦ

365 1757 626 1829 Σωτῆρος
678 1755 957 1826 θελήματα
1014 1756 1071 1808 ὲν
1128 1755 1334 1816 αὐτοῖς.
1395 1754 1560 1808 Ὅθεν
1619 1754 1968 1828 συγχώρησιν

365 1849 656 1920 προτέρων
688 1848 1108 1920 ἁμαρτημάτων
1137 1847 1313 1910 διδοὺς
1337 1848 1521 1910 αὐτοῖς
1550 1864 1734 1919 φησιν·
1773 1849 1855 1901 Οὐ
1879 1847 1966 1917 μὴ

361 1941 692 2012 aurarii-rw
722 1943 832 2008 τὰς
862 1941 1216 2011 συναγωγὰς
1261 1938 1462 1994 αὐτῶν
1502 1940 1572 2005 ἐξ
1618 1940 1899 2010 αἱμάτων·
1935 1941 1968 2011 ἢ

361 2033 508 2087 κατά
541 2035 636 2087 τὸν
684 2034 936 2087 ’Δ-κύλαν·
975 2037 1057 2088 Οὐ
1085 2033 1171 2102 μὴ
1210 2035 1445 2087 σπείσω
1473 2035 1747 2099 σπονδὰς
1770 2032 1971 2087 αὐτῶν

358 2127 429 2191 ἐξ
467 2126 758 2196 αἱμάτων.
791 2125 968 2196 Πάλαι
1005 2125 1103 2196 μὲν
1130 2124 1260 2197 γὰρ,
1297 2127 1452 2195 φησὶ,
1487 2125 1722 2188 σπονδὰς
1750 2125 1968 2178 ἐποίουν

358 2221 418 2286 ἐξ
454 2221 730 2291 αἱμάτων,
772 2219 1017 2272 Ἰουδαῖοι
1047 2220 1146 2290 μὲν
1179 2218 1320 2271 κατὰ
1351 2219 1512 2290 νόμον
1533 2217 1612 2289 τῷ
1633 2216 1752 2289 Θεῷ
1777 2217 1969 2282 θυσίας

357 2315 798 2389 προφέροντες,
850 2313 1110 2384 Ἕλληνες
1151 2313 1231 2375 δὲ,
1271 2314 1361 2366 ὅτε
1403 2315 1516 2374 τοῖς
1549 2311 1799 2382 δαίμοσιν
1845 2311 1970 2364 ὲλά-

355 2423 577 2477 τρευον.
620 2403 764 2472 Ἐγὼ
787 2405 845 2458 δὲ
876 2403 1070 2466 καινὰς
1094 2404 1278 2466 αὐτοῖς
1301 2403 1494 2466 θυσίας
1520 2403 1817 2475 παραδοὺς,
1843 2404 1969 2456 οὑκ-

355 2497 437 2550 ἐτι
463 2497 693 2568 δέξομαι
723 2495 958 2559 σπονδὰς
983 2495 1163 2548 αὐτῶν
1200 2495 1257 2561 ἐξ
1292 2494 1575 2565 αἱμάτων·
1615 2494 1737 2546 οὐδὲ
1763 2493 1983 2557 ταύτας·

355 2591 570 2643 σπείσω
605 2591 702 2643 ἆτε
730 2591 1025 2660 ἀρχιερεὺς
1063 2590 1128 2642 ἐκ
1167 2588 1278 2640 τῶν
1319 2587 1520 2658 χειρῶν
1553 2585 1734 2640 αὐτῶν
1765 2587 1964 2640 ἀποδε-

357 2682 594 2753 ξάμενος
623 2683 718 2736 καὶ
751 2681 1016 2735 σπένδων·
1051 2680 1216 2735 καινὰ
1256 2679 1312 2733 δὲ
1361 2681 1638 2754 μυστήρια
1686 2679 1965 2751 παραδοὺς

352 2777 545 2838 αὐτοῖς
569 2777 666 2828 καὶ
690 2775 882 2838 καινάς
906 2774 1098 2838 θυσίας
1123 2773 1222 2836 τὰς
1249 2773 1513 2843 ἀναίμους
1540 2774 1634 2826 καὶ
1657 2772 1959 2836 άκὰπνους,

354 2869 454 2922 καὶ
498 2868 746 2937 λογικὰς,
794 2867 1021 2931 ταύταις
1063 2867 1302 2939 χρῆσθαι
1349 2865 1544 2930 διδάξω
1592 2865 1808 2929 αὐτούς·
1843 2865 1961 2919 ἀλλ’

353 2959 478 3020 οὐδὲ
509 2958 874 3031 μνημονεύσω
907 2959 995 3012 διὰ
1027 2959 1135 3012 τῶν
1173 2959 1398 3028 χειλέων
1442 2975 1543 3028 μου
1576 2958 1684 3010 τῶν
1712 2956 1959 3011 παλαιῶν

351 3050 536 3108 αὐτῶν
569 3050 874 3120 ὀνομάτων.
915 3049 1088 3104 Πάλαι
1137 3051 1234 3120 μὲν
1274 3049 1384 3119 γὰρ
1414 3048 1653 3114 ἐπαξίως
1681 3049 1789 3102 τὼν
1818 3048 1959 3119 πρά-

354 3142 494 3206 ξεων
518 3141 791 3211 ἐπήγοντο
825 3141 1200 3212 προσηγορίας
1231 3142 1280 3192 οἱ
1309 3141 1418 3194 ἀπὸ
1439 3141 1547 3194 τῶν
1569 3141 1762 3203 ἐθνῶν,
1791 3141 1956 3214 βέϐη-

352 3235 435 3288 λοι
462 3236 559 3288 καὶ
581 3234 910 3306 ἀκάθαρτοι,
941 3235 1036 3286 καὶ
1061 3232 1469 3306 εἰδωλολάτραι,
1501 3234 1755 3287 πολύθεοί
1782 3252 1840 3288 τε
1867 3237 1961 3289 καὶ

352 3328 507 3380 ἄθεοι
538 3328 957 3398 ὀνομαζόμενοι·
990 3327 1086 3380 νῦν
1119 3327 1175 3380 δὲ
1208 3326 1436 3390 ἐκείνων
1467 3326 1567 3398 μὲν
1594 3327 1778 3380 οὐκέτι
1823 3346 1960 3400 μνη-

355 3422 632 3493 σθήσομαι
653 3421 764 3475 τῶν
790 3422 1092 3492 ὀνομάτων,
1118 3420 1282 3491 ἕτερα
1304 3421 1361 3473 δὲ
1385 3421 1568 3486 αυτοῖς
1591 3421 1708 3476 ἀντ’
1734 3422 1960 3474 ἐκείνων

358 3515 695 3586 δωρήσομαι·
715 3514 960 3576 εὐσεϐεῖς
982 3516 1178 3579 αὐτοὺς
1203 3514 1298 3568 καὶ
1314 3513 1606 3580 θεοσεϐεῖς,
1631 3515 1728 3568 καὶ
1743 3515 1958 3582 ἁγίους,

354 3609 592 3680 κλητούς
630 3626 690 3662 τε
723 3608 817 3667 καὶ
860 3607 1150 3672 ἐκλεκτοὺς
1172 3647 1187 3674 ,
1228 3609 1325 3669 καὶ
1353 3609 1717 3680 Χριστιανοὺς
1757 3607 1958 3678 ὀνομά-

355 3703 490 3766 ζων.

422 3795 645 3862 Κύριος
669 3793 841 3864 μερὶς
861 3792 972 3864 τῆς
993 3793 1400 3864 κληρονομίας
1420 3811 1541 3862 μου
1567 3793 1666 3848 καὶ
1700 3793 1808 3848 τοῦ
1847 3810 1956 3848 πο-

354 3887 564 3956 τηρίου
584 3905 726 3955 μου,
779 3885 863 3940 σὺ
899 3884 960 3941 εἴ
988 3890 1021 3940 ὁ
1061 3885 1485 3941 ἀποκαθιστῶν
1516 3885 1632 3954 τὴν
1669 3889 1957 3955 κληρονο-

351 3979 498 4048 μίαν
515 3996 638 4048 μου
671 3978 823 4048 ἐμοι.
873 3979 1308 4049 Ἀναμνησθῆναι
1344 3978 1612 4049 προσήκει
1643 3977 1750 4032 τῶν
1791 3980 1849 4031 ἐν
1873 3979 1956 4050 τῷ

349 4071 596 4142 δευτέρῳ
616 4069 923 4142 εἰρημένων
943 4069 1162 4140 ψαλμῷ.
1189 4071 1300 4123 Καὶ
1319 4071 1428 4142 γὰρ
1454 4072 1572 4123 ἐκεῖ
1597 4070 1955 4143 ἀνθρωπίνως

352 4165 518 4219 πάλιν
564 4165 703 4234 πρὸς
746 4163 908 4218 αὐτὸν
956 4163 1140 4232 ἔλεγεν
1187 4165 1216 4220 ὁ
1263 4163 1474 4234 Πατήρ·
1525 4163 1782 4230 Αἵτησαι
1814 4163 1952 4231 παρ’

349 4257 522 4326 ἐμοῦ,
558 4256 662 4309 καὶ
693 4255 866 4309 δώσω
897 4270 998 4310 σοι
1029 4257 1174 4324 ἔθνη
1209 4254 1327 4324 τὴν
1361 4256 1775 4326 κληρονομίαν
1810 4271 1950 4322 σου,

351 4350 448 4403 καὶ
471 4348 590 4418 τὴν
615 4347 990 4417 κατάσκεσίν
1018 4366 1133 4403 σου
1168 4347 1243 4402 τὰ
1279 4347 1506 4416 πέρατα
1537 4347 1649 4417 τῆς
1679 4347 1813 4418 τῆς.
1843 4350 1954 4402 Καὶ

351 4447 409 4498 ἰν
430 4447 542 4506 τοῖς
571 4445 737 4513 ἱεροῖς
760 4442 1114 4510 Εὑαγγελίοις
1141 4442 1304 4506 αὐτὸς
1333 4443 1470 4514 πρὸς
1499 4443 1591 4495 τὸν
1623 4440 1820 4496 ἑαυτοῦ
1847 4441 1948 4515 ἔφη

2091 569 2287 631 gerant
2341 563 2550 618 erroris
2591 578 2786 633 genus.
2833 561 3016 618 Inerat
3046 567 3251 636 quippe
3293 567 3429 638 ipsis
3456 567 3686 624 deorum

2087 650 2284 719 turba,
2338 653 2736 722 multiplexque
2787 653 3212 709 simulacrorum
3251 667 3306 712 et
3347 657 3687 718 inﬁrmitatis

2086 746 2322 815 species.
2359 746 2432 798 At
2464 746 2592 815 quia
2623 748 2853 802 salutari
2884 749 3281 805 interveniente
3322 752 3497 821 gratia
3541 754 3681 809 resi-

2084 837 2384 906 piscentes,
2423 837 2603 893 sancti
2631 837 2728 892 Dei
2762 838 2942 894 eﬂ‘ecti
2976 851 3125 906 sunt,
3156 842 3278 896 ideo
3310 843 3518 897 dictum
3562 854 3678 900 est:

2084 928 2298 983 Sanctis
2339 931 2430 999 qui
2469 941 2594 984 sunt
2645 933 2701 984 in
2747 941 2892 986 terra
2943 933 3096 1002 ejus,
3141 935 3450 1004 miri/icavit
3503 953 3680 992 omnes

2083 1019 2380 1074 voluntates
2429 1037 2573 1074 meas
2621 1022 2675 1075 in
2730 1023 2846 1087 eis;
2910 1038 2976 1078 ac
3026 1023 3227 1080 deinde
3277 1027 3528 1082 additum
3570 1037 3681 1098 est,

2085 1112 2454 1184 Multiplicata
2487 1123 2618 1169 sunt
2654 1114 2801 1170 idola
2839 1131 3052 1180 eorum,
3088 1119 3204 1173 sive
3241 1119 3460 1176 labores
3489 1120 3557 1175 ac'
3593 1123 3682 1177 in-

2082 1204 2377 1260 ﬁrmitates
2417 1205 2690 1276 ipsorum.
2731 1206 2928 1263 lstbaec
2959 1209 3104 1262 enim
3147 1211 3356 1274 omnia,
3385 1221 3678 1283 antequam

2079 1310 2110 1348 a
2158 1295 2415 1364 pessimis
2469 1296 2579 1351 illis
2630 1299 2881 1354 moribus
2929 1299 2999 1352 ad
3043 1300 3303 1355 meliores
3351 1307 3680 1359 commutati

2077 1397 2290 1454 essent,
2340 1390 2410 1443 iis
2458 1391 2550 1459 qui
2599 1390 2952 1460 postmodum
3000 1394 3180 1447 sancti
3227 1405 3545 1462 evaserunt,
3581 1399 3679 1453 ad-

2076 1487 2256 1534 erant.
2305 1477 2512 1534 Verum
2555 1491 2740 1550 postea
2783 1482 3242 1550 acceleraverunt,
3278 1501 3458 1556 neque
3501 1489 3680 1558 negli-

2076 1571 2262 1640 gentia
2315 1572 2401 1626 vel
2454 1573 2812 1628 cunctatione
2862 1574 2983 1637 usi,
3033 1591 3129 1644 per
3181 1577 3391 1630 illatam
3442 1580 3674 1648 gratiam

2074 1664 2261 1716 statim
2307 1663 2648 1733 poenitentia:
2698 1681 2864 1734 Opera
2920 1666 3251 1722 ediderunt:
3283 1685 3348 1723 ac
3385 1686 3482 1740 per
3525 1687 3676 1726 eam-

2072 1755 2196 1809 dem
2228 1756 2460 1826 gratiam
2484 1757 2767 1811 mirabiles
2793 1759 2954 1812 l'acla:
2985 1768 3115 1814 sunt
3146 1761 3449 1816 Salvatoris
3480 1764 3675 1818 volun-

2073 1854 2214 1902 tates
2257 1849 2314 1900 in
2353 1849 2509 1917 ipsis.
2547 1847 2918 1914 Quamobrem
2961 1867 3228 1907 concessa
3272 1855 3382 1908 illis
3409 1855 3676 1924 pristino-

2072 1954 2194 1992 rum
2223 1940 2495 1994 scelerum
2531 1943 2713 2007 venia,
2744 1945 2820 1995 ait
2851 1960 2864 1995 :
2901 1943 3025 1999 Non
3051 1946 3378 2016 congregabo
3404 1950 3674 2003 conventi-

2071 2031 2195 2084 cula
2239 2048 2424 2085 eorum
2469 2031 2534 2086 de
2578 2035 2965 2104 sanguinibus:
3019 2048 3112 2092 aut
3155 2040 3316 2108 juxta
3370 2041 3666 2110 Aquilam:

2074 2118 2200 2173 Non
2228 2119 2402 2174 libabo
2429 2120 2691 2175 libamina
2716 2139 2898 2176 eorum
2928 2124 2992 2178 de
3020 2128 3395 2197 sanguinibus.
3422 2130 3480 2184 In
3514 2147 3669 2187 more

2071 2211 2176 2265 fuit
2215 2212 2381 2277 olim,
2455 2214 2671 2283 inquit,
2726 2215 2990 2270 libamina
3033 2235 3100 2271 ex
3133 2222 3404 2290 sanguine
3444 2221 3664 2289 facere;

2069 2321 2196 2360 nam
2225 2322 2350 2359 eum
2377 2304 2551 2360 Judaei
2597 2307 2810 2364 hostias
2842 2307 2954 2362 Deo
2996 2312 3302 2366 secundum
3347 2314 3521 2384 legem
3565 2319 3670 2372 im-

2069 2399 2386 2472 molabant;
2427 2408 2540 2454 tum
2574 2398 2750 2453 Graeci
2791 2400 2936 2456 idem
2980 2405 3336 2471 praestabant,
3375 2421 3504 2461 cum
3556 2407 3669 2463 dae-

2068 2507 2264 2547 monas
2319 2494 2586 2547 colerent.
2633 2493 2703 2548 At
2750 2509 2854 2564 ego
2899 2506 3190 2567 postquam
3239 2514 3445 2554 novum
3506 2502 3668 2556 attuli

2071 2583 2472 2639 sacriﬁciorum
2505 2601 2706 2655 genus,
2739 2601 2848 2640 non
2889 2588 3031 2641 ultra
3065 2588 3354 2644 admittam
3385 2591 3666 2647 sacriﬁcia

2067 2690 2194 2728 cum
2238 2676 2509 2746 sanguine
2534 2676 2751 2744 oblata;
2799 2693 2996 2748 neque,
3045 2687 3233 2748 utpote
3271 2697 3525 2739 summus
3560 2682 3668 2738 Sa-

2067 2768 2297 2832 cerdos,
2348 2767 2538 2822 eadem
2585 2785 2652 2823 ex
2697 2785 2886 2823 eorum
2949 2772 3206 2828 manibus
3253 2775 3524 2845 accipiam
3593 2778 3662 2833 ad

2065 2859 2380 2925 libandum,
2420 2861 2514 2914 sed
2547 2862 2705 2916 novis
2744 2861 2965 2924 traditis
2995 2865 3296 2935 mysteriis,
3333 2867 3496 2922 novis
3527 2866 3662 2922 item

2066 2951 2356 3006 sacriﬁciis
2409 2953 2752 3017 incruentis,
2795 2953 2947 3008 fumo
2996 2970 3060 3010 ac
3107 2956 3302 3013 nidore
3346 2961 3666 3016 carentibus

2064 3053 2118 3099 et
2147 3045 2533 3101 rationalibus.
2572 3044 2678 3106 Sed
2713 3048 2782 3102 iis
2808 3056 3038 3118 utantur
3070 3052 3452 3118 commonebo,
3484 3069 3664 3124 neque

2066 3152 2162 3206 per
2199 3137 2340 3190 labia
2389 3153 2508 3192 mea
2534 3146 2720 3192 vetera
2775 3139 2994 3194 illorum
3043 3143 3269 3196 nomina
3316 3146 3662 3202 memorabo.

2066 3229 2209 3283 Olim
2254 3230 2525 3300 siquidem
2568 3232 2732 3302 digna
2785 3234 2956 3302 gestis
3005 3232 3123 3288 suis
3168 3235 3390 3289 nomina
3425 3239 3663 3307 gentiles

2064 3315 2356 3391 ferebant;
2429 3330 2593 3391 atque
2689 3323 2937 3393 profani,
3010 3325 3258 3404 impuri,
3331 3327 3660 3399 idololatrae,

2063 3414 2292 3469 deorum
2320 3415 2620 3468 multorum
2647 3416 2893 3472 cultores
2920 3425 2973 3471 et
3003 3417 3153 3471 athei
3181 3417 3502 3487 audiebant.
3536 3419 3662 3477 Jam

2063 3521 2196 3560 vero
2239 3505 2556 3576 hujusmodi
2611 3508 2897 3562 nominum
2939 3525 3225 3585 nunquam
3278 3516 3657 3585 recordabor;

2063 3597 2300 3668 aliisque
2364 3599 2684 3653 substitutis
2743 3600 3065 3664 vocabulis,
3124 3602 3280 3671 pios,
3339 3605 3656 3674 religiosos,

2061 3699 2308 3754 sanctos,
2341 3697 2590 3754 vocatos,
2625 3693 2868 3756 electos,
2897 3691 3252 3750 Christianos
3289 3697 3655 3766 compellabo.

2132 3782 2303 3838 Vens.
2330 3783 2383 3837 5.
2422 3782 2685 3837 Dominus
2713 3799 2839 3852 pars
2874 3782 3208 3840 Itwreditatis
3240 3803 3367 3840 ntere
3396 3797 3445 3840 et
3474 3790 3657 3844 caliois

2060 3878 2203 3942 mei,
2255 3887 2312 3930 tu
2360 3894 2414 3931 es
2470 3879 2560 3949 qui
2593 3878 2832 3932 restituis
2875 3878 3240 3932 ltwreditatem
3279 3897 3450 3948 meant
3501 3883 3653 3938 mihi.

2059 3971 2161 4027 llic
2189 3976 2454 4031 memoria
2481 3972 2781 4042 repetenda
2813 3981 2945 4028 sunt
2973 3974 3202 4028 secundi
3237 3976 3433 4044 psalmi
3464 3977 3655 4032 verba.

2056 4065 2192 4120 Nam
2217 4066 2328 4130 illic
2357 4065 2598 4124 humano
2633 4068 2762 4125 item
2799 4081 2954 4126 more
2987 4068 3067 4122 sic
3088 4084 3210 4128 eum
3234 4068 3394 4124 Pater
3420 4069 3654 4126 aﬂ'atur:

2063 4158 2291 4214 Postula
2321 4176 2353 4212 a
2375 4175 2479 4223 me,
2505 4169 2553 4213 et
2583 4159 2722 4213 dabo
2756 4159 2852 4212 tibi
2879 4171 3058 4230 gentes
3089 4160 3456 4218 Itarreditalem
3485 4172 3656 4232 tuam,

2055 4263 2104 4307 et
2128 4254 2516 4323 possessionem
2546 4263 2692 4305 tuam
2718 4255 2969 4308 terminos
2994 4263 3150 4309 terra:
3171 4255 3237 4307 ³³.
3268 4255 3449 4327 Atque
3481 4257 3536 4311 in
3565 4273 3658 4314 sa-

2056 4348 2167 4402 cris
2199 4346 2511 4416 Evangeliis
2554 4346 2634 4402 sic
2680 4345 2772 4400 ille
2797 4345 3018 4402 Patrem
3063 4346 3150 4402 de'
3171 4349 3346 4404 sacris
3389 4349 3656 4420 apostolis

2057 4441 2397 4511 alloquitur:
2429 4441 2616 4506 Pater,
2675 4459 2806 4512 quos
2846 4442 3043 4498 dedisti
3080 4443 3209 4497 mihi
3264 4445 3342 4497 tui
3379 4454 3555 4510 erant,
3602 4455 3654 4498 et

351 4535 574 4606 Πατέρα
623 4535 754 4606 περὶ
807 4535 917 4588 τῶν
981 4534 1140 4606 ιερῶν
1188 4535 1522 4588 ἀποστόλων·
1579 4533 1794 4602 Πάτερ,
1846 4535 1954 4601 οὓς

2067 4534 2189 4586 mihi
2221 4551 2309 4587 eos
2356 4533 2552 4588 dedisti
2584 4552 2601 4588 :
2631 4546 2680 4588 et
2731 4551 2882 4588 nemo
2934 4552 2999 4589 ea:
3041 4537 3107 4590 iis
3135 4539 3323 4605 periit.
3374 4541 3479 4592 nisi
3506 4537 3653 4608 ﬁlius

346 4631 397 4683 ἐι
418 4629 579 4695 ωκὰς
594 4647 695 4699 μοι
716 4629 814 4682 σοι
839 4625 1024 4698 ἦσαν,
1049 4629 1148 4682 καὶ
1165 4629 1296 4698 ἐμοὶ
1327 4629 1551 4694 αὐτοὺς
1569 4627 1830 4694 δέδωκας
1854 4629 1951 4682 καὶ

347 4720 553 4786 οὐδεὶς
593 4721 663 4785 ἐξ
696 4720 896 4774 αὐτῶν
925 4719 1197 4775 ἀπώλετο
1229 4723 1282 4774 εὶ
1305 4720 1391 4790 μὴ
1425 4723 1457 4773 ό
1489 4719 1620 4785 υἱὸς
1664 4719 1776 4787 τῆς
1840 4721 1952 4773 ἀπ·-

345 4813 584 4878 ωλείας.
616 4812 754 4863 Ἀλλ’
782 4811 971 4883 ὥσπερ
995 4811 1228 4865 ἐνταῦθα
1259 4811 1616 4883 ἀνθρωπίνως
1645 4811 1951 4880 διαλέγεται

345 4902 534 4956 λαϐεῖν
555 4903 912 4974 παρακαλῶν,
947 4903 1121 4967 οὕτως
1144 4904 1372 4975 ἑτέρωθι
1400 4904 1670 4966 δείκνυσι,
1693 4903 1769 4966 ώς
1791 4903 1952 4967 αὐτός

345 5000 463 5050 ἐστι
487 4997 596 5050 τῶν
623 4998 875 5051 ἁπάντων
895 4997 1182 5068 δεσπότης·
1221 4996 1296 5050 Τὰ
1322 4998 1588 5064 πρόϐατα
1609 4997 1718 5066 γὰρ
1741 4997 1815 5050 τὰ
1836 4995 1948 5065 ἐμὰ

343 5089 455 5157 τῆς
481 5089 688 5158 φωνῆς
718 5109 837 5160 μου
876 5092 1101 5144 ἀκούει·
1141 5089 1305 5158 κάγὼ
1337 5088 1610 5158 γινώσκω
1641 5089 1812 5154 αὐτὰ,
1848 5089 1947 5142 καὶ

341 5182 758 5236 ἀκολουθοῦσι
791 5201 910 5253 μοι·
946 5182 1109 5251 κάγὼ
1140 5181 1294 5250 ζωὴν
1325 5181 1566 5236 αἰώνιον
1602 5181 1808 5251 δίδωμι
1840 5184 1946 5236 αὐ-

342 5275 488 5341 τοῖς·
519 5278 613 5328 καὶ
637 5276 817 5329 πάλιν·
854 5276 965 5328 Καὶ
998 5275 1160 5328 ἄλλα
1201 5274 1269 5328 δὲ
1301 5277 1568 5341 πρόϐατα
1598 5275 1736 5343 ἔχω,
1769 5272 1808 5327 ἂ
1831 5277 1942 5328 οὐκ

341 5362 521 5415 ἔστιν
547 5364 616 5416 ἐκ
651 5362 763 5430 τῆς
789 5363 988 5430 αὐλῆς
1013 5365 1254 5432 ταύτης·
1295 5363 1544 5418 κάκεῖνά
1572 5382 1649 5432 με
1680 5363 1776 5416 δεῖ
1795 5364 1941 5433 ἀγα-

341 5453 492 5520 γεῖν,
518 5455 615 5506 καὶ
641 5453 751 5520 τῆς
777 5455 984 5524 φωνῆς
990 5474 1110 5525 μου
1133 5456 1492 5520 ἀκούσουσι,
1510 5455 1609 5508 καὶ
1628 5454 1947 5525 γενήσεται

333 5546 448 5614 μία
497 5549 745 5615 ποίμνη,
786 5543 874 5613 εἷς
917 5547 1162 5616 ποιμήν.
1209 5549 1298 5601 Ἐν
1345 5547 1424 5617 τῷ
1475 5547 1706 5618 παρόντι
1757 5549 1942 5619 μέντοι

417 5641 463 5673 ³³
501 5641 650 5697 Psal.
691 5659 727 5697 ιι
751 5683 766 5704 ,
803 5643 858 5696 8.

416 5737 492 5804 tl)
542 5736 784 5790 Ειδωλα
833 5719 1054 5805 αὐτῶν.
1102 5737 1194 5790 Sic
1243 5736 1412 5790 vertit
1455 5734 1838 5805 Symmachus,
1873 5743 1933 5788 ut

341 5810 396 5876 in
423 5803 641 5863 duobus
670 5804 958 5862 codicibus
987 5803 1169 5878 Regiis
1210 5808 1454 5862 ellertur.
1486 5803 1686 5878 Aquila
1717 5817 1931 5866 autem;

2056 4627 2370 4696 perditionis
2396 4627 2464 4680 ¹·⁰.
2514 4625 2618 4686 Sed
2651 4627 3109 4697 quemadmodum
3155 4629 3245 4683 hic
3291 4629 3536 4684 humano
3572 4629 3655 4682 lo-

2055 4719 2248 4788 quitur
2292 4717 2478 4784 modo,
2531 4733 2732 4789 rogans
2789 4727 2848 4772 ut
2901 4721 3171 4790 accipiat;
3221 4721 3302 4774 sic
3354 4719 3480 4772 alibi
3529 4733 3653 4774 sese

2055 4813 2301 4866 Omnium
2354 4811 2638 4866 dominum
2689 4811 2912 4866 exhibet
2939 4831 2950 4865 :
2980 4812 3138 4879 Nam,
3171 4828 3288 4866 oves
3319 4828 3448 4866 mea:
3476 4827 3650 4866 vocem

2054 4921 2227 4957 meam
2261 4903 2485 4958 audiunt
2527 4923 2546 4960 :
2589 4913 2638 4958 et
2682 4921 2776 4973 ego
2810 4921 3066 4974 cognosco
3109 4921 3223 4970 eas,
3269 4916 3319 4959 et
3361 4918 3651 4976 sequuntur

2053 5016 2167 5062 me,
2207 5008 2257 5053 et
2301 5000 2466 5052 vitam
2515 5009 2771 5054 wternam
2820 5000 2888 5054 do
2933 5001 3010 5055 eis
3032 5000 3107 5067 “;
3155 5016 3220 5054 ac
3278 5015 3542 5058 rursum:
3577 5003 3649 5058 Et

2055 5089 2196 5143 alias
2229 5106 2344 5144 oves
2379 5089 2544 5148 habeo
2577 5108 2694 5160 qua:
2729 5108 2833 5145 non
2877 5100 3001 5144 sunt
3029 5107 3094 5145 ex
3124 5091 3220 5144 hoc
3253 5093 3414 5146 ovili:
3436 5103 3486 5147 et
3521 5093 3647 5150 illas

2054 5191 2258 5252 oportet
2292 5199 2372 5236 me
2405 5182 2686 5251 adducere,
2715 5194 2765 5238 et
2799 5201 2973 5238 vocem
3003 5201 3173 5238 meam
3208 5183 3447 5252 audient,
3483 5195 3532 5239 et
3556 5188 3647 5255 ﬁet

2052 5292 2212 5328 unum
2251 5277 2426 5340 ovile,
2470 5287 2520 5330 et
2550 5294 2686 5330 unus
2720 5287 2905 5345 pastor
2930 5277 2996 5330 ".
3045 5277 3102 5330 In
3155 5279 3410 5347 praesenti
3460 5280 3646 5350 itaque

2048 5370 2262 5438 psalmo
2299 5369 2538 5424 humane
2581 5371 2662 5424 sic
2707 5371 2950 5440 loquitur
2981 5388 2993 5422 :
3031 5369 3286 5424 Dominus
3315 5387 3442 5440 pars
3475 5372 3644 5427 Itazre-

2050 5460 2240 5514 ditatis
2299 5477 2426 5514 mea:
2483 5472 2531 5514 et
2593 5461 2777 5515 colicis
2842 5462 2982 5524 mei;
3027 5461 3400 5517 limreditatetn
3437 5479 3646 5520 vocans

2048 5566 2280 5620 regnum
2335 5552 2391 5604 in
2431 5558 2660 5622 gentes;
2705 5551 2932 5606 calicem
2961 5567 3114 5620 vero,
3141 5569 3307 5624 quam
3342 5570 3442 5625 pro
3481 5554 3644 5610 nobis

937 5642 982 5673 ⁸ο
1019 5641 1176 5697 Joan.
1209 5659 1342 5708 xm,
1371 5642 1522 5708 6,l2.
1599 5642 1644 5674 ’⁵⁸
1667 5640 1826 5697 Joan.
1864 5646 2105 5710 x3738.
2129 5643 2173 5672 δ’
2202 5643 2333 5696 ibid.
2369 5644 2457 5697 16.

2040 5733 2110 5866 Ea
2139 5735 2520 5870 62;;ovﬁpara
2561 5735 2766 5794 αὐτῶν.
2795 5735 3124 5796 Ilebraicum
3150 5740 3429 5810 exemplar
3452 5739 3639 5806 habet,

2087 5813 2192 5868 ΠἍ-
2277 5847 2288 5859 -

2131 5813 2288 5868 ἰι-κν.
