4094 6378
420 369 524 426 159
1120 371 1392 445 EUSEBII
1426 373 1904 447 CAJSARIENSIS
1924 376 2075 443 OPP.
2117 378 2297 439 PARS
2326 378 2412 436 III.
2453 411 2524 420 -—
2560 380 2973 438 EXEGE’I‘ICA.
3580 383 3682 440 460

420 504 619 561 passus
648 498 734 547 est
762 498 1015 548 mortem.
1052 490 1142 547 Sic
1183 493 1331 549 enim
1385 495 1440 550 in
1485 497 1663 552 sacris
1686 496 1994 569 Evangeliis

2097 501 2319 573 ψαλμῷ.
2351 501 2706 575 ἀνθρωπίνως
2737 502 2905 572 λέγει·
2945 502 3162 571 Κύριος
3191 502 3363 573 μερίς
3392 499 3504 571 τῆς
3533 505 3684 571 κλη-

419 579 657 636 eﬂ‘atur:
696 580 884 647 Pater,
917 584 964 637 si
989 584 1240 653 possibile
1265 594 1365 651 est,
1397 596 1634 643 transeat
1662 606 1695 644 a
1733 607 1814 645 me
1854 594 1994 649 calix

2099 595 2385 663 ρονομίας
2408 578 2528 663 μου
2546 596 2645 650 καὶ
2668 595 2774 650 τοῦ
2791 597 3098 664 ποτηρίου·
3123 596 3487 667 κληρονομίαν
3504 594 3683 649 καλῶν

418 666 621 728 iste“:
652 687 718 727 ac
740 674 787 729 si
822 675 1069 744 apertius
1106 676 1312 737 diceret
1339 694 1351 729 :
1382 677 1643 736 Ecclesia:
1684 698 1845 749 meae,
1876 701 1994 754 quae

2102 685 2201 757 τὴν
2227 685 2337 738 τῶν
2369 686 2539 740 ἐθνῶν
2569 686 2846 758 βασιλείαν
2864 706 2877 718 ·
2907 690 3164 761 ποτήριον
3275 688 3334 742 ὃν
3361 688 3501 759 ὑπὲρ
3533 687 3683 759 ἡμῶν

418 775 543 817 mea
586 761 897 828 hasreditas,
964 781 1093 835 pars
1148 766 1412 829 Dominus
1474 778 1585 839 est;
1659 780 1819 844 atque
1880 774 1994 846 ipse

2106 779 2363 848 ὑπέμεινε
2397 779 2646 841 θάνατον.
2680 781 2837 835 Οὒτω
2870 783 2980 855 γὰρ
3025 783 3117 836 καὶ
3155 785 3211 837 ὲν
3230 784 3343 847 τοῖς
3374 783 3539 852 ἱεροῖς
3570 781 3686 836 ἔλε-

418 850 611 910 calicis
644 854 771 917 mei,
801 853 856 908 id
878 862 963 914 est
994 857 1209 921 mortis,
1244 873 1373 927 pars
1398 858 1624 918 effectus
1644 871 1750 918 est.

2105 886 2203 939 γεν
2231 871 2597 940 Εὐαγγελίοις’
2633 873 2846 944 Πάτερ,
2868 850 2921 929 εὶ
2940 850 3219 940 δυνατὸν,
3248 850 3588 944 παρελθέτω
3614 874 3683 928 τὸ

413 943 708 1042 ,ποτήριον
738 946 913 1000 τοῦτο
950 948 1053 1019 ἀπ’
1116 950 1284 1018 ἐμοῦ·
1319 951 1454 1011 ὡσεὶ
1486 953 1815 1027 σαφέστερον
1853 956 2026 1028 ἐλεγεο
2066 962 2176 1016 Καὶ
2205 966 2306 1034 τῆς
2345 967 2485 1037 ἐμῆς
2531 943 2877 1038 Ἐκκλησίας,
2908 969 3029 1042 ἥτις
3062 970 3211 1023 ἐστὶν
3250 972 3285 1041 ἡ
3351 969 3685 1042 κληρονομία

419 1056 547 1136 μου,
581 1039 739 1114 μερίς
765 1043 914 1097 ἐστιν
941 1044 970 1096 ὁ
1003 1043 1227 1115 Κύριος
1259 1047 1289 1100 ὁ
1333 1047 1497 1119 αύτὸς
1525 1048 1582 1102 δὲ
1609 1050 1704 1104 καὶ
1733 1051 1827 1105 τοῦ
1878 1055 2141 1129 ποτηρίου
2173 1075 2299 1128 μου,
2355 1060 2600 1114 τουτέστι
2637 1059 2733 1128 τοῦ
2764 1039 3019 1128 θανάτου,
3049 1064 3206 1136 μερὶς
3260 1039 3623 1135 γεγενήμένδς
3653 1063 3685 1116 ὁ

416 1132 601 1196 αὐτός.

490 1224 572 1279 Tu
603 1242 658 1281 es
687 1227 777 1296 qui
806 1228 1043 1282 restituis
1069 1227 1432 1287 hereditatem
1460 1248 1630 1286 meam
1658 1234 1805 1289 mihi.
1836 1234 1957 1290 Alia
1977 1275 1993 1301 ,

417 1316 639 1386 inquit,
684 1318 818 1373 mihi
867 1319 1000 1374 olim
1043 1319 1148 1374 fuit
1184 1320 1515 1388 haereditas,
1573 1324 1777 1395 aliique
1813 1324 1995 1382 funes.

416 1404 552 1461 Nam
581 1407 793 1477 quando
823 1409 1091 1465 dividebat
1120 1412 1433 1479 Altissimus
1462 1424 1637 1485 gentes
1655 1455 1671 1479 ,
1712 1432 1838 1484 pars
1888 1416 2000 1471 Do-

418 1501 552 1555 mini
579 1499 724 1555 l'a3ta
748 1511 832 1557 est
855 1503 1083 1572 populus
1123 1504 1239 1574 ejus
1280 1504 1446 1560 Jacob
1467 1546 1482 1571 ,
1526 1508 1795 1576 funiculus
1831 1509 1998 1564 haere-

355 1659 363 1673 '
414 1592 607 1648 ditatis
634 1594 750 1663 ejus
778 1593 826 1627 “
872 1594 1066 1651 Israel.
1109 1595 1180 1649 At
1219 1604 1353 1651 tunc
1394 1612 1561 1667 pars,
1610 1598 1904 1659 bacreditas
1943 1607 1999 1655 et.

421 1686 702 1743 funiculus
722 1726 738 1752 ,
766 1694 886 1743 erat
926 1688 1077 1758 prior
1104 1688 1193 1743 ille
1220 1689 1475 1759 populus.
1513 1689 1635 1755 Quo
1666 1692 1868 1761 pepulo
1895 1691 1998 1746 im-

420 1777 640 1847 pietatis
669 1793 836 1833 causa
866 1777 1078 1849 dejecto
1105 1794 1169 1834 ac
1197 1779 1447 1850 depulso,
1479 1781 1583 1835 alia
1602 1782 1735 1836 mihi
1764 1783 1997 1838 haeredi-

418 1875 543 1931 tas,
588 1868 680 1923 alii
723 1868 924 1934 funes,
971 1870 1093 1924 alia:
1134 1879 1314 1925 sortes
1346 1872 1595 1941 priorum
1634 1873 1756 1927 loco
1785 1873 1999 1928 traditae

420 1966 553 2015 sunt
589 1960 645 2014 in
673 1959 971 2029 prwclaris.
1014 1959 1229 2015 Etenim
1260 1961 1375 2022 huic
1407 1963 1649 2020 secunda
1681 1964 2000 2032 basreditas,

418 2051 631 2121 inquit,
662 2052 919 2122 praeclara
951 2051 1285 2123 probataque
1312 2053 1444 2108 mihi
1470 2063 1574 2110 est.

492 2141 661 2198 Vens.
695 2143 748 2198 8.
795 2142 1148 2200 Provideb‘am
1179 2144 1465 2199 Dominum
1494 2147 1550 2201 in
1580 2155 1858 2216 conspectu
1888 2165 1999 2201 meo

417 2250 642 2304 semper,
671 2235 922 2304 quoniam
953 2252 987 2289 a
1015 2235 1219 2291 dextris
1251 2246 1329 2292 est
1359 2237 1520 2303 mihi,
1555 2254 1619 2292 ne
1648 2254 1998 2294 commoveor.

2176 1237 2262 1292 Σὺ
2301 1234 2364 1293 εἷ
2400 1242 2434 1293 ὁ
2478 1237 2902 1304 ἀποκαθιστῶν
2950 1240 3065 1308 τὴν
3113 1243 3522 1310 κληρονομίαν
3560 1261 3685 1314 μου

2104 1329 2254 1399 ἐμοι.
2284 1330 2460 1385 Πάλαι
2495 1331 2594 1401 μὲν
2625 1330 2756 1403 γὰρ,
2790 1334 2973 1403 φησιν,
3003 1332 3138 1404 ἄλλη
3159 1351 3243 1397 τις
3259 1329 3327 1405 ἦν
3349 1334 3684 1407 κληρονομία

2110 1441 2234 1495 μου,
2265 1424 2358 1478 καὶ
2381 1423 2515 1478 ἄλλα
2540 1424 2898 1495 σχοινίσματά
2922 1442 3042 1496 μου.
3074 1426 3205 1480 Ὅτε
3229 1425 3338 1499 γὰρ
3365 1426 3684 1497 διεμέριζεν

2105 1520 2139 1572 ό
2159 1518 2180 1535 ’¹
2192 1519 2452 1585 Υψιστος
2470 1517 2638 1585 ἔθνη,
2657 1516 2889 1589 ἐγενήθη
2907 1518 3079 1587 μερὶς
3093 1519 3313 1586 Κυρίου
3329 1519 3472 1586 λαὸς
3494 1520 3683 1576 αὐτοῦ

2117 1604 2342 1687 Ἰαθεὼᾶ
2375 1606 2709 1676 σχοίνισμα
2749 1609 3155 1677 κληρονομίας
3197 1610 3383 1664 αὐτοῦ
3443 1611 3680 1683 Ἰσραήλ.

2116 1698 2274 1752 Ἀλλὰ
2300 1699 2421 1751 τότε
2449 1697 2548 1769 μὲν
2578 1699 2734 1769 μερὶς
2756 1698 2849 1769 καὶ
2872 1697 3227 1771 κληρονομία,
3244 1700 3337 1763 καὶ
3356 1700 3684 1774 σχοινισμαό

2102 1788 2364 1860 πρότερος
2387 1783 2455 1859 ἦν
2480 1786 2628 1850 λαός*
2656 1782 2715 1841 οὗ
2737 1787 3085 1850 διαπεσόντος
3100 1788 3194 1840 καὶ
3215 1787 3515 1859 ἀποϐλήτου
3532 1806 3681 1857 γενος

2104 1882 2266 1955 μένου
2291 1882 2380 1936 διὰ
2404 1880 2503 1946 τὰς
2529 1880 2781 1945 ἀσεϐείας
2804 1880 3004 1946 αὐτῶν,
3036 1882 3203 1953 ἑτέρα
3235 1880 3392 1953 μερὶς
3424 1881 3519 1936 καὶ
3550 1881 3684 1938 ἄλλα

2106 1974 2334 2045 σχοινία,
2353 1974 2446 2027 καὶ
2465 1974 2644 2046 ἕτεροι
2668 1973 2859 2045 κλῆροι
2882 1974 3003 2027 ἀντὶ
3024 1973 3129 2027 τῶν
3158 1973 3440 2045 προτέρων
3462 1974 3684 2031 ἐκείνων

2102 2064 2365 2135 ὲδόθησάν
2399 2083 2487 2136 μοι
2511 2066 2581 2120 ὲν
2601 2065 2726 2133 τοῖς
2750 2068 3109 2137 κρατίστοις.
3148 2067 3296 2140 Αὕτη
3326 2069 3462 2138 γὰρ,
3496 2069 3681 2141 φησιν,

2102 2159 2136 2229 ἡ
2162 2157 2389 2229 δευτέρα
2415 2160 2683 2231 κρατίστη
2714 2160 2809 2215 καὶ
2834 2159 3147 2230 ἀρέσκουσά
3179 2161 3268 2231 μοί
3297 2161 3465 2215 ἐστιν.
3528 2208 3538 2219 ,

2169 2251 2541 2321 Προωρώμην
2571 2252 2682 2306 τὸν
2707 2254 2930 2321 Κύριον
2959 2251 3216 2306 ἐνώπιόν
3237 2270 3358 2323 μου
3396 2252 3496 2307 διὰ
3529 2266 3683 2306 παν-

425 2323 521 2378 Vir
558 2335 784 2382 sanctus
828 2341 952 2381 cum
994 2325 1287 2383 Dominum
1332 2329 1386 2383 in
1429 2331 1604 2385 oculis
1639 2332 1755 2386 suis
1785 2347 1994 2401 semper

2101 2345 2222 2407 τός’
2263 2342 2355 2396 ὅτι
2386 2344 2456 2397 ἐκ
2493 2342 2707 2409 δεξιῶν
2733 2362 2853 2413 μου
2885 2346 3079 2412 ἐστίν,
3120 2347 3221 2401 ἵνα
3249 2346 3336 2416 μὴ
3381 2345 3680 2401 σαλευθῶ.

421 2430 543 2470 esse
566 2431 754 2471 secum
784 2423 1030 2487 reputet,
1060 2433 1408 2488 nequaquam
1435 2420 1659 2474 ﬂuctuat
1685 2439 1699 2486 ;
1731 2421 1841 2487 imo
1870 2435 1999 2475 vero

419 2506 687 2563 Dominus
730 2524 760 2563 a
806 2509 1017 2565 dextris
1057 2510 1195 2581 justi
1242 2511 1347 2565 viri
1398 2512 1587 2567 ﬁrmus
1630 2513 1908 2570 consistit.
1957 2511 1999 2566 E

418 2615 689 2658 converso
720 2610 904 2657 autem
930 2603 999 2659 de
1026 2601 1167 2663 Juda
1211 2605 1453 2660 dicitur:
1500 2604 1568 2659 Et
1611 2605 1857 2664 diabolus
1897 2614 1999 2661 stet

417 2711 453 2750 ι
478 2694 681 2749 dextris
712 2696 826 2765 ejus
858 2696 927 2753 ⁸⁸.

865 2807 1125 2865 ORATIO
1159 2808 1371 2869 DAVID
1407 2809 1552 2866 XVI.

489 2938 664 3000 Vatis.
707 2943 759 2998 I.
805 2942 1055 3010 Exaudi,
1090 2944 1345 3005 Domine.
1370 2946 1647 3016 justitiam
1675 2964 1876 3011 meam,
1913 2948 1999 3005 iit-

416 3035 568 3092 tende
597 3036 1022 3105 deprecationem
1053 3054 1249 3093 meam.
1285 3039 1522 3097 Auribus
1555 3040 1760 3110 percipe
1792 3041 1997 3095 oratio-

418 3146 535 3183 nem
562 3146 735 3183 meam
755 3171 770 3195 ,
798 3146 901 3184 non
926 3130 981 3185 in
1013 3130 1171 3184 labiis
1198 3130 1419 3187 dolosis.
1451 3129 1710 3188 Oratione
1736 3148 1837 3188 sua
1863 3148 1996 3204 sup-

417 3221 616 3292 plicat,
648 3233 704 3276 ut
733 3220 874 3279 Deus
902 3222 1193 3289 exaudiat,
1225 3239 1337 3278 non
1367 3224 1583 3294 quidem
1626 3239 1849 3288 vocem,
1880 3240 1994 3280 non

2112 2435 2170 2488 'O
2208 2434 2385 2502 ἅγιος,
2425 2435 2512 2488 ἀεὶ
2555 2434 2900 2505 λογιζόμενος
2931 2437 2989 2490 ὲν
3016 2437 3312 2508 ὀφθαλμοῖς
3334 2438 3501 2492 αὐτοῦ
3543 2434 3682 2492 εἶναι

2096 2525 2190 2580 τὸν
2234 2526 2459 2599 Κύριον,
2504 2528 2566 2581 οὐ
2619 2529 2924 2584 σαλεύεταιο
2970 2529 3105 2583 ἀλλὰ
3143 2529 3355 2601 βέϐαιος
3388 2530 3616 2601 ἕστηκεν
3653 2529 3683 2583 ὁ

2099 2619 2305 2691 Κύριος
2336 2618 2401 2674 ὲκ
2419 2620 2609 2688 δεξιῶν
2635 2621 2730 2676 τοῦ
2767 2622 2999 2676 δικαίου.
3026 2624 3160 2694 Περὶ
3185 2623 3243 2676 δὲ
3271 2623 3363 2676 τοῦ
3402 2622 3591 2688 Ἰούδα,
3627 2622 3681 2675 Ὀ

2098 2710 2378 2779 διάϐολος
2406 2713 2626 2780 στήτω,
2655 2715 2841 2786 φησὶν,
2866 2716 2936 2769 ἐκ
2961 2714 3175 2780 δεξιῶν
3197 2715 3406 2770 αὑτοῦ.

2442 2826 2819 2880 ΠΡΟΣΕΥΧΗ
2857 2826 2945 2880 ΤΩ
2982 2827 3182 2880 ΔΑΥΙΔ
3220 2828 3338 2895 ις’.

2163 2939 2570 3005 Είσάκουσον,
2598 2943 2795 3010 Κύριε,
2826 2940 3220 3010 δικαιοσύνης
3242 2960 3381 3010 μου,
3415 2942 3681 3014 πρόσχες

2096 3028 2174 3098 τῇ
2215 3029 2423 3111 δεήσει
2457 3048 2596 3100 μου.
2659 3031 2963 3086 Ἑνώτισαι
3009 3031 3126 3100 τὴν
3168 3034 3519 3104 προσευχήν
3558 3055 3679 3105 μου

2098 3121 2211 3172 οὐκ
2243 3119 2314 3173 ὲν
2344 3120 2577 3186 χείλεσι
2619 3120 2866 3189 δολίοις.
2921 3123 3176 3176 Ἰκετεύει
3203 3123 3292 3176 διὰ
3321 3127 3422 3196 τῆς
3451 3143 3683 3196 προσευο

2097 3213 2198 3282 χῆς
2231 3210 2322 3264 τὸν
2355 3211 2488 3265 Θεὸν
2514 3212 2789 3285 ἀκροατὴν
2811 3214 3082 3282 γενέσθαι,
3115 3217 3175 3268 οὐ
3200 3219 3299 3287 τῆς
3326 3221 3528 3289 φωνῆς,
3559 3219 3681 3274 οὐδὲ

414 3312 582 3369 verba
605 3329 705 3369 sua
732 3354 746 3375 ,
775 3314 871 3370 sed
900 3315 1157 3371 virtutem
1184 3335 1198 3372 :
1227 3332 1293 3373 ac
1319 3318 1363 3371 si
1389 3317 1640 3372 videlicet
1655 3317 1867 3387 justitia
1892 3333 1994 3373 sua

2097 3300 2205 3356 τῶν
2240 3304 2502 3375 ῥημάτων
2529 3303 2714 3369 αὐτοῦ,
2740 3305 2854 3358 ἀλλ’
2885 3306 3055 3376 αὐτῆς
3079 3303 3179 3379 τῆς
3202 3310 3259 3361 ὲν
3284 3309 3430 3381 αὐτῷ
3454 3312 3676 3383 ἀρετῆς,

414 3421 484 3461 ex
533 3404 703 3475 gestis
747 3405 1011 3474 operibus
1051 3404 1327 3471 clamitet,
1357 3407 1682 3478 divinasque
1710 3423 1870 3465 aures
1898 3411 1995 3465 de-

417 3497 677 3553 mulceat.
725 3494 913 3566 Neque
957 3497 1104 3552 enim
1147 3498 1456 3569 quispiam,
1487 3499 1863 3570 improborum
1890 3501 1996 3557 sibi

413 3589 672 3644 conscius
723 3586 1029 3643 facinorum
1052 3629 1067 3652 ,
1098 3591 1274 3643 talem
1302 3589 1462 3646 facile
1487 3589 1756 3661 proferret
1780 3608 1991 3648 vocem.

414 3679 554 3737 Illud
601 3698 766 3754 porro
793 3702 805 3737 :
844 3680 1065 3741 Intende
1084 3679 1500 3751 deprecationem
1529 3698 1699 3735 meam
1717 3723 1732 3746 ,
1760 3683 1885 3752 jure
1909 3682 1995 3737 di-

413 3774 559 3829 xerit
583 3775 669 3829 vir
693 3774 782 3829 ille
808 3774 1072 3843 probatus
1100 3786 1163 3826 ac
1193 3772 1554 3837 exercitatus,
1580 3773 1673 3841 qui
1701 3772 1758 3827 in
1783 3773 1995 3828 orando

413 3866 611 3937 dignas
641 3865 751 3921 Deo
779 3865 980 3921 emittit
1010 3864 1442 3935 supplicationes
1462 3901 1478 3925 .
1521 3868 1614 3934 qui
1663 3880 1774 3920 non
1823 3881 1994 3935 parva

413 3959 661 4029 quaedam
705 3957 942 4026 viliaque
983 3956 1262 4027 postulat.
1304 3971 1482 4026 neque
1524 3970 1627 4026 pro
1666 3956 1991 4012 mortalibus

413 4049 782 4118 humanisque
817 4049 982 4103 rebus
1017 4046 1185 4104 Deum
1215 4057 1491 4119 precatur.
1530 4048 1766 4118 ldipsum
1803 4047 1994 4104 Salva-

413 4146 500 4193 tor
527 4137 715 4192 docuit
739 4138 870 4202 talia
896 4137 1042 4193 fatus
1071 4157 1085 4192 :
1132 4131 1328 4203 Magna
1350 4135 1528 4202 petite,
1561 4145 1611 4188 et
1636 4152 1806 4205 parca
1845 4137 1992 4206 adji-

411 4229 618 4282 cientur
638 4225 781 4280 vobis
806 4227 872 4283 ⁵⁸.
898 4225 1087 4281 Tertio
1114 4234 1295 4280 autem
1328 4234 1603 4296 precatur,
1630 4235 1692 4280 ut
1717 4226 1835 4296 ipsa
1861 4241 1992 4280 ora-

411 4320 580 4374 tionis
624 4319 793 4373 verba
839 4319 1069 4374 auribus
1110 4319 1415 4389 percipiat,
1449 4328 1538 4383 et,
1569 4325 1632 4373 ut
1660 4318 1735 4371 ita
1766 4318 1947 4373 dicam
1971 4357 1986 4382 ,

411 4410 482 4466 de
525 4412 646 4482 ipsa
686 4426 826 4467 voce
865 4411 1113 4482 iudicet,
1156 4411 1304 4481 quod
1348 4426 1461 4465 non
1490 4411 1547 4464 in
1578 4411 1739 4465 labiis
1780 4409 1992 4465 dolosis

410 4502 625 4574 prolata
655 4503 751 4557 sit.
778 4501 1109 4572 Plerumque
1135 4502 1284 4556 enim
1311 4503 1573 4571 praeclara
1602 4502 1900 4571 loquimur,
1928 4518 1993 4558 ac

410 4591 597 4647 verbis
631 4592 836 4651 utimur
863 4608 927 4648 ex
961 4591 1247 4661 Scriptura
1275 4591 1460 4645 divina
1487 4591 1824 4662 depromptis
1848 4609 1863 4658 ;
1892 4592 1989 4646 sed

410 4700 523 4740 non
554 4686 803 4756 purgatis
831 4685 1016 4741 labiis.
1048 4684 1116 4737 Et
1144 4699 1274 4739 vero
1303 4691 1607 4739 occurrunt
1636 4698 1780 4753 saepe
1808 4683 1991 4747 homi-
2018 4663 2067 4724 Ῑ)

412 4790 552 4840 nes,
601 4774 699 4845 qui
747 4773 1236 4834 indiscriminatim
1283 4773 1593 4836 conviciis.
1648 4773 1985 4837 calumniis,

411 4866 716 4921 mendaciis
735 4903 755 4931 ι
782 4863 1150 4920 fraudulentis
1177 4864 1362 4920 verbis
1385 4902 1400 4929 ,
1432 4864 1697 4935 perjuriis
1724 4905 1740 4932 ,
1768 4865 1990 4927 obscmq

411 4958 500 5013 uis
539 4958 740 5023 dictis,
782 4957 1016 5028 aliisque
1057 4958 1313 5012 absurdis
1352 4957 1586 5013 vocibus
1630 4958 1753 5018 usi,
1797 4955 1988 5012 confe-

413 5049 541 5104 stim
569 5055 783 5104 mutato
808 5064 1059 5105 sermone
1078 5074 1105 5112 ,·
1137 5048 1392 5120 precibus
1438 5048 1607 5103 Deum
1635 5048 1985 5118 compellant.

414 5138 486 5193 At
527 5141 680 5197 solus
720 5140 808 5195 vir
844 5149 1107 5206 sanctus,
1134 5151 1187 5196 et
1227 5141 1469 5211 lingulam
1509 5148 1565 5195 et
1606 5140 1749 5194 labia
1779 5153 1991 5195 vocem-

411 5245 520 5302 que
546 5232 722 5302 ipsam
752 5247 817 5287 ac
840 5234 1009 5288 verba
1037 5234 1124 5289 vel
1156 5249 1257 5289 usu
1284 5234 1503 5289 tritiora
1529 5240 1795 5303 expurgat
1819 5250 1834 5298 ;
1863 5245 1991 5300 gna-

413 5343 511 5382 rus
542 5327 690 5385 illius
717 5330 847 5385 dicti
877 5348 890 5384 :
927 5329 1002 5384 De
1030 5331 1175 5384 omni
1202 5329 1355 5384 verbo
1382 5330 1552 5385 otioso
1584 5330 1843 5389 rationem
1874 5324 1989 5379 red-

410 5419 548 5477 detis
584 5421 642 5474 in
680 5421 766 5477 die
792 5421 988 5491 judicii
1030 5422 1095 5455 "'-
1142 5420 1287 5478 Deus
1332 5421 1607 5492 siquidem
1646 5418 1983 5495 orationem,

415 5525 528 5567 non
554 5511 716 5568 labiis
740 5512 947 5568 dolosis
968 5554 984 5577 ,
1018 5514 1117 5570 sed
1147 5520 1381 5585 purgata
1413 5513 1598 5583 lingua
1622 5551 1638 5576 ,
1671 5510 1987 5579 divinisque

415 5603 763 5663 sermonibus
803 5604 1133 5661 meditandis
1175 5613 1394 5661 assueta
1428 5604 1696 5674 prolatam
1717 5643 1732 5668 ,
1762 5604 1986 5658 auribus

417 5693 672 5781 percipit.
723 5694 1091 5761 Quamobrem
1147 5712 1272 5752 cum
1321 5696 1390 5751 de
1441 5696 1657 5765 justitia
1713 5695 1981 5766 loquitur,

2097 3392 2287 3467 ὥσπερ
2318 3394 2529 3467 βοώσης
2555 3395 2643 3449 διὰ
2672 3397 2782 3449 τῶν
2821 3397 3072 3469 πράξεων
3092 3403 3191 3471 τῆς
3219 3400 3562 3476 δικαιοσύνης
3586 3406 3682 3458 καὶ

2094 3486 2452 3559 δυσωπούσης
2484 3488 2582 3560 τὴν
2616 3486 2765 3543 Θείαν
2798 3491 2988 3563 ἀκοήν.
3015 3492 3130 3545 Οὐκ
3149 3491 3216 3546 ἂν
3238 3494 3344 3566 γάρ
3366 3512 3469 3561 τις,
3503 3496 3683 3567 ἑαυτῷ

2096 3577 2279 3647 φαῦλα
2321 3577 2594 3644 συνειδὼς,
2629 3579 2829 3652 ῥᾳδίως
2859 3581 2926 3635 ἂν
2956 3582 3213 3653 τοιαύτην
3256 3587 3437 3657 ἀφῆκε
3473 3590 3678 3660 φωνήν.

2095 3671 2169 3723 Τὸ
2197 3671 2277 3736 δὲ,
2322 3674 2598 3741 Πρόσχες
2635 3671 2711 3742 τῇ
2752 3672 2959 3740 δεήσει
2980 3693 3120 3749 μου,
3156 3677 3298 3731 είποι
3328 3679 3395 3732 ἂν
3423 3681 3628 3744 ἐκεῖνος
3651 3683 3682 3734 ὁ

2096 3760 2556 3834 βεϐασανισμένος
2595 3765 2688 3817 καὶ
2718 3767 3032 3838 πρεπούσας
3065 3768 3184 3839 Θεῷ
3217 3774 3273 3822 ὲν
3306 3772 3370 3842 τῇ
3404 3757 3679 3846 προσευχῇ

2094 3854 2435 3926 ἀναπέμπων
2473 3856 2707 3928 δεήσεις,
2751 3861 2779 3911 ὁ
2826 3860 2900 3930 μὴ
2939 3859 3032 3913 ἐπὶ
3070 3865 3288 3932 μικροῖς
3322 3863 3415 3915 καὶ
3443 3866 3555 3928 τοῖς
3584 3881 3679 3919 τυο

2093 3947 2280 4018 χοῦσιν
2323 3950 2611 4021 αἰτήμασι,
2659 3951 2781 4022 μηδ’
2821 3953 2915 4006 ἐπὶ
2947 3951 3160 4024 θνητοῖς
3193 3956 3286 4008 καὶ
3319 3955 3680 4027 ἀνθρωπίνοις

2095 4040 2430 4109 παρακαλῶν
2456 4041 2547 4094 τὸν
2575 4042 2727 4096 Θεόν.
2757 4043 2929 4097 Τοῦτο
2954 4044 3083 4112 γοῦν
3108 4046 3201 4099 καὶ
3225 4048 3253 4099 ὃ
3285 4047 3475 4118 Σωτὴρ
3505 4048 3678 4102 ἐδίδα-

2096 4148 2193 4185 σκε
2218 4130 2411 4200 λέγων·
2446 4130 2669 4185 Αἰτεῖτε
2693 4131 2767 4185 τὰ
2792 4130 3048 4202 μεγάλα,
3069 4131 3168 4186 καὶ
3194 4131 3269 4186 τὰ
3290 4135 3471 4203 μικρὰ
3493 4148 3677 4205 προσσ

2093 4222 2408 4290 τεθήσεται
2431 4222 2593 4293 ὑμῖν.
2619 4223 2731 4276 Καὶ⁵
2755 4224 2936 4294 τρίτον
2957 4223 3015 4276 δὲ
3041 4225 3294 4287 ἱκετεύει,
3318 4228 3415 4281 καὶ
3438 4228 3579 4281 αὐτὰ
3606 4229 3687 4299 τὰ,

2092 4316 2315 4386 ῥήματα
2354 4317 2454 4384 τῆς
2491 4317 2801 4385 προσευχῆς
2847 4314 3226 4377 ἐνωτίσασθαι,
3265 4313 3446 4385 κρῖναί
3486 4330 3568 4378 τε,
3599 4312 3676 4376 ὡς

2091 4408 2286 4470 εἰπεῖν,
2320 4407 2416 4460 καὶ¹
2448 4405 2618 4476 αὐτὴν
2644 4405 2743 4476 τὴν
2780 4403 2985 4476 φωνὴν,
3026 4405 3109 4458 ὅτι
3142 4403 3216 4475 μὴ
3258 4405 3316 4457 ὲν
3353 4402 3556 4475 χείλεσι
3591 4403 3678 4456 δο-

2091 4497 2226 4560 λίοις
2265 4498 2620 4568 προφέρεται.
2660 4495 2928 4558 Πολλάκις
2958 4494 3067 4577 γὰρ
3097 4495 3271 4565 σεμνὰ
3305 4491 3673 4565 φθεγγόμεθα,

2091 4588 2188 4641 καὶ
2213 4588 2395 4656 λόγοις
2423 4585 2685 4659 χρώμεθα
2717 4589 2827 4649 τοῖς
2857 4585 2965 4638 ἀπὸ
2993 4585 3101 4638 τῶν
3136 4585 3294 4640 θείων
3324 4585 3576 4656 Γραφῶν,
3614 4587 3675 4638 οὐ

2092 4679 2524 4751 κεκαθαρμένοις
2538 4681 2651 4742 τοῖς
2666 4678 2917 4748 χείλεσιν.
2946 4676 3084 4747 Ἤδη
3105 4676 3163 4729 δέ
3181 4694 3346 4741 τινες,
3369 4677 3679 4748 ἀδιαφόρως

2091 4771 2380 4843 λοιδορίαις
2425 4770 2568 4824 κατά
2606 4787 2766 4823 τινων
2818 4770 3177 4841 χρησάμενοι,
3226 4769 3259 4840 ἢ
3305 4768 3596 4834 διαϐολαῖς,
3639 4769 3675 4841 ἢ

2091 4860 2486 4931 ψευδολογίαις,
2521 4859 2553 4929 ἢ
2594 4860 2853 4922 ἀπάταις,
2894 4860 2927 4930 ἦ
2961 4859 3292 4930 ἐπιορκίαις,
3337 4858 3370 4929 ἢ
3412 4860 3676 4931 αἰσχρορ-

2092 4952 2447 5025 ρημοσύναις,
2483 4951 2516 5022 ἢ
2550 4951 2730 5014 ἄλλοις
2757 4952 2897 5004 τισὶν
2930 4950 3151 5013 ἀτόποις
3193 4953 3420 5017 φωναῖς,
3466 4950 3677 5023 ἀθρόως

2097 5043 2523 5115 μεταϐάλλοντες
2562 5043 2620 5095 ὲν
2652 5045 2720 5113 τῇ
2764 5045 3040 5113 προσευχῇ
3072 5042 3163 5094 τὸν
3194 5040 3325 5094 Θεὸν
3356 5041 3678 5096 ἐπικαλοῦν-

2094 5153 2206 5198 ται.
2242 5135 2418 5199 Μόνος
2444 5135 2503 5187 δὲ
2529 5136 2569 5199 ὁ,
2588 5134 2742 5202 ἅγιος
2775 5135 2869 5186 καὶ
2899 5132 2998 5202 τὴν
3021 5132 3267 5201 γλῶτταν
3291 5133 3458 5187 αὐτοῦ
3486 5133 3583 5188 καὶ
3606 5132 3678 5186 τά

2095 5228 2272 5298 χείλη,
2291 5228 2386 5281 καὶ
2406 5226 2503 5297 τὴν
2524 5226 2706 5297 φωνὴν
2731 5225 2921 5295 αὐτὴν,
2951 5227 3045 5279 καὶ
3067 5226 3135 5278 τὰ
3157 5223 3312 5278 κοινὰ
3335 5226 3554 5296 ῥήματα
3578 5242 3676 5278 κα-

2093 5321 2299 5393 θαίρει·
2340 5319 2495 5383 εἰδὼς
2520 5317 2830 5391 εἰρημένον’
2850 5317 2988 5385 Περί
3021 5317 3246 5383 παντὸς
3276 5317 3463 5386 ἀργοῦ
3489 5315 3678 5386 ῥήμαη

2092 5430 2196 5480 τος
2232 5411 2454 5466 δώσετε
2495 5410 2683 5481 λόγον
2710 5409 2781 5462 ἐν
2818 5408 3009 5478 ἡμέρᾳ
3048 5409 3320 5476 κρίσεως.
3354 5406 3675 5479 Προσευχῆς

2092 5505 2201 5577 γὰρ
2242 5506 2303 5559 οὐ
2345 5504 2433 5558 διὰ
2472 5503 2696 5574 χειλέων
2739 5503 2929 5556 δολίων
2975 5500 3447 5573 προσφερομένης,
3491 5499 3582 5555 διὰ
3616 5498 3675 5555 δὲ

2093 5599 2343 5670 γλώττης
2381 5595 2821 5667 κεκαθαρμένης,
2863 5594 2958 5647 καὶ
2994 5593 3064 5647 τὰ
3106 5594 3226 5647 θεῖα
3256 5593 3411 5661 λόγια
3443 5592 3674 5663 μελετᾷν

2091 5692 2424 5763 εἰθισμένης,
2474 5688 2785 5752 ὲνωτίζεται
2828 5689 2857 5741 ό
2889 5687 3041 5750 Θεός.
3089 5686 3180 5739 Διὸ
3208 5686 3299 5738 ἐπὶ
3336 5685 3435 5756 μὲν
3473 5683 3568 5755 τῆς
3596 5682 3673 5739 δι-

376 5884 379 5887 ι
488 5846 749 5910 “Matth.
795 5865 943 5916 xxvi,
989 5851 1076 5907 '59.
1156 5852 1196 5885 ""
1226 5850 1386 5909 Deut.
1429 5868 1601 5918 xxx”,
1650 5852 1703 5917 8,
1758 5852 1807 5906 9.
1887 5852 1929 5883 ⁸³
1964 5849 1994 5905 P

2097 5891 2107 5904 .
2153 5865 2271 5917 cm,
2324 5848 2377 5912 θ.
2444 5844 2803 5913 ,θθΜιιιιιμγῃ
2830 5842 2921 5898 '55.
2954 5926 2961 5929 _
2999 5843 3039 5873 ⁵⁷
3066 5840 3255 5896 Matth.
3304 5856 3401 5906 xu,
3435 5838 3525 5894 56.
