4094 6378
404 391 503 446 {Gl

1538 382 2043 444 COMMENTARIA
2084 381 2149 436 1N
2190 361 2530 436 essurus.

3559 362 3667 438 ias

401 503 719 575 καιοσύνης,
745 501 1131 564 εἰσάκουσον,
1159 500 1394 569 ἐλέγετο,
1420 502 1511 554 ἐπὶ
1529 502 1583 554 δὲ
1601 506 1700 573 τῆς
1723 503 1980 574 δεήσεως,

2088 495 2306 560 exaudi,
2331 494 2529 562 inquit;
2558 505 2683 545 cum
2711 488 2778 543 de
2806 487 3192 558 deprecatione
3211 529 3226 553 ,
3254 483 3462 545 intende
3487 508 3505 555 ;
3541 508 3668 550 cum

397 599 689 666 κρόσχεςο
721 596 813 646 ἐπὶ
843 594 901 647 δὲ
929 596 1028 664 τῆς
1053 592 1139 646 διὰ
1166 593 1389 663 χειλέων
1432 595 1848 666 προφερομένης
1879 611 1990 662 φω-

397 691 521 759 νῆς,
561 684 857 740 ὲνώτισαι.
896 683 1035 756 Τρία
1067 683 1196 751 γοῦν
1227 686 1464 755 ᾐτήσατο
1495 685 1582 738 διά
1613 687 1722 739 τῶν
1762 703 1987 757 προκει-

398 779 604 847 μένων,
634 775 910 848 προτάξας
935 775 1041 828 τῶν
1075 775 1168 828 δύο
1194 777 1254 828 τὸ
1283 780 1549 848 κρεῖττον.

483 868 880 936 Ἐδοκίμασας
916 868 1030 936 τὴν
1075 868 1328 936 καρδίαν
1355 886 1496 937 μου,
1536 867 1857 938 ἐπεσκέψω
1883 887 1989 923 νυ-

392 961 564 1026 κτός·
593 961 910 1029 ὲπύρωσάς
942 978 1038 1028 με,
1069 961 1181 1012 ’καὶ
1222 962 1334 1028 οὐχ
1362 959 1573 1026 εὑρέθη
1608 960 1677 1012 ἐν
1705 960 1834 1028 ἐμοὶ
1864 959 1990 1014 ἀδι-

392 1054 520 1106 κία.
559 1052 647 1115 Ὠς
682 1053 778 1123 τὴν
803 1053 1148 1123 ἀνθρωπίνην
1172 1051 1454 1104 ἀσθένειαν
1482 1052 1797 1122 ὑπερϐαίνει
1823 1055 1856 1124 ἡ
1880 1053 1988 1105 τῶν

395 1144 779 1214 προκειμένων
805 1145 1010 1197 διάνοια
1033 1146 1045 1197 !
1071 1145 1164 1207 Τίς
1178 1144 1286 1215 γάρ
1302 1146 1634 1216 καυχήσεται
1660 1146 1829 1217 ἁγνὴν
1846 1145 1988 1214 ἔχειν

393 1235 660 1305 καρδίανς
691 1237 784 1290 καὶ
812 1237 895 1299 τίς
925 1237 1362 1310 παρρησιάζεται
1383 1237 1560 1305 λέγων
1589 1237 1828 1308 καθαρὸς
1850 1233 1986 1289 εἶναι

393 1325 507 1378 ἀπὸ
521 1325 806 1396 ἁμαρτιῶν
826 1343 840 1392 ;
859 1327 1023 1398 Μόνῳ
1037 1328 1323 1401 τοιγαροῦν
1342 1329 1568 1400 ἁρμόζοι
1597 1329 1745 1399 αύτῷ
1769 1328 1988 1400 Χριστῷ

390 1414 580 1484 λέγειν
615 1417 686 1470 τά
732 1419 1087 1489 προκείμενα.
1124 1422 1432 1492 Μήποτεδὲ
1465 1422 1563 1492 τὴν
1616 1423 1694 1484 εἰς
1739 1421 1829 1474 τὸν
1855 1420 1986 1492 ᾅδην

391 1507 642 1571 κάθοδον,
670 1510 764 1563 καὶ
787 1514 876 1563 τὸν
897 1513 953 1563 ἐν
983 1511 1061 1581 τῷ
1078 1511 1291 1583 Θανάτῳ
1314 1514 1510 1585 χῶρον,
1532 1513 1703 1567 νύκτα
1721 1512 1986 1584 κέκληκεν

390 1600 491 1652 ἐπὶ
520 1600 617 1652 τοῦ
651 1603 950 1673 πάροντος;
985 1605 1046 1655 Εἰ
1080 1603 1187 1674 γάρ
1213 1605 1307 1657 καὶ
1330 1607 1387 1658 ὲν
1409 1605 1564 1658 νυκτὶ
1585 1605 1810 1674 γέγονεν
1831 1606 1888 1657 ὲν
1909 1603 1987 1674 τῷ

387 1691 573 1762 καιρῷ
587 1691 695 1744 τῶν
714 1695 1084 1765 πειρατηρίων
1096 1697 1188 1749 καὶ
1202 1698 1256 1748 ὲν
1273 1695 1352 1767 τῷ
1369 1695 1628 1768 σκοτεινῷ
1644 1697 1736 1750 καὶ
1754 1698 1988 1765 ἀφεγγεῖ

385 1781 545 1851 τόπῳ
572 1782 666 1834 τοῦ
696 1784 950 1837 θανάτου·
983 1786 1117 1839 ἀλλὰ
1145 1787 1517 1857 δοκιμασθεὶς,
1551 1789 1855 1858 ἐπισκοπῆς
1888 1791 1984 1858 τῆς

2093 589 2161 644 de
2189 602 2324 643 voce
2352 585 2513 640 labiis
2540 586 2784 655 prolata,
2820 583 3042 637 auribus
3068 585 3292 651 percipe.
3325 581 3455 638 Tria
3485 584 3669 656 itaque

2092 681 2258 736 dictis
2284 678 2599 748 bujusmodi
2633 677 2895 746 postulat,
2921 683 2974 730 et
3003 675 3149 745 quod
3177 679 3527 747 praestantius
3554 689 3674 735 erat
3751 661 3753 664 l

2093 771 2310 826 duobus
2341 770 2462 824 aliis
2494 769 2780 838 praemisit.

2165 861 2331 917 Vens.
2371 862 2424 916 5.
2466 860 2720 914 Probasti
2760 876 2850 913 cor
2892 876 3062 912 meum
3104 868 3154 913 et
3199 860 3435 914 visitasti
3478 871 3630 916 nocte
3655 900 3672 927 ,

2091 959 2209 1026 igne
2250 973 2332 1010 me
2376 956 2736 1021 examinasti,
2779 966 2827 1009 et
2872 971 2976 1008 non
3016 965 3094 1008 est
3135 956 3342 1008 inventa
3371 956 3425 1007 in
3455 972 3537 1010 me
3565 957 3674 1010 ini-

2090 1051 2288 1118 quitas.
2325 1049 2602 1114 Quantum
2645 1048 2938 1100 humanam
2965 1047 3335 1101 infirmitatem
3378 1059 3672 1117 exsuperat

2092 1140 2406 1211 liujusmodi
2453 1141 2746 1196 verborum
2776 1140 3050 1194 sententia
3080 1139 3092 1192 !
3127 1137 3263 1202 Quis
3292 1139 3440 1192 enim
3469 1138 3536 1193 de
3578 1153 3674 1194 ca-

2091 1236 2278 1290 stitate
2318 1234 2502 1290 cordis
2537 1231 2910 1304 gloriabitur?
2939 1231 3076 1298 Quis
3105 1229 3447 1286 conﬁdenter
3476 1231 3627 1285 dicat
3654 1249 3668 1286 :

2088 1325 2270 1382 Purus
2313 1340 2436 1380 sum
2481 1341 2509 1378 a
2559 1324 2842 1395 peccatis?
2888 1323 3013 1377 lla-c
3055 1337 3188 1377 sane
3231 1338 3373 1376 unus
3418 1321 3672 1377 Christus
3711 1388 3720 1404 .

2088 1433 2217 1473 vere
2248 1434 2311 1472 ac
2343 1425 2711 1488 congruenter
2739 1418 2922 1471 dicere
2948 1420 3144 1471 valeat.
3175 1418 3372 1468 Annon
3404 1429 3564 1468 suum
3597 1411 3667 1468 ad

2090 1510 2687 1574 inferos-descensum,
2719 1518 2884 1580 atque
2929 1511 3110 1563 locum
3157 1509 3310 1562 illttm
3353 1509 3406 1560 in
3449 1507 3671 1577 regione

2089 1603 2304 1668 mortis,
2332 1609 2550 1656 noctem
2584 1602 2638 1655 in
2667 1603 2922 1672 praesenti
2955 1603 3168 1656 vocavit
3191 1602 3214 1654 ?
3235 1600 3498 1666 Quamvis
3524 1599 3672 1654 enim

2091 1696 2146 1749 in
2178 1705 2340 1750 nocte
2369 1695 2535 1750 fuerit
2567 1711 2630 1749 ac
2672 1695 2727 1749 in
2772 1703 3017 1765 tempore
3063 1695 3426 1750 tentationum
3449 1733 3462 1757 ,
3506 1693 3673 1762 inque

2089 1788 2402 1843 tenebrosis
2463 1788 2890 1858 caliginosisque
2941 1787 3138 1842 mortis
3181 1785 3539 1855 regionibus,
3590 1793 3673 1837 at-

387 1874 546 1944 παρὰ
573 1875 668 1929 τοῦ
701 1877 918 1949 Πατρὸς
961 1877 1188 1948 ἠξίωται
1227 1879 1316 1932 διὰ
1351 1883 1454 1951 τῆς
1487 1881 1856 1943 ἀναστάσεως,
1893 1881 1980 1932 καὶ

2092 1889 2272 1935 tamen
2306 1879 2599 1950 probatus,
2633 1887 2859 1948 paterna
2892 1879 3208 1934 visitatione
3233 1878 3430 1948 dignus
3454 1876 3673 1931 habitus

383 1966 596 2040 ταύτης
638 1969 958 2041 τετύχηκεν.
1018 1971 1363 2045 Ἐπειδήπερ,
1407 1968 1494 2025 οἷα
1527 1973 1727 2043 χρυσὸς
1765 1974 1822 2026 ὲν
1851 1977 1982 2047 πυρὶ

391 2060 633 2130 βληθεὶς,
663 2060 916 2132 λαμπρὸς
944 2063 1037 2115 καὶ
1067 2063 1308 2135 καθαρὸς
1328 2064 1752 2135 διαμεμένηκεν.
1805 2065 1984 2118 Ἐπει-

385 2153 454 2224 δὴ
488 2154 649 2224 μόνος
693 2153 803 2206 τῶν
837 2153 896 2219 ἐξ
927 2155 1126 2220 αἰῶνος
1173 2157 1470 2225 ἁμαρτίαν
1514 2159 1624 2211 οὐκ
1669 2157 1980 2225 ἐποίησεν,

387 2244 536 2300 οὐδὲ
556 2248 770 2314 εὑρέθη
805 2247 1007 2314 δόλος,
1046 2249 1187 2301 κατὰ
1215 2250 1306 2302 τον
1353 2250 1601 2313 Ἡσαΐαν,
1636 2251 1706 2303 ἐν
1733 2251 1811 2317 τῷ
1846 2254 1984 2306 στό-

385 2355 534 2406 ματι
561 2340 771 2392 αὐτοῦ.

465 2432 660 2498 Ὅπως
694 2433 770 2485 ἂν
806 2432 892 2502 μὴ
941 2433 1194 2503 λαλήσῃ
1239 2434 1306 2487 τὸ
1338 2435 1533 2503 στόμα
1574 2453 1695 2504 μου
1741 2436 1812 2488 τὰ
1839 2435 1984 2506 ἔργα

392 2521 512 2577 τῶν
539 2524 887 2592 ἀνθρώπων,
916 2524 1015 2579 διὰ
1038 2527 1178 2592 τοὺς
1206 2528 1428 2596 λόγους
1454 2525 1572 2579 τῶν
1597 2527 1849 2596 χειλέων
1866 2547 1982 2582 σου

391 2616 506 2685 ἐγὼ
537 2617 815 2685 ἐφύλαξα
851 2618 1034 2684 ὁδοὺς
1065 2618 1363 2685 σκληράς.
1408 2619 1465 2671 Ὀ
1493 2619 1548 2672 δὲ
1577 2620 1872 2690 Σύμμαχος
1901 2623 1981 2673 εζ-

390 2708 530 2762 πών·
582 2709 722 2778 Ἐγὼ
749 2709 1152 2779 ἐφυλαξάμην
1177 2710 1356 2776 ὀδοὺς
1382 2711 1751 2780 παραϐάτου,
1788 2713 1982 2784 ἑτέραν

389 2801 704 2872 παρέστησε
733 2801 991 2855 διάνοιαν·
1021 2802 1096 2866 ὡς
1123 2801 1217 2855 τοῦ
1253 2803 1350 2875 τὴν
1380 2805 1543 2875 εὐχὴν
1580 2805 1982 2877 διαπέμποντος

390 2895 572 2946 πάντα
603 2893 890 2964 ἄνθρωπον
937 2896 1262 2966 παραϐάτην
1310 2897 1624 2967 φεύγοντος,
1665 2901 1760 2952 καὶ
1801 2902 1982 2965 πάσας

389 2985 488 3048 τὰς
527 2986 636 3038 τῶν
669 2987 928 3041 τοιούτων
973 2989 1144 3052 ὀδοὺς,
1192 2988 1281 3041 διὰ
1321 2989 1383 3042 τὸ
1429 2989 1670 3060 χαλεπάς
1711 2987 1851 3044 εἶναι
1889 2991 1982 3044 καὶ

389 3079 772 3150 άποσκλήρους
803 3079 982 3144 πάσας
1009 3079 1108 3144 τὰς
1141 3081 1281 3135 κατὰ
1315 3082 1514 3136 κακίαν
1537 3082 1783 3154 πράξεις.

457 3172 824 3240 Καταρτισαι
875 3172 948 3226 τὰ
1000 3174 1333 3244 διαϐήματά
1354 3192 1473 3243 μου
1500 3176 1568 3228 ἐν
1594 3175 1722 3242 ταῖς
1761 3177 1981 3243 τρίϐοις

389 3280 530 3328 σου,
557 3265 763 3334 ἵναμὴ
801 3265 1147 3320 σαλευθῶσι
1178 3267 1249 3320 τὰ
1274 3267 1607 3336 διαδήματα
1632 3285 1773 3336 μου.
1819 3269 1980 3320 Ὑπο-

395 3353 651 3424 γραμμὺν
690 3356 820 3424 ἡμῖν
851 3357 943 3408 καὶ
989 3357 1076 3409 διὰ
1117 3357 1320 3411 τούτων
1382 3359 1657 3431 παρέσχεν
1705 3361 1735 3412 6
1764 3359 1977 3430 Σωτὴρ,

387 3445 665 3500 παιδεύων
729 3448 938 3518 μήποτε
977 3449 1376 3521 ὲπιτρίϐεσθαι,
1407 3451 1541 3521 μηδὲ
1577 3450 1718 3520 μέγα
1746 3453 1830 3521 ἐφ’
1855 3453 1983 3505 ἐαυ-

386 3537 505 3599 τοίς
530 3540 768 3607 φρονεῖν.
811 3534 885 3592 Εὖ
915 3539 971 3591 δὲ
1011 3541 1105 3594 καὶ
1137 3541 1381 3612 ἀκριϐῶς
1408 3542 1720 3607 πεπεῖσθαι,
1757 3543 1833 3608 ὡς
1854 3543 1983 3596 πάν-

386 3644 512 3680 τοτε
535 3633 635 3700 τῆς
663 3629 815 3701 παρὰ
839 3630 930 3684 τοῦ
954 3631 1090 3685 Θεοῦ
1119 3632 1348 3703 δεόμεθα
1375 3633 1646 3704 βοηθείας,
1665 3635 1752 3689 ἵνα
1780 3634 1855 3706 μὴ
1887 3652 1982 3688 σα-

387 3717 553 3790 λευϐῇ
610 3722 764 3792 ἡμῶν
808 3722 880 3776 τὰ
914 3724 1247 3796 διαδήματα,
1280 3725 1374 3778 καὶ
1436 3726 1518 3788 εἰς
1573 3726 1635 3778 τὸ
1669 3725 1979 3796 ἐφαρμόσαι

386 3815 509 3876 ταῖς
537 3813 730 3866 ἑαυτοῦ
757 3815 961 3887 τρίϐοις
992 3817 1118 3879 τοὺς
1141 3816 1440 3886 ἡμετέρους
1471 3817 1658 3880 πόδαςι

462 3907 913 3975 Θαυμὰστωσον
941 3907 1014 3962 τὰ
1045 3908 1187 3977 ὲλέη
1217 3925 1334 3962 σου
1367 3911 1400 3962 o'
1421 3907 1622 3968 σώζων
1641 3908 1784 3975 τοὺς
1805 3909 1978 3964 ἐλπι-

386 3997 600 4065 (artat;
646 4001 744 4054 ἐπὶ
779 3995 874 4050 σέ.
901 4000 1096 4066 Σώζων
1124 4003 1181 4055 δὲ
1215 4002 1430 4073 εἴρηται
1475 4002 1601 4065 τοὺς
1662 4002 1980 4067 ἐλπίζοντας

387 4091 471 4154 εἰς
504 4090 686 4155 αὑτὸν,
712 4092 772 4144 ού
813 4092 938 4156 τοὺς
984 4095 1048 4146 ἐκ
1078 4093 1393 4164 σπέρματος
1439 4091 1674 4164 Ἰσραὴλ,
1705 4093 1826 4146 οὐδὲ
1854 4095 1979 4158 τοὺς

390 4183 535 4235 κατὰ
564 4182 654 4236 τὸν
681 4166 851 4253 νόμον
874 4184 1150 4249 Μωῦσέως
1204 4184 1474 4254 βιοῦνταςο
1507 4185 1619 4238 ἀλλ’
1643 4183 1830 4255 ὥσπερ
1853 4203 1979 4240 και-

390 4272 488 4344 νὴν
517 4274 634 4328 ὁδὸν
663 4277 988 4348 εὑράμενος,
1021 4275 1210 4341 σώζων
1236 4277 1480 4346 ἀνεφάνη
1526 4278 1653 4340 τοὺς
1685 4281 1767 4341 εἰς
1815 4270 1977 4331 αὑτὸν

388 4365 712 4433 ἠλπικότας.
735 4367 914 4422 Μένει
943 4369 1074 4440 γάρ,
1106 4371 1268 4441 φησὶν
1305 4369 1333 4420 ὁ
1371 4367 1711 4433 Ἀπόστολος,
1748 4375 1974 4435 πίστις,

386 4457 587 4525 ἐλπὶς,
618 4460 839 4530 ἀγάπη·
874 4461 944 4515 τά
979 4463 1105 4534 τρια
1137 4464 1306 4517 ταῦτα
1333 4466 1768 4536 συμπέπλεκται,
1789 4464 1990 4536 ὥσπερ,

2087 1981 2170 2027 est
2216 1989 2312 2043 per
2355 1974 2820 2028 resurrectionem
2868 1987 3036 2040 quam
3081 1971 3344 2025 obtinuit.
3397 1969 3672 2036 Quoniam

2087 2079 2186 2118 ceu
2213 2080 2407 2119 aurum
2437 2065 2543 2134 igni
2571 2065 2830 2118 traditum
2855 2107 2868 2130 ,
2898 2063 3218 2133 splendidus
3242 2078 3522 2133 purusque
3547 2077 3670 2131 per-

2085 2158 2308 2210 mansit.
2340 2155 2502 2212 Solus
2528 2158 2673 2210 enim
2704 2173 2768 2211 ex
2800 2157 2867 2211 iis
2895 2160 2986 2225 qui
3015 2171 3044 2210 a
3069 2157 3270 2210 saeculo
3299 2155 3517 2211 fuerunt
3549 2171 3670 2225 pec-

2085 2260 2262 2302 catum
2297 2267 2400 2303 non
2451 2249 2611 2319 fecit,
2663 2266 2858 2320 neque,
2893 2249 3195 2304 secundum
3226 2249 3455 2315 Isaiam,
3490 2250 3670 2303 iuren-

2087 2350 2170 2394 tus
2195 2351 2274 2395 est
2297 2341 2450 2395 dolus
2483 2343 2536 2395 in
2571 2358 2659 2395 ore
2689 2343 2804 2411 ejus
2822 2341 2887 2396 “.

2157 2432 2324 2489 Vens.
2367 2434 2418 2488 4.
2469 2433 2535 2488 Ut
2570 2451 2674 2488 non
2715 2434 2965 2504 loquatur
3000 2451 3058 2488 os
3090 2451 3263 2488 meum
3299 2451 3458 2504 opera
3493 2433 3667 2490 Itami-

2087 2540 2246 2589 num,
2282 2535 2497 2592 propter
2531 2525 2688 2578 verba
2719 2523 2988 2576 Iabiorum
3023 2533 3234 2578 tuorum
3273 2540 3366 2593 ego
3408 2525 3669 2580 custodio!

2085 2619 2197 2673 uias
2251 2619 2436 2672 duras.
2494 2617 2856 2688 Symmachus
2903 2633 3029 2670 cum
3081 2617 3192 2670 ait:
3242 2615 3355 2687 Ego
3399 2617 3668 2674 observavi

2085 2713 2199 2766 uias
2257 2712 2734 2780 praevaricatoris,
2801 2710 2965 2762 aliam
3023 2709 3243 2779 praefert
3303 2711 3667 2775 sententiam,

2085 2806 2243 2874 quasi
2281 2805 2493 2860 scilicet
2529 2805 2575 2858 is
2610 2804 2704 2874 qui
2753 2803 3060 2858 orationem
3108 2804 3344 2867 emittit,
3396 2804 3466 2858 ab
3516 2805 3668 2858 omni

2085 2894 2307 2950 bomine
2342 2897 2765 2965 praevaricatore
2803 2893 3083 2960 declinet;
3121 2901 3288 2964 atque
3337 2908 3530 2952 omnes
3583 2902 3667 2947 ta-

2086 2984 2220 3039 lium
2272 2987 2518 3040 virorum
2571 2985 2832 3048 semitas,
2888 3000 3167 3055 pravaque
3219 3000 3420 3056 opera,
3475 2992 3667 3056 utpote

2085 3079 2224 3134 dura
2263 3087 2316 3132 et
2357 3094 2550 3150 aspera
2592 3087 2899 3134 aversetur.

2158 3171 2323 3224 Vens.
2356 3171 2409 3225 5.
2453 3169 2658 3240 Per/ica
2696 3186 2906 3240 gressus
2939 3185 3079 3222 meos
3109 3169 3164 3223 in
3203 3170 3406 3224 semitis
3451 3171 3577 3233 tuis,
3603 3178 3662 3224 ut

2085 3281 2186 3318 non
2220 3277 2528 3318 moveantur
2563 3264 2782 3333 vestigia
2817 3281 2950 3318 mea.
2989 3264 3278 3334 Exemplar
3309 3267 3469 3322 nobis
3513 3268 3666 3325 hisce

2084 3355 2268 3411 verbis
2312 3355 2565 3410 admovet
2601 3353 2890 3422 Salvator;
2932 3355 3319 3426 admonetque,
3349 3373 3473 3411 cum
3509 3367 3567 3413 ut
3597 3373 3668 3414 ne

2085 3452 2268 3506 animo
2305 3451 2640 3522 frangamur,
2685 3460 2802 3506 tum
2848 3467 2917 3506 ne
2945 3467 3203 3521 magnum
3235 3451 3303 3506 de
3333 3452 3492 3507 nobis
3526 3453 3663 3522 ipsis

2085 3544 2391 3613 sapiamus,
2423 3543 2694 3614 planeque
2735 3553 3076 3614 compertum
3109 3559 3175 3598 ac
3202 3559 3528 3614 persuasum
3564 3544 3670 3598 ha-

2084 3633 2334 3700 beamus,
2384 3650 2486 3690 nos
2515 3635 2704 3690 divino
2750 3650 2967 3705 semper
2997 3650 3158 3705 egere
3190 3636 3416 3700 auxilio,
3457 3643 3519 3689 ut
3552 3651 3665 3692 non

2081 3735 2410 3782 moveantur
2442 3727 2672 3797 vestigia
2702 3734 2915 3790 nostra,
2957 3734 3128 3796 utque
3158 3727 3325 3797 pedes
3355 3733 3576 3783 nostros
3603 3727 3662 3783 in

2081 3819 2292 3872 semitis
2324 3817 2445 3886 ejus
2477 3827 2627 3873 recte
2653 3832 3068 3887 componamus.

2153 3909 2318 3966 Vsus.
2354 3911 2404 3965 7.
2448 3909 2686 3978 Miriﬁca
2731 3911 3123 3964 misericordias
3173 3919 3314 3974 tuas,
3359 3911 3449 3982 qui
3486 3912 3661 3967 salvos

2083 4000 2217 4070 facis
2261 4009 2530 4068 sperantes
2568 4000 2623 4052 in
2653 4008 2720 4053 te.
2753 3997 2856 4064 Qui
2891 3999 3072 4054 salvos
3100 3997 3254 4064 facit,
3294 3999 3491 4070 inquit,
3537 4015 3664 4072 spe-

2081 4099 2268 4148 rantes
2296 4093 2350 4146 in
2395 4107 2477 4156 se,
2509 4107 2621 4146 non
2651 4106 2747 4146 eos
2776 4091 2872 4162 qui
2901 4105 2966 4146 ex
3007 4091 3218 4147 semine
3249 4089 3466 4146 lsraelis
3508 4103 3660 4158 sunt,

2079 4201 2260 4257 neque
2289 4201 2386 4241 eos
2411 4185 2502 4255 qui
2528 4184 2830 4240 secundum
2856 4183 3060 4256 Moysis
3084 4183 3256 4253 legem
3280 4184 3444 4240 vitam
3471 4193 3662 4256 agunt,

2081 4279 2198 4342 sed,
2237 4278 2394 4349 quasi
2437 4292 2580 4332 nova
2623 4283 2839 4348 reperta
2884 4276 2995 4343 via,
3048 4276 3278 4331 salutem
3313 4276 3665 4346 sperantibus

2081 4372 2136 4426 in
2163 4385 2222 4426 se
2251 4369 2505 4425 conferre
2529 4376 2844 4438 compertus
2882 4373 2986 4422 est.
3028 4365 3248 4422 Manent
3285 4368 3456 4434 enim,
3487 4369 3669 4438 inquit

2077 4463 2396 4533 Apostolus,
2421 4462 2574 4533 ﬁdes,
2609 4478 2748 4530 spes,
2781 4462 3015 4516 charitas
3048 4461 3092 4494 δ’
3125 4462 3267 4517 :tria
3292 4461 3520 4516 liaecceu
3545 4463 3670 4518 vin-

390 4547 483 4616 ὑφ’
522 4550 602 4602 ἐνί
620 4549 804 4622 δεσμῷ
833 4555 1259 4624 κατεσφιγμένα.
1291 4555 1383 4608 Διὸ
1420 4555 1518 4626 τὴν
1551 4555 1736 4635 πίστιν·
1786 4557 1851 4625 τῇ
1885 4554 1974 4606 ὲλ-

2084 4557 2206 4612 culo
2243 4558 2435 4612 eodem
2473 4556 2702 4611 astricta
2745 4561 3170 4610 connectuntur.
3212 4550 3561 4624 Quapropter
3602 4556 3666 4609 il-

392 4641 508 4693 πίδι
534 4642 795 4696 συνάπτει
817 4643 1008 4712 λέγων’
1045 4645 1218 4698 Ἔστι
1249 4643 1317 4697 δὲ
1342 4646 1546 4711 πίστις
1578 4642 1976 4712 ἐλπιζομένων

389 4733 730 4800 ὑπόστασις
753 4735 1128 4804 πραγμάτων,
1168 4735 1417 4805 ἐλεγχος
1465 4739 1538 4789 οὐ
1557 4733 1972 4803 βλεπομένων

386 4823 564 4878 ταῦτα
594 4827 640 4879 δ’
673 4827 732 4893 ἐξ
755 4827 976 4899 ἀγάπης
1002 4829 1102 4900 τῆς
1136 4829 1273 4898 πρὸς
1325 4830 1416 4882 τὸν
1453 4828 1584 4880 Θεὸν
1628 4828 1842 4896 φύεταν
1881 4827 1974 4880 καὶ

385 4915 455 4967 δι’
476 4915 655 4968 αὐτῶν
685 4917 848 4970 πάλιν
877 4919 910 4988 ἡ
937 4920 1017 4982 εἰς
1046 4917 1179 4971 Θεὸν
1208 4918 1398 4987 ἀγάπη
1446 4917 1792 4985 κρατύνεται.

472 5092 574 5150 Ἐκ
602 5095 722 5149 τῶν
755 5097 1213 5163 ἀνθεστηκότων
1239 5095 1313 5164 τῇ
1334 5095 1505 5162 δεξιᾷ
1537 5111 1654 5149 σου
1690 5095 1963 5164 φύλαξόν

380 5205 480 5258 με,
513 5190 709 5256 Κύριε,
739 5189 819 5253 ὡς
841 5190 1029 5257 κόρην
1072 5187 1402 5257 ὀφθαλμοῦ.
1446 5189 1550 5241 Ἐν
1604 5186 1801 5254 σκέπῃ
1854 5185 1971 5239 τῶν

388 5283 698 5350 πτερύγων
752 5299 868 5336 σου
942 5280 1275 5346 σκεπάσεις
1329 5299 1406 5350 με
1465 5280 1586 5334 ἀπὸ
1644 5278 1968 5348 προσώπου

384 5375 624 5429 ἀσεϐῶν
655 5373 776 5428 τῶν
816 5372 1404 5442 ταλαιπωρησάντων
1429 5390 1527 5443 με.
1590 5373 1700 5425 Καὶ
1731 5373 1837 5435 πᾶς
1876 5373 1972 5442 μὲν

384 5467 596 5528 δίκαιος
620 5467 1056 5538 προσευχόμενος
1110 5465 1306 5518 δείσθω
1356 5465 1450 5520 τοῦ
1511 5464 1669 5528 Θεοῦ,
1710 5466 1808 5536 τῆς
1845 5464 1970 5534 παρ’

382 5557 551 5611 αὑτοῦ
575 5557 965 5624 καταξιούσθαι
1016 5559 1282 5629 φυλακῆς·
1322 5557 1602 5629 ὁμολογῶν
1660 5557 1734 5628 μὴ
1791 5556 1974 5619 ἱκανὸς

383 5646 524 5706 εἶναι
559 5650 730 5720 φύλαξ
758 5651 918 5712 αὐτὸς
941 5647 1132 5704 ἑαυτοῦ
1155 5650 1401 5718 γίνεσθαι
1421 5650 1511 5704 διὰ
1539 5650 1600 5702 τὸ
1634 5647 1834 5719 πλῆθος
1866 5648 1972 5700 τῶν

458 5831 500 5874 ³³
539 5828 644 5891 isa.
671 5845 787 5898 Lm,
819 5829 916 5899 l9;
961 5828 978 5882 l
1011 5829 1157 5886 Petr.
1201 5847 1260 5898 tt,
1286 5830 1374 5886 ἓξ).
1450 5831 1494 5864 δ’
1529 5830 1550 5884 l
1583 5829 1708 5887 Cor.
1732 5844 1854 5896 χιιι,
1890 5831 1973 5884 15.

2080 4645 2202 4700 dem
2223 4646 2338 4716 spei
2367 4647 2620 4715 copulat,
2649 4646 2778 4700 dum
2807 4646 2883 4698 ait
2914 4662 2928 4697 :
2953 4643 3050 4698 Est
3081 4655 3256 4699 autem
3283 4645 3414 4714 ﬁdes
3443 4664 3667 4717 speran-

2082 4739 2275 4792 darum
2309 4737 2606 4792 substantia
2630 4755 2827 4802 rerum,
2861 4749 3224 4809 argumentum
3255 4755 3358 4791 non
3397 4755 3663 4807 apparen-

2081 4831 2215 4882 tium
2249 4830 2316 4883 ⁸ο.
2350 4827 2475 4883 Haec
2515 4843 2682 4898 porro
2721 4844 2789 4884 ex
2837 4843 2947 4882 una
2994 4843 3122 4899 erga
3168 4827 3338 4882 Deum
3393 4829 3663 4884 charitate

2084 4920 2374 4986 oriuntur;
2414 4921 2593 4990 iisque
2623 4920 2867 4976 vicissim
2903 4921 3146 4975 charitas
3186 4933 3317 4988 erga
3350 4916 3523 4974 Deum
3570 4935 3661 4974 ro-

2080 5013 2328 5068 boratur.
3680 5006 3692 5025 ’

2153 5102 2320 5159 Vsus.
2361 5104 2415 5168 8,
2452 5103 2506 5159 9.
2547 5105 2589 5157 A
2625 5104 2986 5159 resistentibus
3033 5103 3262 5155 dextera:
3301 5111 3407 5156 tute
3451 5104 3660 5158 custodi

2079 5210 2182 5257 me,
2209 5193 2452 5258 Domine,
2489 5204 2548 5248 ut
2586 5195 2841 5264 pupillam
2873 5193 3033 5245 oculi.
3071 5189 3177 5244 Sub
3213 5190 3402 5244 umbra
3448 5191 3662 5246 alarum

2077 5293 2288 5336 tuarum
2331 5293 2567 5354 protegas
2616 5299 2717 5346 me,
2764 5299 2797 5335 a
2833 5281 2970 5351 [acie
3007 5281 3289 5350 impiorum
3326 5280 3416 5350 qui
3451 5297 3531 5335 me
3575 5284 3662 5351 af-

2075 5374 2350 5443 ﬂixerunt.
2383 5373 2573 5429 Justus
2605 5373 2858 5443 quilibet,
2894 5387 3018 5425 cum
3054 5377 3330 5440 precatur,
3361 5384 3392 5423 a
3422 5369 3534 5425 Deo
3563 5373 3660 5426 ob-

2076 5467 2205 5522 nixe
2238 5467 2477 5536 postulet
2513 5466 2591 5521 uti
2623 5483 2681 5522 se
2726 5465 2979 5520 custodia
3018 5480 3118 5519 sua
3151 5463 3447 5534 dignetur;
3480 5463 3657 5520 fatea-

2077 5569 2277 5630 turque
2311 5575 2391 5620 se.
2426 5576 2538 5630 prae
2566 5557 3010 5615 adversariorum
3038 5556 3412 5621 multitudine,
3451 5556 3519 5611 ad
3555 5572 3654 5610 cuv

2079 5647 2313 5702 stodiam
2365 5647 2452 5700 sui
2487 5645 2708 5702 minime
2742 5643 2998 5700 idoneum
3025 5659 3191 5702 esse:
3228 5651 3383 5717 roget
3416 5645 3545 5702 item
3579 5642 3654 5698 uti

2051 5829 2095 5861 ⁵ο
2129 5825 2294 5886 Hebr.
2326 5841 2402 5894 ιι,
2445 5827 2490 5884 Ι.
