4094 6378
402 432 512 492 1(ῖὸ

1101 418 1369 477 EUSEBII
1410 407 1892 472 CAESARIENSIS
1929 403 2082 464 OPP.
2125 397 2306 456 PARS
2344 395 2413 452 lll
2439 438 2451 450 .
2493 424 2563 434 --
2602 390 3012 449 EXEGETICA.

3582 384 3685 438 164

404 548 552 604 Deus
582 560 641 601 se
673 542 947 599 custodiat
976 541 1135 611 quasi
1168 537 1429 608 pupillam
1463 534 1646 599 oculi;
1678 546 1807 586 cum
1841 526 1995 583 scili-

2116 516 2509 586 ἱνθεστηκότων
2544 514 2712 586 αὐτῷ·
2756 507 3093 588 φυλαχθῆναί
3142 522 3203 558 τε
3258 502 3470 567 ἑαυτὸν,
3500 501 3688 574 ὥσπερ

2191 609 2198 611 Α
2291 608 2299 611 _
2448 607 2460 611 Α
2516 606 2532 611 _
2580 604 2594 611 -
2690 602 2717 611 ..ο
3006 598 3022 611 α
3076 598 3088 611 ο
3128 610 3132 611 ,
3232 597 3245 609 ο
3301 594 3326 606 Δ’⁸
3408 610 3423 611 7
3465 593 3477 609 ι
3566 592 3601 611 3.,
3628 590 3653 611 It

406 649 494 696 cet
529 639 714 694 videat
758 636 1014 690 inimicos
1047 632 1284 687 dexterae
1314 628 1417 695 Dei,
1441 626 1796 686 obsistentes,
1828 623 1987 676 item-

403 750 512 804 que
542 730 887 787 adversarios
918 727 1116 783 anima:
1154 738 1270 780 sua:
1301 721 1463 776 oculo
1509 718 1742 774 insidias
1777 724 1986 772 struen-

403 833 513 889 tes,
556 823 771 893 sibique
822 819 1125 874 caecitatem
1180 815 1385 869 inferre
1434 811 1741 880 cupientes.
1783 805 1987 861 Verum

406 916 537 986 quia
586 914 884 983 impiorum
934 909 1076 964 bene
1128 906 1287 962 multi
1337 903 1705 958 calamitatem
1749 899 1854 968 ipsi
1899 896 1987 949 in—

406 1010 552 1066 ferre
581 1022 647 1062 ac
684 1006 738 1059 in
773 1017 1046 1059 aarumnas
1068 1001 1247 1070 ipsum
1270 996 1547 1065 conjicere
1578 992 1820 1054 student,
1862 989 1994 1043 tela-

410 1120 517 1174 que
564 1103 618 1157 in
660 1102 840 1171 ipsum
889 1099 1183 1162 emittunt;
1238 1094 1342 1150 sub
1396 1094 1513 1146 alas
1557 1088 1650 1145 Dei
1685 1085 1988 1155 confugiat,

406 1196 757 1267 postuletque
787 1192 908 1262 ejus
950 1208 1011 1246 se
1040 1188 1385 1260 preteetione
1419 1183 1643 1239 muniri.
1678 1179 1786 1235 Sed
1824 1178 1992 1234 etiam

410 1289 528 1359 ipse
557 1283 810 1340 Salvator
841 1296 942 1354 pro
983 1279 1231 1335 Ecclesia
1275 1292 1394 1342 sua,
1430 1288 1552 1345 qua:
1599 1286 1763 1328 suum
1790 1283 1994 1338 corpus

409 1386 515 1444 est,
546 1376 765 1434 easdem
798 1376 867 1430 ad
896 1374 1117 1429 Patrem
1163 1385 1327 1428 suum
1356 1366 1645 1423 emittebat
1672 1377 1858 1417 voces.
1890 1359 1994 1415 Per

411 1473 529 1527 alas
558 1479 747 1537 autem,
769 1468 997 1523 virtutes
1020 1462 1379 1537 providentiae
1408 1458 1556 1513 illius
1590 1455 1886 1525 intelligas.

486 1746 655 1801 Vsus.
726 1742 920 1798 10-12.
990 1739 1202 1793 Inimici
1256 1737 1359 1792 mei
1416 1735 1651 1789 animam
1691 1748 1862 1786 meam
1902 1732 2002 1786 cit»

417 1839 818 1901 cumdederunt,
865 1835 1073 1902 adipem
1101 1848 1256 1887 suum
1287 1829 1677 1890 concluserunt,
1720 1841 1778 1879 os
1823 1840 2004 1879 eorum
2050 1858 2053 1862 -

2092 609 2216 664 τινὰ
2238 608 2410 680 κόρην
2438 602 2719 675 ὀφθαλμοῦ
2779 594 3367 680 παρακαλείτωξὸρῶν
3399 593 3525 657 τοὺς
3559 590 3688 645 ἀνθ-

2100 677 2406 773 εστηκότας
2437 700 2503 769 τῇ
2536 695 2689 767 δεξιᾷ
2713 693 2809 748 τοῦ
2855 689 2990 745 Θεοῦ
3024 677 3250 761 ἐχθρούς
3267 702 3441 750 τινας,
3469 684 3564 738 καὶ⁹
3594 699 3691 736 πο-

2094 793 2313 866 λεμίους
2345 789 2425 862 τῷ
2451 791 2552 861 τῆς
2578 787 2758 860 ψυχῆς
2781 785 2945 840 αὐτοῦ
2995 778 3256 852 ὀφθαλμῷ
3310 774 3690 832 ἐπιϐουλεύον-

2095 863 2215 947 τας,
2248 881 2343 935 καὶ
2370 878 2651 950 τυφλῶσαι
2704 875 2866 929 αὐτὸν
2919 873 3191 935 θέλοντας.
3235 868 3395 922 Ἀλλὰ
3427 867 3523 922 καὶ
3557 863 3688 919 πολ-

2096 974 2204 1028 λῶν
2227 973 2395 1027 ὄντων
2418 969 2631 1026 ἀσεϐῶν
2673 966 2783 1023 τῶν
2838 963 3352 1035 ταλαιπωριξόντων
3384 960 3546 1014 αὑτὸν
3587 958 3688 1030 (1),

2097 1066 2345 1120 τουτέστι
2373 1060 2719 1135 ταλαίπωρον
2768 1060 2931 1115 αὐτὸν
2986 1050 3418 1127 ἀποφαινόντων,
3474 1052 3605 1124 βέλη
3630 1068 3691 1106 τε

2100 1162 2220 1216 κατ’
2252 1156 2416 1213 αὐτοῦ
2448 1157 2797 1229 πεμπόντων,
2824 1153 2945 1229 ὑπὸ,
2966 1152 3065 1216 τὰς
3112 1151 3388 1222 πτέρυγας
3422 1144 3693 1215 καταφεύ-

2102 1271 2213 1324 γων
2249 1251 2344 1305 τοῦ
2377 1249 2534 1314 Θεοῦ,
2572 1248 2781 1320 σκέπης
2803 1247 2902 1318 τῆς
2932 1247 3022 1299 ὑπ’
3053 1242 3201 1314 αὑτῷ
3225 1244 3407 1313 τυχεῖν
3440 1240 3688 1307 ἀξιούτω.
3734 1280 3740 1291 .

2115 1346 2275 1399 Ἀλλὰ
2308 1345 2402 1399 καὶ
2432 1346 2461 1397 ὁ
2501 1343 2695 1413 Σωτὴρ
2752 1340 2893 1411 ὑπὲρ
2954 1338 3054 1409 τῆς
3107 1334 3272 1390 αὑτοῦ
3344 1332 3689 1404 Ἐκκλησίας,

2102 1434 2225 1507 ἣτις
2258 1433 2405 1488 ἐστὶν
2436 1433 2602 1488 αὐτοῦ
2633 1431 2815 1502 σῶμα,
2842 1431 3047 1493 ταύτας
3080 1427 3369 1497 ἀνέπεμπε
3401 1424 3540 1495 πρὸς
3601 1422 3691 1475 τὸν

2105 1529 2326 1600 Πατέρα
2353 1526 2451 1590 τὰς
2473 1524 2678 1595 φωνάς.
2733 1524 3018 1594 Πτέρυγας
3065 1520 3123 1574 δὲ
3184 1519 3400 1589 νοήσεις
3438 1516 3539 1581 τὰς
3594 1514 3693 1600 τῆς

2106 1589 2364 1697 προνοίας
2397 1589 2562 1672 αῦτοῦ
2607 1589 2885 1686 δυνάμεις.
2930 1589 2937 1591 ν
3655 1589 3665 1602 ’

2184 1740 2249 1790 Οἱ
2272 1734 2476 1805 ἐχθροί
2497 1750 2618 1803 μου
2653 1731 2770 1799 τὴν
2823 1727 3043 1799 ψυχήν
3085 1745 3206 1798 μου
3254 1725 3600 1796 περιέσχον,
3626 1724 3694 1779 τὸ

2110 1829 2295 1897 στέαρ
2341 1825 2542 1881 αὐτῶν
2606 1822 3042 1888 συνέκλεισαν,
3106 1820 3173 1874 τὸ
3234 1820 3431 1888 στόμα
3497 1817 3698 1874 αὐτῶν

418 1934 649 1988 locutum
673 1938 753 1985 est
783 1927 1103 1996 superbiam.
1133 1923 1481 1992 Projicientes
1508 1936 1590 1972 me
1619 1934 1756 1971 nunc
1779 1917 2003 1970 circum-

2116 1921 2412 1990 ἐλάλησεν
2437 1917 2877 1987 ὑπερηφανίαν.
2948 1910 3384 1977 Ἐκϐάλλοντές
3442 1928 3521 1981 με
3556 1910 3695 1965 νυνὶ

416 2021 672 2077 dederunt
698 2033 814 2073 me:
837 2016 1015 2071 oculos
1043 2031 1168 2071 suos
1195 2019 1495 2066 statuerunt
1523 2009 1790 2063 declinare
1816 2008 1869 2061 in
1897 2016 2004 2059 ter-

418 2132 558 2171 ram.
592 2112 944 2172 Susceperunt
980 2122 1059 2161 me
1089 2106 1225 2159 sicut
1258 2103 1336 2156 leo
1361 2110 1593 2174 paratus
1641 2098 1709 2153 ad
1742 2097 2001 2166 prwdam,

418 2214 470 2260 et
501 2206 636 2259 sicut
668 2202 878 2255 catulus
908 2197 1071 2251 leonis
1095 2194 1343 2248 habitans
1372 2194 1430 2246 in
1462 2191 1679 2247 abditis.
1710 2188 1887 2259 Hujus
1917 2204 2009 2242 au-

420 2311 531 2356 tem
576 2299 716 2358 loco,
761 2292 1115 2362 Projicientes
1164 2304 1245 2341 me
1295 2283 1752 2347 circumdederunt
1799 2299 1900 2345 me,
1933 2281 2008 2334 ita

426 2389 789 2465 Symmachus
814 2387 1206 2454 interpretatur
1231 2400 1243 2433 :
1269 2379 1495 2434 Beatum
1523 2376 1872 2446 praedicantes
1904 2388 2006 2436 me,

425 2483 611 2539 statim
648 2473 1105 2533 circumdederunt
1153 2486 1256 2533 me,
1293 2476 1348 2523 et
1376 2468 1590 2532 oculos,
1640 2465 1839 2535 inquit,
1877 2477 2009 2517 suos

428 2577 732 2646 posuerunt
781 2572 978 2622 contra
1027 2569 1246 2627 me,.ut
1299 2560 1579 2615 declinare
1629 2572 1715 2611 me
1746 2556 2006 2609 facerent.

428 2667 567 2724 Nam
599 2665 655 2721 id
677 2662 1016 2733 satagebant,
1046 2666 1108 2711 ut
1136 2671 1225 2710 me
1258 2670 1288 2708 a
1311 2660 1459 2709 statu
1487 2652 1580 2706 illo
1627 2658 1682 2705 et
1707 2665 1737 2703 a
1764 2649 2013 2719 profectu

438 2757 743 2818 secundum
772 2752 944 2807 Deum
983 2749 1280 2803 avellerent
1305 2756 1358 2800 et
1391 2748 1724 2806 amoverent,
1756 2740 2014 2796 adversa-

433 2855 578 2909 rium
619 2856 868 2904 nostrum
904 2841 1183 2899 diabolum
1223 2835 1487 2901 aemulati,
1519 2835 1610 2906 qui
1640 2844 1894 2905 tanquam
1935 2833 2013 2888 leo

434 2936 646 3005 rugiens
670 2934 856 2987 circuit
879 2947 1114 3003 quaerens
1143 2944 1295 3003 quem
1322 2931 1527 2984 devoret
1553 2930 1619 2983 “.
1642 2930 1708 2984 Et
1737 2946 1817 2983 me
1838 2930 2013 2998 ipsum

436 3034 779 3094 susceperunt
820 3025 959 3079 sicut
1004 3023 1085 3078 leo
1116 3032 1339 3094 paratus
1391 3029 1461 3076 ad
1505 3022 1763 3090 praedam,
1792 3030 1842 3074 et
1874 3022 2013 3075 sicut

437 3118 646 3174 catulus
678 3117 842 3172 leonis
879 3115 1125 3170 habitans
1170 3116 1226 3169 in
1254 3114 1471 3168 abditis.
1497 3111 1684 3182 Neque
1719 3114 1863 3167 enim
1897 3113 2013 3168 haec

436 3210 877 3265 machinamenta
901 3209 1078 3280 palam
1104 3207 1393 3263 adversum
1420 3221 1508 3261 me
1533 3204 1842 3261 conﬂabant
1874 3225 1888 3260 :
1916 3205 2011 3261 sed

432 3307 679 3361 occultas
711 3304 937 3360 insidias
965 3304 1249 3374 parabant.

508 3413 676 3468 Vsus.
720 3412 809 3475 15,
868 3410 953 3465 ii.
998 3408 1256 3478 Exsurge,
1283 3404 1531 3473 Domine,
1569 3408 1799 3477 prteveni
1833 3423 1920 3462 eos
1969 3414 2020 3461 et

438 3506 725 3576 supplanta
757 3518 887 3558 eos:
934 3487 1075 3571 eripe
1107 3501 1345 3554 animam
1374 3515 1546 3554 meam
1579 3498 1646 3553 ab
1679 3500 1866 3569 impio,
1902 3499 2020 3568 fra-

440 3613 612 3652 meam
633 3605 781 3649 tuam
822 3592 888 3646 ab
917 3590 1147 3645 inimicis
1175 3605 1365 3643 manus
1403 3596 1528 3644 tute.
1556 3587 1802 3653 Domine,
1827 3604 1860 3640 a
1888 3602 2024 3654 pau-

441 3690 518 3743 ci's
543 3688 605 3741 de
638 3696 778 3741 terra
804 3681 976 3737 divide
999 3696 1087 3735 eos
1116 3680 1172 3733 in
1205 3680 1313 3734 vita
1351 3692 1567 3742 eorum;
1602 3677 1666 3730 de
1696 3675 2023 3751 absconditis

442 3779 550 3833 tuis
575 3776 890 3845 adimpletus
917 3782 993 3829 est
1017 3780 1193 3827 uenter
1222 3786 1425 3825 eorum.
1452 3768 1699 3824 Saturati
1722 3779 1847 3824 sunt
1870 3769 2022 3837 ﬁliis,

441 3880 493 3926 et
529 3869 845 3924 dimiserunt
899 3866 1152 3937 reliquias
1205 3880 1332 3919 suas
1384 3861 1618 3931 paruulis
1669 3863 1799 3916 suis.
1863 3860 1919 3914 In
1961 3874 2026 3914 ea

443 3977 668 4034 quoque
717 3976 776 4015 re
808 3957 1015 4029 aliquid
1047 3957 1264 4027 capiam
1311 3955 1588 4011 utilitatis.
1623 3953 1728 4008 Sed
1761 3952 2027 4007 frameam

446 4063 625 4118 tuam,
662 4052 862 4120 inquit,
918 4049 1122 4118 eripias
1164 4047 1234 4102 de
1266 4061 1432 4100 manu
1479 4045 1869 4110 inimicorum;
1899 4056 2029 4098 nam

446 4144 802 4202 metuendum
850 4142 986 4195 alias
1019 4146 1187 4206 esset,
1239 4152 1309 4192 ne
1343 4136 1606 4192 frameam
1660 4136 1809 4189 illam
1855 4142 2027 4200 tuam,

447 4239 539 4294 cui
572 4253 673 4309 ego
706 4233 948 4291 conﬁsus
987 4229 1333 4286 adversarios
1363 4243 1642 4300 oppugno,
1673 4242 1703 4282 e
1726 4241 1891 4280 manu
1921 4230 2031 4281 eri-

449 4328 604 4400 piant
635 4339 776 4389 mea,
826 4319 1151 4391 meque'sic
1180 4328 1523 4374 exarmatum
1557 4317 1747 4372 eadem
1775 4317 1897 4385 ipsa
1929 4315 2033 4370 fra-

450 4434 574 4476 mea
610 4417 951 4473 adoriantur.
997 4412 1185 4468 Fuerit
1218 4419 1399 4466 autem
1441 4411 1545 4466 .illa
1588 4427 1759 4465 sermo
1786 4409 1885 4465 Dei
1924 4410 2034 4480 elﬁ-

449 4525 553 4567 caa;
582 4517 633 4564 et
674 4504 1055 4577 penetrabilior
1093 4503 1237 4556 omni
1260 4500 1441 4572 gladio
1462 4503 1681 4570 ancipiti
1702 4502 1769 4561 ⁸³.
1791 4502 1884 4571 qui
1909 4501 2031 4555 ani-

448 4616 572 4666 mae,
608 4598 830 4654 framea:
848 4596 990 4661 loco,
1027 4593 1093 4649 ad
1129 4592 1528 4663 propulsandos
1573 4592 1826 4647 inimicos
1861 4591 2033 4645 tradi-

2107 2013 2603 2087 περιεκύκλωσάν
2624 2030 2721 2083 με·
2738 2011 2882 2078 τοὺς
2903 2009 3250 2080 ὀφθαλμοὺς
3270 2007 3467 2062 αὐτῶν
3492 2007 3697 2064 ἔθεντο

2106 2109 2378 2165 ἐκκλῖναι
2408 2107 2479 2160 ἐν
2506 2104 2582 2175 τῇ
2613 2105 2711 2175 τῇ.
2750 2102 3089 2157 ’Υπέλαϐόν
3112 2119 3187 2171 με
3220 2101 3363 2154 ὡσεὶ
3382 2099 3539 2154 λέων
3556 2100 3698 2154 ἑτοια
3748 2146 3755 2153 .

2102 2221 2217 2272 μος
2245 2203 2332 2267 εὶς
2366 2199 2579 2267 θήραν,
2616 2197 2715 2250 καὶ
2740 2195 2885 2249 ὡσεὶ
2937 2196 3212 2263 σκύμνος
3240 2191 3421 2246 οἰκῶν
3447 2193 3517 2246 ἐν
3552 2192 3697 2247 ἀπο-

2108 2296 2376 2362 κρύφοις.
2415 2291 2561 2343 Ἀντὶ
2580 2289 2639 2342 δὲ
2694 2286 2810 2353 τοῦ,
2855 2284 3289 2351 Ἐκϐἀλλοντές
3316 2302 3395 2354 με
3421 2285 3698 2352 περιεκύ-

2110 2382 2358 2439 κλωσάν
2379 2399 2478 2453 με,
2511 2382 2540 2434 ὁ
2571 2380 2865 2452 Σύμμαχος
2902 2378 3076 2442 οὕτως
3119 2379 3456 2450 ἡρμήνευσε·
3497 2381 3702 2431 Μακα-

2107 2475 2371 2547 ρίζοντές
2424 2491 2503 2544 με
2558 2471 2923 2542 παραχρῆμα
2981 2472 3418 2539 περιεκύκλουν
3465 2486 3561 2539 με,
3606 2469 3702 2522 καὶ

2111 2572 2238 2632 τοὺς
2260 2568 2573 2638 ὀφθαλμοὺς
2601 2565 2657 2619 δὲ
2690 2564 2895 2628 αὐτῶν,
2955 2561 3143 2634 φησὶν,
3202 2561 3386 2615 ἔθεντο
3411 2563 3529 2616 κατ’
3565 2560 3700 2632 ἐμοῦ

2113 2661 2207 2715 τοῦ
2238 2658 2568 2732 παρακλῖναί
2595 2675 2682 2730 με.
2708 2656 3128 2729 Παρασαλεῦσαι
3158 2655 3267 2726 γάρ
3299 2672 3365 2727 με
3396 2654 3491 2709 καὶ
3514 2655 3704 2707 ἀποκι-

2114 2754 2276 2824 νῆσαι
2300 2752 2401 2821 τῆς
2463 2752 2706 2814 στάσεως
2759 2750 2854 2804 καὶ
2903 2750 3004 2819 τῆς
3052 2747 3194 2802 κατά
3237 2747 3370 2801 Θεὸν
3423 2747 3706 2819 προκοπῆς

2116 2844 2465 2909 ἐσπούδαζον·
2501 2844 2827 2915 μιμούμενοι
2875 2840 2968 2895 τὸν
3000 2840 3270 2896 ἀντίδικον
3318 2840 3473 2911 ἡμῶν
3528 2838 3708 2894 διάϐο-

2116 2936 2228 3001 λον,
2265 2935 2336 3002 ὃς
2371 2936 2453 3002 ὡς
2478 2937 2637 2990 λέων
2661 2934 3009 3003 ἀρυόμενος
3032 2932 3344 3000 περιπατεῖ
3359 2931 3546 3001 ζητῶν
3572 2932 3708 2985 τίνα

2117 3026 2404 3094 καταπίῃ.
2447 3023 2770 3079 Ὑπέλαὸόν
2795 3038 2872 3091 με
2905 3024 3001 3078 καὶ
3048 3024 3211 3078 αὐτὸν
3270 3024 3350 3089 ὡς
3375 3022 3534 3077 λέων
3560 3022 3711 3077 Eros

2114 3135 2229 3188 μος
2250 3119 2339 3183 εἰς
2377 3115 2589 3185 θήραν,
2614 3115 2714 3169 καὶ
2742 3116 2825 3181 ὡς
2851 3115 3122 3185 σκύμνος
3164 3112 3342 3188 οἰκῶν
3360 3114 3430 3167 ἐν
3458 3112 3712 3182 ἀποκρύ-

2122 3228 2279 3280 ςροις.
2306 3207 2442 3262 Οὐδὲ
2463 3208 2571 3280 γὰρ
2609 3209 2675 3261 ἐκ
2697 3206 2792 3260 τοῦ
2822 3206 3130 3279 προφανοῦς
3156 3205 3436 3265 ἐποιοῦντο
3466 3205 3565 3277 τὴν
3589 3206 3708 3260 κατ’

2041 3305 2086 3361 C
2119 3299 2254 3371 ἐμοῦ
2290 3299 2582 3370 συσκευὴν,
2607 3297 2745 3353 ἀλλά
2768 3297 3043 3370 λαθραίως
3062 3297 3456 3371 ἐνεδρεύοντες.

2206 3411 2550 3481 Ἀνάστηθι,
2570 3412 2774 3481 Κύριε,
2800 3412 3156 3481 πρόφθασον
3182 3411 3404 3478 αὐτοὺς
3433 3411 3532 3466 καὶ
3562 3413 3712 3467 ὐπο-

2124 3504 2420 3561 σκέλισον
2441 3506 2682 3572 αὐτούς·
2699 3505 2887 3573 ῥῦσαι
2913 3504 3028 3573 τὴν
3053 3503 3260 3575 ψυχήν
3292 3522 3405 3573 μου
3431 3504 3549 3559 ἀπὸ
3572 3507 3715 3559 ἀσε-

2126 3594 2288 3660 ϐοῦς,
2315 3596 2623 3664 ῥομφαίαν
2664 3610 2781 3649 σου
2808 3595 2929 3650 ἀπὸ
2961 3594 3191 3665 ἐχθρῶν
3213 3595 3323 3664 τῆς
3358 3596 3553 3664 χειρός
3573 3612 3710 3651 σου.

2126 3686 2326 3754 Κύριε,
2367 3682 2489 3741 ἀπὸ
2528 3687 2751 3756 ὀλίγων
2786 3686 2907 3741 ἀπὸ
2952 3686 3066 3757 γῆς
3102 3686 3452 3756 διαμέρισον
3492 3687 3716 3753 αὐτοὺς

2126 3778 2196 3832 ἐν
2241 3777 2319 3847 τῇ
2375 3778 2492 3849 ζωῇ
2538 3779 2758 3845 αὐτῶν,
2814 3781 2914 3834 καὶ
2962 3780 3083 3834 τῶν
3134 3780 3559 3850 κεκρυμμένων
3599 3798 3717 3835 σου

2079 3938 2087 3946 ί
2127 3868 2406 3939 ἐπλήσθη
2434 3873 2471 3940 ἡ
2498 3870 2731 3941 γαστὴρ
2762 3871 2983 3926 αὐτῶν.
3032 3872 3525 3942 Ἐχορτάσθησαν
3548 3871 3715 3936 υἱῶν,

2128 3963 2229 4016 καὶ
2271 3961 2518 4031 ἀφῆκαν
2545 3963 2618 4017 τὰ
2651 3964 2989 4019 κατάλοιπα
3035 3964 3162 4032 τοῖς
3215 3966 3460 4034 νηπίοις
3496 3963 3715 4019 αὐτῶν.

2129 4053 2240 4107 Kal
2271 4053 2415 4108 κατὰ
2447 4052 2605 4107 τοῦτο
2629 4054 2992 4128 ὠφεληθείην·
3023 4056 3161 4111 ἀλλά
3194 4056 3291 4111 καὶ
3320 4055 3419 4129 τὴν
3444 4056 3711 4129 ῥομφαίαι

2133 4161 2250 4210 σου,
2276 4146 2430 4218 φησι,
2463 4144 2624 4217 ῥῦσαι
2652 4146 2760 4202 ἀπὸ
2787 4148 2888 4220 τῆς
2944 4149 3128 4221 χειρὸς
3183 4149 3291 4203 τῶν
3345 4149 3575 4221 ἐχθρῶν·
3601 4149 3719 4212 δέος

2131 4235 2243 4315 γὰρ
2273 4238 2482 4308 μήποτε
2535 4238 2633 4311 τὴν
2667 4240 2766 4312 σὴν
2799 4242 3093 4313 ῥομφαίαν,
3127 4235 3161 4316 ᾖ
3199 4241 3474 4305 πεποιθὼς
3498 4240 3607 4312 ἐγὼ
3629 4240 3721 4294 κέσ-

2132 4342 2344 4401 χρημαι
2382 4332 2503 4384 κατ’
2530 4331 2733 4395 αὐτῶν,
2758 4333 2861 4404 τῆς
2889 4335 3030 4406 ἐμῆς
3063 4335 3246 4405 χειρὸς
3296 4334 3644 4405 ἁρπάσαντες
3670 4333 3720 4387 οι

2134 4421 2403 4493 πολέμιοι,
2444 4423 2540 4477 καὶ
2600 4424 2925 4496 ἀφελόμενοί
2991 4443 3091 4497 μου
3151 4425 3351 4498 αὐτὴν,
3408 4425 3720 4497 χρήσωνται

2135 4513 2272 4585 αὐτῇ
2308 4517 2429 4568 κατ’
2462 4515 2620 4587 ἐμοῦ.
2653 4518 2754 4588 Ετη
2782 4517 2827 4570 δ’
2858 4518 2925 4572 ἂν
2950 4518 2978 4571 ὁ
3011 4517 3104 4572 τοῦ
3137 4517 3272 4571 Θεοῦ
3305 4517 3463 4587 λόγος
3513 4517 3542 4570 ὁ
3571 4518 3724 4588 ἐνερ-

2135 4605 2240 4677 γὴς
2273 4606 2367 4660 καὶ
2396 4606 2702 4680 τομώτερος
2735 4609 2873 4681 ὑπὲρ
2900 4612 3078 4664 πᾶσαν
3132 4610 3403 4682 μάχαιραν
3447 4606 3743 4679 δίστομον,’

449 4700 542 4747 tus
584 4697 690 4747 est.
730 4687 889 4755 Quod
932 4700 1075 4755 saepe
1103 4683 1392 4754 contingit,
1428 4682 1649 4753 quando
1693 4682 1899 4737 inimici
1929 4680 2015 4738 Dei

2131 4697 2160 4749 ὁ
2191 4698 2257 4767 τῇ
2284 4696 2428 4768 ψυχῇ
2455 4697 2739 4770 δεδομένος
2765 4680 2883 4754 ἀντὶ
2906 4680 3183 4773 ῥομφαίας
3202 4680 3340 4772 πρὸς
3372 4700 3584 4769 ἄμυναν
3614 4697 3723 4752 τῶν

448 4790 759 4849 divinarum
811 4785 1225 4856 Scripturarum
1279 4783 1447 4845 dicta,
1504 4782 1719 4837 detorta
1761 4789 1925 4852 atque
1970 4783 2026 4837 in

452 4894 678 4951 pravam
704 4876 1033 4933 sententiam
1059 4886 1347 4935 conversa,
1374 4872 1805 4943 simplicioribus
1829 4873 2030 4929 animis

452 4970 756 5039 objiciunt,
811 4983 1018 5038 eosque
1065 4966 1139 5019 ita
1187 4965 1483 5021 debellant.
1545 4964 1672 5021 Haec
1724 4981 1892 5022 causa
1946 4974 2032 5023 est

455 5059 604 5130 quod
642 5061 761 5131 ipse
795 5064 1071 5131 precetur,
1121 5063 1184 5110 ut
1236 5055 1443 5111 framea
1494 5055 1589 5112 Dei
1643 5058 1912 5128 eripiatur
1961 5060 2032 5114 ab

455 5152 692 5208 mimicis
721 5149 838 5214 Dei,
859 5158 914 5204 et
943 5166 975 5202 a
1000 5148 1182 5218 paucis
1206 5146 1270 5202 de
1298 5155 1462 5213 terra,
1497 5147 1658 5218 cujus
1693 5149 1813 5205 loco
1834 5151 2032 5221 Aquila

456 5242 646 5308 edidit,
674 5258 708 5296 a
734 5241 958 5296 mortuis
987 5255 1052 5295 ex
1081 5240 1443 5302 immersione,
1487 5237 1857 5317 Symmachus
1874 5258 2029 5309 vero,

459 5349 492 5387 ι
536 5333 758 5387 mortuis
805 5329 870 5385 ab
914 5332 981 5384 iis
1033 5330 1124 5401 qui
1157 5327 1480 5384 occiderunt.
1529 5327 1666 5385 Nam
1698 5332 1920 5389 liberari
1971 5348 2032 5390 se

529 5533 790 5591 "lPetr.
828 5551 884 5601 ν,
929 5532 984 5590 8.
1060 5534 1105 5567 ⁵⁸
1144 5533 1310 5589 Hebr.
1368 5549 1443 5597 tv,
1504 5528 1592 5588 12.

2136 4785 2365 4858 ἐχθρῶν·
2403 4790 2541 4860 ὅπερ
2567 4790 2852 4861 συμϐαίνει
2910 4791 3188 4857 πολλάκις,
3226 4791 3444 4857 ἐπειδὰν
3465 4793 3513 4844 οἱ
3538 4790 3723 4863 ἐχθροὶ

2135 4874 2232 4928 τοῦ
2256 4874 2413 4942 Θεοῦ,
2449 4879 2550 4943 τὰς
2577 4881 2687 4935 ἀπὸ
2717 4882 2825 4935 τῶν
2848 4882 3008 4937 θείων
3048 4883 3282 4956 Γραφῶν
3331 4882 3507 4948 λέξεις
3538 4880 3635 4935 καὶ
3655 4881 3726 4937 τὰ

2139 4969 2543 5041 ἀναγνώσματα
2570 4973 2936 5039 ἀποϐαλόντες
2964 4976 3058 5028 καὶ
3086 4974 3508 5046 ἀνατρέψαντες,
3544 4970 3604 5038 ἐξ
3629 4975 3723 5027 σὺ·-

2137 5061 2247 5116 τῶν
2274 5066 2370 5116 κὰδ.
2396 5061 2464 5116 δι’
2493 5064 2675 5118 αὐτῶν
2706 5064 2805 5129 τὰς
2857 5066 3151 5139 ἀκεραίους
3181 5065 3599 5120 καταπαλαίωσι
3623 5064 3726 5134 ψυ-

2135 5150 2258 5221 χάς.
2293 5150 2386 5206 Διὸ
2410 5150 2629 5224 εὔχεται
2655 5154 2764 5209 ἀπὸ
2786 5155 2897 5209 τῶν
2926 5155 3138 5229 ἐχθρῶν
3165 5155 3261 5210 τοῦ
3295 5154 3431 5209 Θεοῦ
3460 5152 3725 5225 ῥυσθῆναι

2135 5244 2236 5315 τὴν
2267 5246 2540 5316 ῥομφαίαν
2573 5246 2761 5312 αὐτοῦ,
2815 5249 2911 5303 καὶ
2960 5250 3077 5304 ἀπὸ
3136 5250 3359 5319 ὀλίγων
3419 5247 3537 5303 ἀπὸ
3590 5244 3722 5318 τῆς·

2140 5333 2255 5389 ἀνθ’
2279 5327 2339 5388 οὗ
2364 5338 2392 5390 ό
2427 5338 2526 5409 μὲν
2573 5338 2804 5405 Ἀκύλας
2851 5339 3131 5407 ἐξέδωκεν·
3183 5341 3303 5397 ἀπὸ
3354 5340 3727 5409 τεθνηκότων

645 5741 771 5797 Haec
800 5741 996 5817 Latine
1017 5740 1252 5817 exprimi
1268 5749 1581 5817 nequeunt;
1609 5739 1665 5797 in
1690 5745 1839 5800 textu
1870 5743 2082 5815 Graeco,
2100 5762 2316 5804 necnon
2342 5747 2398 5804 in
2423 5749 2684 5807 omnibus
2712 5766 2845 5808 mss.
2864 5747 3191 5814 Bibliorum,
3224 5743 3425 5817 legitur
3454 5742 3726 5798 ταλαιπωο

530 5744 606 5871 (l2
645 5744 771 5797 Haec
800 5744 991 5797 Latine
1017 5744 1246 5810 exprimi
1272 5756 1442 5811 neque

456 5832 568 5905 ρησ
606 5830 763 5881 ντων,
791 5829 899 5869 non
917 5811 1442 5894 ταλαιπωριζόντων.
