4094 6378
289 363 392 428 165

1436 365 1944 426 COMMENTARIA
1983 367 2052 422 IN
2083 365 2431 424 PSALMOS.

3475 383 3576 438 I66

287 487 354 538 ἐκ
383 482 790 550 καταδύσεως·
833 487 862 538 6
890 483 944 538 δὲ
971 485 1285 556 Σύμμαχος·
1313 487 1388 556 (1)
1449 489 1593 542 Ἀπὸ
1651 488 1867 556 νεκρῶν

1993 495 2249 556 prec-dtur
2285 489 2449 542 etiam
2477 489 2544 544 ab
2584 490 2652 546 iis
2685 492 2792 562 qui
2815 491 2928 562 jam
2963 492 3106 548 inter
3139 503 3388 554 mortuos
3419 513 3572 554 com—

289 576 402 630 ἀπό
436 575 872 630 ἑνδεδυκότων.
923 577 1212 648 Ῥυσθῆναι
1250 579 1360 650 γάρ
1391 578 1607 650 εὔχεται
1641 581 1736 634 καὶ
1772 580 1884 634 ἀπὸ

287 667 394 720 τῶν
417 670 476 722 ἐν
507 671 724 740 νεκροῖς
785 669 886 738 1ἤδη
945 667 1344 740 λελογισμένων
1395 671 1483 724 διὰ
1534 673 1596 725 τὸ
1645 673 1882 742 πάμπαν

285 758 616 830 ἐστερῆσθαι
643 761 742 830 τῆς
765 759 908 812 κατά
937 759 1067 812 Θεὸν
1101 760 1268 831 ζωῆς.
1313 763 1459 815 ’Λντὶ
1509 764 1566 816 δὲ
1616 765 1733 829 τοῦ,
1759 765 1885 819 δια-

278 850 536 921 μέρισον
561 851 808 917 αὐτοὺς,
849 853 878 904 ὁ
919 853 1014 922 μὲν
1049 853 1280 916 Ἀκύλας
1309 857 1672 927 ήρμήνευσεν,
1699 859 1882 927 μέρος

281 943 484 998 αὐτῶν
503 944 574 996 ἐν
605 943 740 1012 ζωῇ·
771 948 800 997 ὀ
821 945 878 997 δὲ
912 945 1226 1017 Σύμμαχος,
1275 948 1314 1014 ἡ
1360 947 1532 1015 μερὶς
1581 949 1781 1003 αὐτῶν
1813 951 1884 1002 ἑν

281 1035 480 1096 ζῶσιν.
505 1036 762 1090 Διδάσκει
794 1037 850 1090 δὲ
880 1039 968 1092 διὰ
998 1038 1224 1102 τούτων,
1260 1039 1336 1104 ὡς
1373 1041 1482 1094 τῶν
1538 1042 1636 1112 μὲν
1667 1041 1881 1095 ἀσεϐῶν

281 1128 376 1181 καὶ
421 1127 534 1181 τῶν
567 1129 834 1192 πολλάκις
863 1129 1272 1201 ὠνομασμένων
1303 1131 1515 1202 ἐχθρῶν
1565 1133 1656 1186 τοῦ
1685 1133 1820 1186 Θεοῦ
1845 1135 1878 1205 ἡ

285 1223 468 1292 μερὶς,
507 1222 603 1274 καὶ
627 1224 656 1275 6
685 1221 910 1294 κλῆρος,
929 1224 1024 1277 καὶ
1056 1225 1206 1276 πᾶσα
1229 1225 1263 1296 ἡ
1290 1223 1580 1295 περιουσία
1605 1227 1661 1277 ὲν
1685 1227 1750 1295 τῇ
1779 1243 1881 1277 πα-

285 1311 456 1383 ρούσῃ
505 1311 618 1384 ζωῇ
649 1315 910 1384 τυγχάνει
944 1315 1036 1368 καὶ
1059 1316 1116 1368 ἐν
1141 1315 1219 1386 τῷ
1252 1316 1434 1388 θνητῷ
1470 1317 1588 1387 βίῳ·
1623 1319 1681 1369 ὲν
1713 1312 1757 1384 ᾧ
1785 1318 1878 1372 καὶ

279 1405 530 1476 ἐπλήσθη
555 1407 588 1476 ἡ
623 1409 840 1480 γαστὴρ
871 1408 1048 1462 αὐτῶν
1077 1408 1260 1480 πάσης
1315 1411 1544 1482 τροφῆς,
1571 1411 1664 1463 καὶ
1699 1411 1880 1482 πάσης

275 1499 660 1566 ἀπολαύσεως,
691 1502 787 1554 καὶ
839 1503 1068 1573 τρυφῆς.
1131 1502 1291 1555 Ἀλλά
1343 1503 1436 1556 καὶ
1467 1503 1586 1558 τῶν
1627 1523 1880 1574 κεκρυμ-

269 1591 474 1661 μένων
497 1609 616 1648 σου
647 1595 833 1665 φησίν·
870 1595 985 1648 ἀνθ’
1018 1587 1078 1647 οὗ
1112 1597 1142 1648 6
1191 1595 1487 1667 Σύμμαχος
1509 1597 1876 1670 ἡρμήνευσεν,

271 1683 522 1738 καὶτῶν
585 1687 914 1742 ἀποθέτων.
946 1687 1086 1740 Ὅσα
1119 1687 1227 1757 γάρ
1284 1690 1432 1741 ἐστιν
1487 1689 1546 1742 ὲν
1575 1689 1654 1761 τῷ
1700 1690 1878 1762 θνητῷ

273 1776 374 1848 βίῳ
407 1781 506 1832 καὶ
535 1783 604 1851 τῇ
633 1779 801 1851 θνητῇ
829 1779 942 1852 ζωῇ
973 1781 1152 1852 τίμια,
1202 1781 1314 1834 τῶν
1333 1780 1710 1856 νομιζομένων
1743 1787 1878 1839 ἀπο-

269 1867 444 1921 θέτων
477 1871 576 1922 καὶ
605 1869 964 1942 ἀποκρύφων,
985 1872 1302 1942 ἐσχήκασιν.

333 1962 508 2014 Αὐτοὶ
545 1962 676 2032 γοῦν
703 1963 800 2016 καὶ
853 1962 1054 2034 χρυσὸν
1093 1963 1189 2017 καὶ
1237 1962 1481 2036 ἄργυρον
1540 1966 1636 2020 καὶ
1690 1967 1870 2022 πάντα

265 2057 370 2128 γῆς
407 2055 670 2127 μέταλλα·
705 2057 1182 2128 περιειργάσαντο,
1233 2058 1415 2123 λίθους
1460 2075 1522 2111 τε
1581 2061 1870 2124 παντοίους

265 2150 484 2220 τιμίους
535 2151 632 2203 καὶ
692 2150 1001 2213 πολυτελεῖς
1065 2151 1460 2224 ὲξηρεύνησαν,
1518 2155 1612 2206 καὶ
1666 2153 1870 2208 τούτω)

263 2241 526 2296 ἁπάντων
558 2241 931 2314 ἐπλήσθησαν·
958 2242 1161 2296 τέκνων
1193 2243 1250 2296 δὲ
1276 2245 1369 2298 καὶ
1403 2244 1554 2310 υἱῶν,
1574 2247 1668 2298 καὶ
1702 2245 1870 2314 θυγα-

261 2333 438 2406 τέρων
471 2337 908 2408 ἐνεφορήθησαν.
933 2337 1023 2389 Διὸ
1053 2337 1315 2406 ἐπιλέγει·
1372 2339 1871 2410 Ἐχορτάσθησαν

259 2425 429 2481 υἱῶν.
463 2430 578 2482 Καὶ
603 2430 666 2482 οὐ
692 2429 850 2498 μόνον
879 2446 944 2498 γε
971 2429 1120 2483 αὐτοὶ
1173 2431 1378 2484 τούτων
1437 2431 1864 2504 ἐχορτάσθησαν,

263 2518 376 2571 ἀλλ’
403 2519 820 2589 ἐμπλησθέντες
873 2520 1024 2572 αὐτοὶ
1071 2538 1130 2574 τε
1178 2521 1453 2592 πρότεροι,
1511 2523 1745 2594 κλήρους
1772 2525 1866 2578 καὶ

261 2611 518 2680 διαδοχὰς
542 2614 656 2674 τοῖς
684 2612 800 2682 μετ’
835 2613 1032 2676 αὐτοὺς
1081 2613 1325 2681 ἐγγόνοις
1389 2617 1862 2673 καταλελοίπασιν.

265 2703 466 2765 ’Ἄλλος
490 2700 676 2772 φησίν·
711 2703 772 2755 Εἰ
812 2701 1012 2773 καὶ·τῷ
1045 2702 1258 2772 θανάτῳ
1307 2705 1530 2769 τούτους
1563 2707 1864 2776 παραπέμ-

259 2793 360 2860 ψαι
397 2793 486 2844 σοὶ
507 2793 712 2862 ῥᾴδιον,
744 2787 1072 2846 ὦΔὲσ-ποτα·
1111 2793 1224 2846 ἀλλ’
1260 2791 1352 2848 οὖν
1405 2797 1630 2850 ἱκετεύω
1657 2795 1866 2860 ζῶντας

261 2886 467 2947 αὐτοὺς
493 2885 882 2954 σκεδασθῆναι,
918 2886 1012 2939 καὶ
1043 2887 1140 2957 τὴν
1175 2889 1350 2959 κακὴν
1399 2888 1577 2941 αὐτῶν
1636 2906 1865 2960 συμφω-

255 2975 382 3030 νίαν
421 2974 766 3044 διαλυθῆναι,
799 2977 894 3028 καὶ
925 2975 1033 3027 τῶν
1061 2978 1440 3048 ἀποκειμένων
1467 2995 1546 3030 σοι
1580 2979 1862 3050 τιμωριῶν

261 3069 587 3138 μετασχεῖν.
629 3067 785 3120 Οὕτω
813 3067 922 3138 γάρ
948 3069 1004 3120 ὲν
1035 3071 1100 3139 τῇ
1135 3069 1346 3143 μεγάλῃ
1401 3071 1510 3142 ᾠδῇ
1571 3071 1664 3124 τοῦ
1695 3073 1862 3126 Monii-

263 3162 404 3225 σέως
429 3161 598 3223 αὐτὸς
619 3162 648 3213 6
675 3160 809 3223 Θεός
843 3179 1008 3232 φησιν
1038 3178 1051 3190 ·
1087 3165 1207 3216 Οὐκ
1249 3162 1378 3215 ἰδοὺ
1429 3163 1615 3217 ταῦτα
1665 3165 1863 3218 πάντα

1988 585 2273 646 putantur,
2307 581 2433 649 quia
2469 582 2581 636 vita
2625 583 2735 648 illa,
2766 601 2887 654 quae
2931 588 3229 642 secundum
3257 587 3424 646 Deum
3459 601 3568 658 est,

1987 671 2206 737 penitus
2237 672 2543 740 privamur.
2591 675 2728 728 Illud
2761 685 2966 742 autem,
3013 679 3186 734 divide
3228 689 3570 759 eos,Aquila,

1989 776 2114 828 pars
2143 778 2326 816 eorum
2361 765 2414 817 in
2458 767 2588 826 vita.
2621 769 3045 838 interpretatur;
3079 770 3442 843 Symmachus
3475 792 3575 832 au-

1987 859 2120 914 tem,
2151 869 2278 918 pars
2303 871 2482 908 eorum
2509 857 2564 910 in
2599 859 2900 914 viventibus.
2931 859 3026 916 llis
3056 877 3222 930 porro
3247 867 3430 930 docet,
3469 867 3572 920 im-

1985 941 2204 1009 piorum
2237 949 2292 996 et
2335 945 2684 1000 inimicorum
2721 945 2837 1012 Dei,
2883 949 2974 1017 qui
3011 951 3066 1002 in
3115 949 3200 1004 his
3247 951 3571 1022 plerumque

1987 1042 2386 1100 memorantur,
2417 1037 2745 1104 portionem,
2777 1047 2978 1093 sortem
3009 1055 3308 1112 omnesque
3340 1043 3571 1098 faculta-

1985 1138 2068 1185 tes
2101 1131 2156 1184 in
2201 1131 2304 1185 hac
2335 1133 2594 1202 praesenti
2629 1141 2682 1188 et
2720 1136 2938 1188 mortali
2973 1137 3086 1192 vita
3133 1138 3269 1192 sitas
3301 1153 3440 1202 esse,
3479 1141 3570 1196 ubi

1985 1233 2174 1278 venter
2201 1239 2391 1278 eorum
2417 1226 2566 1278 omni
2606 1226 2852 1280 ciborum
2885 1243 3104 1298 genere,
3132 1231 3275 1283 omni
3311 1231 3571 1288 felicitate

1985 1330 2049 1369 ac
2085 1318 2364 1385 voluptate
2413 1319 2676 1388 repletur.
2741 1319 2854 1374 Imo
2911 1321 3076 1375 etiam
3119 1322 3183 1375 de
3242 1321 3569 1378 absconditis

1985 1409 2130 1472 tuis;
2162 1409 2324 1480 cujus
2357 1409 2480 1464 loco
2528 1409 2894 1482 Symmachus
2936 1413 3349 1484 interpretatur,
3405 1425 3454 1470 et
3495 1434 3570 1474 re-
3611 1405 3618 1418 ’

1981 1503 2170 1571 positis
2217 1505 2342 1559 tuis.
2381 1503 2661 1575 Siquidem
2703 1523 2894 1562 eorum
2941 1511 3184 1564 omnium
3216 1529 3337 1582 qua:
3379 1513 3434 1568 in
3465 1515 3569 1572 hac

1981 1595 2203 1648 mortali
2233 1595 2342 1650 vita
2390 1609 2694 1652 occurrunt
2723 1601 3112 1669 pretiosorum,
3143 1619 3264 1672 qua:
3299 1605 3444 1662 inter
3480 1622 3570 1663 re-

1983 1687 2204 1742 condita
2241 1696 2294 1745 et
2325 1690 2512 1744 abdita
2544 1701 2952 1762 computantur,
2984 1696 3142 1764 potiti
3172 1705 3324 1756 sunt.

2053 1949 2134 2004 Illi
2185 1952 2370 2023 itaque
2423 1967 2639 2020 aurum,
2697 1964 3010 2026 argentum,
3059 1961 3357 2032 omniaque
3403 1971 3565 2020 terrm

1977 2043 2198 2096 metalla
2246 2058 2460 2097 summa
2508 2061 2640 2098 cura
2681 2047 3150 2116 perquisiverunt,
3185 2052 3394 2122 lapides
3437 2072 3562 2128 pre-

1979 2132 2153 2189 tiosos
2189 2135 2276 2190 vel
2319 2137 2638 2192 rarissimos
2681 2139 2927 2206 cujusvis
2975 2143 3194 2210 generis
3231 2149 3563 2220 pervestiga-

1977 2231 2130 2288 runt,
2165 2225 2341 2294 iisque
2365 2227 2624 2282 omnibus
2658 2229 2942 2299 adimpleti
2975 2241 3104 2286 sunt
3139 2251 3153 2287 :
3189 2233 3312 2290 liliis
3349 2253 3564 2294 mascu-

1977 2316 2048 2370 lis
2081 2315 2370 2372 leminisve
2405 2319 2640 2373 saturati
2669 2329 2817 2376 sunt.
2848 2321 3215 2388 Quamobrem
3253 2327 3557 2400 subjungit,

1976 2409 2213 2460 saturati
2253 2417 2376 2460 sunt
2405 2409 2555 2476 ﬁliis.
2601 2408 2790 2480 Neque
2843 2413 2920 2468 illi
2967 2423 3179 2472 tantum
3227 2419 3295 2474 iis
3328 2424 3558 2478 saturati

1977 2509 2147 2564 sunt;
2182 2500 2276 2553 sed
2305 2508 2594 2570 postquam
2638 2503 2742 2572 ipsi
2777 2507 2991 2574 priores
3027 2509 3092 2563 ad
3127 2509 3436 2567 satietatem
3471 2531 3560 2572 us-

1975 2609 2082 2662 que
2113 2594 2180 2648 iis
2217 2603 2346 2648 sunt
2371 2596 2479 2658 usi,
2507 2596 2878 2652 hacreditatem
2913 2605 3430 2676 successionemque
3461 2625 3559 2664 ne-

1975 2685 2194 2754 potibus
2222 2687 2578 2742 transmisere
2621 2690 2757 2744 suis.
2800 2693 2956 2748 Alius
3002 2695 3083 2749 sic
3121 2697 3554 2768 interpretatur:

1975 2778 2224 2840 Etiamsi,
2259 2781 2460 2850 inquit,
2511 2781 2772 2852 perfacile
2821 2786 2920 2840 tibi
2978 2789 3071 2852 sit,
3107 2788 3356 2856 Domine,
3407 2794 3558 2863 ipsos

1973 2876 2151 2922 morte
2178 2867 2388 2924 allicere
2416 2891 2426 2924 :
2467 2879 2542 2934 at,
2581 2889 2766 2942 quaeso
2787 2883 2860 2939 te,
2887 2877 3138 2936 homines
3161 2881 3290 2936 dum
3315 2883 3416 2938 hac
3447 2887 3556 2940 vita

1975 2960 2234 3016 fruuntur
2253 2963 2558 3034 disjungas,
2587 2965 3000 3039 improbamquc
3027 2972 3174 3026 illam
3207 2978 3556 3032 concordiam

1973 3055 2232 3127 dissipes,
2284 3065 2344 3111 ut
2385 3073 2414 3112 a
2459 3067 2511 3114 te
2551 3063 2824 3131 repositas
2863 3066 3166 3122 sceleribus
3217 3071 3332 3124 suis
3369 3087 3560 3141 pmnas

1971 3145 2147 3202 luant.
2173 3147 2251 3202 Ita
2283 3151 2426 3204 enim
2453 3150 2506 3203 in
2539 3166 2737 3222 magno
2771 3153 2972 3226 Moysis
3012 3159 3232 3214 CIIIlliCO
3255 3159 3398 3217 Deus
3439 3163 3557 3234 ipse

259 3251 572 3320 συνῆκται
607 3253 742 3321 παρ’
775 3253 926 3321 ἐμοὶ,
957 3253 1052 3306 καί
1078 3253 1476 3322 ἐσφράγισται
1501 3257 1570 3308 ἐν
1613 3257 1737 3322 τοῖς
1768 3261 1867 3326 θη-

1972 3241 2218 3310 loquitur
2256 3242 2490 3296 :Annon
2530 3259 2644 3297 ecce
2689 3243 2800 3298 Ita'c
2849 3249 3028 3301 omnia
3067 3263 3386 3320 congregata
3433 3263 3556 3308 sunt

259 3343 518 3412 (πυροῖς
537 3361 680 3413 μου·
711 3345 782 3398 ἐν
805 3344 992 3412 ἡμέρᾳ
1019 3345 1383 3411 ἐκδικήσεως
1437 3348 1861 3414 ἀνταποδώσω,

259 3437 330 3489 ἑ»-
359 3438 550 3504 καιρῷ
591 3437 738 3490 ὅταν
767 3436 978 3505 σφα..ἶῇ
1007 3441 1040 3490 ό
1067 3437 1222 3504 ποῦς
1271 3437 1488 3492 αὐτῶν.
1537 3440 1648 3492 Καὶ
1707 3441 1866 3494 τοῦτο

259 3530 316 3581 δὲ
349 3532 380 3580 6
413 3528 720 3600 Σύμμαχος
743 3527 916 3591 οὓτως
965 3529 1297 3600 ἡρμήνευσε·
1339 3530 1864 3597 Χορτασθήσονται

257 3621 398 3684 vici,
431 3621 532 3672 καὶ
561 3617 877 3688 ἀφήσουσι
903 3619 978 3672 τὰ
1019 3620 1286 3686 λείψανα
1341 3617 1541 3672 αὐτῶν
1593 3619 1718 3686 τοῖς
1751 3637 1860 3688 νη-

257 3713 420 3776 πίοις
449 3710 678 3764 αὐτῶν.
715 3706 868 3772 Οἶδα,
903 3709 1089 3779 φησὶν,
1115 3711 1196 3762 ὅτι
1231 3709 1338 3780 τὴν
1390 3709 1604 3762 δικαίαν
1636 3727 1729 3763 σου
1781 3728 1862 3763 τι-

259 3801 478 3872 μωρίαν
513 3801 576 3853 οὐ
618 3799 778 3870 μόνον
809 3799 992 3862 αὐτοῖς
1027 3797 1270 3862 ἐπάξεις,
1295 3797 1430 3850 ἀλλά
1465 3799 1557 3851 καὶ
1585 3801 1698 3860 τοῖς
1721 3800 1860 3853 υἱέσι

253 3897 350 3948 tui.
383 3897 500 3956 τοῖς
537 3893 786 3961 ἐγγόνοις
835 3891 942 3944 τῶν
991 3891 1270 3961 προγόνων
1331 3891 1590 3962 πονηρίαν
1620 3909 1862 3962 μιμησα-

261 3991 464 4060 μένοις,
501 3988 578 4040 Τὸ
599 3987 678 4048 δὲ,
709 3983 1250 4054 χορτασθήσονται,
1302 3985 1422 4038 ἀντὶ
1449 3983 1566 4050 τοῦ,
1597 3987 1674 4048 είς
1699 3985 1859 4058 κόρον

261 4081 552 4152 μεθέξουσι
579 4078 689 4130 τῶν
710 4075 918 4130 κακῶν.

339 4172 494 4242 Ἐγὼ
550 4169 622 4224 δὲ
675 4171 746 4222 ἑν
777 4167 1131 4236 δικαιοσύνῃ
1187 4167 1526 4236 ὀφθήσομαι
1585 4167 1664 4234 τῷ
1715 4185 1859 4236 προ-

261 4263 446 4326 σώπῳ
479 4276 622 4316 σου·
672 4257 1166 4329 χορτασθήσομαι
1213 4257 1284 4310 ἐν
1339 4255 1418 4322 τῷ
1463 4257 1724 4326 ὀφθῆναί
1749 4257 1860 4328 ¹μοι

257 4358 376 4424 τὴν
402 4355 596 4420 δόξαν
625 4369 762 4408 σου.
809 4353 1033 4405 Ἐκεῖνοι
1081 4351 1176 4420 μὲν
1211 4349 1464 4414 τοιαύτας
1501 4349 1734 4404 δώσουσι
1776 4351 1858 4404 δί-

259 4467 384 4514 κας·
412 4449 526 4518 ἐγὼ
547 4447 606 4502 δὲ
639 4449 752 4509 τοῖς
785 4445 938 4516 παρὰ
959 4445 1056 4514 τῆς
1091 4443 1308 4506 δικαίας
1341 4443 1598 4514 προνοίας
1633 4441 1858 4512 ἀγαθοῖς

263 4542 612 4612 ἐντρυφήσω,
643 4541 840 4610 πεῖραν
879 4537 1140 4606 μεγίστην
1165 4537 1268 4605 τῆς
1297 4536 1399 4606 σῆς
1434 4536 1752 4606 εὐεργεσίας
1771 4537 1858 4590 δε-

263 4635 520 4702 ξάμενος·
577 4630 720 4698 Ἐγὼ
745 4630 802 4683 δὲ
833 4632 902 4700 τῇ
937 4628 1258 4700 πορισθείσῃ
1305 4646 1396 4699 μοι
1451 4629 1767 4700 δικαιοσύνῃ
1794 4647 1854 4682 τε

259 4719 358 4771 καὶ
405 4721 576 4790 ἀρετῇ
619 4717 838 4789 θαρρῶν
901 4719 1474 4788 πεπαρῤησιασμένως
1516 4719 1854 4790 ὀφθήσομαι

259 4811 344 4876 τῷ
371 4810 674 4880 προσώπῳ
702 4825 840 4864 σου.
889 4811 1003 4862 Καὶ
1035 4809 1173 4880 αὕτη
1212 4809 1300 4880 μοί
1334 4812 1480 4863 ἐστιν
1537 4810 1710 4878 ἐλπὶς,
1757 4813 1853 4866 καὶ

261 4899 420 4970 οὗτος
457 4905 628 4975 μέγας
679 4905 898 4975 κλῆρος·
957 4897 1017 4957 οὗ
1073 4919 1202 4955 ποτε
1257 4902 1706 4975 πληρωθήσομαι,
1763 4907 1854 4960 καὶ

259 4994 701 5065 χορτασθήσομαι
748 4996 932 5068 πάσης
991 4997 1235 5072 τρυφῆς,
1271 5001 1329 5052 ἐν
1359 4995 1440 5068 τῷ
1482 4997 1713 5068 ὀφθῆναι
1755 4999 1854 5068 τὴν

257 5085 421 5153 δόξαν
445 5103 538 5138 σου
565 5087 626 5140 ὲν
651 5091 718 5158 τῇ
742 5088 850 5142 τῶν
875 5091 1117 5161 οὐρανῶν
1148 5091 1413 5162 βασιλείᾳ.

847 5203 1144 5258 ΨΑΛΜΟΣ
1191 5205 1286 5260 IZ’.

325 5294 436 5360 Εις
467 5293 534 5346 τὸ
565 5293 738 5360 τέλος
771 5293 850 5360 τῷ
898 5295 1062 5350 παιδὶ
1089 5297 1304 5366 Κυρίου
1329 5290 1410 5363 τῷ
1437 5297 1638 5360 Δαυῒδ,
1656 5293 1851 5349 delci-

259 5388 422 5452 ,λοσε
453 5381 534 5454 τῷ
581 5388 776 5454 Κυρίῳ
825 5386 968 5453 τοὺς
1005 5379 1240 5458 λόγους
1275 5385 1390 5454 τῆς
1413 5387 1572 5454 ᾠδῆς
1603 5388 1846 5452 ταύτης,

333 5546 380 5576 ⁸³
423 5545 582 5601 Deut.
629 5560 804 5608 xxx",
865 5545 956 5599 54.

1970 3333 2110 3400 apud
2141 3349 2242 3397 me,
2271 3343 2322 3387 et
2355 3335 2566 3404 signata
2601 3336 2654 3388 in
2695 3335 2955 3391 thesauris
2989 3341 3112 3394 meis
3139 3357 3157 3393 :
3182 3341 3234 3394 in
3270 3343 3356 3397 die
3393 3341 3556 3398 ultio-

1968 3427 2052 3479 nis
2105 3425 2418 3490 retribuam,
2477 3445 2579 3498 quo
2607 3437 2833 3498 tempore
2887 3431 3094 3504 labetur
3140 3451 3228 3504 pes
3284 3453 3464 3490 eorum
3485 3437 3552 3492 ⁵³.

1968 3515 2096 3571 Ilaec
2129 3518 2202 3572 ita
2234 3517 2598 3588 Symmachus
2635 3522 3046 3592 interpretatur,
3090 3527 3474 3580 saturabuntur
3493 3529 3556 3598 ﬁ-

1969 3607 2076 3670 liis,
2101 3617 2151 3661 et
2185 3608 2450 3664 dimittent
2489 3611 2740 3702 teliquias
2785 3629 2911 3667 suas
2955 3616 3190 3683 parvulis
3235 3618 3366 3672 suis.
3393 3617 3550 3686 Novi,

1967 3699 2168 3770 inquit,
2208 3708 2260 3755 te
2289 3717 2399 3756 non
2429 3699 2592 3758 inodo
2622 3703 2865 3759 debitum
2901 3706 2969 3761 iis
3013 3707 3338 3778 supplicium
3369 3711 3554 3765 illatu-

1966 3809 2114 3858 rum,
2150 3795 2246 3850 sed
2285 3795 2449 3849 etiam
2483 3796 2610 3850 liliis
2651 3811 2715 3851 ac
2747 3798 3042 3866 nepotibus
3085 3814 3299 3865 eorum,
3339 3803 3384 3857 si
3421 3805 3550 3874 qui-

1967 3885 2090 3940 dem
2126 3901 2355 3940 avorum
2393 3887 2692 3957 nequitiam
2724 3889 3026 3944 imitentur.
3053 3891 3188 3946 Illud
3224 3899 3426 3963 autem,
3455 3913 3550 3952 sa—

1969 3977 2314 4042 turabuntur,
2349 3977 2402 4032 id
2424 3988 2528 4044 est,
2561 3979 2628 4034 ad
2653 3980 2962 4036 satietatem
2993 3989 3046 4037 et
3069 3981 3349 4039 fastidium
3377 4001 3550 4059 usque

1963 4070 2126 4123 malis
2159 4085 2280 4124 sese
2309 4069 2529 4126 dedent.

2035 4160 2204 4216 Vens.
2245 4162 2330 4216 15.
2371 4161 2482 4233 Ego
2515 4173 2691 4219 autem
2721 4167 2776 4220 in
2794 4166 3012 4234 justitia
3042 4165 3303 4238 apparebo
3335 4189 3550 4244 conspe—

1963 4255 2071 4307 ctui
2108 4265 2219 4320 tuo,
2262 4257 2502 4310 satiabor
2545 4275 2665 4312 cum
2713 4261 3020 4328 apparuerit
3063 4263 3192 4317 mihi
3220 4262 3394 4333 gloria
3430 4275 3543 4321 tua.

1961 4347 2042 4400 llli
2074 4347 2294 4418 quidem
2323 4349 2640 4420 hujusmodi
2687 4367 2882 4421 pmnas
2923 4353 3155 4410 dabunt.
3202 4354 3316 4427 Ego
3363 4341 3546 4416 autem

1962 4441 2170 4510 paratis
2203 4457 2232 4495 a
2261 4442 2410 4511 justa
2442 4443 2784 4514 providentia
2833 4452 2926 4498 tua
2957 4445 3112 4500 fruar
3145 4447 3328 4513 bonis,
3369 4449 3547 4504 maxi-

1961 4547 2223 4602 mumque
2265 4534 2636 4590 beneﬁcentia:
2677 4543 2786 4590 tua:
2830 4555 3044 4592 sumam
3089 4541 3544 4608 experimentum.

1888 4603 1932 4656 D
1961 4621 2074 4694 Ego
2109 4639 2242 4679 sane
2269 4626 2496 4692 iustitia:
2534 4635 2698 4696 atque
2729 4629 2944 4692 virtuti,
2985 4603 3377 4700 cujus-auctor
3411 4633 3548 4687 mihi

1963 4715 2138 4778 luisti.
2167 4721 2430 4782 conlisus,
2465 4725 2581 4772 tuta
2604 4721 2940 4775 conscientia
2967 4721 3226 4790 apparebo
3249 4723 3548 4791 conspectui

1965 4817 2076 4861 tuo.
2107 4807 2220 4863 Hac
2251 4809 2306 4863 in
2351 4825 2449 4880 spe
2497 4827 2726 4866 versor:
2757 4813 2873 4867 haec
2916 4813 3053 4866 mihi
3091 4827 3288 4883 magna
3322 4813 3546 4868 lueredi-

1961 4907 2069 4963 tas,
2121 4915 2228 4970 qua
2283 4901 2555 4971 replebor,
2610 4908 2664 4957 et
2717 4901 2784 4956 ad
2831 4903 3136 4957 satietatem
3188 4916 3365 4971 usque
3395 4901 3544 4954 omni

1961 4994 2241 5063 voluptate
2279 4993 2454 5059 fruar,
2488 5009 2614 5049 cum
2657 4995 2712 5048 in
2741 5009 2908 5066 regno
2931 4995 3196 5052 caelorum
3227 4993 3545 5065 apparuerit

1965 5085 2140 5156 gloria
2170 5093 2282 5140 tua.

2486 5197 2812 5254 PSALMUS
2851 5198 3014 5252 XVII.

2033 5288 2199 5343 Vens.
2239 5290 2288 5344 1.
2317 5289 2383 5343 In
2406 5289 2564 5360 ﬁnem
2581 5307 2742 5360 puero
2761 5289 2964 5344 domini
2983 5287 3173 5354 David,
3195 5304 3312 5360 quin
3335 5289 3543 5346 locutus

1960 5393 2037 5438 est
2093 5385 2320 5441 Domino
2358 5385 2514 5440 verba
2557 5385 2754 5439 cantici
2788 5383 2970 5454 hujus,
3003 5384 3060 5438 in
3097 5383 3182 5437 die
3211 5397 3316 5452 qua
3345 5385 3540 5452 eripuit

335 5691 410 5760 (I)
453 5689 580 5744 Haec
625 5695 754 5742 sunt
817 5683 1080 5739 lIebraica
1133 5680 1319 5741 verba,
1366 5683 1539 5738 nun:
1572 5659 1729 5761 Dp'w't
1765 5657 1923 5737 15m:
1961 5685 2193 5738 Diniam.
2224 5675 2434 5749 Aquilae
2475 5682 2856 5750 interpretatio
2892 5681 3022 5738 huic
3083 5699 3315 5754 prorsus
3345 5681 3564 5736 similis

267 5781 438 5838 fertur
469 5779 910 5856 apudLDrusium
942 5784 999 5856 et
1019 5775 1156 5828 alios
1188 5791 1202 5856 ς
1231 5771 1324 5826 sed
1343 5769 1672 5854 .Symmachi
1705 5770 1867 5856 versit

1971 5772 2116 5856 itiata
2151 5773 2852 5856 occurritibidemantipte
2891 5777 2998 5832 ἀπὸ
3043 5777 3150 5830 τῶν
3185 5775 3541 5830 ὲνδεδοκὸτων

263 5857 294 5924 ἡ
329 5857 484 5926 μερὶς
505 5843 580 5909 ’ἐν
615 5851 750 5922 ζωῇ.
787 5849 854 5904 At
879 5847 1040 5903 lectio
1081 5855 1266 5899 nostra
1312 5843 1600 5904 sincerior,
1627 5855 1748 5911 qua:
1783 5843 1867 5895 im

1973 5845 2114 5899 tibus
2141 5859 2273 5901 mss.
2307 5845 2556 5900 similiter
2587 5843 2830 5901 ell'crtur.
3445 5859 3460 5872 ‘
