4094 6378
525 325 635 385 i6?

1235 315 1508 380 EUSEBII
1540 306 2029 384 'cmsammvsns
2058 302 2213 385 Opi).
2236 304 2420 385 mas
2450 318 2539 387 ut.
2564 360 2633 370 -
2661 304 3076 385 trecenos.

3681 327 3788 388 l68

511 462 631 500 eum
650 442 909 498 Dominus
930 444 994 497 de
1011 459 1169 497 manu
1191 448 1424 499 omnium
1443 446 1781 499 inimicorum
1803 443 1940 512 ejus,
1959 454 2010 497 et
2036 442 2083 497 άι

2199 438 2274 496 ἐν’
2296 443 2485 513 ἡμέρᾳ
2539 437 2580 514 ᾖ
2631 443 2929 512 ἐρρύσατο
2975 441 3164 497 αὐτόν
3210 443 3426 512 Κύριος
3487 442 3556 497 ἐκ
3595 445 3789 513 χειρὸς

513 552 677 593 manu
707 537 859 599 Saut,
902 547 952 591 et
990 537 1153 593 dixit.
1186 537 1554 609 Symmachus
1585 537 1906 593 :Canttcum
1934 543 2099 590 victo-

512 630 608 685 ria:
635 630 771 685 servi
811 628 1029 683 Domini
1051 627 1248 685 David.

581 798 692 860 Par
719 803 866 858 enim
903 801 1007 857 fuit
1040 818 1142 859 nos
1183 820 1251 859 ex
1290 804 1409 876 ipso
1451 804 1665 874 psalmo
1693 802 1961 869 ediscere,
1993 803 2100 858 Da-

510 894 712 958 videm,
758 894 1054 949 occasione
1092 895 1337 950 victoria:
1379 897 1447 950 de
1478 894 1719 950 inimicis
1764 904 1819 948 et
1846 896 2098 951 bostibbs

508 997 697 1056 partae,
746 986 927 1040 omnis
957 985 1198 1041 victoria:
1234 989 1468 1053 auctori,
1509 989 1604 1058 qui
1642 987 1766 1042 ideo
1798 989 2094 1053 νικοποιός,

507 1076 563 1132 id
596 1085 682 1133 est
715 1071 953 1128 uictorim
975 1074 1211 1143 effector,
1240 1078 1466 1145 dicitur,
1515 1079 1662 1151 quod
1706 1081 1944 1135 victores
1986 1081 2098 1135 elli-

507 1168 640 1234 ciat,
669 1170 1057 1240 triumphalem
1088 1170 1236 1227 hunc
1264 1172 1524 1243 hymnum
1550 1188 1930 1228 consecrasse.
1954 1172 2097 1240 Quia

508 1260 635 1316 item
672 1262 759 1315 hic
789 1262 1025 1333 hymnus
1059 1263 1174 1318 sive
1217 1266 1493 1319 canticum
1534 1264 1885 1335 triumphale,
1933 1263 2116 1320 Davi?

506 1353 594 1409 dis
617 1354 823 1408 dicitur
856 1370 1001 1409 esse.
1054 1352 1234 1426 Atque
1275 1356 1330 1409 in
1364 1357 1523 1427 ﬁnem
1557 1357 1881 1412 inscribitur
1909 1375 1923 1411 :
1956 1373 2098 1426 quo-

506 1447 652 1501 niam
696 1448 904 1502 scilicet
939 1449 1234 1516 postremis
1303 1449 1425 1503 vitae
1464 1449 1586 1519 ejus
1628 1451 1810 1513 annis,
1858 1464 1923 1503 ac
1972 1457 2097 1520 post

504 1540 690 1595 Omnia
714 1555 835 1610 qua:
862 1541 918 1594 in
942 1540 1172 1604 historia
1208 1539 1459 1595 feruntur
1483 1542 1605 1609 ejus
1635 1557 1824 1612 opera,
1850 1557 2096 1611 pronun-

505 1633 678 1686 tiatus
709 1639 827 1699 est;
864 1640 959 1687 aut
993 1634 1121 1703 quia.
1153 1634 1497 1703 prophetiam
1527 1650 1719 1689 eorum
1753 1651 1876 1704 quae
1901 1636 1955 1688 in
1990 1635 2096 1690 fine

504 1726 691 1780 saeculi
721 1725 1024 1780 obventura
1050 1733 1179 1781 sunt
1209 1728 1496 1794 enuntiat;
1530 1727 1645 1782 sive
1675 1729 1838 1783 tertio
1867 1730 1993 1798 quia
2025 1729 2093 1782 ad

2204 534 2446 589 πάντων
2470 532 2588 588 τῶν
2615 533 2848 604 ἐχθρῶν
2869 533 3078 599 αὐτοῦ,
3113 533 3214 588 καί
3246 532 3316 587 ἐκ
3339 532 3538 603 χειρὸς
3564 533 3786 602 Σαοὺλ,

2202 625 2301 678 καί
2329 624 2479 678 εἷπε.
2517 622 2846 695 Σύμμαχος·
2893 622 3214 677 Ἐπινίκιον
3258 623 3366 678 τοῦ
3415 622 3641 679 δούλου
3669 627 3788 678 Κυ-

2192 719 2333 787 ρίου
2366 717 2474 772 τοῦ
2506 716 2707 771 Δαυτδ.

2267 807 2411 860 Ἔδει
2436 806 2544 879 γὰρ
2569 809 2717 879 ἡμᾶς
2775 806 3091 876 ἀναγκαίως
3120 805 3229 861 ἀπὸ
3269 805 3364 860 τοῦ
3391 804 3605 879 ψαλμοῦ
3644 807 3789 877 γνῶ-

2198 916 2308 963 ναι,
2352 899 2435 952 ὅτι
2492 897 2585 950 ἐπὶ
2627 901 2748 962 ταῖς
2805 899 2981 961 νίκαις
3044 901 3163 961 ταῖς
3207 898 3351 952 κατὰ
3400 898 3509 951 τῶν
3577 899 3788 972 ἐχθρῶν

2200 991 2294 1043 καὶ
2334 990 2609 1061 πολεμίων
2649 990 2740 1043 τὸν
2794 991 3153 1062 προκείμενον
3203 989 3371 1061 ὕμνον
3411 990 3677 1046 ἐπινίκιον
3709 992 3789 1064 τῷ

2200 1085 2382 1156 πάσης
2444 1084 2604 1155 νίκης
2666 1084 2824 1155 αἰτίῳ
2853 1124 2869 1148 ,
2920 1083 3001 1155 τῷ
3059 1085 3153 1137 καὶ
3190 1083 3419 1155 νικητὰς
3474 1084 3790 1157 ἀπεργαζο-

2201 1177 2368 1247 μένῳ,
2402 1178 2497 1231 καὶ
2537 1176 2625 1230 διὰ
2649 1176 2807 1229 τοῦτο
2828 1174 3088 1246 νικοποιῷ
3122 1176 3466 1248 κεκλημένῳ,
3523 1178 3789 1250 ἀνέθηκεν

2197 1271 2225 1322 ό
2255 1268 2436 1322 Δαυῖδ’
2473 1270 2567 1322 καὶ
2606 1269 2690 1321 ὅτι
2733 1268 2999 1333 ὲπινίκιος
3027 1260 3182 1333 οὗτος
3226 1270 3255 1321 ὁ
3305 1268 3474 1340 ὕμνος
3508 1270 3541 1342 ἥ
3595 1272 3629 1342 ἡ
3676 1270 3788 1343 ᾠδὴ

2196 1362 2412 1432 εἴρηται
2443 1359 2537 1415 τοῦ
2566 1361 2748 1415 Δαυῒδ.
2772 1363 2876 1425 Εἰς
2902 1360 2968 1413 τὸ
3000 1361 3174 1427 τέλος
3197 1360 3274 1426 δὲ,
3302 1362 3420 1432 ἤτοι
3453 1361 3541 1416 διὰ
3568 1363 3628 1416 τὸ
3644 1364 3788 1434 ἀμφὶ

2196 1455 2321 1516 τοὺς
2360 1453 2705 1517 τελευταίους
2726 1455 2827 1525 τῆς
2856 1454 3003 1526 ζωῆς
3037 1453 3202 1507 αὐτοῦ
3241 1453 3487 1526 χρόνους,
3522 1457 3618 1510 καὶ
3650 1455 3789 1527 μετὰ

2197 1546 2378 1609 πάσας
2406 1546 2571 1599 αὑτοῦ
2600 1546 2698 1610 τὰς
2725 1547 2950 1619 πράξεις
2981 1546 3078 1608 τὰς
3135 1548 3442 1618 φερομένας
3464 1549 3521 1601 ὲν
3544 1552 3611 1620 τῇ
3644 1550 3788 1602 ἱστο-

2198 1640 2292 1712 ρίᾳ
2341 1639 2609 1710 λελέχθαι’
2655 1639 2687 1711 ἢ
2744 1640 2833 1693 διὰ
2876 1639 2936 1693 τὸ
2988 1640 3325 1713 προφητείας
3371 1641 3649 1712 περιέχειν
3679 1641 3787 1694 τῶν

2201 1730 2500 1803 μελλόντων
2560 1731 2780 1786 ἔσεσθαι
2826 1733 2919 1786 ἐπὶ
2985 1732 3268 1805 συντελείᾳ
3331 1732 3426 1786 τοῦ
3482 1734 3698 1798 αἰῶνος·
3750 1734 3784 1805 ἢ

502 1831 567 1872 ea
602 1831 723 1887 quae
767 1817 823 1870 in
873 1824 1151 1887 postrema
1191 1818 1360 1887 hujus
1392 1819 1580 1891 hymni
1628 1829 1786 1890 parte
1819 1820 2083 1887 feruntur,

2198 1823 2398 1895 τρίτον,
2423 1823 2511 1876 διὰ
2546 1823 2608 1875 τὸ
2645 1825 2738 1876 ἐπὶ
2773 1824 2845 1876 τὰ
2868 1824 2995 1896 τέλη
3049 1824 3158 1879 τῶν
3188 1825 3584 1897 ἐμφερομένων
3610 1824 3787 1894 λόγων

502 1908 676 1965 lector
704 1910 1022 1966 remittitur.
1050 1909 1107 1964 ln
1128 1926 1239 1981 quo
1263 1909 1511 1984 [triplici]
1547 1913 1673 1975 fine,
1707 1913 1925 1967 vocalio
1956 1928 2089 1983 gen-

501 2001 637 2056 tium
669 2011 722 2057 et
747 2002 1033 2073 prOpbetia
1061 2002 1128 2057 de
1158 2002 1404 2057 Christo.
1437 2003 1551 2057 lloc
1582 2013 1766 2058 autem
1806 2004 1965 2060 modo
2000 2020 2090 2058 va-

498 2094 785 2161 ticinatur,
813 2103 872 2149 ut
913 2092 1133 2149 Saulem
1171 2111 1295 2150 cum
1334 2095 1459 2149 aliis
1503 2097 1761 2150 omnibus
1802 2112 1906 2150 una
1939 2112 2090 2150 com-

498 2183 790 2253 plectatur.
853 2183 974 2238 Alia
1038 2201 1259 2255 quoque
1306 2187 1517 2241 ratione
1564 2188 1742 2257 ipsum
1803 2186 1871 2241 de
1920 2204 2086 2242 manu

501 2272 633 2328 Saul
668 2275 919 2329 liberavit
949 2294 962 2331 :
998 2274 1314 2347 frequenter
1344 2279 1487 2351 enim
1511 2292 1609 2346 per
1638 2294 1854 2330 manum
1892 2277 2088 2332 intelli-

497 2366 645 2438 gitur
683 2382 844 2438 opus.
874 2366 1046 2437 Igitur
1079 2369 1173 2439 qui
1217 2370 1469 2424 liberavit
1504 2368 1758 2423 Davidem
1792 2385 1857 2424 ex
1907 2362 2110 2424 omni?

498 2458 604 2514 bus
636 2458 875 2514 inimicis
905 2459 1043 2525 suis,
1072 2460 1196 2529 jure
1220 2474 1284 2513 ac
1313 2471 1717 2537 consequenter
1748 2460 1928 2529 ipsum
1968 2475 2088 2514 ma—

492 2551 710 2624 joribus
755 2552 1037 2608 beneficiis
1066 2553 1405 2616 devineiens,
1441 2569 1511 2607 ex
1543 2553 1645 2606 hac
1680 2549 1862 2608 Saulis
1897 2569 2083 2618 manu,

499 2646 615 2702 sive
639 2661 827 2716 opere,
874 2648 1082 2717 pariter
1114 2647 1318 2718 eripuit
1343 2688 1356 2711 ,
1402 2653 1462 2701 ut
1498 2662 1606 2700 non
1641 2647 1796 2716 paria
1832 2662 1955 2702 cum
1991 2647 2085 2702 illo

498 2722 802 2807 pateretur.

569 2828 738 2887 Vens.
774 2830 830 2895 2,
866 2832 900 2886 5
961 2830 1198 2902 Diligam
1237 2840 1305 2891 te,
1348 2829 1592 2896 Domine,
1625 2831 1885 2900 fortitudo
1927 2846 2083 2887 mea:

497 2922 757 2978 Dominus
787 2927 1184 2995 firmamentum
1223 2941 1392 2978 meum
1424 2934 1474 2978 et
1500 2925 1766 2995 refugium
1806 2941 2001 2990 meum,
2030 2935 2081 2980 et

499 3018 752 3073 liberator
781 3034 944 3072 meus.
981 3016 1124 3072 Deus
1164 3033 1309 3072 meus
1340 3018 1557 3086 adjutor
1586 3032 1752 3083 meus,
1782 3025 1832 3071 et
1861 3016 2081 3084 sperabo

498 3109 556 3164 in
582 3126 700 3164 eum
727 3123 745 3163 :
767 3117 1032 3178 protector
1056 3124 1201 3163 meus
1230 3117 1279 3162 et
1316 3123 1480 3161 cornu
1514 3108 1707 3162 salutis
1727 3124 1853 3162 mea:
1881 3118 1929 3161 et
1957 3124 2081 3162 sus-

2195 1914 2290 1965 τοῦ
2316 1913 2675 1984 προκειμένου
2728 1912 2902 1985 ὕμνου
2926 1914 3016 1967 τὸν
3057 1916 3458 1984 ἐντυγχάνοντα
3492 1914 3785 1986 παραπέμ-

2196 2022 2336 2057 πειν·
2375 2006 2433 2058 ἐν
2460 2000 2542 2068 οἷς
2593 2005 2856 2076 τέλεσινή
2888 2005 3081 2074 κλῆσις
3119 2006 3227 2059 τῶν
3273 2004 3443 2058 ἐθνῶν
3467 2005 3562 2059 καὶ
3593 2009 3626 2076 ἡ
3661 2004 3784 2076 περὶ

2193 2097 2288 2149 τοῦ
2323 2096 2561 2166 Χριστοῦ
2600 2098 2928 2169 προφητεία.
2995 2098 3198 2151 Τοῦτον
3243 2097 3491 2162 θεσπίζει
3533 2097 3625 2151 τὸν
3662 2097 3774 2167 τρόα

2194 2205 2313 2252 πον,
2348 2189 3023 2260 συμπαραλαμϐανομένου
3053 2195 3166 2252 τοῖς
3194 2190 3330 2242 πᾶσι
3360 2190 3451 2242 καὶ
3481 2188 3574 2242 τοῦ
3592 2187 3780 2243 Σαούλ.

2201 2276 2310 2335 Καὶ
2335 2280 2507 2344 ἄλλως
2537 2278 2593 2332 δὲ
2623 2278 2783 2332 αὐτὸν
2817 2280 2881 2332 ἐκ
2926 2266 3109 2350 χειρὸς
3144 2279 3316 2333 Σαοὺλ
3359 2281 3650 2353 ἐρρύσατο,
3683 2284 3782 2356 τῆς

2199 2370 2383 2443 χειρὸς
2425 2369 2683 2432 πολλάκις
2735 2370 2854 2423 ἀντὶ
2890 2370 3140 2439 πράξεως
3187 2371 3775 2445 παραλαμϐανομένης.

2198 2462 2438 2523 Εἰκότως
2487 2456 2580 2513 οὖν
2628 2461 2656 2512 ὁ
2701 2459 3004 2531 ῥυσάμενος
3054 2452 3216 2513 Δαυῒδ
3276 2462 3340 2514 ὲκ
3403 2463 3621 2517 πάντων
3668 2464 3779 2518 τῶν

2200 2552 2408 2624 ἐχθρῶν
2435 2551 2623 2610 αὐτοῦ.
2662 2552 2921 2622 μειζόνως
2953 2551 3115 2604 αὐτὸν
3158 2553 3494 2623 εὐεργετῶν,
3529 2555 3621 2608 καὶ
3648 2555 3768 2610 ταύ-

2197 2659 2297 2716 της
2347 2644 2446 2714 τῆς
2482 2642 2661 2714 χειρὸς
2702 2642 2796 2696 τοῦ
2846 2642 3037 2709 Σαοὺλ,
3088 2645 3334 2698 τουτέστι
3379 2646 3480 2715 τῆς
3525 2648 3777 2719 πράξεως

2199 2736 2388 2799 αὐτοῦ,
2423 2736 2713 2807 ἐρρύσατο,
2740 2735 2815 2798 ὡς
2853 2736 2930 2808 μὴ
2959 2736 3027 2789 τὰ
3050 2737 3212 2807 ὃμοια
3240 2737 3431 2791 παθεῖν
3462 2739 3677 2811 ἐκείνῳ.

2271 2820 2593 2895 Ἅγαπήσω
2619 2841 2715 2889 σε,
2763 2825 2963 2892 Κύιριε,
2998 2825 3178 2893 ἰσχύς
3211 2840 3350 2893 μου·
3388 2824 3605 2891 Κύριος
3642 2838 3779 2876 στε-

2181 2914 2383 2985 ρέωμά
2403 2932 2524 2985 μου
2551 2916 2650 2969 καὶ
2677 2915 2992 2986 καταφυγή
3033 2933 3174 2984 μου,
3226 2914 3324 2968 καὶ
3349 2915 3589 2983 ρὑτης
3636 2933 3778 2984 μου.

2202 3008 2264 3061 '0
2300 3009 2445 3074 Θεός
2469 3026 2609 3077 μου,
2635 3009 2863 3077 ,βοηθός
2887 3025 3032 3078 μου,
3057 3007 3156 3061 καὶ
3198 3006 3386 3060 ἐλπιὼ
3428 3006 3522 3060 ἐπ’
3571 3007 3779 3061 αὐτόν’

2188 3100 2646 3167 ὑπερασπιστὴς
2710 3119 2851 3170 μου,
2920 3101 3021 3155 καὶ
3066 3099 3243 3168 κέρας
3290 3098 3403 3168 τῆς
3480 3098 3779 3168 σωτηρίας

494 3211 673 3271 ceptor
721 3177 865 3255 meus
909 3241 924 3255 .
968 3239 982 3253 .
1030 3240 1045 3256 .
1092 3240 1105 3255 .
1151 3239 1167 3255 .
1227 3241 1241 3255 .
1287 3238 1302 3253 .
1377 3199 1496 3252 Alia
1543 3213 1762 3269 quoque
1813 3200 2083 3254 sententia

2188 3211 2340 3263 μου,
2395 3193 2495 3247 καί
2553 3194 2933 3261 ἀντιλήπτωρ
2987 3210 3107 3263 μου
3149 3230 3164 3248 .
3210 3233 3225 3247 .
3270 3231 3285 3247 .
3330 3232 3347 3247 .
3393 3231 3408 3245 .
3449 3192 3561 3245 Καὶ
3605 3191 3780 3256 ἄλλως

495 3289 667 3347 Deum
698 3299 860 3346 vocat
886 3289 1285 3355 lenitudinem,
1316 3289 1610 3343 humanam
1635 3289 1905 3345 conﬁtens
1933 3290 2083 3344 inﬁr-

2188 3284 2243 3337 δὲ
2273 3286 2426 3355 ἰσχὺν
2456 3285 2613 3338 καλεῖ
2636 3284 2726 3337 τὸν
2753 3283 2907 3348 Θεὸν,
2958 3282 3235 3355 ὁμολογῶν
3278 3283 3376 3355 τὴν
3430 3283 3777 3354 ἀνθρωπίνην

494 3383 769 3446 mit-atem,
817 3396 942 3452 qua:
984 3381 1103 3436 sine
1138 3379 1250 3435 Deo
1281 3380 1416 3434 nihil
1467 3394 1631 3451 agere
1667 3380 1877 3449 valeat;
1913 3397 2083 3451 quare

2188 3377 2493 3442 ἀσθένειαν,
2528 3377 2620 3431 καὶ
2643 3376 2718 3441 ὡς
2751 3376 2904 3430 οὐδὲν
2954 3374 3021 3429 ἂν
3056 3375 3280 3445 ἴσχυσεν
3317 3375 3447 3430 ἄνευ
3494 3374 3651 3428 Θεοῦ’
3680 3374 3778 3429 καὶ

494 3474 579 3531 sic
626 3475 704 3528 ait
742 3473 984 3528 Paulus:
1015 3470 1211 3527 Omnia
1250 3486 1465 3540 possum
1515 3472 1569 3525 in
1609 3468 1821 3526 Christo
1871 3472 1962 3542 qui
2003 3487 2083 3525 me

2188 3468 2400 3533 Παῦλος
2451 3468 2565 3540 γὰρ
2596 3469 2723 3540 ἔφη·
2760 3466 2964 3522 Πάντα
3032 3470 3223 3537 ίσχύω
3270 3468 3341 3522 ἐν
3393 3466 3475 3534 τῷ
3519 3466 3777 3539 ἐνδυνα-

494 3566 762 3637 confortat
786 3565 853 3621 ⁸⁸.
891 3565 1091 3636 Aquila
1124 3579 1291 3634 porro
1335 3574 1389 3619 et
1431 3562 1818 3636 Symmachus,
1864 3564 1984 3619 vice
2013 3563 2082 3618 il-

2188 3561 2398 3631 μοῦντί
2418 3578 2495 3631 με
2518 3560 2774 3630 Χριστῷ.
2815 3558 3045 3626 Ἀκύλας
3098 3562 3155 3615 δὲ
3190 3561 3284 3614 καὶ
3328 3560 3623 3632 Σύμμαχος
3656 3558 3779 3613 ἀντὶ

493 3658 625 3723 lius,
688 3658 981 3730 fortitudo,
1028 3667 1237 3728 petram
1288 3656 1632 3726 interpretati
1690 3663 1861 3710 sunt:
1897 3658 2082 3726 aitque

2188 3654 2298 3720 τοῦ,
2330 3654 2655 3722 στερέωμα,
2692 3653 2898 3721 πέτραν
2927 3655 3302 3726 ἡρμήνευσανο
3329 3653 3435 3724 ἔφη
3485 3652 3544 3706 δὲ
3599 3655 3693 3708 καὶ
3748 3656 3778 3708 ὁ

492 3767 727 3823 magnus
775 3750 1074 3823 Apostolus
1104 3768 1119 3804 :
1147 3747 1313 3802 Petra
1353 3757 1532 3801 autem
1578 3758 1695 3801 erat
1738 3745 1982 3802 Christus
2007 3746 2074 3802 ".

2188 3746 2361 3820 μέγας
2376 3746 2716 3811 Ἀθτόστολος⁸
2734 3746 2796 3801 Ἠ
2808 3746 2993 3814 πέτρα
3008 3745 3075 3799 δὲ
3089 3742 3166 3816 ἦν
3181 3749 3214 3800 ὀ
3225 3740 3496 3815 Χριστός.
3515 3746 3639 3800 Ἐπὶ
3653 3747 3779 3801 ταύ-

491 3841 629 3896 Cum
662 3856 828 3911 supra
870 3847 1081 3910 petram
1115 3838 1279 3902 hanc,
1311 3838 1533 3892 domum
1566 3853 1721 3893 suam
1759 3838 1927 3892 David
1953 3838 2077 3893 fun-

2188 3858 2278 3912 την
2306 3841 2404 3913 τὴν
2435 3840 2643 3912 πέτραν
2661 3841 2760 3913 τὴν
2783 3841 2976 3894 ἑαυτοῦ
3005 3839 3184 3894 οίκίαν
3218 3838 3516 3910 οἰκοδομῶν
3540 3840 3569 3892 ὁ
3586 3838 3771 3901 Δαυῖδ.

490 3930 701 4001 dasset,
728 3932 928 3989 similis
967 3938 1085 3986 erat
1123 3931 1234 3985 viro
1255 3931 1502 4000 sapienti,
1533 3930 1624 4000 qui
1652 3928 1936 4000 wdiﬁcavit
1975 3928 2075 3983 do-

2188 3931 2505 4003 Ξιφωμοίωτο
2544 3931 2625 3997 τῷ
2674 3931 2941 4002 φρονίμῳ
2990 3932 3071 3998 τῷ
3144 3929 3607 3999 οίκοδομήσαντι
3657 3931 3775 3998 τὴν

492 4041 639 4079 mum
678 4040 833 4078 suam
873 4039 1038 4094 supra
1081 4030 1286 4092 petram
1306 4022 1374 4076 ⁸⁸.
1426 4020 1773 4090 Quapropter
1817 4019 2072 4075 omnibus

2188 4023 2395 4078 ἑαυτοῦ
2441 4023 2641 4078 οὶκίαν
2686 4024 2788 4077 ἐπὶ
2821 4023 2937 4093 τὴν
2989 4025 3236 4092 πέτραν.
3288 4024 3380 4077 Διὸ
3431 4024 3525 4077 καὶ
3552 4024 3773 4078 πάντων

488 4116 732 4171 inimicis
771 4116 913 4180 suis,
969 4114 1063 4184 qui
1098 4114 1315 4184 pluviae,
1355 4119 1646 4167 ventorum
1700 4118 1755 4166 et
1783 4109 2071 4164 ﬂuminum

2188 4118 2439 4187 κρείττων
2460 4117 2699 4184 ἐγένετο,
2744 4115 2855 4169 τῶν
2892 4114 3050 4170 ὑετοῦ
3110 4115 3290 4186 δίκην,
3340 4116 3666 4187 πνευμάτων
3709 4132 3770 4169 τε

489 4208 666 4262 instar
697 4207 1096 4277 impingebant,
1151 4204 1406 4274 superior
1454 4202 1681 4257 ell‘ectus
1721 4211 1827 4256 est.
1864 4198 2069 4254 Verum

2188 4208 2270 4263 ιαὶ
2299 4206 2558 4278 ποταμῶν
2598 4206 3046 4279 προσϐαλλόντων
3094 4206 3243 4277 αὐτῷ
3290 4206 3588 4278 πολεμίων.
3626 4206 3767 4260 Ἀλλ’

432 4371 436 4375 γ
487 4312 667 4369 neque
706 4297 1037 4353 satellitibus
1089 4310 1154 4350 ac
1202 4292 1469 4351 exercitui
1525 4291 1771 4348 conlisus
1822 4299 1926 4356 est,
1971 4289 2069 4346 sed

2188 4300 2292 4354 ὧδὲ
2319 4299 2414 4352 ἐπὶ
2442 4298 2780 4371 δορυφόρους
2833 4298 3060 4370 ἤλπιζεν
3108 4298 3141 4370 ἢ
3203 4299 3453 4372 στρατὸν,
3514 4296 3631 4353 ἀλλ’
3672 4297 3768 4352 ἐπὶ

485 4391 599 4448 Deo
621 4406 784 4462 quem
815 4390 1007 4445 habuit
1034 4388 1442 4459 Opitulatorem,
1469 4386 1619 4441 omni
1649 4399 1848 4457 genere
1882 4399 2067 4438 armo-

2188 4383 2322 4455 Debv,
2369 4388 2560 4461 βοηθὸν
2594 4389 2756 4442 αὐτὸν
2782 4387 2945 4459 ἔχων,
2971 4389 3273 4443 πανοπλίαν
3298 4390 3393 4445 καλ⁸
3423 4389 3611 4462 κέρας·
3634 4388 3765 4443 ὥστ’

484 4498 607 4540 rum
656 4485 988 4558 instructum
1030 4491 1085 4536 et
1130 4495 1304 4535 cornu
1352 4480 1571 4544 salutis,
1608 4478 1681 4532 ita
1725 4483 1786 4532 ut
1813 4476 2063 4533 diceret:

485 4573 553 4634 In
584 4585 632 4631 te
654 4577 894 4631 inimicos
929 4585 1137 4630 nostros
1167 4573 1537 4629 ventilabimus
1561 4589 1724 4627 cornu
1745 4573 1813 4627 ⁸⁷.

554 4667 724 4726 Vens.
789 4670 910 4725 5-7.
957 4667 1436 4725 Circumdederunt.
1507 4682 1589 4720 me
1652 4664 1861 4719 datores
1921 4677 2066 4716 mor-

484 4763 574 4827 tis,
599 4771 648 4818 et
680 4771 934 4818 torrentes
962 4763 1262 4833 iniquitatis
1290 4758 1736 4815 conturbauerunt
1760 4772 1862 4811 me.
1899 4754 2067 4810 Dole-

482 4872 566 4911 res
597 4855 790 4926 inferni
828 4854 1293 4910 circumdederunt
1323 4868 1426 4916 me,
1458 4855 1954 4920 praeoccupaverunt
1985 4861 2066 4901 me

482 4945 657 5017 laquei
689 4946 898 4999 mortis.
935 4942 1001 4998 In
1052 4942 1394 4997 tribulatione
1427 4957 1545 4994 mea
1596 4938 1831 4993 inuocaui
1885 4936 2067 4990 Domi-

481 5051 630 5101 num,
664 5046 714 5090 et
763 5035 832 5090 ad
870 5018 1040 5090 Deum
1097 5051 1269 5089 meum
1303 5032 1552 5087 clamavi.
1585 5029 1655 5085 Et
1691 5027 1960 5084 exaudivit
2004 5027 2068 5082 de

483 5127 673 5194 templo
711 5137 895 5182 sancto
931 5143 1027 5183 suo
1059 5143 1233 5182 vocem
1279 5144 1471 5194 meam,
1504 5134 1555 5180 et
1595 5124 1797 5177 clamor
1830 5137 1977 5175 meus
2010 5120 2067 5174 in

481 5228 756 5287 conspectu
776 5220 891 5289 ejus
926 5218 1163 5273 introibit
1188 5221 1241 5273 in
1269 5234 1426 5273 aures
1453 5216 1588 5285 ejus.
1625 5213 1724 5270 His
1756 5213 1918 5268 docet
1953 5224 2064 5282 quo

480 5318 644 5380 pacto
677 5324 708 5363 ιι
728 5299 1073 5366 torrentibus
1112 5309 1426 5381 iniquitatis
1450 5308 1726 5371 turbatus,
1750 5311 1805 5362 et
1835 5303 2063 5373 reliquis

479 5418 604 5474 quae
632 5419 797 5474 supra
844 5412 1221 5459 memorantur
1260 5402 1422 5458 malis
1466 5400 1900 5463 circumventus,
1936 5413 2061 5452 cum

480 5510 543 5551 se
571 5496 628 5552 in
658 5498 904 5568 periculo
932 5498 1293 5552 constitutum
1327 5512 1448 5552 esse
1478 5495 1726 5557 sentiret,
1759 5491 1829 5546 ad
1862 5490 2060 5546 salutis

479 5602 595 5647 sua:
625 5597 843 5660 portum
884 5588 1152 5660 confugit.
1190 5586 1560 5655 Quamobrem
1597 5586 1711 5642 ait:
1745 5582 1815 5638 In
1835 5581 2062 5637 tribula-

552 5767 598 5802 ιι
634 5766 867 5840 Philipp.
922 5785 994 5836 ιν,
1035 5769 1121 5825 t5.
1197 5771 1286 5826 "I
1320 5768 1446 5826 Cor.
1495 5785 1549 5833 ι,
1591 5768 1639 5824 l.

2171 4479 2240 4534 ἂν
2267 4480 2442 4534 εἰπεῖν
2472 4480 2568 4533 καὶ
2594 4476 2777 4533 αὐτόν’
2822 4479 2920 4534 Ἐν
2955 4479 3057 4533 σοί
3112 4479 3256 4546 τοὺς
3297 4481 3553 4550 ἐχθροὺς
3595 4478 3767 4550 ἡμῶν

2169 4570 2577 4639 κερατιοῦμεν.

2239 4661 2574 4731 Περιέσχον
2621 4678 2700 4731 με
2747 4660 2958 4728 ὠδῖνες
2992 4661 3256 4717 θανάτου
3307 4662 3406 4717 καὶ
3457 4662 3767 4734 χείμαρροι

2169 4754 2421 4823 ἀνομίας
2442 4751 2812 4822 ἐξετάραξάν
2825 4770 2923 4823 με.
2956 4753 3177 4819 Ὡδῖνες
3199 4754 3347 4821 ᾅδου
3370 4756 3769 4823 περιεκυκλωε-

2170 4844 2292 4899 σάν
2313 4861 2412 4914 με,
2455 4843 2849 4914 amor-55.06de
2869 4861 2949 4914 με
2970 4846 3219 4915 uarios;-
3250 4844 3533 4900 θανάτου.
3560 4845 3671 4899 Καὶ
3694 4845 3768 4898 ἐν

2172 4937 2254 5004 τῷ
2283 4938 2594 4993 θλίϐεσθαι
2612 4954 2689 5007 με
2711 4936 3180 5007 ἐπεκαλεσάμην
3209 4937 3319 4992 τὸν
3370 4938 3613 5006 Κύριον,
3665 4935 3769 4993 καὶ

2173 5031 2324 5099 πρὸς
2348 5030 2457 5084 τὸν
2503 5030 2651 5084 Geor
2692 5047 2812 5100 μου
2839 5027 3154 5098 ἐκέκραξα.
3193 5031 3500 5085 Ἤκουσεν
3518 5030 3586 5083 ἐκ
3610 5029 3765 5085 ναοῦ

2172 5123 2345 5193 ἁγίου
2378 5124 2565 5177 αὐτοῦ
2594 5122 2710 5193 τὴν
2747 5122 2957 5192 φωνήν
2976 5141 3120 5193 μου,
3159 5123 3256 5176 καί
3299 5123 3337 5192 ἡ
3366 5120 3596 5192 κραυγή
3640 5137 3764 5191 μου

2171 5213 2430 5268 ἐνώπιον
2458 5214 2646 5268 αὐτοῦ
2678 5215 3092 5268 είσελεύσεται
3142 5216 3234 5281 είς
3263 5214 3336 5267 τὰ
3381 5209 3503 5267 ὦτα
3547 5211 3757 5266 αὐτοῦ.

2168 5307 2419 5361 Διδάσκει
2443 5306 2533 5359 διὰ
2562 5305 2768 5360 τούτων
2793 5306 2914 5361 τίνα
2945 5307 3165 5378 τρόπον,
3217 5307 3308 5359 καὶ
3340 5305 3447 5359 ὑπὸ
3486 5305 3596 5358 τῶν
3648 5322 3766 5377 χει-

2171 5400 2398 5472 μάρρων
2429 5399 2528 5469 τῆς
2549 5398 2781 5469 ἀνομίας
2802 5400 3229 5471 ταρασσόμενος,
3259 5398 3355 5451 καὶ
3402 5395 3475 5450 τὰ
3497 5395 3660 5450 λοιπὰ
3691 5396 3763 5450 τὲι

2166 5489 2539 5563 προειρημένα
2583 5490 2839 5560 πάσχων,
2867 5490 3065 5562 ᾔσθετο
3111 5488 3276 5545 αὑτοῦ
3331 5487 3757 5549 κινδυνεύοντος.

2164 5583 2259 5637 ἐπὶ
2278 5581 2369 5635 τὸν
2396 5580 2595 5651 λιμένα
2621 5581 2723 5653 τῆς
2742 5582 2936 5638 ἑαυτοῦ
2982 5584 3254 5657 σωτηρίας
3286 5581 3613 5655 κατέφευγε.
3659 5580 3761 5637 Διό

1721 5766 1765 5800 ⁸⁸
1792 5762 1982 5823 Matth.
2009 5756 2239 5834 ωηιξη.
2318 5761 2363 5796 ⁸⁷
2387 5757 2531 5817 Psal.
2566 5774 2727 5828 mu,
2762 5759 2816 5814 6.
