4094 6378
275 406 369 460 169

1393 411 1904 474 (ΣΟΜῊΕΝΤΔΒΙΑ
1941 416 2007 473 IN
2050 415 2392 473 PSALMOS.

3398 416 3502 473 ΠΟ

274 541 443 594 φησιν·
491 525 587 579 Ἐν
618 526 700 592 τῷ
730 530 1034 584 θλίϐεσθαι
1086 530 1551 604 ἐπεκαλεσάμην
1579 534 1687 587 τὸν
1716 535 1811 587 Κύι

1934 536 2073 589 tione
2125 551 2240 589 mea
2282 533 2516 588 invocavi
2568 531 2874 596 Dominum,
2923 538 2974 585 et
3016 530 3086 585 ad
3127 529 3295 586 Deum
3331 547 3501 586 meum

271 631 407 679 ριον,
436 616 531 669 καί
586 618 731 685 πρὸς
802 620 908 675 τὸν
959 624 1108 677 Θεόν
1159 640 1281 693 μου
1326 624 1643 694 ἐκέκραξα.
1693 621 1827 685 Εἶτα

268 703 511 768 διδάσκει,
555 705 630 770 ὡς
685 709 787 763 οὐκ
830 713 1095 783 ἠστόχησε
1168 713 1265 767 τοῦ
1336 716 1537 769 σκοποῦ
1603 716 1829 770 τοιαῦτα

268 796 564 860 πιστεύσας·
593 799 633 865 ἡ
660 803 770 873 γάρ
801 802 975 870 ἐλπὶς
999 808 1071 860 οὐ
1095 810 1503 878 καταισχύνει.
1522 807 1613 861 Διὸ
1639 810 1831 879 ἐπιφέ-

268 902 363 957 ρει·
397 889 691 945 Ἤκουσεν
711 893 782 946 ἐκ
810 896 958 949 ναοῦ
990 897 1161 967 ἁγίου
1189 900 1375 955 αὐτοῦ
1432 900 1640 970 φωνῆς
1685 920 1826 971 μου,

266 979 355 1031 καὶ
383 979 420 1048 ἡ
454 982 687 1051 κραυγή
717 1003 838 1053 μου
899 989 1157 1043 ἐνώπιον
1202 991 1388 1047 αὐτοῦ
1412 996 1830 1049 εἰσελεύσεται

264 1075 341 1139 είς
366 1074 435 1128 τὰ
480 1071 606 1130 ὦτα
652 1080 857 1135 αὐτοῦ.
888 1083 1032 1136 Ναὸν
1074 1085 1129 1138 δέ
1171 1086 1306 1139 Θεοῦ
1339 1090 1396 1139 ἐν
1431 1088 1641 1153 τούτοις
1678 1094 1830 1145 ποῖον

264 1166 357 1239 χρὴ
397 1172 532 1222 νοεῖν
566 1169 955 1240 λέγεσθαι’ὐπὸ
974 1177 1069 1230 τοῦ
1092 1178 1274 1242 Δαυῒδ,
1325 1182 1490 1251 μήπω
1515 1182 1609 1235 τοῦ
1638 1185 1696 1236 ἐν
1735 1185 1833 1237 Ἱε-

264 1258 567 1330 ροσολύμοις
598 1262 747 1317 οἴκου
800 1266 1332 1337 κατεσκευασμένου,
1380 1268 1413 1341 ἢ
1461 1270 1680 1334 πάντως
1722 1288 1826 1323 που

260 1348 348 1421 τὴν
388 1352 708 1424 ἐπουράνιον
734 1355 887 1410 πόλιν
929 1356 1024 1411 τοῦ
1053 1358 1211 1423 Θεοῦ,
1270 1361 1365 1414 καὶ
1396 1362 1496 1433 τὴν
1545 1362 1657 1415 ἄνω
1728 1364 1826 1415 Ἱε-

264 1444 537 1516 ρουσαλὴμ,
574 1443 643 1520 ἦς
665 1448 829 1504 εἰκὼν
870 1450 1164 1522 ἐτύγχανεν
1210 1454 1239 1507 ὁ
1272 1455 1363 1507 ἐπὶ
1404 1456 1503 1526 τῆς
1532 1456 1636 1525 γῆς
1692 1474 1827 1511 κατ-

258 1538 639 1608 ισκευασμένος
657 1542 792 1605 νεώς
813 1558 829 1608 ;

317 1629 415 1682 Καὶ
443 1631 749 1703 ἐσαλεύθη
785 1635 881 1689 καί
921 1637 1204 1706 ἔντρομος
1233 1638 1485 1708 ἐγενήθη
1525 1642 1564 1710 ὴ
1602 1640 1698 1712 τῆ,
1727 1643 1824 1696 καὶ

257 1719 319 1774 τὰ
344 1723 581 1791 θεμέλια
612 1725 731 1780 τῶν
762 1728 945 1796 ὀρέων
976 1730 1397 1800 ἐταράχθησαν
1433 1734 1532 1787 καὶ
1567 1735 1822 1790 ἐσαλεύ-

258 1817 451 1881 θησαν,
499 1816 597 1872 ὅτι
647 1820 913 1889 ὠργίσθη
969 1823 1174 1889 αὐτοῖς
1221 1826 1253 1877 ό
1298 1827 1462 1891 Θεός.
1511 1827 1823 1885 Λευκότατα

258 1907 595 1979 προςητεύων
627 1909 724 1981 τὴν
770 1911 1070 1969 κατάϐασιν
1101 1914 1193 1968 τοῦ
1225 1916 1432 1988 Κυρίου
1476 1916 1563 1971 διὰ
1600 1918 1692 1972 τὸν
1721 1919 1819 1973 θά-

256 1994 393 2049 imm
422 2000 513 2052 καὶ
555 2001 691 2063 τοὺς
718 2001 1057 2073 χειμάρρους
1094 2004 1194 2074 τῆς
1229 2004 1478 2075 ἀνομίας,
1516 2004 1606 2059 διά
1633 2023 1691 2059 τε
1720 2006 1819 2070 τάς

255 2086 424 2153 ὠδῖνας
454 2090 547 2144 τοῦ
582 2091 715 2162 ᾅδου
755 2094 849 2146 καὶ
878 2094 977 2159 τὰς
1014 2095 1248 2164 παγίδας
1282 2096 1378 2151 τοῦ
1430 2096 1687 2161 θανάτου,
1722 2097 1819 2169 τὴν

255 2176 306 2246 ἐξ
340 2181 572 2254 οὐρανῶν
614 2184 913 2240 κατάϐασιν
944 2187 1334 2258 πεποιημένου.
1383 2188 1506 2242 Ἐπὶ
1546 2192 1612 2261 τῇ
1647 2206 1818 2243 κατα-

255 2271 387 2325 ϐάσει
424 2275 594 2329 αὐτοῦ
651 2276 773 2331 τίνα
821 2279 1137 2351 πέπρακται
1184 2282 1560 2354 προδιηγεῖται
1607 2281 1813 2351 λέγων·

256 2364 345 2418 Kal
369 2367 674 2437 ἐσαλεύθη
706 2370 805 2424 καὶ
853 2372 1139 2444 ἔντρομος
1178 2373 1433 2445 ἐγενήθη
1472 2376 1511 2443 ἡ
1550 2374 1626 2445 γῆ
1651 2391 1663 2404 ·
1699 2375 1817 2428 ἀνθ’

253 2449 303 2509 οδ
335 2457 556 2523 ’Δκύλας
608 2461 773 2531 φησί·
804 2465 913 2517 Καὶ
945 2465 1189 2534 ἐκινήθη
1240 2467 1340 2520 καὶ
1369 2468 1616 2535 ἐσείσθη
1645 2468 1683 2535 ἡ
1716 2466 1811 2536 γῆ.

254 2547 510 2621 Μαρτυρεί
543 2551 610 2604 δὲ
638 2553 716 2623 τῷ
741 2552 885 2625 λόγῳ
912 2554 972 2609 τὸ
996 2556 1179 2628 ἔργον.
1230 2557 1317 2621 Ὠς
1355 2557 1467 2628 γὰρ
1495 2557 1753 2628 ἐπεδήμει
1785 2560 1815 2609 ὁ

261 2636 390 2702 Ὺὶδς
428 2640 521 2694 τοῦ
555 2641 701 2695 Θεοῦ
728 2645 795 2714 τῇ
829 2646 899 2716 γῇ
922 2646 1063 2700 κατὰ
1087 2648 1187 2719 τὴν
1216 2646 1479 2719 ἐνσαρκον
1511 2647 1675 2702 αὐτοῦ
1709 2664 1815 2701 παν

255 2733 471 2805 ρουσίαν,
515 2736 728 2802 πάντες
758 2743 807 2791 ot
841 2739 903 2791 τὸ
948 2740 1047 2811 τῆς
1094 2740 1193 2811 γῆς
1231 2745 1489 2812 στοιχεῖον
1539 2740 1815 2804 οἰκοῦντες

252 2824 553 2899 ἐκινήθησαν
583 2829 688 2883 καὶ
723 2831 1072 2902 ἐσείσθησαν·
1106 2834 1257 2888 πᾶσά
1279 2851 1339 2887 τε
1362 2833 1498 2904 ἀκοὴ
1530 2832 1811 2903 Ἑλληνική

251 2933 301 2971 τε
330 2920 415 2971 καὶ
446 2920 730 2993 βάρὸαρος
754 2921 1053 2995 ἐπληροῦτο
1092 2926 1193 2996 τῆς
1238 2926 1366 2997 περὶ
1395 2924 1559 2979 αὑτοῦ
1602 2925 1813 2995 φήμης.

253 3006 320 3061 Τά
343 3008 395 3062 δέ
420 3010 694 3083 λεγόμενα
725 3014 834 3067 τῶν
859 3015 1027 3086 ὀρέων
1057 3016 1280 3086 Θεμέ).ια
1310 3016 1684 3087 ἐταράχθησαν
1718 3014 1812 3068 καὶ

252 3098 595 3175 ἐσαλεύθησαν
618 3121 637 3134 ·
675 3104 707 3175 ἢ
754 3105 895 3159 κατὰ
924 3106 1015 3159 τὸν
1056 3106 1373 3178 Σύμμαχον,
1419 3106 1809 3176 περιετράπη-

1933 626 2178 681 clamavi.
2217 624 2427 680 Exinde
2468 625 2627 679 docet
2678 639 2737 680 se
2784 639 2813 677 a
2857 635 3026 692 sc0po
3078 622 3302 678 minime
3342 622 3502 678 aber-

1929 734 2105 782 rasse,
2138 734 2260 772 cum
2294 717 2387 772 tali
2420 718 2614 773 ﬁducia
2645 718 2841 789 plenus
2876 726 3058 783 esset;
3084 732 3212 771 nam
3250 732 3363 785 spes
3397 734 3501 771 non

1930 810 2204 879 confundit
2226 811 2293 864 ⁵⁸.
2326 808 2561 880 Ideoque
2608 810 2891 881 subjungit
2918 830 2931 865 :
2960 808 3248 865 Exaudivit
3276 809 3342 865 de
3379 818 3504 864 tem-

1927 900 2015 970 plo
2038 911 2222 955 sancto
2248 917 2343 955 suo
2371 917 2545 955 vocem
2576 917 2767 965 meam,
2795 910 2845 954 et
2878 900 3083 955 clamor
3110 918 3255 955 meus
3292 901 3348 955 in
3380 917 3504 956 con-

1929 1002 2110 1061 spectu
2164 992 2279 1061 ejus
2325 992 2567 1050 introibit
2618 994 2674 1046 in
2717 1008 2871 1047 aures
2896 993 3031 1061 ejus.
3075 992 3361 1063 Templum
3403 992 3501 1047 Dei

1927 1082 2207 1151 quodnam
2261 1098 2290 1136 a
2330 1082 2532 1139 Davide
2588 1084 2882 1139 memorari
2934 1084 3024 1139 hic
3067 1083 3499 1154 intelligendum,

1929 1190 2055 1228 cum
2084 1174 2576 1247 Hierosolymitana
2604 1175 2800 1234 domus
2848 1177 3090 1231 nondum
3144 1176 3378 1234 excitata
3420 1190 3503 1231 es-

1929 1276 2048 1333 set;
2081 1268 2186 1323 nisi
2228 1268 2507 1323 caelestem
2541 1266 2634 1322 Dei
2673 1269 2972 1332 civitatem,
3023 1283 3315 1343 supernam
3348 1267 3499 1322 illam

1926 1358 2251 1424 Jerusalem,
2285 1361 2443 1430 cujus
2479 1360 2658 1431 imago
2683 1362 2786 1415 fuit
2812 1361 3073 1432 templum
3111 1360 3165 1415 in
3195 1368 3342 1416 terra
3368 1376 3502 1417 con-

1929 1464 2194 1510 structum
2213 1455 2236 1509 ?

2002 1632 2166 1689 Vens.
2208 1632 2263 1687 8.
2291 1631 2568 1688 Commota
2590 1640 2669 1687 est
2698 1640 2749 1687 ct
2775 1632 3087 1689 contremuit
3113 1641 3276 1698 terra,
3301 1630 3499 1700 funda-

1926 1737 2105 1781 menta
2140 1728 2403 1781 montium
2455 1725 2769 1782 conturbata
2798 1737 2921 1779 sunt
2963 1734 3012 1780 et
3070 1732 3330 1780 commota
3353 1733 3498 1790 sunt,

1926 1822 2177 1891 quoniam
2223 1820 2394 1874 iratus
2427 1829 2507 1873 est
2551 1820 2627 1874 eis
2669 1818 2834 1872 Deus.
2880 1816 3006 1873 Istis
3052 1815 3501 1871 manifestissime

1855 1883 2258 1964 Buaticinatur
2312 1907 2558 1963 futurum
2619 1906 2837 1962 Domini
2891 1905 3219 1961 descensum
3275 1912 3501 1975 propter

1921 2010 2176 2065 mortem,
2199 2016 2416 2057 necnon
2439 2007 2665 2071 propter
2714 2008 2990 2055 torrentes
3030 1999 3364 2069 iniquitatis,
3400 1996 3500 2053 do-

1921 2092 2067 2149 lores
2121 2092 2346 2158 inferni,
2414 2102 2469 2148 et
2507 2093 2734 2163 laqueos
2766 2092 3003 2159 mortis;
3054 2107 3175 2163 qua:
3226 2093 3283 2147 in
3330 2106 3500 2148 causa

1920 2183 2074 2240 fuere
2099 2199 2200 2239 cur
2226 2200 2294 2240 ex
2327 2184 2485 2238 cmlis
2517 2182 2896 2238 descenderet.
2937 2181 2997 2237 In
3020 2182 3289 2240 descensu
3313 2194 3496 2239 autem

1918 2278 2041 2347 ejus
2062 2292 2309 2348 quaenam
2336 2285 2487 2348 gesta
2511 2277 2642 2339 sint,
2678 2276 2833 2345 prius
2856 2276 3134 2329 enarravit
3171 2274 3258 2331 bis
3290 2276 3491 2333 verbis:

1918 2371 2197 2427 Commota
2224 2380 2302 2426 est
2338 2380 2389 2425 et
2425 2369 2738 2425 contremuit
2769 2378 2911 2425 terra
2941 2386 2959 2423 :
2984 2384 3082 2439 pro
3122 2384 3231 2439 quo
3269 2368 3489 2440 Aquila,

1919 2471 2064 2517 mota
2080 2470 2157 2517 est
2184 2471 2234 2517 et
2250 2479 2507 2517 concussa
2529 2471 2607 2517 est
2639 2470 2803 2526 terra,
2829 2460 3245 2532 interpretatur.
3268 2459 3335 2516 Et
3360 2474 3495 2515 sane

1917 2556 2049 2610 dicti
2072 2556 2219 2610 illius
2245 2556 2533 2609 veritatem
2563 2569 2653 2609 res
2680 2553 2795 2623 ipsa
2814 2560 2967 2624 gesta
2984 2552 3314 2609 testiﬁcatur
3334 2568 3347 2605 :
3368 2566 3495 2605 cum

1917 2646 2064 2700 enim
2090 2642 2264 2699 Filius
2285 2642 2379 2699 Dei
2406 2644 2459 2696 in
2482 2650 2652 2708 terra,
2684 2648 2928 2712 tempore
2957 2640 3226 2697 adventus
3255 2639 3340 2695 sui
3370 2654 3496 2696 car-

1918 2738 2079 2803 nalis,
2112 2734 2601 2808 peregrinabatur;
2636 2740 2907 2804 quotquot
2947 2740 3228 2787 terrenum
3255 2733 3495 2788 elemen-

1915 2838 2031 2883 tum
2078 2828 2346 2893 incolunt,
2403 2826 2664 2882 commoti
2706 2840 2771 2880 ac
2821 2825 3078 2880 concussi
3109 2832 3259 2889 sunt,
3305 2838 3370 2879 ac
3396 2840 3495 2896 per

1915 2920 2227 2976 Graecorum
2256 2919 2733 2989 barbarorumque
2779 2931 2943 2974 aures
2971 2916 3175 2989 ubique
3198 2915 3342 2970 fama
3369 2916 3491 2986 ejus

1913 3012 2222 3084 percrebuit
2248 3027 2262 3063 :
2303 3026 2367 3066 ea
2393 3025 2524 3065 vero
2553 3024 2675 3081 quae
2705 3008 3059 3064 fundamenta
3095 3008 3357 3063 montium
3392 3025 3491 3064 vo-

1914 3113 2129 3170 cantur,
2155 3103 2480 3159 conturbata
2518 3114 2647 3159 sunt
2673 3113 2726 3159 et
2750 3110 3024 3160 commota
3055 3107 3204 3165 sunt,
3234 3099 3493 3171 veljuxta

250 3204 370 3277 σαν,
402 3193 487 3246 ὅτι
506 3194 777 3264 ἀιογείσθη
823 3196 1047 3271 αὐτοῖς.
1086 3199 1225 3269 Ὀρη
1250 3198 1307 3251 δέ
1338 3193 1405 3269 ἦν
1438 3197 1507 3251 τὰ
1539 3196 1809 3268 ὑψώματα

1916 3198 2326 3270 Symmachum,
2360 3198 2709 3251 circumversa
2745 3204 2889 3258 sunt,
2916 3196 3356 3264 quoniamiratus
3416 3202 3493 3247 est

251 3276 308 3330 τά
326 3281 659 3352 ὲπαιρόμενα
689 3283 831 3336 κατά
855 3284 955 3356 τῆς
981 3285 1235 3354 γνώσεως
1256 3287 1350 3340 τοῦ
1371 3286 1528 3352 Θεοῦ,
1550 3288 1805 3361 δυνάμεις

1913 3290 2003 3343 eis.
2032 3286 2240 3343 Montes
2269 3294 2448 3342 autem
2471 3285 3004 3341 erantsublimitates
3024 3300 3215 3340 omnes
3244 3300 3365 3355 quae
3392 3284 3489 3337 ad-

248 3371 371 3434 τινὲς
411 3374 813 3444 άντικείμεναι,
851 3377 909 3428 αι
952 3376 1043 3430 τὸν
1092 3379 1301 3451 μακρὸν
1334 3380 1507 3434 αἰῶνα
1556 3382 1681 3445 τοὺς
1714 3382 1808 3435 ἐπὶ

250 3461 337 3529 τῆς
358 3464 599 3529 ἅπαντας
626 3467 1085 3539 ἀποπλανήσασαι
1109 3468 1200 3525 διὰ
1229 3470 1331 3539 τῆς
1364 3470 1624 3525 πολυθέου
1652 3473 1809 3526 δεισι-

248 3547 517 3619 δαιμονίας.
552 3553 781 3609 Τούτων
812 3552 903 3610 οὖν
922 3555 1110 3626 ὀρέων
1124 3560 1201 3616 τὰ
1213 3559 1457 3631 θεμέλια
1472 3561 1716 3615 τουτέστι
1740 3562 1809 3617 τὰ

252 3638 366 3713 βάθη
406 3646 498 3699 καὶ
525 3648 579 3701 oi
613 3646 895 3719 λογισμοὶ,
922 3649 1021 3721 τῆς
1055 3650 1147 3706 τοῦ
1182 3654 1388 3725 Κυρίου
1421 3654 1701 3724 δυνάμεως
1725 3658 1808 3710 αι-

250 3731 478 3805 αθόμενα,
510 3736 969 3809 ἐταράχθησαν,
998 3736 1089 3791 ὅτι
1111 3743 1378 3813 ὠργίσθη
1410 3733 1633 3802 αὐτοῖς.

303 4001 361 4056 Τί
384 4000 474 4059 οὖν
494 4006 723 4079 ἐνεργεῖ
740 4010 774 4078 ἡ
791 4010 927 4081 ὀργὴ
944 4011 1084 4065 κατὰ
1099 4011 1205 4065 τῶν
1222 4013 1593 4068 άποδοθὲντων
1608 4014 1801 4087 ὁρέων,

246 4090 352 4163 ἑξῆς
369 4096 606 4152 διδάσκει
629 4098 810 4167 λέγων
826 4118 838 4130 ·
871 4101 1067 4170 Ἀνέϐη
1093 4104 1323 4171 καπνὸς
1341 4106 1411 4159 ἐν
1429 4106 1576 4177 ὀργῇ
1596 4109 1802 4164 αὐτοῦ.

250 4183 429 4261 Ὥσπερ
473 4191 587 4263 γάρ
627 4192 794 4246 δαλοῦ
846 4196 1137 4266 καιομένου
1185 4196 1292 4250 ὑπὸ
1344 4200 1538 4268 πυρὸς,
1566 4201 1803 4257 κᾶπειτα

247 4275 599 4352 σϐεννυμένου,
655 4284 865 4349 καπνὸς
912 4287 1239 4353 ἀποδίδοται,
1270 4289 1361 4343 τὸν
1410 4292 1571 4345 αὐτὸν
1603 4294 1804 4365 τρόπον

245 4368 291 4420 αἱ
315 4371 683 4445 άντικείμεναι
706 4375 984 4448 δυνάμεις,
1026 4380 1193 4436 πάλαι
1236 4384 1336 4454 μὲν
1368 4385 1632 4457 πρότερον
1672 4391 1807 4463 πυρὶ

245 4464 727 4538 παραϐαλλόμεναι,
744 4469 841 4534 τὰς
863 4471 971 4525 τῶν
1012 4472 1315 4546 ἀνθρώπων
1339 4476 1516 4549 ψυχὰς
1546 4481 1809 4552 κατέφλε-

1909 3395 2103 3436 versus
2126 3379 2512 3449 cogitationem
2542 3378 2635 3433 Dei
2661 3378 3033 3447 erigebantur,
3064 3377 3276 3433 sciliCct
3303 3375 3492 3431 adver—

1911 3471 2070 3527 saria“:
2102 3469 2352 3540 quaedam
2399 3476 2718 3539 potestates,
2754 3483 2876 3538 quae
2930 3464 3027 3539 per
3060 3469 3220 3539 longa
3260 3470 3489 3524 saeculo—

1911 3579 2034 3618 rum
2058 3563 2233 3633 spatia
2268 3562 2572 3631 terrigenas
2602 3576 2792 3617 omnes
2849 3561 2905 3614 in
2952 3561 3335 3632 multiplicium
3358 3562 3489 3616 deo-

1909 3669 2034 3711 rum
2094 3652 2541 3723 superstitionem
2608 3661 2771 3722 atque
2822 3668 3067 3708 errorem
3124 3652 3484 3709 abduxerunt.

1910 3743 2115 3801 Horum
2148 3746 2311 3815 igitur
2341 3745 2598 3798 montium
2636 3744 3005 3813 fundamenta,
3067 3745 3122 3799 id
3161 3753 3248 3801 est
3290 3746 3486 3801 altiora

1910 3836 2139 3891 consilia
2166 3848 2222 3891 et
2253 3836 2636 3905 cogitationes,
2669 3834 2882 3889 Domini
2914 3836 3171 3891 virtutem
3202 3852 3327 3892 cum
3354 3852 3485 3907 per-
3530 3824 3531 3827 “

1910 3926 2292 3989 sentiscerent,
2325 3924 2637 3979 conturbata
2653 3933 2794 3990 sunt,
2819 3926 3068 3996 quoniam
3103 3927 3273 3981 iratus
3298 3928 3485 3986 csteis.

1982 4016 2147 4072 Vens.
2184 4016 2237 4081 9,
2270 4018 2356 4073 10.
2386 4017 2527 4087 Quid
2572 4017 2754 4087 itaque
2784 4027 3039 4091 operetur
3078 4019 3156 4073 ira
3225 4018 3486 4076 adversus

1911 4120 2126 4166 montes
2154 4110 2277 4164 illos
2308 4111 2413 4165 sibi
2445 4108 2699 4174 traditos,
2724 4109 2921 4164 deinde
2959 4111 3133 4181 aperit
3164 4111 3317 4166 hisce
3362 4126 3485 4167 ver-

1909 4204 2033 4259 bis:
2072 4203 2319 4258 Ascendit
2351 4204 2529 4272 fumus
2566 4203 2721 4256 inira
2740 4202 2875 4272 ejus.
2910 4200 3061 4257 Sicut
3111 4204 3255 4258 enim
3320 4204 3485 4259 torris

1911 4294 2114 4365 ignitus
2136 4294 2183 4348 si
2204 4294 2605 4364 exstinguatur,
2634 4302 2763 4347 tunc
2814 4292 3000 4348 fumus
3028 4295 3319 4361 emittitur,
3364 4294 3484 4364 pari

1910 4385 2074 4441 modo
2094 4384 2421 4441 adversariae
2452 4392 2750 4455 potestates
2779 4384 2892 4453 jam
2918 4384 3127 4455 pridem
3150 4384 3481 4455 conjectaein

1909 4480 2129 4548 ignem,
2182 4476 2463 4533 hominum
2511 4477 2723 4531 animas
2783 4476 3150 4531 incendebant
3197 4477 3485 4532 combureo

244 4567 321 4648 γον
343 4558 429 4610 καὶ
460 4559 750 4627 ἐξέκαιον·
788 4563 912 4619 ἐπεὶ
941 4564 986 4618 δ’
1027 4566 1315 4625 ἐσϐέννυτο
1358 4572 1540 4626 αὐτῶν
1581 4574 1643 4627 τὸ
1688 4574 1801 4648 πῦρ

1913 4569 2147 4641 bamque
2172 4586 2186 4635 ;
2218 4570 2345 4638 igne
2373 4574 2554 4622 autem
2572 4568 2642 4621 ab
2666 4567 2746 4624 ira
2766 4564 2981 4621 Domini
2996 4569 3288 4632 exstincto,
3318 4567 3483 4623 emis-

244 4645 332 4699 ὑπὸ
363 4650 460 4720 τῆς
495 4654 675 4723 ὀργῆς
701 4653 797 4708 τοῦ
828 4656 1055 4728 Κυρίου,
1086 4659 1155 4713 τά
1189 4664 1389 4733 σημεῖα
1416 4666 1518 4734 τῇς
1564 4645 1803 4731 σδέσεως

242 4737 398 4825 abstini
440 4743 637 4815 ἐδήλου
683 4746 713 4797 δ
760 4745 819 4812 ἐξ
862 4747 1041 4803 αὐτῶν
1073 4752 1530 4825 ἀναπεμπόμενος
1575 4759 1798 4823 καπνός.

241 4824 337 4881 Εἴθ’
364 4832 488 4903 ἑξῆς
519 4835 777 4908 etp-near
805 4840 918 4893 Kal
952 4840 1072 4909 πῦρ
1098 4843 1219 4897 ἀπὸ
1255 4824 1580 4913 προσώπου
1612 4852 1799 4907 αὑτοῦ

241 4926 759 4996 ωταςρλεγήσεται·
775 4929 1067 4999 ἄνθρακες
1084 4935 1449 5007 ἀνηέρθησαν
1468 4941 1568 4995 ἀπ’
1589 4943 1797 4999 αὑτοῦ.

242 5010 403 5071 ταῦτα
431 5019 541 5091 γὰρ
570 5020 602 5071 ὁ
630 5020 729 5074 τοῦ
770 5022 904 5078 Θεοῦ
955 5025 1083 5091 Υἱὸς
1124 5029 1346 5100 ἐνήργει
1392 5033 1612 5101 ἀφανῶς
1654 5038 1796 5093 κατὰ

241 5105 330 5157 τῶν
357 5111 755 5183 ἀντικειμένων
783 5114 1085 5188 δυνάμεων,
1120 5119 1181 5173 τὸ
1218 5121 1328 5193 πῦρ
1376 5124 1535 5178 αὑτὸν
1570 5126 1794 5193 σϐεννὺς

243 5195 389 5272 ἑτέρῳ
412 5204 548 5275 πυρὶ
578 5205 849 5277 κρείττονι
894 5211 986 5263 καὶ
1011 5210 1383 5287 δυνατωτέρῳ.
1416 5216 1508 5268 Διὸ
1547 5216 1795 5273 λέλεκται

244 5292 370 5360 παρὰ
398 5294 653 5347 Μωῡσεῖ·
706 5297 758 5349 ’0
793 5298 938 5366 Θεὸς
974 5300 1144 5369 ἡμῶν
1184 5303 1304 5371 πῦρ
1346 5310 1797 5363 καταναλίσκον

243 5377 376 5436 ἐστί·
404 5387 497 5440 καί
522 5390 585 5441 ἐν
608 5388 889 5462 Ψαλμοῖς·
908 5392 1037 5461 Πῦρ
1064 5394 1345 5451 ἐναντίον
1365 5400 1552 5455 αὐτοῦ
1575 5414 1798 5471 προπο-

239 5485 506 5542 mactat,
530 5480 636 5532 καὶ
656 5481 892 5551 gloria?
913 5485 1121 5548 κύκλῳ
1144 5487 1287 5554 τοὺς
1308 5488 1564 5559 ἐχθροὺς
1586 5494 1791 5548 αὐτοῦ·

246 5560 321 5611 ιισί
348 5565 520 5620 πάλιν·
574 5568 644 5621 '0
690 5571 829 5638 Θεὸς
858 5573 1135 5643 ἐμφανῶς
1166 5576 1317 5645 ἣξει,
1345 5583 1377 5633 ὀ
1409 5581 1553 5649 Θεὸς
1596 5583 1792 5653 ἡμῶν,

246 5653 325 5705 καὶ
348 5660 416 5711 οὐ
452 5664 1097 5734 παρασιωπηθήσεται·
1148 5670 1269 5740 πῦρ
1311 5670 1567 5729 ἐνώπιον
1607 5678 1795 5733 αὐτοῦ

1904 4678 2001 4723 sus
2044 4663 2171 4718 inde
2214 4660 2398 4719 fumus
2452 4660 2835 4719 exstinctionis
2862 4660 3016 4731 signa
3042 4660 3231 4715 edidit.
3274 4658 3481 4714 Deinde

1907 4758 2082 4829 pergit
2118 4756 2323 4821 dicere,
2359 4763 2409 4810 et
2455 4755 2591 4826 ignis
2627 4772 2659 4808 a
2693 4754 2830 4823 facie
2857 4754 2971 4823 ejus
2995 4754 3320 4816 exardescet,
3352 4768 3475 4807 cur-

1906 4849 2063 4903 bones
2094 4848 2330 4905 succensi
2356 4857 2479 4902 sunt
2510 4845 2575 4900 ab
2599 4862 2682 4902 eo.
2718 4845 2845 4900 Huic
2876 4846 3059 4900 omnia
3081 4846 3225 4899 enim
3257 4842 3351 4897 Dei
3382 4841 3477 4895 Fi-

1907 4940 2015 4996 lius
2043 4947 2236 4995 contra
2263 4939 2605 4995 adversarias
2623 4945 2927 5011 potestates
2950 4938 3090 4991 clam
3119 4934 3473 5009 operabatur,

1904 5034 1996 5105 qui
2026 5048 2215 5088 eorum
2260 5032 2440 5103 ignem
2483 5032 2657 5087 altero
2705 5031 2828 5101 igne
2857 5029 3149 5101 potentiori
3183 5042 3249 5082 ac
3286 5026 3477 5082 arden-

1907 5123 2033 5178 tiori
2082 5123 2441 5177 exstinxerat.
2492 5118 2674 5190 Quare
2737 5120 2879 5188 apud
2931 5118 3169 5189 Moysem
3223 5116 3471 5171 dicitur:

1902 5214 2044 5269 Deus
2072 5223 2251 5268 noster
2278 5214 2411 5283 ignis
2464 5228 2773 5265 consumens
2816 5219 2895 5263 est
2924 5209 2991 5273 ⁸⁵,
3026 5216 3079 5263 et
3120 5208 3175 5261 in
3206 5205 3471 5277 psalmis:

1905 5304 2051 5375 Ignis
2072 5316 2192 5361 ante
2217 5307 2386 5376 ipsum
2416 5308 2690 5377 pra’cedet,
2719 5302 3137 5374 etin/lammabit
3171 5302 3225 5354 in
3248 5300 3472 5354 circuitu

1904 5400 2145 5455 inimicos
2172 5401 2287 5471 ejus
2307 5400 2351 5432 ⁶⁰
2373 5419 2388 5467 ;
2414 5416 2477 5456 ac
2495 5415 2713 5455 rursum
2753 5413 2767 5450 :
2803 5396 2944 5451 Deus
2979 5393 3257 5464 manifeste
3282 5391 3469 5458 reuiet,

1904 5489 2045 5546 Deus
2068 5500 2262 5559 noster,
2289 5500 2338 5545 et
2392 5508 2494 5544 non
2543 5490 2755 5544 silebit:
2786 5487 2919 5556 ignis
2963 5486 3017 5538 in
3059 5492 3335 5553 conspectu
3357 5483 3472 5551 ejus

1902 5586 2227 5651 exardescet,
2270 5595 2320 5639 et
2350 5586 2407 5637 in
2455 5584 2681 5638 circuitu
2724 5580 2838 5650 ejus
2873 5587 3153 5647 tempestas
3198 5575 3378 5632 ualida
3401 5575 3470 5629 “.

1903 5676 2061 5733 nunc
2077 5676 2240 5733 etiam
2284 5676 2462 5747 ignem
2513 5675 2761 5730 Salvator
2791 5672 3096 5729 indicavit:
3134 5668 3313 5741 Ignem
3357 5667 3471 5723 coni

302 5806 510 5869 “Rom.
545 5831 604 5879 ν,
647 5814 706 5870 5.
778 5819 824 5852 ⁸⁹
851 5819 1011 5878 Deut.
1045 5840 1125 5889 iv,
1152 5823 1244 5881 24.
1320 5828 1366 5861 ⁸ο
1388 5827 1532 5887 Psal.
1567 5845 1711 5902 xcw,
1748 5832 1799 5893 5.

1913 5838 1921 5867 ι
1966 5833 2109 5890 Psal.
2159 5847 2308 5897 ιιις,
2356 5832 2410 5887 5.

494 5909 781 5973 Ριτιοι.
808 5910 926 5976 Gtt.
960 5916 1195 5996 XXIII.

3190 5930 3228 5988 6
