4094 6378
535 355 633 414 ΠΙ

1234 353 1502 412 EUSEBII
1543 350 2022 411 CESARIENSIS
2059 349 2209 405 OPP.
2252 344 2433 403 PARS
2465 344 2552 402 111.
2585 374 2642 386 -
2695 340 3108 398 EXEGETICA.

3562 339 3563 342 “
3669 337 3774 394 1⁸12

529 474 736 529 mittere
759 474 813 528 in
833 482 1046 536 terram,
1073 481 1120 526 et
1151 472 1276 541 quid
1307 474 1422 528 volo
1453 473 1500 526 si
1510 473 1627 542 jam
1646 488 1894 526 accensus
1917 470 1986 524 sit
2012 469 2096 524 ⁸⁸7

2205 464 2586 530 καυθήσεται,
2616 459 2718 514 καὶ
2765 459 2972 525 κύκλῳ
3001 455 3186 512 αὑτοῦ
3229 453 3499 522 καταιγίς
3526 449 3780 520 σφόδρα.

530 563 657 620 Haec
686 579 851 635 porro
899 564 1081 618 omnia
1137 561 1278 617 facta
1337 573 1486 627 sunt,
1527 563 1786 633 quoniam
1829 561 2101 614 inclinavit

529 653 686 707 calas
718 663 766 708 et
800 652 1084 706 descendit.
1116 651 1302 722 Neque
1327 669 1495 706 umim
1529 650 1877 707 solummodo
1901 650 2101 704 cmlum

531 747 857 812 inclinavit;
891 746 985 800 sed
1015 761 1207 800 omnes
1254 753 1523 816 quotquot
1575 751 1705 800 sunt
1747 744 1939 798 cmlos.
1964 741 2100 795 Nam

528 838 836 894 humiliatio
862 837 1208 894 celsitudinis
1239 839 1359 909 ejus
1386 847 1440 894 et
1461 837 1764 894 exinanitio
1795 835 2100 891 divinitatis

526 926 668 998 ejus,
699 929 1039 999 supradictis
1086 930 1268 985 verbis
1305 930 1638 984 indicantur.
1691 928 1829 983 Cum
1865 928 2101 982 maxima

526 1016 675 1074 enim
691 1018 940 1088 emphasi
965 1018 1291 1074 descensum
1320 1020 1440 1088 ejus
1462 1018 1734 1089 signiﬁcat
1759 1017 1845 1072 his
1869 1017 2051 1072 verbis
2084 1034 2096 1068 :

531 1109 816 1166 Inclinavit
851 1113 1044 1175 caelos;
1077 1112 1441 1182 eumdemque
1467 1112 1792 1168 descensum
1837 1125 2100 1181 corporeo

525 1218 755 1275 prorsus
786 1218 937 1258 more
965 1204 1240 1274 exprimit.

593 1378 760 1436 Vnus.
819 1380 1003 1436 11-15.
1078 1380 1146 1433 Et
1183 1381 1353 1452 caligo
1423 1382 1518 1436 sub
1577 1380 1793 1452 pedibus
1840 1380 1974 1449 ejus.
2033 1377 2103 1432 Et

524 1473 763 1528 ascendit
785 1489 941 1542 super
964 1473 1229 1528 cherubim
1251 1483 1301 1527 et
1323 1473 1538 1539 volavit,
1565 1474 1758 1528 volavit
1787 1489 1944 1543 super
1971 1488 2101 1542 pen-

526 1582 626 1620 nas
649 1574 940 1620 ventorum.
967 1565 1070 1621 Per
1110 1567 1397 1637 caliginem
1426 1576 1482 1622 et
1510 1567 1768 1622 tenebras
1793 1567 1934 1633 illas,
1962 1566 2103 1620 clam

523 1664 581 1713 et
603 1672 802 1712 arcana
826 1660 1038 1714 ratione
1061 1675 1217 1714 suam
1241 1659 1544 1715 secundum
1567 1658 1845 1714 hominem
1882 1672 2107 1713 (nconc-

525 1749 692 1805 miam
719 1751 1027 1806 adumbrat.
1049 1754 1384 1822 Demumque
1427 1752 1620 1808 eodem
1647 1751 1938 1807 revertitur
1963 1748 2106 1806 unde

2202 558 2372 611 Τοῦτο
2419 556 2474 609 δὲ
2502 554 2597 608 καὶ
2637 553 2799 616 αὐτὸς
2830 555 2858 606 ὁ
2889 549 3078 621 Σωτὴρ
3123 545 3375 618 ἐδηλοῦτο
3403 543 3534 616 πῦρ,
3567 543 3742 612 λέγων
3764 560 3778 574 °

2201 653 2327 720 Πῦρ
2371 651 2562 719 ἦλθον
2588 648 2810 713 βαλεῖν
2843 647 2946 699 ἐπὶ
2980 643 3248 713 τὴνγῆν,
3289 639 3387 694 καὶ
3418 640 3474 692 τί
3513 640 3686 702 θέλω,
3730 640 3786 692 εί

2203 739 2319 815 ἤδη
2379 742 2654 812 ἀνήφθη;
2709 740 2894 794 Ταῦτα
2956 741 3134 792 πάντα
3196 734 3424 805 ἐγίνετο,
3483 730 3783 801 ἐπειδήπερ

2199 836 2441 891 ἔκλινεν
2477 834 2772 902 οὐρανοὺς
2811 832 2910 885 καὶ
2954 829 3188 897 κατέϐη.
3217 828 3328 897 Οὐχ
3353 826 3449 879 ἕνα
3478 825 3533 877 δὲ
3555 820 3785 894 οὐρανὸν

2201 925 2428 993 ἔκλινεν,
2457 925 2594 980 ἀλλὰ
2624 925 2750 987 τοὺς
2794 922 3003 984 πάντας
3048 921 3161 973 ὅσοι
3207 917 3337 972 ποτέ
3374 918 3530 970 εἰσιν.
3572 915 3635 966 Ἡ
3675 912 3784 983 γὰρ

2202 1019 2528 1082 ταπείνωσις
2562 1015 2656 1070 τοῦ
2691 1015 2861 1084 ὕψους
2891 1012 3055 1068 αὐτοῦ
3083 1014 3178 1066 καὶ
3211 1014 3245 1082 ἡ
3281 1011 3512 1073 κένωσις
3538 1008 3636 1078 τῆς
3665 1004 3784 1059 θεό-

2198 1127 2359 1182 τητος
2397 1108 2651 1181 ἐδηλοῦτο
2687 1107 2778 1160 διὰ
2815 1106 2924 1160 τῶν
2953 1105 3280 1177 εἰρημένων.
3325 1099 3787 1172 Ἐμφατικώτατα

2201 1203 2308 1277 γὰρ
2363 1201 2461 1272 τὴν
2509 1200 2809 1254 κατάϐασιν
2864 1196 3060 1261 αὑτοῦ,
3123 1197 3400 1247 Ἔκλινεν
3457 1192 3782 1259 οἱιρανούςο

2203 1291 2663 1365 σωματικώτερον
2697 1292 2798 1361 τὴν
2830 1288 3055 1343 κάθοδον
3086 1285 3250 1340 αὐτοῦ
3284 1285 3583 1356 σημαίνων.

2272 1387 2387 1442 Kal
2429 1387 2654 1457 γνόφος
2698 1384 2818 1439 ὑπὸ
2844 1381 2989 1448 τοὺς
3025 1379 3216 1446 πόδας
3244 1377 3432 1432 αὐτοῦ
3465 1376 3563 1429 καὶ
3605 1373 3787 1442 ἐπέϐη

2202 1481 2301 1535 ἐπὶ
2331 1479 2555 1550 χεροὺϐ
2575 1478 2673 1547 (1),
2701 1475 2796 1529 καί
2829 1472 3155 1540 ὲπετάσθη,
3185 1470 3487 1537 ἑπετάσθη
3515 1469 3614 1521 ἐπὶ
3648 1483 3786 1520 πτε-

2196 1575 2400 1643 ρύγων
2434 1569 2687 1640 ἀνέμων.
2725 1569 2803 1638 Τῇ
2854 1567 2952 1638 μὲν
3001 1561 3092 1619 οὖν
3138 1563 3334 1635 ὁμίχλῃ
3368 1560 3568 1632 καὶτῷ
3606 1560 3788 1630 γνόφῳ

2205 1667 2266 1721 τὺ
2293 1665 2515 1737 λεληθὸς
2546 1665 2642 1717 καὶ
2672 1663 2988 1734 ἀπόκρυφον
3033 1651 3333 1729 παρίστησι
3373 1655 3471 1726 τῆς
3511 1653 3652 1706 κατὰ
3693 1653 3786 1706 ἄν-

2206 1760 2425 1832 θρωπον
2461 1756 2625 1811 αὐτοῦ
2652 1753 3007 1830 -οἰκονομίαςο
3059 1751 3309 1804 ἐπάνεισι
3339 1748 3396 1801 δὲ
3441 1746 3627 1800 λοιπὸν
3666 1745 3788 1799 ὅθεν

523 1841 806 1913 prolectus
850 1851 968 1898 erat
1005 1863 1018 1898 :
1051 1859 1116 1899 ac
1173 1845 1228 1897 in
1276 1845 1450 1899 caelos
1481 1843 1731 1899 ascendit
1757 1857 1886 1898 cum
1909 1841 2099 1898 cheru-

2210 1853 2305 1906 καὶ
2335 1849 2518 1922 παρῆν
2543 1867 2558 1879 ο
2587 1850 2668 1913 εἰς
2701 1845 2965 1920 οὐρανούς
2993 1862 3054 1897 τε
3087 1842 3242 1913 ἀνῄει
3273 1843 3367 1895 καὶ
3410 1841 3547 1912 μετὰ
3573 1840 3667 1892 τοῦ
3702 1857 3790 1909 χε-

524 1933 658 1988 hino
701 1942 757 1990 et
781 1935 1018 2001 volavit;
1069 1934 1288 1989 tametsi
1345 1949 1454 1988 non
1486 1948 1612 1988 cum
1646 1933 1767 2002 ipso
1800 1930 2104 1986 cberubino

522 2023 878 2078 descenderat
910 2043 922 2079 :
955 2023 1076 2081 sine
1127 2022 1432 2078 cherubino
1449 2022 1650 2092 quippe
1682 2020 1965 2075 inclinavit
1988 2021 2102 2089 ipse

521 2115 693 2171 cmlos
746 2123 800 2170 et
844 2115 1144 2171 descendit.
1198 2113 1258 2170 In
1305 2116 1482 2171 reditu
1533 2123 1715 2169 autem
1767 2111 2102 2168 diciturzEt

521 2209 760 2264 ascendit
810 2225 968 2279 super
1005 2208 1274 2263 cherubim
1329 2217 1380 2264 et
1437 2209 1651 2274 volavit,
1705 2223 1830 2262 cum
1873 2221 2104 2278 corpore

522 2302 734 2359 scilicet
758 2303 902 2374 quod
925 2310 1318 2373 assumpserat.
1358 2301 1466 2357 Illae
1490 2317 1656 2372 porro
1701 2300 1899 2357 divinae
1926 2300 2100 2353 virtu-

520 2403 608 2451 tes
633 2396 813 2467 ipsum
854 2397 935 2451 sic
995 2396 1382 2451 ascendentem
1436 2395 1798 2464 conspicatae,
1863 2393 2103 2448 circum-

522 2494 769 2543 astantes
798 2488 1092 2542 satellitum
1119 2503 1294 2552 more,
1329 2486 1619 2542 Dominum
1654 2485 1954 2555 stipabant,
1982 2483 2102 2553 ejus

524 2593 816 2635 ascensum
862 2581 1203 2636 celebrantes
1251 2579 1440 2650 sicque
1473 2578 1884 2634 vociferantes:
1928 2575 2102 2630 Attol—

525 2670 616 2724 Iite
637 2680 842 2740 portas,
872 2673 1156 2742 principes,
1219 2682 1441 2734 vestras,
1492 2679 1541 2725 et
1593 2670 1892 2734 elevamini,
1936 2679 2102 2738 porta:

523 2759 820 2824 αξιοι-καίεο,
851 2769 902 2814 et
928 2760 1166 2816 introibit
1195 2759 1304 2815 Rea:
1350 2762 1532 2832 gloria:
1561 2761 1625 2814 ⁸³.
1667 2759 1889 2832 Impleta
1919 2767 2100 2816 autem

523 2851 715 2908 istbaac
742 2860 870 2907 sunt
898 2868 964 2909 eo
992 2859 1256 2923 tempore,
1296 2869 1406 2924 quo
1463 2855 1518 2908 in
1550 2854 1922 2923 apostolorum
1951 2854 2102 2908 Acti-

521 2946 630 3004 bus
655 2933 953 3002 narratur:
986 2945 1055 3000 Et
1079 2962 1197 3000 cum
1227 2946 1336 3001 hac
1364 2945 1606 3010 dixisset,
1656 2944 1946 3000 videntibus
1991 2945 2100 2999 illis

521 3038 752 3094 elevatus
804 3049 903 3104 est,
939 3049 990 3094 et
1025 3039 1183 3095 nubes
1205 3041 1431 3109 suscepit
1463 3056 1582 3094 eum
1614 3055 1680 3094 ea:
1709 3039 1874 3093 oculis
1894 3055 2095 3094 eorum.

525 3129 759 3202 Cumque
783 3133 1110 3186 intuerentur
1131 3148 1248 3186 eum
1277 3141 1480 3186 euntem
1503 3131 1558 3185 in
1581 3131 1768 3185 calum
1793 3130 1859 3184 σι.

595 3303 880 3362 Latentem
913 3307 1058 3361 illam
1113 3314 1169 3363 et
1195 3307 1467 3364 occultam
1504 3307 1805 3364 Salvatoris
1837 3323 1960 3362 cum
1997 3307 2100 3361 ho-

526 3398 789 3468 minibus,
820 3400 890 3455 ab
935 3414 1167 3456 ascensu
1227 3416 1328 3456 suo
1375 3401 1442 3456 ad
1495 3402 1599 3458 hoc
1652 3416 1826 3471 usque
1862 3407 2096 3470 tempus,

525 3491 997 3546 conversationem
1028 3491 1114 3546 his
1143 3491 1328 3547 verbis
1367 3491 1573 3547 indicat
1605 3511 1617 3546 :
1654 3490 1723 3544 Et
1762 3492 1935 3560 posuit
1969 3501 2100 3544 tene-

517 3578 652 3634 .bras
687 3580 969 3635 latibulum
993 3598 1168 3647 suum,
1197 3583 1251 3636 in
1277 3584 1502 3637 circuitu
1544 3583 1658 3653 ejus
1699 3583 2101 3636 tabernaculum

515 3671 658 3742 ejus,
684 3673 954 3729 tenebrosa
976 3691 1114 3745 aqua
1130 3677 1186 3729 in
1209 3676 1431 3731 nubibus
1459 3676 1618 3730 aeris.
1657 3675 1871 3730 Nemini
1901 3675 2101 3746 quippe

524 3763 658 3820 latet
682 3779 791 3834 quo
819 3772 980 3834 pacto
1001 3765 1288 3821 nobiscum
1315 3774 1564 3822 versetur
1584 3805 1599 3830 ,
1633 3765 1936 3821 secundum
1965 3765 2098 3820 illud

525 3857 596 3912 ab
655 3872 723 3912 eo
769 3856 973 3914 dictum
1009 3878 1021 3912 :
1055 3858 1190 3914 Ecce
1238 3877 1331 3930 ego
1387 3859 1652 3914 vobiscum
1676 3875 1793 3912 sum
1855 3857 2098 3912 omnibus

521 3949 706 4004 diebus
733 3967 893 4020 usque
925 3949 994 4004 ad
1023 3953 1526 4006 consummationem
1577 3952 1762 4008 διοσηίὶ
1795 3952 1862 4008 ⁵⁵.
1894 3951 2100 4006 Taber-

524 4041 783 4096 uaculum
817 4057 983 4112 porro
1014 4043 1190 4112 ipsius
1247 4059 1358 4099 non
1392 4044 1540 4099 aliud
1585 4043 1879 4114 signiﬁcat.
1932 4057 2098 4113 quam

519 4139 771 4186 sanctam
793 4131 1094 4188 Ecclesiam
1137 4134 1278 4204 ejus,
1337 4136 1394 4190 in
1435 4151 1544 4206 qua
1574 4151 1635 4192 se
1684 4136 2097 4190 tabernaculum

524 4223 830 4292 positurum
871 4225 1145 4294 pollicitus
1173 4237 1258 4282 est
1280 4243 1404 4282 cum
1431 4228 1569 4282 dixit
1602 4244 1614 4279 :
1641 4227 1741 4283 Ubi
1762 4227 1866 4282 duo
1897 4228 1973 4282 vel
1993 4237 2096 4282 tres

519 4317 824 4387 congregati
847 4317 1042 4386 fuerint
1073 4319 1129 4372 in
1157 4319 1366 4373 nomine
1406 4336 1540 4385 meo,
1578 4320 1691 4374 illic
1713 4337 1829 4374 sum
1852 4321 1906 4374 in
1928 4319 2098 4375 medio

519 4422 705 4462 eorum
757 4407 823 4463 “.
867 4407 1321 4479 Quandoquidem
1371 4425 1501 4466 vero
1562 4411 1861 4481 prophetia:
1918 4411 2096 4481 ipsum

524 4505 838 4568 spectantes
864 4500 1165 4573 caliginoso
1181 4501 1486 4556 etobscuro
1513 4516 1665 4560 more
1694 4502 1920 4572 prolatae
1942 4507 2094 4569 sunt,

515 4592 645 4660 jure
688 4591 993 4662 adjicitur:
1035 4594 1332 4649 Tenebrosa
1382 4610 1522 4664 aqua
1569 4594 1623 4648 in
1668 4593 1892 4649 nubibus
1937 4595 2096 4648 aeris.

521 4682 649 4737 Prw
674 4683 879 4754 fulgore
922 4685 978 4739 in
1018 4695 1305 4757 [conspectu
1353 4687 1468 4757 ejus
1533 4687 1694 4742 nubes
1749 4686 2096 4753 transierunt,

517 4775 725 4845 grando
758 4785 807 4831 et
838 4777 1091 4832 carbones
1120 4779 1277 4850 ignis.
1327 4778 1487 4845 Quod
1524 4787 1706 4835 autem
1746 4781 1944 4843 nubes,
1971 4794 2100 4849 pro-

519 4869 739 4938 phetas,
766 4883 831 4924 ac
855 4870 1094 4942 pluviam
1128 4887 1195 4926 ex
1233 4871 1472 4927 nubibus
1529 4870 1830 4941 delapsam,
1861 4872 2098 4943 prophe-

517 4962 662 5018 ticos
722 4977 1004 5019 sermones
1063 4963 1299 5034 Spiritus
1327 4975 1552 5021 sanctus
1595 4965 1770 5021 soleat
1821 4964 2098 5035 appellare

517 5054 737 5110 docebit
765 5054 931 5112 Isaias
962 5057 1079 5128 qui,
1114 5057 1576 5129 quemadmodum
1607 5058 1812 5113 dictum
1843 5065 1949 5122 est,
1997 5072 2097 5127 po-

518 5151 711 5221 pulum
762 5153 980 5208 wineam
1033 5155 1344 5224 compellat,
1381 5158 1567 5226 aitque
1606 5158 1782 5212 nubes
1811 5173 1919 5211 non
1955 5155 2097 5209 ultra

517 5244 757 5314 pluviam
787 5246 1336 5316 ipsi-subministrare
1358 5249 1424 5303 ⁸⁷.

588 5336 756 5394 Vnus.
782 5339 868 5394 1'4.
905 5339 974 5393 Et
1005 5341 1231 5395 intonuit
1257 5340 1321 5396 de
1341 5343 1471 5397 calo
1491 5341 1770 5410 Dominus,
1809 5350 1858 5395 et
1879 5341 2094 5396 Altissi-

517 5447 636 5485 mus
650 5430 794 5486 dedit
815 5449 989 5487 vocem
1003 5450 1178 5488 suam.
1226 5435 1285 5488 In
1315 5435 1574 5504 praesenti
1603 5435 1866 5490 docemur
1890 5447 1954 5487 ea
1970 5447 2092 5503 quae

2213 1943 2432 2017 ρουϐἰμ,
2459 1942 2553 1995 καὶ
2577 1939 2851 2009 ἐπετάσθη
2868 1956 2880 1968 '
2907 1937 3083 1990 καίτοι
3111 1935 3185 2006 μὴ
3217 1936 3314 1988 σὺν
3339 1932 3488 2003 αὐτῷ
3513 1930 3786 1995 καταϐάς·

2209 2037 2332 2107 δίχα
2372 2035 2481 2106 γὰρ
2528 2033 2623 2087 τοῦ
2668 2031 2934 2104 χερουϐἰμ
2977 2029 3185 2083 ἔκλινεν
3215 2027 3479 2099 οὐρανοὺς
3503 2024 3666 2087 αὐτὸς
3699 2023 3791 2077 καί

2210 2126 2439 2197 κατέϐη.
2486 2127 2574 2179 Ἐν
2625 2124 2682 2177 δὲ
2728 2126 2792 2194 τῇ
2837 2121 3080 2190 ὲπανόδῳ
3129 2119 3408 2172 λέλεκται·
3457 2117 3565 2172 Καὶ
3609 2115 3792 2185 ἐπέϐη

2208 2218 2308 2272 ἐπὶ
2345 2218 2625 2287 χερουϐἰμ
2653 2215 2750 2270 καὶ
2779 2215 3104 2281 έπετάσθη,
3138 2211 3255 2284 μεθ’
3286 2206 3346 2266 οὗ
3375 2211 3662 2282 ἀνείληφεν
3689 2207 3792 2262 σώ-

2214 2329 2402 2384 ματος.
2423 2312 2533 2365 Καὶ
2557 2310 2744 2381 ἐπειδὴ
2768 2308 3132 2363 ἀναϐαίνοντα
3153 2306 3326 2368 οὕτως
3347 2303 3613 2375 ἐθεώρουν
3631 2302 3792 2357 αὐτὸν

2210 2404 2268 2456 αἱ
2301 2402 2557 2473 δυνάμεις
2586 2401 2641 2454 αί
2676 2399 2839 2463 θεῖαι,
2868 2397 2999 2468 περὶ
3025 2396 3186 2450 αὐτὸν
3221 2392 3509 2464 γενόμεναι
3535 2391 3791 2464 ἐδορυφό-

2214 2513 2338 2568 ρουν
2389 2494 2551 2548 αὑτοῦ
2610 2492 2708 2564 τὴν
2765 2491 2948 2546 ἄνοδον
2998 2488 3295 2543 ἐπιϐοῶσαι
3358 2487 3453 2540 καὶ
3497 2485 3788 2554 λέγουσαι·

2213 2587 2418 2653 Ἄρατε
2461 2583 2569 2649 τὰς
2597 2583 2890 2647 πύλας,οί
2921 2580 3231 2649 ἄρχοντες,
3269 2575 3458 2646 ὑμῶν,
3487 2574 3585 2629 καί
3611 2573 3793 2642 ἐπάρ-

2209 2682 2370 2746 θητε,
2397 2678 2582 2731 πύλαι
2607 2673 2847 2738 αἱώνιοι,
2875 2672 2973 2725 καὶ
2998 2671 3412 2726 εἰσελεύσεται
3440 2671 3472 2722 ὁ
3490 2666 3792 2733 ,ϐασιλεὺς

2208 2765 2317 2834 τῆς
2345 2766 2549 2833 δόξης.
2601 2759 2934 2834 Ἐπληροῦτο
2960 2760 3017 2814 δὲ
3045 2758 3218 2812 ταῦτα
3263 2757 3407 2810 κατὰ
3451 2755 3542 2809 τὸν
3580 2753 3791 2826 καιρὸν,

2207 2858 2329 2913 καθ’
2371 2859 2427 2912 ὃν
2477 2874 2640 2926 φησιν
2685 2858 2720 2928 ἡ
2753 2854 2949 2927 Γραφὴ
2980 2853 3088 2906 τῶν
3130 2851 3390 2923 Πράξεων
3418 2847 3524 2901 τῶν
3558 2846 3790 2899 ἀποστό-

2206 2947 2315 3003 λων
2334 2967 2346 2980 ·
2366 2949 2474 3004 Καὶ
2503 2949 2690 3002 ταῦτα
2711 2947 2915 3011 εἰπὼν,
2938 2944 3298 3010 βλεπόντων
3317 2939 3517 2995 αὐτῶν
3537 2937 3789 3006 ἐπήρθη,

2206 3041 2305 3096 καὶ
2339 3040 2566 3110 νεφέλη
2599 3038 2895 3093 ἀνέλαϐεν
2927 3036 3118 3090 αὐτὸν
3147 3034 3267 3089 ἀπὸ
3305 3032 3424 3087 τῶν
3467 3029 3786 3102 ὀφθαλμῶν

2205 3134 2424 3190 αὐτῶν.
2451 3132 2559 3188 Kal
2585 3133 2666 3198 ὡς
2697 3129 3066 3195 ἀτενίζοντες
3093 3124 3254 3197 ἦσαν
3279 3128 3367 3190 εὶς
3395 3125 3502 3179 τὸν
3532 3121 3792 3192 οὐρανὸν

2130 3203 2174 3261 C
2208 3223 2614 3295 πορευομένου
2640 3222 2848 3278 αὐτοῦ.

2279 3318 2389 3390 Τὴν
2419 3317 2603 3388 ἀφανῆ
2640 3316 2734 3370 καὶ
2775 3314 3145 3370 λανθάνουσαν
3179 3309 3273 3365 τοῦ
3303 3309 3558 3381 Σωτῆρος
3585 3307 3792 3379 διατρι-

2208 3411 2329 3483 ϐὴν,
2357 3410 2423 3481 ἣν
2457 3410 2555 3463 σὺν
2580 3406 2888 3479 ἀνθρώποις
2944 3404 3112 3458 εἰσέτι
3143 3402 3237 3456 καὶ
3268 3400 3363 3455 νῦν
3394 3402 3627 3454 ποιεῖται
3656 3395 3795 3469 μετὰ

2207 3501 2303 3573 τὴν
2328 3501 2614 3573 ἀνάληψιν,
2668 3499 2908 3553 διδάσκει
2939 3496 3141 3564 λέγων·
3197 3493 3310 3548 Καὶ
3354 3491 3520 3546 ἔθετο
3572 3490 3794 3552 σκότος

2207 3593 2570 3664 ἀποκρυφὴν
2588 3593 2797 3655 αὐτοῦ,
2831 3591 3040 3656 κύκλῳ
3067 3585 3256 3642 αὐτοῦ
3295 3588 3332 3654 τ’,
3357 3581 3559 3650 σκηνὴ
3581 3579 3790 3643 αὐτοῦ,

2209 3686 2525 3740 σκοτεινὸν
2553 3683 2710 3752 ὕδωρ
2734 3684 2804 3736 ἐν
2837 3681 3120 3750 νεφέλαις
3175 3677 3384 3745 ἀέρων.
3437 3674 3512 3728 Οὐ
3540 3670 3793 3725 λανθάνει

2209 3776 2318 3848 γὰρ
2345 3778 2471 3839 τοὺς
2501 3775 2709 3836 πάντας
2739 3774 2886 3836 ὅπως
2925 3770 3170 3823 σύνεστιν
3211 3770 3342 3838 ἡμῖν
3375 3762 3517 3818 κατὰ
3553 3761 3613 3815 τὸ
3637 3763 3791 3831 εἰρη-

2211 3867 2370 3940 μένον
2399 3865 2489 3918 ὐπ⁹
2519 3863 2703 3918 αὐτοῦ·
2748 3861 2904 3916 Ἰδοὺ
2948 3860 3062 3930 ἐγὼ
3080 3859 3209 3930 μεθ’
3237 3855 3404 3927 ὑμῶν
3447 3857 3563 3924 εἰμι
3587 3851 3793 3918 πάσας

2209 3960 2317 4026 τὰς
2340 3957 2566 4029 ἡμέρας
2585 3956 2696 4022 ἕως
2723 3954 2832 4024 τῆς
2851 3954 3209 4018 συντελείας
3230 3950 3338 4004 τοῦ
3363 3947 3594 4013 αἰῶνος.
3648 3945 3795 4015 Σκη-

2210 4052 2308 4124 νὴν
2335 4051 2391 4104 δὲ
2409 4047 2573 4105 αὐτοῦ
2618 4048 2872 4118 σημαίνει
2905 4047 3005 4116 οὐχ
3051 4043 3300 4115 ἑτέρανῆ
3337 4042 3434 4112 τὴν
3459 4039 3621 4107 ἁγίαν
3665 4036 3793 4090 Ἐκ-

2208 4145 2435 4216 κλησίαν
2456 4142 2638 4197 αὐτοῦ·
2672 4144 2729 4194 ὲν
2842 4137 3263 4208 κατασκηνῶσαι
3286 4133 3670 4206 ἐπηγγείλατο,
3703 4129 3791 4184 εἰ-

2209 4235 2344 4290 πών·
2377 4237 2560 4289 Ὅπου
2581 4233 2691 4288 δύο
2717 4232 2755 4300 ἢ
2778 4231 2934 4301 τρεῖς
2969 4228 3337 4299 συνηγμένοι
3369 4227 3528 4280 εἰσὶν
3577 4226 3665 4288 εὶς
3718 4219 3793 4274 τὸ

2207 4329 2354 4398 ἐμὸν
2387 4327 2592 4398 ὄνομα,
2627 4325 2754 4380 ἐκεῖ
2776 4328 2893 4395 eiut
2930 4324 3000 4378 έν
3020 4322 3190 4394 μέσῳ
3217 4319 3434 4375 αὐτῶν.
3485 4315 3704 4385 Ἐπειδὴ
3729 4313 3793 4367 δὲ

2190 4421 2304 4475 ,καὶ
2330 4421 2386 4474 αἰ
2415 4419 2542 4490 περὶ
2573 4417 2737 4473 αὐτοῦ
2766 4419 3091 4488 προφητεῖαι
3123 4411 3410 4475 σκοτεινῶς
3435 4409 3678 4480 εἴρηνται
3696 4407 3793 4459 καὶ

2207 4509 2721 4584 ὲπικεκρυμμένως,
2756 4507 2980 4570 εἰκότως
3008 4506 3134 4576 ἑξῆς
3185 4505 3424 4572 λέγεται·
3469 4496 3792 4554 Σκοτεινὸν

2200 4605 2364 4674 ὕδωρ
2404 4604 2474 4658 ἐν
2500 4601 2782 4672 νεφέλαις
2806 4598 3015 4668 ἀέρων.
3059 4596 3200 4651 Ἀπὸ
3222 4593 3332 4662 τῆς
3361 4588 3792 4659 τηλαυγήσεως

2205 4695 2462 4750 ἐνώπιον
2491 4691 2678 4748 αὐτοῦ
2705 4693 2764 4746 al
2791 4689 3037 4759 νεφέλαι
3089 4686 3359 4756 διῆλθον,
3389 4682 3636 4753 ’χάλαζα
3687 4680 3790 4734 καὶ

2205 4789 2498 4859 ἄνθρακες
2525 4789 2732 4856 πυρός.
2767 4787 2890 4839 Ὀτι
2915 4783 3024 4854 γάρ
3055 4781 3284 4850 νεφέλας
3325 4779 3450 4842 τοὺς
3479 4778 3788 4848 προφήτας,

2206 4882 2301 4936 καὶ
2328 4881 2420 4935 τὸν
2441 4881 2499 4946 ἐξ
2523 4879 2703 4934 αὐτῶν
2737 4878 3030 4950 φερόμενον
3065 4874 3237 4936 ὑετὸν,
3270 4869 3467 4942 δηλαδὴ
3502 4869 3630 4932 τοὺς
3652 4885 3780 4939 προ-

2204 4972 2464 5042 φητικοὺς
2483 4970 2694 5039 λόγους,
2728 4967 2790 5021 τὸ
2837 4965 3063 5036 Πνεῦμα
3092 4963 3153 5017 τὸ
3198 4962 3339 5014 θεῖον
3371 4958 3560 5013 εἴωθεν
3590 4955 3789 5028 ὀνομά-

2204 5061 2337 5126 ζειν,
2371 5061 2572 5127 διδάξει
2607 5060 2850 5122 Ἡσαΐας,
2912 5053 3285 5126 ἀλληγορικῶς
3329 5052 3422 5106 τὸν
3450 5050 3576 5104 λαὸν
3608 5049 3788 5118 ἀμπε-

2203 5154 2345 5208 λῶνα
2366 5152 2701 5225 προσειπὼν,
2733 5150 2877 5205 καθὰ
2930 5149 3166 5221 εἴρηται,
3199 5145 3294 5198 καὶ
3323 5143 3551 5212 νεφέλας
3587 5137 3786 5211 μηκέτι

2202 5248 2283 5310 εἰς
2307 5245 2471 5299 αὐτὸν
2500 5244 2650 5298 ὑετὸν
2683 5241 2972 5313 φερούσας.

2272 5337 2381 5393 Kal
2433 5337 2798 5406 ἐϐρόντησεν
2852 5334 2922 5398 ἐξ
2992 5331 3248 5400 οὐρανοῦ
3292 5331 3539 5398 Κύριος,
3591 5325 3691 5380 καὶ
3748 5327 3786 5381 ό

2203 5433 2500 5499 ’Υψιστος
2525 5427 2708 5484 ἔδωκε
2727 5425 2938 5496 φωνὴν
2968 5423 3172 5479 αὑτοῦ.
3210 5423 3457 5478 Διδάσκει
3487 5422 3546 5475 ἐν
3571 5419 3648 5490 τῷ
3680 5433 3794 5474 πα-

591 5585 786 5668 f'Luc.
829 5604 950 5668 an“,
1005 5589 1093 5644 49.
1173 5591 1219 5623 ⁸³
1246 5589 1388 5646 Psal.
1417 5588 1728 5662 x-xm,7,.9.
1807 5591 1854 5623 ⁸⁵
1872 5589 1994 5649 Αει-
2036 5606 2075 5660 ιν

2256 5588 2345 5644 10.
2420 5586 2464 5620 ⁸³
2491 5583 2702 5668 Matth._
2733 5597 2931 5650 xxvut,
2971 5581 3061 5637 20.
3139 5579 3186 5613 ⁸⁸
3233 5576 3424 5634 Matth.
3474 5589 3648 5642 mu,
3683 5569 3786 5634 20.

516 5655 560 5686 ⁸⁷
589 5655 692 5711 lsa.
737 5673 791 5721 ν,
826 5658 874 5722 1,
903 5657 955 5714 6.

586 5814 662 5882 (ll)
703 5812 832 5873 Mos.
856 5813 924 5870 ad
951 5827 1125 5886 marg.
1165 5812 1452 5886 xspou6lp.
