  <div class='ocr_page' id='page_1' title='image "/cluster/home/n/w/nwhite01/storage/ocr_20150623/23/nnc1.0046978313/102.png"; bbox 0 0 4094 6378; ppageno 0'>
   <div class='ocr_carea' id='block_1_1' title="bbox 254 419 353 477">
    <p class='ocr_par' dir='ltr' id='par_1_1' title="bbox 254 419 353 477">
     <span class='ocr_line' id='line_1_1' title="bbox 254 419 353 477; baseline 0 0"><span class='ocrx_word' id='word_1_1' title='bbox 254 419 353 477; x_wconf 62' lang='grc' dir='ltr'><strong>ΠΕ</strong></span> 
     </span>
    </p>
   </div>
   <div class='ocr_carea' id='block_1_2' title="bbox 1369 418 2362 477">
    <p class='ocr_par' dir='ltr' id='par_1_2' title="bbox 1369 418 2362 477">
     <span class='ocr_line' id='line_1_2' title="bbox 1369 418 2362 477; baseline -0.001 -1"><span class='ocrx_word' id='word_1_2' title='bbox 1369 419 1749 477; x_wconf 83' lang='lat' dir='ltr'><strong>COMMENTA</strong></span> <span class='ocrx_word' id='word_1_3' title='bbox 1759 419 1876 475; x_wconf 81' lang='lat' dir='ltr'><strong>RIA</strong></span> <span class='ocrx_word' id='word_1_4' title='bbox 1915 419 1981 473; x_wconf 86' lang='lat' dir='ltr'><strong>IN</strong></span> <span class='ocrx_word' id='word_1_5' title='bbox 2024 418 2362 476; x_wconf 81' lang='lat' dir='ltr'><strong>PSALMOS.</strong></span> 
     </span>
    </p>
   </div>
   <div class='ocr_carea' id='block_1_3' title="bbox 3396 416 3501 471">
    <p class='ocr_par' dir='ltr' id='par_1_3' title="bbox 3396 416 3501 471">
     <span class='ocr_line' id='line_1_3' title="bbox 3396 416 3501 471; baseline 0 0"><span class='ocrx_word' id='word_1_6' title='bbox 3396 416 3501 471; x_wconf 70' lang='grc'><strong>174</strong></span> 
     </span>
    </p>
   </div>
   <div class='ocr_carea' id='block_1_4' title="bbox 254 537 1826 613">
    <p class='ocr_par' dir='ltr' id='par_1_4' title="bbox 254 537 1819 613">
     <span class='ocr_line' id='line_1_4' title="bbox 254 537 1819 613; baseline 0.001 -21"><span class='ocrx_word' id='word_1_7' title='bbox 254 538 386 613; x_wconf 65' lang='lat' dir='ltr'><strong>pom</strong></span> <span class='ocrx_word' id='word_1_8' title='bbox 412 539 438 592; x_wconf 88' lang='lat'><strong>6</strong></span> <span class='ocrx_word' id='word_1_9' title='bbox 460 538 613 607; x_wconf 74' lang='grc' dir='ltr'>λόγος</span> <span class='ocrx_word' id='word_1_10' title='bbox 638 537 707 591; x_wconf 77' lang='grc' dir='ltr'>τὰ</span> <span class='ocrx_word' id='word_1_11' title='bbox 746 537 883 609; x_wconf 84' lang='grc' dir='ltr'><strong>μετά</strong></span> <span class='ocrx_word' id='word_1_12' title='bbox 906 538 1003 610; x_wconf 84' lang='grc' dir='ltr'>τὴν</span> <span class='ocrx_word' id='word_1_13' title='bbox 1029 540 1296 611; x_wconf 59' lang='grc' dir='ltr'>ἀνάληψιν</span> <span class='ocrx_word' id='word_1_14' title='bbox 1327 541 1421 593; x_wconf 85' lang='grc' dir='ltr'><strong>τοῦ</strong></span> <span class='ocrx_word' id='word_1_15' title='bbox 1454 541 1708 613; x_wconf 83' lang='grc' dir='ltr'>Σωτῆρος</span> <span class='ocrx_word' id='word_1_16' title='bbox 1732 541 1819 594; x_wconf 84' lang='grc' dir='ltr'><strong>διά</strong></span> 
     </span>
    </p>
   </div>
   <div class='ocr_carea' id='block_1_5' title="bbox 1932 537 3501 613">
    <p class='ocr_par' dir='ltr' id='par_1_5' title="bbox 1932 537 3501 610">
     <span class='ocr_line' id='line_1_5' title="bbox 1932 537 3501 610; baseline -0.004 -15"><span class='ocrx_word' id='word_1_17' title='bbox 1932 548 2047 610; x_wconf 87' lang='lat' dir='ltr'><strong>post</strong></span> <span class='ocrx_word' id='word_1_18' title='bbox 2095 540 2396 595; x_wconf 87' lang='lat' dir='ltr'><strong>Salvatoris</strong></span> <span class='ocrx_word' id='word_1_19' title='bbox 2455 554 2746 595; x_wconf 84' lang='lat' dir='ltr'><strong>ascensum</strong></span> <span class='ocrx_word' id='word_1_20' title='bbox 2780 554 2878 610; x_wconf 80' lang='lat' dir='ltr'><strong>pet:</strong></span> <span class='ocrx_word' id='word_1_21' title='bbox 2915 539 3036 608; x_wconf 83' lang='lat' dir='ltr'><strong>ejus</strong></span> <span class='ocrx_word' id='word_1_22' title='bbox 3089 537 3319 592; x_wconf 76' lang='lat' dir='ltr'><strong>virtutes</strong></span> <span class='ocrx_word' id='word_1_23' title='bbox 3348 543 3501 605; x_wconf 88' lang='lat' dir='ltr'><strong>gesta</strong></span> 
     </span>
    </p>
   </div>
   <div class='ocr_carea' id='block_1_6' title="bbox 250 631 1820 707">
    <p class='ocr_par' dir='ltr' id='par_1_6' title="bbox 250 631 1820 707">
     <span class='ocr_line' id='line_1_6' title="bbox 250 631 1820 707; baseline 0.001 -22"><span class='ocrx_word' id='word_1_24' title='bbox 250 633 338 703; x_wconf 81' lang='grc' dir='ltr'>τῆς</span> <span class='ocrx_word' id='word_1_25' title='bbox 366 631 524 685; x_wconf 80' lang='grc' dir='ltr'>αὑτοῦ</span> <span class='ocrx_word' id='word_1_26' title='bbox 556 632 841 703; x_wconf 81' lang='grc' dir='ltr'>δυνάμεως</span> <span class='ocrx_word' id='word_1_27' title='bbox 880 633 1354 707; x_wconf 84' lang='grc' dir='ltr'>καταπραχθέντα,</span> <span class='ocrx_word' id='word_1_28' title='bbox 1392 634 1579 703; x_wconf 79' lang='grc' dir='ltr'>σαφῶς</span> <span class='ocrx_word' id='word_1_29' title='bbox 1605 634 1661 686; x_wconf 86' lang='grc' dir='ltr'>δὲ</span> <span class='ocrx_word' id='word_1_30' title='bbox 1722 633 1820 704; x_wconf 84' lang='grc' dir='ltr'>τὴν</span> 
     </span>
    </p>
   </div>
   <div class='ocr_carea' id='block_1_7' title="bbox 249 723 1818 797">
    <p class='ocr_par' dir='ltr' id='par_1_7' title="bbox 249 723 1818 797">
     <span class='ocr_line' id='line_1_7' title="bbox 249 723 1818 797; baseline 0.001 -21"><span class='ocrx_word' id='word_1_31' title='bbox 249 724 420 777; x_wconf 77' lang='grc' dir='ltr'>ἄνοδον</span> <span class='ocrx_word' id='word_1_32' title='bbox 448 723 607 777; x_wconf 74' lang='grc' dir='ltr'>αὐτοῦ</span> <span class='ocrx_word' id='word_1_33' title='bbox 632 725 946 796; x_wconf 77' lang='grc' dir='ltr'><strong>παρέστησε</strong></span> <span class='ocrx_word' id='word_1_34' title='bbox 966 724 1057 778; x_wconf 76' lang='grc' dir='ltr'>διὰ</span> <span class='ocrx_word' id='word_1_35' title='bbox 1087 726 1197 779; x_wconf 85' lang='grc' dir='ltr'><strong>τῶν</strong></span> <span class='ocrx_word' id='word_1_36' title='bbox 1228 727 1601 797; x_wconf 76' lang='grc' dir='ltr'>προκειμένων</span> <span class='ocrx_word' id='word_1_37' title='bbox 1630 725 1818 779; x_wconf 81' lang='grc' dir='ltr'>εἰπών·</span> 
     </span>
    </p>
   </div>
   <div class='ocr_carea' id='block_1_8' title="bbox 249 816 1823 890">
    <p class='ocr_par' dir='ltr' id='par_1_8' title="bbox 249 816 1823 890">
     <span class='ocr_line' id='line_1_8' title="bbox 249 816 1823 890; baseline 0.001 -21"><span class='ocrx_word' id='word_1_38' title='bbox 249 817 347 870; x_wconf 77' lang='grc' dir='ltr'><strong>Καὶ</strong></span> <span class='ocrx_word' id='word_1_39' title='bbox 366 817 737 884; x_wconf 76' lang='grc' dir='ltr'>ἐϐρόντησεν</span> <span class='ocrx_word' id='word_1_40' title='bbox 757 816 827 880; x_wconf 79' lang='grc' dir='ltr'>ἐξ</span> <span class='ocrx_word' id='word_1_41' title='bbox 860 818 1144 885; x_wconf 86' lang='grc' dir='ltr'>οὐρανοῦ.</span> <span class='ocrx_word' id='word_1_42' title='bbox 1185 818 1309 882; x_wconf 81' lang='grc' dir='ltr'>Πῶς</span> <span class='ocrx_word' id='word_1_43' title='bbox 1341 818 1398 871; x_wconf 85' lang='grc' dir='ltr'><strong>δὲ</strong></span> <span class='ocrx_word' id='word_1_44' title='bbox 1433 818 1762 890; x_wconf 82' lang='grc' dir='ltr'>ἐϐρόντησεν</span> <span class='ocrx_word' id='word_1_45' title='bbox 1794 819 1823 870; x_wconf 97' lang='lat'><strong>6</strong></span> 
     </span>
    </p>
   </div>
   <div class='ocr_carea' id='block_1_9' title="bbox 248 907 1822 980">
    <p class='ocr_par' dir='ltr' id='par_1_9' title="bbox 248 907 1822 980">
     <span class='ocr_line' id='line_1_9' title="bbox 248 907 1822 980; baseline 0.001 -20"><span class='ocrx_word' id='word_1_46' title='bbox 248 908 489 978; x_wconf 80' lang='grc' dir='ltr'><strong>ἀνωτέρω</strong></span> <span class='ocrx_word' id='word_1_47' title='bbox 524 907 711 971; x_wconf 82' lang='grc' dir='ltr'>κλίνας</span> <span class='ocrx_word' id='word_1_48' title='bbox 740 909 866 970; x_wconf 85' lang='grc' dir='ltr'>τοὺς</span> <span class='ocrx_word' id='word_1_49' title='bbox 898 908 1163 978; x_wconf 80' lang='grc' dir='ltr'>οὐρανοὺς</span> <span class='ocrx_word' id='word_1_50' title='bbox 1217 909 1312 961; x_wconf 83' lang='grc' dir='ltr'><strong>καὶ</strong></span> <span class='ocrx_word' id='word_1_51' title='bbox 1342 908 1606 975; x_wconf 81' lang='grc' dir='ltr'>καταϐὰς,</span> <span class='ocrx_word' id='word_1_52' title='bbox 1662 911 1710 961; x_wconf 82' lang='grc' dir='ltr'><strong>εί</strong></span> <span class='ocrx_word' id='word_1_53' title='bbox 1744 909 1822 980; x_wconf 84' lang='grc' dir='ltr'>μὴ</span> 
     </span>
    </p>
   </div>
   <div class='ocr_carea' id='block_1_10' title="bbox 248 998 1825 1071">
    <p class='ocr_par' dir='ltr' id='par_1_10' title="bbox 248 998 1825 1071">
     <span class='ocr_line' id='line_1_10' title="bbox 248 998 1825 1071; baseline 0 -19"><span class='ocrx_word' id='word_1_54' title='bbox 248 998 447 1063; x_wconf 76' lang='grc' dir='ltr'>πάντως</span> <span class='ocrx_word' id='word_1_55' title='bbox 494 999 846 1065; x_wconf 82' lang='grc' dir='ltr'>ἀνεληλύθει;</span> <span class='ocrx_word' id='word_1_56' title='bbox 911 1001 1046 1071; x_wconf 79' lang='grc' dir='ltr'>ὅπερ</span> <span class='ocrx_word' id='word_1_57' title='bbox 1092 1000 1349 1070; x_wconf 77' lang='grc' dir='ltr'><strong>ἐδηλοῦτο</strong></span> <span class='ocrx_word' id='word_1_58' title='bbox 1410 1001 1499 1054; x_wconf 78' lang='grc' dir='ltr'>διὰ</span> <span class='ocrx_word' id='word_1_59' title='bbox 1538 1000 1656 1054; x_wconf 88' lang='grc' dir='ltr'>τοῦ·</span> <span class='ocrx_word' id='word_1_60' title='bbox 1712 1000 1825 1055; x_wconf 83' lang='lat' dir='ltr'><strong>Kal</strong></span> 
     </span>
    </p>
   </div>
   <div class='ocr_carea' id='block_1_11' title="bbox 245 1089 1822 1161">
    <p class='ocr_par' dir='ltr' id='par_1_11' title="bbox 245 1089 1822 1161">
     <span class='ocr_line' id='line_1_11' title="bbox 245 1089 1822 1161; baseline 0.002 -19"><span class='ocrx_word' id='word_1_61' title='bbox 245 1089 410 1158; x_wconf 72' lang='grc' dir='ltr'>ἐπέϐη</span> <span class='ocrx_word' id='word_1_62' title='bbox 452 1090 553 1144; x_wconf 80' lang='grc' dir='ltr'><strong>ἐπὶ</strong></span> <span class='ocrx_word' id='word_1_63' title='bbox 581 1093 865 1161; x_wconf 77' lang='grc' dir='ltr'>χερουϐὶμ</span> <span class='ocrx_word' id='word_1_64' title='bbox 897 1091 996 1144; x_wconf 76' lang='grc' dir='ltr'>καὶ</span> <span class='ocrx_word' id='word_1_65' title='bbox 1016 1092 1341 1158; x_wconf 82' lang='grc' dir='ltr'>ἑπετάσθη,</span> <span class='ocrx_word' id='word_1_66' title='bbox 1393 1091 1695 1160; x_wconf 78' lang='grc' dir='ltr'>ἐπετάσθη</span> <span class='ocrx_word' id='word_1_67' title='bbox 1723 1091 1822 1146; x_wconf 72' lang='grc' dir='ltr'><strong>ἐπὶ</strong></span> 
     </span>
    </p>
   </div>
   <div class='ocr_carea' id='block_1_12' title="bbox 246 1180 1823 1253">
    <p class='ocr_par' dir='ltr' id='par_1_12' title="bbox 246 1180 1823 1253">
     <span class='ocr_line' id='line_1_12' title="bbox 246 1180 1823 1253; baseline 0.001 -20"><span class='ocrx_word' id='word_1_68' title='bbox 246 1182 539 1249; x_wconf 69' lang='grc' dir='ltr'>πτερύγων</span> <span class='ocrx_word' id='word_1_69' title='bbox 568 1180 826 1249; x_wconf 82' lang='grc' dir='ltr'>ἀνέμων.</span> <span class='ocrx_word' id='word_1_70' title='bbox 859 1180 1068 1233; x_wconf 77' lang='grc' dir='ltr'>Οὐκοῦν</span> <span class='ocrx_word' id='word_1_71' title='bbox 1115 1180 1494 1235; x_wconf 83' lang='grc' dir='ltr'>ἀποδέδεικται</span> <span class='ocrx_word' id='word_1_72' title='bbox 1524 1181 1823 1253; x_wconf 85' lang='grc' dir='ltr'>κατεληλυ-</span> 
     </span>
    </p>
   </div>
   <div class='ocr_carea' id='block_1_13' title="bbox 247 1266 1831 1344">
    <p class='ocr_par' dir='ltr' id='par_1_13' title="bbox 247 1266 1831 1344">
     <span class='ocr_line' id='line_1_13' title="bbox 247 1266 1831 1344; baseline -0.001 -20"><span class='ocrx_word' id='word_1_73' title='bbox 247 1266 500 1335; x_wconf 84' lang='grc' dir='ltr'>θὼς,εἷτα</span> <span class='ocrx_word' id='word_1_74' title='bbox 537 1270 677 1341; x_wconf 81' lang='grc' dir='ltr'><strong>μετά</strong></span> <span class='ocrx_word' id='word_1_75' title='bbox 733 1269 828 1323; x_wconf 90' lang='grc' dir='ltr'><strong>τοῦ</strong></span> <span class='ocrx_word' id='word_1_76' title='bbox 885 1268 1156 1344; x_wconf 69' lang='grc' dir='ltr'>χερουϐὶμ</span> <span class='ocrx_word' id='word_1_77' title='bbox 1209 1269 1573 1341; x_wconf 81' lang='grc' dir='ltr'><strong>ἀνεληλυθώς·</strong></span> <span class='ocrx_word' id='word_1_78' title='bbox 1624 1266 1719 1324; x_wconf 72' lang='grc' dir='ltr'>εἴτ’</span> <span class='ocrx_word' id='word_1_79' title='bbox 1766 1268 1831 1335; x_wconf 75' lang='grc' dir='ltr'>ἐξ</span> 
     </span>
    </p>
   </div>
   <div class='ocr_carea' id='block_1_14' title="bbox 246 1362 1826 1434">
    <p class='ocr_par' dir='ltr' id='par_1_14' title="bbox 246 1362 1826 1434">
     <span class='ocr_line' id='line_1_14' title="bbox 246 1362 1826 1434; baseline -0.001 -18"><span class='ocrx_word' id='word_1_80' title='bbox 246 1363 457 1434; x_wconf 81' lang='grc' dir='ltr'>οὐρανοῦ</span> <span class='ocrx_word' id='word_1_81' title='bbox 484 1362 748 1434; x_wconf 83' lang='grc' dir='ltr'>βροντῶν,</span> <span class='ocrx_word' id='word_1_82' title='bbox 773 1363 869 1415; x_wconf 75' lang='grc' dir='ltr'>καὶ</span> <span class='ocrx_word' id='word_1_83' title='bbox 902 1362 1030 1431; x_wconf 79' lang='grc' dir='ltr'>ἐξῆς</span> <span class='ocrx_word' id='word_1_84' title='bbox 1058 1362 1128 1415; x_wconf 85' lang='grc' dir='ltr'>τὰ</span> <span class='ocrx_word' id='word_1_85' title='bbox 1158 1362 1629 1433; x_wconf 80' lang='grc' dir='ltr'>ἀναγεγραμμένα</span> <span class='ocrx_word' id='word_1_86' title='bbox 1652 1362 1826 1433; x_wconf 82' lang='grc' dir='ltr'>πράτ-</span> 
     </span>
    </p>
   </div>
   <div class='ocr_carea' id='block_1_15' title="bbox 246 1453 1827 1526">
    <p class='ocr_par' dir='ltr' id='par_1_15' title="bbox 246 1453 1827 1526">
     <span class='ocr_line' id='line_1_15' title="bbox 246 1453 1827 1526; baseline 0.001 -18"><span class='ocrx_word' id='word_1_87' title='bbox 246 1473 341 1509; x_wconf 86' lang='grc' dir='ltr'><strong>των</strong></span> <span class='ocrx_word' id='word_1_88' title='bbox 370 1454 510 1508; x_wconf 75' lang='grc' dir='ltr'>κατὰ</span> <span class='ocrx_word' id='word_1_89' title='bbox 540 1454 649 1507; x_wconf 85' lang='grc' dir='ltr'><strong>τῶν</strong></span> <span class='ocrx_word' id='word_1_90' title='bbox 679 1454 892 1525; x_wconf 84' lang='grc' dir='ltr'>ἐχθρῶν</span> <span class='ocrx_word' id='word_1_91' title='bbox 938 1453 1125 1508; x_wconf 83' lang='grc' dir='ltr'>αὐτοῦ.</span> <span class='ocrx_word' id='word_1_92' title='bbox 1163 1455 1384 1526; x_wconf 89' lang='grc' dir='ltr'>Πρῶτον</span> <span class='ocrx_word' id='word_1_93' title='bbox 1409 1454 1507 1525; x_wconf 83' lang='grc' dir='ltr'><strong>μὲν</strong></span> <span class='ocrx_word' id='word_1_94' title='bbox 1538 1455 1659 1509; x_wconf 79' lang='grc' dir='ltr'><strong>ἀπὸ</strong></span> <span class='ocrx_word' id='word_1_95' title='bbox 1715 1455 1827 1524; x_wconf 84' lang='grc' dir='ltr'>τῆς</span> 
     </span>
    </p>
   </div>
   <div class='ocr_carea' id='block_1_16' title="bbox 244 1546 1826 1618">
    <p class='ocr_par' dir='ltr' id='par_1_16' title="bbox 244 1546 1826 1618">
     <span class='ocr_line' id='line_1_16' title="bbox 244 1546 1826 1618; baseline 0.003 -19"><span class='ocrx_word' id='word_1_96' title='bbox 244 1546 661 1614; x_wconf 79' lang='grc' dir='ltr'>τηλαυτήσεως</span> <span class='ocrx_word' id='word_1_97' title='bbox 715 1546 906 1600; x_wconf 82' lang='grc' dir='ltr'>αὑτοῦ</span> <span class='ocrx_word' id='word_1_98' title='bbox 963 1546 1221 1600; x_wconf 81' lang='grc' dir='ltr'>ἐνώπιον</span> <span class='ocrx_word' id='word_1_99' title='bbox 1248 1547 1438 1601; x_wconf 85' lang='grc' dir='ltr'>αὑτοῦ</span> <span class='ocrx_word' id='word_1_100' title='bbox 1488 1550 1547 1602; x_wconf 80' lang='grc' dir='ltr'>αἱ</span> <span class='ocrx_word' id='word_1_101' title='bbox 1576 1549 1826 1618; x_wconf 65' lang='grc' dir='ltr'>νεφέλαι</span> 
     </span>
    </p>
   </div>
   <div class='ocr_carea' id='block_1_17' title="bbox 242 1635 1827 1709">
    <p class='ocr_par' dir='ltr' id='par_1_17' title="bbox 242 1635 1827 1709">
     <span class='ocr_line' id='line_1_17' title="bbox 242 1635 1827 1709; baseline 0.003 -17"><span class='ocrx_word' id='word_1_102' title='bbox 242 1636 412 1693; x_wconf 81' lang='grc' dir='ltr'>αὑτοῦ</span> <span class='ocrx_word' id='word_1_103' title='bbox 434 1638 718 1707; x_wconf 76' lang='grc' dir='ltr'><strong>διῆλθον,</strong></span> <span class='ocrx_word' id='word_1_104' title='bbox 748 1635 977 1707; x_wconf 79' lang='grc' dir='ltr'><strong>χάλαζα</strong></span> <span class='ocrx_word' id='word_1_105' title='bbox 1016 1639 1116 1692; x_wconf 78' lang='grc' dir='ltr'>καὶ</span> <span class='ocrx_word' id='word_1_106' title='bbox 1148 1637 1442 1707; x_wconf 77' lang='grc' dir='ltr'>ἄνθρακες</span> <span class='ocrx_word' id='word_1_107' title='bbox 1486 1642 1698 1709; x_wconf 82' lang='grc' dir='ltr'><strong>πυρός.</strong></span> <span class='ocrx_word' id='word_1_108' title='bbox 1740 1643 1827 1707; x_wconf 85' lang='grc' dir='ltr'>Ὦς</span> 
     </span>
    </p>
   </div>
   <div class='ocr_carea' id='block_1_18' title="bbox 246 1729 1827 1803">
    <p class='ocr_par' dir='ltr' id='par_1_18' title="bbox 246 1729 1827 1803">
     <span class='ocr_line' id='line_1_18' title="bbox 246 1729 1827 1803; baseline -0.001 -18"><span class='ocrx_word' id='word_1_109' title='bbox 246 1730 339 1802; x_wconf 72' lang='grc' dir='ltr'>γὰρ</span> <span class='ocrx_word' id='word_1_110' title='bbox 369 1733 457 1785; x_wconf 82' lang='grc' dir='ltr'><strong>ἐπὶ</strong></span> <span class='ocrx_word' id='word_1_111' title='bbox 484 1732 590 1802; x_wconf 83' lang='grc' dir='ltr'>τῆς</span> <span class='ocrx_word' id='word_1_112' title='bbox 621 1730 901 1799; x_wconf 78' lang='grc' dir='ltr'><strong>Αἰγύπτου</strong></span> <span class='ocrx_word' id='word_1_113' title='bbox 931 1729 1071 1783; x_wconf 85' lang='grc' dir='ltr'><strong>κατά</strong></span> <span class='ocrx_word' id='word_1_114' title='bbox 1115 1731 1216 1803; x_wconf 83' lang='grc' dir='ltr'><strong>τὴν</strong></span> <span class='ocrx_word' id='word_1_115' title='bbox 1246 1731 1479 1801; x_wconf 79' lang='grc' dir='ltr'>ἑϐδόμην</span> <span class='ocrx_word' id='word_1_116' title='bbox 1507 1732 1721 1803; x_wconf 87' lang='grc' dir='ltr'>πληγὴν</span> <span class='ocrx_word' id='word_1_117' title='bbox 1746 1732 1827 1786; x_wconf 84' lang='grc' dir='ltr'>εῐ-</span> 
     </span>
    </p>
   </div>
   <div class='ocr_carea' id='block_1_19' title="bbox 246 1822 1827 1893">
    <p class='ocr_par' dir='ltr' id='par_1_19' title="bbox 246 1822 1827 1893">
     <span class='ocr_line' id='line_1_19' title="bbox 246 1822 1827 1893; baseline -0.003 -18"><span class='ocrx_word' id='word_1_118' title='bbox 246 1840 407 1893; x_wconf 81' lang='grc' dir='ltr'>ρηται·</span> <span class='ocrx_word' id='word_1_119' title='bbox 436 1824 662 1891; x_wconf 78' lang='grc' dir='ltr'>Κύριος</span> <span class='ocrx_word' id='word_1_120' title='bbox 684 1822 752 1875; x_wconf 84' lang='grc' dir='ltr'>δὲ</span> <span class='ocrx_word' id='word_1_121' title='bbox 777 1822 963 1876; x_wconf 75' lang='grc' dir='ltr'>ἔδωκε</span> <span class='ocrx_word' id='word_1_122' title='bbox 1006 1823 1219 1890; x_wconf 70' lang='grc' dir='ltr'>φωνὴν</span> <span class='ocrx_word' id='word_1_123' title='bbox 1262 1824 1360 1875; x_wconf 80' lang='grc' dir='ltr'>καὶ</span> <span class='ocrx_word' id='word_1_124' title='bbox 1404 1822 1689 1891; x_wconf 81' lang='grc' dir='ltr'>χάλαζαν,</span> <span class='ocrx_word' id='word_1_125' title='bbox 1728 1824 1827 1879; x_wconf 75' lang='grc' dir='ltr'><strong>καὶ</strong></span> 
     </span>
    </p>
   </div>
   <div class='ocr_carea' id='block_1_20' title="bbox 1927 628 3504 703">
    <p class='ocr_par' dir='ltr' id='par_1_20' title="bbox 1927 628 3504 703">
     <span class='ocr_line' id='line_1_20' title="bbox 1927 628 3504 703; baseline -0.006 -14"><span class='ocrx_word' id='word_1_126' title='bbox 1927 642 2053 689; x_wconf 93' lang='lat' dir='ltr'><strong>sunt</strong></span> <span class='ocrx_word' id='word_1_127' title='bbox 2089 652 2103 701; x_wconf 89' lang='lat'><strong>;</strong></span> <span class='ocrx_word' id='word_1_128' title='bbox 2153 634 2499 703; x_wconf 88' lang='lat' dir='ltr'><strong>dilucideque</strong></span> <span class='ocrx_word' id='word_1_129' title='bbox 2551 648 2842 689; x_wconf 83' lang='lat' dir='ltr'><strong>ascensum</strong></span> <span class='ocrx_word' id='word_1_130' title='bbox 2874 633 2995 700; x_wconf 83' lang='lat' dir='ltr'><strong>ejus</strong></span> <span class='ocrx_word' id='word_1_131' title='bbox 3039 630 3127 685; x_wconf 86' lang='lat' dir='ltr'><strong>his</strong></span> <span class='ocrx_word' id='word_1_132' title='bbox 3175 628 3504 699; x_wconf 83' lang='lat' dir='ltr'><strong>signiﬁcavit</strong></span> 
     </span>
    </p>
   </div>
   <div class='ocr_carea' id='block_1_21' title="bbox 1924 722 3503 792">
    <p class='ocr_par' dir='ltr' id='par_1_21' title="bbox 1924 722 3503 792">
     <span class='ocr_line' id='line_1_21' title="bbox 1924 722 3503 792; baseline -0.004 -12"><span class='ocrx_word' id='word_1_133' title='bbox 1924 726 2104 780; x_wconf 78' lang='lat' dir='ltr'><strong>verbis</strong></span> <span class='ocrx_word' id='word_1_134' title='bbox 2130 742 2143 775; x_wconf 86' lang='lat'><strong>:</strong></span> <span class='ocrx_word' id='word_1_135' title='bbox 2182 725 2247 777; x_wconf 86' lang='lat' dir='ltr'><strong>Et</strong></span> <span class='ocrx_word' id='word_1_136' title='bbox 2275 726 2500 779; x_wconf 76' lang='lat' dir='ltr'><strong>intonuit</strong></span> <span class='ocrx_word' id='word_1_137' title='bbox 2526 724 2590 778; x_wconf 90' lang='lat' dir='ltr'><strong>de</strong></span> <span class='ocrx_word' id='word_1_138' title='bbox 2613 724 2762 780; x_wconf 71' lang='lat' dir='ltr'><strong>cielo.</strong></span> <span class='ocrx_word' id='word_1_139' title='bbox 2786 724 3071 790; x_wconf 87' lang='lat' dir='ltr'><strong>Quomodo</strong></span> <span class='ocrx_word' id='word_1_140' title='bbox 3091 723 3391 779; x_wconf 83' lang='lat' dir='ltr'><strong>intonuerit</strong></span> <span class='ocrx_word' id='word_1_141' title='bbox 3409 722 3503 792; x_wconf 86' lang='lat' dir='ltr'><strong>qui</strong></span> 
     </span>
    </p>
   </div>
   <div class='ocr_carea' id='block_1_22' title="bbox 1925 814 3499 888">
    <p class='ocr_par' dir='ltr' id='par_1_22' title="bbox 1925 814 3499 888">
     <span class='ocr_line' id='line_1_22' title="bbox 1925 814 3499 888; baseline -0.003 -16"><span class='ocrx_word' id='word_1_142' title='bbox 1925 819 2180 888; x_wconf 84' lang='lat' dir='ltr'><strong>superius</strong></span> <span class='ocrx_word' id='word_1_143' title='bbox 2233 818 2405 872; x_wconf 64' lang='lat' dir='ltr'><strong>caelos</strong></span> <span class='ocrx_word' id='word_1_144' title='bbox 2462 816 2764 871; x_wconf 84' lang='lat' dir='ltr'><strong>inclinasse</strong></span> <span class='ocrx_word' id='word_1_145' title='bbox 2815 830 2878 870; x_wconf 88' lang='lat' dir='ltr'><strong>ac</strong></span> <span class='ocrx_word' id='word_1_146' title='bbox 2909 815 3265 871; x_wconf 89' lang='lat' dir='ltr'><strong>descendisse</strong></span> <span class='ocrx_word' id='word_1_147' title='bbox 3307 814 3499 875; x_wconf 82' lang='lat' dir='ltr'><strong>fertur,</strong></span> 
     </span>
    </p>
   </div>
   <div class='ocr_carea' id='block_1_23' title="bbox 1924 903 3504 980">
    <p class='ocr_par' dir='ltr' id='par_1_23' title="bbox 1924 903 3504 980">
     <span class='ocr_line' id='line_1_23' title="bbox 1924 903 3504 980; baseline -0.003 -16"><span class='ocrx_word' id='word_1_148' title='bbox 1924 910 2033 964; x_wconf 89' lang='lat' dir='ltr'><strong>nisi</strong></span> <span class='ocrx_word' id='word_1_149' title='bbox 2079 924 2307 980; x_wconf 85' lang='lat' dir='ltr'><strong>prorsus</strong></span> <span class='ocrx_word' id='word_1_150' title='bbox 2336 907 2722 963; x_wconf 79' lang='lat' dir='ltr'><strong>ascendisset?</strong></span> <span class='ocrx_word' id='word_1_151' title='bbox 2753 906 2896 977; x_wconf 92' lang='lat' dir='ltr'><strong>quod</strong></span> <span class='ocrx_word' id='word_1_152' title='bbox 2946 906 3134 975; x_wconf 90' lang='lat' dir='ltr'><strong>utique</strong></span> <span class='ocrx_word' id='word_1_153' title='bbox 3163 905 3313 958; x_wconf 91' lang='lat' dir='ltr'><strong>hisce</strong></span> <span class='ocrx_word' id='word_1_154' title='bbox 3341 903 3504 959; x_wconf 86' lang='lat' dir='ltr'><strong>dictis</strong></span> 
     </span>
    </p>
   </div>
   <div class='ocr_carea' id='block_1_24' title="bbox 1925 994 3506 1071">
    <p class='ocr_par' dir='ltr' id='par_1_24' title="bbox 1925 994 3506 1071">
     <span class='ocr_line' id='line_1_24' title="bbox 1925 994 3506 1071; baseline -0.006 -15"><span class='ocrx_word' id='word_1_155' title='bbox 1925 1000 2353 1071; x_wconf 88' lang='lat' dir='ltr'><strong>comprobantur</strong></span> <span class='ocrx_word' id='word_1_156' title='bbox 2380 1017 2393 1053; x_wconf 92' lang='lat'><strong>:</strong></span> <span class='ocrx_word' id='word_1_157' title='bbox 2437 996 2507 1051; x_wconf 86' lang='lat' dir='ltr'><strong>Et</strong></span> <span class='ocrx_word' id='word_1_158' title='bbox 2538 998 2773 1051; x_wconf 77' lang='lat' dir='ltr'><strong>ascendit</strong></span> <span class='ocrx_word' id='word_1_159' title='bbox 2801 1012 2957 1065; x_wconf 85' lang='lat' dir='ltr'><strong>super</strong></span> <span class='ocrx_word' id='word_1_160' title='bbox 2980 994 3243 1049; x_wconf 78' lang='lat' dir='ltr'><strong>cherubim</strong></span> <span class='ocrx_word' id='word_1_161' title='bbox 3278 1002 3327 1047; x_wconf 88' lang='lat' dir='ltr'><strong>et</strong></span> <span class='ocrx_word' id='word_1_162' title='bbox 3361 995 3506 1047; x_wconf 86' lang='lat' dir='ltr'><strong>vola-</strong></span> 
     </span>
    </p>
   </div>
   <div class='ocr_carea' id='block_1_25' title="bbox 1926 1087 3504 1159">
    <p class='ocr_par' dir='ltr' id='par_1_25' title="bbox 1926 1087 3504 1159">
     <span class='ocr_line' id='line_1_25' title="bbox 1926 1087 3504 1159; baseline -0.004 -13"><span class='ocrx_word' id='word_1_163' title='bbox 1926 1094 2016 1157; x_wconf 79' lang='lat' dir='ltr'><strong>vit,</strong></span> <span class='ocrx_word' id='word_1_164' title='bbox 2060 1091 2248 1146; x_wconf 84' lang='lat' dir='ltr'><strong>volavit</strong></span> <span class='ocrx_word' id='word_1_165' title='bbox 2280 1106 2435 1159; x_wconf 80' lang='lat' dir='ltr'><strong>super</strong></span> <span class='ocrx_word' id='word_1_166' title='bbox 2458 1105 2656 1158; x_wconf 79' lang='lat' dir='ltr'><strong>pennas</strong></span> <span class='ocrx_word' id='word_1_167' title='bbox 2679 1097 2972 1141; x_wconf 73' lang='lat' dir='ltr'><strong>ventorum.</strong></span> <span class='ocrx_word' id='word_1_168' title='bbox 3001 1087 3504 1141; x_wconf 84' lang='lat' dir='ltr'><strong>Gommonstratum</strong></span> 
     </span>
    </p>
   </div>
   <div class='ocr_carea' id='block_1_26' title="bbox 1926 1177 3506 1256">
    <p class='ocr_par' dir='ltr' id='par_1_26' title="bbox 1926 1177 3506 1256">
     <span class='ocr_line' id='line_1_26' title="bbox 1926 1177 3506 1256; baseline -0.004 -17"><span class='ocrx_word' id='word_1_169' title='bbox 1926 1200 2055 1256; x_wconf 92' lang='lat' dir='ltr'><strong>ergo</strong></span> <span class='ocrx_word' id='word_1_170' title='bbox 2084 1182 2186 1238; x_wconf 80' lang='lat' dir='ltr'><strong>luit</strong></span> <span class='ocrx_word' id='word_1_171' title='bbox 2207 1183 2385 1253; x_wconf 91' lang='lat' dir='ltr'><strong>ipsum</strong></span> <span class='ocrx_word' id='word_1_172' title='bbox 2416 1180 2788 1244; x_wconf 83' lang='lat' dir='ltr'><strong>descendisse,</strong></span> <span class='ocrx_word' id='word_1_173' title='bbox 2820 1178 3017 1233; x_wconf 90' lang='lat' dir='ltr'><strong>deinde</strong></span> <span class='ocrx_word' id='word_1_174' title='bbox 3044 1193 3169 1232; x_wconf 91' lang='lat' dir='ltr'><strong>cum</strong></span> <span class='ocrx_word' id='word_1_175' title='bbox 3203 1177 3506 1232; x_wconf 89' lang='lat' dir='ltr'><strong>cberubino</strong></span> 
     </span>
    </p>
   </div>
   <div class='ocr_carea' id='block_1_27' title="bbox 1928 1270 3505 1345">
    <p class='ocr_par' dir='ltr' id='par_1_27' title="bbox 1928 1270 3505 1345">
     <span class='ocr_line' id='line_1_27' title="bbox 1928 1270 3505 1345; baseline -0.004 -13"><span class='ocrx_word' id='word_1_176' title='bbox 1928 1276 2263 1340; x_wconf 87' lang='lat' dir='ltr'><strong>ascendisse,</strong></span> <span class='ocrx_word' id='word_1_177' title='bbox 2333 1282 2456 1345; x_wconf 90' lang='lat' dir='ltr'><strong>post</strong></span> <span class='ocrx_word' id='word_1_178' title='bbox 2503 1288 2570 1328; x_wconf 83' lang='lat' dir='ltr'><strong>ex</strong></span> <span class='ocrx_word' id='word_1_179' title='bbox 2616 1273 2758 1327; x_wconf 86' lang='lat' dir='ltr'><strong>coelo</strong></span> <span class='ocrx_word' id='word_1_180' title='bbox 2807 1270 3145 1332; x_wconf 84' lang='lat' dir='ltr'><strong>intonuisse;</strong></span> <span class='ocrx_word' id='word_1_181' title='bbox 3190 1270 3408 1325; x_wconf 87' lang='lat' dir='ltr'><strong>demum</strong></span> <span class='ocrx_word' id='word_1_182' title='bbox 3438 1284 3505 1326; x_wconf 82' lang='lat' dir='ltr'><strong>ea</strong></span> 
     </span>
    </p>
   </div>
   <div class='ocr_carea' id='block_1_28' title="bbox 1927 1362 3506 1434">
    <p class='ocr_par' dir='ltr' id='par_1_28' title="bbox 1927 1362 3506 1434">
     <span class='ocr_line' id='line_1_28' title="bbox 1927 1362 3506 1434; baseline -0.007 -9"><span class='ocrx_word' id='word_1_183' title='bbox 1927 1377 2118 1425; x_wconf 90' lang='lat' dir='ltr'><strong>contra</strong></span> <span class='ocrx_word' id='word_1_184' title='bbox 2145 1367 2400 1424; x_wconf 89' lang='lat' dir='ltr'><strong>inimicos</strong></span> <span class='ocrx_word' id='word_1_185' title='bbox 2424 1380 2557 1421; x_wconf 90' lang='lat' dir='ltr'><strong>suos</strong></span> <span class='ocrx_word' id='word_1_186' title='bbox 2593 1364 2915 1434; x_wconf 82' lang='lat' dir='ltr'><strong>designasse</strong></span> <span class='ocrx_word' id='word_1_187' title='bbox 2973 1378 3095 1433; x_wconf 82' lang='lat' dir='ltr'><strong>quae</strong></span> <span class='ocrx_word' id='word_1_188' title='bbox 3137 1362 3193 1416; x_wconf 91' lang='lat' dir='ltr'><strong>in</strong></span> <span class='ocrx_word' id='word_1_189' title='bbox 3227 1362 3506 1433; x_wconf 81' lang='lat' dir='ltr'><strong>sequenti-</strong></span> 
     </span>
    </p>
   </div>
   <div class='ocr_carea' id='block_1_29' title="bbox 1928 1450 3505 1525">
    <p class='ocr_par' dir='ltr' id='par_1_29' title="bbox 1928 1450 3505 1525">
     <span class='ocr_line' id='line_1_29' title="bbox 1928 1450 3505 1525; baseline -0.006 -8"><span class='ocrx_word' id='word_1_190' title='bbox 1928 1463 2031 1517; x_wconf 85' lang='lat' dir='ltr'><strong>bus</strong></span> <span class='ocrx_word' id='word_1_191' title='bbox 2068 1459 2477 1517; x_wconf 89' lang='lat' dir='ltr'><strong>describunlur.</strong></span> <span class='ocrx_word' id='word_1_192' title='bbox 2525 1454 2713 1510; x_wconf 91' lang='lat' dir='ltr'><strong>Primo</strong></span> <span class='ocrx_word' id='word_1_193' title='bbox 2772 1454 2988 1525; x_wconf 90' lang='lat' dir='ltr'><strong>quidem</strong></span> <span class='ocrx_word' id='word_1_194' title='bbox 3020 1469 3131 1523; x_wconf 69' lang='lat' dir='ltr'><strong>pra:</strong></span> <span class='ocrx_word' id='word_1_195' title='bbox 3161 1452 3365 1524; x_wconf 83' lang='lat' dir='ltr'><strong>fulgore</strong></span> <span class='ocrx_word' id='word_1_196' title='bbox 3390 1450 3505 1521; x_wconf 88' lang='lat' dir='ltr'><strong>ejus</strong></span> 
     </span>
    </p>
   </div>
   <div class='ocr_carea' id='block_1_30' title="bbox 1927 1544 3507 1623">
    <p class='ocr_par' dir='ltr' id='par_1_30' title="bbox 1927 1544 3507 1623">
     <span class='ocr_line' id='line_1_30' title="bbox 1927 1544 3507 1623; baseline -0.006 -16"><span class='ocrx_word' id='word_1_197' title='bbox 1927 1554 1982 1607; x_wconf 90' lang='lat' dir='ltr'><strong>in</strong></span> <span class='ocrx_word' id='word_1_198' title='bbox 2011 1563 2289 1623; x_wconf 85' lang='lat' dir='ltr'><strong>conspectu</strong></span> <span class='ocrx_word' id='word_1_199' title='bbox 2321 1550 2435 1620; x_wconf 90' lang='lat' dir='ltr'><strong>ejus</strong></span> <span class='ocrx_word' id='word_1_200' title='bbox 2459 1550 2619 1603; x_wconf 89' lang='lat' dir='ltr'><strong>nubes</strong></span> <span class='ocrx_word' id='word_1_201' title='bbox 2667 1547 3015 1609; x_wconf 86' lang='lat' dir='ltr'><strong>transierunt,</strong></span> <span class='ocrx_word' id='word_1_202' title='bbox 3046 1544 3247 1616; x_wconf 88' lang='lat' dir='ltr'><strong>grando</strong></span> <span class='ocrx_word' id='word_1_203' title='bbox 3283 1554 3334 1598; x_wconf 93' lang='lat' dir='ltr'><strong>et</strong></span> <span class='ocrx_word' id='word_1_204' title='bbox 3385 1559 3507 1599; x_wconf 65' lang='lat' dir='ltr'><strong>caro</strong></span> 
     </span>
    </p>
   </div>
   <div class='ocr_carea' id='block_1_31' title="bbox 1930 1637 3508 1715">
    <p class='ocr_par' dir='ltr' id='par_1_31' title="bbox 1930 1637 3508 1715">
     <span class='ocr_line' id='line_1_31' title="bbox 1930 1637 3508 1715; baseline -0.006 -16"><span class='ocrx_word' id='word_1_205' title='bbox 1930 1647 2086 1699; x_wconf 82' lang='lat' dir='ltr'><strong>bones</strong></span> <span class='ocrx_word' id='word_1_206' title='bbox 2108 1645 2264 1715; x_wconf 91' lang='lat' dir='ltr'><strong>ignis.</strong></span> <span class='ocrx_word' id='word_1_207' title='bbox 2294 1642 2449 1698; x_wconf 81' lang='lat' dir='ltr'><strong>Sicut</strong></span> <span class='ocrx_word' id='word_1_208' title='bbox 2465 1641 2610 1697; x_wconf 89' lang='lat' dir='ltr'><strong>enim</strong></span> <span class='ocrx_word' id='word_1_209' title='bbox 2634 1639 2704 1695; x_wconf 90' lang='lat' dir='ltr'><strong>de</strong></span> <span class='ocrx_word' id='word_1_210' title='bbox 2732 1638 2969 1710; x_wconf 64' lang='lat' dir='ltr'><strong>Egypto</strong></span> <span class='ocrx_word' id='word_1_211' title='bbox 2998 1638 3053 1692; x_wconf 90' lang='lat' dir='ltr'><strong>in</strong></span> <span class='ocrx_word' id='word_1_212' title='bbox 3088 1638 3318 1707; x_wconf 91' lang='lat' dir='ltr'><strong>septima</strong></span> <span class='ocrx_word' id='word_1_213' title='bbox 3348 1637 3508 1708; x_wconf 86' lang='lat' dir='ltr'><strong>plaga</strong></span> 
     </span>
    </p>
   </div>
   <div class='ocr_carea' id='block_1_32' title="bbox 1930 1728 3509 1799">
    <p class='ocr_par' dir='ltr' id='par_1_32' title="bbox 1930 1728 3509 1799">
     <span class='ocr_line' id='line_1_32' title="bbox 1930 1728 3509 1799; baseline -0.005 -10"><span class='ocrx_word' id='word_1_214' title='bbox 1930 1745 2209 1799; x_wconf 86' lang='lat' dir='ltr'><strong>narratur,</strong></span> <span class='ocrx_word' id='word_1_215' title='bbox 2245 1734 2500 1789; x_wconf 79' lang='lat' dir='ltr'><strong>Dominus</strong></span> <span class='ocrx_word' id='word_1_216' title='bbox 2530 1740 2707 1786; x_wconf 81' lang='lat' dir='ltr'><strong>autem</strong></span> <span class='ocrx_word' id='word_1_217' title='bbox 2733 1730 2877 1785; x_wconf 83' lang='lat' dir='ltr'><strong>dedit</strong></span> <span class='ocrx_word' id='word_1_218' title='bbox 2930 1746 3103 1785; x_wconf 84' lang='lat' dir='ltr'><strong>uocem</strong></span> <span class='ocrx_word' id='word_1_219' title='bbox 3121 1739 3171 1784; x_wconf 91' lang='lat' dir='ltr'><strong>et</strong></span> <span class='ocrx_word' id='word_1_220' title='bbox 3196 1728 3509 1799; x_wconf 87' lang='lat' dir='ltr'><strong>grandinem</strong></span> 
     </span>
    </p>
   </div>
   <div class='ocr_carea' id='block_1_33' title="bbox 1929 1820 3509 1894">
    <p class='ocr_par' dir='ltr' id='par_1_33' title="bbox 1929 1820 3509 1894">
     <span class='ocr_line' id='line_1_33' title="bbox 1929 1820 3509 1894; baseline -0.003 -14"><span class='ocrx_word' id='word_1_221' title='bbox 1929 1834 1978 1880; x_wconf 90' lang='lat' dir='ltr'><strong>et</strong></span> <span class='ocrx_word' id='word_1_222' title='bbox 2001 1824 2353 1887; x_wconf 88' lang='lat' dir='ltr'><strong>discurrebat,</strong></span> <span class='ocrx_word' id='word_1_223' title='bbox 2405 1824 2603 1894; x_wconf 88' lang='lat' dir='ltr'><strong>inquit,</strong></span> <span class='ocrx_word' id='word_1_224' title='bbox 2640 1824 2777 1894; x_wconf 88' lang='lat' dir='ltr'><strong>ignis</strong></span> <span class='ocrx_word' id='word_1_225' title='bbox 2826 1838 2985 1891; x_wconf 88' lang='lat' dir='ltr'><strong>super</strong></span> <span class='ocrx_word' id='word_1_226' title='bbox 3009 1834 3203 1875; x_wconf 86' lang='lat' dir='ltr'><strong>terram</strong></span> <span class='ocrx_word' id='word_1_227' title='bbox 3237 1820 3509 1889; x_wconf 82' lang='lat' dir='ltr'><strong>:pluitque</strong></span> 
     </span>
    </p>
   </div>
   <div class='ocr_carea' id='block_1_34' title="bbox 243 1897 1826 1986">
    <p class='ocr_par' dir='ltr' id='par_1_34' title="bbox 243 1912 1821 1985">
     <span class='ocr_line' id='line_1_34' title="bbox 243 1912 1821 1985; baseline 0.001 -17"><span class='ocrx_word' id='word_1_228' title='bbox 243 1914 505 1984; x_wconf 79' lang='grc' dir='ltr'>διέτρεχε,</span> <span class='ocrx_word' id='word_1_229' title='bbox 541 1914 699 1985; x_wconf 76' lang='grc' dir='ltr'>φησὶ,</span> <span class='ocrx_word' id='word_1_230' title='bbox 736 1914 801 1967; x_wconf 83' lang='grc' dir='ltr'>τὸ</span> <span class='ocrx_word' id='word_1_231' title='bbox 828 1914 948 1981; x_wconf 82' lang='grc' dir='ltr'><strong>πῦρ</strong></span> <span class='ocrx_word' id='word_1_232' title='bbox 980 1914 1080 1967; x_wconf 80' lang='grc' dir='ltr'><strong>ἐπὶ</strong></span> <span class='ocrx_word' id='word_1_233' title='bbox 1114 1912 1223 1981; x_wconf 86' lang='grc' dir='ltr'>τῆς</span> <span class='ocrx_word' id='word_1_234' title='bbox 1270 1915 1404 1984; x_wconf 70' lang='grc' dir='ltr'>γῆς·</span> <span class='ocrx_word' id='word_1_235' title='bbox 1452 1915 1551 1969; x_wconf 77' lang='grc' dir='ltr'>καὶ</span> <span class='ocrx_word' id='word_1_236' title='bbox 1575 1914 1821 1984; x_wconf 79' lang='grc' dir='ltr'>ἔϐρεξεν</span> 
     </span>
    </p>
   </div>
   <div class='ocr_carea' id='block_1_35' title="bbox 1932 1897 3504 1986">
    <p class='ocr_par' dir='ltr' id='par_1_35' title="bbox 1932 1912 3504 1986">
     <span class='ocr_line' id='line_1_35' title="bbox 1932 1912 3504 1986; baseline -0.003 -15"><span class='ocrx_word' id='word_1_237' title='bbox 1932 1916 2190 1971; x_wconf 90' lang='lat' dir='ltr'><strong>Dominus</strong></span> <span class='ocrx_word' id='word_1_238' title='bbox 2241 1932 2398 1986; x_wconf 87' lang='lat' dir='ltr'><strong>super</strong></span> <span class='ocrx_word' id='word_1_239' title='bbox 2463 1926 2662 1969; x_wconf 87' lang='lat' dir='ltr'><strong>terram</strong></span> <span class='ocrx_word' id='word_1_240' title='bbox 2712 1914 2954 1985; x_wconf 62' lang='lat' dir='ltr'><strong>AEgypti.</strong></span> <span class='ocrx_word' id='word_1_241' title='bbox 3002 1912 3236 1984; x_wconf 84' lang='lat' dir='ltr'><strong>Eratque</strong></span> <span class='ocrx_word' id='word_1_242' title='bbox 3280 1913 3504 1983; x_wconf 85' lang='lat' dir='ltr'><strong>grando,</strong></span> 
     </span>
    </p>
   </div>
   <div class='ocr_carea' id='block_1_36' title="bbox 245 2002 1820 2078">
    <p class='ocr_par' dir='ltr' id='par_1_36' title="bbox 245 2002 1820 2078">
     <span class='ocr_line' id='line_1_36' title="bbox 245 2002 1820 2078; baseline 0.003 -18"><span class='ocrx_word' id='word_1_243' title='bbox 245 2007 437 2073; x_wconf 79' lang='grc' dir='ltr'>Κύριος</span> <span class='ocrx_word' id='word_1_244' title='bbox 462 2007 567 2059; x_wconf 77' lang='grc' dir='ltr'><strong>ἐπὶ</strong></span> <span class='ocrx_word' id='word_1_245' title='bbox 594 2006 715 2075; x_wconf 70' lang='grc' dir='ltr'><strong>γῆν</strong></span> <span class='ocrx_word' id='word_1_246' title='bbox 740 2006 1070 2075; x_wconf 71' lang='grc' dir='ltr'><strong>Αἰγύπτου.</strong></span> <span class='ocrx_word' id='word_1_247' title='bbox 1114 2002 1237 2060; x_wconf 67' lang='grc' dir='ltr'>Ἠν</span> <span class='ocrx_word' id='word_1_248' title='bbox 1274 2007 1343 2060; x_wconf 83' lang='grc' dir='ltr'>δὲ</span> <span class='ocrx_word' id='word_1_249' title='bbox 1383 2009 1423 2076; x_wconf 80' lang='grc' dir='ltr'>ἡ</span> <span class='ocrx_word' id='word_1_250' title='bbox 1458 2007 1688 2078; x_wconf 78' lang='grc' dir='ltr'>χάλαζα</span> <span class='ocrx_word' id='word_1_251' title='bbox 1719 2010 1820 2064; x_wconf 78' lang='grc' dir='ltr'>καὶ</span> 
     </span>
    </p>
   </div>
   <div class='ocr_carea' id='block_1_37' title="bbox 244 2096 1818 2173">
    <p class='ocr_par' dir='ltr' id='par_1_37' title="bbox 244 2096 1818 2173">
     <span class='ocr_line' id='line_1_37' title="bbox 244 2096 1818 2173; baseline 0.004 -24"><span class='ocrx_word' id='word_1_252' title='bbox 244 2097 301 2149; x_wconf 85' lang='grc' dir='ltr'>τὸ</span> <span class='ocrx_word' id='word_1_253' title='bbox 326 2097 436 2164; x_wconf 75' lang='grc' dir='ltr'><strong>πῦρ</strong></span> <span class='ocrx_word' id='word_1_254' title='bbox 460 2096 758 2166; x_wconf 62' lang='grc' dir='ltr'>φλογίζον</span> <span class='ocrx_word' id='word_1_255' title='bbox 780 2098 852 2150; x_wconf 81' lang='grc' dir='ltr'><strong>ἐν</strong></span> <span class='ocrx_word' id='word_1_256' title='bbox 884 2097 958 2169; x_wconf 80' lang='grc' dir='ltr'>τῇ</span> <span class='ocrx_word' id='word_1_257' title='bbox 1009 2098 1260 2168; x_wconf 76' lang='grc' dir='ltr'>χαλάζῃ.</span> <span class='ocrx_word' id='word_1_258' title='bbox 1303 2100 1597 2165; x_wconf 78' lang='grc' dir='ltr'>Ἐπάταξε</span> <span class='ocrx_word' id='word_1_259' title='bbox 1657 2102 1727 2156; x_wconf 80' lang='grc' dir='ltr'>δὲ</span> <span class='ocrx_word' id='word_1_260' title='bbox 1777 2105 1818 2173; x_wconf 76' lang='grc' dir='ltr'><strong><em>ἡ</em></strong></span> 
     </span>
    </p>
   </div>
   <div class='ocr_carea' id='block_1_38' title="bbox 246 2187 1820 2259">
    <p class='ocr_par' dir='ltr' id='par_1_38' title="bbox 246 2187 1820 2259">
     <span class='ocr_line' id='line_1_38' title="bbox 246 2187 1820 2259; baseline 0.004 -19"><span class='ocrx_word' id='word_1_261' title='bbox 246 2187 449 2256; x_wconf 79' lang='grc' dir='ltr'>χάλαζα</span> <span class='ocrx_word' id='word_1_262' title='bbox 492 2189 571 2241; x_wconf 82' lang='grc' dir='ltr'><strong>ἐν</strong></span> <span class='ocrx_word' id='word_1_263' title='bbox 619 2187 789 2257; x_wconf 79' lang='grc' dir='ltr'>πάσῃ</span> <span class='ocrx_word' id='word_1_264' title='bbox 836 2187 914 2258; x_wconf 77' lang='grc' dir='ltr'>γῇ</span> <span class='ocrx_word' id='word_1_265' title='bbox 943 2190 1265 2259; x_wconf 77' lang='grc' dir='ltr'><strong>Αἰγύπτου·</strong></span> <span class='ocrx_word' id='word_1_266' title='bbox 1298 2192 1393 2244; x_wconf 76' lang='grc' dir='ltr'>καὶ</span> <span class='ocrx_word' id='word_1_267' title='bbox 1439 2191 1613 2245; x_wconf 87' lang='grc' dir='ltr'>ταῦτα</span> <span class='ocrx_word' id='word_1_268' title='bbox 1643 2194 1820 2247; x_wconf 87' lang='grc' dir='ltr'>πάντα</span> 
     </span>
    </p>
   </div>
   <div class='ocr_carea' id='block_1_39' title="bbox 246 2280 1819 2355">
    <p class='ocr_par' dir='ltr' id='par_1_39' title="bbox 246 2280 1819 2355">
     <span class='ocr_line' id='line_1_39' title="bbox 246 2280 1819 2355; baseline 0.004 -24"><span class='ocrx_word' id='word_1_269' title='bbox 246 2281 437 2347; x_wconf 80' lang='grc' dir='ltr'>ἐγένετο</span> <span class='ocrx_word' id='word_1_270' title='bbox 465 2282 560 2335; x_wconf 82' lang='grc' dir='ltr'>ἵνα</span> <span class='ocrx_word' id='word_1_271' title='bbox 595 2282 625 2332; x_wconf 92' lang='lat'><strong>6</strong></span> <span class='ocrx_word' id='word_1_272' title='bbox 665 2281 795 2344; x_wconf 84' lang='grc' dir='ltr'>λαὸς</span> <span class='ocrx_word' id='word_1_273' title='bbox 820 2281 914 2333; x_wconf 85' lang='grc' dir='ltr'><strong>τοῦ</strong></span> <span class='ocrx_word' id='word_1_274' title='bbox 943 2280 1079 2334; x_wconf 87' lang='grc' dir='ltr'>Θεοῦ</span> <span class='ocrx_word' id='word_1_275' title='bbox 1122 2281 1439 2355; x_wconf 83' lang='grc' dir='ltr'>ἐλευθερίας</span> <span class='ocrx_word' id='word_1_276' title='bbox 1472 2284 1574 2355; x_wconf 83' lang='grc' dir='ltr'>τῆς</span> <span class='ocrx_word' id='word_1_277' title='bbox 1607 2285 1697 2349; x_wconf 70' lang='grc' dir='ltr'><strong>ὑπ’</strong></span> <span class='ocrx_word' id='word_1_278' title='bbox 1722 2287 1819 2339; x_wconf 83' lang='lat' dir='ltr'><strong>Al-</strong></span> 
     </span>
    </p>
   </div>
   <div class='ocr_carea' id='block_1_40' title="bbox 246 2372 1820 2448">
    <p class='ocr_par' dir='ltr' id='par_1_40' title="bbox 246 2372 1820 2448">
     <span class='ocr_line' id='line_1_40' title="bbox 246 2372 1820 2448; baseline 0.004 -25"><span class='ocrx_word' id='word_1_279' title='bbox 246 2372 468 2439; x_wconf 77' lang='grc' dir='ltr'>γυπτίοις</span> <span class='ocrx_word' id='word_1_280' title='bbox 497 2372 754 2435; x_wconf 83' lang='grc' dir='ltr'>δουλείας</span> <span class='ocrx_word' id='word_1_281' title='bbox 780 2374 963 2441; x_wconf 84' lang='grc' dir='ltr'>τυχεῖν</span> <span class='ocrx_word' id='word_1_282' title='bbox 996 2372 1220 2444; x_wconf 84' lang='grc' dir='ltr'>δυνηθῇ.</span> <span class='ocrx_word' id='word_1_283' title='bbox 1275 2374 1379 2427; x_wconf 85' lang='grc' dir='ltr'>Τὸν</span> <span class='ocrx_word' id='word_1_284' title='bbox 1406 2375 1570 2428; x_wconf 81' lang='grc' dir='ltr'>αὐτὸν</span> <span class='ocrx_word' id='word_1_285' title='bbox 1618 2374 1820 2448; x_wconf 83' lang='grc' dir='ltr'>τρόπον</span> 
     </span>
    </p>
   </div>
   <div class='ocr_carea' id='block_1_41' title="bbox 248 2462 1821 2535">
    <p class='ocr_par' dir='ltr' id='par_1_41' title="bbox 248 2462 1821 2535">
     <span class='ocr_line' id='line_1_41' title="bbox 248 2462 1821 2535; baseline 0.004 -21"><span class='ocrx_word' id='word_1_286' title='bbox 248 2463 325 2515; x_wconf 74' lang='grc' dir='ltr'><strong>καὶ</strong></span> <span class='ocrx_word' id='word_1_287' title='bbox 354 2464 590 2517; x_wconf 81' lang='grc' dir='ltr'>ἐνταῦθα</span> <span class='ocrx_word' id='word_1_288' title='bbox 624 2463 721 2527; x_wconf 81' lang='grc' dir='ltr'>τὰς</span> <span class='ocrx_word' id='word_1_289' title='bbox 751 2462 812 2528; x_wconf 82' lang='grc' dir='ltr'><strong>ἐξ</strong></span> <span class='ocrx_word' id='word_1_290' title='bbox 834 2463 1004 2516; x_wconf 81' lang='grc' dir='ltr'>ἐθνῶν</span> <span class='ocrx_word' id='word_1_291' title='bbox 1050 2464 1374 2535; x_wconf 86' lang='grc' dir='ltr'>Ἐκκλησίας</span> <span class='ocrx_word' id='word_1_292' title='bbox 1432 2466 1526 2518; x_wconf 72' lang='grc' dir='ltr'><strong>καὶ</strong></span> <span class='ocrx_word' id='word_1_293' title='bbox 1558 2466 1657 2530; x_wconf 83' lang='grc' dir='ltr'>τὰς</span> <span class='ocrx_word' id='word_1_294' title='bbox 1714 2467 1821 2521; x_wconf 87' lang='grc' dir='ltr'><strong>τῶν</strong></span> 
     </span>
    </p>
   </div>
   <div class='ocr_carea' id='block_1_42' title="bbox 247 2554 1821 2631">
    <p class='ocr_par' dir='ltr' id='par_1_42' title="bbox 247 2554 1821 2631">
     <span class='ocr_line' id='line_1_42' title="bbox 247 2554 1821 2631; baseline 0.004 -25"><span class='ocrx_word' id='word_1_295' title='bbox 247 2554 522 2625; x_wconf 82' lang='grc' dir='ltr'>ἀνθρώπων</span> <span class='ocrx_word' id='word_1_296' title='bbox 544 2556 730 2626; x_wconf 72' lang='grc' dir='ltr'>ψυχὰς</span> <span class='ocrx_word' id='word_1_297' title='bbox 762 2555 863 2625; x_wconf 82' lang='grc' dir='ltr'><strong>τῆς</strong></span> <span class='ocrx_word' id='word_1_298' title='bbox 894 2557 998 2610; x_wconf 84' lang='grc' dir='ltr'><strong>ὑπὸ</strong></span> <span class='ocrx_word' id='word_1_299' title='bbox 1025 2557 1125 2627; x_wconf 82' lang='grc' dir='ltr'><strong>τὴν</strong></span> <span class='ocrx_word' id='word_1_300' title='bbox 1170 2557 1327 2611; x_wconf 85' lang='grc' dir='ltr'>ἄθεον</span> <span class='ocrx_word' id='word_1_301' title='bbox 1382 2556 1821 2631; x_wconf 84' lang='grc' dir='ltr'>εἰδωλολατρείαν</span> 
     </span>
    </p>
   </div>
   <div class='ocr_carea' id='block_1_43' title="bbox 249 2648 1821 2722">
    <p class='ocr_par' dir='ltr' id='par_1_43' title="bbox 249 2648 1821 2722">
     <span class='ocr_line' id='line_1_43' title="bbox 249 2648 1821 2722; baseline 0.003 -21"><span class='ocrx_word' id='word_1_302' title='bbox 249 2648 468 2712; x_wconf 74' lang='grc' dir='ltr'>καὶτοὺς</span> <span class='ocrx_word' id='word_1_303' title='bbox 524 2649 808 2721; x_wconf 71' lang='grc' dir='ltr'>πονηροὺς</span> <span class='ocrx_word' id='word_1_304' title='bbox 838 2650 1098 2720; x_wconf 86' lang='grc' dir='ltr'>δαίμονας</span> <span class='ocrx_word' id='word_1_305' title='bbox 1154 2651 1433 2722; x_wconf 82' lang='grc' dir='ltr'>ὑποταγῆς</span> <span class='ocrx_word' id='word_1_306' title='bbox 1499 2650 1821 2722; x_wconf 86' lang='grc' dir='ltr'>ἐλευθερῶν,</span> 
     </span>
    </p>
   </div>
   <div class='ocr_carea' id='block_1_44' title="bbox 249 2736 1823 2810">
    <p class='ocr_par' dir='ltr' id='par_1_44' title="bbox 249 2736 1823 2810">
     <span class='ocr_line' id='line_1_44' title="bbox 249 2736 1823 2810; baseline 0.003 -22"><span class='ocrx_word' id='word_1_307' title='bbox 249 2737 372 2788; x_wconf 80' lang='grc' dir='ltr'><strong>κατά</strong></span> <span class='ocrx_word' id='word_1_308' title='bbox 391 2736 493 2791; x_wconf 86' lang='grc' dir='ltr'><strong>τῶν</strong></span> <span class='ocrx_word' id='word_1_309' title='bbox 524 2740 743 2808; x_wconf 88' lang='grc' dir='ltr'>νοητῶν</span> <span class='ocrx_word' id='word_1_310' title='bbox 768 2740 1083 2808; x_wconf 78' lang='grc' dir='ltr'>Αἰγυπτίων</span> <span class='ocrx_word' id='word_1_311' title='bbox 1130 2740 1283 2808; x_wconf 83' lang='grc' dir='ltr'>ἠφίει</span> <span class='ocrx_word' id='word_1_312' title='bbox 1325 2740 1565 2810; x_wconf 76' lang='grc' dir='ltr'>χάλαζαν</span> <span class='ocrx_word' id='word_1_313' title='bbox 1594 2743 1687 2794; x_wconf 73' lang='grc' dir='ltr'><strong>καὶ</strong></span> <span class='ocrx_word' id='word_1_314' title='bbox 1728 2741 1823 2795; x_wconf 84' lang='grc' dir='ltr'><strong>ἄν·</strong></span> 
     </span>
    </p>
   </div>
   <div class='ocr_carea' id='block_1_45' title="bbox 251 2826 1821 2904">
    <p class='ocr_par' dir='ltr' id='par_1_45' title="bbox 251 2826 1821 2904">
     <span class='ocr_line' id='line_1_45' title="bbox 251 2826 1821 2904; baseline 0.006 -27"><span class='ocrx_word' id='word_1_315' title='bbox 251 2826 433 2898; x_wconf 82' lang='grc' dir='ltr'>θρακας</span> <span class='ocrx_word' id='word_1_316' title='bbox 460 2832 643 2901; x_wconf 80' lang='grc' dir='ltr'>πυρὸς</span> <span class='ocrx_word' id='word_1_317' title='bbox 675 2834 704 2884; x_wconf 90' lang='lat'><strong>6</strong></span> <span class='ocrx_word' id='word_1_318' title='bbox 734 2832 826 2883; x_wconf 74' lang='grc' dir='ltr'><strong>ἐπὶ</strong></span> <span class='ocrx_word' id='word_1_319' title='bbox 851 2831 946 2887; x_wconf 89' lang='grc' dir='ltr'><strong>τοῦ</strong></span> <span class='ocrx_word' id='word_1_320' title='bbox 998 2832 1267 2903; x_wconf 75' lang='grc' dir='ltr'>χερουϐὶμ</span> <span class='ocrx_word' id='word_1_321' title='bbox 1319 2833 1564 2897; x_wconf 81' lang='grc' dir='ltr'>ἀναπτάς</span> <span class='ocrx_word' id='word_1_322' title='bbox 1596 2833 1821 2904; x_wconf 79' lang='grc' dir='ltr'>Κύριος.</span> 
     </span>
    </p>
   </div>
   <div class='ocr_carea' id='block_1_46' title="bbox 250 2911 1827 2995">
    <p class='ocr_par' dir='ltr' id='par_1_46' title="bbox 250 2911 1827 2995">
     <span class='ocr_line' id='line_1_46' title="bbox 250 2911 1827 2995; baseline 0.006 -25"><span class='ocrx_word' id='word_1_323' title='bbox 250 2911 395 2989; x_wconf 78' lang='grc' dir='ltr'>οἶμαι</span> <span class='ocrx_word' id='word_1_324' title='bbox 422 2920 477 2974; x_wconf 84' lang='grc' dir='ltr'>δὲ</span> <span class='ocrx_word' id='word_1_325' title='bbox 505 2921 617 2983; x_wconf 80' lang='grc' dir='ltr'>τὰς</span> <span class='ocrx_word' id='word_1_326' title='bbox 666 2921 808 2974; x_wconf 84' lang='grc' dir='ltr'><strong>κατά</strong></span> <span class='ocrx_word' id='word_1_327' title='bbox 832 2921 943 2974; x_wconf 85' lang='grc' dir='ltr'><strong>τῶν</strong></span> <span class='ocrx_word' id='word_1_328' title='bbox 995 2921 1209 2976; x_wconf 87' lang='grc' dir='ltr'>ἀσεϐῶν</span> <span class='ocrx_word' id='word_1_329' title='bbox 1259 2924 1639 2995; x_wconf 88' lang='grc' dir='ltr'>τιμωρητικὰς</span> <span class='ocrx_word' id='word_1_330' title='bbox 1669 2925 1827 2979; x_wconf 85' lang='grc' dir='ltr'>δυνά-</span> 
     </span>
    </p>
   </div>
   <div class='ocr_carea' id='block_1_47' title="bbox 255 3013 1827 3087">
    <p class='ocr_par' dir='ltr' id='par_1_47' title="bbox 255 3013 1827 3087">
     <span class='ocr_line' id='line_1_47' title="bbox 255 3013 1827 3087; baseline 0.003 -21"><span class='ocrx_word' id='word_1_331' title='bbox 255 3028 357 3080; x_wconf 82' lang='grc' dir='ltr'>μεις</span> <span class='ocrx_word' id='word_1_332' title='bbox 387 3013 634 3083; x_wconf 72' lang='grc' dir='ltr'>χάλαζαν</span> <span class='ocrx_word' id='word_1_333' title='bbox 670 3014 764 3067; x_wconf 80' lang='grc' dir='ltr'><strong>καὶ</strong></span> <span class='ocrx_word' id='word_1_334' title='bbox 792 3013 1071 3086; x_wconf 68' lang='grc' dir='ltr'>ἄνθρακας</span> <span class='ocrx_word' id='word_1_335' title='bbox 1100 3016 1272 3087; x_wconf 83' lang='grc' dir='ltr'>πυρὸς</span> <span class='ocrx_word' id='word_1_336' title='bbox 1314 3016 1695 3086; x_wconf 80' lang='grc' dir='ltr'>ὀνομάζεσθαι.</span> <span class='ocrx_word' id='word_1_337' title='bbox 1726 3022 1827 3070; x_wconf 89' lang='grc' dir='ltr'><strong>Δυ-</strong></span> 
     </span>
    </p>
   </div>
   <div class='ocr_carea' id='block_1_48' title="bbox 254 3103 1826 3180">
    <p class='ocr_par' dir='ltr' id='par_1_48' title="bbox 254 3103 1826 3180">
     <span class='ocr_line' id='line_1_48' title="bbox 254 3103 1826 3180; baseline 0.003 -24"><span class='ocrx_word' id='word_1_338' title='bbox 254 3103 419 3172; x_wconf 71' lang='grc' dir='ltr'>νάμεις</span> <span class='ocrx_word' id='word_1_339' title='bbox 445 3106 640 3157; x_wconf 83' lang='grc' dir='ltr'>τοίνυν</span> <span class='ocrx_word' id='word_1_340' title='bbox 671 3105 903 3176; x_wconf 77' lang='grc' dir='ltr'>τιμωροὶ</span> <span class='ocrx_word' id='word_1_341' title='bbox 935 3106 1032 3158; x_wconf 78' lang='grc' dir='ltr'><strong>καὶ</strong></span> <span class='ocrx_word' id='word_1_342' title='bbox 1059 3106 1398 3173; x_wconf 77' lang='grc' dir='ltr'>κολαστικαὶ,</span> <span class='ocrx_word' id='word_1_343' title='bbox 1418 3107 1495 3178; x_wconf 79' lang='grc' dir='ltr'>τῷ</span> <span class='ocrx_word' id='word_1_344' title='bbox 1526 3107 1826 3180; x_wconf 84' lang='grc' dir='ltr'>βουλήματι</span> 
     </span>
    </p>
   </div>
   <div class='ocr_carea' id='block_1_49' title="bbox 252 3192 1827 3269">
    <p class='ocr_par' dir='ltr' id='par_1_49' title="bbox 252 3192 1827 3269">
     <span class='ocr_line' id='line_1_49' title="bbox 252 3192 1827 3269; baseline 0.006 -23"><span class='ocrx_word' id='word_1_345' title='bbox 252 3192 328 3245; x_wconf 84' lang='grc' dir='ltr'><strong>τοῦ</strong></span> <span class='ocrx_word' id='word_1_346' title='bbox 358 3196 554 3265; x_wconf 79' lang='grc' dir='ltr'>Κυρίου</span> <span class='ocrx_word' id='word_1_347' title='bbox 592 3196 824 3265; x_wconf 76' lang='grc' dir='ltr'>ἀφανῶς</span> <span class='ocrx_word' id='word_1_348' title='bbox 856 3197 1361 3269; x_wconf 83' lang='grc' dir='ltr'>ἐξυπηρετούμεναι</span> <span class='ocrx_word' id='word_1_349' title='bbox 1409 3199 1552 3253; x_wconf 87' lang='grc' dir='ltr'><strong>κατά</strong></span> <span class='ocrx_word' id='word_1_350' title='bbox 1575 3201 1683 3254; x_wconf 86' lang='grc' dir='ltr'><strong>τῶν</strong></span> <span class='ocrx_word' id='word_1_351' title='bbox 1707 3201 1827 3255; x_wconf 88' lang='grc' dir='ltr'>δαι-</span> 
     </span>
    </p>
   </div>
   <div class='ocr_carea' id='block_1_50' title="bbox 255 3288 1828 3364">
    <p class='ocr_par' dir='ltr' id='par_1_50' title="bbox 255 3288 1828 3364">
     <span class='ocr_line' id='line_1_50' title="bbox 255 3288 1828 3364; baseline 0.007 -25"><span class='ocrx_word' id='word_1_352' title='bbox 255 3288 409 3354; x_wconf 78' lang='grc' dir='ltr'>μόνων</span> <span class='ocrx_word' id='word_1_353' title='bbox 438 3289 545 3341; x_wconf 84' lang='grc' dir='ltr'><strong>τῶν</strong></span> <span class='ocrx_word' id='word_1_354' title='bbox 571 3289 683 3359; x_wconf 75' lang='grc' dir='ltr'>τὴν</span> <span class='ocrx_word' id='word_1_355' title='bbox 712 3289 972 3343; x_wconf 84' lang='grc' dir='ltr'>πολύθεον</span> <span class='ocrx_word' id='word_1_356' title='bbox 1004 3290 1213 3362; x_wconf 84' lang='grc' dir='ltr'>πλάνην</span> <span class='ocrx_word' id='word_1_357' title='bbox 1272 3292 1661 3364; x_wconf 81' lang='grc' dir='ltr'>ἐνεργούντων,</span> <span class='ocrx_word' id='word_1_358' title='bbox 1693 3296 1828 3349; x_wconf 85' lang='grc' dir='ltr'>πάν-</span> 
     </span>
    </p>
   </div>
   <div class='ocr_carea' id='block_1_51' title="bbox 252 3380 1830 3453">
    <p class='ocr_par' dir='ltr' id='par_1_51' title="bbox 252 3380 1830 3453">
     <span class='ocr_line' id='line_1_51' title="bbox 252 3380 1830 3453; baseline 0.01 -25"><span class='ocrx_word' id='word_1_359' title='bbox 252 3394 333 3442; x_wconf 76' lang='grc' dir='ltr'><strong>τας</strong></span> <span class='ocrx_word' id='word_1_360' title='bbox 353 3380 540 3445; x_wconf 78' lang='grc' dir='ltr'>αὐτοὺς</span> <span class='ocrx_word' id='word_1_361' title='bbox 574 3381 840 3452; x_wconf 67' lang='grc' dir='ltr'>ἤλαυνον.</span> <span class='ocrx_word' id='word_1_362' title='bbox 877 3382 969 3435; x_wconf 84' lang='grc' dir='ltr'><strong>Διὸ</strong></span> <span class='ocrx_word' id='word_1_363' title='bbox 1001 3382 1191 3453; x_wconf 83' lang='grc' dir='ltr'>σχεδὸν</span> <span class='ocrx_word' id='word_1_364' title='bbox 1253 3384 1431 3438; x_wconf 88' lang='grc' dir='ltr'>πάντα</span> <span class='ocrx_word' id='word_1_365' title='bbox 1467 3385 1649 3446; x_wconf 76' lang='grc' dir='ltr'>αὐτῶν</span> <span class='ocrx_word' id='word_1_366' title='bbox 1675 3388 1830 3442; x_wconf 88' lang='grc' dir='ltr'>ἐκλέ-</span> 
     </span>
    </p>
   </div>
   <div class='ocr_carea' id='block_1_52' title="bbox 252 3470 1823 3550">
    <p class='ocr_par' dir='ltr' id='par_1_52' title="bbox 252 3470 1823 3550">
     <span class='ocr_line' id='line_1_52' title="bbox 252 3470 1823 3550; baseline 0.007 -27"><span class='ocrx_word' id='word_1_367' title='bbox 252 3470 381 3524; x_wconf 78' lang='grc' dir='ltr'>λοιπε</span> <span class='ocrx_word' id='word_1_368' title='bbox 407 3473 472 3526; x_wconf 75' lang='grc' dir='ltr'>τὰ</span> <span class='ocrx_word' id='word_1_369' title='bbox 490 3476 835 3545; x_wconf 81' lang='grc' dir='ltr'>χρηστήρια,</span> <span class='ocrx_word' id='word_1_370' title='bbox 896 3475 989 3528; x_wconf 82' lang='grc' dir='ltr'><strong>καὶ</strong></span> <span class='ocrx_word' id='word_1_371' title='bbox 1049 3476 1104 3528; x_wconf 88' lang='grc' dir='ltr'>αἱ</span> <span class='ocrx_word' id='word_1_372' title='bbox 1142 3479 1394 3547; x_wconf 86' lang='grc' dir='ltr'>μαντεῖαι</span> <span class='ocrx_word' id='word_1_373' title='bbox 1431 3479 1823 3550; x_wconf 84' lang='grc' dir='ltr'>κατελύθησαν·</span> 
     </span>
    </p>
   </div>
   <div class='ocr_carea' id='block_1_53' title="bbox 253 3559 1829 3640">
    <p class='ocr_par' dir='ltr' id='par_1_53' title="bbox 253 3559 1829 3640">
     <span class='ocr_line' id='line_1_53' title="bbox 253 3559 1829 3640; baseline 0.008 -27"><span class='ocrx_word' id='word_1_374' title='bbox 253 3559 421 3633; x_wconf 74' lang='grc' dir='ltr'>ἐρημοῖ</span> <span class='ocrx_word' id='word_1_375' title='bbox 450 3582 507 3617; x_wconf 83' lang='grc' dir='ltr'><strong>τε</strong></span> <span class='ocrx_word' id='word_1_376' title='bbox 534 3564 729 3619; x_wconf 74' lang='grc' dir='ltr'>αὐτῶν</span> <span class='ocrx_word' id='word_1_377' title='bbox 792 3565 1135 3636; x_wconf 82' lang='grc' dir='ltr'>κατέστησαν</span> <span class='ocrx_word' id='word_1_378' title='bbox 1156 3568 1205 3620; x_wconf 78' lang='grc' dir='ltr'>οἱ</span> <span class='ocrx_word' id='word_1_379' title='bbox 1238 3567 1377 3622; x_wconf 87' lang='grc' dir='ltr'>ναοί·</span> <span class='ocrx_word' id='word_1_380' title='bbox 1437 3568 1729 3640; x_wconf 84' lang='grc' dir='ltr'>σεσύληται</span> <span class='ocrx_word' id='word_1_381' title='bbox 1761 3571 1829 3625; x_wconf 85' lang='grc' dir='ltr'>τὰ</span> 
     </span>
    </p>
   </div>
   <div class='ocr_carea' id='block_1_54' title="bbox 254 3654 1829 3734">
    <p class='ocr_par' dir='ltr' id='par_1_54' title="bbox 254 3654 1829 3734">
     <span class='ocr_line' id='line_1_54' title="bbox 254 3654 1829 3734; baseline 0.006 -27"><span class='ocrx_word' id='word_1_382' title='bbox 254 3654 586 3727; x_wconf 75' lang='grc' dir='ltr'>ἀφιερώματα</span> <span class='ocrx_word' id='word_1_383' title='bbox 620 3656 847 3728; x_wconf 85' lang='grc' dir='ltr'>ἀοράτῳ</span> <span class='ocrx_word' id='word_1_384' title='bbox 870 3658 964 3710; x_wconf 81' lang='grc' dir='ltr'><strong>καὶ</strong></span> <span class='ocrx_word' id='word_1_385' title='bbox 991 3660 1189 3727; x_wconf 66' lang='grc' dir='ltr'>ἀφανεῖ</span> <span class='ocrx_word' id='word_1_386' title='bbox 1218 3658 1466 3731; x_wconf 84' lang='grc' dir='ltr'>δυνάμει·</span> <span class='ocrx_word' id='word_1_387' title='bbox 1499 3661 1595 3713; x_wconf 90' lang='grc' dir='ltr'><strong>τοῦ</strong></span> <span class='ocrx_word' id='word_1_388' title='bbox 1624 3661 1829 3734; x_wconf 86' lang='grc' dir='ltr'>Κυρίου</span> 
     </span>
    </p>
   </div>
   <div class='ocr_carea' id='block_1_55' title="bbox 253 3745 1833 3825">
    <p class='ocr_par' dir='ltr' id='par_1_55' title="bbox 253 3745 1833 3825">
     <span class='ocr_line' id='line_1_55' title="bbox 253 3745 1833 3825; baseline 0.006 -26"><span class='ocrx_word' id='word_1_389' title='bbox 253 3745 400 3802; x_wconf 80' lang='grc' dir='ltr'>ταῦτα</span> <span class='ocrx_word' id='word_1_390' title='bbox 424 3750 605 3803; x_wconf 82' lang='grc' dir='ltr'>πάντα</span> <span class='ocrx_word' id='word_1_391' title='bbox 637 3749 781 3819; x_wconf 86' lang='grc' dir='ltr'><strong>μετά</strong></span> <span class='ocrx_word' id='word_1_392' title='bbox 808 3750 907 3820; x_wconf 81' lang='grc' dir='ltr'>τὴν</span> <span class='ocrx_word' id='word_1_393' title='bbox 929 3752 1009 3813; x_wconf 88' lang='grc' dir='ltr'><strong>είς</strong></span> <span class='ocrx_word' id='word_1_394' title='bbox 1028 3751 1293 3822; x_wconf 82' lang='grc' dir='ltr'>οὐρανοὺς</span> <span class='ocrx_word' id='word_1_395' title='bbox 1324 3752 1509 3807; x_wconf 80' lang='grc' dir='ltr'>ἄνοδον</span> <span class='ocrx_word' id='word_1_396' title='bbox 1541 3753 1833 3825; x_wconf 82' lang='grc' dir='ltr'>διαπραξα-</span> 
     </span>
    </p>
   </div>
   <div class='ocr_carea' id='block_1_56' title="bbox 313 3933 1828 4003">
    <p class='ocr_par' dir='ltr' id='par_1_56' title="bbox 313 3933 1828 4003">
     <span class='ocr_line' id='line_1_56' title="bbox 313 3933 1828 4003; baseline 0.005 -19"><span class='ocrx_word' id='word_1_397' title='bbox 313 3934 409 3988; x_wconf 78' lang='lat' dir='ltr'><strong>Kal</strong></span> <span class='ocrx_word' id='word_1_398' title='bbox 433 3933 837 3999; x_wconf 76' lang='grc' dir='ltr'>ἐξαπέστειλε</span> <span class='ocrx_word' id='word_1_399' title='bbox 861 3933 1022 4003; x_wconf 76' lang='grc' dir='ltr'>βέλη</span> <span class='ocrx_word' id='word_1_400' title='bbox 1051 3934 1151 3988; x_wconf 76' lang='grc' dir='ltr'>καὶ</span> <span class='ocrx_word' id='word_1_401' title='bbox 1177 3934 1549 4003; x_wconf 81' lang='grc' dir='ltr'>ἐσκόρπισεν</span> <span class='ocrx_word' id='word_1_402' title='bbox 1582 3937 1828 4002; x_wconf 83' lang='grc' dir='ltr'>αὐτοὺς,</span> 
     </span>
    </p>
   </div>
   <div class='ocr_carea' id='block_1_57' title="bbox 257 4025 1833 4096">
    <p class='ocr_par' dir='ltr' id='par_1_57' title="bbox 257 4025 1833 4096">
     <span class='ocr_line' id='line_1_57' title="bbox 257 4025 1833 4096; baseline 0.005 -20"><span class='ocrx_word' id='word_1_403' title='bbox 257 4025 335 4076; x_wconf 75' lang='grc' dir='ltr'>καὶ</span> <span class='ocrx_word' id='word_1_404' title='bbox 368 4026 693 4094; x_wconf 68' lang='grc' dir='ltr'>ἀστραπὰς</span> <span class='ocrx_word' id='word_1_405' title='bbox 748 4026 1054 4092; x_wconf 81' lang='grc' dir='ltr'>ἐπλήθυνε</span> <span class='ocrx_word' id='word_1_406' title='bbox 1106 4028 1205 4081; x_wconf 77' lang='grc' dir='ltr'>καὶ</span> <span class='ocrx_word' id='word_1_407' title='bbox 1262 4028 1677 4096; x_wconf 77' lang='grc' dir='ltr'>συνετάραξεν</span> <span class='ocrx_word' id='word_1_408' title='bbox 1733 4032 1833 4084; x_wconf 84' lang='grc' dir='ltr'><strong>αὺ-</strong></span> 
     </span>
    </p>
   </div>
   <div class='ocr_carea' id='block_1_58' title="bbox 257 4118 1833 4190">
    <p class='ocr_par' dir='ltr' id='par_1_58' title="bbox 257 4118 1833 4190">
     <span class='ocr_line' id='line_1_58' title="bbox 257 4118 1833 4190; baseline 0.005 -24"><span class='ocrx_word' id='word_1_409' title='bbox 257 4119 389 4182; x_wconf 76' lang='grc' dir='ltr'>τούς.</span> <span class='ocrx_word' id='word_1_410' title='bbox 415 4118 525 4172; x_wconf 81' lang='grc' dir='ltr'><strong>Καὶ</strong></span> <span class='ocrx_word' id='word_1_411' title='bbox 566 4119 874 4187; x_wconf 60' lang='grc' dir='ltr'>ὤφθησαν</span> <span class='ocrx_word' id='word_1_412' title='bbox 905 4122 963 4173; x_wconf 81' lang='grc' dir='ltr'>αἱ</span> <span class='ocrx_word' id='word_1_413' title='bbox 992 4121 1177 4190; x_wconf 66' lang='grc' dir='ltr'>πηγαὶ</span> <span class='ocrx_word' id='word_1_414' title='bbox 1238 4121 1358 4175; x_wconf 86' lang='grc' dir='ltr'><strong>τῶν</strong></span> <span class='ocrx_word' id='word_1_415' title='bbox 1417 4120 1672 4185; x_wconf 83' lang='grc' dir='ltr'>ὑδάτων,</span> <span class='ocrx_word' id='word_1_416' title='bbox 1733 4122 1833 4174; x_wconf 79' lang='grc' dir='ltr'><strong>καί</strong></span> 
     </span>
    </p>
   </div>
   <div class='ocr_carea' id='block_1_59' title="bbox 258 4208 1829 4284">
    <p class='ocr_par' dir='ltr' id='par_1_59' title="bbox 258 4208 1829 4284">
     <span class='ocr_line' id='line_1_59' title="bbox 258 4208 1829 4284; baseline 0.006 -25"><span class='ocrx_word' id='word_1_417' title='bbox 258 4208 632 4281; x_wconf 64' lang='grc' dir='ltr'>ἀπεκαλύφθη</span> <span class='ocrx_word' id='word_1_418' title='bbox 694 4210 768 4264; x_wconf 85' lang='grc' dir='ltr'>τὰ</span> <span class='ocrx_word' id='word_1_419' title='bbox 831 4212 1076 4281; x_wconf 82' lang='grc' dir='ltr'>θεμέλια</span> <span class='ocrx_word' id='word_1_420' title='bbox 1126 4214 1238 4282; x_wconf 83' lang='grc' dir='ltr'>τῆς</span> <span class='ocrx_word' id='word_1_421' title='bbox 1284 4216 1655 4284; x_wconf 79' lang='grc' dir='ltr'>οἰκουμένης·</span> <span class='ocrx_word' id='word_1_422' title='bbox 1710 4215 1829 4269; x_wconf 83' lang='grc' dir='ltr'><strong>ἀπὸ</strong></span> 
     </span>
    </p>
   </div>
   <div class='ocr_carea' id='block_1_60' title="bbox 260 4298 1830 4375">
    <p class='ocr_par' dir='ltr' id='par_1_60' title="bbox 260 4298 1830 4375">
     <span class='ocr_line' id='line_1_60' title="bbox 260 4298 1830 4375; baseline 0.007 -27"><span class='ocrx_word' id='word_1_423' title='bbox 260 4298 628 4370; x_wconf 72' lang='grc' dir='ltr'>ἐπιτιμήσεως</span> <span class='ocrx_word' id='word_1_424' title='bbox 667 4320 810 4366; x_wconf 86' lang='grc' dir='ltr'>σου,</span> <span class='ocrx_word' id='word_1_425' title='bbox 852 4306 1051 4372; x_wconf 80' lang='grc' dir='ltr'>Κύριε,</span> <span class='ocrx_word' id='word_1_426' title='bbox 1085 4305 1203 4360; x_wconf 82' lang='grc' dir='ltr'><strong>ἀπὸ</strong></span> <span class='ocrx_word' id='word_1_427' title='bbox 1249 4306 1633 4375; x_wconf 82' lang='grc' dir='ltr'>ἐμπνεύσεως</span> <span class='ocrx_word' id='word_1_428' title='bbox 1660 4306 1830 4359; x_wconf 84' lang='grc' dir='ltr'>πνεύ-</span> 
     </span>
    </p>
   </div>
   <div class='ocr_carea' id='block_1_61' title="bbox 257 4397 1831 4471">
    <p class='ocr_par' dir='ltr' id='par_1_61' title="bbox 257 4397 1831 4471">
     <span class='ocr_line' id='line_1_61' title="bbox 257 4397 1831 4471; baseline 0.005 -27"><span class='ocrx_word' id='word_1_429' title='bbox 257 4408 412 4461; x_wconf 82' lang='grc' dir='ltr'>ματος</span> <span class='ocrx_word' id='word_1_430' title='bbox 435 4397 624 4467; x_wconf 74' lang='grc' dir='ltr'>ὀργῆς</span> <span class='ocrx_word' id='word_1_431' title='bbox 690 4412 827 4450; x_wconf 87' lang='grc' dir='ltr'>σου.</span> <span class='ocrx_word' id='word_1_432' title='bbox 865 4397 1101 4468; x_wconf 85' lang='grc' dir='ltr'>Θεμέλια</span> <span class='ocrx_word' id='word_1_433' title='bbox 1131 4400 1456 4471; x_wconf 86' lang='grc' dir='ltr'>οἰκουμένης</span> <span class='ocrx_word' id='word_1_434' title='bbox 1482 4401 1695 4470; x_wconf 86' lang='grc' dir='ltr'>νοήσεις</span> <span class='ocrx_word' id='word_1_435' title='bbox 1732 4398 1831 4463; x_wconf 86' lang='grc' dir='ltr'><strong>τὰς</strong></span> 
     </span>
    </p>
   </div>
   <div class='ocr_carea' id='block_1_62' title="bbox 260 4482 1832 4563">
    <p class='ocr_par' dir='ltr' id='par_1_62' title="bbox 260 4482 1832 4563">
     <span class='ocr_line' id='line_1_62' title="bbox 260 4482 1832 4563; baseline 0.004 -25"><span class='ocrx_word' id='word_1_436' title='bbox 260 4482 339 4553; x_wconf 83' lang='grc' dir='ltr'><strong>τῆς</strong></span> <span class='ocrx_word' id='word_1_437' title='bbox 359 4490 542 4556; x_wconf 75' lang='grc' dir='ltr'>σοφίας</span> <span class='ocrx_word' id='word_1_438' title='bbox 565 4489 667 4542; x_wconf 87' lang='grc' dir='ltr'><strong>τοῦ</strong></span> <span class='ocrx_word' id='word_1_439' title='bbox 692 4487 828 4541; x_wconf 83' lang='grc' dir='ltr'>Θεοῦ</span> <span class='ocrx_word' id='word_1_440' title='bbox 844 4489 1121 4560; x_wconf 88' lang='grc' dir='ltr'>δυνάμεις,</span> <span class='ocrx_word' id='word_1_441' title='bbox 1146 4491 1211 4544; x_wconf 80' lang='grc' dir='ltr'>δι’</span> <span class='ocrx_word' id='word_1_442' title='bbox 1243 4485 1319 4545; x_wconf 85' lang='grc' dir='ltr'>ὧν</span> <span class='ocrx_word' id='word_1_443' title='bbox 1335 4492 1430 4545; x_wconf 82' lang='grc' dir='ltr'><strong>καὶ</strong></span> <span class='ocrx_word' id='word_1_444' title='bbox 1462 4491 1679 4563; x_wconf 84' lang='grc' dir='ltr'>πάλαιὴ</span> <span class='ocrx_word' id='word_1_445' title='bbox 1701 4491 1832 4563; x_wconf 77' lang='grc' dir='ltr'>σύμ-</span> 
     </span>
    </p>
   </div>
   <div class='ocr_carea' id='block_1_63' title="bbox 1925 2004 3508 2080">
    <p class='ocr_par' dir='ltr' id='par_1_63' title="bbox 1925 2004 3508 2080">
     <span class='ocr_line' id='line_1_63' title="bbox 1925 2004 3508 2080; baseline -0.003 -17"><span class='ocrx_word' id='word_1_446' title='bbox 1925 2010 2162 2080; x_wconf 86' lang='lat' dir='ltr'><strong>ignisque</strong></span> <span class='ocrx_word' id='word_1_447' title='bbox 2192 2008 2381 2062; x_wconf 86' lang='lat' dir='ltr'><strong>ardens</strong></span> <span class='ocrx_word' id='word_1_448' title='bbox 2425 2009 2481 2062; x_wconf 88' lang='lat' dir='ltr'><strong>in</strong></span> <span class='ocrx_word' id='word_1_449' title='bbox 2507 2008 2785 2078; x_wconf 88' lang='lat' dir='ltr'><strong>grandine.</strong></span> <span class='ocrx_word' id='word_1_450' title='bbox 2826 2005 2894 2061; x_wconf 87' lang='lat' dir='ltr'><strong>Et</strong></span> <span class='ocrx_word' id='word_1_451' title='bbox 2926 2007 3183 2075; x_wconf 86' lang='lat' dir='ltr'><strong>percussit</strong></span> <span class='ocrx_word' id='word_1_452' title='bbox 3228 2004 3429 2075; x_wconf 88' lang='lat' dir='ltr'><strong>grando</strong></span> <span class='ocrx_word' id='word_1_453' title='bbox 3453 2004 3508 2058; x_wconf 88' lang='lat' dir='ltr'><strong>in</strong></span> 
     </span>
    </p>
   </div>
   <div class='ocr_carea' id='block_1_64' title="bbox 1927 2096 3509 2170">
    <p class='ocr_par' dir='ltr' id='par_1_64' title="bbox 1927 2096 3509 2170">
     <span class='ocr_line' id='line_1_64' title="bbox 1927 2096 3509 2170; baseline -0.004 -15"><span class='ocrx_word' id='word_1_454' title='bbox 1927 2101 2071 2155; x_wconf 89' lang='lat' dir='ltr'><strong>omni</strong></span> <span class='ocrx_word' id='word_1_455' title='bbox 2102 2110 2244 2154; x_wconf 90' lang='lat' dir='ltr'><strong>terra</strong></span> <span class='ocrx_word' id='word_1_456' title='bbox 2277 2099 2500 2170; x_wconf 62' lang='lat' dir='ltr'><strong>Egypti</strong></span> <span class='ocrx_word' id='word_1_457' title='bbox 2532 2099 2597 2155; x_wconf 78' lang='grc'><strong>⁸⁸.</strong></span> <span class='ocrx_word' id='word_1_458' title='bbox 2638 2098 2764 2153; x_wconf 57' lang='lat' dir='ltr'><strong>Haec</strong></span> <span class='ocrx_word' id='word_1_459' title='bbox 2789 2113 2954 2167; x_wconf 83' lang='lat' dir='ltr'><strong>porro</strong></span> <span class='ocrx_word' id='word_1_460' title='bbox 3001 2096 3184 2151; x_wconf 85' lang='lat' dir='ltr'><strong>omnia</strong></span> <span class='ocrx_word' id='word_1_461' title='bbox 3216 2096 3359 2149; x_wconf 85' lang='lat' dir='ltr'><strong>facta</strong></span> <span class='ocrx_word' id='word_1_462' title='bbox 3380 2104 3509 2150; x_wconf 90' lang='lat' dir='ltr'><strong>sunt</strong></span> 
     </span>
    </p>
   </div>
   <div class='ocr_carea' id='block_1_65' title="bbox 1928 2187 3509 2263">
    <p class='ocr_par' dir='ltr' id='par_1_65' title="bbox 1928 2187 3509 2263">
     <span class='ocr_line' id='line_1_65' title="bbox 1928 2187 3509 2263; baseline -0.005 -15"><span class='ocrx_word' id='word_1_463' title='bbox 1928 2202 1989 2248; x_wconf 92' lang='lat' dir='ltr'><strong>ut</strong></span> <span class='ocrx_word' id='word_1_464' title='bbox 2015 2193 2251 2263; x_wconf 91' lang='lat' dir='ltr'><strong>populus</strong></span> <span class='ocrx_word' id='word_1_465' title='bbox 2286 2190 2381 2246; x_wconf 91' lang='lat' dir='ltr'><strong>Dei</strong></span> <span class='ocrx_word' id='word_1_466' title='bbox 2412 2191 2480 2245; x_wconf 84' lang='lat' dir='ltr'><strong>ab</strong></span> <span class='ocrx_word' id='word_1_467' title='bbox 2502 2190 2884 2262; x_wconf 66' lang='lat' dir='ltr'><strong>JEgyptiorum</strong></span> <span class='ocrx_word' id='word_1_468' title='bbox 2931 2188 3195 2245; x_wconf 87' lang='lat' dir='ltr'><strong>servitute</strong></span> <span class='ocrx_word' id='word_1_469' title='bbox 3241 2187 3509 2241; x_wconf 82' lang='lat' dir='ltr'><strong>eximere-</strong></span> 
     </span>
    </p>
   </div>
   <div class='ocr_carea' id='block_1_66' title="bbox 1928 2278 3508 2355">
    <p class='ocr_par' dir='ltr' id='par_1_66' title="bbox 1928 2278 3508 2355">
     <span class='ocr_line' id='line_1_66' title="bbox 1928 2278 3508 2355; baseline -0.005 -15"><span class='ocrx_word' id='word_1_470' title='bbox 1928 2293 2039 2340; x_wconf 90' lang='lat' dir='ltr'><strong>tur.</strong></span> <span class='ocrx_word' id='word_1_471' title='bbox 2072 2284 2274 2339; x_wconf 88' lang='lat' dir='ltr'><strong>Eodem</strong></span> <span class='ocrx_word' id='word_1_472' title='bbox 2308 2299 2538 2355; x_wconf 90' lang='lat' dir='ltr'><strong>prorsus</strong></span> <span class='ocrx_word' id='word_1_473' title='bbox 2588 2281 2754 2338; x_wconf 92' lang='lat' dir='ltr'><strong>modo</strong></span> <span class='ocrx_word' id='word_1_474' title='bbox 2794 2282 2910 2350; x_wconf 87' lang='lat' dir='ltr'><strong>jam</strong></span> <span class='ocrx_word' id='word_1_475' title='bbox 2961 2295 3089 2335; x_wconf 90' lang='lat' dir='ltr'><strong>cum</strong></span> <span class='ocrx_word' id='word_1_476' title='bbox 3121 2278 3397 2334; x_wconf 88' lang='lat' dir='ltr'><strong>Ecclesias</strong></span> <span class='ocrx_word' id='word_1_477' title='bbox 3439 2294 3508 2333; x_wconf 80' lang='lat' dir='ltr'><strong>ex</strong></span> 
     </span>
    </p>
   </div>
   <div class='ocr_carea' id='block_1_67' title="bbox 1933 2371 3509 2452">
    <p class='ocr_par' dir='ltr' id='par_1_67' title="bbox 1933 2371 3509 2452">
     <span class='ocr_line' id='line_1_67' title="bbox 1933 2371 3509 2452; baseline -0.008 -17"><span class='ocrx_word' id='word_1_478' title='bbox 1933 2379 2190 2452; x_wconf 82' lang='lat' dir='ltr'><strong>gentibus</strong></span> <span class='ocrx_word' id='word_1_479' title='bbox 2214 2384 2459 2440; x_wconf 90' lang='lat' dir='ltr'><strong>coactas,</strong></span> <span class='ocrx_word' id='word_1_480' title='bbox 2502 2375 2895 2443; x_wconf 89' lang='lat' dir='ltr'><strong>hominumque</strong></span> <span class='ocrx_word' id='word_1_481' title='bbox 2942 2372 3156 2427; x_wconf 89' lang='lat' dir='ltr'><strong>animas</strong></span> <span class='ocrx_word' id='word_1_482' title='bbox 3192 2386 3223 2425; x_wconf 91' lang='lat' dir='ltr'><strong>a</strong></span> <span class='ocrx_word' id='word_1_483' title='bbox 3248 2371 3509 2426; x_wconf 84' lang='lat' dir='ltr'><strong>servitute</strong></span> 
     </span>
    </p>
   </div>
   <div class='ocr_carea' id='block_1_68' title="bbox 1931 2462 3508 2541">
    <p class='ocr_par' dir='ltr' id='par_1_68' title="bbox 1931 2462 3508 2541">
     <span class='ocr_line' id='line_1_68' title="bbox 1931 2462 3508 2541; baseline -0.007 -16"><span class='ocrx_word' id='word_1_484' title='bbox 1931 2469 2111 2541; x_wconf 71' lang='lat' dir='ltr'><strong>impia:</strong></span> <span class='ocrx_word' id='word_1_485' title='bbox 2128 2467 2443 2525; x_wconf 63' lang='lat' dir='ltr'><strong>idololatriae</strong></span> <span class='ocrx_word' id='word_1_486' title='bbox 2463 2475 2516 2521; x_wconf 90' lang='lat' dir='ltr'><strong>et</strong></span> <span class='ocrx_word' id='word_1_487' title='bbox 2530 2466 2890 2536; x_wconf 87' lang='lat' dir='ltr'><strong>malignorum</strong></span> <span class='ocrx_word' id='word_1_488' title='bbox 2912 2463 3216 2519; x_wconf 67' lang='lat' dir='ltr'><strong>daamonum</strong></span> <span class='ocrx_word' id='word_1_489' title='bbox 3233 2462 3508 2528; x_wconf 86' lang='lat' dir='ltr'><strong>liberaret;</strong></span> 
     </span>
    </p>
   </div>
   <div class='ocr_carea' id='block_1_69' title="bbox 1930 2556 3509 2631">
    <p class='ocr_par' dir='ltr' id='par_1_69' title="bbox 1930 2556 3509 2631">
     <span class='ocr_line' id='line_1_69' title="bbox 1930 2556 3509 2631; baseline -0.006 -12"><span class='ocrx_word' id='word_1_490' title='bbox 1930 2564 2196 2619; x_wconf 88' lang='lat' dir='ltr'><strong>adversus</strong></span> <span class='ocrx_word' id='word_1_491' title='bbox 2251 2559 2631 2631; x_wconf 85' lang='lat' dir='ltr'><strong>inteiligibiles</strong></span> <span class='ocrx_word' id='word_1_492' title='bbox 2679 2558 2965 2629; x_wconf 64' lang='lat' dir='ltr'><strong>Egyptios</strong></span> <span class='ocrx_word' id='word_1_493' title='bbox 2989 2556 3253 2611; x_wconf 89' lang='lat' dir='ltr'><strong>Dominus</strong></span> <span class='ocrx_word' id='word_1_494' title='bbox 3296 2557 3387 2611; x_wconf 86' lang='lat' dir='ltr'><strong>ille</strong></span> <span class='ocrx_word' id='word_1_495' title='bbox 3415 2557 3509 2625; x_wconf 88' lang='lat' dir='ltr'><strong>qui</strong></span> 
     </span>
    </p>
   </div>
   <div class='ocr_carea' id='block_1_70' title="bbox 1932 2648 3510 2725">
    <p class='ocr_par' dir='ltr' id='par_1_70' title="bbox 1932 2648 3510 2725">
     <span class='ocr_line' id='line_1_70' title="bbox 1932 2648 3510 2725; baseline -0.004 -16"><span class='ocrx_word' id='word_1_496' title='bbox 1932 2670 2099 2725; x_wconf 87' lang='lat' dir='ltr'><strong>super</strong></span> <span class='ocrx_word' id='word_1_497' title='bbox 2136 2653 2420 2709; x_wconf 88' lang='lat' dir='ltr'><strong>cherubim</strong></span> <span class='ocrx_word' id='word_1_498' title='bbox 2474 2652 2723 2718; x_wconf 90' lang='lat' dir='ltr'><strong>volavit,</strong></span> <span class='ocrx_word' id='word_1_499' title='bbox 2787 2649 3109 2721; x_wconf 89' lang='lat' dir='ltr'><strong>grandinem</strong></span> <span class='ocrx_word' id='word_1_500' title='bbox 3144 2656 3198 2703; x_wconf 92' lang='lat' dir='ltr'><strong>et</strong></span> <span class='ocrx_word' id='word_1_501' title='bbox 3241 2648 3510 2703; x_wconf 84' lang='lat' dir='ltr'><strong>carbones</strong></span> 
     </span>
    </p>
   </div>
   <div class='ocr_carea' id='block_1_71' title="bbox 1930 2740 3511 2818">
    <p class='ocr_par' dir='ltr' id='par_1_71' title="bbox 1930 2740 3511 2818">
     <span class='ocr_line' id='line_1_71' title="bbox 1930 2740 3511 2818; baseline -0.005 -16"><span class='ocrx_word' id='word_1_502' title='bbox 1930 2747 2075 2818; x_wconf 87' lang='lat' dir='ltr'><strong>ignis</strong></span> <span class='ocrx_word' id='word_1_503' title='bbox 2105 2747 2411 2802; x_wconf 87' lang='lat' dir='ltr'><strong>emittebat.</strong></span> <span class='ocrx_word' id='word_1_504' title='bbox 2455 2745 2711 2800; x_wconf 88' lang='lat' dir='ltr'><strong>Arbitror</strong></span> <span class='ocrx_word' id='word_1_505' title='bbox 2759 2751 2946 2798; x_wconf 88' lang='lat' dir='ltr'><strong>autem</strong></span> <span class='ocrx_word' id='word_1_506' title='bbox 2996 2742 3221 2796; x_wconf 90' lang='lat' dir='ltr'><strong>ultrices</strong></span> <span class='ocrx_word' id='word_1_507' title='bbox 3251 2741 3373 2795; x_wconf 88' lang='lat' dir='ltr'><strong>illas</strong></span> <span class='ocrx_word' id='word_1_508' title='bbox 3412 2740 3511 2795; x_wconf 83' lang='lat' dir='ltr'><strong>ad-</strong></span> 
     </span>
    </p>
   </div>
   <div class='ocr_carea' id='block_1_72' title="bbox 1931 2834 3512 2910">
    <p class='ocr_par' dir='ltr' id='par_1_72' title="bbox 1931 2834 3512 2910">
     <span class='ocr_line' id='line_1_72' title="bbox 1931 2834 3512 2910; baseline -0.005 -15"><span class='ocrx_word' id='word_1_509' title='bbox 1931 2856 2127 2897; x_wconf 84' lang='lat' dir='ltr'><strong>versus</strong></span> <span class='ocrx_word' id='word_1_510' title='bbox 2153 2840 2353 2910; x_wconf 89' lang='lat' dir='ltr'><strong>impios</strong></span> <span class='ocrx_word' id='word_1_511' title='bbox 2384 2846 2606 2910; x_wconf 88' lang='lat' dir='ltr'><strong>paratas</strong></span> <span class='ocrx_word' id='word_1_512' title='bbox 2635 2838 2886 2904; x_wconf 86' lang='lat' dir='ltr'><strong>virtutes,</strong></span> <span class='ocrx_word' id='word_1_513' title='bbox 2944 2834 3267 2907; x_wconf 90' lang='lat' dir='ltr'><strong>grandinem</strong></span> <span class='ocrx_word' id='word_1_514' title='bbox 3305 2840 3359 2888; x_wconf 92' lang='lat' dir='ltr'><strong>et</strong></span> <span class='ocrx_word' id='word_1_515' title='bbox 3389 2846 3512 2887; x_wconf 90' lang='lat' dir='ltr'><strong>car—</strong></span> 
     </span>
    </p>
   </div>
   <div class='ocr_carea' id='block_1_73' title="bbox 1932 2927 3513 3003">
    <p class='ocr_par' dir='ltr' id='par_1_73' title="bbox 1932 2927 3513 3003">
     <span class='ocr_line' id='line_1_73' title="bbox 1932 2927 3513 3003; baseline -0.004 -16"><span class='ocrx_word' id='word_1_516' title='bbox 1932 2933 2104 2989; x_wconf 87' lang='lat' dir='ltr'><strong>bones</strong></span> <span class='ocrx_word' id='word_1_517' title='bbox 2142 2932 2285 3003; x_wconf 89' lang='lat' dir='ltr'><strong>ignis</strong></span> <span class='ocrx_word' id='word_1_518' title='bbox 2299 2933 2504 2987; x_wconf 91' lang='lat' dir='ltr'><strong>vocari.</strong></span> <span class='ocrx_word' id='word_1_519' title='bbox 2528 2930 2776 2985; x_wconf 82' lang='lat' dir='ltr'><strong>Virtutes</strong></span> <span class='ocrx_word' id='word_1_520' title='bbox 2815 2930 2981 3001; x_wconf 91' lang='lat' dir='ltr'><strong>igitur</strong></span> <span class='ocrx_word' id='word_1_521' title='bbox 3012 2928 3119 2982; x_wconf 59' lang='lat' dir='ltr'><strong>illa:</strong></span> <span class='ocrx_word' id='word_1_522' title='bbox 3151 2927 3424 2998; x_wconf 90' lang='lat' dir='ltr'><strong>supplicio</strong></span> <span class='ocrx_word' id='word_1_523' title='bbox 3454 2933 3513 2982; x_wconf 88' lang='lat' dir='ltr'><strong>et</strong></span> 
     </span>
    </p>
   </div>
   <div class='ocr_carea' id='block_1_74' title="bbox 1936 3016 3513 3090">
    <p class='ocr_par' dir='ltr' id='par_1_74' title="bbox 1936 3016 3513 3090">
     <span class='ocr_line' id='line_1_74' title="bbox 1936 3016 3513 3090; baseline -0.006 -9"><span class='ocrx_word' id='word_1_524' title='bbox 1936 3027 2129 3083; x_wconf 90' lang='lat' dir='ltr'><strong>ultioni</strong></span> <span class='ocrx_word' id='word_1_525' title='bbox 2159 3026 2467 3090; x_wconf 65' lang='lat' dir='ltr'><strong>destinatae,</strong></span> <span class='ocrx_word' id='word_1_526' title='bbox 2514 3024 2815 3079; x_wconf 86' lang='lat' dir='ltr'><strong>voluntatis</strong></span> <span class='ocrx_word' id='word_1_527' title='bbox 2845 3022 2939 3078; x_wconf 91' lang='lat' dir='ltr'><strong>Dei</strong></span> <span class='ocrx_word' id='word_1_528' title='bbox 2985 3022 3202 3078; x_wconf 91' lang='lat' dir='ltr'><strong>occulto</strong></span> <span class='ocrx_word' id='word_1_529' title='bbox 3235 3033 3384 3074; x_wconf 90' lang='lat' dir='ltr'><strong>more</strong></span> <span class='ocrx_word' id='word_1_530' title='bbox 3414 3016 3513 3072; x_wconf 87' lang='lat' dir='ltr'><strong>ad-</strong></span> 
     </span>
    </p>
   </div>
   <div class='ocr_carea' id='block_1_75' title="bbox 1936 3111 3515 3189">
    <p class='ocr_par' dir='ltr' id='par_1_75' title="bbox 1936 3111 3515 3189">
     <span class='ocr_line' id='line_1_75' title="bbox 1936 3111 3515 3189; baseline -0.006 -15"><span class='ocrx_word' id='word_1_531' title='bbox 1936 3120 2202 3175; x_wconf 63' lang='lat' dir='ltr'><strong>ministrae</strong></span> <span class='ocrx_word' id='word_1_532' title='bbox 2232 3119 2496 3174; x_wconf 88' lang='lat' dir='ltr'><strong>adversus</strong></span> <span class='ocrx_word' id='word_1_533' title='bbox 2543 3118 2821 3173; x_wconf 71' lang='lat' dir='ltr'><strong>daemonas</strong></span> <span class='ocrx_word' id='word_1_534' title='bbox 2846 3118 2939 3189; x_wconf 87' lang='lat' dir='ltr'><strong>qui</strong></span> <span class='ocrx_word' id='word_1_535' title='bbox 2976 3114 3357 3185; x_wconf 91' lang='lat' dir='ltr'><strong>multiplicium</strong></span> <span class='ocrx_word' id='word_1_536' title='bbox 3380 3111 3515 3166; x_wconf 87' lang='lat' dir='ltr'><strong>deo-</strong></span> 
     </span>
    </p>
   </div>
   <div class='ocr_carea' id='block_1_76' title="bbox 1935 3202 3513 3283">
    <p class='ocr_par' dir='ltr' id='par_1_76' title="bbox 1935 3202 3513 3283">
     <span class='ocr_line' id='line_1_76' title="bbox 1935 3202 3513 3283; baseline -0.005 -17"><span class='ocrx_word' id='word_1_537' title='bbox 1935 3228 2056 3266; x_wconf 91' lang='lat' dir='ltr'><strong>rum</strong></span> <span class='ocrx_word' id='word_1_538' title='bbox 2080 3212 2528 3283; x_wconf 89' lang='lat' dir='ltr'><strong>superstitionem</strong></span> <span class='ocrx_word' id='word_1_539' title='bbox 2577 3209 2932 3273; x_wconf 81' lang='lat' dir='ltr'><strong>advexerant,</strong></span> <span class='ocrx_word' id='word_1_540' title='bbox 2964 3208 3112 3279; x_wconf 91' lang='lat' dir='ltr'><strong>ipsos</strong></span> <span class='ocrx_word' id='word_1_541' title='bbox 3166 3220 3358 3261; x_wconf 87' lang='lat' dir='ltr'><strong>omnes</strong></span> <span class='ocrx_word' id='word_1_542' title='bbox 3401 3202 3513 3258; x_wconf 47' lang='lat' dir='ltr'><strong>da»</strong></span> 
     </span>
    </p>
   </div>
   <div class='ocr_carea' id='block_1_77' title="bbox 1933 3295 3514 3375">
    <p class='ocr_par' dir='ltr' id='par_1_77' title="bbox 1933 3295 3514 3375">
     <span class='ocr_line' id='line_1_77' title="bbox 1933 3295 3514 3375; baseline -0.005 -16"><span class='ocrx_word' id='word_1_543' title='bbox 1933 3318 2129 3359; x_wconf 83' lang='lat' dir='ltr'><strong>monas</strong></span> <span class='ocrx_word' id='word_1_544' title='bbox 2176 3304 2468 3375; x_wconf 89' lang='lat' dir='ltr'><strong>abigebant</strong></span> <span class='ocrx_word' id='word_1_545' title='bbox 2556 3301 2737 3368; x_wconf 80' lang='lat' dir='ltr'><strong>Quare</strong></span> <span class='ocrx_word' id='word_1_546' title='bbox 2791 3301 3047 3355; x_wconf 89' lang='lat' dir='ltr'><strong>universa</strong></span> <span class='ocrx_word' id='word_1_547' title='bbox 3068 3313 3259 3354; x_wconf 91' lang='lat' dir='ltr'><strong>eorum</strong></span> <span class='ocrx_word' id='word_1_548' title='bbox 3289 3295 3514 3351; x_wconf 84' lang='lat' dir='ltr'><strong>oracula</strong></span> 
     </span>
    </p>
   </div>
   <div class='ocr_carea' id='block_1_78' title="bbox 1935 3390 3514 3463">
    <p class='ocr_par' dir='ltr' id='par_1_78' title="bbox 1935 3390 3514 3463">
     <span class='ocr_line' id='line_1_78' title="bbox 1935 3390 3514 3463; baseline -0.007 -12"><span class='ocrx_word' id='word_1_549' title='bbox 1935 3396 2241 3460; x_wconf 83' lang='lat' dir='ltr'><strong>desierunt,</strong></span> <span class='ocrx_word' id='word_1_550' title='bbox 2290 3394 2551 3449; x_wconf 89' lang='lat' dir='ltr'><strong>vaticinia</strong></span> <span class='ocrx_word' id='word_1_551' title='bbox 2587 3394 2847 3463; x_wconf 86' lang='lat' dir='ltr'><strong>abrogata</strong></span> <span class='ocrx_word' id='word_1_552' title='bbox 2894 3398 3043 3456; x_wconf 92' lang='lat' dir='ltr'><strong>sunt,</strong></span> <span class='ocrx_word' id='word_1_553' title='bbox 3083 3390 3284 3459; x_wconf 89' lang='lat' dir='ltr'><strong>templa</strong></span> <span class='ocrx_word' id='word_1_554' title='bbox 3321 3402 3514 3444; x_wconf 91' lang='lat' dir='ltr'><strong>eorum</strong></span> 
     </span>
    </p>
   </div>
   <div class='ocr_carea' id='block_1_79' title="bbox 1936 3478 3513 3552">
    <p class='ocr_par' dir='ltr' id='par_1_79' title="bbox 1936 3478 3513 3552">
     <span class='ocr_line' id='line_1_79' title="bbox 1936 3478 3513 3552; baseline -0.008 -8"><span class='ocrx_word' id='word_1_555' title='bbox 1936 3488 2171 3552; x_wconf 91' lang='lat' dir='ltr'><strong>deserta,</strong></span> <span class='ocrx_word' id='word_1_556' title='bbox 2209 3487 2452 3542; x_wconf 89' lang='lat' dir='ltr'><strong>sacraria</strong></span> <span class='ocrx_word' id='word_1_557' title='bbox 2489 3485 2754 3541; x_wconf 79' lang='lat' dir='ltr'><strong>invisibili</strong></span> <span class='ocrx_word' id='word_1_558' title='bbox 2795 3498 2859 3539; x_wconf 91' lang='lat' dir='ltr'><strong>ac</strong></span> <span class='ocrx_word' id='word_1_559' title='bbox 2882 3484 3084 3537; x_wconf 86' lang='lat' dir='ltr'><strong>latente</strong></span> <span class='ocrx_word' id='word_1_560' title='bbox 3127 3481 3333 3534; x_wconf 88' lang='lat' dir='ltr'><strong>virtute</strong></span> <span class='ocrx_word' id='word_1_561' title='bbox 3355 3478 3513 3547; x_wconf 82' lang='lat' dir='ltr'><strong>expi-</strong></span> 
     </span>
    </p>
   </div>
   <div class='ocr_carea' id='block_1_80' title="bbox 1935 3569 3515 3645">
    <p class='ocr_par' dir='ltr' id='par_1_80' title="bbox 1935 3569 3515 3645">
     <span class='ocr_line' id='line_1_80' title="bbox 1935 3569 3515 3645; baseline -0.006 -13"><span class='ocrx_word' id='word_1_562' title='bbox 1935 3580 2047 3632; x_wconf 89' lang='lat' dir='ltr'><strong>lata</strong></span> <span class='ocrx_word' id='word_1_563' title='bbox 2080 3576 2323 3640; x_wconf 81' lang='lat' dir='ltr'><strong>fuerunt,</strong></span> <span class='ocrx_word' id='word_1_564' title='bbox 2354 3574 2586 3631; x_wconf 89' lang='lat' dir='ltr'><strong>Domino</strong></span> <span class='ocrx_word' id='word_1_565' title='bbox 2648 3580 2774 3645; x_wconf 88' lang='lat' dir='ltr'><strong>post</strong></span> <span class='ocrx_word' id='word_1_566' title='bbox 2806 3588 2968 3629; x_wconf 89' lang='lat' dir='ltr'><strong>suum</strong></span> <span class='ocrx_word' id='word_1_567' title='bbox 2999 3572 3071 3643; x_wconf 43' lang='lat' dir='ltr'><strong>.in</strong></span> <span class='ocrx_word' id='word_1_568' title='bbox 3121 3569 3292 3626; x_wconf 62' lang='lat' dir='ltr'><strong>caelos</strong></span> <span class='ocrx_word' id='word_1_569' title='bbox 3321 3582 3515 3625; x_wconf 88' lang='lat' dir='ltr'><strong>ascen-</strong></span> 
     </span>
    </p>
   </div>
   <div class='ocr_carea' id='block_1_81' title="bbox 1937 3668 2697 3738">
    <p class='ocr_par' dir='ltr' id='par_1_81' title="bbox 1937 3668 2697 3738">
     <span class='ocr_line' id='line_1_81' title="bbox 1937 3668 2697 3738; baseline -0.007 -13"><span class='ocrx_word' id='word_1_570' title='bbox 1937 3684 2058 3726; x_wconf 92' lang='lat' dir='ltr'><strong>sum</strong></span> <span class='ocrx_word' id='word_1_571' title='bbox 2076 3669 2189 3723; x_wconf 85' lang='lat' dir='ltr'><strong>haec</strong></span> <span class='ocrx_word' id='word_1_572' title='bbox 2210 3668 2396 3723; x_wconf 90' lang='lat' dir='ltr'><strong>omnia</strong></span> <span class='ocrx_word' id='word_1_573' title='bbox 2413 3674 2697 3738; x_wconf 86' lang='lat' dir='ltr'><strong>operante.</strong></span> 
     </span>
    </p>
   </div>
   <div class='ocr_carea' id='block_1_82' title="bbox 2009 3930 3519 4007">
    <p class='ocr_par' dir='ltr' id='par_1_82' title="bbox 2009 3930 3519 4007">
     <span class='ocr_line' id='line_1_82' title="bbox 2009 3930 3519 4007; baseline -0.008 -12"><span class='ocrx_word' id='word_1_574' title='bbox 2009 3940 2176 3997; x_wconf 77' lang='lat' dir='ltr'><strong>Vsus.</strong></span> <span class='ocrx_word' id='word_1_575' title='bbox 2210 3941 2296 4007; x_wconf 81' lang='grc'><strong>15,</strong></span> <span class='ocrx_word' id='word_1_576' title='bbox 2332 3940 2417 3994; x_wconf 80' lang='grc'><strong>16.</strong></span> <span class='ocrx_word' id='word_1_577' title='bbox 2456 3938 2523 3992; x_wconf 85' lang='grc' dir='ltr'>Ει</span> <span class='ocrx_word' id='word_1_578' title='bbox 2549 3938 2693 3992; x_wconf 90' lang='lat' dir='ltr'><strong>misit</strong></span> <span class='ocrx_word' id='word_1_579' title='bbox 2722 3936 2945 4007; x_wconf 87' lang='lat' dir='ltr'><strong>sagittas</strong></span> <span class='ocrx_word' id='word_1_580' title='bbox 2970 3950 3118 3997; x_wconf 87' lang='lat' dir='ltr'><strong>suas,</strong></span> <span class='ocrx_word' id='word_1_581' title='bbox 3150 3941 3199 3986; x_wconf 92' lang='lat' dir='ltr'><strong>et</strong></span> <span class='ocrx_word' id='word_1_582' title='bbox 3234 3930 3519 4001; x_wconf 82' lang='lat' dir='ltr'><strong>dissipavit</strong></span> 
     </span>
    </p>
   </div>
   <div class='ocr_carea' id='block_1_83' title="bbox 1937 4022 3517 4103">
    <p class='ocr_par' dir='ltr' id='par_1_83' title="bbox 1937 4022 3517 4103">
     <span class='ocr_line' id='line_1_83' title="bbox 1937 4022 3517 4103; baseline -0.008 -14"><span class='ocrx_word' id='word_1_583' title='bbox 1937 4051 2023 4089; x_wconf 89' lang='lat' dir='ltr'><strong>eos</strong></span> <span class='ocrx_word' id='word_1_584' title='bbox 2048 4050 2066 4097; x_wconf 87' lang='lat'><strong><em>;</em></strong></span> <span class='ocrx_word' id='word_1_585' title='bbox 2090 4034 2305 4103; x_wconf 79' lang='lat' dir='ltr'><strong>fulgura</strong></span> <span class='ocrx_word' id='word_1_586' title='bbox 2328 4030 2720 4100; x_wconf 79' lang='lat' dir='ltr'><strong>multiplicauit,</strong></span> <span class='ocrx_word' id='word_1_587' title='bbox 2744 4037 2795 4084; x_wconf 91' lang='lat' dir='ltr'><strong>et</strong></span> <span class='ocrx_word' id='word_1_588' title='bbox 2818 4026 3150 4082; x_wconf 87' lang='lat' dir='ltr'><strong>conturbavit</strong></span> <span class='ocrx_word' id='word_1_589' title='bbox 3170 4041 3279 4079; x_wconf 87' lang='lat' dir='ltr'><strong>eos.</strong></span> <span class='ocrx_word' id='word_1_590' title='bbox 3322 4022 3391 4077; x_wconf 88' lang='lat' dir='ltr'><strong>Et</strong></span> <span class='ocrx_word' id='word_1_591' title='bbox 3424 4037 3517 4092; x_wconf 90' lang='lat' dir='ltr'><strong>ap-</strong></span> 
     </span>
    </p>
   </div>
   <div class='ocr_carea' id='block_1_84' title="bbox 1936 4114 3521 4199">
    <p class='ocr_par' dir='ltr' id='par_1_84' title="bbox 1936 4114 3521 4199">
     <span class='ocr_line' id='line_1_84' title="bbox 1936 4114 3521 4199; baseline -0.011 -15"><span class='ocrx_word' id='word_1_592' title='bbox 1936 4133 2227 4199; x_wconf 89' lang='lat' dir='ltr'><strong>paruerunt</strong></span> <span class='ocrx_word' id='word_1_593' title='bbox 2260 4124 2428 4193; x_wconf 78' lang='lat' dir='ltr'><strong>fontes</strong></span> <span class='ocrx_word' id='word_1_594' title='bbox 2458 4136 2739 4191; x_wconf 88' lang='lat' dir='ltr'><strong>aquarum,</strong></span> <span class='ocrx_word' id='word_1_595' title='bbox 2798 4128 2848 4173; x_wconf 91' lang='lat' dir='ltr'><strong>et</strong></span> <span class='ocrx_word' id='word_1_596' title='bbox 2897 4117 3127 4173; x_wconf 84' lang='lat' dir='ltr'><strong>revelata</strong></span> <span class='ocrx_word' id='word_1_597' title='bbox 3168 4123 3292 4170; x_wconf 89' lang='lat' dir='ltr'><strong>sunt</strong></span> <span class='ocrx_word' id='word_1_598' title='bbox 3331 4114 3521 4183; x_wconf 82' lang='lat' dir='ltr'><strong>funda-</strong></span> 
     </span>
    </p>
   </div>
   <div class='ocr_carea' id='block_1_85' title="bbox 1936 4205 3518 4280">
    <p class='ocr_par' dir='ltr' id='par_1_85' title="bbox 1936 4205 3518 4280">
     <span class='ocr_line' id='line_1_85' title="bbox 1936 4205 3518 4280; baseline -0.011 -5"><span class='ocrx_word' id='word_1_599' title='bbox 1936 4230 2114 4276; x_wconf 88' lang='lat' dir='ltr'><strong>menta</strong></span> <span class='ocrx_word' id='word_1_600' title='bbox 2137 4217 2278 4272; x_wconf 87' lang='lat' dir='ltr'><strong>orbis</strong></span> <span class='ocrx_word' id='word_1_601' title='bbox 2292 4224 2555 4269; x_wconf 89' lang='lat' dir='ltr'><strong>terrarum</strong></span> <span class='ocrx_word' id='word_1_602' title='bbox 2581 4229 2598 4267; x_wconf 92' lang='lat'><strong><em>:</em></strong></span> <span class='ocrx_word' id='word_1_603' title='bbox 2631 4213 2697 4266; x_wconf 85' lang='lat' dir='ltr'><strong>ab</strong></span> <span class='ocrx_word' id='word_1_604' title='bbox 2729 4210 3089 4280; x_wconf 85' lang='lat' dir='ltr'><strong>increpatione</strong></span> <span class='ocrx_word' id='word_1_605' title='bbox 3111 4218 3228 4271; x_wconf 91' lang='lat' dir='ltr'><strong>tua,</strong></span> <span class='ocrx_word' id='word_1_606' title='bbox 3274 4205 3518 4268; x_wconf 84' lang='lat' dir='ltr'><strong>Domine,</strong></span> 
     </span>
    </p>
   </div>
   <div class='ocr_carea' id='block_1_86' title="bbox 1939 4298 3520 4375">
    <p class='ocr_par' dir='ltr' id='par_1_86' title="bbox 1939 4298 3520 4375">
     <span class='ocr_line' id='line_1_86' title="bbox 1939 4298 3520 4375; baseline -0.011 -7"><span class='ocrx_word' id='word_1_607' title='bbox 1939 4312 2004 4368; x_wconf 80' lang='lat' dir='ltr'><strong>ab</strong></span> <span class='ocrx_word' id='word_1_608' title='bbox 2056 4310 2403 4375; x_wconf 88' lang='lat' dir='ltr'><strong>inspiratione</strong></span> <span class='ocrx_word' id='word_1_609' title='bbox 2444 4306 2664 4375; x_wconf 88' lang='lat' dir='ltr'><strong>spiritus</strong></span> <span class='ocrx_word' id='word_1_610' title='bbox 2720 4304 2817 4358; x_wconf 71' lang='lat' dir='ltr'><strong>ira:</strong></span> <span class='ocrx_word' id='word_1_611' title='bbox 2860 4312 2985 4357; x_wconf 72' lang='lat' dir='ltr'><strong>tute.</strong></span> <span class='ocrx_word' id='word_1_612' title='bbox 3021 4300 3127 4356; x_wconf 90' lang='lat' dir='ltr'><strong>Per</strong></span> <span class='ocrx_word' id='word_1_613' title='bbox 3165 4298 3520 4354; x_wconf 83' lang='lat' dir='ltr'><strong>fundamenta</strong></span> 
     </span>
    </p>
   </div>
   <div class='ocr_carea' id='block_1_87' title="bbox 1937 4392 3515 4468">
    <p class='ocr_par' dir='ltr' id='par_1_87' title="bbox 1937 4392 3515 4468">
     <span class='ocr_line' id='line_1_87' title="bbox 1937 4392 3515 4468; baseline -0.01 -8"><span class='ocrx_word' id='word_1_614' title='bbox 1937 4404 2090 4459; x_wconf 89' lang='lat' dir='ltr'><strong>orbis</strong></span> <span class='ocrx_word' id='word_1_615' title='bbox 2138 4411 2410 4456; x_wconf 89' lang='lat' dir='ltr'><strong>terrarum</strong></span> <span class='ocrx_word' id='word_1_616' title='bbox 2458 4398 2735 4468; x_wconf 89' lang='lat' dir='ltr'><strong>intelligas</strong></span> <span class='ocrx_word' id='word_1_617' title='bbox 2788 4394 3073 4465; x_wconf 72' lang='lat' dir='ltr'><strong>sapientia:</strong></span> <span class='ocrx_word' id='word_1_618' title='bbox 3118 4392 3213 4447; x_wconf 91' lang='lat' dir='ltr'><strong>Dei</strong></span> <span class='ocrx_word' id='word_1_619' title='bbox 3262 4393 3515 4450; x_wconf 87' lang='lat' dir='ltr'><strong>virtutes.</strong></span> 
     </span>
    </p>
   </div>
   <div class='ocr_carea' id='block_1_88' title="bbox 1938 4484 3521 4567">
    <p class='ocr_par' dir='ltr' id='par_1_88' title="bbox 1938 4484 3521 4567">
     <span class='ocr_line' id='line_1_88' title="bbox 1938 4484 3521 4567; baseline -0.01 -17"><span class='ocrx_word' id='word_1_620' title='bbox 1938 4496 2139 4567; x_wconf 86' lang='lat' dir='ltr'><strong>quibus</strong></span> <span class='ocrx_word' id='word_1_621' title='bbox 2166 4493 2296 4547; x_wconf 91' lang='lat' dir='ltr'><strong>olim</strong></span> <span class='ocrx_word' id='word_1_622' title='bbox 2328 4491 2587 4545; x_wconf 89' lang='lat' dir='ltr'><strong>universa</strong></span> <span class='ocrx_word' id='word_1_623' title='bbox 2618 4504 2806 4543; x_wconf 89' lang='lat' dir='ltr'><strong>rerum</strong></span> <span class='ocrx_word' id='word_1_624' title='bbox 2843 4496 3043 4541; x_wconf 90' lang='lat' dir='ltr'><strong>natura</strong></span> <span class='ocrx_word' id='word_1_625' title='bbox 3067 4484 3293 4539; x_wconf 86' lang='lat' dir='ltr'><strong>fundata</strong></span> <span class='ocrx_word' id='word_1_626' title='bbox 3322 4492 3401 4539; x_wconf 88' lang='lat' dir='ltr'><strong>est</strong></span> <span class='ocrx_word' id='word_1_627' title='bbox 3425 4521 3440 4547; x_wconf 94' lang='lat'><strong>,</strong></span> <span class='ocrx_word' id='word_1_628' title='bbox 3466 4486 3521 4535; x_wconf 89' lang='lat' dir='ltr'><strong>et</strong></span> 
     </span>
    </p>
   </div>
   <div class='ocr_carea' id='block_1_89' title="bbox 259 4575 1826 4686">
    <p class='ocr_par' dir='ltr' id='par_1_89' title="bbox 259 4581 1826 4686">
     <span class='ocr_line' id='line_1_89' title="bbox 259 4581 1826 4655; baseline 0.004 -25"><span class='ocrx_word' id='word_1_629' title='bbox 259 4593 383 4631; x_wconf 69' lang='lat' dir='ltr'><strong>usa</strong></span> <span class='ocrx_word' id='word_1_630' title='bbox 405 4581 579 4645; x_wconf 81' lang='grc' dir='ltr'>κτίσις</span> <span class='ocrx_word' id='word_1_631' title='bbox 615 4581 1008 4653; x_wconf 82' lang='grc' dir='ltr'>τεθεμελίωτο,</span> <span class='ocrx_word' id='word_1_632' title='bbox 1038 4584 1133 4637; x_wconf 75' lang='grc' dir='ltr'><strong>καὶ</strong></span> <span class='ocrx_word' id='word_1_633' title='bbox 1164 4583 1303 4653; x_wconf 87' lang='grc' dir='ltr'><strong>μετά</strong></span> <span class='ocrx_word' id='word_1_634' title='bbox 1332 4584 1506 4638; x_wconf 88' lang='grc' dir='ltr'>ταῦτα</span> <span class='ocrx_word' id='word_1_635' title='bbox 1522 4584 1826 4655; x_wconf 84' lang='grc' dir='ltr'>ἐστερεώθη</span> 
     </span>
     <span class='ocr_line' id='line_1_90' title="bbox 262 4667 1778 4686; baseline 0.002 -3"><span class='ocrx_word' id='word_1_636' title='bbox 262 4667 283 4686; x_wconf 60' lang='grc' dir='ltr'><strong>ι</strong></span> <span class='ocrx_word' id='word_1_637' title='bbox 340 4672 350 4683; x_wconf 91' lang='grc'><strong>.</strong></span> <span class='ocrx_word' id='word_1_638' title='bbox 504 4675 515 4686; x_wconf 93' lang='grc'><em>.</em></span> <span class='ocrx_word' id='word_1_639' title='bbox 679 4674 705 4686; x_wconf 93' lang='lat'><strong>..</strong></span> <span class='ocrx_word' id='word_1_640' title='bbox 905 4674 916 4686; x_wconf 86' lang='lat'><strong>.</strong></span> <span class='ocrx_word' id='word_1_641' title='bbox 1049 4674 1066 4686; x_wconf 63' lang='grc' dir='ltr'><strong>ι</strong></span> <span class='ocrx_word' id='word_1_642' title='bbox 1150 4674 1204 4686; x_wconf 56' lang='grc' dir='ltr'><strong>η.</strong></span> <span class='ocrx_word' id='word_1_643' title='bbox 1423 4676 1483 4686; x_wconf 63' lang='grc' dir='ltr'><strong>η.</strong></span> <span class='ocrx_word' id='word_1_644' title='bbox 1516 4675 1557 4686; x_wconf 73' lang='lat'><strong>-.</strong></span> <span class='ocrx_word' id='word_1_645' title='bbox 1676 4676 1686 4686; x_wconf 92' lang='lat'><strong>.</strong></span> <span class='ocrx_word' id='word_1_646' title='bbox 1768 4675 1778 4686; x_wconf 90' lang='lat'><strong>.</strong></span> 
     </span>
    </p>
   </div>
   <div class='ocr_carea' id='block_1_90' title="bbox 1932 4575 3549 4686">
    <p class='ocr_par' dir='ltr' id='par_1_90' title="bbox 1939 4575 3549 4661">
     <span class='ocr_line' id='line_1_91' title="bbox 1939 4575 3549 4661; baseline -0.009 -16"><span class='ocrx_word' id='word_1_647' title='bbox 1939 4597 2127 4661; x_wconf 88' lang='lat' dir='ltr'><strong>postea</strong></span> <span class='ocrx_word' id='word_1_648' title='bbox 2156 4586 2516 4643; x_wconf 82' lang='lat' dir='ltr'><strong>conﬁrmatus</strong></span> <span class='ocrx_word' id='word_1_649' title='bbox 2548 4591 2633 4639; x_wconf 90' lang='lat' dir='ltr'><strong>est</strong></span> <span class='ocrx_word' id='word_1_650' title='bbox 2679 4582 2854 4649; x_wconf 89' lang='lat' dir='ltr'><strong>orbis,</strong></span> <span class='ocrx_word' id='word_1_651' title='bbox 2882 4580 2977 4652; x_wconf 93' lang='lat' dir='ltr'><strong>qui</strong></span> <span class='ocrx_word' id='word_1_652' title='bbox 3009 4594 3120 4635; x_wconf 90' lang='lat' dir='ltr'><strong>non</strong></span> <span class='ocrx_word' id='word_1_653' title='bbox 3152 4575 3549 4634; x_wconf 70' lang='lat' dir='ltr'><strong>commovebi-.</strong></span> 
     </span>
    </p>
   </div>
   <div class='ocr_carea' id='block_1_91' title="bbox 260 4667 1826 4749">
    <p class='ocr_par' dir='ltr' id='par_1_91' title="bbox 260 4667 1826 4746">
     <span class='ocr_line' id='line_1_92' title="bbox 260 4667 1826 4746; baseline 0.003 -24"><span class='ocrx_word' id='word_1_654' title='bbox 260 4667 615 4744; x_wconf 78' lang='grc' dir='ltr'>ήοὶκουμένη,</span> <span class='ocrx_word' id='word_1_655' title='bbox 674 4674 801 4742; x_wconf 77' lang='grc' dir='ltr'>ἣτις</span> <span class='ocrx_word' id='word_1_656' title='bbox 864 4674 925 4725; x_wconf 81' lang='grc' dir='ltr'><strong>οὐ</strong></span> <span class='ocrx_word' id='word_1_657' title='bbox 979 4674 1391 4746; x_wconf 87' lang='grc' dir='ltr'>σαλευθήσεται.</span> <span class='ocrx_word' id='word_1_658' title='bbox 1422 4676 1487 4727; x_wconf 75' lang='grc' dir='ltr'><strong>Εἰ</strong></span> <span class='ocrx_word' id='word_1_659' title='bbox 1511 4675 1569 4727; x_wconf 83' lang='grc' dir='ltr'>δὲ</span> <span class='ocrx_word' id='word_1_660' title='bbox 1602 4676 1698 4727; x_wconf 79' lang='grc' dir='ltr'><strong>καὶ</strong></span> <span class='ocrx_word' id='word_1_661' title='bbox 1727 4675 1826 4746; x_wconf 81' lang='grc' dir='ltr'>τὴν</span> 
     </span>
    </p>
   </div>
   <div class='ocr_carea' id='block_1_92' title="bbox 1932 4667 3519 4749">
    <p class='ocr_par' dir='ltr' id='par_1_92' title="bbox 1938 4668 3519 4749">
     <span class='ocr_line' id='line_1_93' title="bbox 1938 4668 3519 4749; baseline -0.01 -12"><span class='ocrx_word' id='word_1_662' title='bbox 1938 4693 2048 4737; x_wconf 93' lang='lat' dir='ltr'><strong>tur.</strong></span> <span class='ocrx_word' id='word_1_663' title='bbox 2083 4680 2237 4748; x_wconf 86' lang='lat' dir='ltr'><strong>Quod</strong></span> <span class='ocrx_word' id='word_1_664' title='bbox 2286 4680 2331 4735; x_wconf 89' lang='lat' dir='ltr'><strong>si</strong></span> <span class='ocrx_word' id='word_1_665' title='bbox 2369 4695 2466 4749; x_wconf 90' lang='lat' dir='ltr'><strong>per</strong></span> <span class='ocrx_word' id='word_1_666' title='bbox 2504 4677 2694 4732; x_wconf 87' lang='lat' dir='ltr'><strong>orbem</strong></span> <span class='ocrx_word' id='word_1_667' title='bbox 2748 4684 3043 4739; x_wconf 91' lang='lat' dir='ltr'><strong>terrarum,</strong></span> <span class='ocrx_word' id='word_1_668' title='bbox 3093 4670 3396 4727; x_wconf 90' lang='lat' dir='ltr'><strong>Ecclesiam</strong></span> <span class='ocrx_word' id='word_1_669' title='bbox 3424 4668 3519 4722; x_wconf 88' lang='lat' dir='ltr'><strong>Dei</strong></span> 
     </span>
    </p>
   </div>
   <div class='ocr_carea' id='block_1_93' title="bbox 270 4758 1832 4843">
    <p class='ocr_par' dir='ltr' id='par_1_93' title="bbox 270 4758 1832 4843">
     <span class='ocr_line' id='line_1_94' title="bbox 270 4758 1832 4843; baseline 0.005 -32"><span class='ocrx_word' id='word_1_670' title='bbox 270 4758 566 4834; x_wconf 79' lang='grc' dir='ltr'>Ἐκκλησίαν</span> <span class='ocrx_word' id='word_1_671' title='bbox 592 4764 697 4818; x_wconf 84' lang='grc' dir='ltr'><strong>τοῦ</strong></span> <span class='ocrx_word' id='word_1_672' title='bbox 735 4764 869 4817; x_wconf 75' lang='grc' dir='ltr'>θεοῦ</span> <span class='ocrx_word' id='word_1_673' title='bbox 903 4765 999 4836; x_wconf 82' lang='grc' dir='ltr'>τὴν</span> <span class='ocrx_word' id='word_1_674' title='bbox 1046 4766 1369 4843; x_wconf 65' lang='grc' dir='ltr'>οἰκουμένην</span> <span class='ocrx_word' id='word_1_675' title='bbox 1417 4766 1622 4830; x_wconf 81' lang='grc' dir='ltr'>ἐθέλοις</span> <span class='ocrx_word' id='word_1_676' title='bbox 1670 4770 1832 4820; x_wconf 88' lang='grc' dir='ltr'>νοεῖν·</span> 
     </span>
    </p>
   </div>
   <div class='ocr_carea' id='block_1_94' title="bbox 259 4848 1833 4929">
    <p class='ocr_par' dir='ltr' id='par_1_94' title="bbox 259 4848 1833 4929">
     <span class='ocr_line' id='line_1_95' title="bbox 259 4848 1833 4929; baseline 0.006 -27"><span class='ocrx_word' id='word_1_677' title='bbox 259 4848 480 4920; x_wconf 81' lang='grc' dir='ltr'>θεμέλιον</span> <span class='ocrx_word' id='word_1_678' title='bbox 509 4857 567 4909; x_wconf 77' lang='grc' dir='ltr'><strong>δὲ</strong></span> <span class='ocrx_word' id='word_1_679' title='bbox 602 4856 785 4925; x_wconf 74' lang='grc' dir='ltr'>αὐτῆς</span> <span class='ocrx_word' id='word_1_680' title='bbox 811 4856 1026 4927; x_wconf 83' lang='grc' dir='ltr'>πρῶτον</span> <span class='ocrx_word' id='word_1_681' title='bbox 1055 4857 1153 4927; x_wconf 86' lang='grc' dir='ltr'><strong>μὲν</strong></span> <span class='ocrx_word' id='word_1_682' title='bbox 1180 4856 1279 4927; x_wconf 82' lang='grc' dir='ltr'><strong>τὴν</strong></span> <span class='ocrx_word' id='word_1_683' title='bbox 1312 4857 1532 4929; x_wconf 72' lang='grc' dir='ltr'>ἀρραγῆ</span> <span class='ocrx_word' id='word_1_684' title='bbox 1584 4858 1679 4911; x_wconf 74' lang='grc' dir='ltr'><strong>καὶ</strong></span> <span class='ocrx_word' id='word_1_685' title='bbox 1711 4875 1833 4911; x_wconf 85' lang='grc' dir='ltr'>στε-</span> 
     </span>
    </p>
   </div>
   <div class='ocr_carea' id='block_1_95' title="bbox 264 4943 1833 5021">
    <p class='ocr_par' dir='ltr' id='par_1_95' title="bbox 264 4943 1833 5021">
     <span class='ocr_line' id='line_1_96' title="bbox 264 4943 1833 5021; baseline 0.005 -24"><span class='ocrx_word' id='word_1_686' title='bbox 264 4946 370 5009; x_wconf 73' lang='grc' dir='ltr'>ρεὰν</span> <span class='ocrx_word' id='word_1_687' title='bbox 390 4949 615 5018; x_wconf 76' lang='grc' dir='ltr'>πέτραν,</span> <span class='ocrx_word' id='word_1_688' title='bbox 655 4949 745 5017; x_wconf 78' lang='grc' dir='ltr'><strong>ἐφ’</strong></span> <span class='ocrx_word' id='word_1_689' title='bbox 849 4948 1190 5019; x_wconf 81' lang='grc' dir='ltr'>ᾠκοδόμηται</span> <span class='ocrx_word' id='word_1_690' title='bbox 1235 4950 1377 5004; x_wconf 84' lang='grc' dir='ltr'><strong>κατά</strong></span> <span class='ocrx_word' id='word_1_691' title='bbox 1402 4952 1483 5003; x_wconf 87' lang='grc' dir='ltr'>τὸ·</span> <span class='ocrx_word' id='word_1_692' title='bbox 1540 4953 1664 5005; x_wconf 80' lang='grc' dir='ltr'><strong>Ἐπὶ</strong></span> <span class='ocrx_word' id='word_1_693' title='bbox 1717 4951 1833 5021; x_wconf 82' lang='grc' dir='ltr'>τὴν</span> 
     </span>
    </p>
   </div>
   <div class='ocr_carea' id='block_1_96' title="bbox 260 5032 1830 5108">
    <p class='ocr_par' dir='ltr' id='par_1_96' title="bbox 260 5032 1830 5108">
     <span class='ocr_line' id='line_1_97' title="bbox 260 5032 1830 5108; baseline 0.009 -25"><span class='ocrx_word' id='word_1_694' title='bbox 260 5032 458 5101; x_wconf 66' lang='grc' dir='ltr'>πέτραν</span> <span class='ocrx_word' id='word_1_695' title='bbox 502 5034 890 5104; x_wconf 71' lang='grc' dir='ltr'>οἰκοδομήσω</span> <span class='ocrx_word' id='word_1_696' title='bbox 946 5054 1067 5106; x_wconf 81' lang='grc' dir='ltr'>μου</span> <span class='ocrx_word' id='word_1_697' title='bbox 1119 5036 1235 5107; x_wconf 82' lang='grc' dir='ltr'>τὴν</span> <span class='ocrx_word' id='word_1_698' title='bbox 1298 5039 1685 5108; x_wconf 79' lang='grc' dir='ltr'>Ἐκκλησίαν,</span> <span class='ocrx_word' id='word_1_699' title='bbox 1730 5043 1830 5097; x_wconf 81' lang='grc' dir='ltr'>καὶ</span> 
     </span>
    </p>
   </div>
   <div class='ocr_carea' id='block_1_97' title="bbox 263 5125 1833 5203">
    <p class='ocr_par' dir='ltr' id='par_1_97' title="bbox 263 5125 1833 5203">
     <span class='ocr_line' id='line_1_98' title="bbox 263 5125 1833 5203; baseline 0.008 -27"><span class='ocrx_word' id='word_1_700' title='bbox 263 5125 419 5179; x_wconf 72' lang='grc' dir='ltr'>πύλαι</span> <span class='ocrx_word' id='word_1_701' title='bbox 445 5128 596 5193; x_wconf 75' lang='grc' dir='ltr'>ᾅδου</span> <span class='ocrx_word' id='word_1_702' title='bbox 628 5130 706 5181; x_wconf 84' lang='grc' dir='ltr'>οὐ</span> <span class='ocrx_word' id='word_1_703' title='bbox 748 5135 1237 5198; x_wconf 82' lang='grc' dir='ltr'>κατισχύσουσιν</span> <span class='ocrx_word' id='word_1_704' title='bbox 1285 5131 1496 5201; x_wconf 83' lang='grc' dir='ltr'>αὐτῆς.</span> <span class='ocrx_word' id='word_1_705' title='bbox 1559 5134 1620 5188; x_wconf 86' lang='grc' dir='ltr'><strong><em>Ἡ</em></strong></span> <span class='ocrx_word' id='word_1_706' title='bbox 1647 5133 1833 5203; x_wconf 80' lang='grc' dir='ltr'>πέτρα</span> 
     </span>
    </p>
   </div>
   <div class='ocr_carea' id='block_1_98' title="bbox 262 5210 1833 5298">
    <p class='ocr_par' dir='ltr' id='par_1_98' title="bbox 262 5210 1833 5298">
     <span class='ocr_line' id='line_1_99' title="bbox 262 5210 1833 5298; baseline 0.011 -32"><span class='ocrx_word' id='word_1_707' title='bbox 262 5210 316 5265; x_wconf 80' lang='grc' dir='ltr'>δὲ</span> <span class='ocrx_word' id='word_1_708' title='bbox 338 5215 406 5284; x_wconf 83' lang='grc' dir='ltr'>ἦν</span> <span class='ocrx_word' id='word_1_709' title='bbox 432 5222 463 5272; x_wconf 76' lang='grc' dir='ltr'><em>ὁ</em></span> <span class='ocrx_word' id='word_1_710' title='bbox 491 5222 777 5288; x_wconf 79' lang='grc' dir='ltr'>Χριστός·</span> <span class='ocrx_word' id='word_1_711' title='bbox 834 5222 867 5292; x_wconf 85' lang='grc' dir='ltr'>ἢ</span> <span class='ocrx_word' id='word_1_712' title='bbox 907 5221 1047 5276; x_wconf 83' lang='grc' dir='ltr'><strong>κατά</strong></span> <span class='ocrx_word' id='word_1_713' title='bbox 1082 5222 1171 5276; x_wconf 77' lang='grc' dir='ltr'><strong>τὸν</strong></span> <span class='ocrx_word' id='word_1_714' title='bbox 1212 5224 1556 5290; x_wconf 75' lang='grc' dir='ltr'>Ἀπόστολον,</span> <span class='ocrx_word' id='word_1_715' title='bbox 1612 5227 1741 5298; x_wconf 71' lang='grc' dir='ltr'>περὶ</span> <span class='ocrx_word' id='word_1_716' title='bbox 1772 5222 1833 5283; x_wconf 81' lang='grc' dir='ltr'><strong>οῦ</strong></span> 
     </span>
    </p>
   </div>
   <div class='ocr_carea' id='block_1_99' title="bbox 264 5304 1833 5386">
    <p class='ocr_par' dir='ltr' id='par_1_99' title="bbox 264 5304 1833 5386">
     <span class='ocr_line' id='line_1_100' title="bbox 264 5304 1833 5386; baseline 0.006 -26"><span class='ocrx_word' id='word_1_717' title='bbox 264 5304 470 5364; x_wconf 72' lang='grc' dir='ltr'>διδάσκει</span> <span class='ocrx_word' id='word_1_718' title='bbox 502 5314 675 5376; x_wconf 73' lang='grc' dir='ltr'>αὐτὸς</span> <span class='ocrx_word' id='word_1_719' title='bbox 708 5312 902 5382; x_wconf 88' lang='grc' dir='ltr'>λέγων·</span> <span class='ocrx_word' id='word_1_720' title='bbox 936 5314 1223 5383; x_wconf 84' lang='grc' dir='ltr'>Θεμέλιον</span> <span class='ocrx_word' id='word_1_721' title='bbox 1268 5316 1381 5386; x_wconf 78' lang='grc' dir='ltr'><strong>γὰρ</strong></span> <span class='ocrx_word' id='word_1_722' title='bbox 1409 5318 1604 5372; x_wconf 77' lang='grc' dir='ltr'>ἄλλον</span> <span class='ocrx_word' id='word_1_723' title='bbox 1635 5318 1833 5385; x_wconf 80' lang='grc' dir='ltr'>οὐδεὶς</span> 
     </span>
    </p>
   </div>
   <div class='ocr_carea' id='block_1_100' title="bbox 266 5395 1833 5477">
    <p class='ocr_par' dir='ltr' id='par_1_100' title="bbox 266 5395 1833 5477">
     <span class='ocr_line' id='line_1_101' title="bbox 266 5395 1833 5477; baseline 0.008 -24"><span class='ocrx_word' id='word_1_724' title='bbox 266 5395 479 5457; x_wconf 70' lang='grc' dir='ltr'>δύναται</span> <span class='ocrx_word' id='word_1_725' title='bbox 526 5407 729 5461; x_wconf 86' lang='grc' dir='ltr'>θεῖναι</span> <span class='ocrx_word' id='word_1_726' title='bbox 795 5407 955 5475; x_wconf 75' lang='grc' dir='ltr'><strong>παρὰ</strong></span> <span class='ocrx_word' id='word_1_727' title='bbox 1008 5407 1117 5461; x_wconf 83' lang='grc' dir='ltr'>τὸν</span> <span class='ocrx_word' id='word_1_728' title='bbox 1190 5409 1487 5477; x_wconf 82' lang='grc' dir='ltr'>κείμενον,</span> <span class='ocrx_word' id='word_1_729' title='bbox 1547 5411 1616 5476; x_wconf 83' lang='grc' dir='ltr'>ὅς</span> <span class='ocrx_word' id='word_1_730' title='bbox 1663 5412 1833 5465; x_wconf 84' lang='grc' dir='ltr'>ἐστιν</span> 
     </span>
    </p>
   </div>
   <div class='ocr_carea' id='block_1_101' title="bbox 279 5490 1831 5573">
    <p class='ocr_par' dir='ltr' id='par_1_101' title="bbox 279 5490 1831 5573">
     <span class='ocr_line' id='line_1_102' title="bbox 279 5490 1831 5573; baseline 0.009 -30"><span class='ocrx_word' id='word_1_731' title='bbox 279 5490 484 5562; x_wconf 79' lang='grc' dir='ltr'>Ἰησοῦς</span> <span class='ocrx_word' id='word_1_732' title='bbox 550 5500 831 5567; x_wconf 76' lang='grc' dir='ltr'>Χριστός·</span> <span class='ocrx_word' id='word_1_733' title='bbox 885 5495 1005 5553; x_wconf 81' lang='grc' dir='ltr'>εἶτα</span> <span class='ocrx_word' id='word_1_734' title='bbox 1074 5502 1190 5571; x_wconf 79' lang='grc' dir='ltr'>μετ’</span> <span class='ocrx_word' id='word_1_735' title='bbox 1242 5503 1405 5555; x_wconf 74' lang='grc' dir='ltr'>αὑτὸν</span> <span class='ocrx_word' id='word_1_736' title='bbox 1458 5501 1699 5573; x_wconf 84' lang='grc' dir='ltr'>θεμέλιοι</span> <span class='ocrx_word' id='word_1_737' title='bbox 1731 5503 1831 5573; x_wconf 83' lang='grc' dir='ltr'>τῆς</span> 
     </span>
    </p>
   </div>
   <div class='ocr_carea' id='block_1_102' title="bbox 281 5582 1831 5663">
    <p class='ocr_par' dir='ltr' id='par_1_102' title="bbox 281 5582 1831 5663">
     <span class='ocr_line' id='line_1_103' title="bbox 281 5582 1831 5663; baseline 0.009 -29"><span class='ocrx_word' id='word_1_738' title='bbox 281 5582 574 5658; x_wconf 74' lang='grc' dir='ltr'>Ἑκκλησίας</span> <span class='ocrx_word' id='word_1_739' title='bbox 604 5592 943 5663; x_wconf 75' lang='grc' dir='ltr'>προφητικοὶ</span> <span class='ocrx_word' id='word_1_740' title='bbox 993 5594 1088 5645; x_wconf 76' lang='grc' dir='ltr'><strong>καὶ</strong></span> <span class='ocrx_word' id='word_1_741' title='bbox 1116 5594 1465 5648; x_wconf 78' lang='grc' dir='ltr'>ἀποστολικοὶ</span> <span class='ocrx_word' id='word_1_742' title='bbox 1515 5594 1662 5663; x_wconf 84' lang='grc' dir='ltr'>λόγοι</span> <span class='ocrx_word' id='word_1_743' title='bbox 1694 5595 1831 5648; x_wconf 85' lang='grc' dir='ltr'><strong>κατά</strong></span> 
     </span>
    </p>
   </div>
   <div class='ocr_carea' id='block_1_103' title="bbox 272 5671 1830 5757">
    <p class='ocr_par' dir='ltr' id='par_1_103' title="bbox 272 5671 1830 5757">
     <span class='ocr_line' id='line_1_104' title="bbox 272 5671 1830 5757; baseline 0.01 -29"><span class='ocrx_word' id='word_1_744' title='bbox 272 5671 341 5726; x_wconf 66' lang='grc' dir='ltr'>τὶν</span> <span class='ocrx_word' id='word_1_745' title='bbox 380 5678 706 5736; x_wconf 77' lang='grc' dir='ltr'>Ἀπόστολον</span> <span class='ocrx_word' id='word_1_746' title='bbox 778 5686 1044 5755; x_wconf 76' lang='grc' dir='ltr'>φήσαντα·</span> <span class='ocrx_word' id='word_1_747' title='bbox 1096 5687 1694 5757; x_wconf 84' lang='grc' dir='ltr'>Ἐποικοδομηθέντες</span> <span class='ocrx_word' id='word_1_748' title='bbox 1731 5689 1830 5742; x_wconf 81' lang='grc' dir='ltr'><strong>ἐπὶ</strong></span> 
     </span>
    </p>
   </div>
   <div class='ocr_carea' id='block_1_104' title="bbox 1937 4764 3519 4843">
    <p class='ocr_par' dir='ltr' id='par_1_104' title="bbox 1937 4764 3519 4843">
     <span class='ocr_line' id='line_1_105' title="bbox 1937 4764 3519 4843; baseline -0.009 -15"><span class='ocrx_word' id='word_1_749' title='bbox 1937 4774 2108 4843; x_wconf 89' lang='lat' dir='ltr'><strong>accipi</strong></span> <span class='ocrx_word' id='word_1_750' title='bbox 2132 4772 2289 4835; x_wconf 88' lang='lat' dir='ltr'><strong>velis,</strong></span> <span class='ocrx_word' id='word_1_751' title='bbox 2327 4786 2391 4824; x_wconf 90' lang='lat' dir='ltr'><strong>ac</strong></span> <span class='ocrx_word' id='word_1_752' title='bbox 2419 4769 2463 4825; x_wconf 91' lang='lat' dir='ltr'><strong>si</strong></span> <span class='ocrx_word' id='word_1_753' title='bbox 2504 4768 2921 4822; x_wconf 81' lang='lat' dir='ltr'><strong>fundamentum</strong></span> <span class='ocrx_word' id='word_1_754' title='bbox 2956 4766 3077 4835; x_wconf 90' lang='lat' dir='ltr'><strong>ejus</strong></span> <span class='ocrx_word' id='word_1_755' title='bbox 3125 4764 3333 4832; x_wconf 90' lang='lat' dir='ltr'><strong>cogites</strong></span> <span class='ocrx_word' id='word_1_756' title='bbox 3374 4774 3519 4822; x_wconf 80' lang='lat' dir='ltr'><strong>esse,</strong></span> 
     </span>
    </p>
   </div>
   <div class='ocr_carea' id='block_1_105' title="bbox 1938 4856 3520 4935">
    <p class='ocr_par' dir='ltr' id='par_1_105' title="bbox 1938 4856 3520 4935">
     <span class='ocr_line' id='line_1_106' title="bbox 1938 4856 3520 4935; baseline -0.01 -16"><span class='ocrx_word' id='word_1_757' title='bbox 1938 4867 2114 4935; x_wconf 90' lang='lat' dir='ltr'><strong>primo</strong></span> <span class='ocrx_word' id='word_1_758' title='bbox 2141 4863 2361 4934; x_wconf 90' lang='lat' dir='ltr'><strong>quidem</strong></span> <span class='ocrx_word' id='word_1_759' title='bbox 2414 4861 2707 4916; x_wconf 86' lang='lat' dir='ltr'><strong>infractam</strong></span> <span class='ocrx_word' id='word_1_760' title='bbox 2744 4860 2893 4913; x_wconf 89' lang='lat' dir='ltr'><strong>illam</strong></span> <span class='ocrx_word' id='word_1_761' title='bbox 2927 4866 2982 4913; x_wconf 88' lang='lat' dir='ltr'><strong>et</strong></span> <span class='ocrx_word' id='word_1_762' title='bbox 3027 4856 3258 4913; x_wconf 82' lang='lat' dir='ltr'><strong>solidam</strong></span> <span class='ocrx_word' id='word_1_763' title='bbox 3286 4860 3520 4923; x_wconf 89' lang='lat' dir='ltr'><strong>petram,</strong></span> 
     </span>
    </p>
   </div>
   <div class='ocr_carea' id='block_1_106' title="bbox 1938 4944 3520 5026">
    <p class='ocr_par' dir='ltr' id='par_1_106' title="bbox 1938 4944 3520 5026">
     <span class='ocr_line' id='line_1_107' title="bbox 1938 4944 3520 5026; baseline -0.01 -17"><span class='ocrx_word' id='word_1_764' title='bbox 1938 4960 1993 5010; x_wconf 89' lang='lat' dir='ltr'><strong>in</strong></span> <span class='ocrx_word' id='word_1_765' title='bbox 2023 4971 2132 5026; x_wconf 90' lang='lat' dir='ltr'><strong>qua</strong></span> <span class='ocrx_word' id='word_1_766' title='bbox 2160 4953 2385 5007; x_wconf 82' lang='lat' dir='ltr'><strong>fundata</strong></span> <span class='ocrx_word' id='word_1_767' title='bbox 2412 4959 2517 5018; x_wconf 91' lang='lat' dir='ltr'><strong>est,</strong></span> <span class='ocrx_word' id='word_1_768' title='bbox 2561 4949 2866 5006; x_wconf 88' lang='lat' dir='ltr'><strong>secundum</strong></span> <span class='ocrx_word' id='word_1_769' title='bbox 2918 4947 3053 5001; x_wconf 88' lang='lat' dir='ltr'><strong>illud</strong></span> <span class='ocrx_word' id='word_1_770' title='bbox 3079 4965 3092 4999; x_wconf 91' lang='lat'><strong>:</strong></span> <span class='ocrx_word' id='word_1_771' title='bbox 3118 4944 3294 5013; x_wconf 92' lang='lat' dir='ltr'><strong>Supra</strong></span> <span class='ocrx_word' id='word_1_772' title='bbox 3317 4951 3520 5012; x_wconf 87' lang='lat' dir='ltr'><strong>petram</strong></span> 
     </span>
    </p>
   </div>
   <div class='ocr_carea' id='block_1_107' title="bbox 1942 5032 3521 5117">
    <p class='ocr_par' dir='ltr' id='par_1_107' title="bbox 1942 5032 3521 5117">
     <span class='ocr_line' id='line_1_108' title="bbox 1942 5032 3521 5117; baseline -0.011 -15"><span class='ocrx_word' id='word_1_773' title='bbox 1942 5046 2219 5117; x_wconf 80' lang='lat' dir='ltr'><strong>wdiﬁcabo</strong></span> <span class='ocrx_word' id='word_1_774' title='bbox 2252 5044 2547 5098; x_wconf 83' lang='lat' dir='ltr'><strong>Ecclesiam</strong></span> <span class='ocrx_word' id='word_1_775' title='bbox 2570 5059 2763 5106; x_wconf 89' lang='lat' dir='ltr'><strong>meam,</strong></span> <span class='ocrx_word' id='word_1_776' title='bbox 2792 5050 2840 5094; x_wconf 89' lang='lat' dir='ltr'><strong>et</strong></span> <span class='ocrx_word' id='word_1_777' title='bbox 2861 5048 3029 5108; x_wconf 71' lang='lat' dir='ltr'><strong>porta:</strong></span> <span class='ocrx_word' id='word_1_778' title='bbox 3066 5032 3226 5105; x_wconf 79' lang='lat' dir='ltr'><strong>inferi</strong></span> <span class='ocrx_word' id='word_1_779' title='bbox 3247 5050 3351 5088; x_wconf 86' lang='lat' dir='ltr'><strong>non</strong></span> <span class='ocrx_word' id='word_1_780' title='bbox 3380 5048 3521 5103; x_wconf 84' lang='lat' dir='ltr'><strong>pra:-</strong></span> 
     </span>
    </p>
   </div>
   <div class='ocr_carea' id='block_1_108' title="bbox 1942 5124 3523 5195">
    <p class='ocr_par' dir='ltr' id='par_1_108' title="bbox 1942 5124 3523 5195">
     <span class='ocr_line' id='line_1_109' title="bbox 1942 5124 3523 5195; baseline -0.011 0"><span class='ocrx_word' id='word_1_781' title='bbox 1942 5142 2184 5195; x_wconf 84' lang='lat' dir='ltr'><strong>valebunt</strong></span> <span class='ocrx_word' id='word_1_782' title='bbox 2228 5137 2475 5191; x_wconf 84' lang='lat' dir='ltr'><strong>adversus</strong></span> <span class='ocrx_word' id='word_1_783' title='bbox 2515 5152 2633 5190; x_wconf 80' lang='lat' dir='ltr'><strong>eam</strong></span> <span class='ocrx_word' id='word_1_784' title='bbox 2668 5135 2735 5188; x_wconf 73' lang='grc'><strong>⁸⁸.</strong></span> <span class='ocrx_word' id='word_1_785' title='bbox 2773 5132 2936 5187; x_wconf 80' lang='lat' dir='ltr'><strong>Petra</strong></span> <span class='ocrx_word' id='word_1_786' title='bbox 3000 5139 3175 5184; x_wconf 90' lang='lat' dir='ltr'><strong>autem</strong></span> <span class='ocrx_word' id='word_1_787' title='bbox 3216 5136 3329 5181; x_wconf 88' lang='lat' dir='ltr'><strong>erat</strong></span> <span class='ocrx_word' id='word_1_788' title='bbox 3370 5124 3523 5179; x_wconf 84' lang='lat' dir='ltr'><strong>Chri-</strong></span> 
     </span>
    </p>
   </div>
   <div class='ocr_carea' id='block_1_109' title="bbox 1939 5214 3524 5299">
    <p class='ocr_par' dir='ltr' id='par_1_109' title="bbox 1939 5214 3524 5299">
     <span class='ocr_line' id='line_1_110' title="bbox 1939 5214 3524 5299; baseline -0.013 -12"><span class='ocrx_word' id='word_1_789' title='bbox 1939 5244 2052 5288; x_wconf 88' lang='lat' dir='ltr'><strong>stus</strong></span> <span class='ocrx_word' id='word_1_790' title='bbox 2074 5233 2155 5299; x_wconf 86' lang='grc'><strong>⁷⁰;</strong></span> <span class='ocrx_word' id='word_1_791' title='bbox 2184 5238 2279 5284; x_wconf 89' lang='lat' dir='ltr'><strong>aut</strong></span> <span class='ocrx_word' id='word_1_792' title='bbox 2313 5228 2686 5298; x_wconf 91' lang='lat' dir='ltr'><strong>utApostolus</strong></span> <span class='ocrx_word' id='word_1_793' title='bbox 2740 5224 2951 5279; x_wconf 91' lang='lat' dir='ltr'><strong>indicat</strong></span> <span class='ocrx_word' id='word_1_794' title='bbox 2993 5222 3079 5276; x_wconf 90' lang='lat' dir='ltr'><strong>his</strong></span> <span class='ocrx_word' id='word_1_795' title='bbox 3112 5218 3297 5274; x_wconf 89' lang='lat' dir='ltr'><strong>verbis</strong></span> <span class='ocrx_word' id='word_1_796' title='bbox 3329 5236 3341 5270; x_wconf 93' lang='lat'><strong>:</strong></span> <span class='ocrx_word' id='word_1_797' title='bbox 3378 5214 3524 5268; x_wconf 83' lang='lat' dir='ltr'><strong>Fun-</strong></span> 
     </span>
    </p>
   </div>
   <div class='ocr_carea' id='block_1_110' title="bbox 1941 5308 3522 5385">
    <p class='ocr_par' dir='ltr' id='par_1_110' title="bbox 1941 5308 3522 5385">
     <span class='ocr_line' id='line_1_111' title="bbox 1941 5308 3522 5385; baseline -0.01 -9"><span class='ocrx_word' id='word_1_798' title='bbox 1941 5324 2249 5377; x_wconf 79' lang='lat' dir='ltr'><strong>damentum</strong></span> <span class='ocrx_word' id='word_1_799' title='bbox 2281 5322 2421 5375; x_wconf 89' lang='lat' dir='ltr'><strong>enim</strong></span> <span class='ocrx_word' id='word_1_800' title='bbox 2444 5318 2592 5373; x_wconf 87' lang='lat' dir='ltr'><strong>aliud</strong></span> <span class='ocrx_word' id='word_1_801' title='bbox 2633 5334 2784 5372; x_wconf 82' lang='lat' dir='ltr'><strong>nemo</strong></span> <span class='ocrx_word' id='word_1_802' title='bbox 2818 5322 2987 5385; x_wconf 86' lang='lat' dir='ltr'><strong>potest</strong></span> <span class='ocrx_word' id='word_1_803' title='bbox 3019 5328 3227 5383; x_wconf 84' lang='lat' dir='ltr'><strong>ponere,</strong></span> <span class='ocrx_word' id='word_1_804' title='bbox 3254 5320 3445 5380; x_wconf 64' lang='lat' dir='ltr'><strong>prater</strong></span> <span class='ocrx_word' id='word_1_805' title='bbox 3467 5308 3522 5362; x_wconf 91' lang='lat' dir='ltr'><strong>id</strong></span> 
     </span>
    </p>
   </div>
   <div class='ocr_carea' id='block_1_111' title="bbox 1939 5402 3525 5484">
    <p class='ocr_par' dir='ltr' id='par_1_111' title="bbox 1939 5402 3525 5484">
     <span class='ocr_line' id='line_1_112' title="bbox 1939 5402 3525 5484; baseline -0.009 -16"><span class='ocrx_word' id='word_1_806' title='bbox 1939 5413 2077 5484; x_wconf 86' lang='lat' dir='ltr'><strong>quod</strong></span> <span class='ocrx_word' id='word_1_807' title='bbox 2114 5413 2345 5481; x_wconf 87' lang='lat' dir='ltr'><strong>positum</strong></span> <span class='ocrx_word' id='word_1_808' title='bbox 2376 5421 2472 5476; x_wconf 87' lang='lat' dir='ltr'><strong>est,</strong></span> <span class='ocrx_word' id='word_1_809' title='bbox 2491 5408 2628 5482; x_wconf 86' lang='lat' dir='ltr'><strong>quod</strong></span> <span class='ocrx_word' id='word_1_810' title='bbox 2654 5418 2731 5463; x_wconf 88' lang='lat' dir='ltr'><strong>est</strong></span> <span class='ocrx_word' id='word_1_811' title='bbox 2763 5406 3006 5462; x_wconf 81' lang='lat' dir='ltr'><strong>Christus</strong></span> <span class='ocrx_word' id='word_1_812' title='bbox 3026 5403 3183 5457; x_wconf 82' lang='lat' dir='ltr'><strong>Jesus</strong></span> <span class='ocrx_word' id='word_1_813' title='bbox 3201 5402 3245 5433; x_wconf 89' lang='lat'>&#39;”</span> <span class='ocrx_word' id='word_1_814' title='bbox 3270 5417 3289 5454; x_wconf 87' lang='lat'><strong><em>:</em></strong></span> <span class='ocrx_word' id='word_1_815' title='bbox 3314 5416 3379 5455; x_wconf 91' lang='lat' dir='ltr'><strong>ac</strong></span> <span class='ocrx_word' id='word_1_816' title='bbox 3402 5409 3525 5470; x_wconf 83' lang='lat' dir='ltr'><strong>post</strong></span> 
     </span>
    </p>
   </div>
   <div class='ocr_carea' id='block_1_112' title="bbox 1941 5494 3522 5577">
    <p class='ocr_par' dir='ltr' id='par_1_112' title="bbox 1941 5494 3522 5577">
     <span class='ocr_line' id='line_1_113' title="bbox 1941 5494 3522 5577; baseline -0.009 -16"><span class='ocrx_word' id='word_1_817' title='bbox 1941 5508 2122 5577; x_wconf 89' lang='lat' dir='ltr'><strong>ipsum</strong></span> <span class='ocrx_word' id='word_1_818' title='bbox 2152 5505 2492 5560; x_wconf 87' lang='lat' dir='ltr'><strong>Salvatorem</strong></span> <span class='ocrx_word' id='word_1_819' title='bbox 2549 5500 2907 5556; x_wconf 82' lang='lat' dir='ltr'><strong>fundamenta</strong></span> <span class='ocrx_word' id='word_1_820' title='bbox 2938 5495 3198 5550; x_wconf 59' lang='lat' dir='ltr'><strong>Ecclesia;</strong></span> <span class='ocrx_word' id='word_1_821' title='bbox 3241 5494 3522 5548; x_wconf 79' lang='lat' dir='ltr'><strong>existimes</strong></span> 
     </span>
    </p>
   </div>
   <div class='ocr_carea' id='block_1_113' title="bbox 1940 5586 3522 5667">
    <p class='ocr_par' dir='ltr' id='par_1_113' title="bbox 1940 5586 3522 5667">
     <span class='ocr_line' id='line_1_114' title="bbox 1940 5586 3522 5667; baseline -0.009 -15"><span class='ocrx_word' id='word_1_822' title='bbox 1940 5613 2063 5653; x_wconf 88' lang='lat' dir='ltr'><strong>esse</strong></span> <span class='ocrx_word' id='word_1_823' title='bbox 2083 5597 2432 5667; x_wconf 87' lang='lat' dir='ltr'><strong>pr0phcticos</strong></span> <span class='ocrx_word' id='word_1_824' title='bbox 2454 5602 2508 5649; x_wconf 92' lang='lat' dir='ltr'><strong>et</strong></span> <span class='ocrx_word' id='word_1_825' title='bbox 2532 5590 2863 5663; x_wconf 85' lang='lat' dir='ltr'><strong>apostolicos</strong></span> <span class='ocrx_word' id='word_1_826' title='bbox 2886 5603 3191 5653; x_wconf 90' lang='lat' dir='ltr'><strong>sermones,</strong></span> <span class='ocrx_word' id='word_1_827' title='bbox 3218 5586 3522 5643; x_wconf 83' lang='lat' dir='ltr'><strong>secundum</strong></span> 
     </span>
    </p>
   </div>
   <div class='ocr_carea' id='block_1_114' title="bbox 1940 5680 3526 5760">
    <p class='ocr_par' dir='ltr' id='par_1_114' title="bbox 1940 5680 3526 5760">
     <span class='ocr_line' id='line_1_115' title="bbox 1940 5680 3526 5760; baseline -0.006 -18"><span class='ocrx_word' id='word_1_828' title='bbox 1940 5688 2186 5760; x_wconf 88' lang='lat' dir='ltr'><strong>Apostoli</strong></span> <span class='ocrx_word' id='word_1_829' title='bbox 2208 5688 2414 5743; x_wconf 87' lang='lat' dir='ltr'><strong>dictum</strong></span> <span class='ocrx_word' id='word_1_830' title='bbox 2446 5704 2458 5739; x_wconf 87' lang='lat'><strong>:</strong></span> <span class='ocrx_word' id='word_1_831' title='bbox 2484 5681 2907 5753; x_wconf 77' lang='lat' dir='ltr'><strong>Superwdiﬁcati</strong></span> <span class='ocrx_word' id='word_1_832' title='bbox 2933 5696 3088 5750; x_wconf 83' lang='lat' dir='ltr'><strong>super</strong></span> <span class='ocrx_word' id='word_1_833' title='bbox 3121 5680 3526 5752; x_wconf 74' lang='lat' dir='ltr'><strong>fundamentum</strong></span> 
     </span>
    </p>
   </div>
   <div class='ocr_carea' id='block_1_115' title="bbox 334 5853 1826 5944">
    <p class='ocr_par' dir='ltr' id='par_1_115' title="bbox 334 5853 1826 5935">
     <span class='ocr_line' id='line_1_116' title="bbox 334 5853 1826 5935; baseline 0.009 -27"><span class='ocrx_word' id='word_1_834' title='bbox 334 5853 553 5914; x_wconf 68' lang='lat' dir='ltr'><strong>&quot;Exod.</strong></span> <span class='ocrx_word' id='word_1_835' title='bbox 584 5876 664 5925; x_wconf 74' lang='grc' dir='ltr'>ιι,</span> <span class='ocrx_word' id='word_1_836' title='bbox 698 5859 790 5926; x_wconf 73' lang='grc'>25,</span> <span class='ocrx_word' id='word_1_837' title='bbox 822 5861 913 5919; x_wconf 64' lang='grc'><strong>25.</strong></span> <span class='ocrx_word' id='word_1_838' title='bbox 990 5864 1032 5895; x_wconf 66' lang='grc' dir='ltr'><strong>τ’</strong></span> <span class='ocrx_word' id='word_1_839' title='bbox 1058 5861 1245 5922; x_wconf 79' lang='lat' dir='ltr'><strong>Matth.</strong></span> <span class='ocrx_word' id='word_1_840' title='bbox 1286 5882 1397 5935; x_wconf 74' lang='lat' dir='ltr'><strong>xw,</strong></span> <span class='ocrx_word' id='word_1_841' title='bbox 1434 5866 1517 5923; x_wconf 80' lang='grc'><strong>18.</strong></span> <span class='ocrx_word' id='word_1_842' title='bbox 1596 5867 1639 5898; x_wconf 77' lang='grc'><strong>⁷⁰</strong></span> <span class='ocrx_word' id='word_1_843' title='bbox 1671 5866 1686 5921; x_wconf 88' lang='grc' dir='ltr'><strong>Ι</strong></span> <span class='ocrx_word' id='word_1_844' title='bbox 1719 5864 1826 5922; x_wconf 86' lang='lat' dir='ltr'><strong>Cor</strong></span> 
     </span>
    </p>
   </div>
   <div class='ocr_carea' id='block_1_116' title="bbox 1932 5853 2595 5944">
    <p class='ocr_par' dir='ltr' id='par_1_116' title="bbox 1932 5864 2595 5944">
     <span class='ocr_line' id='line_1_117' title="bbox 1932 5864 2595 5944; baseline -0.005 -22"><span class='ocrx_word' id='word_1_845' title='bbox 1932 5865 2151 5944; x_wconf 40' lang='grc' dir='ltr'>,4,μτί</span> <span class='ocrx_word' id='word_1_846' title='bbox 2178 5864 2195 5920; x_wconf 92' lang='grc'><strong>1</strong></span> <span class='ocrx_word' id='word_1_847' title='bbox 2222 5866 2349 5924; x_wconf 85' lang='lat' dir='ltr'><strong>Cor.</strong></span> <span class='ocrx_word' id='word_1_848' title='bbox 2383 5879 2467 5933; x_wconf 80' lang='lat' dir='ltr'><strong>in,</strong></span> <span class='ocrx_word' id='word_1_849' title='bbox 2512 5865 2595 5919; x_wconf 82' lang='lat' dir='ltr'><strong>ll.</strong></span> 
     </span>
    </p>
   </div>
  </div>
