4094 6378
1623 331 1638 362 \

509 433 619 494 ΠΒ

1203 431 1475 490 EUSEBll
1504 431 1985 490 CESARIENSIS
2011 432 2072 489 0|

2204 431 2384 489 PARS
2421 430 2510 489 ιιι.
2551 465 2621 475 -
2652 426 3066 489 ΕΧΕΩΕἸΊΟΑΣ

3663 434 3765 493 170

508 551 869 624 apostolorum
891 561 942 608 et
966 552 1470 625 prophetarumipso
1500 571 1707 608 summo
1736 554 2072 626 angularila-

2179 553 2259 620 τῷ
2287 555 2536 625 θεμελίῳ
2564 553 2681 609 τῶν
2708 555 3069 611 ἀποστόλων
3095 552 3197 609 καὶ
3230 551 3571 623 προφητῶν,
3591 554 3767 624 ὄντος

503 648 626 719 pide
655 646 868 702 Christo
895 645 1025 700 Iesu
1059 649 1136 713 7';
1197 662 1544 718 nequaquam
1579 661 1612 700 a
1643 648 1891 703 veritatis
1915 661 2083 718 scopo

504 738 866 795 aberraveris.
895 735 1022 793 Htec
1054 738 1220 809 igitur
1259 739 1412 796 orbis
1456 739 1809 795 fundamenta
1844 738 2082 795 revelata

503 843 634 890 sunt
663 849 676 885 :
706 832 947 888 inimicis
982 831 1097 896 Dei.
1125 833 1363 903 quiolim
1411 834 1617 888 mentis
1659 841 1862 888 nostrae
1891 833 2081 888 oculos

485 925 961 1006 “obtenebrabant,
985 932 1046 979 ut
1085 941 1155 981 ne
1179 925 1363 980 divina
1394 925 1593 980 intueri
1618 933 1864 998 possent,
1898 925 2081 981 elimi-

501 1017 650 1073 natis
675 1029 728 1073 et
756 1017 974 1088 fugatis,
1013 1033 1077 1072 ac
1099 1033 1196 1089 per
1221 1018 1456 1073 emissas
1484 1016 1638 1073 aDeo
1667 1017 1894 1089 sagittas
1915 1015 2082 1072 dissi-

501 1109 668 1180 palis,
702 1109 1015 1181 fugatisque
1043 1113 1111 1167 ab
1136 1112 1514 1182 increpatione
1545 1110 1762 1166 Domini
1804 1119 1857 1166 et
1890 1110 1958 1165 ab
1992 1111 2080 1164 in-

505 1203 807 1273 spiratione
835 1204 1170 1274 spiritusira:
1194 1204 1335 1274 ejus.
1371 1205 1562 1260 Merito
1607 1203 1774 1275 igitur
1796 1219 1860 1258 ac
1887 1217 2082 1258 conseo

503 1305 754 1367 quenter,
777 1297 845 1352 ab
866 1298 934 1352 iis
962 1297 1132 1368 erepti
1163 1313 1226 1352 ac
1256 1305 1473 1368 recepto
1499 1297 1786 1352 oculorum
1805 1312 1927 1365 usu,
1961 1295 2084 1351 fon-

501 1395 588 1444 tes
621 1403 890 1458 aquarum
933 1388 1191 1449 vidimus.
1251 1387 1604 1443 fundamenta
1627 1387 1776 1444 orbis
1808 1394 2080 1444 terrarum

501 1482 875 1552 suspeximus.
911 1478 1068 1546 Quod
1112 1489 1272 1535 atate
1318 1486 1508 1535 nostra
1546 1479 1600 1534 in
1641 1481 1892 1551 plurimis
1925 1490 2082 1536 terrae

502 1571 751 1641 partibus
774 1573 974 1628 evenit.

572 1751 740 1810 Vens.
778 1753 973 1810 17-19.
1021 1753 1172 1808 Misit
1221 1753 1286 1808 de
1327 1771 1533 1809 summa
1598 1761 1650 1808 et
1713 1752 1914 1822 accepit
1977 1769 2078 1818 me,

501 1846 789 1917 assumpsit
813 1862 893 1899 me
917 1844 981 1900 de
1031 1847 1183 1917 aquis
1214 1847 1415 1900 multis.
1475 1845 1792 1900 Demersum
1844 1860 2081 1916 namque

501 1938 704 2007 ipsum,
728 1943 783 1991 et
815 1937 974 2007 quasi
1024 1938 1300 2008 captivum
1345 1937 1663 1999 abductum.
1696 1937 2077 1992 universorum
2114 1919 2156 1974 Β

501 2027 645 2085 Deus
670 2036 724 2084 et
761 2028 944 2096 Pater,
1002 2045 1101 2100 per
1156 2027 1354 2084 Filium
1413 2045 1573 2083 suum
1608 2030 1705 2086 abs
1749 2045 1808 2085 se
1850 2030 2079 2086 missum

499 2123 737 2192 excepit.
761 2121 919 2178 Unde
961 2133 1143 2179 autem
1194 2125 1488 2194 exceperit,
1533 2125 1764 2180 subinde
1805 2125 2080 2196 significat

501 2214 588 2270 his
604 2213 808 2280 verbis,
845 2219 908 2269 de
925 2217 1289 2286 aquismullis.
1317 2217 1407 2269 Ait
1437 2216 1602 2286 igitur
1636 2217 1802 2271 etiam
1835 2219 1889 2270 in
1919 2230 2079 2272 sexa-

498 2307 707 2376 gesimo
739 2315 934 2361 octavo
963 2307 1208 2377 psalmo:
1244 2306 1464 2362 Salvum
1504 2323 1585 2361 me
1616 2308 1722 2377 fac,
1763 2309 1930 2372 Deus,
1958 2325 2083 2380 quo-

503 2397 645 2449 niam
670 2396 1003 2451 intraverunt
1036 2414 1185 2467 aqua:
1210 2415 1372 2469 usque
1388 2397 1456 2452 ad
1487 2400 1725 2454 animam
1767 2417 1934 2454 meam
1962 2401 2082 2456 :in-

499 2491 640 2554 ﬁxus
669 2509 785 2545 sttm
815 2493 869 2544 in
905 2493 1030 2545 limo
1071 2491 1339 2561 profundi,
1374 2505 1422 2548 et
1448 2505 1646 2549 nonest
1674 2496 1975 2553 substantia
2007 2497 2077 2556 ⁷⁸.

497 2581 581 2634 Ad
600 2581 714 2636 haec
734 2592 1133 2651 consequenter
1164 2599 1295 2638 sane
1317 2585 1371 2638 in
1404 2587 1657 2654 praesenti
1689 2587 1891 2655 gratias
1912 2602 2079 2658 agens

497 2673 580 2728 sic
607 2675 682 2727 ait
709 2694 721 2728 :
752 2674 1050 2744 Assumpsit
1083 2692 1164 2729 me
1189 2675 1250 2730 de
1270 2677 1419 2747 aquis
1445 2677 1646 2731 multis.
1691 2677 1949 2744 Quasnam
1981 2695 2079 2733 au-

496 2773 607 2818 tem
633 2764 745 2819 sint
772 2780 925 2837 aquae
962 2767 1088 2833 illze,
1145 2783 1269 2821 mox
1322 2771 1562 2838 apertius
1621 2769 1830 2824 indicat
1862 2771 1942 2826 sic
1998 2771 2078 2826 lo-

496 2871 712 2926 quens:
739 2857 816 2912 De
871 2859 1101 2914 inimicis
1149 2862 1278 2914 meis
1323 2863 1655 2931 fortissimis,
1691 2872 1741 2917 et
1775 2863 1840 2917 ab
1880 2865 1948 2920 iis
1988 2868 2077 2936 qui

497 2948 716 3004 oderunt
742 2967 839 3009 me.
865 2953 1113 3021 quoniam
1139 2953 1454 3022 conformati
1469 2967 1589 3009 sunt
1615 2972 1768 3026 super
1795 2975 1894 3012 me.
1927 2959 2079 3014 Prw-

496 3052 744 3098 venerunt
767 3061 846 3098 me
875 3044 926 3096 in
941 3043 1334 3116 dieaﬂlictionis
1367 3063 1511 3100 mete.
1544 3046 1668 3102 llaec
1698 3049 1814 3119 ipsa
1840 3048 2078 3118 Spiritus

495 3144 721 3194 sanctus
748 3136 1057 3199 annuntiat,
1083 3137 1210 3191 dum
1235 3137 1310 3190 ait
1329 3153 1452 3191 eum
1484 3149 1827 3210 assumptum
1859 3157 1982 3197 esse
2007 3143 2075 3198 de

2181 646 2613 716 ἀκρογωνιαίου
2671 645 2860 700 αὐτοῦ
2918 643 3124 711 Ἰησοῦ
3185 645 3476 712 Χριστοῦ·
3548 645 3648 700 οὐκ
3699 646 3766 701 ἂν

2185 737 2340 802 ἐκτὸς
2371 735 2552 807 βάλοις
2579 737 2678 808 τῆς
2709 736 2984 808 ἀληθείας.
3008 734 3172 791 Ταῦτ’
3204 731 3297 791 οὗν
3322 736 3389 791 τὰ
3413 736 3636 809 θεμέλια
3669 740 3766 810 τῆς

2181 830 2507 902 οἰκουμένης
2560 827 3032 899 ἀνεκαλύφθησανο
3083 829 3191 882 τῶν
3239 828 3447 901 ἐχθρῶν
3503 827 3597 882 τοῦ
3631 828 3763 882 Θεοῦ

2181 925 2290 978 τῶν
2331 923 2498 977 πάλαι
2541 922 2967 976 ἐπισκοτούντων
3023 920 3091 974 τὰ
3149 921 3250 992 τῆς
3279 921 3456 992 ψυχῆς
3480 920 3635 991 ήμῶν
3663 919 3764 991 ὕμ-

2187 1035 2331 1089 ματα
2354 1017 2491 1088 πρὸς
2535 1016 2595 1069 τὸ
2645 1015 2720 1088 μὴ
2763 1015 2832 1069 τὰ
2859 1015 2979 1070 θεῖα
3026 1015 3244 1087 βλέπειν
3271 1018 3357 1068 -ἐκ
3385 1015 3578 1084 ποδῶν,
3603 1031 3763 1086 μετα-

2185 1109 2443 1173 στάντων,
2498 1107 2592 1160 καὶ
2651 1112 2766 1171 τοῖς
2811 1108 3120 1162 ἀποδοθεῖσι
3171 1106 3267 1160 τοῦ
3322 1107 3528 1178 Κυρίου
3588 1106 3763 1178 βέλεσι

2181 1200 2724 1272 διασκορπισθέντων,
2763 1201 3107 1270 πεφευγότων
3154 1219 3216 1254 τε
3261 1201 3366 1255 ἀπὸ
3397 1202 3762 1272 ἐπιτιμήσεως

2182 1293 2408 1368 Κυρίου,
2443 1295 2538 1348 καὶ
2583 1293 2690 1347 ἀπὸ
2745 1293 3098 1364 ἐμπνεύσεως
3127 1293 3439 1364 πνεύματος
3467 1292 3637 1364 ὀργῆς
3666 1293 3761 1345 αὺ-

2181 1385 2298 1440 τοῦ.
2324 1386 2564 1450 Εἰκότως
2607 1381 2701 1439 οὖν
2730 1385 3186 1458 ἐλευθερωθέντες
3227 1384 3434 1439 τούτων
3463 1387 3624 1456 ἡμεῖς
3673 1384 3764 1438 καὶ

2172 1479 2604 1549 ἀναϐλέψαντες,
2639 1479 2739 1543 τὰς
2766 1478 2949 1550 πηγὰς
2974 1479 3083 1532 τῶν
3142 1479 3349 1533 ὑδάτων
3400 1476 3762 1548 ἐθεασάμεθα,

2181 1572 2275 1625 καὶ
2306 1571 2374 1625 τά
2394 1571 2616 1643 θεμέλια
2647 1572 2747 1642 τῆς
2778 1571 3100 1642 οἰκουμένης
3145 1573 3598 1642 ἐπωπτεύσαμεν.
3655 1570 3764 1624 Καὶ

2181 1663 2339 1717 τοῦτο
2367 1667 2451 1734 ἐφ’
2485 1663 2642 1736 ἡμῶν
2672 1665 2729 1717 ἐν
2756 1663 2968 1728 πολλοῖς
2998 1665 3288 1736 γεγένηται
3321 1665 3599 1735 κλίμασιν.

2264 1756 2726 1821 Ἐξαπέστειλεν
2757 1758 2826 1823 ἐξ
2849 1759 3070 1827 ὕψους,
3104 1758 3197 1811 καὶ
3251 1757 3427 1811 ἔλαϐέ
3454 1773 3552 1826 με,
3580 1769 3764 1824 προσ-

2181 1848 2428 1903 ελάϐετό
2451 1867 2527 1920 με
2546 1851 2614 1916 ἐξ
2655 1849 2892 1906 ὑδάτων
2943 1849 3204 1906 πολλῶν.
3240 1847 3630 1902 Καταποθέντα
3655 1846 3765 1919 γὰρ

2181 1940 2343 1993 αὐτὸν
2373 1941 2468 1993 καὶ
2513 1940 2787 2010 ληφθέντα
2818 1940 3010 2011 ῶσπερ
3036 1939 3382 2010 αἰχμάλωτον
3405 1941 3434 1992 ὁ
3462 1937 3571 1990 τῶν
3627 1937 3765 1991 ὅλων

2181 2031 2314 2095 Θεὸς
2345 2033 2439 2085 καὶ
2455 2031 2662 2103 Πατὴρ,
2679 2030 3063 2096 ἐξαποστείλας
3089 2029 3180 2083 τὸν
3196 2029 3388 2082 ἐαυτοῦ
3407 2027 3553 2092 Υἱὸν,
3584 2026 3762 2082 ἔλαϐε.

2181 2122 2350 2176 Πόθεν
2381 2122 2438 2176 δέ
2490 2123 2653 2176 αὐτὸν
2706 2122 2915 2187 ἐλαϐεν,
2967 2122 3098 2192 ἐξῆς
3157 2121 3399 2174 διδάσκει
3448 2119 3641 2188 λέγων,
3694 2119 3764 2182 ἐξ

2180 2214 2416 2268 ὑδάτων
2445 2213 2711 2269 πολλῶν.
2742 2215 2880 2285 Φησὶ
2906 2214 3038 2283 γοῦν
3068 2213 3163 2267 καὶ
3199 2215 3256 2266 ἐν
3292 2212 3569 2284 ἑξηκοστῷ
3595 2211 3765 2282 ὀγδόῳ

2179 2307 2397 2379 ψαλμῷ·
2428 2307 2628 2361 Σῶσόν
2653 2323 2750 2376 με,
2791 2309 2824 2360 ὀ
2851 2306 3015 2373 Θεὸς,
3052 2305 3141 2359 ὅτι
3167 2305 3541 2374 εὶσήλθοσαν
3577 2305 3764 2359 ὕδατα

2180 2399 2289 2465 ἕως
2310 2399 2514 2470 ψυχῆς
2543 2415 2681 2468 μου·
2724 2397 3026 2468 ὲνεπὰγην
3061 2401 3149 2464 εἰς
3196 2398 3356 2466 ὓλην
3397 2397 3615 2462 βυθοῦ,
3665 2400 3761 2452 καὶ

2180 2493 2291 2546 οὐκ
2313 2493 2484 2545 ἐστιν
2512 2491 2866 2557 ὑπόστασις.
2919 2490 3142 2553 Τούτοις
3191 2488 3478 2561 τοιγαροῦν
3539 2489 3762 2543 ἀκολού-

2181 2583 2290 2647 θως
2322 2583 2418 2638 καὶ
2469 2586 2526 2638 ἐν
2583 2587 2694 2648 τοῖς
2745 2583 3125 2654 προκειμένοις
3178 2582 3550 2654 εὐχαριστῶν,
3608 2582 3759 2653 φησί·

2179 2676 2592 2744 Προσελάϐετό
2625 2694 2701 2746 με
2725 2677 2794 2740 ἐξ
2819 2675 3056 2730 ὑδάτων
3101 2674 3370 2730 πολλῶν.
3405 2675 3539 2728 Τίνα
3584 2674 3639 2727 δὲ
3694 2675 3762 2728 τὰ

2181 2764 2366 2828 ὕδατα,
2391 2766 2641 2838 ἐπιφέρει
2667 2767 2997 2836 σαφέστερον
3026 2764 3215 2818 εἰπών·
3259 2763 3355 2829 Ἐξ
3386 2763 3616 2834 ἐχθρῶν
3640 2781 3760 2835 μου

2179 2856 2452 2911 δυνατῶν
2501 2855 2599 2912 καὶ
2622 2857 2692 2909 ἐκ
2737 2854 2857 2908 τῶν
2872 2855 3216 2924 μισούντων
3231 2871 3327 2923 με,
3353 2853 3443 2907 ὅτι
3484 2854 3760 2922 ἐστερεάμ

2179 2951 2376 3015 θησαν
2410 2947 2564 3015 ὑπὲρ
2591 2947 2715 3016 ἐμέ.
2741 2944 3136 3015 Προέερθασάν
3157 2955 3236 3016 με
3263 2946 3333 2999 ἑν
3365 2944 3555 3014 ἡμέρᾳ
3575 2947 3760 3000 κακώα

2179 3041 2332 3108 σεώς
2364 3058 2502 3111 μου.
2539 3041 2652 3095 Καὶ
2676 3039 2850 3093 ταῦτα
2881 3039 2937 3092 δέ
2972 3039 3032 3092 τὸ
3065 3038 3288 3109 Πνεῦμα
3319 3038 3380 3091 τὸ
3418 3038 3571 3107 ἅγιον
3597 3038 3760 3107 εὐαγο

2177 3133 2448 3202 γελίζεται
2475 3133 2638 3186 αὐτὸν
2670 3131 2960 3186 ἀναλαϐεῖν
3019 3132 3081 3184 ἐκ
3109 3130 3219 3185 τῶν
3271 3125 3479 3184 πολλῶν
3529 3130 3756 3195 ὑδάτων,

496 3227 653 3297 aquis
680 3227 884 3289 multis,
912 3226 1330 3297 libertatemque
1358 3235 1578 3282 nactum
1614 3244 1679 3284 ex
1708 3231 1948 3288 inimicis
1978 3235 2068 3304 qui

2181 3221 2488 3298 ἐλευθερίαν
2516 3226 2573 3279 δὲ
2611 3225 2712 3297 τὴν
2737 3225 2844 3278 ἀπὸ
2881 3224 2988 3277 τῶν
3025 3223 3234 3295 ἐχθρῶν
3260 3223 3370 3276 τῶν
3397 3223 3562 3277 πάλαι
3586 3239 3757 3276 κατα-

495 3321 673 3390 ipsum
708 3318 837 3374 olim
859 3319 1086 3388 imperio
1109 3321 1394 3374 subactum
1422 3336 1523 3376 suo
1560 3322 1926 3380 detinuerant.

563 3407 731 3466 Vens.
779 3409 871 3469 21).
905 3409 996 3465 21.
1046 3407 1117 3463 Et
1173 3409 1345 3479 factus
1369 3420 1444 3466 est
1497 3412 1753 3468 Dominus
1810 3426 2073 3485 protector

493 3519 659 3556 meus.
687 3501 756 3555 Et
781 3503 961 3556 eduxit
998 3519 1078 3556 me
1103 3504 1158 3556 in
1183 3504 1542 3569 latitudinem,
1569 3507 1773 3561 salvum
1810 3526 1890 3562 me
1913 3510 2073 3579 faciet

492 3595 742 3664 quoniam
773 3595 933 3648 voluit
959 3611 1058 3648 me.
1092 3593 1159 3646 Et
1179 3595 1430 3648 retribuet
1451 3595 1578 3649 mihi
1602 3595 1862 3652 Dominus
1888 3616 2072 3653 secun-

493 3687 910 3756 dumjustitiam
956 3704 1148 3744 meam.
1200 3687 1336 3742 Cum
1393 3688 1820 3756 confessionem,
1868 3692 2068 3762 inquit,

495 3796 686 3849 preces
715 3788 769 3835 et
795 3781 1226 3851 supplicationes
1257 3797 1407 3836 meas
1426 3782 1536 3852 jam
1561 3784 1875 3839 exaudisset
1903 3785 2067 3852 Deus,

493 3870 673 3925 factus
700 3879 784 3925 est
809 3877 1087 3940 protector
1139 3886 1313 3926 meus.
1356 3871 1439 3926 Me
1485 3873 1685 3942 quippe
1727 3875 2072 3931 subversioni

492 3974 548 4021 et
573 3967 747 4020 ruinae
771 3965 973 4034 ingenti
1005 3966 1337 4033 proximum,
1363 3965 1406 4020 si
1432 3967 1650 4036 quidem
1694 3977 1819 4038 post
1871 3982 2069 4040 pecca-

491 4063 610 4111 tum
667 4056 722 4109 in
782 4055 1142 4110 defectionem
1227 4059 1444 4126 penitus
1495 4058 1783 4128 prolapsus
1832 4075 2012 4116 essem
2047 4103 2066 4129 ,

491 4153 679 4200 astans
705 4146 840 4214 ipse,
880 4160 979 4198 ceu
1024 4144 1254 4198 fulcrum
1282 4145 1773 4212 etadl'niniculum,
1821 4151 2066 4218 retinuit,

490 4237 710 4308 quando
733 4241 903 4292 misso
928 4237 994 4290 ad
1015 4252 1099 4291 me
1127 4236 1340 4290 Nathan
1392 4240 1682 4308 propheta,
1731 4243 1798 4298 de
1827 4245 2068 4302 admisso

491 4337 717 4402 peccato
737 4346 824 4385 me
851 4332 1119 4401 cnarguit,
1156 4338 1208 4385 et
1241 4332 1434 4384 erexit.
1489 4330 1601 4387 lmo
1631 4335 1792 4388 etiam
1848 4335 2069 4392 deduxit

489 4439 571 4477 me
602 4423 654 4476 in
670 4421 1038 4487 latitudinem;
1070 4424 1203 4486 sive,
1229 4427 1387 4493 juxta
1450 4422 1860 4496 Symmachum,
1888 4431 1943 4482 in
1984 4407 2060 4484 la.-

489 4506 866 4582 tumspatium.
899 4513 981 4568 Ad
1030 4515 1311 4584 angustias
1367 4514 1569 4584 quippe
1627 4517 1903 4573 redactum
1959 4538 2065 4586 me,

2175 3319 2594 3391 κεκρατηκότων
2621 3317 2786 3373 αὐτοῦ
2817 3317 3090 3386 γενέσθαι.

2248 3413 2354 3468 Καὶ
2403 3413 2638 3483 ἐγένετο
2685 3413 2900 3479 Κύριος
2955 3409 3385 3480 ἀντιστήριγμά
3451 3427 3591 3479 μου.
3644 3409 3754 3462 Kal

2173 3505 2427 3576 ἐξήγαγέ
2446 3523 2522 3575 με
2576 3507 2664 3571 εἰς
2694 3503 3074 3573 πλατυσμόν,
3097 3502 3354 3571 ῥύσεταί
3371 3518 3469 3571 με,
3529 3498 3758 3567 ὄτιὴθέ-

2173 3601 2328 3670 λησέ
2344 3618 2438 3670 με.
2485 3598 2594 3653 Καὶ
2647 3595 3062 3652 ἀνταποδώσω
3087 3613 3189 3665 μοι
3222 3597 3436 3663 Κύριος
3466 3593 3615 3647 κατὰ
3644 3591 3758 3661 τὴν

2172 3691 2567 3755 δικαιοσύνην
2579 3706 2719 3759 μου.
2763 3687 2900 3757 Ἤδη
2931 3686 3050 3758 μὲν,
3106 3685 3260 3756 φησὶ,
3306 3686 3404 3755 τῆς
3428 3683 3757 3753 ἐξομολογή-

2175 3782 2310 3846 σεώς
2337 3801 2434 3854 μου
2462 3783 2552 3835 καὶ
2571 3781 2679 3835 τῶν
2709 3778 3024 3849 προσευχῶν
3051 3777 3146 3831 καὶ
3185 3778 3294 3830 τῶν
3339 3774 3626 3846 ίκετηρίων
3658 3776 3756 3826 ἐπ-

2174 3875 2416 3939 ακούσας
2448 3876 2476 3926 ὁ
2514 3874 2738 3946 Κύριος,
2775 3871 2966 3940 γέγονέ
3003 3889 3092 3942 μοι
3148 3869 3569 3939 ἀντιστήριγμα.
3604 3866 3753 3921 Μέλ-

2171 3968 2329 4022 λοντα
2357 3968 2463 4040 γάρ
2497 3985 2560 4039 με
2594 3967 3038 4040 περιτρέπεσθαι,
3068 3964 3163 4018 καὶ
3192 3963 3333 4033 μέγα
3381 3961 3582 4031 πτῶμα
3631 3959 3754 4013 ὑπο·

2175 4063 2378 4134 μένειν,
2406 4065 2454 4115 εἰ
2489 4061 2626 4132 μετά
2654 4059 2750 4130 τὴν
2779 4060 3052 4132 ἁμαρτίαν
3093 4059 3171 4120 εἰς
3201 4055 3436 4126 παντελῆ
3464 4053 3751 4118 ἐξέπιπτον

2171 4153 2526 4219 ἀποστασίαν,
2569 4155 2729 4217 αὐτὸς
2761 4151 3046 4225 παραστὰς
3067 4149 3296 4222 ἔρεισμά
3344 4164 3435 4218 μοι
3484 4146 3577 4200 καὶ
3603 4146 3752 4200 ἀντι-

2171 4240 2462 4319 οτὴριγμά
2487 4247 2728 4315 γέγονεν,
2784 4243 3040 4314 ὁπηνίκα,
3089 4231 3185 4295 τὸν
3244 4238 3408 4293 αὑτοῦ
3466 4238 3750 4308 προφήτην

2169 4339 2356 4393 Ναθάν
2386 4339 2626 4410 πέμψας,
2659 4336 2879 4407 ἔλεγχόν
2910 4353 2998 4407 μοι
3044 4337 3290 4405 ἐπήγαγε
3318 4333 3418 4402 τῆς
3451 4329 3746 4402 ἁμαρτίας,

2169 4431 2264 4485 καὶ
2304 4430 2647 4502 ἀνῶρθωσεν.
2693 4428 2851 4480 Ἀλλά
2909 4428 3002 4481 καὶ
3035 4424 3329 4494 ὲξήγατέν
3366 4439 3442 4492 με
3486 4425 3574 4487 εις
3603 4423 3749 4474 πλα-

2169 4522 2420 4591 τυσμόν,
2447 4522 2542 4575 καὶ
2570 4523 2656 4587 είς
2687 4521 3072 4589 εὐρυχωρίαν,
3109 4515 3251 4571 κατά
3294 4515 3386 4568 τὸν
3431 4514 3747 4584 Σύμμαχον.

487 4623 553 4662 ac
574 4621 744 4676 prope
775 4607 842 4660 de
869 4607 1044 4660 salute
1072 4622 1189 4660 mea
1213 4607 1620 4677 desperantem,
1674 4613 1873 4682 eripuit
1913 4630 1976 4668 ac
2007 4614 2061 4668 in

2174 4613 2646 4685 Στενοχωρηθέντα
2673 4613 2781 4683 γάρ
2817 4629 2905 4683 με,
2935 4611 3029 4664 καὶ
3066 4607 3262 4680 μικροῦ
3295 4608 3405 4661 δεῖν
3443 4605 3749 4673 ἀπογνόντα

484 4696 828 4753 latitudinem
851 4695 1060 4762 eduxit,
1124 4706 1182 4749 ut
1232 4697 1287 4750 in
1338 4698 1502 4754 latius
1535 4703 1774 4771 spatium
1803 4705 2059 4771 deducto,

482 4788 784 4857 recipiendi
823 4788 929 4842 mei
975 4804 1039 4841 ac
1090 4790 1317 4844 vulnera
1367 4793 1600 4849 sollicite
1649 4797 1874 4851 curandi
1904 4799 2059 4869 copia

482 4879 670 4933 fuerit.
699 4877 970 4932 Caeterum
994 4879 1038 4932 is
1065 4894 1148 4933 me
1199 4895 1426 4944 prorsus
1464 4884 1738 4948 liberabit,
1791 4901 1854 4942 ac
1877 4890 2061 4946 delicti

480 4975 692 5027 veniam
709 4972 990 5038 concedet,
1015 4981 1257 5042 tempore
1290 4977 1555 5034 adventus
1583 4979 1689 5041 sui,
1726 4981 1817 5050 qui
1856 4982 1907 5036 in
1925 4986 2062 5038 vati-

479 5061 624 5116 cinio
646 5063 838 5116 fertur.
864 5064 1044 5134 lisque
1067 5081 1152 5119 me
1187 5067 1465 5122 beneficiis
1489 5070 1760 5125 devinciet
1775 5071 2057 5142 Dominus,

477 5155 729 5221 quoniam
781 5155 946 5210 voluit
971 5174 1090 5212 me:
1123 5167 1217 5213 aut
1268 5162 1570 5216 secundum
1605 5163 1881 5233 Aquilam,
1937 5185 2062 5238 quo-

477 5247 624 5300 niam
675 5248 838 5302 votui!
865 5250 1050 5315 inme;
1081 5268 1260 5322 neque
1289 5255 1434 5308 enim
1460 5258 1863 5315 convertendus
1881 5275 2055 5326 eram,

478 5355 657 5409 neque
693 5343 1076 5411 coarguendos
1126 5345 1193 5399 de
1239 5353 1486 5416 peccato,
1544 5363 1722 5418 neque
1756 5349 2054 5406 mittendus

475 5432 545 5486 ad
577 5449 661 5488 me
682 5436 966 5506 propheta,
996 5437 1100 5492 nisi
1149 5455 1236 5493 me
1275 5439 1482 5494 salvum
1553 5440 1732 5497 facere
1767 5444 2050 5500 voluisset.

474 5521 544 5574 At
571 5523 716 5576 enim
769 5526 918 5588 novi,
954 5541 1018 5580 ac
1066 5543 1388 5596 persuasum
1431 5530 1590 5599 plane
1642 5531 1836 5595 habeo,
1872 5536 2051 5604 ipsum

475 5621 721 5683 tempore
743 5616 878 5685 justi
908 5618 1104 5686 judicii
1132 5620 1239 5680 sui,
1269 5623 1472 5689 peccati
1495 5621 1598 5675 mei
1628 5631 1683 5676 et
1718 5625 2046 5692 facinorum,

474 5720 597 5774 quze
635 5707 688 5760 in
735 5708 821 5763 die
873 5711 1105 5766 miseri-3
1151 5729 1282 5767 mete
1339 5719 1668 5783 perpetravi,
1722 5720 2052 5775 mentionem

544 5887 589 5917 τ’
617 5885 812 5951 Ειιῑιεε.
842 5906 905 5954 ιι,
941 5891 1029 5946 το.
1108 5893 1152 5925 ⁷³
1186 5891 1331 5949 Psal.
1373 5909 1560 5963 uvm,
1592 5894 1648 5963 2,
1685 5896 1743 5954 5.

2170 4703 2362 4757 ἐαυτοῦ
2393 4703 2490 4773 τὴν
2555 4702 2847 4773 σωτηρίαν,
2909 4700 3175 4771 ἐρρύσατο
3200 4699 3292 4752 καὶ⁵
3319 4701 3414 4761 εἰς.
3433 4695 3748 4766 πλατυσμδν

2170 4795 2456 4866 ἐξήγαγεν,
2490 4795 2566 4858 ὡς
2615 4795 2755 4848 κατὰ
2784 4793 2984 4856 πλάτος
3017 4792 3300 4861 δυνηθῆναι
3357 4789 3590 4860 ἐμαυτὸν
3618 4790 3744 4842 ἀναν

2169 4888 2370 4951 λαϐεῖν,
2396 4888 2489 4941 καὶ
2515 4889 2612 4958 τῆς
2644 4887 2877 4958 ἐμαυτοῦ
2913 4884 3209 4957 θεραπείας
3249 4883 3564 4953 ἐπιμέλειαν
3591 4881 3746 4950 ποιή-

2165 4981 2380 5034 σασθαι.
2417 4981 2562 5050 Πλὴν
2587 4980 2721 5032 ἀλλὰ
2744 4980 2838 5032 καὶ
2859 4978 3134 5041 παντελῶς
3182 4976 3402 5049 ῥύσεταί
3433 4994 3519 5047 με,
3559 4975 3744 5046 φησὶν,

2161 5073 2334 5138 διδοὺς
2360 5073 2552 5143 ἄφεσιν
2577 5073 2678 5144 τῆς
2707 5073 2979 5145 ἁμαρτίας
3002 5073 3144 5125 κατὰ
3198 5072 3288 5125 τὸν
3333 5067 3744 5142 πρυφητευόμε-

2165 5185 2252 5222 νον
2287 5169 2475 5239 καιρὸν
2502 5169 2601 5238 τῆς
2635 5165 2798 5220 αὐτοῦ
2835 5165 3152 5237 παρουσίας.
3183 5164 3294 5217 Καὶ
3325 5163 3483 5216 τοῦτο
3528 5163 3743 5231 ποιήσει

2163 5260 2467 5332 εὐεργετῶν
2497 5277 2564 5331 με
2613 5261 2641 5311 ὁ
2696 5258 2919 5330 Κύριος,
2976 5257 3065 5310 ὅτι
3116 5255 3384 5324 ἠθέλησέ
3401 5272 3498 5325 με·
3537 5255 3570 5326 ῆ
3603 5255 3743 5308 κατά

2160 5353 2253 5406 τὸν
2297 5352 2547 5415 Ἀκύλαν,
2597 5351 2689 5405 ὅτι
2733 5349 3033 5418 ἐϐουλήθη
3085 5351 3157 5403 ἐν
3207 5349 3371 5418 ἐμοί·
3415 5347 3476 5400 οὐ
3509 5347 3617 5417 γὰρ
3677 5345 3744 5400 ἂν

2160 5445 2543 5516 ἐπεστράφην,
2591 5445 2700 5498 οὐδ’
2763 5445 2830 5498 ἂν
2891 5443 2980 5496 τὸν
3038 5441 3257 5513 έλεγχόν
3309 5458 3398 5513 μοι
3454 5439 3776 5509 προσήγα--

2158 5553 2287 5605 γεν,
2349 5536 2544 5590 οὐδ’ἃν
2583 5536 2674 5589 τὸν
2719 5536 3004 5607 προφήτην
3057 5531 3249 5587 ἐαυτοῦ
3307 5531 3443 5603 πρὸς
3499 5530 3600 5600 ἐμὲ
3633 5529 3741 5583 ἀπ-

2160 5627 2430 5691 εστάλκει,
2465 5629 2511 5679 εἰ
2547 5626 2620 5698 μὴ
2655 5627 2824 5680 σῶσαί
2886 5645 2952 5697 με
3001 5624 3208 5696 ἤθελεν.
3253 5618 3326 5677 Εὖ
3368 5622 3424 5676 δὲ
3477 5617 3596 5674 οἶδα
3647 5617 3740 5673 καὶ

2162 5719 2405 5790 ἀκριϐῶς
2453 5719 2776 5790 πέπεισμαι,
2818 5721 2896 5773 ὅτι
2956 5717 3095 5774 κατὰ
3138 5717 3222 5772 τὸν
3281 5713 3470 5786 καιρὸν
3508 5713 3608 5785 τῆς
3657 5709 3738 5769 δι’
