4094 6378
342 413 427 472 ΙΠ
1439 407 1953 464 COMMENTANA
1992 406 2060 462 IN
2099 405 2441 465 PSALMOS.

3467 409 3581 465 ηε·

339 529 645 600 ιαιοκρισίας
676 513 862 591 αὑτοῦ,
916 527 977 578 οὐ
1029 523 1407 595 μνημονεύσας
1441 541 1542 594 μου
1581 524 1680 595 τῆς
1711 524 1895 594 ἀμαρ-

1997 520 2206 574 nullam
2267 519 2542 576 facturum
2597 535 2752 585 esse;
2811 518 2908 576 sed
2968 518 3253 575 secundum
3305 505 3580 588 iustitiam}

337 617 435 681 τίας
457 616 543 669 καὶ
573 614 680 668 τῶν
700 613 1080 685 τολμηθέντων
1106 607 1281 683 μοι-ὲν
1308 613 1491 684 ἡμέρᾳ
1517 612 1895 684 ταλαιπωρίας

339 727 440 780 μου,
471 707 618 762 κατὰ
657 706 772 775 τὴν
803 705 1202 772 δικαιοσύνην
1250 721 1371 774 μου
1425 703 1726 758 ἀποδώσει
1769 720 1891 773 μοι.

337 800 428 864 Tit;
442 799 541 870 γὰρ
567 798 732 861 ἄλλας
768 815 868 867 μου
897 796 1126 867 πράξεις
1155 795 1256 859 τὰς
1285 796 1344 849 ὲν
1368 796 1539 867 ἀρετῇ
1568 796 1664 848 καὶ
1688 795 1895 848 δικαιο-

337 890 467 962 σύνη,
502 887 689 959 ὥσπερ
726 889 783 939 ἐν
826 887 1068 960 τρυτάνῃ
1103 886 1198 939 καὶ
1228 884 1378 956 ζυγῷ
1417 883 1891 955 ἀντιπαραλασὼν,

336 983 410 1036 καὶ
429 980 748 1050 ἀπιστήσας
772 977 852 1048 τῷ
883 979 1100 1049 ἀμαρτή
1111 977 1239 1048 ματί
1274 975 1556 1046 μου,κατά
1581 975 1717 1028 πολὺ
1745 975 1896 1029 πλεο-

332 1071 568 1136 ναζούσας
607 1063 830 1141 εὑρήσει
871 1068 966 1122 τοῦ
1011 1067 1307 1138 γενομένου
1355 1067 1774 1138 ἁμαρτήματος.
1803 1066 1895 1118 Διὸ

334 1161 674 1218 ἁνταποδώσει
711 1177 802 1231 μοι
834 1161 892 1214 ού
922 1158 1043 1213 καθ’
1071 1158 1099 1212 ὃ
1126 1159 1371 1229 ἥμαρτον
1406 1158 1527 1229 (ἤδη
1592 1157 1701 1227 γάρ
1732 1158 1897 1210 ἀντα-

333 1253 532 1315 πέὃωκε,
588 1246 859 1322 μετελθών
914 1266 980 1320 με
1021 1249 1168 1302 κατά
1201 1249 1294 1302 τὸν
1351 1248 1599 1320 παρόντα
1647 1247 1758 1318 βίον
1805 1247 1895 1301 διά

330 1342 420 1396 τῶν
443 1340 859 1395 καταλαϐουσῶν
897 1358 963 1411 με
996 1337 1338 1411 συμφορῶν),
1383 1338 1524 1392 κατὰ
1555 1338 1613 1392 δὲ
1643 1338 1745 1401 τὰς
1780 1338 1893 1391 λοι-

335 1435 422 1498 ait;
444 1433 687 1505 πράξεις,
723 1433 822 1496 τὰς
849 1435 906 1485 ὲν
931 1431 1267 1504 δικαιοσύνῃ,
1297 1429 1565 1484 ἀποδώσει
1607 1447 1697 1500 μοι
1737 1431 1796 1483 ὲν
1826 1433 1892 1501 τῇ

331 1523 485 1594 ἡμέρᾳ
517 1523 621 1593 τῆς
651 1522 816 1576 αὑτοῦ
843 1521 1262 1593 δικαιοκρισίας,
1302 1522 1395 1574 καὶ
1421 1519 1530 1572 τῶν
1562 1520 1761 1592 χειρῶν
1793 1537 1894 1590 μου

331 1616 450 1669 κατά
472 1615 566 1686 τὴν
601 1615 971 1686 καθαριότητα
1007 1613 1105 1685 τὴν
1139 1612 1375 1685 ἀμοιϐὴν
1409 1615 1726 1685 ποιήσεταιο
1758 1612 1896 1665 ἀπέ-

331 1709 479 1761 τλυνα
506 1709 621 1780 γάρ
659 1709 752 1761 τὸν
775 1708 1040 1779 πρότερον
1079 1708 1268 1770 αὐταῖς
1300 1705 1657 1776 ἐγγενόμενον
1689 1707 1858 1775 ῥύπον
1877 1721 1892 1734 ⁸

329 1801 418 1855 Kal
435 1802 646 1870 ἔσομαι
657 1801 897 1870 ἄμωμος
913 1801 1040 1870 μετ’
1060 1800 1271 1862 αὑτοῦ,
1293 1799 1393 1852 καὶ
1413 1798 1757 1868 φυλάξομαι
1777 1795 1894 1851 ἀπὸ

1996 629 2168 667 meam
2199 612 2453 666 retribuet
2487 612 2632 665 mihi.
2664 610 2802 666 Nam
2831 610 2879 668 si
2910 612 3018 666 alia
3055 624 3208 676 mea,‘
3227 625 3352 667 cum
3372 612 3593 669 virtute'

1995 720 2059 759 ac
2085 705 2300 775 justitia
2351 705 2658 775 designata,
2694 720 2862 775 opera
2911 706 3071 776 quasi
3117 704 3184 760 ad
3217 706 3482 760 trutinam
3521 715 3586 761 et

1993 797 2267 852 bilancem
2321 811 2427 850 una
2468 812 2592 852 cum
2649 805 2880 868 peccato
2941 812 3064 852 meo
3121 798 3465 868 appenderit,
3511 813 3578 852 ea

1996 889 2170 943 multo
2220 889 2481 944 delictum
2538 889 2804 945 excedere
2860 889 3180 960 comperiet.
3236 889 3579 961 Quapropter

1995 998 2106 1036 non
2161 982 2464 1037 secundum
2523 991 2808 1052 peccatum
2856 998 3038 1038 meum
3086 982 3354 1038 retribuet
3409 983 3577 1049 mihi;

1992 1071 2106 1141 jam
2153 1072 2354 1142 quippe
2397 1071 2675 1134 retribuit,
2700 1087 2826 1128 cum
2877 1088 2965 1127 me
3005 1071 3196 1127 multis
3237 1072 3290 1126 in
3323 1072 3581 1142 prtesenli

1995 1161 2107 1216 vita
2157 1162 2566 1218 calamitatibus
2621 1161 2838 1228 all'ecit;
2871 1160 2967 1216 sed
3016 1162 3316 1216 secundum
3369 1162 3582 1231 reliqua

1996 1253 2167 1321 probe
2197 1267 2262 1307 ac
2305 1251 2456 1321 juste
2478 1259 2792 1322 perpetrata
2822 1268 2991 1324 opera
3023 1253 3078 1307 in
3106 1252 3194 1308 die
3223 1252 3358 1322 justi
3385 1251 3582 1322 judicii

1997 1343 2082 1397 sui
2121 1343 2394 1398 retribuet
2441 1344 2598 1408 mihi,
2628 1351 2682 1398 et
2743 1359 2942 1399 manus
2972 1359 3124 1400 meas
3168 1346 3238 1399 ob
3287 1345 3584 1414 puritatem

1997 1438 2222 1505 praemio
2250 1437 2479 1491 donabit
2513 1456 2527 1491 :
2564 1436 2713 1508 ipsas
2749 1436 2952 1508 quippe
2980 1451 3010 1489 a
3042 1436 3292 1506 pristinis
3325 1436 3584 1491 sordibus

1997 1525 2144 1580 ablui
2179 1543 2192 1578 :
2225 1525 2295 1579 Et
2315 1543 2403 1580 ero
2438 1526 2813 1581 immaculatus
2835 1543 2955 1580 cum
2998 1542 3080 1592 eo,
3111 1535 3160 1579 et
3191 1525 3474 1580 observabo
3504 1541 3585 1580 me

1999 1614 2064 1669 ab
2087 1616 2367 1688 iniquitate
2388 1634 2524 1672 mea.
2557 1616 2629 1671 Et
2670 1617 2924 1672 retribuet
2953 1615 3081 1670 mihi
3103 1615 3365 1670 Dominus
3400 1633 3586 1671 secun-

1996 1703 2123 1758 dum
2133 1707 2408 1776 justitiam
2443 1723 2613 1762 meam
2640 1715 2689 1760 et
2717 1705 3005 1761 secundum
3025 1705 3312 1776 puritatem
3331 1721 3586 1759 manuum

1999 1815 2238 1853 mearum
2273 1800 2525 1854 retribuet
2555 1800 2702 1855 mihi.

327 1896 420 1964 τῆς
444 1896 696 1964 ἀνομίας
756 1912 900 1963 μου.
950 1895 1060 1949 Kal
1107 1892 1522 1948 ἀνταποδώσει
1554 1908 1655 1963 μοι
1710 1892 1926 1959 Κύριος
1963 1894 2115 1946 κατὰ
2151 1893 2269 1962 τὴν
2309 1893 2712 1962 δικαιοσύνην
2741 1911 2884 1964 μου,
2925 1893 3025 1948 καί
3075 1892 3228 1948 κατὰ
3255 1892 3371 1961 τὴν
3404 1892 3587 1946 καθα-

325 1987 539 2055 ριότητα
566 1985 695 2040 τῶν
721 1985 939 2056 χειρῶν
970 2005 1085 2056 μου
1113 1985 1531 2040 ἀνταποδώσει
1559 2002 1682 2055 μοι.

381 2081 718 2154 Διεξέρχεται
771 2082 901 2152 ἑξῆς
953 2081 1272 2150 καταλέγων
1303 2082 1390 2146 τίς
1419 2078 1488 2154 ἦν
1520 2085 1554 2154 ή
1584 2081 1896 2151 δικαιοσύνη

2079 2076 2326 2134 Subinde
2372 2092 2501 2133 vero
2541 2085 2733 2132 narrat
2767 2091 2889 2148 qum
2918 2077 3080 2131 fuerit
3103 2075 3320 2147 justitia
3348 2076 3492 2148 ejus,
3530 2085 3587 2134 et

330 2173 490 2238 αὐτοῦ,
537 2175 639 2227 καὶ
689 2174 839 2236 ὅπως
894 2172 1242 2244 ἀπεκάθηρεν
1299 2173 1495 2228 ἑαυτοῦ
1535 2173 1635 2238 τὰς
1676 2177 1884 2246 χεῖρας.

389 2269 495 2320 Ὅτι
515 2266 800 2336 ἐφύλαξα
811 2267 918 2331 τὰς
931 2264 1109 2332 ὀδοὺς
1122 2267 1363 2334 Κυρίου,
1377 2268 1474 2322 καί
1488 2269 1600 2322 οὐκ
1613 2266 1890 2337 ἡσέόησα

325 2355 426 2411 ἀπὸ
444 2356 542 2409 τοῦ
582 2354 742 2409 Θεοῦ
764 2373 908 2424 μου.
929 2356 1051 2408 Ὅτι
1087 2355 1286 2410 πάντα
1317 2357 1392 2411 τὰ
1419 2358 1676 2428 κρίματα
1701 2357 1889 2413 αὐτοῦ

326 2446 552 2500 ἐνώπιόν
575 2465 728 2518 μου,
756 2447 856 2500 καὶ
891 2450 963 2500 τὰ
987 2446 1350 2517 δικαιώματα
1388 2447 1576 2502 αὐτοῦ
1606 2451 1720 2503 οὐκ
1772 2450 1890 2504 ἀπ-

322 2538 558 2607 έστησεν
582 2541 695 2593 ἀπ’
715 2539 884 2610 ἐμοῦ.
910 2538 1020 2593 Kal
1043 2538 1255 2608 ἔσομαι
1274 2539 1511 2609 ἄμωμος
1531 2541 1659 2609 μετ’
1682 2540 1890 2604 αὑτοῦ,

325 2629 408 2680 καί
433 2627 777 2698 φυλάξομαι
802 2628 923 2683 ἀπὸ
947 2627 1058 2697 τῆς
1091 2629 1345 2698 ἀνομίας
1363 2647 1502 2698 μου.
1535 2629 1689 2682 Ἐπεὶ
1714 2629 1894 2682 τοίνυν

322 2719 471 2772 ταῦτα
493 2719 843 2790 ἐπορισάμην
868 2721 1107 2791 ἐμαυτῷ,
1136 2721 1290 2792 φησὶ,
1316 2721 1454 2790 μετὰ
1482 2719 1580 2792 τὴν
1600 2720 1892 2793 ἁμαρτίαν,

325 2811 403 2862 καὶ
426 2812 697 2875 τοσαύτας
727 2816 1035 2882 συνήγαγον
1062 2813 1286 2884 ἐμαυτῷ
1315 2811 1634 2883 θεραπείας,
1670 2812 1896 2876 εἰκότως

325 2901 465 2956 πάλιν
494 2901 858 2956 ὲπαναλαϐὼν
877 2903 967 2955 τὸν
998 2904 1159 2958 αὐτὸν
1193 2905 1252 2956 ἐν
1274 2903 1511 2975 δευτέρῳ
1531 2903 1687 2972 λόγον
1711 2903 1854 2974 φημί
1878 2919 1892 2933 ·

328 2995 422 3060 ὅτι,
454 2996 538 3050 διὰ
589 2996 662 3049 τὰ
721 2994 1117 3067 προλεχθέντα,
1174 2996 1286 3051 Kal
1332 2995 1744 3051 ἀνταποδώσει
1795 3013 1898 3066 μοι

326 3086 516 3152 Κύριος
547 3086 706 3139 κατὰ
730 3086 847 3154 τὴν
874 3085 1270 3155 δικαιοσύνην
1303 3105 1446 3157 μου,
1472 3088 1573 3141 καὶ
1603 3088 1758 3142 κατὰ
1785 3087 1900 3156 τὴν

328 3180 708 3247 καθαριότητα
739 3177 859 3231 τῶν
890 3177 1103 3246 χειρῶν
1121 3197 1234 3248 μου
1256 3179 1512 3235 ἐνώπιον
1534 3181 1656 3235 τῶν
1685 3182 1901 3251 690ml-

322 3269 436 3338 μῶν
479 3271 697 3325 αὐτοῦ⁸
748 3271 869 3323 ἀντὶ
905 3269 961 3322 δὲ
996 3269 1110 3333 τοῦ,
1140 3270 1396 3326 ἐνώπιον
1421 3271 1543 3326 τῶν
1577 3271 1902 3342 ὀφθαλμῶν

323 3362 505 3427 αὐτοῦ,
543 3366 571 3418 ό
619 3363 941 3434 Σύμμαχος,
970 3363 1086 3424 τὴν
1112 3364 1364 3433 ἀντικρὺ
1418 3365 1540 3418 τῶν
1580 3366 1902 3434 ὀφθαλμῶν

323 3455 507 3521 αὑτοῦ,
521 3457 816 3521 ἐξέδωκεν.
834 3457 907 3510 Οὐ
933 3456 1042 3527 γὰρ
1062 3456 1366 3528 ἀνθρώπων
1381 3457 1677 3529 ὀφθαλμοῖς
1696 3459 1898 3512 ἐσπού-

321 3542 462 3608 δαζον
515 3547 615 3616 τὴν
675 3545 924 3616 ἐμαυτοῦ
986 3545 1354 3618 καθαριότητα
1411 3547 1713 3614 δεικνύναι,
1773 3548 1895 3602 οὐδὲ

325 3634 447 3691 ὥστε
490 3639 756 3710 ἀρέσκειν
787 3641 902 3701 τοῖς
933 3638 1166 3703 πολλοῖς,
1193 3638 1308 3694 ἀλλ’
1336 3641 1562 3712 ἀντικρὺ
1592 3639 1702 3693 τῶν
1730 3640 1895 3694 αὑτοῦ

322 3727 402 3782 τοῦ
433 3730 617 3802 κριτοῦ
663 3730 963 3801 ὀφθαλμῶν
998 3731 1178 3784 πᾶσαν
1209 3732 1506 3802 ἐποιούμην
1539 3732 1774 3804 σπουδὴν
1795 3731 1896 3802 τῆς

325 3819 539 3890 ἐμαυτοῦ
575 3823 975 3894 καθαρότητος.

380 3915 530 3969 Μετά
564 3917 752 3970 ὀσίσυ
782 3915 951 3982 ὅσιος
979 3916 1120 3985 ἔσῃ,
1144 3915 1246 3970 καί
1270 3908 1422 3986 ξᾰετὰ
1457 3916 1678 3985 ἀνδρὸς
1701 3913 1896 3971 ἀ,θώου

320 4003 490 4073 ἀθῶος
512 4009 631 4076 ἔσῃ
653 4025 668 4038 ·
702 4009 806 4061 καὶ
826 4010 977 4077 μετὰ
999 4009 1290 4064 ἐκλεκτοῦ
1321 4009 1608 4076 ἐκλεκτὸς
1633 4010 1770 4078 ἔσῃ,
1795 4011 1894 4063 καί

315 4098 444 4162 μετὰ
472 4099 781 4167 στρεϐλοῦ
809 4099 1213 4169 διαστρέψεις.
1242 4103 1372 4155 Ὀτι
1402 4100 1484 4155 σὺ
1514 4101 1670 4156 λαὸν
1695 4114 1896 4158 ταπει-

318 4188 412 4241 νὸν
435 4189 682 4258 σώσεις,
731 4191 831 4244 καὶ
877 4193 1224 4263 ὀφθαλμοὺς
1261 4193 1665 4264 ὑπερηφάνων
1693 4207 1896 4250 ταπει-

319 4277 526 4347 νώσας.
547 4284 785 4352 Μήποτε
809 4283 1160 4354 προφητικῶς
1180 4284 1310 4338 λαὸν
1336 4285 1434 4356 μὲν
1451 4285 1702 4338 ταπεινὸν
1723 4283 1823 4356 (1),
1837 4285 1894 4355 ἦ,

317 4371 440 4426 κατά
485 4373 577 4427 τὸν
620 4373 880 4438 Ἀκύλαν,
916 4377 1163 4444 πένητα,
1195 4377 1251 4446 ἦ,
1286 4375 1430 4431 κατὰ
1455 4377 1546 4430 τὸν
1579 4376 1894 4448 Σύμμαχον,

317 4461 490 4529 πρᾶον
532 4465 626 4519 τὸν
652 4466 820 4538 χορὸν
868 4467 1160 4523 αἰνίττεται
1199 4469 1291 4522 τὸν
1331 4469 1724 4524 ἀποστολικόν·
1761 4471 1897 4524 ὑπε-

317 4557 571 4626 ρηφάνους
605 4557 666 4610 δὲ
696 4559 829 4620 τοὺς
860 4557 1027 4612 πάλαι
1061 4560 1422 4631 ἐπηρμένους,
1449 4562 1576 4625 τοὺς
1604 4561 1897 4633 ἀρχιερέας

314 4650 397 4701 καὶ
410 4649 770 4713 διδασκάλους
789 4651 883 4704 καὶ
905 4651 1170 4724 ἄρχοντας
1188 4653 1282 4707 τοῦ
1319 4655 1381 4707 ὲκ
1408 4655 1710 4727 περιτομῆς
1727 4653 1857 4708 λαοῦ
1876 4669 1892 4721 ;

313 4737 394 4803 οὓς
417 4741 581 4795 πάλαι
607 4741 917 4814 ὀφθαλμοῖς
945 4743 1316 4816 ὑπερηφάνοις
1347 4745 1489 4799 κατά
1520 4744 1613 4798 τού
1644 4745 1895 4816 Σωτῆρος

315 4829 453 4901 ἡμῶν
469 4834 854 4905 κεχρημένους
883 4835 1247 4890 ἐταπείνωσεν
1266 4839 1294 4890 ό
1312 4837 1462 4902 Θεὸς,
1479 4838 1536 4890 ἐν
1559 4838 1694 4890 πᾶσι
1716 4836 1896 4901 σώσας

313 4920 391 4975 τὸν
437 4926 600 4979 αὑτοῦ
651 4926 912 4980 ταπεινὸν
947 4929 1040 4981 καὶ
1091 4927 1298 4997 πένητα
1330 4930 1422 4982 καὶ
1452 4931 1644 4999 πρᾶον,
1677 4931 1769 4984 τὸν
1799 4929 1896 4983 τοῦ

314 5012 549 5089 ἃιηῆρος
571 5016 742 5088 ἡμῶν
770 5018 1084 5072 ἀποστόλων
1114 5036 1173 5072 τε
1202 5020 1296 5074 καὶ
1325 5021 1584 5091 μαθητῶν
1617 5022 1766 5076 λαόν.

382 5272 508 5328 Ὀτι
565 5276 653 5329 σὺ
712 5277 949 5346 φωτιεῖς
1002 5278 1111 5332 τόν
1160 5283 1396 5352 λύχνον
1426 5301 1568 5350 μου,
1613 5286 1809 5353 Κύριε,
1862 5288 1896 5342 ό

315 5362 446 5430 θεός
462 5384 608 5435 μου,
627 5369 874 5436 φωτιεῖς
903 5369 970 5423 τὸ
1002 5373 1222 5438 σκότος
1245 5390 1384 5442 μου.
1414 5375 1538 5428 ’Ὁτι
1565 5375 1634 5430 ἐν
1661 5378 1760 5430 σοί
1782 5379 1894 5446 ,ρυ-

313 5453 605 5526 σθήσομαι
659 5459 788 5512 ἀπὸ
835 5461 942 5514 τοῦ
987 5465 1386 5532 πειραττιρίου,
1421 5466 1518 5518 καὶ
1549 5466 1620 5518 ἐν
1661 5465 1740 5532 τῷ
1773 5467 1895 5534 Θεῷ

314 5563 413 5608 μου
440 5550 864 5619 ὑπερϐήσομαι
892 5551 1106 5620 τεῖχος.
1147 5553 1334 5624 Ζητῶν
1369 5555 1424 5608 δὲ
1455 5555 1546 5608 τὸν
1572 5555 1764 5628 λύχνον
1794 5558 1889 5612 τοῦ

315 5635 462 5694 Ααυῖδ
491 5632 656 5710 εὗρον
689 5641 756 5691 ὲν
789 5640 911 5711 ρλα’
940 5641 1137 5712 ψαλμῷ
1163 5642 1458 5716 φερόμενον
1500 5644 1579 5710 τὸ,
1609 5645 1764 5700 Ἐκεῖ
1802 5647 1892 5712 ὲξο

315 5731 564 5786 ανατελῶ
591 5730 781 5799 κέρας
825 5731 904 5798 τῷ
930 5733 1109 5787 Δαυΐδ
1127 5751 1141 5766 ·
1186 5719 1483 5811 ἦζοᾲιασα
1531 5737 1765 5808 λύχνον
1814 5740 1891 5808 τῷ

1991 2184 2099 2240 quo
2125 2177 2284 2239 pacto
2313 2183 2508 2222 manus
2531 2169 2646 2237 ipse
2696 2182 2826 2222 suas
2857 2167 3111 2222 abluerit.

2062 2259 2228 2316 Vens.
2261 2259 2452 2314 22-25.
2482 2259 2622 2326 Quia
2652 2258 2908 2313 custodivi
2940 2259 3051 2312 vias
3075 2257 3308 2324 Domini,
3336 2277 3430 2314 nec
3475 2261 3581 2314 im-

1989 2353 2072 2423 pie
2087 2353 2223 2423 gessi
2243 2369 2275 2405 a
2305 2351 2413 2404 Deo
2443 2367 2578 2406 meo.
2611 2350 2877 2417 Quoniam
2910 2351 3088 2405 omnia
3115 2351 3325 2422 judicia
3380 2351 3497 2421 ejus
3528 2353 3585 2406 in

1991 2453 2269 2515 conspectu
2289 2463 2421 2513 meo,
2439 2454 2488 2500 et
2512 2444 2750 2507 iustitias
2777 2444 2890 2513 ejus
2909 2461 3012 2498 non
3030 2445 3218 2514 repulit
3237 2462 3269 2499 a
3288 2462 3389 2501 me.
3405 2445 3474 2499 Et
3497 2462 3588 2500 ero

1990 2535 2370 2592 immaculatus
2404 2551 2523 2589 cum
2555 2550 2636 2598 eo,
2663 2541 2713 2588 et
2743 2533 3024 2590 observabo
3066 2551 3148 2590 me
3190 2535 3256 2590 ab
3312 2536 3591 2606 iniquitate

1995 2625 2288 2692 mea.Quia
2300 2640 2430 2697 ergo
2453 2635 2574 2695 post
2609 2625 2908 2681 admissum
2939 2626 3120 2681 scelus
3149 2625 3216 2682 iis
3235 2642 3321 2682 me
3342 2627 3590 2684 moribus

1998 2717 2309 2787 composui,
2326 2725 2381 2772 et
2403 2724 2608 2771 tantam
2633 2711 2768 2772 mihi
2794 2718 3020 2773 adhibui
3046 2719 3312 2774 medelam
3340 2735 3591 2786 ;resum-

1999 2821 2092 2882 pta
2126 2809 2299 2880 priori
2324 2809 2625 2873 sententia,
2653 2809 2893 2878 idipsnm
2919 2811 3166 2866 secundo
3199 2819 3468 2881 repetam,
3501 2810 3590 2865 di-

1999 2916 2232 2972 camque
2283 2901 2482 2956 iterum
2520 2917 2535 2954 :
2579 2897 2648 2954 Et
2679 2899 2929 2956 retribuet
2955 2903 3085 2956 mihi
3111 2901 3373 2957 Dominus
3407 2918 3594 2957 secun-

1999 2994 2128 3050 dum
2152 2995 2428 3066 justitiam
2472 3011 2666 3058 meam,
2700 3003 2751 3049 et
2784 2994 3074 3050 secundum
3133 3000 3425 3066 puritatem
3473 3013 3592 3050 ma-

2000 3104 2165 3142 nuum
2219 3103 2459 3142 mearum
2488 3088 2544 3142 in
2589 3098 2870 3156 conspectu
2903 3089 3176 3144 oculorum
3225 3089 3385 3160 ejus:
3430 3087 3592 3158 cujus

2005 3179 2142 3235 dicti
2176 3180 2301 3236 loco
2328 3223 2346 3248 ,
2392 3182 2449 3236 in
2496 3190 2779 3248 conspectu
2825 3184 3100 3237 oculorum
3130 3183 3244 3252 ejus
3291 3183 3374 3238 sic
3427 3180 3592 3237 habet

2006 3269 2394 3344 Symmachus,
2431 3289 2500 3330 ea:
2548 3281 2784 3347 opposito
2812 3276 3086 3332 oculorum
3127 3275 3264 3345 ejus.
3289 3274 3410 3331 Non
3441 3275 3590 3329 enim

2005 3360 2290 3416 hominum
2324 3365 2502 3422 oculis
2540 3365 2836 3436 puritatem
2875 3365 3148 3421 ostentari
3180 3379 3379 3430 meam,
3415 3376 3592 3434 neque

1927 3425 1970 3485 (ἶ
2004 3461 2066 3508 ut
2091 3453 2281 3510 multis
2317 3425 2596 3527 placerem
2628 3457 2685 3513 id
2711 3458 2794 3530 egi
2822 3476 2836 3526 ;
2862 3457 2957 3514 sed
2985 3459 3040 3511 in
3065 3462 3362 3528 conspectu
3395 3425 3592 3510 oculo-

2001 3561 2122 3599 rum
2155 3545 2584 3618 ipsiusjudicis,
2618 3550 2727 3608 mei
2769 3551 3038 3623 purgandi
3071 3565 3262 3605 curam
3295 3557 3351 3605 et
3383 3548 3589 3607 sollici-

1998 3636 2245 3693 tudinem
2265 3637 2459 3696 habui.

2067 3895 2235 3957 Vens.
2309 3900 2516 3958 26-28.
2595 3901 2730 3958 Cum
2795 3912 2978 3958 sancto
3031 3913 3246 3958 sanctus
3308 3903 3458 3968 eris,
3537 3914 3588 3957 et

1997 4009 2118 4046 cum
2151 3994 2265 4048 viro
2311 3994 2583 4048 innocente
2622 3995 2870 4049 innocens
2900 3997 3003 4049 eris
3032 4013 3049 4051 :
3074 4005 3124 4050 et
3153 4012 3271 4050 cum
3296 3995 3458 4050 electo
3483 3996 3589 4049 elec-

1999 4094 2113 4140 ctus
2160 4102 2289 4154 eris,
2320 4094 2371 4141 et
2413 4103 2532 4140 cum
2573 4103 2814 4157 perverso
2849 4092 3178 4158 perverteris.
3214 4090 3480 4158 Quoniam
3530 4100 3588 4143 tu

1996 4176 2249 4245 populant
2275 4177 2526 4232 humilem
2565 4178 2770 4233 salvum
2798 4180 2963 4249 {acies
2988 4221 3003 4245 ,
3024 4190 3084 4257 et
3119 4182 3298 4238 oculos
3336 4181 3589 4252 superbo-

2002 4283 2120 4322 rum
2141 4267 2473 4323 humiliabis.
2514 4269 2713 4326 Annon
2742 4271 3068 4342 praphetico
3104 4289 3256 4329 more
3287 4289 3384 4345 per
3410 4287 3586 4344 popu-

2001 4361 2112 4414 lum
2167 4361 2452 4428 humilem,
2482 4371 2576 4418 aut
2626 4365 2929 4421 secundum
2983 4364 3258 4438 Aquilam,
3287 4382 3586 4438 pauperem.

1998 4460 2116 4518 aut,
2151 4465 2209 4507 ut
2236 4451 2628 4525 Symmachus,
2662 4468 3020 4525 mansuetum,
3055 4459 3284 4514 chorum
3319 4459 3586 4531 apostoli-

1998 4564 2123 4604 cum
2183 4550 2493 4617 adumbrat,
2543 4553 2816 4622 superbos
2875 4561 3055 4609 autem
3105 4562 3265 4610 vocat
3317 4571 3437 4621 eos,
3492 4558 3586 4627 qui

1997 4641 2127 4696 olim
2161 4642 2302 4698 altos
2332 4643 2560 4713 spiritus
2601 4637 2979 4711 assumebant,
3011 4645 3291 4717 principes
3327 4647 3586 4702 sacerdo-

1931 4775 1973 4832 D
2000 4739 2136 4798 tum,
2168 4731 2426 4792 doctores
2457 4751 2521 4791 ac
2555 4737 2908 4809 magistratus
2954 4739 3139 4808 pepuli
3193 4754 3260 4794 ex
3291 4738 3586 4793 circumci-

2003 4823 2199 4878 sione?
2243 4823 2393 4891 Quos
2434 4827 2563 4882 olim
2605 4828 2859 4898 superbis
2910 4829 3086 4885 oculis
3132 4830 3190 4885 in
3245 4826 3583 4884 Salvatorem

2001 4924 2255 4972 nostrum
2291 4919 2651 4990 insurgentes
2687 4922 2998 4977 bumiliavit
3043 4920 3208 4986 Deus,
3232 4935 3295 4976 ac
3322 4920 3583 4978 humilem

2002 5005 2177 5071 illum,
2212 5023 2525 5080 pauperem-
2547 5019 2600 5066 et
2631 5021 2980 5068 mansuetum
3016 5012 3228 5067 salvum
3250 5010 3397 5076 fecit,
3433 5012 3587 5067 vide-

1999 5097 2127 5154 licet
2160 5099 2315 5154 illum
2350 5100 2652 5159 Salvatoris
2686 5104 2879 5166 nostri,
2913 5104 3286 5173 apostolorum
3318 5119 3384 5158 ac
3416 5103 3584 5160 disci-

1997 5191 2251 5260 pulorum
2277 5193 2560 5262 populum.

2069 5279 2232 5336 Vens.
2269 5282 2361 5346 29,
2404 5283 2492 5338 50.
2532 5285 2798 5351 Quoniam
2852 5296 2909 5340 tu
2950 5284 3282 5340 illuminabis
3313 5285 3584 5341 lucernam

1998 5390 2189 5440 meam,
2249 5371 2475 5430 Domine
2518 5375 2661 5431 Deus
2713 5393 2890 5443 meus,
2955 5376 3287 5434 illuminabis
3343 5377 3582 5432 tenebras

1997 5484 2161 5522 meas.
2206 5466 2473 5532 Quoniam
2510 5471 2564 5524 in
2598 5479 2645 5524 te
2671 5471 2871 5540 eripior
2894 5487 2926 5525 a
2958 5471 3268 5535 tentatione,
3295 5479 3347 5526 et
3375 5470 3431 5524 in
3467 5468 3580 5525 Deo

1997 5577 2110 5615 meo
2134 5561 2496 5632 transgredior
2524 5578 2752 5615 murum.
2787 5562 2925 5618 Cum
2958 5573 3139 5619 autem
3182 5564 3329 5618 illam
3361 5561 3584 5618 Davidis

1998 5652 2277 5706 lucernam
2320 5653 2711 5724 pcrquircrem,
2745 5653 2801 5709 in
2835 5669 3002 5710 cxx."
3031 5657 3243 5726 psalmo
3269 5654 3577 5726 dcprehen~

1998 5742 2089 5797 di:
2122 5741 2246 5797 Illic
2294 5743 2579 5813 producam
2625 5761 2795 5800 cornu-
2820 5745 2992 5803 David
3031 5787 3048 5814 ,
3081 5750 3265 5819 paravi
3306 5748 3572 5802 lucernam

374 5844 443 5913 (l)
482 5841 539 5900 In
566 5843 848 5902 Hebraico
885 5845 1208 5918 legiturtzy,
1249 5848 1304 5908 id
1339 5859 1421 5908 est
1465 5866 1682 5922 Pauper,
1745 5854 1994 5924 objectus.
