4094 6378
424 411 528 470 179

1063 408 1335 466 EUSEBH
1371 404 1849 464 CAESARIENSIS
1887 400 2037 457 OPP.
2081 398 2263 455 PARS
2302 397 2386 452 Ill.
2428 425 2492 438 -ο
2536 393 2948 452 EXEGETICA.

3581 392 3681 449 180

419 527 634 582 Christo
673 525 784 580 meo
807 524 869 578 ⁷⁸.
902 522 1148 588 Lucerna
1200 530 1383 577 autem
1427 520 1651 576 Christo
1688 526 1900 590 parata,
1925 532 1991 571 ex

2099 511 2325 579 Χριστῷ
2371 529 2511 580 μου.
2547 509 2763 579 Λύχνος.
2789 508 2845 562 δὲ
2900 507 3317 578 ἑτοιμαζόμενος
3352 506 3430 577 τῷ
3464 506 3686 579 Χριστῷ

423 620 631 675 semine
664 617 835 673 David
866 625 1012 680 orta,
1042 615 1174 687 quid
1210 614 1356 670 aliud
1397 614 1582 678 fuerit,
1617 626 1783 684 quam
1817 610 1999 682 proles

423 710 538 775 illa,
569 725 691 780 quae
719 709 1023 766 secundum
1047 722 1270 763 carnem
1298 723 1365 762 ex
1395 706 1752 762 successione
1778 702 2000 759 Davidis

421 800 642 870 prodiit;
662 816 767 871 qua
799 815 933 856 usus
961 798 1215 855 Christus
1245 800 1337 869 qui
1356 799 1410 851 in
1434 813 1559 853 eum
1586 796 1802 851 Davidis
1832 796 1998 850 fetum

420 891 659 953 advenit,
677 889 1085 946 radiosvirtutis
1106 904 1238 953 sum,
1260 889 1632 956 orientemque
1659 886 1805 939 illam
1823 885 1997 940 lucem

422 979 694 1035 universis
724 979 1040 1034 hominibus
1063 978 1356 1048 splendere
1385 975 1553 1031 fecit?
1586 975 1767 1042 Quare
1782 976 1838 1029 in
1862 990 2001 1045 prae-

398 1066 583 1126 ldictis
616 1072 799 1129 verbis
836 1071 1157 1142 prophetica
1185 1069 1355 1125 David
1401 1069 1477 1123 ita
1522 1069 1767 1139 loquitur
1802 1086 1814 1121 :
1849 1067 2000 1135 Quo-

420 1162 565 1216 niam
598 1174 655 1216 tu
701 1163 1032 1218 illuminabis
1076 1163 1349 1216 lucernam
1397 1178 1589 1223 meam,
1622 1161 1863 1215 Domine.
1916 1159 1998 1215 Tu

419 1254 566 1309 enim
613 1255 732 1325 ipse
775 1254 1063 1320 Dominus,
1099 1255 1301 1325 inquit,
1347 1256 1441 1325 qui
1484 1269 1612 1309 vera
1664 1254 1756 1308 lux
1805 1270 1886 1319 es,
1918 1269 2000 1308 ar-

420 1360 558 1399 cana
602 1346 836 1415 quadam
864 1347 1078 1401 ratione
1122 1347 1302 1399 unitas
1336 1346 1572 1400 lucerna:
1597 1361 1660 1400 ex
1696 1361 1781 1400 me
1810 1346 1996 1415 prodi-

423 1446 579 1501 turaz,
617 1439 792 1508 ipsam
827 1438 1161 1494 illuminabis
1181 1456 1195 1504 ;
1214 1438 1324 1495 imo
1350 1439 1514 1493 etiam
1543 1438 1821 1501 tenebras,
1842 1439 1998 1508 queis

420 1528 629 1584 oﬁusus
663 1531 790 1583 olim
822 1528 921 1594 fui,
954 1528 1255 1600 dissipabis
1294 1530 1546 1600 penitus,
1580 1539 1640 1585 ut
1675 1546 1744 1585 ne
1776 1531 1997 1602 quidem

421 1620 685 1676 memoria
715 1636 904 1676 earum
950 1629 1189 1676 mentem
1232 1622 1427 1677 subeat
1468 1637 1663 1678 meam.
1713 1622 1998 1693 Probeque

422 1711 569 1776 novi,
598 1727 686 1765 me
731 1712 783 1765 vi
815 1721 977 1782 atque
1024 1712 1221 1768 robore
1255 1720 1349 1769 tuo
1396 1714 1746 1779 instructum,
1778 1731 1996 1769 murum

423 1803 573 1856 illum
617 1803 898 1864 cmlestem
943 1814 1417 1875 transgressurum
1448 1821 1573 1861 esse
1608 1826 1620 1861 :
1659 1814 1823 1876 atque
1865 1815 1997 1861 tunc

422 1895 476 1946 in
506 1901 625 1948 tuto
654 1896 889 1963 positus,
922 1896 1153 1950 salutem
1190 1912 1255 1950 ex
1287 1905 1340 1951 te
1372 1911 1701 1966 consequar.
1732 1896 1859 1953 Si-ve
1892 1897 1997 1952 hoc

422 1991 580 2051 pacto
610 2002 623 2038 :
658 1982 1055 2056 Transgrcdiar
1092 1986 1504 2057 transiliamque
1533 1987 1718 2042 omnia
1755 1988 1997 2044 hostium

394 2076 783 2143 .munimenta,
814 2086 869 2134 et
911 2094 1070 2150 sepes
1111 2088 1279 2151 atque
1318 2096 1559 2145 murum,
1594 2095 1756 2149 quem
1805 2080 1861 2134 in
1890 2081 1999 2136 cir-

422 2169 574 2224 cuitu
611 2186 753 2236 meo,
788 2181 846 2225 ut
882 2171 1239 2237 intercludar,
1270 2182 1481 2229 struere
1520 2180 1796 2244 satagunt.

489 2256 657 2314 Vnus.
682 2261 773 2325 5i,
809 2262 898 2316 52.
931 2262 1072 2318 Deus
1103 2280 1269 2329 meus,
1297 2265 1574 2334 impolluta
1606 2266 1691 2319 via
1720 2266 2003 2335 ejus:elo«

419 2353 545 2407 auia
597 2350 810 2407 Domini
844 2355 961 2425 igne
991 2356 1321 2423 examinata,
1352 2366 1615 2426 protector
1657 2368 1734 2413 est
1766 2359 1998 2412 omnium

420 2448 746 2515 sperantium
777 2450 833 2503 in
863 2466 937 2504 se.
964 2450 1231 2517 Quoniam
1270 2453 1388 2521 quis
1429 2451 1570 2507 Deus
1596 2466 1787 2523 prwter
1814 2454 1999 2509 Domi-

418 2555 545 2601 num
568 2542 593 2594 ?
625 2550 720 2594 aut
742 2542 859 2611 quis
889 2541 1032 2598 Deus
1066 2552 1260 2613 prwter
1289 2543 1457 2598 Deum
1490 2550 1771 2603 nostrum?
1801 2545 1999 2617 lmpol-

422 2631 593 2684 lutam
625 2631 904 2700 praedicat,
932 2633 987 2687 id
1040 2641 1125 2690 est
1175 2634 1535 2704 inculpatam,
1563 2637 1996 2693 administratio-

420 2737 545 2777 nem
578 2723 720 2790 ejus,
744 2739 815 2779 ac
860 2726 1215 2795 providentiae
1260 2727 1645 2783 oeconomiam.
1684 2729 1787 2784 Sed
1833 2731 1996 2784 etiam

418 2814 636 2885 eloquia
663 2816 783 2886 ejus
818 2817 942 2888 igne
970 2820 1303 2886 examinata,
1338 2821 1455 2876 sive
1488 2822 1723 2877 sollicite
1772 2823 1999 2893 probata

418 2907 822 2979 exquisitaque,
856 2926 1035 2981 neque
1067 2913 1300 2969 ulterius
1338 2915 1672 2985 erploranda
1721 2924 1885 2982 sunt;
1912 2919 2001 2979 ni;

421 2999 500 3053 hil
532 2999 736 3070 quippe
764 3001 956 3058 aliena:
985 3005 1229 3061 materia:
1282 3006 1417 3077 ipsis
1465 3007 1760 3064 admistum
1805 3010 1999 3081 depre-

422 3092 662 3149 hendere
690 3101 774 3150 est
817 3114 830 3151 :
867 3097 1051 3165 qualia
1080 3106 1210 3153 sunt
1245 3099 1463 3170 eloquia
1496 3101 1803 3170 sapientum
1831 3104 1997 3174 hujus

2029 1862 2067 1916 Β

2103 604 2166 655 ἐκ
2212 603 2524 674 σπέρματος
2557 600 2721 655 Δαυῖδ
2755 601 2838 664 τίς
2870 600 2936 653 ἂν
2960 600 3166 668 γένοιτο
3194 599 3227 669 ἢ
3262 599 3324 651 τὸ
3351 599 3596 670 γέννημα
3624 598 3687 651 τὸ

2101 692 2242 745 κατὰ
2277 694 2455 765 σάρκα
2483 693 2775 763 γενόμενον
2807 696 2871 745 ἐκ
2909 690 3159 761 διαδοχῆς
3191 690 3371 755 Δαυῒδ,
3407 684 3451 758 ᾧ
3488 690 3686 762 κέχρη-

2100 802 2187 837 ται
2220 786 2249 836 6
2278 787 2511 856 Χριστὸς
2540 787 2597 838 ἐν
2629 784 2778 855 αὑτῷ
2811 784 3119 854 γενόμενος,
3151 784 3245 835 καὶ
3273 782 3371 846 τὰς
3395 783 3495 852 τῆς
3530 784 3688 837 δυνά-

2104 894 2247 947 μεως
2267 877 2427 931 αὑτοῦ
2460 877 2827 949 μαρμαρυγὰς
2851 876 2945 929 καὶ
2971 875 3066 929 τοῦ
3098 875 3275 944 φωτὸς
3303 875 3399 939 τὰς
3423 875 3686 939 ἀνατολὰς

2100 972 2264 1023 πᾶσιν
2297 970 2597 1040 ἐξέλαμψεν
2628 969 2963 1040 ἀνθρώποις;
2987 969 3077 1021 Διὸ
3109 969 3202 1022 καὶ
3232 972 3288 1022 ἐν
3319 973 3430 1031 τοῖς
3462 986 3686 1040 προκει-

2104 1064 2285 1133 μένοις
2319 1062 2669 1136 προφητικῶς
2698 1080 2861 1134 φησιν
2890 1065 2918 1115 6
2938 1063 3129 1116 Δαυτδο
3166 1063 3285 1115 Ὅτι
3333 1061 3415 1115 σὺ
3452 1060 3685 1130 φωτιεῖς

2098 1156 2333 1222 λύχνον
2380 1172 2522 1223 μου,
2561 1156 2757 1222 Κύριε.
2813 1156 2885 1207 Σὺ
2938 1155 3046 1227 γὰρ
3078 1154 3261 1217 αὑτὸς,
3296 1155 3480 1224 φησὶν,
3514 1156 3542 1207 ὁ
3572 1154 3686 1209 Κύ-

2103 1263 2235 1315 ριος,
2269 1246 2331 1298 τὸ
2364 1247 2480 1315 φῶς
2518 1247 2577 1299 τὸ
2627 1247 2875 1317 ἀληθινὸν
2918 1248 3224 1318 τυγχάνων,
3266 1248 3506 1314 ἐνωθείς
3551 1265 3683 1301 ποτε

2099 1339 2423 1409 ἀπορρήτως
2450 1338 2527 1408 τῷ
2556 1338 2615 1403 ἐξ
2656 1339 2788 1409 ἐμοῦ
2821 1340 3171 1411 γενησομένῳ
3229 1340 3426 1413 λύχνῳ,
3464 1345 3685 1411 φωτιεῖς

2100 1431 2260 1484 αὑτόν
2277 1448 2289 1459 ·
2315 1430 2451 1484 ἀλλὰ
2479 1433 2571 1483 καὶ
2604 1433 2663 1484 τὸ
2687 1432 3043 1503 ἐγγενόμενόν
3069 1433 3157 1503 μοί
3188 1451 3317 1486 ποτε
3346 1434 3535 1498 σκότος
3561 1436 3683 1489 τότε

2100 1522 2373 1585 παντελῶς
2406 1522 2696 1591 περιελεῖς,
2726 1524 2801 1586 ὡς
2836 1525 2970 1595 μηδὲ
3020 1527 3238 1597 μνήμην
3280 1527 3444 1580 αὑτοῦ
3479 1528 3684 1583 ἀνιέναι

2098 1614 2190 1665 ἐπὶ
2220 1614 2318 1684 τὴν
2352 1612 2489 1684 ἐμὴν
2521 1613 2778 1667 διάνοιαν.
2804 1611 2876 1667 Εὖ
2908 1614 2965 1668 δὲ
2989 1611 3125 1678 οἶδα,
3158 1617 3261 1681 ὅτι,
3283 1617 3379 1670 καὶ
3410 1618 3509 1689 τῆς
3535 1618 3685 1689 παρὰ

2101 1704 2193 1756 σοῦ
2241 1705 2521 1776 δυνάμεως
2566 1708 2661 1759 καὶ
2706 1707 2887 1778 ἰσχύος
2932 1708 3310 1775 καταξιωθεὶς,
3350 1711 3685 1783 ἐπιϐήσομαι

2100 1795 2193 1848 τοῦ
2246 1799 2304 1850 ἐν
2349 1798 2597 1865 οὐρανοῖς
2645 1799 2889 1869 τείχουςο
2926 1802 2983 1854 ὲν
3031 1801 3265 1870 ἀσφαλεῖ
3286 1820 3345 1855 τε
3372 1804 3683 1874 γενόμενος,

2097 1888 2217 1941 τότε
2251 1889 2350 1959 τῆς
2386 1890 2535 1961 παρὰ
2566 1892 2648 1944 σοὶ
2680 1891 2937 1963 τεύξομαι
2969 1894 3259 1966 σωτηρίας.
3298 1897 3390 1949 "H'
3417 1897 3686 1970 ’Υπερϐή-

2100 1998 2262 2051 σομαι
2304 1984 2397 2036 καὶ
2425 1984 3011 2055 ὑπερπηδήσωνπὰντα
3058 1988 3123 2041 τὰ
3152 1991 3262 2042 τῶν
3311 1990 3519 2061 ἐχθρῶν
3567 1994 3686 2063 ὀχυ-

2103 2073 2331 2145 ρώματα
2362 2076 2456 2129 καὶ
2486 2078 2613 2141 τοὺς
2676 2082 2964 2149 φραγμοὺς
3013 2082 3107 2134 καὶ
3136 2082 3197 2135 τὸ
3239 2086 3436 2153 τεῖχος,
3466 2085 3495 2138 ὃ
3530 2104 3686 2158 περι-

2099 2165 2314 2220 ϐάλλειν
2368 2185 2458 2238 μοι
2502 2171 2582 2233 εἰς
2613 2169 2673 2222 τὸ
2705 2171 3025 2225 ἀποκλεῖσαι
3061 2173 3400 2229 σπεύδονται.

2184 2262 2245 2314 '0
2282 2262 2427 2328 Θεός
2455 2281 2598 2331 μου,
2618 2262 2856 2333 ἄμωμος
2894 2267 2933 2333 ἡ
2979 2265 3120 2333 ὁδὸς
3152 2268 3367 2322 αὑτοῦ·
3402 2269 3476 2323 τὰ
3511 2271 3685 2341 λόγια

2100 2355 2320 2428 κυρίου
2353 2356 2768 2424 πεπυρωμένα,
2800 2359 3263 2428 ὑπερασπιστὴς
3283 2362 3414 2415 ἐστι
3444 2364 3686 2419 πάντων

2099 2424 2217 2496 τῶν
2264 2444 2625 2505 ἐλπιζόντων
2671 2447 2764 2498 ἐπ’
2796 2424 3006 2501 αὐτόν.
3041 2450 3169 2502 Ὅτι
3213 2424 3307 2517 τίς
3340 2453 3485 2519 Θεὸς
3517 2456 3685 2524 πλὴν

2099 2535 2205 2588 τοῦ
2258 2536 2516 2604 Κυρίου;
2556 2537 2593 2605 ἢ
2627 2538 2719 2602 τίς
2763 2539 2907 2604 Θεὸς
2944 2541 3111 2608 πλὴν
3158 2543 3264 2595 τοῦ
3294 2545 3441 2598 Θεοῦ
3476 2546 3681 2615 ripa-iv;

2105 2627 2368 2697 Ἀμωμον
2411 2622 2548 2681 εἶναι
2595 2629 2976 2696 ἀποφαίνεται,
3007 2633 3289 2686 τουτέστιν
3316 2635 3683 2706 ἀνεπίληπτον

2100 2717 2197 2788 τὴν
2234 2718 2496 2788 διοίκησιν
2554 2719 2743 2783 αὑτοῦ,
2792 2721 2885 2773 καὶ
2917 2722 3016 2792 τὴν
3048 2721 3147 2791 τῆς
3196 2725 3448 2794 προνοίας
3481 2727 3682 2779 οἰκονοέ

2103 2809 2249 2880 μίαν.
2296 2810 2454 2864 Ἀλλὰ
2509 2812 2604 2864 καὶ
2654 2812 2722 2865 τὰ
2764 2812 2917 2881 λόγια
2949 2814 3113 2866 αὑτοῦ
3145 2815 3536 2886 πεπυρωμένα,
3567 2833 3683 2869 του-

2097 2903 2245 2954 τέστι
2281 2902 2715 2973 βεϐασανισμένα
2741 2905 2835 2956 καὶ
2862 2904 3298 2976 δεδοκιμασμένα
3316 2925 3328 2936 ·
3348 2908 3446 2961 οὑκ
3473 2907 3587 2979 ἔστι
3620 2926 3679 2961 τε

2099 2993 2280 3057 αὐτοῖς
2331 2994 2657 3063 ἐπισκέψαιο
2720 2996 2840 3048 οὐδὲ
2893 2996 3176 3069 ἀλλοτρίας
3225 2997 3358 3068 ὕλης
3405 3000 3683 3071 παρεμϐε-

2102 3084 2366 3155 ϐλημένον
2417 3104 2469 3139 τι
2523 3088 2580 3140 ἐν
2635 3088 2819 3152 αὑτοῖς
2853 3090 3053 3159 εὑρεῖν,
3094 3093 3251 3143 ὁποῖα
3296 3091 3363 3144 τὰ
3393 3093 3542 3165 παρά
3569 3095 3682 3157 τοῖς

423 3186 630 3249 ειεοιιιιί,
667 3202 788 3256 qua:
818 3188 1057 3257 aliquam
1108 3190 1386 3246 interdum
1434 3194 1732 3263 praeferunt
1765 3195 1997 3267 dignita-

2104 3179 2287 3246 σοφοῖς
2334 3177 2428 3230 τοῦ
2485 3178 2680 3244 αἰῶνος
2714 3180 2902 3233 τούτου
2928 3182 3214 3251 τυγχάνειο
3263 3185 3551 3255 μετέχοντα
3583 3186 3684 3257 μέν

423 3278 495 3331 tis
520 3278 782 3348 speciem,
817 3279 912 3335 sed
941 3282 1089 3336 omni
1124 3283 1405 3353 religionis
1430 3284 1691 3356 despectu
1721 3296 1775 3342 et
1816 3289 2004 3359 impie-

421 3380 533 3424 tate
568 3372 726 3440 plena
756 3382 903 3428 sunt.
936 3374 1078 3440 Quid
1108 3384 1290 3430 autem
1319 3378 1518 3433 docent
1539 3380 1755 3451 eloquia
1778 3382 1866 3435 illa
1903 3381 2003 3437 Do-

422 3461 555 3514 mini
582 3462 705 3533 igne
726 3466 1069 3519 examinata?
1102 3465 1159 3521 Id
1183 3482 1334 3533 sane,
1370 3469 1551 3539 ipsum
1576 3486 1700 3527 esse
1729 3482 2000 3541 protecto-

422 3567 537 3606 rem
587 3555 834 3609 omnium
886 3560 1226 3627 sperantium
1279 3560 1336 3615 in
1393 3578 1472 3626 se,
1501 3578 1565 3618 ac
1620 3565 1831 3621 nullum
1877 3583 2001 3623 esse

423 3642 592 3699 Deum
643 3655 840 3715 praeter
888 3646 1179 3704 Dominum
1225 3660 1497 3719 nostrum,
1532 3657 1743 3711 nullum
1806 3659 1997 3713 fortem

423 3735 529 3790 nisi
569 3735 739 3792 Deum
796 3747 1046 3795 nostrum
1079 3761 1091 3796 :
1118 3751 1282 3813 atque
1317 3745 1439 3801 ideo
1464 3746 1589 3817 jure
1618 3749 1834 3804 dicatur
1865 3767 1995 3821 pro-

423 3833 595 3880 tector
626 3844 751 3884 esse
779 3830 1024 3886 omnium
1049 3835 1388 3899 sperantium
1425 3838 1479 3892 in
1515 3855 1596 3905 se,
1642 3856 1766 3894 cum
1811 3843 1998 3899 nullus

422 3918 650 3986 reperiri
677 3921 849 3989 possit
877 3924 969 3992 qui
1000 3924 1093 3979 tali
1112 3932 1376 3998 tantoque
1398 3936 1693 4001 protectori
1726 3934 1997 3990 obsistere

419 4008 618 4063 valeat.

493 4098 659 4156 Vnus.
689 4102 778 4168 53,
814 4106 902 4161 54.
939 4107 1078 4163 Deus
1113 4113 1202 4179 qui
1241 4115 1513 4184 prwcingit
1552 4132 1630 4170 me
1683 4112 1893 4179 virtute,
1943 4128 1995 4173 et

420 4193 592 4260 posuit
624 4194 1021 4253 immaculatum
1059 4202 1195 4255 viam
1226 4221 1416 4261 meam.
1449 4206 1553 4273 Qui
1582 4209 1796 4278 perfecit
1841 4210 1993 4278 pedes

421 4300 561 4338 meos
596 4294 845 4357 tanquam
882 4307 1175 4359 cervorum,
1207 4305 1256 4349 et
1294 4314 1448 4366 super
1472 4301 1678 4355 excelsa
1730 4320 1844 4356 mea
1873 4315 1989 4358 sta-

420 4383 570 4427 tuens
602 4392 701 4429 me.
742 4376 861 4432 Non
901 4379 1050 4436 iners
1090 4390 1143 4437 et
1185 4386 1418 4449 otiosus,
1452 4387 1649 4457 inquit,
1687 4393 1993 4461 patrocina-

418 4473 702 4537 tur-atque
748 4472 1017 4541 protegit;
1053 4474 1147 4527 sed
1206 4475 1258 4528 id
1314 4481 1560 4533 muneris
1589 4483 1719 4552 agit,
1756 4486 1884 4539 dum
1910 4487 1987 4542 illi

420 4573 615 4614 manus
641 4572 940 4617 conserunt
973 4580 1072 4634 pro
1100 4568 1273 4623 salute
1297 4584 1417 4633 sua,
1437 4581 1495 4625 ut
1530 4574 1664 4628 inito
1693 4582 1990 4637 certamine

422 4650 677 4708 inimicos
711 4653 1003 4709 dcbellent.
1040 4656 1132 4711 Sic
1162 4675 1246 4713 me
1280 4660 1577 4718 virtutibus
1611 4667 1730 4721 suis
1764 4683 1862 4723 ceu
1906 4687 1993 4725 ar-

421 4743 527 4796 mis
571 4743 813 4812 instruit,
855 4761 920 4801 ae
963 4752 1246 4805 mortalem
1289 4752 1693 4825 humanamque
1726 4758 1994 4815 furtiludi-

420 4850 543 4889 nem
586 4852 758 4890 meam
787 4841 962 4908 gratia
993 4856 1090 4895 sua
1121 4842 1437 4910 conﬁrmat;
1473 4852 1531 4899 ut
1552 4848 1710 4916 quasi
1732 4851 1833 4913 vir,
1865 4853 1995 4905 lum-

417 4926 518 4982 bos
569 4926 774 4984 habens
804 4929 1004 4984 virtute
1051 4947 1151 4987 sua
1202 4934 1532 5001 succinctos,
1566 4938 1801 4995 inimicis
1846 4944 1995 4997 obsi-

417 5029 580 5071 stam.
607 5016 715 5073 Sed
743 5021 1210 5089 quemadmodum
1253 5040 1419 5093 supra
1466 5026 1671 5081 dictum
1706 5040 1814 5095 est,
1852 5031 1993 5087 Deus

414 5110 697 5178 impolluta
725 5112 809 5165 via
839 5112 990 5181 ejus;
1016 5115 1092 5167 ita
1124 5130 1208 5170 me
1230 5115 1296 5169 ad
1319 5119 1402 5171 sui
1438 5118 1727 5191 imaginem
1751 5139 1815 5178 ac
1842 5126 1995 5180 simi«

416 5202 701 5258 litudinem
744 5220 869 5261 esse
922 5216 1237 5277 peroptans,
1275 5228 1448 5266 meam
1479 5230 1697 5284 quoque
1725 5217 1869 5271 viam
1903 5235 1995 5288 p0-

415 5295 526 5348 suit
556 5297 984 5364 immaculatum,
1013 5309 1067 5355 et
1095 5301 1367 5368 doctrina,
1396 5306 1619 5363 monitis
1652 5322 1715 5361 ac
1744 5310 1991 5380 cujusvis

415 5388 634 5455 generis
662 5390 995 5461 disciplinis,
1026 5395 1167 5448 viam
1212 5397 1325 5451 sive
1353 5397 1519 5450 vitam
1569 5400 1991 5474 institutumque

414 5492 595 5531 meum
623 5484 914 5550 perpolivit
964 5502 1027 5540 ac
1064 5488 1311 5556 perfecit.
1357 5487 1503 5545 Loco
1537 5490 1706 5557 illius,
1738 5494 1991 5549 immacu-

415 5567 601 5627 latum,
631 5568 849 5640 Aquila,
906 5577 1221 5645 perfectam,
1261 5578 1450 5634 edidit.
1510 5580 1747 5636 Adhaac
1798 5599 1983 5654 porro,

413 5657 627 5726 perfecit
669 5662 822 5729 pedes
866 5682 1005 5720 meos
1050 5677 1299 5738 tanquam
1342 5688 1607 5725 cervorum
1646 5690 1661 5725 .'
1692 5674 1756 5727 de
1788 5677 1983 5745 quibus

480 5774 529 5808 ’δ
547 5777 688 5833 Ρπειι.
720 5794 905 5847 cxxxx,
944 5785 1023 5839 l7.

488 5891 563 5965 (Ι)
592 5895 651 5953 ln
683 5896 951 5960 Hebraiyo
986 5900 1205 5968 legitur,
1248 5912 1408 5964 :an
1447 5944 1462 5973 ,
1496 5905 1639 5977 quod
1671 5911 1751 5961 est
1782 5917 2087 5973 perfet'lam.

2105 3285 2248 3331 τινος
2274 3269 2384 3323 ἔσθ’
2406 3272 2492 3323 ὅτε
2519 3273 2837 3340 φαντασίας,
2872 3274 3052 3345 πάσης
3064 3275 3119 3327 δὲ
3139 3275 3429 3347 ἀθεότητος
3449 3278 3540 3330 καὶ
3560 3278 3683 3331 δυσ-

2107 3362 2319 3425 σεϐείας
2350 3364 2771 3436 πεπληρωμένα.
2807 3366 2871 3418 Τί
2893 3363 2984 3420 οὖν
3010 3370 3077 3420 τά
3125 3369 3494 3440 πεπυρωμένα
3528 3369 3681 3439 λόγια

2102 3454 2197 3508 τοῦ
2228 3457 2432 3527 Κυρίου
2459 3457 2727 3523 διδάσκει;
2762 3459 2836 3522 ὡς
2866 3460 3280 3532 ὑπερασπιστὴς
3319 3464 3433 3514 ἐστι
3466 3462 3681 3516 πάντων

2103 3547 2212 3602 τῶν
2245 3548 2568 3613 ἐλπιζόντων
2602 3552 2690 3603 ἐπ’
2722 3551 2911 3604 αὑτόν·
2952 3552 3048 3605 καὶ
3087 3554 3168 3606 ὃτι
3212 3556 3312 3607 οὑκ
3350 3554 3494 3607 ἐστιν
3526 3555 3682 3619 ἄλλος

2102 3638 2235 3703 Θεὸς
2284 3640 2316 3711 ἢ
2371 3642 2528 3712 μόνος
2561 3643 2589 3694 6
2622 3642 2896 3712 ἡμέτερος
2953 3644 3178 3715 Κύριος,
3214 3642 3320 3699 οὐδ’
3352 3648 3498 3701 ἔστιν
3554 3666 3683 3721 κρα-

2102 3731 2251 3794 ταιὸς
2301 3731 2457 3795 ἄλλος
2487 3731 2519 3801 ἢ
2553 3732 2581 3783 6
2615 3731 2746 3795 Θεὸς
2782 3733 2937 3803 ἡμῶν
2958 3751 2970 3764 ·
3019 3736 3111 3787 καὶ
3143 3736 3231 3789 διὰ
3260 3738 3419 3791 τοῦτο
3456 3741 3683 3804 εἰκότως

2102 3822 2513 3894 ὑπερασπιστὴς
2532 3826 2648 3877 ἐστι
2678 3825 2893 3878 πάντων
2923 3826 3028 3879 τῶν
3049 3828 3372 3892 ἐλπιζόντων
3393 3832 3479 3884 ἐπ’
3495 3834 3680 3897 αὑτὸνδ

2103 3914 2328 3984 μηδενὸς
2379 3917 2565 3988 ἐτέρου
2621 3918 3011 3989 εὑρισκομένου
3040 3918 3132 3972 τοῦ
3159 3920 3455 3992 δυναμένου
3492 3924 3683 3995 στῆναι

2100 4007 2236 4079 πρὸς
2264 4008 2516 4061 τοσοῦτον
2541 4010 2636 4061 καὶ
2670 4010 2931 4063 τοιοῦτον.

2193 4119 2244 4169 '0
2292 4118 2437 4185 Θεὸς
2469 4099 2502 4173 ὸ
2548 4119 2953 4188 περιζὶυιψύων
2970 4138 3047 4191 με
3088 4120 3364 4191 δύναμιν,
3394 4123 3488 4175 καὶ
3514 4124 3681 4177 ἔθετο

2096 4210 2337 4279 ἄμωμον
2400 4210 2515 4279 τὴν
2588 4212 2732 4266 ὁδόν
2784 4230 2937 4283 μου·
2994 4214 3479 4283 καταρτιζὶᾃιενος
3542 4216 3681 4284 τοὺς

2097 4302 2285 4368 πόδας
2324 4320 2443 4371 μου
2483 4303 2625 4357 ὡσεὶ
2669 4304 2930 4373 ἐλάφων,
2962 4304 3060 4357 καὶ
3112 4305 3211 4358 ἐπὶ
3255 4308 3328 4358 τὰ
3386 4307 3514 4375 ὕψη
3558 4325 3681 4377 μου

2096 4393 2281 4446 ἱστῶν
2308 4412 2403 4463 με.
2463 4396 2576 4448 Οὑκ
2622 4396 2935 4466 ἀπρακτών,
2978 4398 3132 4466 φησὶ,
3186 4398 3278 4451 καὶ
3310 4398 3494 4470 ἀργῶν
3544 4416 3677 4471 προ-

2097 4490 2471 4542 ΐσταται⁶καὶ
2531 4489 2925 4560 ὑπερασπίζει·
2992 4490 3127 4543 ἀλλὰ
3187 4490 3276 4545 καὶ
3326 4491 3502 4543 αὑτῶν
3542 4509 3679 4561 συμ-

2100 4578 2444 4649 ϐαλλομένων
2509 4583 2571 4651 τῇ
2628 4580 2803 4632 αὐτῶν
2864 4582 3106 4653 σωτηρίᾳ
3170 4582 3258 4635 διὰ
3321 4582 3411 4635 τοῦ
3485 4583 3680 4651 ἀγωνί-

2102 4670 2288 4734 ζεσθαι
2323 4673 2415 4723 καὶ
2461 4674 2587 4734 τοὺς
2617 4672 2844 4743 ἐχθροὺς
2888 4674 3306 4744 καταπολεμεῖν.
3352 4673 3506 4727 Οὕτω
3549 4674 3678 4742 γοῦν

2101 4763 2189 4814 καὶ
2225 4763 2323 4832 ἐμὲ
2368 4761 2600 4826 ὁπλίζων
2637 4768 2756 4827 ταῖς
2797 4763 2990 4817 ἐαυτοῦ
3023 4764 3302 4834 δυνάμεσι,
3343 4765 3441 4835 τὴν
3478 4765 3678 4837 θνητὴν

2102 4853 2195 4905 καὶ
2226 4852 2571 4924 ἀνθρωπίνην
2598 4871 2698 4923 μου
2729 4856 2881 4924 ἰσχὺν
2912 4857 2978 4926 τῇ
3011 4855 3173 4907 αὑτοῦ
3205 4855 3385 4925 χάριτι
3415 4855 3675 4925 δυναμοῖ’

2096 4943 2163 4997 ἶν’
2214 4942 2401 5015 ὥσπερ
2459 4944 2599 5012 ἀνὴρ
2651 4944 2751 5015 τὴν
2794 4946 2964 5015 ὀσφὺν
3010 4945 3450 5016 περιεζωσμένος
3490 4946 3587 5017 τὴν
3617 4946 3677 5011 ἐξ

2095 5033 2260 5087 αὑτοῦ
2285 5051 2519 5105 χορηγου
2529 5035 2695 5106 μένην
2720 5052 2808 5105 μοι
2831 5036 3056 5106 δύναμιν
3086 5036 3195 5088 στῶ
3212 5036 3346 5106 πρὸς
3368 5038 3493 5099 τοὺς
3519 5036 3674 5090 πολε-

2100 5128 2273 5197 μίους.
2323 5128 2485 5181 Ἀλλὰ
2521 5129 2613 5181 καὶ
2642 5128 2829 5198 ὥσπερ
2854 5129 3066 5198 εἴρηται
3090 5144 3103 5158 ⁸
3148 5129 3208 5181 '0
3242 5130 3403 5195 Θεὸς,
3438 5128 3676 5199 ἄμωμος

2096 5221 2135 5287 ἡ
2170 5220 2311 5287 ὁδὸς
2354 5221 2561 5275 αὐτοῦ·
2590 5220 2763 5284 οὑτως
2792 5221 2910 5274 κατ’
2937 5222 3119 5273 εἰκόνα
3146 5221 3238 5273 καὶ
3267 5221 3388 5275 καθ’
3417 5221 3675 5291 ὁμοίωσιν

2096 5313 2261 5366 αὑτοῦ
2311 5314 2406 5367 καὶ
2443 5315 2543 5384 ἐμὲ
2586 5314 2903 5383 βουλόμενος
2939 5310 3096 5376 εἶναι,
3120 5314 3212 5366 καὶ
3250 5314 3348 5384 τὴν
3390 5313 3527 5384 ἐμὴν
3556 5311 3673 5366 ὁδὸν

2094 5404 2247 5459 ἔθετο
2298 5406 2547 5476 ἄμωμον,
2577 5406 2944 5467 διδασκαλίαις
3001 5407 3095 5459 καὶ
3147 5406 3530 5477 παραινέσεσιν
3579 5407 3673 5457 καὶ

2096 5496 2369 5557 παντοίοις
2406 5495 2688 5565 μαθήμασι
2710 5495 2804 5565 τὴν
2835 5496 2950 5548 ὀδόν
2984 5513 3106 5565 μου,
3133 5495 3373 5549 τουτέστι
3405 5493 3502 5565 τὴν
3528 5497 3672 5567 ζωὴν

2096 5590 2188 5641 καὶ
2221 5588 2311 5640 τὸν
2347 5586 2458 5657 βίον
2494 5588 2719 5658 ἄμωμον
2756 5586 3229 5658 καταρτιζόμενος.
3268 5588 3409 5639 Ἀντὶ
3450 5586 3506 5639 δὲ
3553 5586 3671 5652 τοῦ,

2095 5681 2353 5752 ἄμωμον,
2401 5678 2648 5746 Ἀκύλας,
2696 5680 2923 5735 τέλειοι·
2977 5682 3074 5752 (1η),
3129 5680 3438 5735 ἐκδέδωκεν.
3471 5679 3592 5732 Ἔτι
3614 5678 3673 5732 δὲ
