4094 6378
403 386 507 444 181

1539 390 2043 451 COMMENTARIA
2083 394 2150 451 ΙΝ
2191 394 2529 454 PSALMOS.

3546 400 3649 458 182

398 504 545 576 πρὸς
587 505 816 572 τούτοις,
860 507 957 562 καὶ
1008 508 1151 575 τοὺς
1187 507 1376 575 πόδας
1401 526 1521 579 μου
1562 512 1706 566 ὡσεὶ
1745 513 1979 582 ἐλάφων

2088 514 2262 571 cervis
2293 516 2463 570 multa
2508 517 2563 571 in
2606 515 2807 573 divinis
2847 517 3228 574 instrumentis
3284 517 3552 576 feruntur.
3595 521 3652 577 St

398 601 836 666 κατηρτίσατο·
879 601 1007 669 περὶ
1037 594 1111 654 ὧν
1156 601 1368 670 ἐλάφων
1394 602 1559 667 πολὺς
1591 606 1647 656 ὲν
1673 605 1785 667 τοῖς
1816 604 1982 675 ἱεροῖς

399 690 694 760 πράγμασι
742 689 1079 763 [γράμμασι]
1134 693 1356 764 φέρεται
1392 693 1566 762 λόγος.
1623 695 1745 748 Ἐπὶ
1788 694 1984 766 σχολῆς

396 784 449 837 δ’
476 786 543 839 ἄν
562 803 647 848 τις
661 784 770 837 τῶν
798 785 1163 856 προτεθέντων
1197 786 1476 852 ἐξετάσας,
1522 788 1670 859 ε’ύροι
1702 789 1768 842 ἂν
1805 789 1985 844 αὐτῶν

398 874 495 929 τὸν
538 875 662 929 νοῦν
702 877 1107 948 ἀναφερόμενον
1153 879 1244 931 ἐπὶ
1298 879 1423 944 τοὺς
1476 879 1662 949 ἁγίους
1706 881 1801 935 τοῦ
1849 880 1983 934 Θεοῦ

396 968 624 1039 ἄνδρας,
661 970 787 1032 τοὺς
836 971 1211 1041 ἁναιρετικοὺς
1255 972 1454 1035 παντὸς
1507 972 1838 1043 ὲρπυστικοῦ
1892 975 1986 1028 καὶ

400 1059 613 1113 ἰοδόλου
634 1060 794 1125 ζὼου.
834 1063 987 1115 Ἐπεὶ
1015 1064 1107 1117 καὶ
1132 1064 1232 1134 τῆς
1255 1064 1455 1133 ἐλάφου
1492 1066 1710 1139 τοιαύτη
1743 1067 1986 1138 πέφυκεν

396 1153 432 1221 ἡ
479 1151 658 1219 φύσις,
720 1154 1030 1220 ὀφιοκτόνος
1072 1149 1207 1207 οὖσα
1257 1155 1353 1207 καὶ
1405 1156 1725 1227 ἀναιρετικὴ
1785 1156 1987 1221 παντὸς

398 1245 656 1313 ἑρπετοῦ.
698 1246 1067 1316 Ὀρεινοὸατὲς
1102 1247 1159 1300 δὲ
1205 1248 1266 1300 τὸ
1305 1246 1443 1311 ζῶον
1474 1248 1566 1301 καὶ
1598 1248 1874 1319 δρομικὸν,
1909 1249 1985 1313 ὡς

396 1334 496 1384 καὶ
526 1336 575 1384 oi
611 1334 755 1402 ἅγιοι
782 1333 875 1386 τοῦ
909 1335 1043 1388 Θεοῦ
1075 1335 1143 1389 τὰ
1172 1336 1284 1389 ἅνω
1314 1336 1659 1400 σκοποῦντες,
1693 1340 1787 1391 καὶ
1814 1337 1886 1409 μὴ
1916 1338 1985 1391 τὰ

395 1426 495 1476 ἐπὶ
526 1426 625 1496 τῆς
648 1426 771 1495 γῆς,
806 1429 900 1480 καὶ
926 1426 993 1479 τὰ
1018 1428 1196 1498 ὑψηλὰ
1222 1427 1507 1493 διώκοντες
1524 1468 1537 1493 ,
1574 1429 1722 1500 πόθῳ
1747 1430 1847 1499 τῆς
1876 1428 1984 1482 τῶν

394 1514 641 1583 οὐρανῶν
700 1515 996 1585 βασιλείας.
1045 1518 1155 1588 Τὴν
1190 1518 1325 1590 πρὸς
1384 1520 1510 1582 τοὺς
1560 1520 1748 1587 ἁγίους
1807 1521 1985 1573 τοίνυν

392 1607 693 1678 ὁμοιότητα
746 1608 941 1662 ἑαυτύῦ
994 1610 1087 1662 καὶ
1118 1612 1146 1663 ὁ
1184 1611 1349 1664 Δαυῒδ
1384 1614 1449 1682 τῇ
1485 1611 1578 1664 τοῦ
1622 1612 1753 1665 Θεοῦ
1805 1613 1985 1683 χάριτι

396 1698 719 1769 ἀνατίθησι,
756 1700 933 1768 λέγων
963 1701 1108 1772 ὲξῆςο
1139 1703 1249 1757 Καὶ
1272 1704 1370 1757 ἐπὶ
1404 1705 1475 1758 τὰ
1504 1704 1632 1773 ὕψη
1652 1724 1771 1774 μου
1800 1706 1985 1760 ἱστῶν

388 1808 489 1859 με.
528 1793 593 1844 Ei
623 1792 734 1863 γὰρ
780 1794 873 1846 καὶ
921 1793 993 1846 τά
1042 1794 1272 1864 μάλιστα
1300 1795 1477 1866 ἕτεραι
1510 1796 1792 1851 καθέλκειν
1836 1800 1982 1869 ἡμᾶς

393 1884 494 1935 καὶ
533 1884 918 1949 καταϐιϐάζειν
945 1887 1038 1939 ἐπὶ
1074 1886 1142 1940 τὰ
1174 1887 1308 1959 βάθη
1338 1889 1431 1941 καὶ
1464 1888 1561 1952 τὰς
1591 1866 1981 1960 κοιλάδας
2013 1866 2055 1924 Β

394 1976 596 2039 κακίας
622 1977 919 2045 πειρῶνται
941 1995 955 2007 ⁸
984 1978 1096 2030 ἀλλ’
1117 1980 1146 2031 ὁ
1174 1979 1304 2043 Θεὸς
1338 1981 1370 2050 ἡ
1381 1981 1515 2051 μῶν,
1546 1977 1634 2035 οἷά
1659 1999 1743 2045 τις
1777 1983 1982 2050 ἀγωνο-

392 2067 558 2136 θέτης
592 2068 859 2121 διὸάσκων
885 2071 1031 2139 ἡμᾶς
1060 2070 1298 2138 ἀγαθοὺς
1327 2069 1465 2126 εἶναι
1510 2074 1751 2145 δρομεῖς,
1783 2076 1874 2127 ἐπὶ
1914 2073 1986 2131 τὰ

388 2162 711 2233 κατάλληλα
750 2165 882 2234 ἡμῖν
911 2163 1022 2234 ὕψη
1048 2168 1325 2237 παρορμᾷ·
1355 2166 1518 2220 αὐτοῦ
1546 2185 1605 2220 τε
1636 2170 1668 2239 ἡ
1695 2168 1874 2240 χάρις.
1905 2170 1979 2221 Οὐ

387 2254 503 2323 γὰρ
535 2254 784 2324 ἡμετέρα
810 2254 1040 2325 δύναμις
1067 2257 1279 2327 ἵστησιν
1314 2258 1371 2310 ἐν
1396 2260 1508 2322 τοῖς
1530 2259 1820 2330 ἡμετέροις
1851 2259 1980 2329 ὖψε⁹

390 2361 479 2396 σι·
547 2344 708 2413 φύσει
756 2345 867 2417 γὰρ
923 2347 1210 2418 ἀνθρώπου
1245 2347 1388 2421 ψυχῇ
1431 2350 1492 2403 τὸ
1536 2351 1784 2422 οὐράνιόν
1834 2353 1980 2406 ἐστιν

385 2436 713 2507 οἰκητήριον
733 2455 746 2467 ·
784 2438 878 2490 καὶ
904 2438 974 2491 τὰ
1002 2440 1117 2491 ἐκεῖ
1142 2438 1249 2511 ὕψη
1288 2441 1389 2493 οὐκ
1436 2441 1711 2513 ἀλλότρια,
1742 2441 1859 2495 ἀλλ’
1899 2444 1980 2495 oi-

388 2530 547 2581 κεῖα·
585 2528 686 2593 διὸ,
732 2529 857 2581 Ἐπί
884 2530 960 2583 τὰ
994 2530 1119 2598 ὕψη
1147 2548 1285 2600 μου,
1321 2533 1505 2604 φησὶν,
1528 2532 1711 2586 ἱστῶν
1738 2551 1834 2604 με.

460 2618 778 2673 Διδάσκων
826 2620 1029 2688 χεῖράς
1074 2640 1194 2691 μου
1240 2626 1327 2688 εὶς
1370 2626 1657 2694 πόλεμον,
1700 2625 1799 2678 καὶ
1838 2625 1979 2679 ἔθου

387 2712 579 2777 τόξον
603 2713 874 2780 χαλκοῦν
898 2714 1041 2778 τοὺς
1060 2716 1397 2784 βραχίονας
1421 2734 1541 2785 μου
1563 2756 1575 2769 .
1607 2715 1717 2771 Καὶ
1752 2715 1981 2783 ἔδωκάς

382 2824 487 2875 μοι
508 2805 979 2875 ὑπερασπισμὸν
996 2808 1309 2875 σωτηρίας,
1335 2808 1432 2861 καί
1454 2809 1492 2876 ἠ
1522 2807 1691 2873 δεξιά
1710 2823 1825 2863 σου
1843 2808 1909 2863 ἀφ
1921 2826 1981 2861 τ-

385 2899 640 2953 adferri
681 2917 821 2967 μου.
880 2898 1025 2969 Πρὸς
1075 2898 1282 2962 τούτοις
1327 2900 1529 2954 ἅπασιν
1568 2902 1981 2974 ὑπερασπισμὸν

388 2994 671 3064 σωτηρίας
710 3010 799 3063 μοι
832 2992 1088 3057 δέδωκας,
1116 2992 1206 3045 τὸν
1235 2992 1325 3045 σὺν
1365 2993 1492 3046 Υἱὸν
1520 2993 1885 3064 καταπέμψας
1912 2997 1977 3066 τῇ

390 3086 504 3156 ἰδίᾳ
543 3084 732 3137 ἀσπίδι
786 3082 927 3154 ὑπὲρ
967 3083 1098 3152 ἐμοῦ
1132 3084 1530 3154 μαχησόμενον.
1578 3084 1844 3155 Ἀκριϐῶς
1871 3084 1979 3157 γὰρ

2086 610 2212 681 quis
2242 626 2371 665 vero
2402 627 2500 682 per
2523 612 2695 667 otium
2723 616 3060 685 propositum
3090 625 3468 685 argumentum
3489 634 3651 675 excu-

2085 703 2203 764 tiat,
2227 703 2292 757 ad
2315 713 2533 762 sanctos
2565 706 2656 761 Dei
2686 708 2833 762 viros
2874 724 3179 765 sermonem
3227 719 3472 780 spectare
3499 727 3652 767 com-

2086 796 2278 865 perict,
2311 799 2404 867 qui
2439 807 2720 869 serpentes
2752 816 2942 857 omnes
2980 810 3350 874 venenataque
3400 804 3653 860 animalia

2085 887 2153 943 d'e
2183 888 2362 959 medio
2393 892 2609 945 tollunt.
2633 891 2767 946 Nam
2818 894 2945 948 talis
2987 902 3072 950 est
3107 910 3393 949 cervorum
3434 902 3654 961 natura,

2086 991 2147 1036 ut
2175 992 2459 1053 serpentes
2501 1000 2771 1056 omneque
2808 994 3199 1042 venenatorum
3238 1001 3410 1058 genus
3446 989 3654 1045 interii-

2085 1078 2251 1132 ciant.
2297 1078 2612 1134 Montanum
2646 1079 2775 1134 item
2818 1079 3020 1133 animal
3053 1088 3137 1134 est
3162 1094 3226 1134 ac
3255 1095 3423 1137 cursu
3449 1082 3605 1137 velox
3633 1099 3651 1135 :

2084 1171 2272 1241 quales
2301 1180 2431 1227 sunt
2464 1187 2679 1242 quoque
2725 1172 2900 1227 sancti
2942 1170 3059 1240 Dei,
3086 1171 3179 1241 qui
3218 1186 3453 1241 superna
3528 1190 3664 1247 spe-V

2089 1276 2261 1333 ctant,
2280 1281 2388 1320 non
2419 1273 2656 1329 terrena,
2686 1265 2940 1320 sublimia
2965 1281 3092 1321 vero
3137 1266 3461 1336 qumritant;
3491 1266 3656 1336 idque

2083 1372 2149 1412 ex
2184 1372 2293 1412 uno
2325 1357 2480 1428 regni
2513 1358 2758 1413 caelestis
2788 1372 2995 1412 amore.
3027 1356 3158 1411 Eam
3206 1358 3291 1412 sui
3326 1358 3498 1427 ipsius
3527 1374 3655 1413 cum

2084 1449 2291 1503 sanctis
2327 1448 2743 1503 similitudinem
2768 1447 2873 1501 sibi
2907 1444 3100 1509 David,
3124 1446 3299 1516 gratia
3336 1445 3430 1499 Dei
3458 1446 3656 1512 fultus,

2083 1538 2333 1603 ascribit,
2369 1538 2499 1593 dum
2523 1537 2638 1593 haec
2663 1535 2965 1606 subiungit,
2994 1544 3045 1588 et
3090 1549 3246 1603 super
3285 1534 3493 1589 excelsa
3539 1550 3657 1590 mea

2083 1638 2319 1686 statuens
2354 1646 2455 1684 me.
2483 1628 2601 1684 Etsi
2643 1643 2882 1698 namque
2914 1626 3006 1681 alii
3038 1627 3171 1690 sint,
3222 1626 3316 1695 qui
3345 1642 3446 1682 nos
3477 1626 3532 1680 in
3561 1641 3659 1681 ne—

2084 1722 2270 1793 quitia
2313 1721 2483 1777 valles
2516 1720 2807 1775 detrahere
2856 1734 2921 1773 ac
2961 1718 3232 1773 abducere
3277 1724 3561 1787 satagant;
3600 1721 3658 1770 at

2086 1813 2229 1869 Deus
2270 1818 2478 1877 noster,
2515 1828 2613 1867 ccu
2654 1811 2874 1882 quidam
2934 1810 3294 1864 certaminum
3342 1807 3654 1879 praefectus,

2083 1921 2208 1961 cum
2236 1920 2337 1961 nos
2376 1904 2619 1959 instituit
2652 1911 2712 1956 ut
2741 1902 2870 1955 boni
2902 1915 3159 1954 cursores
3203 1900 3397 1963 simus,
3421 1899 3487 1954 ad
3518 1914 3655 1954 con-

2081 1995 2330 2067 gruentia
2374 1993 2536 2048 nobis
2579 1993 2793 2047 excelsa
2839 1990 3122 2045 concitat:
3158 1990 3392 2060 idipsum
3432 1995 3658 2062 praestat

2081 2089 2202 2158 ejus
2229 2087 2428 2158 gratia.
2461 2087 2649 2156 Neque
2677 2085 2824 2139 enim
2871 2083 3073 2139 virtute
3112 2090 3301 2138 nostra
3336 2083 3394 2137 in
3421 2083 3657 2139 excelsis

2082 2181 2289 2238 nostris
2342 2179 2731 2234 constituimur
2763 2196 2777 2232 :
2808 2176 3047 2232 hominis
3113 2176 3312 2246 quippe
3355 2175 3550 2230 anima:
3587 2190 3657 2229 ex

2082 2280 2278 2327 natura
2309 2286 2409 2327 sua
2444 2271 2668 2325 caeleste
2698 2270 3040 2325 domicilium
3074 2277 3158 2323 est
3194 2287 3205 2321 :
3237 2275 3401 2337 atque
3435 2267 3654 2323 excelsa

2083 2367 2197 2431 illa,
2228 2380 2337 2419 non
2362 2364 2561 2428 aliena,
2588 2362 2682 2417 sed
2714 2363 2934 2432 propria
2967 2361 3072 2430 ipsi
3114 2369 3271 2428 sunt;
3300 2360 3654 2430 quamobrem

2082 2459 2159 2512 ait
2192 2476 2204 2511 :
2250 2455 2419 2524 Super
2447 2454 2658 2510 excelsa
2684 2470 2799 2507 mea
2829 2462 3067 2507 statuens
3102 2468 3202 2506 me.

2152 2636 2321 2692 Vens.
2346 2635 2438 2700 35,
2470 2632 2557 2689 56.
2579 2632 2683 2700 Qui
2710 2630 2855 2685 docet
2894 2645 3081 2683 manus
3112 2643 3255 2681 meas
3285 2624 3354 2679 ad
3382 2625 3649 2695 prwlium,

2082 2740 2132 2785 et
2154 2728 2379 2800 posuisti
2409 2735 2467 2779 ut
2492 2741 2674 2780 arcum
2699 2739 2893 2778 (ereum
2936 2720 3154 2774 brachia
3186 2735 3325 2775 mea.
3356 2718 3426 2772 Et
3455 2718 3648 2774 dedisti

2083 2824 2211 2878 mihi
2236 2820 2608 2892 protectionem
2636 2816 2850 2879 salutis,
2871 2822 2920 2868 et
2944 2812 3160 2867 dextera
3183 2822 3275 2865 tua
3296 2812 3525 2881 suscepit
3547 2827 3649 2867 me.

2082 2915 2164 2970 Ad
2187 2912 2303 2969 haec
2350 2919 2499 2968 certe
2546 2908 2729 2963 omnia
2765 2905 3161 2977 protectionem
3196 2903 3391 2961 salutis
3423 2903 3653 2974 largitus

2082 3007 2215 3063 mihi
2245 3022 2326 3071 es,
2349 3019 2472 3060 cum
2489 3001 2685 3056 Filium
2710 3006 2865 3053 tuum
2896 2997 3093 3053 misisti
3128 2984 3351 3066 proprio
3377 3009 3502 3050 cum
3525 3008 3656 3049 sou-

2084 3109 2140 3155 to
2164 3115 2262 3171 pro
2292 3098 2466 3154 salute
2506 3109 2627 3151 mea
2676 3100 3066 3165 pugnaturum.
3124 3090 3395 3145 Accurate
3447 3086 3647 3144 etenim

387 3179 711 3248 ἐπιστήσεις
734 3175 788 3228 τί
818 3176 947 3229 ποτέ
964 3177 1080 3257 ἐστι
1097 3177 1158 3228 τὸ
1185 3176 1271 3229 διὰ
1300 3177 1481 3247 πάσης
1511 3177 1734 3249 Γραφῆς
1765 3195 1977 3249 προφη-

2084 3195 2268 3249 animo
2326 3187 2631 3262 perpendas
2665 3186 2848 3249 velim,
2899 3183 3169 3254 quodnam
3224 3180 3358 3235 illud
3416 3179 3657 3236 salutare

386 3270 685 3339 τευόμενον
716 3268 982 3338 σωτήριον
1003 3266 1097 3319 τοῦ
1125 3266 1260 3319 Θεοῦ
1292 3266 1419 3338 περὶ
1450 3262 1510 3321 οὗ
1542 3269 1635 3321 καὶ
1669 3268 1892 3338 Συμεὼν
1918 3271 1974 3322 ὲν

386 3362 469 3433 τῷ
504 3359 827 3431 Εὑαγγελίῳ
864 3359 1074 3428 ἔλεγεν·
1125 3360 1248 3413 Νῦν·
1295 3361 1579 3427 ἀπολύεις
1608 3360 1714 3413 τὸν
1754 3360 1978 3415 δοῦλόν

389 3471 536 3518 σου,
570 3453 865 3518 Δέσποτα,
899 3451 1049 3504 κατὰ
1082 3451 1149 3504 τὸ
1172 3450 1337 3520 ῥῆμά
1368 3469 1484 3506 σου
1516 3452 1585 3505 ὲν
1611 3451 1820 3521 εἰρήνῃ
1842 3470 1853 3481 ·
1887 3452 1977 3506 ὅτι

384 3540 558 3596 εἶδον
582 3544 637 3595 oi
660 3541 957 3611 ὀφθαλμοί
980 3557 1098 3608 μου
1131 3539 1193 3592 τὸ
1224 3539 1520 3607 σωτήριόν
1552 3556 1775 3595 σου.-
1794 3540 1902 3593 Καὶ
1942 3540 1975 3608 ἡ

384 3633 562 3697 δεξιὰ
610 3647 726 3686 σου
772 3630 1130 3686 ἀντελάϐετό
1161 3649 1302 3700 μου.
1347 3632 1499 3702 Τάχα
1541 3632 1688 3697 δεξιὰ
1712 3631 1807 3685 τοῦ
1840 3631 1975 3685 Θεοῦ

386 3717 533 3773 εἶναι
583 3720 804 3775 δύναται
835 3722 895 3773 ἐν
1020 3721 1318 3791 ὲστερέωσε
1353 3721 1441 3774 τὸν
1471 3722 1716 3793 οὐρανὸν,
1757 3738 1976 3792 μονογε-

385 3816 488 3886 νὴς
521 3815 712 3882 Λόγος.

457 3909 574 3961 Καὶ
591 3910 631 3976 ἡ
652 3908 889 3962 παιδεία
907 3920 1022 3961 σου
1051 3904 1368 3974 ἀνώρθωσέ
1389 3923 1464 3975 με
1484 3908 1569 3974 εὶς
1598 3908 1791 3973 τέλος,
1818 3909 1914 3961 καὶ
1936 3912 1974 3979 ἡ

384 4001 633 4055 παιδεία
714 4016 831 4054 σου
904 4000 1055 4066 αὐτή
1119 4017 1195 4069 με
1252 3998 1498 4064 διδάξει.
1573 4000 1864 4072 Σύμμαχος
1919 4002 1974 4055 δὲ

384 4093 656 4156 ἐξέδωκε·
695 4092 803 4146 Καὶ
846 4090 915 4146 τὸ
949 4093 1274 4147 ὑπακούειν
1306 4109 1385 4160 με
1416 4091 1670 4158 αὐξήσει
1695 4110 1790 4161 με.
1832 4094 1887 4146 ’0
1919 4095 1975 4147 δὲ

399 4187 659 4250 ’Δκύλας
711 4187 820 4241 Καὶ
871 4186 1204 4255 πραότητός
1255 4200 1371 4241 σου
1427 4185 1735 4255 ἐπλήθυνε
1766 4204 1843 4255 με
1875 4185 1972 4256 (1).

400 4279 785 4346 Ἐπλάτυνας
831 4280 905 4333 τὰ
956 4279 1285 4348 διαϐήματά
1341 4298 1462 4349 μου
1516 4279 1793 4334 ὑποκάτω
1832 4299 1971 4349 μου.

385 4373 470 4427 Τὰ
492 4372 827 4443 διαδήματα,
862 4372 983 4425 καθ’
1018 4372 1053 4427 ἂ
1084 4375 1147 4425 ἐκ
1176 4373 1372 4435 κακίας
1406 4374 1485 4435 εὶς
1530 4372 1750 4444 ἀρετὴν,
1790 4374 1882 4425 καὶ
1916 4373 1975 4436 ἐξ

384 4467 669 4538 αἰσθητῶν
714 4469 807 4520 ἐπὶ
853 4468 1040 4539 νοητὰ,
1073 4469 1166 4521 καὶ
1214 4469 1320 4522 ἀπὸ
1347 4468 1439 4521 τοῦ
1473 4469 1737 4540 παρόντος
1775 4472 1854 4533 εἰς
1882 4470 1973 4522 τὸν

2078 3283 2175 3339 Dei
2210 3282 2301 3345 sit,
2329 3281 2383 3335 in
2413 3279 2582 3334 totius
2624 3274 2920 3345 Scripturae
2958 3269 3231 3327 vaticiniis
3279 3267 3662 3340 prmdicatnm.

2077 3376 2145 3431 de
2177 3390 2285 3445 quo
2309 3372 2528 3426 Simeon
2550 3371 2605 3423 in
2639 3366 2935 3436 Evangelia
2957 3363 3033 3417 ait
3059 3382 3073 3418 :
3100 3361 3256 3415 Nunc
3285 3358 3517 3413 dimittis
3542 3373 3656 3412 ser-

2077 3484 2196 3522 vum
2224 3476 2390 3528 tuum,
2424 3463 2664 3526 Domine,
2690 3458 2974 3515 secundum
3003 3454 3212 3510 verbum
3236 3462 3382 3506 tuum
3408 3452 3465 3505 in
3492 3463 3654 3520 pace:

2076 3558 2200 3628 quia
2224 3555 2460 3610 viderunt
2486 3552 2625 3606 oculi
2661 3551 2762 3604 mei
2791 3548 3027 3603 salutare
3053 3556 3199 3599 tuum
3224 3545 3298 3597 ⁷⁵.
3320 3573 3391 3583 -
3420 3540 3490 3595 Et
3524 3538 3657 3594 deat?

2078 3660 2190 3703 tera
2213 3657 2306 3703 tua
2337 3646 2564 3716 suscepit
2595 3660 2695 3697 me.
2732 3641 2963 3697 Dextera
3001 3636 3096 3692 Dei
3116 3653 3179 3693 ea
3207 3635 3442 3691 fortasse
3465 3632 3655 3699 fuerit,

2075 3757 2184 3814 qua
2236 3741 2470 3796 ﬁrmavit
2498 3737 2723 3801 coelum,
2750 3734 2961 3789 scilicet
3012 3729 3354 3802 unigenitum
3384 3726 3648 3783 Verbum.

2146 3912 2312 3968 VEns.
2347 3912 2437 3965 57.
2481 3909 2549 3963 Et
2578 3908 2859 3978 disciplina
2904 3917 2995 3960 tua
3019 3905 3247 3960 correxit
3274 3920 3359 3958 me-
3384 3904 3440 3957 in
3475 3904 3655 3973 ﬁnem,

2074 4013 2123 4058 et
2150 4003 2437 4071 disciplina
2470 4012 2562 4053 tua
2589 4001 2703 4066 ipsa
2730 4015 2809 4053 me
2834 3996 3054 4051 docebit.
3080 3992 3442 4066 Symmachus
3462 3991 3655 4057 edidit,

2075 4107 2122 4153 et
2152 4096 2293 4167 quod
2336 4093 2587 4150 exaudiat
2631 4110 2713 4147 me
2747 4106 3044 4145 accrescere
3096 4106 3178 4143 me
3234 4087 3431 4159 faciet;
3462 4085 3657 4156 Aquila

2075 4205 2227 4253 vero,
2260 4196 2309 4243 et
2349 4185 2752 4242 mansuetudine
2780 4196 2873 4239 tua
2906 4183 3122 4254 replevit
3166 4198 3266 4236 me.
3298 4212 3368 4220 —
3401 4178 3659 4234 Dilatasti

2075 4299 2285 4354 gressus
2333 4298 2473 4335 meos
2504 4278 2689 4333 subtus
2718 4294 2817 4331 me.
2864 4276 3103 4331 Gressus
3128 4274 3358 4338 scilicet,
3400 4271 3557 4343 queis
3587 4285 3656 4325 ex

2075 4374 2320 4444 nequitia
2344 4372 2409 4426 ad
2441 4371 2723 4433 virtutem,
2764 4386 2829 4424 ex
2862 4366 3316 4423 sensibilibusad
3339 4363 3658 4437 intelligibi-

2076 4465 2171 4529 lia,
2194 4480 2225 4517 a
2249 4461 2507 4534 praesenti
2536 4460 2603 4515 ad
2635 4459 2880 4514 futurum
2912 4458 3171 4514 saeculum
3204 4456 3555 4525 transmigro,
3580 4452 3659 4507 di-

388 4561 659 4630 μέλλοντα
685 4561 857 4613 αἰῶνα
889 4560 1171 4624 διαϐαίνω,
1210 4560 1510 4625 ὲπλάτυνας
1557 4561 1814 4614 ὑποκάτω
1844 4578 1945 4632 μου
1964 4580 1975 4593 ⁸

2082 4556 2267 4611 latasti
2298 4556 2492 4611 subtus
2523 4569 2611 4608 me
2642 4572 2656 4607 :
2687 4552 2780 4623 qui
2802 4552 2938 4605 mihi
2974 4550 3042 4605 ab
3064 4550 3220 4605 initio
3254 4547 3474 4619 angusti
3500 4554 3555 4603 et
3576 4560 3660 4599 ar-

383 4654 511 4708 κατ’
561 4652 737 4723 ἀρχὰς
788 4653 898 4724 γὰρ
945 4652 1104 4705 στενὰ
1142 4654 1235 4707 καὶ
1286 4655 1517 4708 ἐπίπονα
1566 4654 1863 4724 φαινόμενα
1896 4652 1972 4724 τῷ

380 4750 487 4819 τὴν
552 4747 916 4817 τεθλιμμένην
964 4745 1168 4799 ὁδεύειν
1198 4746 1345 4799 ὁδόν·
1387 4747 1642 4818 ὑπεράνω
1683 4746 1866 4800 αὐτῶν
1905 4751 1969 4819 τῇ

382 4838 644 4912 προκοπῇ
690 4838 1074 4909 γεγενημένος,
1128 4838 1495 4893 πλατυνθέντα
1546 4839 1685 4893 αὐτὰ
1741 4839 1969 4893 ἐθεασά-

386 4954 522 5006 μην.
570 4936 630 4986 Ὀ
660 4934 767 5004 γὰρ
810 4932 1070 5003 ἀνωτέρω
1100 4931 1208 4985 τῶν
1258 4933 1549 5003 προκοπῶν
1588 4932 1969 5004 γεγενημένος,

380 5027 464 5096 τῷ
494 5027 590 5079 ἐπὶ
622 5027 771 5088 τέλος
797 5026 1112 5095 ἐφθακέναι,
1147 5026 1329 5079 οὐκέτι
1378 5025 1622 5081 αῐσθεται
1660 5026 1760 5097 τῆς
1794 5026 1972 5079 στενό-

378 5135 572 5188 τητος,
620 5118 727 5171 τῶν
766 5118 940 5177 πόνων
975 5120 1067 5172 καὶ
1095 5119 1331 5190 ἱδρώτων
1369 5118 1477 5172 τῶν
1508 5120 1601 5172 ἐπὶ
1630 5122 1746 5183 ταῖς
1772 5136 1972 5190 προκο-

381 5212 539 5273 παίς,
559 5211 619 5261 ἐν
648 5208 956 5280 εὐρυχωρίᾳ
981 5211 1365 5280 γεγενημένος.
1394 5209 1503 5263 Καὶ
1531 5211 1641 5263 οὐκ
1668 5209 1972 5277 ἠσθένησε

379 5303 457 5355 τὰ
489 5300 639 5381 ἶχνη
691 5320 826 5369 μου.
889 5302 952 5354 Εἰ
1000 5302 1260 5373 διηνεκῶς
1311 5304 1367 5355 ἐν
1399 5301 1477 5373 τῷ
1510 5305 1691 5356 πονεῖν
1735 5303 1968 5367 ἐτέλουν,

380 5393 492 5447 κᾶν
519 5392 787 5463 ἠσθένησε
814 5393 884 5447 τὰ
916 5395 1191 5465 ἴχνηομου,
1227 5394 1473 5448 τουτέστι
1505 5394 1599 5448 τοῦ
1625 5395 1731 5449 ἔσω
1759 5396 1971 5467 ἀνθρω-

380 5502 491 5539 sunt)
545 5485 617 5537 τὰ
666 5485 828 5556 σκέλη
850 5504 863 5516 ’
902 5486 1090 5558 ἐπειδὴ
1143 5487 1277 5558 μετὰ
1300 5488 1426 5551 τοὺς
1459 5488 1597 5558 ὑπὲρ
1634 5489 1836 5559 ἀρετῆς
1870 5504 1971 5540 κα-

456 5642 507 5673 ’⁸
533 5640 666 5695 Luc.
699 5659 759 5708 It,
790 5641 881 5705 29,
912 5643 1001 5698 30.

2079 4648 2173 4703 dui
2204 4648 2306 4703 visi
2337 4653 2488 4709 sunt,
2511 4645 2655 4716 quod
2683 4646 2738 4698 in
2782 4653 2931 4698 arcta
2977 4642 3288 4698 incederem
3312 4643 3433 4707 via;
3471 4638 3567 4695 sed
3601 4637 3656 4692 in

2079 4756 2373 4811 progressu
2401 4739 2655 4809 superior
2693 4738 2802 4791 illis
2840 4736 3089 4800 eﬂ'ectus,
3117 4736 3376 4789 dilatatos
3407 4730 3658 4785 animad-

2078 4832 2240 4888 verti.
2278 4830 2412 4884 Nam
2437 4830 2530 4899 qui
2555 4830 2703 4884 omni
2744 4828 2989 4899 profectu
3027 4827 3278 4899 superior
3300 4826 3495 4889 evasit,
3519 4833 3575 4880 et
3603 4823 3658 4877 ﬁ-

2080 4940 2205 4979 nem
2235 4923 2437 4994 attigit,
2468 4924 2522 4977 in
2561 4923 2673 4976 lato
2702 4922 2882 4992 spatio
2911 4920 3201 4987 deductus,
3236 4918 3543 4988 angustiam
3586 4916 3655 4970 il-

2080 5017 2211 5081 lam,
2252 5017 2488 5080 labores,
2521 5014 2774 5074 sudorcs.
2815 5029 2956 5083 quos
2985 5013 3042 5067 in
3095 5010 3342 5083 profectu
3399 5017 3657 5079 expertus

2080 5116 2217 5174 erat,
2255 5125 2364 5165 non
2395 5109 2537 5162 ultra
2565 5107 2751 5164 sentit.
2789 5105 2855 5159 Et
2884 5124 2987 5161 non
3035 5115 3157 5161 sunt
3197 5105 3471 5173 inﬁrmata
3499 5104 3656 5160 vesti.-

2079 5204 2168 5273 gia
2198 5218 2332 5259 mea.
2360 5201 2475 5258 Etsi
2508 5202 2565 5255 in
2596 5202 2856 5255 diuturno
2896 5199 3083 5253 labore
3126 5202 3396 5260 versatus,
3427 5195 3658 5267 vestigia

2081 5312 2223 5360 mea,
2248 5296 2299 5351 id
2323 5304 2445 5363 est,
2471 5311 2631 5351 crura
2669 5293 2949 5349 interioris
2978 5288 3237 5352 hominis,
3266 5288 3538 5343 inﬁrmata
3567 5304 3657 5344 es-

2082 5400 2236 5460 sent;
2263 5394 2393 5464 quia
2430 5399 2612 5446 tamen
2660 5390 2877 5445 labores
2903 5387 3120 5442 virtutis
3148 5400 3315 5441 causa
3365 5393 3656 5455 susceptos

2078 5487 2235 5558 quies
2254 5486 2477 5556 excipit,
2524 5499 2637 5539 non
2690 5482 3060 5545 iniirmantur,
3113 5477 3207 5534 sed
3258 5475 3656 5533 conﬁrmantur

456 5803 546 5881 (tt
581 5800 638 5881 in
672 5799 937 5856 Hebraieo
980 5800 1276 5872 exemplari
1324 5798 1718 5873 legitur-tamn
1761 5806 1970 5881 1mm,
2003 5796 2147 5868 quod
2176 5804 2256 5853 est
2304 5802 2360 5851 ut
2403 5795 2569 5867 probe
2624 5792 3010 5864 Hieronymus,
3039 5790 3107 5846 Et
3154 5787 3497 5846 mansuetudo
3560 5798 3653 5844 tua

382 5866 760 5946 multiplicauit
796 5888 894 5926 mc.
