4094 6378
432 335 539 396 183

1081 335 1351 395 EUSEBII
1390 338 1870 397 CESARIENSIS
1907 340 2058 399 OPP.
2104 338 2283 400 PARS
2348 342 2433 403 Ill.
2463 377 2530 388 -—
2574 340 2983 404 EXEGETICA.

3592 338 3691 398 186

430 449 661 523 vestigia
695 465 840 518 mea,
871 451 946 507 ita
997 460 1060 508 ut
1092 454 1277 510 dicere
1324 456 1491 513 liceat
1526 476 1540 512 :
1579 455 1647 511 Et
1682 459 1922 513 statuisti
1953 462 2001 514 in

2113 463 2317 533 μάτους
2354 464 2643 519 ἀνάπαυλα
2661 464 2983 535 διαδέχεται,
3010 462 3110 517 οὐκ
3137 462 3374 525 ἀσθενεῖ,
3397 460 3509 516 ἀλλ’
3542 462 3692 532 ισχυ-

428 542 545 596 toco
590 545 821 611 spatioso
860 542 1013 612 pedes
1060 546 1286 599 meos".
1322 542 1438 601 lmo
1494 562 1624 603 vero
1672 549 1768 619 qui
1819 547 2008 605 Jesum

427 634 699 705 sequitur,
736 635 980 705 vestigiis
1013 636 1134 706 ejus
1174 636 1381 693 insistit
1413 657 1426 693 :
1457 640 1718 710 quoniam
1775 641 1832 696 in
1863 642 1950 696 via
1975 657 2007 696 a

422 722 553 781 Jesu
574 726 795 783 Christo
816 727 945 780 trita
979 734 1034 783 et
1064 725 1409 798 frequentata
1442 733 1811 803 progreditur,
1849 734 2005 789 ﬁrma

424 816 693 888 imprimit
729 819 978 889 vestigia,
1014 818 1089 873 ita
1123 827 1181 875 ut
1201 822 1285 877 vel
1320 824 1439 894 ipso
1456 839 1620 894 opere
1642 824 1758 879 haec
1793 822 2004 879 vocife—

423 916 576 964 retur
607 923 621 965 :
653 907 713 964 in
743 914 995 984 angustia
1018 929 1390 971 aerumnarum
1440 934 1545 973 non
1575 925 1698 972 sunt
1728 917 2005 987 inﬁrmata

422 1000 639 1071 vestigia
668 1018 806 1057 mea.

494 1092 659 1149 Vens.
688 1096 776 1151 58.
811 1096 1111 1173 Persequar
1142 1104 1381 1157 inimicos
1413 1120 1554 1159 meos
1579 1110 1628 1159 et
1663 1109 2001 1177 comprehen-

422 1186 547 1241 dam
584 1189 728 1253 illos,
750 1201 927 1246 etnon
957 1205 1232 1249 convertar
1251 1194 1411 1249 donec
1448 1194 1718 1265 deﬁciant.
1751 1197 2003 1271 Confrino

419 1294 542 1348 gam
576 1280 720 1344 illos,
752 1298 845 1336 nec
892 1294 1136 1351 poterunt
1184 1295 1349 1351 stare,
1393 1286 1579 1340 cadent
1632 1288 1812 1344 subtus
1846 1292 2001 1360 pedes

421 1368 583 1425 meos.
624 1369 768 1437 Quot
810 1383 1157 1447 quantosque
1210 1378 1485 1443 inimicos,
1521 1380 1828 1449 opitulante
1866 1382 1999 1448 Deo,

421 1465 730 1531 superavit!
764 1463 831 1518 Et
864 1464 967 1521 hoc
1005 1468 1163 1532 mihi,
1213 1469 1413 1538 inquit,
1454 1469 1579 1524 boni
1639 1486 1733 1540 per
1767 1472 2000 1542 gratiam

420 1569 569 1609 tuam
603 1569 926 1613 concessum
954 1565 1059 1623 est,
1093 1568 1151 1614 ut
1182 1559 1348 1629 pedes
1376 1562 1480 1615 mei
1518 1576 1628 1616 non
1653 1571 2003 1619 coarctaren-

418 1655 531 1710 tur,
560 1662 736 1718 neque
765 1649 976 1705 retibus
1008 1649 1479 1715 inimicorum,vel
1514 1652 1857 1709 oii‘endiculis
1881 1670 2002 1725 qure

417 1740 733 1809 objecerant
764 1741 1137 1813 interciperer.
1168 1744 1265 1800 His
1286 1746 1486 1821 quippe
1515 1747 1771 1802 omnibus
1800 1763 1896 1818 per
1925 1754 1999 1813 te,

2114 558 2411 624 ροποιεῖται
2438 556 2505 610 τὰ
2541 555 2659 629 ῐχνη
2696 574 2820 627 μου,
2847 554 2977 609 ὥστ’
3011 554 3077 609 ἂν
3110 555 3316 608 εἰπεῖν’
3362 553 3471 608 Καὶ
3514 552 3689 620 ἔστη⁶

2109 662 2227 713 σας
2268 648 2337 701 ἐν
2384 646 2699 717 εὐρυχώρῳ
2757 648 2898 715 τοὺς
2938 647 3127 713 πόδας
3158 663 3296 716 μου.
3345 644 3505 699 Ἀλλὰ
3535 644 3631 697 καὶ
3660 646 3689 698 ὁ

2122 735 2294 807 Ἰησοῦ
2329 736 2589 807 ἑπόμενος
2634 734 2988 789 ἐπακολουθεῖ
3017 735 3129 796 τοῖς
3167 733 3368 803 ἴχνεσιν
3402 728 3562 783 αὑτοῦ
3584 745 3597 758 ’
3631 728 3689 795 ἐξ

2107 827 2271 881 αὑτοῦ
2318 826 2411 879 τοῦ
2462 830 2653 881 πατεῖς*
2684 829 2781 899 τὴν
2813 823 3178 899 τετριμμένην
3219 822 3323 875 ὑπὸ
3362 818 3536 892 Ἰησοῦ
3573 817 3689 872 ὁδὸν

2110 921 2304 992 ισχυρὰ
2324 922 2517 974 κτᾶται
2537 920 2604 973 τὰ
2627 921 2733 974 ἴδια
2757 920 2896 991 ἴχνη,
2914 918 2989 982 ὼς
3015 917 3160 990 ἔργῳ
3181 915 3371 985 φάναι⁶
3386 916 3508 970 Οὐκ
3520 913 3694 982 ’ἠσθέο

2105 1026 2260 1079 νησε
2274 1009 2346 1064 τὰ
2363 1012 2503 1083 ῑχνη
2520 1030 2635 1085 μου
2669 1015 2728 1067 ἐν
2756 1014 2820 1083 τῇ
2859 1009 3187 1082 στενοχωρίᾳ
3217 1009 3315 1080 τῆς
3365 1006 3615 1077 θλίψεως.

2174 1103 2528 1169 Καταδιὼξω
2571 1104 2714 1171 τοὺς
2761 1104 3014 1174 ἐχθρούς
3040 1120 3159 1172 μου
3192 1101 3289 1154 καὶ
3339 1098 3686 1167 nardinum-

2100 1212 2208 1266 μαι
2266 1198 2508 1264 αὐτοὺς,
2538 1197 2635 1251 καὶ
2703 1198 2815 1250 οὐκ
2862 1190 3407 1264 ἀποστραφήσομαι
3456 1191 3568 1258 ἕως
3612 1190 3690 1245 ἂν

2102 1289 2485 1344 ἐκλείπωσιν.
2533 1289 2837 1356 Ἐκθλίψω
2870 1286 3095 1353 αὐτοὺς
3134 1286 3235 1340 καὶ
3263 1287 3334 1338 οὺ
3353 1284 3439 1355 μὴ
3469 1282 3688 1338 δύνων-

2104 1398 2196 1435 ται
2220 1380 2457 1449 στῆναι,
2480 1381 2812 1435 πεσοῦνται
2852 1377 2969 1433 ὑπὸ
3002 1377 3145 1444 τοὺς
3174 1377 3365 1443 πόδας
3402 1395 3541 1447 μου.
3579 1374 3690 1430 Καὶ

2103 1472 2242 1525 ὅσων
2282 1470 2491 1542 ἐχθρῶν
2539 1471 2633 1524 καὶ
2683 1469 2957 1540 πολεμίων
2992 1470 3313 1539 περιγέγονε
3354 1468 3443 1521 διὰ
3468 1468 3566 1540 τῆς
3592 1467 3685 1521 τοῦ

2103 1562 2239 1615 Θεοῦ
2274 1561 2560 1633 βοηθείαςῑ
2589 1562 2701 1615 Καὶ
2734 1560 2891 1613 τοῦτο
2935 1559 2991 1611 δέ
3024 1578 3134 1630 μοι,
3169 1561 3350 1630 φησὶν,
3387 1559 3539 1633 παρὰ
3589 1560 3688 1629 τῆς

2104 1655 2202 1726 σῆς
2240 1655 2457 1725 χάριτος
2481 1653 2711 1724 ὑπῆρξε,
2740 1648 2800 1705 τὸ
2831 1651 2904 1724 μὴ
2929 1652 3397 1723 στενοχωρηθῆναί
3427 1670 3529 1723 μου
3562 1654 3687 1715 τοὺς

2104 1747 2290 1812 πόδας,
2321 1747 2414 1800 καὶ
2463 1746 2524 1799 τὸ
2578 1746 2650 1817 μὴ
2702 1744 2939 1809 δικτύοις
2990 1745 3096 1797 τῶν
3144 1745 3373 1816 ἐχθρῶν,
3435 1746 3528 1798 καὶ
3578 1747 3689 1806 τοῖς

417 1826 562 1883 Deus
601 1845 777 1895 meus,
815 1831 1033 1896 amotis,
1076 1832 1305 1887 liberam
1349 1815 1679 1905 plenamque
1708 1836 1843 1890 mihi
1872 1852 1997 1890 mu-

2104 1840 2421 1915 σκανδᾲλοις
2449 1842 2559 1901 τοῖς
2593 1839 2682 1891 ὑπ’
2714 1837 2890 1890 αὐτῶν
2931 1837 3397 1909 προϐεϐλημένοις
3453 1855 3688 1908 περιπα-

418 1918 569 1974 niisti
603 1921 767 1976 viam.
792 1921 928 1976 Illud
950 1930 1154 1987 autem,
1184 1922 1388 1979 Cadent
1418 1926 1602 1981 subtus
1640 1926 1793 1997 pedes
1834 1943 1994 1995 meos,

417 2026 661 2068 consona
691 2014 1011 2085 prophetico
1052 2016 1270 2086 spiritui
1325 2018 1777 2088 interpretatione
1823 2020 1998 2075 dona-

420 2104 527 2169 bis,
564 2105 611 2161 si
638 2108 955 2162 memineris
982 2109 1128 2163 illam
1163 2108 1467 2167 Salvatoris
1502 2113 1568 2167 ad
1600 2113 1880 2183 apostolos
1917 2113 2000 2169 fa-

421 2204 565 2250 ctam
607 2198 1049 2266 promissionem,
1083 2215 1191 2271 qua
1235 2201 1371 2255 dicit
1403 2202 1513 2256 illis
1547 2221 1559 2256 :
1600 2202 1733 2257 Ecce
1757 2204 1825 2259 do
1855 2203 2001 2259 vobis

416 2295 731 2355 potestatem
765 2288 1011 2344 calcandi
1036 2307 1200 2360 supra
1236 2307 1494 2362 serpentes
1525 2302 1573 2348 et
1600 2296 1925 2364 scorpiones,
1950 2304 1999 2350 et

416 2398 572 2450 super
597 2400 800 2437 omnem
829 2386 1071 2437 virtutem
1097 2385 1298 2437 inimici
1332 2385 1404 2440 ⁷⁷.

2105 1926 2282 1997 ρῆναι.
2319 1924 2503 1979 Ταῦτα
2535 1925 2640 1996 γὰρ
2676 1926 2852 1978 πάντα
2894 1924 3159 1997 περιελὼν
3211 1927 3274 1979 σὺ
3304 1927 3464 1990 αὐτὸς
3498 1928 3525 1978 ὁ
3556 1926 3687 1990 Θεός

2104 2036 2225 2089 μου,
2261 2018 2469 2089 ὁμαλὴν
2519 2019 2833 2089 κατηρτίσω
2884 2037 2985 2089 μου
3050 2020 3148 2090 τὴν
3196 2019 3445 2089 πορείαν.
3489 2020 3562 2072 Τὸ
3606 2019 3686 2085 δὲ,

2102 2109 2437 2164 Πεσοῦνται
2470 2109 2591 2163 ὑπὸ
2623 2110 2764 2175 τοὺς
2795 2112 2986 2177 πόδας
3017 2128 3157 2180 μου,
3195 2112 3409 2181 νοήσεις
3453 2110 3692 2177 ἐπαξίως

2101 2200 2195 2254 τοῦ
2247 2200 2585 2273 προφητικοῦ
2636 2200 2967 2271 πνεύματος,
2996 2202 3095 2271 τῆς
3128 2200 3221 2263 τοῦ
3252 2202 3504 2273 Σωτῆρος
3555 2201 3691 2273 πρὸς

2104 2293 2229 2357 τοὺς
2278 2292 2610 2355 ἀποστόλους
2658 2292 2989 2361 ἐπαγγελίας
3053 2292 3313 2363 μνησθεὶς
3346 2294 3411 2346 δι’
3449 2289 3516 2367 ἧς
3553 2292 3689 2365 πρὸς

2106 2384 2302 2448 αὐτοὺς
2335 2383 2518 2451 ἔλεγεν
2535 2399 2547 2412 ·
2586 2382 2739 2436 Ἰδοὺ
2763 2382 2970 2453 δίδωμι
2994 2382 3136 2453 ὑμῖν
3160 2383 3453 2449 ἐξουσίαν
3481 2382 3691 2439 πατεῖν

413 2472 613 2527 ἐπάνω
660 2475 852 2544 ὄφεων
891 2477 988 2531 καὶ
1033 2477 1360 2546 σκορπίων,
1393 2478 1493 2532 καὶ
1522 2479 1622 2531 ἐπὶ
1655 2478 1863 2533 πᾶσαν
1893 2478 2152 2546 δύναμιν
2188 2475 2293 2529 τοῦ
2326 2477 2566 2545 ἐχθροῦ.

485 2566 653 2624 Vens.
679 2570 769 2624 40.
795 2569 863 2624 Ει
885 2572 1215 2639 praecinxisti
1239 2590 1318 2626 me
1349 2574 1541 2627 virtute
1563 2574 1629 2626 ad
1655 2573 1870 2638 bellum,
1901 2574 2003 2627 im-

416 2660 657 2729 pedivisti
692 2678 868 2716 omnes
904 2665 1233 2733 insurgentes
1282 2666 1337 2718 in
1384 2682 1487 2728 me,
1543 2663 1726 2718 subtus
1785 2680 1884 2717 me.
1918 2663 2002 2717 Me

417 2752 663 2822 quidem,
717 2754 815 2817 ait,
848 2754 1052 2809 virtute
1094 2770 1158 2809 ac
1200 2754 1522 2811 fortitudine
1563 2756 1858 2809 roborasti.
1896 2753 2002 2820 Qui

420 2845 675 2914 superius
699 2844 936 2909 dixerat,
974 2844 1115 2901 Deus
1148 2850 1239 2911 qui
1262 2847 1533 2917 pmcingit
1570 2862 1649 2900 me
1679 2846 1888 2907 virtute,
1914 2844 2003 2899 hic

422 2937 734 2992 absolutum
768 2950 907 3007 opus
950 2952 1073 2993 esse
1109 2936 1318 2992 indicat
1351 2938 1435 2993 his
1464 2936 1668 3002 verbis,
1691 2944 1740 2990 et
1786 2935 2005 3005 prcecin-

2180 2572 2291 2625 Καὶ
2320 2568 2677 2640 περιέζωσάς
2702 2586 2779 2638 με
2809 2568 3066 2640 δύναμιν
3092 2573 3180 2637 εις
3210 2572 3494 2640 πόλεμον,
3549 2586 3693 2625 συνεί

2105 2662 2392 2728 επόδισας
2444 2662 2674 2726 πάντας
2722 2664 2857 2730 τοὺς
2903 2662 3415 2732 ἐπανισταμένους
3452 2662 3545 2716 ἐπ’
3585 2658 3693 2732 ἐμὲ

2106 2754 2382 2808 ὑποκάτω
2408 2773 2543 2824 μου.
2599 2756 2752 2825 Ἐμοὶ
2788 2756 2905 2827 μὲν,
2941 2757 3125 2826 φησὶν,
3158 2755 3407 2827 ἀνδρείαν
3434 2755 3692 2827 ἐδωρήσω

2108 2846 2201 2898 καὶ
2253 2844 2461 2918 ῥώμην.
2504 2846 2683 2901 Εἰπὼν
2719 2849 3005 2919 ἀνωτέρω·
3045 2848 3105 2901 '0
3148 2847 3291 2914 Θεὸς
3334 2850 3366 2901 ὀ
3426 2845 3691 2915 περιζων-

2107 2938 2268 2991 νύων
2291 2955 2368 3007 με
2396 2938 2672 3008 δύναμιν,
2707 2939 2939 2994 ἐνταῦθα
2968 2940 3062 2993 καὶ
3095 2939 3185 2992 τοῦ
3216 2938 3375 3008 ἔργου
3404 2938 3463 2991 τὸ
3494 2939 3692 2991 ἀποτέ·

420 3029 552 3083 zisti
586 3045 667 3082 me
695 3028 887 3082 uirtute
916 3028 984 3081 ad
1030 3028 1246 3095 bellum,
1278 3038 1326 3083 et
1369 3028 1614 3082 inimicos
1645 3045 1785 3082 meos
1809 3028 2001 3083 dedisti

2107 3025 2282 3097 λεσμα
2309 3027 2548 3081 διδάσκει
2576 3029 2747 3097 λέγων
2768 3046 2779 3058 ’
2810 3032 2919 3084 Καὶ
2953 3027 3307 3098 περιέζωσάς
3330 3045 3406 3097 με
3437 3028 3692 3094 δύναμιν

419 3124 549 3179 mihi
578 3122 869 3190 dorsum,ii
893 3123 1102 3179 scilicet
1127 3124 1445 3195 pmnitentia
1477 3123 1628 3177 ducti
1658 3122 2002 3177 inimicitiam

419 3217 839 3286 deposuerunt;
871 3212 965 3284 qui
992 3228 1115 3267 cum
1150 3214 1269 3276 illa,
1302 3228 1425 3284 quae
1462 3228 1526 3267 ex
1558 3212 1762 3268 virtute
1799 3214 1999 3277 oritur,

423 3308 622 3364 ﬁducia
647 3317 900 3379 expertes
923 3318 1129 3371 essent,
1155 3323 1185 3361 a
1218 3306 1381 3362 Patre
1409 3307 1465 3361 in
1500 3307 1726 3362 dorsum
1749 3305 1879 3363 Jesu
1904 3323 2004 3377 po-

422 3400 516 3455 siti
566 3400 839 3466 sunt;sic
897 3401 1043 3456 enim
1074 3410 1223 3455 retro
1273 3398 1582 3462 constituti,
1611 3400 1791 3469 ipsum
1846 3397 2002 3469 sequi

418 3493 702 3549 valebunt.
756 3491 1034 3549 Fortassis
1089 3502 1275 3548 autem
1329 3494 1445 3548 lucc
1492 3491 1624 3545 dicti
1683 3491 2002 3562 hujusmodi

419 3584 691 3639 sententia
744 3583 909 3640 fuerit
936 3603 949 3638 :
980 3583 1076 3639 Vir
1103 3592 1365 3644 strenuus
1386 3593 1440 3640 ct
1474 3587 1700 3657 probus,
1733 3586 1827 3656 qui
1858 3585 2000 3639 ndu-

419 3675 505 3731 cia
537 3692 665 3747 erga
705 3674 874 3732 Deum
900 3678 1203 3733 instructus
1226 3687 1328 3742 est,
1364 3679 1420 3733 in
1450 3688 1748 3748 conspectu
1784 3678 1999 3732 Domini

422 3768 676 3823 consistit
705 3787 718 3823 :
756 3775 811 3822 at
833 3768 1118 3839 improbus
1154 3776 1462 3824 retrorsum
1488 3770 1711 3823 malitiae
1736 3785 1848 3823 sure
1868 3783 2001 3822 cau-

424 3875 484 3915 sa
512 3859 741 3930 ejectus,
769 3876 912 3931 pone
957 3860 1246 3917 Dominum
1276 3877 1305 3915 a
1339 3862 1505 3918 dorso
1535 3872 1787 3932 ponetur.
1815 3861 2000 3928 Quan-

424 3952 716 4022 doquitlem
742 3952 887 4007 enim
910 3953 1017 4011 insi
1046 3954 1303 4025 improbi,
1334 3955 1545 4024 priores
1580 3954 1657 4008 illi
1693 3961 1844 4024 terga
1876 3969 2002 4008 ver-

426 4050 726 4106 tere,-non
775 4042 987 4097 vultum
1036 4059 1229 4111 suum;
1301 4044 1418 4113 ipse
1471 4059 1690 4114 quoque
1750 4042 2000 4103 homines

426 4141 733 4197 aversatus,
760 4147 791 4186 a
820 4144 972 4203 tergo
994 4133 1237 4189 habebit.
1266 4133 1423 4200 Quod
1455 4134 1503 4188 si
1540 4134 1728 4204 justus
1769 4132 1999 4204 quilibet

427 4225 543 4279 haec
563 4224 827 4294 proferat,
871 4224 998 4294 jure
1046 4224 1219 4289 dicas,
1270 4225 1549 4295 improbas
1597 4232 1916 4296 potestates,
1951 4222 2000 4277 si

426 4312 644 4383 quidem
668 4312 723 4366 in
754 4321 1108 4382 conspectum
1140 4313 1385 4379 veniant,
1414 4316 1691 4367 intuentes
1721 4329 1780 4368 se
1804 4313 1875 4367 ob
1899 4312 1997 4367 de-

2103 3120 2190 3183 εἱς
2218 3119 2510 3189 πόλεμον·
2560 3120 2658 3174 καὶ
2702 3120 2844 3187 τοὺς
2869 3122 3121 3191 ἐχθρούς
3161 3138 3279 3190 μου
3318 3120 3547 3187 ἔδωκάς
3587 3138 3690 3191 μοι

2103 3206 2321 3261 νῶτον
2353 3209 2403 3260 ai
2432 3211 2497 3263 ἐκ
2530 3213 2819 3281 μετανοίας
2841 3212 2966 3285 ἄρτι
3000 3212 3100 3282 τῆς
3134 3210 3331 3284 ἔχθρας
3355 3213 3691 3269 ἀπαλλαττό·

2108 3318 2278 3371 μενοι,
2305 3301 2393 3355 διὰ
2425 3302 2484 3354 τὸ
2521 3303 2745 3374 μηδέπω
2764 3304 2863 3375 τὴν
2884 3304 2970 3357 ἐπ’
2991 3305 3159 3376 ἀρετῇ
3186 3306 3500 3378 παρρησίαν
3521 3306 3688 3377 ἔχειν,

2102 3389 2311 3443 τεθεῖεν
2347 3389 2440 3443 τοῦ
2478 3391 2652 3463 Ἰησοῦ
2679 3390 2848 3454 νῶτος
2876 3392 2981 3445 ὑπὸ
3003 3393 3096 3446 τοῦ
3127 3395 3373 3465 Πατρόςο
3408 3394 3549 3448 οὕτω
3582 3395 3691 3467 γὰρ

2105 3482 2197 3535 καὶ
2240 3481 2600 3553 ἀκολουθῆσαι
2634 3483 2781 3554 αὑτῷ
2825 3484 3000 3538 ὀπίσω
3036 3485 3317 3556 γενόμενοι
3351 3485 3685 3556 δυνήσονται.

2104 3574 2257 3644 Τάχα
2286 3574 2342 3627 δὲ
2377 3575 2471 3627 καὶ
2497 3575 2655 3628 τοῦτο
2688 3576 2877 3649 ῥηθείη
2899 3594 2911 3606 ·
2960 3577 3018 3629 '0
3047 3577 3354 3641 σπουδαῖος,
3376 3579 3691 3651 παρρησίαν

2103 3666 2236 3737 πρὸς
2264 3667 2353 3719 τὸν
2379 3666 2519 3719 ’Θεὸν
2554 3668 2907 3739 κεκτημένος,
2937 3668 3165 3722 ἐνώπιον
3191 3670 3398 3741 Κυρίου
3430 3671 3692 3743 παρίστα·

2099 3774 2220 3809 ται·
2250 3760 2277 3810 ὁ
2320 3758 2374 3810 δὲ
2424 3758 2645 3827 φαῦλος,
2673 3760 2847 3812 ὀπίσω
2878 3760 3272 3830 ἐκϐαλλόμενος
3318 3759 3407 3814 διὰ
3432 3759 3529 3833 τὴν
3557 3761 3690 3815 ἰδίαν

2102 3851 2323 3915 κακίαν,
2349 3850 2519 3914 νῶτος
2546 3850 2835 3922 τεθήσεται
2862 3852 2956 3906 τοῦ
2980 3853 3207 3925 Κυρίου.
3244 3854 3398 3908 Ἐπεὶ
3430 3856 3538 3927 γὰρ
3560 3854 3693 3929 πρός

2101 3956 2248 4012 τεροι
2278 3942 2431 3995 αὐτοὶ
2452 3943 2500 3994 οἱ
2528 3942 2721 4012 φαῦλοι
2750 3942 3016 4015 ἔστρεψαν
3048 3944 3183 4014 πρὸς
3218 3944 3380 3999 αὑτὸν
3404 3946 3570 4011 νῶτα,
3599 3947 3689 4001 καὶ

2102 4034 2220 4103 οὐχὶ
2253 4032 2517 4101 πρόσωπα
2543 4033 2743 4098 αὐτῶν,
2768 4036 2861 4087 καί
2877 4035 3059 4100 αὐτὸς,
3078 4036 3451 4109 ἀποστραφεὶς
3472 4039 3689 4105 αὐτοὺς,

2101 4124 2269 4188 νῶτος
2304 4126 2501 4188 αὐτοὺς
2549 4124 2634 4197 (1)
2689 4125 2821 4192 ἕξει.
2863 4126 2926 4178 Et
2954 4125 3009 4177 δὲ
3039 4127 3131 4179 καὶ
3156 4129 3261 4191 πᾶς
3282 4128 3489 4194 δίκαιος
3518 4129 3690 4185 ταῦτα

2102 4216 2273 4285 λέγοι,
2311 4219 2475 4288 ἐρεῖς,
2514 4218 2595 4271 ὅτι
2642 4220 2695 4270 αἱ
2756 4216 3030 4288 μοχθηραὶ
3073 4219 3353 4292 δυνάμεις,
3406 4224 3485 4286 είς
3518 4223 3686 4294 πρόσ-

2101 4325 2247 4360 ωπον
2268 4308 2579 4378 ἐρχόμεναι,
2617 4308 2909 4378 βλάπτουσι
2942 4310 3067 4372 τοὺς
3098 4311 3452 4382 ὁρῶνταςγδιὰ
3492 4314 3689 4379 παντὸς

427 4404 758 4458 formitatem
789 4401 1004 4465 laedere,
1036 4403 1121 4458 sin
1171 4418 1201 4457 a
1229 4411 1381 4474 tergo
1432 4405 1824 4475 projiciantur,
1858 4402 1994 4457 nihil

2104 4398 2249 4462 ὄντες
2292 4400 2583 4471 είδεχθεῖς’
2614 4403 2695 4465 εἰς
2727 4400 2896 4455 νῶτον
2944 4402 3002 4455 δέ
3047 4403 3316 4474 ῥιφέντες,
3349 4407 3498 4460 οὐδὲν
3531 4408 3689 4480 δυνήι

428 4492 812 4565 possuntmali
842 4490 1110 4547 adversus
1159 4492 1283 4547 illos
1330 4492 1657 4556 machinari,
1700 4492 2002 4547 secundum

426 4584 561 4639 Illud
605 4603 617 4638 :
665 4582 842 4653 Supra
899 4582 1118 4638 dorsum
1168 4580 1341 4638 meum
1394 4584 1789 4653 fabricaverunt-
1821 4600 2007 4653 peccaa

427 4688 561 4732 tores
592 4678 659 4729 ⁷⁸.

494 4767 663 4826 Vens.
727 4769 927 4831 47-49.
995 4770 1131 4825 Vivit
1224 4769 1507 4830 Dominus,
1582 4776 1632 4821 et
1708 4765 2007 4821 benedictus

432 4858 568 4915 Deus
600 4878 766 4927 meus,
817 4872 867 4916 et
916 4862 1182 4915 exattetur
1230 4859 1371 4913 Deus
1424 4857 1614 4912 salutis
1660 4872 1808 4911 mew.
1855 4856 1997 4911 Deus

428 4953 515 5022 qui
557 4951 655 5008 das
692 4955 953 5008 rindictas
996 4952 1149 5016 mihi,
1181 4962 1231 5006 et
1271 4949 1452 5005 subdis
1500 4948 1720 5018 populos
1765 4947 1860 5001 sub
1892 4962 1994 5012 me,

429 5044 684 5098 liberator
715 5061 860 5099 meus
896 5046 961 5098 de
990 5043 1215 5097 inimicis
1247 5042 1375 5095 meis
1406 5039 1699 5093 iracundis.
1735 5038 2000 5105 Quamvis

430 5134 577 5188 enim
638 5150 761 5191 sese
804 5133 1175 5190 humiliaverit
1226 5148 1350 5188 cum
1402 5130 1684 5186 inclinavit
1736 5131 1907 5185 cmlos
1944 5132 1999 5185 et

430 5228 743 5296 descendit;
778 5238 834 5283 at
871 5228 1121 5284 excelsus
1150 5235 1333 5281 tamen
1364 5233 1447 5279 est
1481 5224 1781 5278 secundum
1827 5224 1997 5278 illud:

433 5319 574 5374 Deus
619 5321 875 5375 exultavit
923 5321 1099 5385 illum,
1130 5327 1180 5373 et
1221 5316 1363 5371 dedit
1405 5316 1488 5369 illi
1530 5332 1715 5369 nomen
1744 5316 1880 5386 quod
1924 5325 2002 5370 est

432 5426 587 5481 super
624 5428 775 5467 omne
811 5430 995 5467 nomen
1011 5413 1081 5466 "’.
1141 5409 1283 5465 Deus
1315 5409 1404 5479 qui
1438 5407 1535 5461 das
1581 5407 1841 5462 vindictas
1874 5408 2003 5461 mihi

432 5509 482 5557 et
522 5502 707 5558 subdis
737 5506 957 5575 populos
997 5503 1093 5559 sub
1134 5520 1238 5568 me,
1277 5500 1529 5556 liberator
1559 5517 1704 5555 meus
1732 5500 1796 5555 de
1828 5500 2007 5555 inimi-

2105 4508 2287 4543 σονται
2319 4493 2411 4544 ἐπὶ
2451 4488 2642 4546 τούτου
2675 4494 3074 4558 τεκταίνεσθαι,
3113 4496 3255 4549 κατὰ
3285 4497 3374 4551 τὸ’
3417 4500 3544 4553 Ἐπὶ
3581 4496 3689 4555 τοῦ

2103 4580 2294 4634 νώτου
2314 4599 2431 4649 μου
2464 4580 2810 4637 ἐτέκταινον
2838 4584 2891 4636 οἱ
2931 4583 3289 4653 ἁμαρτωλοί.

2178 4765 2265 4835 Ζῇ
2321 4766 2553 4833 Κύριος,
2608 4766 2706 4818 καὶ
2758 4762 3087 4834 εὐλογητὸς
3138 4767 3170 4818 ὀ
3218 4765 3363 4830 Θεός
3398 4782 3538 4833 μου,
3593 4760 3691 4819 και

2106 4856 2400 4926 ὑψωθήτω
2436 4859 2469 4910 ό
2514 4856 2656 4921 Θεὸς
2708 4855 2820 4924 τῆς
2869 4854 3168 4922 σωτηρίας
3201 4871 3341 4924 μου.
3390 4854 3450 4908 '0
3485 4855 3627 4919 Θεὸς
3656 4857 3690 4909 d

2106 4948 2310 5015 διδοὺς
2335 4948 2677 5016 ἐκδικήσεις
2717 4948 2869 5018 ἐμοὶ,
2912 4947 3012 5001 καὶ
3038 4948 3345 5013 ὑποτάξας
3376 4947 3564 5014 λαοὺς
3589 4946 3689 5002 ὑπ’

2105 5036 2231 5111 ἐμὲ,
2270 5043 2559 5109 ὀρύστης
2599 5059 2719 5110 μου
2768 5039 2836 5104 ἐξ
2884 5039 3114 5109 ἐχθρῶν
3165 5041 3438 5108 ὀργίλων.
3470 5040 3532 5091 Et
3582 5038 3692 5112 γὰρ

2104 5136 2198 5188 καὶ
2244 5133 2607 5187 ἐταπείνωσεν
2642 5130 2854 5195 ἑαυτὸν,
2898 5132 3082 5195 κλίνας
3121 5130 3383 5202 οὐρανοὺς
3411 5132 3502 5184 καὶ
3521 5147 3689 5183 καταο

2102 5225 2222 5289 ϐὰς,
2258 5225 2369 5278 ἀλλ’
2400 5225 2601 5295 ὑψηλός
2622 5226 2757 5287 ἐστι,
2784 5224 2928 5278 κατὰ
2953 5225 3032 5277 τό
3053 5225 3106 5276 '0
3133 5224 3275 5290 Θεὸς
3308 5221 3494 5276 αὑτὸν
3515 5225 3692 5291 ὐπερυ

2111 5320 2365 5387 ὕψωσεν
2413 5318 2510 5371 καὶ
2541 5316 2862 5385 ἐχαρίσατο
2894 5315 3053 5381 αὐτῷ
3086 5316 3271 5385 ὄνομα
3300 5315 3365 5368 τὸ
3396 5314 3547 5383 ὑπὲρ
3570 5312 3693 5370 πᾶν

2109 5410 2315 5480 ὄνομα.
2355 5411 2417 5463 '0
2474 5408 2618 5473 Θεὸς
2671 5410 2703 5461 ὀ
2757 5407 2959 5473 διδοὺς
2999 5407 3339 5477 ἐκδικήσεις
3390 5409 3542 5479 ἐμοὶ,
3591 5407 3690 5462 καὶ

2110 5501 2476 5556 ὑποτάσσων
2505 5500 2695 5567 λαοὺς
2724 5500 2827 5555 ὑπ’
2853 5499 2976 5570 ἐμὲ,
3026 5502 3057 5553 ό
3083 5501 3316 5569 ρύστης
3354 5517 3475 5572 μου
3499 5497 3571 5567 ἐξ
3592 5497 3695 5572 ἐκ*

434 5639 513 5694 .”⁶
546 5642 694 5699 Psal.
728 5660 857 5709 xxx.
926 5645 979 5699 9.
1056 5646 1100 5676 '"
1126 5643 1257 5700 Luc.
1301 5660 1355 5711 ι,
1391 5642 1475 5698 l9.
1554 5642 1598 5673 ⁷⁸
1621 5640 1764 5698 Psal.
1806 5656 2033 5708 cxan,
2058 5643 2112 5700 '5.
2191 5642 2491 5713 "Philipp.
2541 5655 2604 5706 ιι,
2637 5640 2691 5694 9.

505 5760 582 5833 (1)
607 5764 871 5829 Νῶτος...
896 5758 1037 5825 ἕξει.
1058 5759 1219 5819 Forte
1246 5760 1533 5833 legendum
1558 5761 1724 5816 νῶτον
1758 5774 1854 5831 pro
1888 5758 2076 5824 νῶτος.
2120 5758 2277 5815 Enn.
