4094 6378
424 325 530 384 I85
1576 317 2083 381 COMMENTARIA
2112 319 2184 378 IN
2220 317 2566 378 PSALIIOS.
3605 323 3707 381 I86

415 437 582 513 θρῶν
600 461 722 514 μου
767 443 1044 514 ὀργίλων,
1088 443 1208 500 ἀπὸ
1241 438 1359 499 τῶν
1389 442 1885 516 ἐπανισταμένων
1926 444 1995 499 ἐπ

2122 441 2198 496 cis
2228 440 2357 496 meis
2387 437 2683 494 iracundis.
2716 436 2794 492 Ab
2823 435 3215 511 insurgentibus
3251 440 3308 494 in
3330 454 3411 495 me
3435 441 3702 499 exultabis

413 531 528 602 ἐμὲ
553 532 826 602 ὑψώσεις
843 551 942 604 με,
969 535 1068 589 καὶ
1095 535 1212 591 ἀπὸ
1237 534 1459 603 ἀνδρὸς
1479 534 1691 590 ἀδίκου
1708 535 1900 604 ῥῦσαι
1923 551 1995 604 με

2127 547 2243 587 me:
2273 549 2307 586 a
2332 531 2444 587 viro
2477 531 2660 603 iniquo
2689 530 2830 599 eripe
2860 547 2960 586 me.
3011 531 3403 603 Inobsequenti
3433 547 3500 588 ac
3533 549 3703 606 repu-

366 668 386 716 *
419 624 516 694 Τῷ
547 626 646 694 μὲν
672 625 782 698 γὰρ
816 627 1130 681 ἀπειθοῦντι
1167 627 1282 699 λαῷ
1310 628 1406 681 καὶ
1439 627 1772 698 ἀντιλέγοντι
1805 627 1993 695 ἑπάξει

2126 624 2318 696 gnanti
2352 623 2577 695 populo,
2605 622 2903 677 vindictam
2936 621 3276 678 inferendam
3307 639 3432 679 esse
3457 625 3662 682 dicitur
3688 646 3702 683 :

365 710 381 816 γ’
419 717 523 782 τὰς
543 719 852 791 ἐκδικήσεις
881 724 976 775 καὶ
1002 722 1102 787 τὰς
1129 724 1402 796 τιμωρίας
1431 723 1664 796 εἴρηται·
1691 725 1724 796 ἢ
1755 723 1897 778 κατὰ
1931 724 1995 778 τὸ

2125 723 2241 779 aut,
2274 713 2579 771 secundum
2614 710 3028 784 Symmachum,
3063 712 3228 778 Deus,
3260 715 3352 785 qui
3389 715 3589 784 praebes
3621 718 3707 770 ul-

325 809 375 862 .’
418 809 743 881 Σύμμαχον,
787 813 840 865 Ὀ
888 813 1035 881 Θεὸς
1067 817 1100 869 ὀ
1147 813 1482 886 παρασχὼν
1528 816 1808 886 τιμωρίας
1853 816 2018 886 ἐμοί’

416 905 501 972 τῷ
529 902 575 954 δ’
610 904 784 977 ἑτέρῳ
802 904 1043 977 τάγματι
1069 909 1199 978 περὶ
1225 900 1287 961 οὗ
1329 908 1586 976 ἀνωτέρω
1619 907 1834 981 εἴρηται
1852 929 1867 944 ο
1900 912 2021 962 Κα-

417 995 752 1063 ταστήσεις
798 1015 877 1067 με
905 1001 993 1065 είς
1034 999 1310 1068 κεφαλὴν
1346 999 1556 1055 ἐθνῶν.
1605 1000 1765 1067 Λαὸς
1790 1001 1864 1054 ὃν
1908 1002 2020 1055 οὐκ

417 1087 620 1158 ἔγνων
644 1088 977 1144 ἐδούλευσέ
995 1107 1096 1160 μοι
1114 1103 1128 1121 ⁸
1160 1090 1339 1163 τούτῳ
1370 1093 1468 1164 τὴν
1501 1093 1780 1164 ὑποταγὴν
1807 1093 1906 1164 τὴν
1927 1093 2018 1146 ὑπ’

418 1179 588 1233 αὐτὸν
620 1180 925 1252 χαρίζεται.
962 1182 1053 1235 Διὸ
1094 1183 1336 1251 ἐπιλέγει
1369 1182 1509 1237 κατὰ
1549 1182 1641 1236 τὸν
1687 1183 2014 1254 Σύμμαχον·

418 1271 538 1325 Kal
565 1272 938 1326 ὑποτάσσων
965 1275 1156 1342 λαοὺς
1177 1275 1270 1329 ἐπ’
1297 1275 1423 1344 ἐμέ.
1455 1269 1620 1340 Οὗτος
1660 1279 1761 1332 καὶ
1781 1279 2018 1346 ῥύστης

413 1380 558 1433 μου,
587 1365 740 1434 φησὶ,
775 1366 1002 1434 γέγονεν
1021 1367 1091 1431 ἐξ
1117 1366 1347 1435 ἐχθρῶν
1363 1386 1483 1436 μου
1514 1370 1790 1439 ὀργίλων,
1813 1371 1909 1424 καὶ
1945 1371 2016 1425 ἐκ

419 1451 544 1505 τῶν
569 1453 1064 1524 ἐπανισταμένων
1083 1456 1176 1508 ἐπ’
1202 1457 1307 1526 ἐμὲ
1325 1456 1653 1527 apocope,
1689 1462 1722 1513 ό
1750 1457 1803 1512 δ’
1833 1459 2017 1526 αὐτὸς

417 1546 521 1599 καὶ
542 1546 662 1600 ἀπὸ
688 1546 908 1615 ἀνδρὸς
935 1547 1146 1601 ἀδίκου
1173 1547 1472 1616 ἑρῤύσατό
1495 1565 1592 1617 με.
1621 1550 1697 1602 Δι’
1722 1542 1797 1604 ὧν
1827 1549 2015 1620 σαφῶς

419 1639 752 1710 παρίστησιν
793 1638 1025 1711 ἐχθρούς
1055 1656 1205 1703 τινας
1236 1640 1400 1695 αὑτοῦ
1451 1643 1545 1696 καὶ
1576 1643 1974 1715 ἀνθεστηκότας
1996 1660 2010 1674 ·

415 1730 515 1782 καὶ
544 1729 698 1800 παρὰ
720 1729 941 1794 τούτους
972 1731 1158 1802 ἕτερόν
1179 1749 1300 1786 τινα
1331 1733 1520 1804 ἄνδρα,
1560 1733 1756 1804 μεστὸν
1786 1735 1862 1798 ὡς
1885 1735 2016 1807 ἁλη-

2125 807 2293 860 tiones
2329 805 2495 869 mihi;
2535 804 2678 860 alius
2707 819 2838 859 vero
2885 813 2972 860 est
3020 804 3156 860 ordo
3189 821 3470 876 genusque
3521 807 3702 862 homi-

2122 912 2278 962 num,
2313 896 2382 951 de
2414 911 2524 967 quo
2553 895 2808 966 superius
2841 895 3008 958 (vers.
3045 895 3137 960 Η,
3171 896 3263 967 45)
3297 897 3531 963 dictum,
3573 915 3704 954 con-

2121 989 2310 1043 stitues
2363 1003 2445 1042 me
2503 987 2560 1040 in
2609 995 2767 1054 caput
2809 987 3062 1056 gentium.
3119 986 3359 1057 Populus
3397 1005 3549 1060 quem
3595 1006 3703 1045 non

2119 1073 2336 1142 cognovi
2369 1073 2580 1127 servivit
2605 1071 2770 1136 mihi;
2803 1071 2972 1137 hunc,
3023 1072 3270 1143 inquam,
3307 1075 3699 1146 obsequentem

2119 1164 2171 1221 ei
2212 1165 2524 1221 constituit.
2561 1163 2745 1230 Quare
2789 1162 3096 1218 secundum
3149 1160 3540 1235 Symmachum
3570 1168 3701 1222 sub-

2118 1255 2221 1321 dit,
2265 1265 2317 1310 et
2358 1255 2644 1325 subjiciens
2690 1253 2912 1324 populos
2944 1269 3101 1322 super
3130 1271 3230 1311 me.
3265 1254 3363 1311 llic
3396 1259 3527 1312 item
3571 1258 3696 1322 fuit,

2118 1346 2380 1403 liberator
2403 1364 2548 1402 meus
2575 1361 2641 1401 ea:
2678 1346 2908 1400 inimicis
2953 1346 3082 1400 meis
3112 1347 3406 1413 iracundis,
3434 1360 3485 1403 et
3517 1349 3582 1403 ab
3613 1352 3700 1405 in-

2118 1436 2456 1508 surgentibus
2500 1439 2554 1489 in
2599 1451 2681 1490 me
2729 1435 2988 1490 exultavit
3017 1453 3120 1500 me,
3160 1454 3194 1490 a
3228 1437 3340 1492 riro
3379 1439 3559 1510 iniquo
3589 1442 3698 1496 eri-

2115 1530 2228 1598 puit
2278 1545 2380 1584 me.
2439 1526 2653 1594 Quibus
2703 1527 2882 1597 palam
2938 1527 3167 1592 indicat,
3200 1528 3456 1586 inimicos
3501 1531 3604 1586 sibi
3642 1543 3698 1589 et

2117 1621 2463 1678 adversarios
2493 1636 2653 1677 esse:
2706 1637 2771 1676 ac
2823 1629 3022 1692 praeter
3054 1636 3148 1676 eos
3192 1622 3358 1677 alium
3397 1625 3694 1693 quemdam

2115 1716 2294 1770 virum
2328 1716 2478 1770 omni
2519 1731 2750 1786 prorsus
2793 1717 3085 1786 iniquitate
3115 1716 3358 1786 plenum.
3398 1716 3496 1772 His
3528 1733 3697 1788 porro

419 1821 535 1884 θῶς
584 1825 766 1894 πάσης
797 1825 1036 1888 ἀδικίας.
1072 1825 1334 1898 Σημαίνει
1365 1826 1424 1879 δὲ
1454 1828 1482 1880 ὁ
1511 1826 1668 1895 λόγος
1693 1827 1781 1880 διὰ
1811 1805 1995 1881 τούτωε

2118 1805 2440 1876 prophetico
2466 1821 2619 1860 more
2663 1805 2980 1860 indicantur
3010 1806 3289 1876 principes
3336 1805 3550 1862 Judaici
3598 1824 3699 1878 po-v‘

339 1937 348 1944 ε
413 1915 774 1984 προφητικῶς
801 1917 929 1979 τοὺς
955 1917 1220 1987 ἄρχοντας
1255 1917 1350 1971 τοῦ
1397 1917 1666 1972 Ἰουδαίων
1705 1919 1888 1983 ἔθνους
1916 1920 2011 1974 καὶ

409 2006 504 2059 τὸν
550 2009 818 2080 προδότην
869 2010 1088 2074 Ἰούδαν,
1136 2011 1335 2074 παντὸς
1381 2011 1568 2065 ἀδίκου
1602 2012 1820 2083 χείρονα
1861 2013 2011 2082 γενό-

411 2116 599 2168 μενον,
629 2101 712 2153 ὅτι
743 2101 830 2173 δὴ,
857 2102 1113 2155 τοιούτων
1145 2102 1396 2170 ἀξιωθεὶς
1429 2103 1580 2175 παρὰ
1607 2104 1698 2158 τοῦ
1732 2106 2006 2178 Σωτῆρος,

408 2194 519 2255 τοῖς
555 2193 819 2256 ἐναντίοις
851 2193 1014 2247 αὑτὸν
1046 2195 1334 2265 ἠμείψατο.

480 2283 589 2338 Διὰ
613 2285 790 2338 τοῦτο
831 2285 1358 2356 ὲξομολογήσομαί
1387 2302 1486 2342 σοι
1517 2287 1588 2341 ἐν
1609 2287 1815 2342 ἔθνεσι
1849 2327 1864 2352 ,
1893 2289 2009 2342 Κύ-

397 2393 520 2444 ριε,
555 2377 656 2430 καὶ
704 2375 786 2442 τῷ
815 2377 1064 2447 ὀνόματί
1108 2394 1226 2433 σου
1268 2377 1465 2447 ψαλῶ.
1509 2381 1880 2450 Μεγαλύνων
1899 2382 2007 2448 τὰς

403 2467 714 2549 σωτηρίας
759 2466 869 2521 τοῦ
900 2467 1206 2534 βασιλέως
1236 2469 1444 2531 αὐτοῦ,
1480 2469 1578 2522 καὶ
1613 2467 1800 2522 ποιῶν
1834 2468 2007 2535 ἕλεος

405 2559 490 2625 τῷ
518 2559 746 2629 χριστῷ
782 2560 971 2614 αὐτοῦ
993 2559 1193 2622 Δαυῒδ,
1230 2559 1437 2625 καὶτῷ
1465 2556 1758 2629 σπέρματι
1794 2561 2001 2626 αὐτοῦ,

401 2651 518 2718 ἕως
541 2652 778 2720 αἰῶνος.
824 2653 949 2706 Ἐπὶ
980 2653 1040 2706 τὸ
1062 2653 1249 2725 ἕτερον
1286 2652 1621 2723 μεταϐαίνει,
1655 2653 1731 2716 ὼς
1766 2652 1832 2706 ἂν
1859 2652 2002 2706 εἴποι

401 2761 493 2807 τις
517 2745 579 2797 τὸ
606 2745 776 2812 δεξιὸν
803 2746 1013 2816 τάγμα,
1054 2747 1148 2800 καὶ
1178 2746 1324 2800 ἔστιν
1357 2746 1540 2818 ἔργοις
1577 2747 1760 2810 αὐτοῖς
1792 2747 1886 2800 καὶ
1908 2747 2002 2814 ὀφ-

403 2836 636 2908 θαλμοῖς
687 2838 1060 2908 παραλαϐεῖν·
1094 2838 1284 2911 ὥσπερ
1327 2841 1356 2893 ὁ
1399 2837 1561 2892 Δαυῖδ
1597 2837 1735 2910 μετὰ
1760 2838 1857 2909 τὴν
1906 2839 2000 2892 τοῦ

399 2927 836 3002 Σωτῆρος-ἡμῶν
871 2931 1194 3004 παρουσίαν,
1229 2931 1421 3003 ὥσπερ
1453 2932 1621 2985 εἰσέτι
1652 2931 1746 2984 καὶ
1775 2931 1870 2985 νῦν
1892 2930 2000 2996 ζῶν

399 3021 502 3074 καὶ
531 3024 631 3074 σὺν
683 3023 993 3094 ἀνθρώποις
1027 3020 1462 3096 πολιτευόμενος,
1513 3024 1603 3078 διὰ
1650 3025 1759 3080 τῶν
1804 3025 1998 3080 ἑαυτοῦ

399 3115 633 3187 γραφῶν
664 3115 818 3186 ᾠδῶν
851 3133 913 3169 τε
942 3117 1035 3170 καὶ
1063 3117 1248 3188 ὓμνων
1280 3118 1338 3170 ἐν
1367 3119 1500 3170 πᾶσι
1525 3120 1636 3182 τοῖς
1666 3117 1842 3171 ἔθνεσι
1861 3118 1998 3188 ψάλ-

398 3205 486 3258 λει
519 3207 598 3277 τῷ
626 3207 746 3278 Θεῷ
768 3208 877 3261 τῶν
915 3209 1080 3261 ὅλων⁶
1113 3210 1206 3262 καὶ
1239 3211 1268 3263 ὁ
1295 3209 1360 3262 ἐκ
1390 3209 1703 3281 σπέρματος
1740 3209 1806 3262 δι’
1831 3210 1996 3264 αὐτοῦ

397 3297 665 3367 γεγονὼς,
714 3291 777 3353 οὗ
825 3302 906 3364 εἰς
951 3301 1242 3372 πρόσωπον
1276 3300 1608 3373 ἀναφέρεται
1661 3301 1730 3355 τὰ
1775 3302 1998 3374 προκεί-

398 3407 566 3462 μενα,
601 3391 803 3461 ὁμοίως
847 3393 1110 3464 κρείττων
1142 3391 1430 3463 γενόμενος
1470 3394 1579 3447 τῶν
1618 3393 1998 3449 ἐπιϐεϐουλευ-

395 3481 578 3535 κότων
603 3482 772 3552 αὐτῷ,
799 3482 945 3539 εἴποι
969 3486 1067 3539 civ"
1093 3485 1201 3539 Kal
1229 3483 1347 3539 ἀπὸ
1365 3485 1486 3539 τῶν
1504 3486 1998 3556 ἐπανισταμένων

391 3572 494 3624 ἐπ’
528 3572 636 3642 ἐμὲ
657 3572 928 3642 ὐψώσεις
958 3593 1056 3644 με.
1075 3575 1349 3640 Ἐκείνους
1385 3577 1482 3647 μὲν
1509 3572 1602 3631 οὖν
1637 3578 1991 3632 καταλείπει·

397 3665 500 3736 τὴν
529 3665 587 3718 δὲ
611 3665 770 3736 χάριν
795 3667 894 3738 τὴν
924 3666 984 3733 ἐξ
1002 3668 1168 3722 αὐτοῦ
1197 3669 1294 3723 καὶ
1325 3669 1425 3741 τὴν
1447 3667 1704 3740 ἀλήθειαν
1730 3671 1862 3725 πᾶσι
1883 3674 1995 3736 τοῖς

393 3755 611 3808 ἔθνεσιν
646 3758 998 3828 μεταδίδωσιν
1021 3776 1035 3788 ·
1061 3760 1229 3813 εἰσέτι
1252 3777 1312 3813 τε
1341 3760 1435 3812 καὶ
1455 3758 1552 3813 νῦν
1585 3760 1859 3831 πανταχοῦ
1890 3763 1993 3833 γῆς

392 3844 563 3909 αὐτὸς
598 3845 810 3918 παρὼν,
845 3848 938 3901 καὶ
995 3847 1158 3919 μέσος
1208 3849 1317 3900 τῶν
1351 3851 1432 3910 εἰς
1489 3849 1650 3903 αὐτὸν
1684 3848 1992 3918 ἠλπικότων

389 3933 594 3999 ἑστὼς,
627 3935 705 4007 τῷ
732 3938 909 4010 Πατρὶ
934 3937 1022 3992 διὰ
1053 3939 1155 4009 τῆς
1187 3935 1381 3992 ἑαυτοῦ
1428 3939 1753 4012 Ἐκκλησίας
1802 3939 1993 4011 ἐξομο-

390 4026 668 4094 λογεῖταισ
696 4027 777 4081 διό
802 4046 935 4100 φησι
954 4046 967 4059 ·
1005 4028 1110 4083 Διὰ
1135 4029 1314 4084 τοῦτο
1345 4029 1864 4100 ἐξομολογησομαί
1891 4047 1991 4086 σοι

387 4119 465 4172 ἐν
486 4119 714 4184 ἔθνεσι,
739 4121 935 4188 Κύριε,
961 4121 1062 4176 καὶ
1093 4120 1173 4187 τῷ
1200 4122 1448 4191 ὀνόματί
1474 4137 1589 4176 σου
1609 4121 1806 4190 ψαλῶ.

555 4230 666 4284 ΕΙΣ
698 4233 786 4284 T0
817 4233 1368 4298 ΤΕΛΟΣ,ΨΑΛΜΟΣ
1397 4235 1483 4286 ΤΩ
1509 4234 1714 4288 ΔΑΥΙΔ
1749 4236 1854 4290 ιη’.

464 4343 578 4396 Καὶ
609 4345 639 4395 ὁ
665 4342 854 4416 παρὼν
881 4343 1096 4415 ψαλμὺς
1135 4344 1244 4397 τῶν
1274 4347 1353 4409 είς
1386 4345 1589 4414 ἀγαθὸν
1625 4345 1776 4409 τέλος
1809 4361 1984 4417 παρα-

386 4437 722 4507 πεμπόντων
757 4439 1014 4509 τυγχάνει
1037 4449 1049 4467 ‘
1084 4437 1217 4492 ἀλλὰ
1251 4440 1344 4493 καὶ
1373 4441 1830 4510 εὐχαριστήριος
1850 4441 1982 4493 ἀνα-

2114 1896 2252 1965 puli,
2285 1911 2350 1948 ac
2382 1894 2553 1951 Judas
2596 1895 2865 1966 proditor,
2904 1899 3100 1966 quovis
3126 1899 3316 1968 iniquo
3351 1899 3572 1956 homine
3607 1901 3698 1956 de.-

2112 1988 2301 2050 terior,
2333 1988 2427 2058 qui
2455 1996 2533 2042 tot
2565 1989 2845 2044 beneﬁciis
2877 2005 2907 2043 a
2956 1989 3243 2045 Salvatore
3273 2001 3524 2058 ornatus,
3557 2009 3695 2049 con-

2112 2078 2342 2133 trariam
2375 2080 2812 2150 sceleratamque
2839 2080 3012 2135 vicem
3039 2081 3242 2135 retulit.

2183 2270 2349 2328 Vens.
2369 2273 2458 2336 50,
2493 2274 2580 2328 51.
2612 2274 2901 2344 Pr0pterea
2929 2275 3217 2346 conﬁtebor
3245 2278 3339 2330 tibi
3369 2280 3423 2332 in
3455 2281 3685 2336 nationi-

2111 2361 2231 2427 bus,
2266 2363 2512 2428 Domine,
2551 2375 2599 2419 et
2623 2369 2827 2420 nomini
2868 2375 2958 2420 tuo
3001 2368 3268 2436 psalmum
3319 2370 3515 2424 dicam.
3565 2371 3690 2427 Ma-

2106 2456 2370 2525 gni/icans
2424 2457 2624 2512 salutes
2687 2461 2824 2528 regis
2875 2459 3014 2528 ejus,
3050 2469 3101 2513 et
3131 2460 3333 2529 faciens
3386 2463 3688 2518 misericor-

2106 2547 2253 2599 diam
2304 2546 2500 2602 cltristo
2535 2565 2630 2603 suo
2676 2549 2871 2614 David,
2917 2558 2966 2603 et
3016 2552 3205 2604 semini
3253 2552 3370 2621 ejus
3417 2569 3582 2624 usque
3631 2558 3688 2611 in

2105 2631 2381 2686 socculum.
2435 2633 2518 2688 Ad
2554 2635 2812 2698 alterum,
2855 2643 2929 2698 et,
2968 2647 3027 2690 ut
3071 2637 3147 2690 ita
3189 2636 3392 2701 dicam,
3426 2638 3686 2704 dextrum

2105 2723 2353 2778 ordinem
2401 2741 2708 2782 sermonem
2743 2728 3026 2795 transfert,
3082 2738 3140 2783 ut
3199 2729 3283 2782 vel
3346 2731 3480 2800 ipsis
3517 2733 3686 2790 rebus

2103 2823 2267 2885 atque
2322 2818 2497 2872 oculis
2547 2819 2983 2875 animadvertere
3036 2829 3140 2876 est.
3202 2821 3676 2887 Quemadmodum

2105 2905 2276 2960 David
2320 2918 2442 2977 post
2477 2897 2780 2966 Salvator-is
2831 2912 3011 2966 nostri
3051 2917 3373 2980 adventum,
3409 2916 3686 2978 hactenus

2100 3001 2259 3071 quasi
2297 3002 2352 3055 in
2399 3003 2535 3058 vivis
2574 3012 2718 3058 esset
2753 3019 2817 3058 ac
2847 3020 2972 3059 cum
2999 3005 3314 3063 hominibus
3345 3019 3681 3076 versaretur,

2100 3095 2315 3150 censeri
2346 3103 2545 3163 potest,
2566 3110 2630 3149 ac
2659 3112 2757 3166 per
2786 3086 2991 3167 scripta
3025 3115 3145 3164 sua,
3178 3101 3415 3167 cantica,
3448 3103 3682 3174 hymnos

2100 3187 2158 3242 in
2219 3187 2479 3241 omnibus
2525 3188 2782 3258 gentibus
2845 3190 3031 3259 psallit
3086 3192 3469 3248 universorum
3526 3193 3681 3263 Deo;

2099 3277 2175 3331 ita
2207 3277 2256 3333 is
2283 3277 2378 3348 qui
2403 3294 2470 3333 ex
2501 3280 2709 3336 semine
2737 3282 2860 3351 ejus
2889 3280 3070 3338 factus
3110 3295 3215 3348 est,
3262 3283 3329 3339 ad
3359 3286 3521 3355 cujus
3549 3303 3679 3357 pero-

2097 3384 2290 3424 sonam
2316 3385 2378 3426 ea
2406 3386 2526 3441 qua:
2549 3371 2662 3442 jam
2692 3381 2992 3429 tractamus
3017 3376 3161 3429 dicta
3183 3376 3517 3444 referuntur,
3548 3393 3677 3436 cum

2096 3462 2212 3532 pari
2246 3463 2457 3518 ratione
2485 3464 2809 3521 insidiantes
2841 3467 2946 3521 sibi
2973 3471 3336 3538 superaverit,
3349 3471 3476 3539 jure
3503 3473 3676 3540 dicat,

2093 3564 2144 3608 et
2175 3553 2241 3609 ab
2268 3555 2658 3626 insurgentibus
2689 3558 2743 3610 in
2771 3574 2850 3611 me
2885 3559 3150 3614 exultabis
3183 3578 3282 3614 me.
3323 3563 3448 3617 Illos
3490 3564 3678 3635 itaque

2093 3644 2295 3700 missos
2331 3644 2495 3712 facit;
2526 3646 2870 3717 gratiamque
2915 3663 2980 3702 ac
3027 3651 3315 3706 veritatem
3347 3667 3504 3707 suam
3543 3656 3674 3709 uni-

2091 3737 2269 3792 versis
2314 3737 2572 3807 gentibus
2600 3738 2886 3807 impertit:
2935 3741 3098 3794 etiam
3131 3757 3278 3796 nunc
3322 3743 3523 3814 ubique
3557 3753 3672 3801 ter-

2091 3843 2276 3883 rarum
2311 3845 2553 3900 praesens
2607 3831 2744 3900 ipse,
2782 3840 2836 3886 et
2867 3831 2922 3886 in
2958 3833 3136 3888 medio
3161 3850 3352 3890 eorum
3381 3837 3474 3907 qui
3513 3838 3566 3892 in
3611 3856 3674 3896 se

2089 3925 2381 3991 speravere
2403 3922 2738 3988 consistens,
2780 3939 2878 3992 per
2908 3923 3213 3980 Ecclesiam
3242 3942 3398 3981 suam
3427 3930 3665 3988 confite-

2090 4019 2213 4078 tur;
2247 4014 2604 4082 quamobrem
2645 4015 2759 4068 ait:
2810 4014 3105 4085 Propterea
3137 4019 3430 4088 conﬁtebor
3463 4021 3562 4076 tibi
3611 4023 3671 4079 in

2087 4103 2413 4168 nationibus,
2447 4102 2694 4169 Domine,
2723 4114 2772 4158 et
2815 4107 3015 4159 nomini
3053 4116 3142 4161 tuo
3167 4109 3435 4178 psalmum
3468 4112 3666 4173 dicam.

2212 4211 2262 4267 1.
2291 4211 2359 4267 ΙΝ
2393 4210 2624 4288 FINEM,
2649 4213 2974 4270 PSALMUS
3025 4215 3236 4270 DAVID
3277 4216 3468 4274 XVIII.

2155 4322 2408 4382 Praesens
2442 4341 2663 4397 quoque
2701 4328 2947 4397 psalmus
2978 4342 3103 4382 cum
3138 4329 3208 4386 iis
3232 4333 3543 4391 censendus
3569 4337 3664 4408 qui

2083 4415 2150 4470 ad
2182 4417 2385 4472 bonum
2419 4417 2582 4473 linem
2615 4421 3038 4487 transmittunt;
3073 4421 3184 4476 imo
3212 4439 3432 4494 quoque
3457 4428 3667 4496 gratia-

385 4529 579 4600 γράφῃ
611 4529 734 4601 (sic)
761 4529 876 4600 ᾠδὴ
922 4529 1050 4598 τοῖς
1090 4531 1233 4598 τοὺς
1269 4531 1521 4601 ἐχθροὺς
1572 4549 1978 4603 καταγωνισα-

2096 4526 2206 4563 rum
2236 4513 2464 4565 actionis
2504 4511 2808 4582 inscriptus
2839 4524 2946 4579 est,
2978 4517 3244 4570 canticum
3268 4517 3334 4569 iis
3367 4518 3457 4588 qui
3482 4519 3662 4574 inimi-

377 4617 594 4690 μένοις
619 4621 910 4689 ἐπινίκιος
940 4621 1239 4692 εἰρημένη.
1282 4624 1372 4677 Διὸ
1398 4623 1537 4678 κατὰ
1562 4625 1655 4678 τὸν
1686 4625 1981 4696 Σύμμαχον

382 4713 605 4785 εἴρηται
628 4730 642 4743 ⁸
690 4714 1014 4781 Ἐπινίκιες
1041 4715 1165 4784 ᾠδὴ
1204 4714 1310 4769 τοῦ
1339 4715 1536 4770 Δαυΐδ.
1579 4717 1738 4772 Ἀλλὰ
1771 4719 1863 4772 καὶ
1890 4717 1980 4771 διὰ

382 4805 445 4857 τὸ
477 4804 796 4858 ἀνακεῖσθαι
842 4805 922 4877 τῷ
962 4805 1063 4869 τὰς
1102 4807 1260 4870 νίκας
1303 4806 1631 4880 δωρουμένῳ
1663 4809 1801 4880 Θεῷ,
1837 4810 1976 4862 κατὰ

382 4897 478 4948 τὸν
523 4896 776 4960 Ἀκύλαν,
816 4896 900 4963 Τῷ
929 4897 1214 4964 νικοποιῷ
1236 4897 1580 4968 μελῴδημα,
1616 4899 1886 4956 λέλεκται.

459 5073 526 5124 οι
557 5071 797 5139 ori-parci
827 5071 1173 5142 διηγοῦνται
1204 5073 1394 5140 δόξαν
1431 5075 1599 5141 Θεοῦ,
1630 5077 1884 5144 ποίησιν
1905 5077 1974 5130 δὲ

380 5162 602 5231 χειρῶν
632 5163 817 5217 αὑτοῦ
853 5164 1214 5235 ἀναγγέλλει
1255 5166 1320 5220 τὸ
1355 5167 1676 5236 στερέωμα.
1705 5167 1970 5220 Διδασκα-

379 5253 504 5307 λίαν
536 5253 780 5324 περιέχει
812 5256 912 5326 τῆς
948 5256 1044 5310 τοῦ
1077 5257 1212 5311 Θεοῦ
1256 5259 1655 5330 μεγαλουργίας
1688 5275 1971 5331 παραστα-

377 5347 560 5417 τικήν.
611 5346 824 5418 Ἐπειδὴ
849 5349 959 5421 γὰρ
991 5349 1053 5401 τὸ
1077 5350 1282 5419 ἀφανὲς
1312 5351 1406 5404 καὶ
1438 5352 1669 5422 ἀόρατον
1701 5351 1801 5422 τῆς
1826 5353 1969 5406 ἀσω-

380 5441 557 5509 μάτου
606 5438 706 5494 καὶ
737 5440 1000 5512 ἀγενήτου
1048 5442 1142 5494 καὶ
1174 5441 1360 5514 θεῖκῆς
1399 5444 1606 5508 οὐσίας,
1640 5445 1729 5498 διὰ
1785 5444 1843 5498 τὸ
1890 5445 1965 5516 μὴ

377 5531 587 5603 σαρκὸς
626 5531 921 5603 ὀφθαλμοῖς
961 5535 1492 5606 καταλαμϐάνεσθαι,
1540 5541 1589 5590 oi
1621 5538 1689 5590 τὰ
1743 5538 1965 5608 ὄμματα

373 5625 477 5694 τῆς
506 5623 687 5694 ψυχῆς
706 5627 1093 5697 πεπηρωμένοι
1119 5629 1218 5699 τῆς
1239 5629 1347 5683 τῶν
1370 5629 1540 5684 ὄντων
1565 5628 1850 5702 ὑπάρξεως
1880 5630 1966 5683 ex-

372 5716 730 5787 εεσλήκασιν,
766 5715 943 5781 ἀθέοις
977 5719 1238 5790 στόμασιν
1269 5722 1677 5794 ἀποφηνάμενοι
1715 5722 1789 5794 μὴ
1822 5719 1960 5776 εἶναι

370 5805 530 5872 Θεὸν,
572 5809 705 5881 μηδὲ
749 5806 1014 5881 ὑπάρχειν
1057 5828 1108 5866 τι
1165 5815 1411 5887 κρεῖττον
1455 5815 1561 5868 τῶν
1612 5818 1668 5869 ὲν
1714 5813 1958 5887 σώμασιν

2082 4617 2169 4655 cos
2219 4599 2572 4667 debellarunt,
2607 4603 2927 4673 triumphale
2977 4605 3200 4663 dictant.
3251 4605 3434 4673 Quare
3461 4624 3660 4665 secun-

2079 4691 2210 4746 dum
2273 4689 2664 4764 Symmachum
2728 4696 2952 4760 dicitur,
3005 4696 3345 4768 Triumpltale
3393 4700 3660 4756 canticum

2077 4784 2328 4842 Davidis.
2371 4785 2479 4840 Sed
2506 4787 2672 4841 etiam
2722 4790 2854 4858 quia
2899 4771 3013 4845 Deo
3051 4791 3410 4846 victoriarum
3441 4795 3655 4849 auctori

2075 4887 2459 4944 consecratur,
2513 4880 2814 4936 secundum
2869 4882 3149 4954 Aquilam,
3200 4883 3452 4937 Victoria:
3486 4883 3658 4957 largi-

2077 4975 2181 5027 tori
2210 4973 2525 5040 modulatio,
2561 4974 2907 5032 inscribitur.

2148 5065 2312 5122 Vens.
2346 5067 2400 5120 2.
2441 5066 2573 5122 Caeli

2073 5175 2327 5212 manuum
2373 5158 2488 5228 ejus
2542 5161 2826 5215 annuntiat
2865 5163 3281 5230 ﬁrmamentum.
3331 5165 3648 5223 Doctrinam

2071 5255 2475 5325 complectitur,
2530 5271 2637 5323 qua
2704 5272 2964 5328 magnum
3023 5258 3159 5314 illud
3208 5259 3304 5314 Dei
3363 5262 3645 5330 opiﬁcium

2069 5357 2380 5404 enarratur.
2454 5346 2592 5414 Quia
2660 5349 2806 5402 enim
2880 5349 3137 5404 latentem
3210 5351 3650 5425 invisibilemque

2068 5441 2310 5494 divinam
2417 5439 2802 5506 substantiam,
2904 5440 3288 5510 incorpoream
3379 5453 3433 5500 et
3534 5459 3644 5502 non

2069 5531 2289 5597 factam,
2346 5531 2490 5602 quod
2549 5531 2864 5586 carnalibus
2917 5533 3094 5588 oculis
3149 5535 3344 5608 attingi
3419 5544 3477 5592 et
3550 5552 3646 5595 co-

2651 5077 2905 5123 enarrant
2951 5069 3179 5141 gloriam
3220 5072 3341 5140 Dei,
3391 5084 3441 5130 et
3491 5092 3652 5146 opera

2065 5625 2256 5698 gnosci
2336 5631 2595 5692 nequeat,
2667 5621 2759 5692 qui
2839 5625 3039 5680 mentis
3133 5628 3308 5684 oculis
3383 5630 3640 5686 obcaecati

2064 5723 2244 5780 erant,
2277 5731 2307 5771 e
2333 5723 2528 5769 natura
2558 5727 2743 5766 rerum
2779 5717 3141 5788 expulerunt;
3182 5720 3312 5776 dum
3349 5721 3510 5776 atheo
3541 5722 3636 5776 im-

2063 5811 2265 5885 pioque
2299 5821 2414 5875 ore,
2452 5803 2664 5861 nullum
2693 5820 2817 5866 esse
2857 5808 3050 5881 Deum,
3083 5828 3186 5871 nec
3217 5811 3495 5885 quidpiam
3520 5825 3642 5871 cor-
