4094 6378
409 271 514 364 ιεέι

1079 308 1349 367 EUSEBII
1388 305 1869 366 CAL'SARIENSIS
1910 307 2063 367 OPP.
2104 308 2285 365 PARS
2323 309 2409 363 lll.
2450 337 2520 350 --
2551 305 2964 365 EXEGETICA.

3567 311 3669 367 188

403 425 586 494 porcis
615 426 782 506 rebus
808 427 912 482 sub
949 435 1232 496 aspectum
1268 431 1597 487 cadentibus
1626 431 1978 501 praestantius

2086 429 2370 502 ὁρωμένων
2396 445 2410 458 ·
2461 427 2751 498 αὐτομάτῳ
2783 427 2840 481 δὲ
2880 427 2975 481 καὶ
3006 427 3185 498 ἀλόγῳ
3235 429 3514 500 συντυχίᾳ,
3547 430 3671 502 εἰκῆ

400 520 667 575 exsistere
699 520 1165 589 pronuntiabant;
1197 521 1292 576 sed
1324 531 1628 591 spontaneo
1657 525 1892 594 quodam
1916 541 1979 579 ac

402 609 703 664 temerario
734 625 1010 667 concursu
1043 621 1096 667 et
1135 615 1371 683 partium
1404 629 1726 685 congressu,
1757 631 1891 673 casu
1918 632 1983 671 ac

404 702 553 777 nulla
601 705 900 758 exsistente
947 719 1138 769 causa,
1176 708 1498 762 universum
1535 709 1802 762 mundum
1845 725 1978 763 coa-

401 794 591 860 luisse,
627 795 1002 850 necessarium
1039 796 1143 852 fuit
1167 805 1226 852 ut
1257 800 1513 869 praesenti
1539 815 1813 866 sermone,
1837 802 1982 870 psal-

400 885 549 941 lendi
594 901 766 951 more,
805 903 901 957 per
934 887 1233 944 dilucidam
1281 891 1832 958 demonstrationem,
1869 894 1982 948 vim

401 977 548 1030 illam
596 993 780 1032 rerum
810 981 1132 1036 creatricem
1173 998 1238 1037 ac
1273 983 1368 1038 Dei
1407 984 1692 1038 scientiam
1729 1000 1985 1056 compro-

401 1068 579 1128 baret,
618 1068 722 1121 hoc
747 1070 1041 1125 ratiocinio
1086 1088 1243 1127 usus.
1283 1073 1594 1128 Mortalium
1629 1085 1822 1130 natura
1861 1079 1980 1133 exi-

399 1177 505 1230 gua
535 1162 842 1231 debilisque
889 1172 993 1226 est,
1035 1161 1322 1219 hominum
1352 1167 1717 1237 cogitationes
1747 1171 1975 1241 ignavae,

400 1262 712 1324 nostraque
746 1255 1086 1324 cognitiones
1126 1257 1351 1312 incertae
1381 1270 1531 1314 sunt.
1575 1259 1759 1327 Quare
1787 1263 1984 1318 divinae

399 1346 585 1416 gloriae
625 1363 724 1416 pro
763 1348 959 1402 merito
999 1351 1321 1404 enarrandas
1360 1352 1592 1406 multum
1625 1353 1862 1423 impares
1892 1373 1986 1411 su-

401 1453 550 1491 mus.
581 1437 701 1492 Non
733 1439 879 1493 enim
910 1441 1166 1494 humanis
1199 1441 1451 1511 vocibus,
1483 1459 1591 1497 non
1623 1444 1808 1515 lingua
1860 1463 1984 1501 car-

402 1530 538 1593 nali,
573 1546 683 1584 non
711 1531 871 1586 labiis
905 1540 1139 1601 possunt
1173 1533 1336 1604 digna
1384 1551 1448 1590 ac
1488 1538 1656 1606 probe
1678 1541 1984 1611 excogitata

407 1621 473 1675 de
503 1622 614 1677 Deo
647 1625 811 1678 verba
841 1625 1140 1679 enuntiari.
1187 1626 1342 1692 Quod
1378 1629 1424 1682 si
1465 1631 1554 1683 cui
1599 1631 1841 1699 libuerit,
1870 1635 1985 1689 eﬁi-

402 1729 590 1768 cacem
635 1715 807 1778 illam,
842 1717 1136 1770 maximam
1178 1727 1231 1772 et
1265 1717 1376 1774 Deo
1406 1721 1626 1790 dignam
1674 1724 1980 1780 doctrinam

2084 523 2179 575 xal.
2207 521 2388 592 μάτην
2417 519 2475 586 ἐξ
2520 519 2776 591 οὐδεμιᾶς
2806 520 2985 583 αἰτίας
3027 520 3327 590 ὑποστῆναι
3360 521 3452 574 τὸν
3491 522 3672 578 πάντα

2083 613 2286 683 κόσμον
2301 629 2314 641 °
2340 611 2651 681 ἀναγκαίως
2679 613 2708 664 ὁ
2731 610 2920 682 παρὼν
2945 612 3100 680 λόγος
3119 612 3208 665 διὰ
3235 613 3336 682 τῆς
3355 612 3674 684 ψαλμῳδίας

2082 703 2473 767 ἀποδεικτικῶς
2504 704 2599 757 καὶ
2632 702 2768 774 μετὰ
2795 703 3191 775 δημιουργικῆς
3221 705 3328 757 τῶν
3357 704 3492 757 ὅλων
3523 705 3672 759 δυνά-

2087 813 2232 868 μεως
2282 797 2379 868 τὴν
2428 795 2704 864 θεολογίαν
2743 797 3064 867 παρίστησι,
3093 795 3329 849 τοιοῦτόν
3358 814 3480 850 τινα
3522 796 3672 865 λογις

2087 890 2223 961 σμὸν
2251 888 2478 955 διεξιών.
2506 887 2726 960 Θνητῶν
2752 887 2850 958 μὲν
2888 887 3048 957 φύσις
3081 888 3250 958 μικρά
3293 887 3550 958 τυγχάνει
3577 888 3673 942 καί¹

2084 977 2316 1050 ἀσθενής
2337 996 2350 1009 ·
2388 977 2635 1048 λογισμοί
2661 995 2723 1030 τε
2760 976 3062 1047 ἀνθρώπων
3091 976 3274 1041 δειλοὶ,
3311 979 3404 1030 καὶ
3434 979 3670 1047 ἐπισφα-
3734 1016 3735 1019 η

2085 1071 2195 1135 λείς
2220 1073 2276 1125 αί
2312 1071 2548 1125 ἐπίνοιαι
2588 1069 2744 1140 ἡμῶν
2764 1087 2778 1100 ·
2801 1069 2881 1122 διὸ
2926 1069 3174 1123 πλεῖστον
3204 1069 3326 1122 ὅσον
3371 1069 3673 1140 ἀποδέομεν

2085 1164 2183 1234 τῆς
2216 1165 2334 1217 κατ’
2361 1161 2517 1227 ἀξίαν
2536 1162 2783 1228 τοῦΘεοῦ
2810 1160 3134 1229 δοξολογίας.
3163 1161 3294 1213 Οὐδὲ
3334 1160 3443 1232 γὰρ
3464 1161 3673 1232 ἀνθρώ-

2087 1274 2202 1310 πων
2238 1259 2462 1325 φωναῖς,
2487 1255 2608 1308 οὐδὲ
2639 1251 2854 1327 γλώττῃ
2888 1254 3088 1324 σαρκὸς
3127 1254 3221 1306 καὶ
3248 1253 3482 1323 χείλεσιν
3513 1254 3671 1308 δύνα-

2089 1349 2209 1402 σθαί
2239 1365 2368 1401 ποτε
2406 1345 2644 1418 νομίζειν
2677 1345 2899 1410 ἐπάξιον
2933 1347 3062 1415 περί
3103 1345 3237 1398 Θεοῦ
3283 1345 3440 1414 λόγον
3481 1347 3671 1400 ἀποδί-

2085 1441 2290 1496 δοσθαι.
2320 1441 2383 1493 Εἰ
2408 1440 2466 1492 δέ
2494 1440 2598 1510 χρὴ
2626 1438 2972 1501 διδασκαλίας
2998 1437 3249 1509 ἐνεργοῦς
3285 1438 3377 1491 καὶ
3409 1439 3671 1509 μεγίστης

2087 1534 2234 1605 αὐτῷ
2267 1551 2325 1585 τε
2361 1532 2679 1604 πρεπούσης
2711 1531 2788 1601 τῷ
2815 1530 2934 1601 Θεῷ
2961 1529 3270 1592 ἐπακούειν,
3306 1529 3359 1582 εἴ
3385 1549 3466 1594 τις
3495 1530 3669 1601 ερρω-

2086 1643 2175 1678 ται
2201 1627 2297 1695 τῆς
2320 1625 2498 1695 ψυχῆς
2516 1624 2587 1677 τὰ
2625 1623 2976 1695 αἰσθητήρια,
3007 1622 3334 1676 συντεινάτω
3363 1621 3551 1675 ἐαυτὸν
3577 1623 3672 1675 καὶ

2087 1717 2406 1788 διεγειράτω
2454 1716 2589 1788 πρὸς
2625 1716 2887 1787 ἀκρόασιν
2929 1712 3166 1778 ἐπαξίως
3213 1714 3671 1785 ἀναφωνουμένην

402 1805 615 1869 audire,
657 1808 746 1859 cui
800 1807 1013 1862 scilicet
1048 1810 1248 1864 mentis
1301 1827 1499 1868 sensus
1546 1816 1824 1885 praevalidi
1867 1816 1980 1873 fue-

2087 1811 2184 1881 τῆς
2231 1808 2693 1880 ἀπειρομεγέθους
2741 1808 3019 1878 δυνάμεως
3041 1806 3356 1877 τοῦθεοῦο
3400 1808 3468 1878 ἢν
3515 1808 3672 1861 αὐτοί

401 1899 533 1964 rint,
577 1899 623 1953 is
667 1903 849 1955 animo
903 1902 1170 1968 intendat,
1226 1920 1459 1975 seseque
1514 1909 1754 1964 concitet
1802 1910 1868 1965 ad
1922 1925 1987 1966 ea

401 1993 758 2048 auscultanda
791 2011 912 2064 quae
967 1996 1056 2050 hic
1107 1998 1175 2052 de
1218 1998 1488 2055 immensa
1521 2000 1612 2056 illa
1649 2001 1742 2057 Dei
1780 2003 1984 2059 virtute

401 2084 688 2141 feruntur:
741 2104 980 2158 qumque
1001 2090 1105 2159 ipsi
1147 2092 1297 2158 cmli,
1353 2100 1528 2148 totum
1562 2095 1618 2149 in
1651 2111 1711 2150 se
1740 2099 1985 2168 comple-

400 2186 635 2242 ctentes,
663 2179 981 2236 Creatorem
1018 2197 1178 2236 suum
1211 2185 1704 2255 universorumque
1735 2187 1984 2257 Opiﬁcem

399 2270 620 2341 hymnis
659 2279 713 2326 ct
760 2273 994 2328 canticis
1055 2275 1423 2340 celebrantes,
1493 2277 1802 2347 proferunt.
1868 2278 1980 2350 Ipsi

400 2377 639 2432 namque
672 2364 797 2417 caeli
847 2367 940 2434 qui
997 2369 1241 2436 supremi
1298 2369 1545 2424 oumium
1593 2379 1745 2435 sunt,
1793 2379 1848 2428 et
1881 2373 1984 2428 sibi

400 2455 686 2523 supposito
714 2455 1058 2510 lirmamento
1089 2459 1353 2524 eminent,
1393 2463 1487 2531 qui
1519 2464 1832 2520 universam
1856 2480 1982 2519 cum

402 2545 721 2600 scnsibilem
755 2555 872 2600 tum
931 2548 1210 2603 intellectu
1264 2553 1550 2620 praeditam
1578 2565 1830 2610 naturam
1866 2573 1982 2611 am-

402 2637 583 2702 biunt,
647 2637 875 2706 gloriam
933 2639 1029 2694 Dei
1079 2656 1189 2695 non
1229 2641 1416 2697 erca
1467 2645 1674 2716 lingua,
1721 2663 1832 2704 non
1877 2651 1984 2706 alia

403 2729 638 2784 dialeeto
671 2729 1013 2800 praedicant;
1069 2733 1163 2788 sed
1207 2735 1344 2804 ipsis
1378 2740 1660 2808 operibus.
1690 2757 1788 2811 per
1821 2759 1983 2799 suum

400 2821 656 2876 videlicet
704 2830 982 2888 ornatum,
1025 2839 1123 2893 per
1160 2828 1518 2895 concinnam,
1586 2832 1967 2889 harmonicam

400 2921 456 2969 et
486 2914 950 2983 sapientissimum
997 2920 1473 2988 constitutionem,
1508 2933 1790 2982 auctorem
1828 2927 1980 2985 illius

403 3005 480 3058 ita
516 3012 664 3059 recte
706 3005 1187 3073 ordinati-motus,
1238 3011 1470 3083 ejusque
1513 3014 1837 3072 immensam
1871 3019 1984 3071 vir-

402 3099 574 3144 tutem
597 3091 850 3146 edocent.
890 3093 974 3146 Ea:
1007 3099 1371 3167 magnitudine
1412 3103 1552 3157 enim
1598 3117 1648 3159 et
1688 3108 1983 3175 pulchritu-

400 3185 523 3238 dine
547 3195 916 3239 creaturarum
959 3193 1295 3258 proportione
1313 3196 1543 3263 quadam
1565 3208 1771 3254 creator
1800 3218 1984 3255 earum

402 3287 670 3348 spectatur
692 3280 760 3347 3°;
789 3289 841 3334 ct
864 3299 876 3334 :
902 3280 1202 3337 lnvisibilia
1227 3287 1413 3354 ipsius,
1445 3306 1476 3342 a
1497 3300 1742 3346 creatura
1779 3294 1982 3360 mundi,

403 3388 494 3440 per
522 3389 584 3425 ea
609 3389 726 3443 qua:
755 3373 900 3439 facta
933 3385 1058 3429 sunt
1090 3377 1358 3434 intellecta
1391 3383 1790 3450 conspiciuntur
1813 3402 1830 3449 ;
1853 3404 1986 3441 sem-

403 3465 611 3533 piterna
645 3481 848 3533 quoque
903 3457 1016 3530 eius
1058 3468 1223 3523 virtus
1254 3480 1303 3524 et
1338 3471 1592 3528 divinitas
1615 3476 1681 3532 ⁸¹.
1715 3476 1981 3551 Quisquis

405 3572 558 3626 ergo,
611 3557 820 3626 absque
871 3559 982 3611 ulla
1018 3563 1283 3618 ereatrice
1339 3565 1572 3630 ratione,
1625 3568 1743 3623 sine
1798 3569 1982 3625 divina

405 3648 831 3727 aliquaxvirtute,
865 3650 1035 3704 caelos
1069 3668 1222 3706 suam
1245 3656 1561 3713 condidisse
1590 3660 1978 3727 substantiam,

405 3723 614 3793 tantain
671 3741 820 3793 illam
900 3745 1330 3812 magnitudinem
1407 3749 1681 3820 talemque
1750 3751 1981 3806 formam

404 3829 708 3883 adornasse
739 3838 918 3898 putat,
971 3847 1034 3886 ac
1089 3834 1161 3887 ita
1198 3838 1529 3892 concinnum
1556 3840 1981 3912 ordinatumque

407 3929 614 3987 motum
648 3923 977 3991 corporibus
1031 3925 1165 3996 ipsis
1215 3930 1493 3999 ascripsit,
1530 3932 1578 3987 is
1610 3948 1743 3988 sane
1775 3937 1977 3991 stultus

403 4017 458 4062 et
499 4008 700 4079 impius
732 4018 836 4065 est.
888 4012 1255 4077 Quamobrem
1307 4033 1403 4074 eos
1456 4021 1549 4088 qui
1605 4037 1739 4077 sana
1796 4032 1979 4078 mente

2092 1902 2452 1974 προφέρονται
2489 1903 2538 1953 οἱ
2579 1901 2668 1954 τὸν
2720 1900 3007 1970 σύμπαντα
3040 1900 3383 1971 περιέχοντες
3430 1900 3669 1972 οὐρανοὶ,

2087 1993 2179 2046 τὸν
2209 1993 2414 2046 ἐαυτῶν
2442 1993 2665 2064 κτίστην
2690 1993 2784 2045 καὶ
2807 1992 3034 2062 ποιητὴν
3055 1991 3163 2044 τῶν
3189 1991 3325 2045 ὅλων
3347 1991 3478 2046 Θεὸν
3503 1993 3671 2063 ᾠδαῖς

2089 2061 2182 2139 κῶ
2219 2085 2545 2154 δοξολογίαις
2576 2061 2959 2156 ἀνυμνοῦντες.
2991 2084 3154 2137 Αὐτοὶ
3179 2084 3287 2155 γὰρ
3315 2086 3363 2138 οἰ
3409 2061 3669 2140 ἀνωτάτω

2089 2178 2324 2243 πάντων,
2379 2178 2470 2230 καὶ
2506 2177 2600 2230 τοῦ
2647 2176 3048 2247 ὑποϐεϐηκότος
3089 2175 3466 2247 στερεώματος
3501 2178 3670 2249 ὑπερ-

2089 2271 2331 2340 κείμενοι
2379 2269 2624 2342 οὐρανοὶ,
2677 2270 2726 2321 οἰ
2778 2268 3071 2339 σύμπασαν
3110 2269 3520 2340 περιειληφότες
3573 2269 3670 2340 τὴν

2089 2360 2351 2433 αἰσθητὴν
2372 2361 2466 2414 καὶ
2490 2359 2864 2431 πνευματικὴν
2889 2357 3088 2420 κτίσιν,
3111 2359 3208 2428 τὴν
3230 2356 3384 2422 δόξαν
3413 2357 3548 2410 Θεοῦ
3571 2359 3670 2410 οὐκ

2099 2452 2380 2526 Ἑλληνικῇ
2405 2455 2553 2524 φωνῇ
2581 2451 2960 2522 φθεγγόμενοι,
2977 2452 3085 2504 οὐδ’
3106 2453 3266 2523 ἑτέρᾳ
3287 2451 3393 2504 τινὶ
3410 2451 3671 2522 διαλέκτῳ

2086 2547 2376 2620 χρώμενοι,
2390 2547 2537 2618 αὐτῷ
2555 2547 2610 2599 δὲ
2629 2546 2774 2618 ἔργῳ
2793 2544 2880 2599 διὰ
2893 2545 2986 2599 τοῦ
3017 2546 3222 2600 ἑαυτῶν
3246 2546 3449 2616 κόσμου
3467 2547 3672 2616 καὶτῆς

2086 2639 2360 2711 εὐρύθμου
2387 2638 2482 2691 καὶ
2513 2638 2833 2709 ἐναρμονίου
2857 2637 2947 2690 καὶ
2977 2637 3253 2706 πανσόφου
3278 2637 3538 2701 στάσεως,
3573 2634 3666 2688 τοῦ

2087 2731 2260 2785 αἰτίου
2285 2731 2468 2794 αὐτοῖς
2489 2731 2589 2800 τῆς
2615 2729 2826 2782 τοιᾶσδε
2855 2730 3120 2799 κινήσεως
3143 2729 3242 2801 τὴν
3264 2725 3668 2798 ἀπειρομεγέθη

2085 2825 2312 2895 δύναμιν
2343 2823 2766 2877 ἐκδιδάσκουσιν.
2817 2824 2916 2876 Ἐκ
2945 2821 3055 2890 γὰρ
3080 2823 3370 2891 μεγέθους
3395 2821 3491 2874 καὶ
3523 2822 3640 2873 καλ
3666 2852 3671 2856 -

2086 2913 2278 2982 λονῆς
2314 2912 2652 2982 κτισμάτων
2696 2913 3006 2981 ἀναλόγως
3039 2915 3072 2966 ό
3109 2911 3526 2981 τενεσιουργὸς
3559 2910 3669 2964 αὑ·-

2083 3008 2204 3060 τῶν
2225 3006 2518 3076 θεωρεῖται
2533 3023 2546 3035 ο
2573 3005 2687 3068 καὶ,
2724 3005 2800 3059 Τὰ
2819 3005 3041 3072 ἀόρατα
3061 3004 3248 3058 αὐτοῦ
3278 3003 3396 3058 ἀπὸ
3421 3004 3671 3071 κτίσεως

2086 3101 2318 3169 κόσμου
2350 3099 2474 3164 τοῖς
2506 3096 2797 3166 ποιήμασι
2832 3097 3130 3165 νοούμενα
3161 3093 3500 3164 καθορᾶται·
3532 3097 3570 3164 ἦ
3605 3114 3670 3151 τε

2091 3191 2280 3257 ἀΐδιος
2311 3189 2496 3244 αὐτοῦ
2528 3189 2780 3258 δύναμις
2812 3188 2911 3241 καὶ
2940 3188 3171 3256 θεότης.
3212 3189 3272 3240 '0
3303 3183 3393 3242 οὖν
3425 3189 3551 3251 τοὺς
3579 3189 3668 3241 οὐ-

2093 3285 2287 3357 ρανοὺς
2330 3282 2562 3353 νομίζων
2595 3281 2716 3351 δίχα
2755 3281 2898 3344 τινὸς
2930 3279 3319 3352 δημιουργικοῦ
3370 3279 3525 3348 λόγου
3573 3280 3669 3334 καὶ

2091 3377 2241 3441 θείας
2267 3376 2396 3430 ἄνευ
2429 3376 2709 3447 δυνάμεως
2739 3375 2966 3438 ἑαυτοὺς
2999 3372 3422 3444 ὑποστήσασθαι,
3457 3372 3665 3426 καὶτοῦ

2089 3469 2304 3524 τοσοῦδε
2337 3468 2598 3540 μεγέθους
2637 3469 2730 3521 καὶ
2759 3466 2851 3521 τοῦ
2895 3465 3099 3519 τοιοῦδε
3131 3465 3430 3535 σχήματος,
3476 3464 3578 3534 τῆς
3605 3481 3667 3516 τε

2085 3560 2380 3626 εὐσταθοῦς
2431 3561 2525 3615 καὶ
2574 3561 2836 3614 εὐτάκτου
2870 3560 3136 3629 κινήσεως
3185 3559 3286 3629 τὴν
3338 3557 3516 3611 αἰτίαν
3556 3559 3667 3619 τοῖς

2088 3655 2332 3725 σώμασιν
2361 3654 2538 3706 αὐτῶν
2565 3653 2952 3723 προσγράφων,
2981 3651 3169 3724 ἄφρων
3199 3651 3295 3704 καί¹
3323 3651 3547 3722 ἀσεϐής.
3572 3650 3665 3702 Διὸ

2083 3748 2210 3810 τοὺς
2243 3747 2488 3818 ἔμφρονα
2520 3745 2643 3798 νοῦν
2673 3744 3043 3814 κεκτημένους
3086 3744 3353 3815 προσήκει
3383 3732 3666 3813 συνομολο-

2085 3841 2202 3907 γεῖν
2238 3836 2517 3908 μονονουχὶ
2565 3835 2751 3906 φωνῆς
2784 3835 3002 3888 ἀκούειν
3044 3834 3189 3905 ἔργῳ
3241 3832 3449 3905 βοώσης
3487 3832 3666 3886 αὐτῶν

2087 3929 2193 3982 τῶν
2235 3928 2503 4000 οὐρανῶν,
2546 3928 2646 3999 τὴν
2683 3927 2998 3998 πρέπουσαν
3039 3926 3196 3992 δόξαν
3234 3926 3666 3998 ἀναπεμπόντων

2084 4019 2162 4091 τῷ
2193 4019 2398 4073 ἐαυτῶν
2429 4021 2622 4090 ποιητῇ
2653 4022 2747 4073 καὶ
2771 4019 3084 4090 δημιουργῷ
3114 4018 3250 4089 Θεῷ.

403 4111 533 4160 sunt
569 4119 666 4173 par
703 4113 788 4158 est
828 4123 934 4160 una
994 4110 1264 4176 conﬁteri,
1312 4130 1372 4168 se
1418 4123 1628 4172 tantum
1669 4135 1780 4173 non
1839 4121 2028 4176 audire
2063 4122 2328 4174 caelorum
2374 4133 2585 4182 vocem,
2651 4116 2737 4170 vel
2780 4115 2900 4184 ipso
2939 4129 3102 4184 opere
3139 4115 3489 4178 clamantem,
3529 4128 3664 4168 con-

407 4209 800 4271 gruentemque
843 4201 974 4267 Deo,
1015 4205 1207 4260 faetori
1242 4217 1297 4263 et
1344 4211 1526 4280 opiﬁci
1571 4230 1692 4279 suo,
1733 4217 1960 4285 gloriam
1998 4217 2360 4272 emittentem.

481 4291 604 4345 Pari
649 4307 867 4361 quoque
903 4295 1064 4348 modo
1105 4298 1527 4366 ﬁrmamentum,
1564 4307 1708 4373 quod
1737 4307 1979 4361 secunda

2157 4307 2312 4360 Οὐτω
2347 4306 2404 4358 δὲ
2434 4308 2528 4360 καὶ
2554 4305 2614 4358 τὺ
2647 4306 2950 4376 στερέωμα,
2979 4305 3008 4357 ὃ
3038 4305 3100 4376 δὴ
3133 4305 3371 4375 Μωῦσῆς
3396 4305 3538 4360 κατὰ
3566 4303 3663 4378 τὴν

407 4383 703 4439 cr’eationis
735 4381 824 4437 die
858 4383 1072 4455 Moyses
1112 4386 1313 4442 factum
1363 4391 1689 4462 declaravit;
1741 4396 1844 4450 hoc
1893 4397 1978 4450 in-

2086 4396 2342 4468 δευτέραν
2364 4397 2575 4467 ἡμέραν
2599 4397 2697 4466 τῆς
2720 4397 3076 4466 κοσμοποιίας
3099 4397 3376 4464 γεγονέναι
3402 4396 3659 4468 παρίστη·

407 4489 574 4544 quam
618 4473 1041 4538 ﬁrmamentum,
1081 4479 1224 4546 quod
1261 4481 1406 4534 aliud
1449 4491 1534 4537 est
1571 4499 1601 4536 a
1625 4485 1739 4553 jam
1775 4503 1978 4542 memo-

408 4564 758 4628 ratis.coelis,
788 4566 1044 4622 omnibus
1077 4569 1356 4637 praedicat,
1397 4579 1451 4626 et
1478 4574 1728 4630 similiter
1755 4577 1974 4644 clamat,

410 4655 751 4723 indicatque,
807 4668 868 4707 se
907 4669 1013 4708 non
1051 4665 1352 4725 spontanee
1397 4660 1692 4716 coalitione
1724 4662 1781 4716 iu
1815 4663 1977 4718 talem

412 4745 639 4800 formam
672 4744 1001 4811 deductum;
1051 4747 1146 4801 sed
1176 4763 1314 4818 Opus
1344 4766 1468 4806 esse
1513 4753 1758 4807 omnium
1797 4770 1980 4810 rerum

409 4835 712 4890 conditoris
745 4834 858 4889 Dei.
911 4834 1277 4901 Quamobrem
1308 4840 1516 4895 dictum
1557 4851 1673 4898 est:
1730 4843 1799 4896 Et
1822 4861 1980 4914 opera

409 4941 662 4980 manuum
683 4928 796 4997 ejus
838 4930 1120 4982 annuntiat
1162 4931 1576 4999 ﬁrmamentum.
1608 4933 1844 4992 Noverat
1881 4955 1979 4993 au-

407 5024 518 5072 tem
562 5017 796 5090 Moyses,
837 5027 962 5075 ante
1002 5021 1328 5080 ﬁrmamenti
1368 5029 1833 5085 constructionem
1861 5046 1977 5086 cce-

410 5110 542 5174 lum,
593 5111 680 5165 vel
716 5112 1033 5183 priusquam
1089 5113 1208 5170 dies
1248 5117 1422 5183 ﬁeret,
1455 5121 1736 5174 conditum
1768 5122 1976 5191 fuisse;

410 5215 536 5254 nam
577 5199 737 5255 dicit:
785 5201 849 5256 In
892 5205 1154 5275 principio
1186 5206 1310 5274 fecit
1358 5207 1500 5263 Deus
1549 5211 1737 5265 caelum
1785 5223 1836 5267 et
1869 5224 1978 5268 ter-

410 5308 528 5344 ram
549 5292 617 5344 δ’.
666 5293 744 5349 Ac
786 5296 1043 5367 deinceps
1091 5307 1214 5369 post
1258 5302 1496 5370 primum
1533 5305 1733 5358 caelum
1784 5308 1976 5361 condi-

409 5392 545 5446 tum,
577 5384 714 5440 lucis
745 5388 853 5442 vim
884 5406 946 5444 ac
984 5393 1316 5447 creationem
1352 5393 1527 5462 aﬂert,
1560 5397 1830 5468 docetque
1869 5401 1976 5455 luci

410 5473 518 5529 diei
569 5493 767 5533 nomen
816 5480 1070 5542 inditum,
1121 5484 1434 5556 factumque
1489 5488 1660 5543 fuisse
1723 5505 1882 5545 mane
1925 5502 1978 5547 et

409 5582 632 5637 vespere
659 5569 801 5625 diem
833 5573 1086 5642 primum.
1132 5577 1324 5634 Postea
1358 5580 1449 5635 ubi
1487 5583 1786 5637 secundam
1818 5583 1974 5640 ordi-

483 5722 526 5754 "
553 5721 678 5796 Sap.
736 5741 854 5796 xm,
891 5729 940 5784 5.
1019 5731 1060 5764 ⁸⁵
1092 5732 1246 5789 Horn.
1293 5752 1328 5804 ι,
1366 5738 1452 5793 ‘20.
1533 5742 1575 5771 ⁵²
1601 5740 1795 5799 Gcnes.
1835 5759 1876 5806 ι,
1929 5741 1960 5797 1.

2085 4490 2178 4543 καὶ
2211 4489 2367 4542 τοῦτο
2410 4489 2697 4561 τοιγαροῦν
2736 4489 2797 4542 τὸ
2844 4490 3147 4561 στερέωμα,
3196 4489 3379 4560 ἕτερον
3420 4489 3478 4542 ὃν
3509 4487 3664 4561 παρὰ

2083 4579 2210 4640 τοὺς
2244 4578 2770 4648 προωνομασμένους
2796 4579 3077 4650 οὐρανοὺς,
3109 4579 3364 4650 κηρύττει
3387 4581 3498 4642 τοῖς
3528 4581 3662 4632 πᾶσι

2088 4669 2182 4722 καὶ
2209 4669 2446 4740 κέκραγε
2478 4669 2764 4734 διδάσκων,
2810 4672 2890 4723 ότι
2927 4671 3000 4742 μὴ
3024 4671 3084 4736 ἐξ
3127 4673 3430 4743 αὐτομάτου
3461 4673 3662 4727 τοιόνδε

2090 4761 2295 4830 ὑπέστη
2321 4776 2333 4788 °
2360 4761 2520 4831 ἔργον
2546 4762 2603 4814 δέ
2643 4763 2758 4814 ἐστι
2785 4763 2878 4815 καὶ
2923 4763 3056 4816 αὐτὸ
3086 4763 3178 4816 τοῦ
3199 4764 3308 4816 τῶν
3346 4764 3480 4817 ὅλων
3508 4781 3662 4834 ποιη-

2085 4850 2180 4904 τοῦ
2215 4851 2378 4903 (θεοῦ⁹
2434 4853 2514 4904 διὸ
2559 4851 2805 4923 είρηται’
2839 4853 3095 4920 Ποίησιν
3124 4853 3192 4906 δὲ
3233 4853 3446 4933 χειρῶν
3475 4851 3661 4907 αὺτοῦ

2085 4942 2442 5011 ἀναγγέλλει
2470 4943 2536 4996 τὸ
2570 4943 2890 5014 στερέωμα.
2927 4941 3047 4997 Οἵδε
3077 4945 3133 4998 δὲ
3161 4946 3401 5014 Μωῦσῆς
3431 4944 3535 5016 πρὸ
3563 4944 3661 5014 τῆς

2085 5034 2178 5088 τοῦ
2223 5033 2598 5106 στερεώματος
2640 5037 2948 5102 συστάσεως
2981 5037 3205 5110 οὐρανὸν
3247 5038 3510 5108 πρότερον
3562 5037 3661 5106 τῆς

2088 5127 2297 5198 ἡμέρας
2330 5128 2710 5198 γεγενημένον,
2745 5129 2943 5197 λέγων’
2989 5131 3091 5184 Ἐν
3116 5129 3274 5198 ἀρχῇ
3310 5130 3597 5197 ἐποίησεν
3628 5133 3662 5184 ὁ

2091 5221 2233 5285 Θεὸς
2282 5221 2386 5274 τὸν
2407 5222 2665 5288 οὐρανὸν
2697 5221 2794 5275 καὶ
2826 5223 2940 5292 τὴν
2966 5223 3097 5293 γῆν.
3135 5223 3292 5293 Ἑξῆς
3329 5223 3373 5275 δ’
3403 5219 3494 5276 οὖν
3525 5220 3660 5293 μετά

2084 5310 2180 5382 τὴν
2209 5313 2423 5382 ποίησιν
2451 5311 2544 5365 τοῦ
2575 5311 2788 5383 πρώτου
2815 5314 3043 5384 οὐρανοῦ
3076 5315 3252 5383 φωτὸς
3271 5315 3479 5382 είσάγει
3506 5312 3659 5365 δύνα-

2090 5422 2180 5474 μιν
2200 5406 2292 5457 καὶ
2305 5405 2536 5472 γένεσιν,
2563 5405 2776 5475 ἡμέραν
2795 5423 2853 5456 τε
2877 5405 3118 5458 διδάσκει
3133 5405 3192 5458 τὸ
3210 5404 3321 5474 φῶς
3342 5404 3658 5471 κεκλῆσθαι,

2086 5497 2362 5564 γεγονέναι
2385 5515 2444 5549 τε
2470 5498 2680 5568 πρωῖαν
2703 5498 2836 5567 φησί
2864 5498 2958 5550 κού⁴
2991 5498 3249 5567 ἑσπέραν,
3277 5497 3487 5568 ἡμέραν
3507 5496 3657 5566 μίαν.

2085 5582 2216 5641 Εἶτα
2228 5588 2481 5658 δευτέρας
2496 5587 2598 5659 ήμέ
2609 5605 2703 5658 ρας
2720 5587 3036 5658 ἀρχόμενος,
3049 5589 3147 5661 τὴν
3169 5588 3260 5642 τοῦ
3284 5586 3658 5660 στερεώμᾳτοσ
