4094 6378
1581 281 2088 388 οδΜιιΕΝτΑιιιΑ
2127 327 2194 386 tN
2233 327 2574 388 PSALMOS.

3589 339 3694 400 190

409 441 632 509 εἰσάγει
657 439 896 510 ποίησιν.
937 438 1060 495 Οἵδε
1087 440 1148 494 δὲ
1175 441 1210 512 ή
1234 439 1424 514 Γραφὴ
1455 441 1550 496 καὶ
1603 441 1822 507 πλείους
1850 445 1988 514 οὐρα

2091 497 2094 506 _
2121 449 2213 497 tur
2245 444 2409 511 diem,
2441 446 2774 502 ﬁrmamenti
2791 448 3122 506 creationem
3147 451 3374 510 inducit.
3411 455 3694 528 Scriptura

407 532 544 596 νοῦς
561 551 576 562 ·
607 533 690 586 διό
723 549 888 602 φησιν
906 550 920 562 ·
949 533 1177 587 Αἰνεῖτε
1206 533 1314 586 τὸν
1340 533 1560 602 Κύριον
1582 535 1652 588 ἐκ
1689 535 1807 589 τῶν
1831 537 2010 604 οὐρα-

409 625 574 680 νῶν·
615 625 708 678 καὶ
759 623 955 677 πάλιν·
993 623 1222 678 Αἰνεῖτε
1265 624 1452 678 αὐτὸν
1500 628 1554 679 οὶ
1605 625 1850 694 οὐρανοὶ
1895 625 2016 680 τῶν

410 715 712 786 οὐρανῶν,
741 717 844 770 καὶ
875 717 942 770 τὸ
971 716 1128 785 ὕδωρ
1153 717 1216 770 τὸ
1257 717 1536 786 ὑπεράνω
1566 717 1686 772 τῶν
1703 719 1980 786 οὐρανῶν
1995 739 2010 750 ·

411 813 510 865 καὶ
537 810 773 882 ἀλλαχοῦ
815 811 1064 883 εἴρηται·
1107 812 1168 864 '0
1197 811 1456 880 οὐρανὸς
1493 811 1600 866 τοῦ
1641 814 1904 882 οὐρανοῦ
1932 814 2016 882 τῷ

407 905 629 972 Κυρίῳ.
643 905 752 956 Καὶ
761 904 824 956 τὸ
835 905 1122 975 στερέωμα
1133 904 1396 976 κέκληται
1411 905 1659 976 οὐρανὸς,
1674 907 1768 958 καὶ
1783 909 1811 960 ὁ
1822 908 1974 980 Σωτὴ
1983 926 2012 980 ρ

407 995 512 1066 τὴν
543 996 820 1066 βασιλείαν
852 997 962 1050 τῶν
995 997 1241 1068 οὐρανῶν
1289 999 1704 1067 ἐπαγγέλλεται,
1735 999 1828 1054 καὶ
1854 1003 1912 1054 ὲν
1943 1004 2008 1073 τῇ

406 1087 546 1159 εὐχῇ
563 1089 804 1142 διδάσκει
819 1091 996 1144 εἰπεῖν
1011 1107 1024 1120 ο
1045 1090 1235 1158 Πάτερ
1253 1089 1468 1160 ἡμῶνὸ
1483 1092 1554 1144 ἐν
1569 1091 1693 1158 τοῖς
1709 1095 2007 1162 οὐρανοῖς,

405 1181 524 1244 καὶ,
552 1182 624 1233 At
650 1179 938 1250 δυνάμεις
971 1180 1092 1234 τῶν
1122 1181 1398 1250 οὐρανῶν
1424 1183 1932 1251 σαλευθήσονται.

493 1359 712 1428 Ἡμέρα
729 1359 806 1428 τῇ
829 1359 1020 1430 ἡμέρᾳ
1043 1363 1346 1432 ἐρεύγεται
1359 1363 1548 1434 ῥῆμα,
1575 1367 1672 1422 καὶ
1697 1367 1814 1433 νὺξ
1831 1371 2008 1425 νυκτὶ

399 1450 768 1521 ἀναγγέλλει
813 1452 1064 1522 γνῶσιν.
1105 1455 1356 1509 Διδάσκει
1411 1459 1600 1530 ἡμέρα
1643 1461 1736 1513 καὶ
1766 1463 2005 1522 διδάσκει

401 1543 504 1608 νὺξ
529 1545 660 1596 τοὺς
697 1543 983 1607 ἐθέλοντας
1021 1545 1391 1612 παιδεύεσθαι,
1425 1550 1524 1620 ὅση
1553 1550 1639 1614 τίς
1679 1553 1826 1606 ἐστιν
1855 1555 1886 1624 ἡ
1919 1573 2007 1608 σο-

399 1635 506 1704 φία
535 1639 571 1706 ἡ
605 1635 844 1707 ἇρῤητος
883 1637 980 1690 καὶ
1011 1637 1382 1710 ἀπερίληπτος
1420 1641 1648 1712 δύναμις
1670 1645 1764 1698 τοῦ
1799 1647 1865 1699 τὰ
1893 1647 2006 1699 δια-

397 1731 663 1800 στήματα
700 1729 808 1784 τῶν
835 1730 1045 1802 χρόνων
1086 1736 1601 1806 καταμετρήσαντος
1637 1739 1822 1802 αὐτοῖς
1845 1741 1999 1794 Θεοῦ.

2121 549 2250 588 vero
2279 536 2591 604 complures
2615 538 2786 593 caelos
2830 539 2983 594 novit
3015 541 3400 614 admittitque;
3431 550 3696 618 quocirca

2119 625 2278 682 dicit:
2327 626 2569 684 Laudate
2621 628 2909 686 Dominum
2953 633 3017 687 de
3048 635 3294 706 stetis";
3327 653 3390 694 ac
3429 655 3690 700 rursum:

2117 715 2362 774 Laudato
2406 736 2546 784 eum,
2603 723 2722 776 creti
2777 724 3050 792 calorum,
3085 737 3134 782 et
3169 746 3308 799 aqua
3361 735 3531 787 omnis
3577 751 3696 805 qua:

2117 825 2272 877 super
2304 811 2458 865 βοείοις
2499 822 2576 867 est
2595 815 2660 868 δι.
2709 815 2856 870 Alibi
2905 834 3123 889 quoque
3168 821 3378 877 dictum
3417 827 3690 885 occurrit:

2117 897 2326 954 Cwlum
2375 903 2490 955 casti
2545 903 2774 958 Domino
2799 907 2866 962 ⁸³⁵.
2923 907 3354 967 Firmamentum
3405 917 3536 970 item
3577 931 3692 974 οω-

2115 992 2226 1046 lum
2257 1002 2506 1060 vocatur,
2544 1005 2598 1050 et
2631 995 2884 1052 Salvator
2913 1015 3141 1070 regnum
3173 1005 3439 1060 caelorum
3473 1008 3694 1076 pollice-

2112 1089 2224 1148 tur,
2254 1100 2318 1138 ac
2357 1086 2430 1140 ita
2461 1089 2798 1157 precandum
2831 1105 2961 1146 esse
2991 1093 3264 1149 instituit:
3291 1095 3454 1151 Pater
3491 1109 3690 1168 noster,

2111 1177 2204 1246 qui
2243 1194 2297 1232 es
2320 1181 2371 1233 in
2428 1181 2658 1246 oculis";
2705 1189 2759 1236 et
2791 1201 2803 1235 :
2839 1181 3070 1238 Virtutes
3117 1186 3368 1242 caelorum
3401 1191 3684 1248 movebun-

2111 1277 2198 1322 tur
2219 1271 2284 1302 87.

2183 1358 2428 1416 νεηε.5.
2479 1361 2604 1416 Dies
2646 1363 2754 1418 diei
2791 1374 2998 1419 eructat
3043 1365 3276 1434 verbum,
3321 1381 3370 1424 et
3404 1387 3508 1424 nea:
3547 1375 3689 1427 nocti

2109 1453 2311 1508 indicat
2359 1457 2658 1510 scientiam.
2712 1457 2882 1513 Docet
2931 1459 3070 1525 dies,
3103 1461 3263 1515 docet
3302 1461 3540 1534 itemque
3577 1480 3688 1521 nox

2107 1562 2203 1602 eos
2227 1548 2320 1617 qui
2355 1548 2572 1602 institui
2601 1559 2916 1620 pet-optant,
2951 1567 3120 1622 quam
3149 1553 3442 1610 ineﬂ‘abilis
3467 1559 3686 1628 sapien-

2107 1639 2204 1702 tia,
2257 1655 2420 1710 quam
2454 1643 3030 1712 incomprehensibilis
3083 1646 3263 1702 virtus
3310 1648 3382 1702 sit
3437 1647 3552 1716 Dei,
3589 1653 3685 1722 qui

2107 1730 2241 1801 ipsis
2279 1741 2584 1803 temporum
2631 1735 2917 1790 intervalla
2961 1735 3243 1792 dimensus
3277 1749 3385 1795 est.
3441 1739 3498 1794 Si
3529 1757 3686 1798 nam-

397 1821 465 1872 Εί
501 1823 602 1891 μὲν
631 1821 740 1893 γὰρ
781 1822 970 1893 μηδεὶς
1009 1819 1079 1895 ἦν
1109 1827 1136 1878 ὁ
1173 1826 1268 1877 καὶ
1294 1827 1521 1891 ταύταις
1548 1828 1718 1900 ὥραις
1755 1832 1849 1884 καὶ
1877 1831 1990 1903 χρό-

2107 1839 2213 1892 que
2266 1827 2449 1882 nullus
2499 1836 2646 1882 esset
2693 1828 2790 1898 qui
2846 1829 2934 1883 his
2965 1832 3391 1900 tempestatibus
3422 1835 3595 1904 spatia
3627 1842 3686 1892 et

395 1928 528 1975 νους
559 1914 658 1966 καὶ
703 1914 930 1984 καιροὺς
977 1913 1392 1986 διαταξάμενος,
1427 1919 1748 1992 ἀπρονοήτῳ
1797 1922 1855 1974 δὲ
1907 1923 2002 1977 καὶ

393 2007 584 2078 ἀλόγῳ
605 2001 822 2080 κινήσει
849 2011 990 2064 κατά
1009 2027 1061 2064 τι
1083 2011 1350 2082 σύμϐαμα
1378 2017 1664 2084 τυχιμαῖον
1714 2016 2000 2085 ὑφεστῶτα

391 2096 464 2170 ἦν
483 2117 498 2130 ·
527 2102 703 2173 ἐχρῆν
728 2103 900 2174 δήπου
931 2105 1006 2175 μὴ
1038 2107 1109 2158 τὰ
1139 2105 1229 2157 ἴσα
1268 2105 1615 2178 διαστήματα
1639 2108 1748 2162 τῶν
1777 2110 1998 2181 ἡμερῶν

389 2195 484 2247 διὰ
512 2197 719 2260 παντὸς
755 2197 852 2250 τοῦ
884 2197 1080 2261 αἰῶνος
1125 2201 1444 2268 ὑφεστάναι,
1487 2200 1520 2272 ἢ
1558 2202 2000 2272 συγκεχυμένους

389 2284 580 2338 αὐτῶν
623 2281 762 2338 εἶναι
794 2287 922 2350 τοὺς
967 2291 1212 2359 καιροὺς,
1249 2290 1346 2342 καὶ
1374 2289 1473 2354 τὰς
1505 2291 1706 2355 νύκτας
1734 2292 1792 2346 δὲ
1819 2292 2000 2346 ὡσαύ-

389 2397 504 2442 τως
521 2380 650 2450 είκῆ
671 2382 768 2435 καὶ
784 2381 860 2444 ὡς
885 2381 1074 2452 ἔτυχεν
1097 2383 1377 2454 φέρεσθαι.
1405 2385 1653 2454 Ἀλογίας
1671 2386 1780 2457 γὰρ
1793 2387 1996 2458 ἀδελφὴ

389 2471 616 2536 ἀταξία,
649 2473 745 2524 καὶ
781 2471 859 2542 τῷ
880 2475 1154 2545 τυχιμαίῳ
1181 2474 1372 2528 ἕπεται
1407 2475 1664 2547 σύγχυσις
1683 2494 1696 2506 ·
1721 2479 1796 2539 ὡς
1819 2477 1998 2548 ἐμπα-

387 2563 478 2616 ira
511 2565 698 2634 πάσης
727 2563 980 2630 εὐταξίας
1031 2567 1242 2636 ἡγεῖται
1293 2567 1470 2638 λόγος,
1521 2571 1782 2641 ἁρμονίας
1813 2589 1873 2624 τε
1900 2571 1996 2625 καὶ

390 2659 720 2726 συμφωνίας
741 2661 954 2730 ἡγεῖται
985 2663 1162 2730 σοφία.
1208 2664 1268 2715 Ai
1293 2663 1476 2715 τοίνυν
1501 2663 1706 2716 τούτων
1736 2665 1874 2737 πρὸς
1901 2665 1996 2718 ἁλ-

387 2751 564 2822 λήλας
608 2756 835 2826 ἀμοιϐαὶ
881 2758 977 2810 καὶ¹
1009 2759 1408 2831 ὑποχωρήσεις,
1452 2760 1582 2814 ποτὲ
1632 2761 1732 2832 μὲν
1769 2763 1993 2834 ἡμερῶν

393 2852 816 2920 μηκυνομένων,
859 2853 1262 2925 ὑποχωρουσῶν
1293 2855 1350 2908 δὲ
1383 2855 1563 2908 αὐτῶν
1595 2855 1825 2922 νυκτῶν,
1861 2857 1992 2910 ποτὲ

385 2941 445 2994 δὲ
473 2943 586 2996 τῶν
610 2945 819 2998 νυκτῶν
861 2947 924 2999 τὸ
969 2947 1488 3020 προδεδανεισμένον
1521 2952 1680 3022 χρέος
1717 2953 1856 3006 κατά
1890 2955 1990 3026 τὴν

383 3036 502 3090 τών
527 3036 690 3108 ὡρῶν
719 3039 948 3111 αὔξησιν
969 3041 1494 3113 ἀπολαμϐανουσῶν,
1529 3048 1811 3117 μονονουχὶ
1833 3046 1992 3116 φθέγ-

385 3144 580 3195 γονται
627 3129 722 3182 καὶ
755 3129 976 3185 λαλοῦσι
1027 3133 1236 3207 μεγάλῃ
1281 3137 1432 3206 φωνῇ
1466 3139 1532 3208 τῇ
1576 3139 1837 3209 πανσόφῳ
1869 3139 1985 3192 δια-

383 3217 544 3282 τάξει
573 3220 670 3272 τοῦ
714 3221 824 3273 τῶν
849 3221 988 3275 ὅλων
1026 3223 1400 3296 μαρτυροῦσαι
1439 3225 1597 3292 Θεοῦ,
1641 3230 1734 3282 καὶ
1781 3230 1985 3302 κηρύτ-

381 3327 576 3364 τουσιν
609 3313 919 3385 ἀνθρώποις
955 3316 1054 3386 τὴν
1086 3317 1182 3370 τοῦ
1214 3317 1350 3370 Θεοῦ
1381 3319 1609 3387 γνῶσινο
1645 3320 1786 3374 οὕτω
1812 3322 1870 3376 δὲ
1897 3341 1988 3376 κε-

381 3403 654 3472 κραγὸσιν
709 3405 894 3470 αὐτοῖς
945 3406 1128 3479 ἔργοις
1176 3411 1232 3461 αἱ
1287 3409 1394 3463 τῶν
1447 3411 1674 3484 ἡμερῶν
1727 3413 1823 3466 καὶ
1879 3414 1988 3468 τῶν

381 3495 604 3547 νυκτῶν
653 3499 830 3564 φωναὶ
879 3502 994 3563 τοῖς
1036 3500 1252 3554 ἐπαΐειν
1302 3501 1482 3556 αὐτῶν
1523 3503 1862 3574 δυναμένοις,
1911 3507 1988 3570 ὡς

381 3586 660 3659 μηδεμίαν
701 3589 874 3662 ἀκοὴν
915 3591 1196 3646 λανθάνειν
1225 3593 1323 3665 τὴν
1344 3593 1686 3650 διδασκαλίαν
1710 3597 1908 3653 αὐτῶν.

453 3767 826 3840 Πεπλήρωται
853 3769 986 3838 γοῦν
1009 3771 1040 3840 ἡ
1071 3771 1330 3841 σύμπασα
1359 3770 1468 3824 τῶν
1489 3771 1789 3844 ἀνθρώπιον
1815 3777 1984 3828 οἰκου-

381 3859 526 3928 μένη
559 3857 662 3928 τῆς
689 3859 964 3931 εὐρύθμου
995 3862 1088 3915 καὶ
1110 3861 1404 3933 ἀμοιϐαίας
1433 3863 1613 3916 αὐτῶν
1637 3865 1855 3936 χορείας
1878 3885 1892 3898 ·
1915 3867 1981 3921 δι’

377 3950 416 4005 ἃ
460 3951 747 4005 λέλεκται·
782 3955 906 4008 Οὐκ
955 3955 1073 4007 εἰσὶ
1105 3955 1314 4009 ,καλιαί
1354 3954 1496 4010 οὐδὲ
1537 3958 1706 4028 λόγοι
1732 3952 1820 4013 ὧν
1845 3963 1983 4030 οὐχὶ

377 4043 708 4097 ἀκούονται
739 4047 800 4097 αἱ
837 4045 1030 4114 φωναί
1067 4045 1286 4100 αὐτῶν.
1332 4047 1436 4112 Εἰς
1469 4045 1679 4103 πᾶσαν
1701 4049 1817 4119 τὴν
1863 4049 1982 4120 γῆν

375 4135 646 4204 ἐξῆλθεν
673 4140 708 4190 o'
737 4139 1002 4207 φθόγγος
1033 4139 1250 4205 αὐτῶν,
1275 4139 1376 4193 καὶ
1406 4142 1494 4206 εἰς
1525 4139 1598 4193 τὰ
1620 4141 1846 4210 πέρατα
1871 4141 1980 4212 τῆς

379 4227 744 4296 οἰκουμένης
783 4227 858 4281 τὰ
893 4228 1126 4296 ῥήματα
1155 4229 1386 4284 αὐτῶν·
1437 4231 1594 4301 δῆλον
1627 4232 1703 4296 δὲ,
1743 4234 1826 4286 ὅτι
1870 4235 1978 4288 τῶν

381 4317 610 4389 ἡμερῶν
639 4319 734 4371 καὶ
764 4317 874 4370 τῶν
903 4318 1132 4382 νυκτῶν,
1165 4317 1274 4372 τῶν
1317 4335 1378 4371 τε
1422 4317 1830 4388 διηγουμένων
1863 4321 1979 4389 τὴν

381 4411 492 4464 τοῦ
521 4409 670 4464 Θεοῦ
691 4411 884 4474 δόξαν
907 4411 1170 4482 οὐρανῶν,
1199 4411 1291 4464 καὶ
1317 4407 1413 4464 τοῦ
1441 4409 1557 4478 τὴν
1581 4411 1832 4480 ποίησιν
1860 4411 1978 4466 τῶν

381 4503 600 4574 χειρῶν
627 4505 816 4558 αὑτοῦ
853 4504 1330 4575 ἐξαγγέλλοντος
1368 4503 1766 4576 στερεὼματος.
1806 4503 1976 4560 Ἔνθα
2009 4537 2051 4591 D

377 4597 434 4649 δὲ
468 4598 746 4668 γενομένῳ
795 4613 886 4668 μοι
939 4595 1238 4667 θαυμάζειν
1295 4596 1526 4662 ἔπεισιν,
1561 4597 1711 4660 ὅπως
1748 4598 1777 4650 ὁ
1830 4597 1973 4668 ἱερὸς

379 4689 680 4752 ἀπόστολος
699 4690 760 4742 τό
785 4707 798 4720 ο
821 4692 930 4756 Εἰς
956 4688 1161 4744 πᾶσαν
1182 4689 1296 4757 τὴν
1319 4688 1436 4759 γῆν
1461 4687 1720 4756 ἐξῆλθεν
1745 4693 1778 4743 ό
1800 4691 1972 4760 φθότι

379 4801 488 4852 ⁴χνος
517 4781 736 4844 αὐτῶν,
771 4781 874 4837 καὶ
909 4785 1000 4848 εἰς
1027 4781 1098 4835 τὰ
1125 4781 1352 4850 πέρατα
1373 4779 1482 4850 τῆς
1510 4781 1869 4851 οἰκουμένης
1897 4783 1968 4836 τὰ

369 4876 616 4944 ῥήματα
637 4875 857 4943 αὐτῶν,
889 4875 984 4927 ἐπὶ
1014 4876 1137 4938 τοὺς
1185 4873 1432 4945 μαθητὰς
1460 4874 1555 4928 καὶ
1579 4871 1970 4942 εὐαγγελιστάς

377 4969 474 5022 καὶ
520 4969 852 5032 ἀποστόλους
880 4967 976 5021 τοῦ
1011 4969 1260 5039 Σωτῆρος
1296 4967 1454 5038 ἡμῶν
1483 4967 1784 5038 ἀνήνεγκεν
1817 4967 1874 5018 ἐν
1904 4967 1969 5034 τῇ

377 5063 517 5134 πρὸς
555 5063 862 5132 Ῥωμαίους
881 5061 1184 5132 Ἐπιστολῇ.
1234 5061 1567 5131 Ἐπιστήσας
1599 5060 1657 5112 δὲ
1703 5058 1795 5110 τὸν
1843 5056 1968 5109 νοῦν

379 5159 446 5224 τῇ
471 5153 804 5224 ἅποστολικῇ
830 5151 996 5217 λέξει,
1021 5152 1224 5224 σφόδρα
1243 5151 1486 5223 ἀκριϐῶς
1507 5147 1664 5224 εὗρον
1689 5149 1852 5204 αὑτὸν
1881 5167 1971 5239 κα.-

315 5241 320 5260 i
373 5245 731 5317 ταχρηστικῷ
745 5245 936 5316 τρόπῳ
951 5245 1220 5316 εὐκαίρως
1235 5244 1332 5316 τὴν
1349 5245 1652 5316 παράθεσιν
1666 5244 1968 5313 πεποιημέ-

369 5359 486 5395 νον’
514 5342 576 5394 οὗ
611 5343 718 5412 γὰρ
745 5341 933 5412 ὥσπερ
958 5340 1086 5393 ποτὲ
1104 5341 1202 5410 μὲν
1223 5339 1355 5410 ἔφη·
1399 5339 1648 5404 Ἡσαΐας
1666 5338 1734 5391 δὲ
1772 5335 1963 5406 κράζει

369 5435 528 5502 ὑπὲρ
577 5434 686 5487 τοῦ
747 5433 1016 5503 Ἰσραὴλ,
1073 5433 1203 5486 ποτὲ
1256 5431 1334 5496 δὲ,
1364 5429 1560 5495 καθὼς
1612 5429 1964 5497 προείρηκεν

377 5527 628 5593 Ἡσαΐας
648 5545 660 5557 ·
685 5528 780 5580 καὶ
810 5526 996 5581 πάλινο
1029 5526 1233 5590 Καθὼς
1261 5525 1580 5595 reg-parram
1600 5537 1612 5551 '
1644 5520 1738 5574 καὶ
1771 5517 1956 5582 αὖθις·

433 5713 484 5744 ⁸³
506 5711 653 5766 Psal.
677 5725 900 5768 cxnvm.
937 5709 982 5761 ι.
1061 5708 1104 5738 εδ
1143 5709 1274 5763 ibid.
1307 5709 1358 5762 4.

369 5807 416 5846 ³³
441 5807 608 5866 Rom.
641 5825 716 5878 1x,
749 5807 840 5862 27.
911 5808 955 5840 ’θ
979 5805 1113 5865 ibid.
1149 5806 1238 5862 29.
1275 5805 1360 5860 “1
1393 5806 1520 5862 Cor.
1555 5821 1592 5874 ι,
1635 5804 1721 5861 5i.

1435 5706 1647 5762 ""l-‘sat.
1682 5719 1836 5770 exul,
1889 5703 1970 5759 l6.
2043 5705 2090 5736 '“
2120 5702 2308 5760 Matth.
2346 5717 2420 5772 γι,
2448 5701 2500 5758 9.

2104 1918 2399 1972 interstitia
2429 1919 2798 1989 _destinasset,
2833 1921 2928 1976 sed
2969 1924 3262 1977 temerario
3289 1933 3343 1978 et
3371 1925 3684 1984 inconside-

2103 2013 2224 2060 rato
2255 2015 2406 2062 motu
2457 2018 2624 2081 atque
2679 2027 2812 2066 casu
2863 2015 3120 2082 quapiam
3169 2028 3284 2070 nzec
3309 2017 3676 2086 exsisterent;

2100 2108 2376 2169 oporteret
2408 2119 2540 2158 sane
2579 2120 2688 2158 non
2709 2105 3010 2174 aequalibus
3043 2107 3236 2176 spatiis
3281 2108 3398 2162 dies
3425 2125 3452 2162 a
3479 2111 3684 2166 saeculo

2102 2192 2384 2247 ordinatas
2424 2194 2613 2262 fuisse,
2656 2203 2750 2250 aut
2795 2196 3026 2252 confusa
3061 2213 3272 2258 eurum,
3313 2200 3681 2272 similiterque

2098 2284 2341 2338 noctium
2369 2293 2636 2356 tempora,
2676 2303 2810 2342 casu
2845 2303 2908 2342 ac
2935 2287 3160 2343 fortuito
3190 2292 3414 2346 revolvi.
3463 2292 3678 2350 Etenim

2099 2377 2392 2430 temerario
2445 2381 2599 2433 casui
2653 2379 2916 2435 ﬁnitimus
2969 2389 3055 2436 est
3099 2383 3416 2439 inconditus
3479 2399 3666 2440 rerum

2099 2475 2300 2534 status,
2355 2475 2409 2524 et
2467 2467 2753 2524 fortuitam
2807 2487 2921 2526 rem
2977 2473 3228 2543 sequitur
3272 2474 3562 2545 confusio;
3617 2485 3677 2534 ut

2097 2559 2217 2614 vice
2251 2575 2412 2616 versa
2439 2571 2648 2616 rectum
2695 2562 2946 2618 ordinem
3001 2567 3142 2618 ratio
3182 2566 3392 2637 dirigit,
3431 2583 3672 2626 concert-

2096 2657 2324 2719 tumque
2365 2665 2430 2706 ac
2461 2651 2814 2706 concordiam
2887 2669 3070 2707 rerum
3122 2657 3392 2726 sapientia
3440 2658 3676 2716 admini-

2097 2749 2257 2798 strat.
2299 2742 2498 2798 Mutuae
2546 2759 2680 2798 sane
2726 2744 2947 2798 illorum
2995 2747 3405 2804 vii-issitudines
3436 2759 3490 2805 et
3537 2767 3674 2806 con-

2093 2837 2412 2900 cessiones;
2442 2851 2569 2888 nam
2601 2836 2765 2890 modo
2793 2837 2934 2900 dies,
2961 2839 3296 2896 concedente
3335 2849 3515 2908 nocte,
3543 2859 3671 2913 pro-

2093 2926 2317 2982 lixiores
2359 2934 2508 2992 sunt,
2546 2927 2707 2982 modo
2735 2937 2926 2984 noctes
2955 2930 3200 2984 debitum
3242 2947 3306 2987 ac
3335 2943 3530 2990 mutuo
3571 2937 3667 2992 da-

2092 3025 2207 3071 tum
2246 3018 2482 3088 Spatium
2515 3026 2674 3072 aucta
2713 3019 2891 3075 hieme
2925 3035 2990 3075 ac
3035 3029 3356 3092 tempestate
3385 3035 3669 3096 repetunt;

2093 3109 2228 3173 haec,
2267 3110 2517 3179 inquam,
2573 3117 2788 3164 tantum
2842 3127 2952 3166 non
3002 3112 3397 3180 vociferantur,
3459 3133 3522 3172 ac
3570 3135 3669 3174 ceu

2016 3191 2056 3248 C
2092 3203 2240 3256 edito
2272 3203 2514 3257 clamore
2573 3203 3052 3272 sapientissimum
3091 3206 3243 3260 illum
3279 3208 3348 3262 ab
3387 3209 3673 3268 universo-

2091 3311 2210 3350 rum
2259 3295 2372 3352 Deo
2427 3299 2786 3352 constitutum
2851 3298 3104 3352 ordinem
3143 3299 3534 3370 depraadicant,
3569 3305 3671 3358 ιιοσ

2089 3387 2440 3459 minibusque
2503 3387 2598 3444 Dei
2681 3391 2932 3444 notitiam
2997 3393 3352 3448 annuntiant.
3430 3393 3522 3450 Sic
3583 3397 3669 3452 vel

2089 3481 2222 3552 ipsis
2267 3483 2432 3554 gestis
2487 3483 2744 3553 operibus
2807 3485 3022 3539 dierum
3077 3485 3436 3556 noctiumque
3501 3504 3668 3548 voces

2088 3573 2156 3627 iis
2199 3574 2511 3644 qniauditu
2543 3577 2733 3631 valent
2784 3577 3104 3642 inclamant,
3159 3584 3219 3631 ut
3276 3593 3373 3647 per
3420 3581 3666 3638 omnium

2087 3683 2250 3724 aures
2273 3668 2525 3722 doctrina
2553 3683 2746 3724 eorum
2776 3669 3060 3738 pervadat.

2159 3759 2466 3818 Universus
2499 3761 2685 3830 itaque
2708 3761 2880 3825 orbis,
2920 3761 3015 3831 qui
3061 3761 3129 3815 ab
3162 3761 3481 3821 hominibus
3509 3765 3664 3822 inco-

2085 3853 2237 3918 litur,
2277 3852 2564 3908 concinnis
2613 3853 2932 3922 hujusmodi
2967 3868 3031 3906 ac
3078 3855 3286 3910 mutuis
3321 3855 3537 3914 choreis
3577 3873 3664 3912 re-

2083 3947 2287 4018 pletum
2316 3953 2442 4011 est;
2490 3959 2660 4014 quare
2709 3943 2946 3998 dicitur:
3003 3942 3162 4000 Vers.
3195 3945 3250 4012 4,
3282 3946 3336 4001 5.
3389 3945 3513 4001 Non
3539 3958 3664 4002 sunt

2085 4037 2324 4108 loquelis,
2383 4051 2543 4106 neque
2595 4051 2882 4100 sermones,
2929 4052 3154 4106 quarunt
3213 4055 3316 4092 non
3368 4039 3662 4096 audiantur

2083 4147 2230 4184 130688
2296 4145 2501 4182 eorum.
2587 4126 2657 4182 In
2731 4145 2936 4183 omnem
3002 4139 3202 4184 terram.
3270 4133 3432 4186 exivit
3497 4149 3662 4190 δοηιιε

2081 4239 2284 4288 eorum,
2315 4233 2364 4278 et
2397 4224 2450 4276 in
2475 4223 2606 4292 ﬁnes
2645 4221 2788 4276 orbis
2821 4231 2974 4276 terra:
3002 4223 3156 4276 verba
3183 4240 3386 4291 eorum,
3409 4225 3662 4282 videlicet

2081 4318 2292 4372 dierum
2341 4332 2405 4370 ac
2439 4317 2708 4382 noctium,
2747 4330 2844 4370 nec
2893 4333 3001 4372 non
3042 4319 3328 4382 cmicrum,
3365 4320 3455 4390 qui
3503 4336 3662 4375 enar-

2081 4417 2204 4461 rant
2253 4407 2482 4478 gloriam
2515 4406 2635 4472 Dei,
2669 4415 2723 4462 et
2769 4408 3120 4473 ﬁrmamenti,
3153 4409 3293 4480 quod
3339 4425 3498 4478 opera
3543 4427 3660 4466 ma-

2081 4517 2244 4553 nuum
2273 4499 2388 4570 ejus
2418 4499 2724 4552 annuntiat.
2767 4497 2866 4552 Hic
2891 4515 3057 4568 porro
3101 4502 3235 4554 mihi
3271 4501 3384 4555 haac
3409 4509 3659 4556 contem-

2081 4591 2252 4661 planti
2303 4591 2494 4644 mirari
2537 4590 2706 4654 subit,
2758 4606 2868 4660 quo
2902 4601 3065 4661 pacto
3108 4599 3333 4647 santtus
3359 4591 3658 4663 Apostolus

2079 4684 2212 4740 illud
2241 4703 2253 4738 :
2305 4683 2374 4737 In
2417 4699 2620 4736 onmem
2655 4693 2852 4736 terram
2880 4685 3039 4737 exivit
3085 4701 3243 4738 sonus
3282 4701 3487 4750 eorum,
3520 4695 3570 4738 et
3598 4686 3658 4739 in

2076 4779 2206 4848 ﬁnes
2237 4775 2380 4831 orbis
2413 4786 2568 4829 terra:
2591 4775 2746 4829 verba
2771 4791 2973 4841 eorum,
3019 4776 3086 4830 ad
3128 4777 3450 4845 discipulos,
3486 4791 3656 4834 evan-

2077 4869 2303 4940 gelistas
2340 4877 2392 4923 et
2445 4868 2725 4937 apostolos
2777 4866 3079 4922 Salvatoris
3125 4867 3300 4922 nostri
3337 4869 3391 4922 in
3441 4883 3540 4923 sua
3583 4868 3654 4924 ad

2079 4962 2355 5016 Romanos
2389 4959 2628 5030 Epistola
2675 4959 2873 5013 referat
2895 4959 2961 5012 ⁸⁸.
3035 4959 3172 5012 Dum
3213 4969 3392 5014 autem
3433 4967 3654 5029 aposto-

2075 5053 2240 5107 licum
2307 5055 2513 5108 dictum
2595 5053 2780 5109 animo
2839 5051 3255 5124 perpenderem,
3316 5049 3652 5120 deprehendi

2074 5147 2256 5215 ipsum
2286 5145 2534 5216 apposite
2567 5145 2863 5198 admodum
2888 5155 2942 5198 et
2975 5149 3284 5212 opportune
3331 5141 3650 5212 hujusmodi

2074 5237 2636 5290 accommodationem
2687 5233 3006 5288 advexisse:
3063 5248 3174 5286 non
3231 5231 3376 5286 enim
3422 5241 3484 5287 ut
3524 5233 3651 5290 aliis

2075 5331 2128 5382 in
2165 5329 2305 5382 locis
2337 5327 2498 5383 modo
2527 5328 2606 5384 sic
2647 5325 2862 5390 eﬂ'atur,
2908 5323 3084 5378 Isaias
3133 5333 3308 5378 autem
3337 5325 3538 5379 clamat
3586 5325 3652 5382 de

2074 5423 2278 5478 Israeie
2297 5423 2341 5454 39
2371 5439 2385 5488 ;
2430 5420 2594 5477 modo
2627 5421 2728 5485 sic,
2773 5427 2832 5472 ut
2867 5417 3112 5487 prtedixit
3135 5417 3314 5473 Isaias
3341 5419 3386 5451 9°
3414 5435 3648 5482 ;rnrsus

2069 5514 2684 5584 vero,Quemadmodum
2713 5513 2968 5581 scriptum
2999 5524 3074 5568 est
3097 5513 3168 5578 9';
3195 5514 3520 5585 iterumque,
3543 5511 3618 5568 Di
3629 5545 3647 5556 -

2599 5699 2643 5732 ⁸⁷
2669 5697 2799 5756 Luc.
2837 5715 2952 5768 xxi,
2987 5698 3077 5754 26.
3169 5699 3212 5730 ⁸⁸
3261 5694 3421 5752 Rom.
3453 5711 3510 5762 x,
3549 5693 3640 5752 η.
