4094 6378
389 309 484 370 191

1059 295 1326 369 EUSEBll
1365 307 1842 368 cmsammsns
1875 307 2028 366 opp.
2071 308 2252 365 mas
2291 308 2381 365 ιιι,
2419 339 2485 352 -
2531 308 2942 366 EXEGETICA.

3547 309 3651 368 193

381 434 453 489 cit
481 433 618 488 enim
641 431 920 502 Scriptura
965 433 1034 495 ":
1073 448 1182 487 non
1236 431 1339 495 sic,
1391 430 1634 501 inquam,
1694 428 1851 492 illud,
1899 427 1962 482 In

2072 428 2243 497 Λέγει
2287 428 2396 497 γὰρ
2424 429 2462 496 ἡ
2497 425 2736 495 Γραρή·
2779 425 2878 495 οὐχ
2909 425 3081 488 οὕτως
3126 426 3218 478 καὶ
3263 425 3357 477 ἐπὶ
3387 423 3512 478 τοῦ*
3550 427 3654 492 Εις

378 540 589 580 omnem
637 532 833 579 terram
863 524 1027 578 exivit
1058 540 1219 577 sonus
1267 538 1469 585 eorum,
1501 537 1626 576 cum
1655 522 1821 577 simili
1851 519 1948 574 ad-

381 617 684 672 ditamenta
733 616 976 686 protulit.
1025 614 1161 670 Nam
1218 617 1266 673 si
1316 614 1596 686 quidpiam
1639 613 1956 682 hujusmodi

382 706 758 778 prtemisisset,
791 714 937 760 esset
967 703 1200 759 fortasse
1231 706 1324 774 qui
1361 710 1577 774 putaret
1619 701 1798 771 ipsum
1830 703 1957 756 huic

383 797 575 868 psalmi
609 797 757 851 dicto
795 798 905 851 vim
953 797 1229 852 intulisse.
1283 796 1354 850 At
1407 796 1497 851 hic
1527 795 1760 864 simplici
1796 795 1958 849 modo

384 890 580 962 psalmi
610 890 880 945 sententia
905 905 1040 945 usus
1065 887 1311 954 videtur;
1344 889 1420 942 ita
1457 895 1518 942 ut
1543 888 1670 958 jure
1706 887 1812 942 dici
1840 902 1960 958 pos-

381 983 454 1038 ait
484 983 662 1052 ipsum
703 990 1012 1052 opportuna
1043 982 1273 1051 utilique
1309 982 1546 1046 ratione,
1580 989 1743 1052 atque
1786 997 1960 1052 appo-

382 1074 488 1130 site
521 1073 625 1127 hoc
654 1074 1039 1128 testimonium
1063 1072 1399 1128 adhibuisse.

451 1251 619 1307 Vens.
648 1251 761 1314 6,7.
781 1251 844 1306 In
861 1251 968 1306 sole
984 1252 1156 1320 posuit
1175 1250 1572 1305 tabernaculum
1588 1267 1763 1312 suum,
1779 1259 1829 1304 et
1852 1253 1963 1320 ipse

385 1355 640 1414 tanquam
670 1359 892 1412 sponsus
925 1343 1206 1414 procedens
1249 1343 1312 1398 de
1338 1343 1571 1398 thalamo
1617 1361 1730 1399 suo.
1773 1343 1965 1398 Exsul-

387 1435 518 1489 tabit
547 1444 602 1488 ut
644 1437 790 1505 gigas
821 1435 890 1488 ad
922 1435 1237 1489 currendum
1268 1437 1404 1490 viam
1447 1453 1596 1490 suam
1622 1477 1637 1501 ,
1695 1455 1727 1491 a
1757 1454 1963 1493 summa

383 1528 510 1581 calo
531 1527 755 1596 egressio
783 1525 918 1592 eius,
950 1535 999 1580 et
1028 1543 1275 1580 occursus
1325 1530 1437 1595 ejus
1485 1542 1649 1597 usque
1697 1529 1765 1581 ad
1817 1547 1967 1584 sum»

387 1634 530 1670 mum
585 1617 720 1680 caeli,
748 1634 838 1671 nec
872 1629 950 1672 est
986 1620 1075 1688 qui
1111 1635 1165 1672 se
1201 1617 1488 1672 abscondat
1531 1638 1562 1672 α
1609 1621 1782 1675 calore
1827 1621 1964 1691 ejus.

390 1705 594 1764 Praeter
623 1725 788 1778 supra
823 1709 991 1772 dicta,
1027 1710 1109 1764 sol
1138 1727 1354 1780 quoque
1396 1711 1504 1766 Deo
1532 1711 1826 1768 referenda:
1852 1715 1969 1784 glo-

2063 516 2273 572 πᾶσαν
2303 516 2421 585 τὴν
2445 515 2564 586 γῆν
2583 515 2843 584 ἐξῆλθεν
2871 519 2904 570 ὁ
2937 516 3195 584 φθόγγος
3215 513 3432 579 αὐτῶν,
3465 516 3651 586 εἴρηκε

2069 609 2207 680 μετὰ
2258 609 2576 680 προσθήκης
2605 609 2798 679 ὁμοίας
2834 611 2944 671 τοῖς
2989 606 3410 678 προεκτεθεῖσιν.
3448 607 3510 658 Ei
3543 607 3652 678 γάρ

2064 717 2116 753 τι
2148 700 2390 753 τοιοῦτον
2437 702 2724 771 προφήσας
2757 694 2898 763 εἷπε,
2947 699 3066 768 τάχ’
3096 699 3160 753 ἄν
3184 715 3267 762 τις
3313 697 3536 751 ἐλάϐετο
3576 698 3652 762 ὡς

2067 791 2436 862 βεϐιασμένως
2479 792 2834 862 ἐκδεξαμένου
2867 793 2965 863 τὴν
3000 793 3057 843 ὲν
3097 789 3175 860 τῷ
3223 788 3423 861 ψαλμῷ
3459 789 3648 861 ρἧινο

2065 884 2184 937 νυνὶ
2230 884 2286 936 δὲ
2340 884 2482 955 ἁπλῇ
2544 885 2740 955 φράσει
2793 885 3037 954 φαίνεται
3096 883 3543 953 συγχρησάμενος
3583 883 3651 952 τῇ

2066 975 2175 1028 ἀπὸ
2205 976 2298 1028 τοῦ
2330 975 2544 1047 ψαλμοῦ
2591 975 2890 1048 παραθέσει
2910 993 2923 1005 ο
2961 975 3040 1028 διὸ
3075 975 3217 1027 εἴποι
3253 989 3338 1036 τις
3368 973 3529 1026 αὐτὸν
3554 989 3655 1027 κα-

2066 1067 2435 1138 τακεχρῆσθαι
2471 1069 2739 1140 εὐκαίρως
2783 1069 2875 1120 καὶ
2907 1065 3197 1136 ὠφελίμως
3242 1064 3334 1118 καὶ
3366 1062 3654 1135 εὐρύθμως

2066 1161 2132 1229 τῇ
2165 1159 2465 1231 μαρτυρία.

2153 1251 2255 1304 Ἐν
2270 1250 2348 1315 τῷ
2369 1252 2522 1318 ἡλίῳ
2549 1251 2713 1304 ἔθετο
2739 1250 2802 1303 τὸ
2821 1248 3111 1318 σκήνωμα
3134 1247 3341 1313 αὐτοῦ,
3360 1245 3654 1311 καὶαὺτός

2069 1345 2150 1410 ὡς
2201 1345 2458 1414 νυμφίος
2511 1344 2981 1412 ἐκπορευόμενος
3024 1344 3093 1396 ἐκ
3153 1341 3390 1396 παστοῦ
3445 1339 3650 1395 αὑτοῦ.

2085 1435 2537 1506 Ἀγαλλιάσεται
2568 1435 2648 1500 ὡς
2676 1435 2847 1504 γίγας
2874 1432 3118 1504 δραμεῖν
3147 1433 3290 1488 ὁδὸν
3317 1432 3522 1487 αὐτοῦ’
3550 1431 3652 1487 ἀπ’

2072 1526 2258 1593 ἄκρου
2287 1526 2392 1579 τοῦ
2412 1524 2670 1592 οὐρανοῦ
2701 1526 2738 1592 ὴ
2768 1524 2978 1590 ἔξοδος
3002 1524 3208 1586 αὐτοῦ,
3231 1524 3325 1577 καὶ
3359 1524 3425 1576 τὸ
3442 1520 3656 1576 κατάν-

2072 1635 2229 1688 τημα
2274 1617 2458 1673 αὐτοῦ
2521 1616 2630 1682 ἕως
2673 1616 2858 1685 ἄκρου
2899 1616 3004 1670 τοῦ
3050 1616 3342 1683 οὐρανοῦ·
3399 1615 3498 1668 καὶ
3543 1615 3657 1670 οὐκ

2073 1713 2243 1766 ἔστιν
2271 1711 2336 1776 ὃς
2365 1709 2848 1777 ἀποκρυόήσεται
2877 1707 2990 1776 τὴν
3017 1707 3240 1777 θέρμην
3268 1707 3474 1762 αὑτοῦ.
3511 1705 3656 1779 Πρὸς

387 1800 482 1855 riae
513 1802 773 1870 magister
803 1800 1120 1868 inducitur;
1158 1810 1345 1872 utpote
1385 1805 1476 1874 qui
1507 1803 1722 1858 Domini
1757 1821 1820 1860 ac
1851 1821 1962 1859 ma-

2073 1807 2185 1867 τοῖς
2227 1801 2532 1874 εἰρημένοις
2572 1802 2670 1872 τῆς
2702 1799 2794 1854 τοῦ
2833 1800 2964 1853 Θεοῦ
3006 1799 3308 1868 δοξολογίας
3339 1799 3655 1863 διδάσκαλος

381 1893 470 1960 gni
534 1893 679 1962 regis
738 1893 1053 1947 inviolatam
1114 1895 1370 1950 observet
1431 1897 1624 1966 legem.
1680 1895 1969 1965 Nunquam

385 1982 533 2036 enim
561 1984 727 2036 alium
767 1995 962 2053 praeter
1012 1994 1276 2040 statutum
1321 1987 1423 2041 sibi
1456 2003 1678 2042 cursum
1705 1989 1842 2043 inire
1871 2005 1970 2042 au-

384 2070 508 2132 det,
553 2088 832 2141 nunquam
901 2073 1154 2130 deﬁnitos
1209 2077 1261 2128 in
1315 2077 1524 2132 caelesti
1582 2079 1972 2133 constitutione

383 2161 650 2217 terminos
689 2165 1118 2234 transgreditur.
1155 2164 1260 2220 Sed
1285 2181 1445 2222 mane
1470 2168 1628 2237 quasi
1663 2184 1732 2222 ex
1759 2177 1970 2223 remoto

385 2253 775 2323 inaccessoque
803 2255 1067 2320 thalamo,
1104 2258 1389 2327 speciosus
1415 2268 1674 2328 tanquam
1706 2274 1966 2329 sponsus,

383 2359 448 2399 ac
480 2345 620 2400 lucis
671 2344 806 2399 ﬂore
837 2345 1128 2403 decoratus
1181 2349 1504 2419 egreditur:
1555 2364 1620 2402 ac
1678 2357 1967 2420 postquam

385 2436 722 2490 horizontem
750 2436 1072 2492 orientalem
1103 2440 1464 2501 transcendit,
1499 2447 1673 2493 totum
1703 2441 1968 2495 ruundum

298 2589 301 2593 ι
383 2532 659 2594 permeat,
714 2540 992 2595 nunquam
1027 2526 1300 2589 defessus,
1341 2529 1621 2598 proprium
1655 2536 1969 2600 statumque

384 2613 486 2668 sibi
517 2615 852 2668 curriculum
883 2615 1123 2670 conﬁcit.
1167 2618 1376 2672 Circuit
1421 2633 1586 2688 porro
1618 2621 1777 2690 quasi
1811 2620 1966 2690 gigas

383 2704 579 2760 robore
613 2705 939 2775 praevalidus
980 2718 1146 2776 atque
1183 2710 1440 2773 invictus,
1470 2726 1635 2768 orsus
1673 2726 1704 2764 a
1750 2727 1966 2766 smnmo

380 2801 574 2848 centro
607 2794 908 2850 horiznntis
933 2796 1240 2860 orientalis,
1271 2814 1370 2852 ceu
1397 2815 1426 2852 a
1478 2802 1770 2871 repagula,
1804 2808 1967 2871 atque

384 2899 494 2938 uno
525 2882 632 2938 diei
663 2885 952 2954 noctisque
992 2885 1169 2954 spatio
1217 2895 1390 2940 totmn
1437 2891 1706 2959 percurrit
1736 2891 1963 2952 orbem,

383 2981 442 3028 ut
477 2989 634 3028 nemo
657 2975 856 3030 caloris
887 2977 1009 3046 ejus
1035 2993 1230 3046 expers
1249 2977 1433 3033 fuerit.
1468 2977 1602 3032 Illud
1636 2987 1818 3034 autem
1852 2997 1966 3050 per-

334 3074 338 3076 '
380 3065 525 3135 agit,
573 3075 630 3119 ut
657 3067 811 3120 nutui
841 3067 1051 3136 opiﬁcis
1075 3068 1291 3139 sui,qui
1325 3070 1501 3139 ipsum
1534 3072 1589 3125 in
1621 3071 1964 3126 ﬁrmamento

381 3158 684 3221 constituit,
728 3159 1079 3230 obsequatur.
1145 3159 1267 3216 Ideo
1314 3163 1518 3217 dictum
1574 3175 1694 3218 est:
1751 3163 1816 3218 In
1853 3165 1964 3218 sole

379 3249 554 3318 posuit
585 3249 983 3306 tabernaculum
1015 3270 1190 3306 suum.
1246 3251 1402 3319 Quod
1452 3257 1667 3310 tametsi
1727 3255 1964 3312 diluende

381 3339 676 3410 prolatum,
711 3343 954 3411 apertius
999 3350 1182 3398 tamen
1223 3359 1253 3397 a
1308 3346 1535 3415 reliquis
1569 3347 1964 3417 interpretibus

379 3432 713 3501 explicatum
744 3442 828 3490 est
863 3454 876 3489 :
909 3451 1036 3490 nam
1069 3436 1263 3505 Aquila
1296 3438 1377 3491 sic
1410 3438 1606 3504 habet,
1645 3438 1760 3494 Soli
1786 3443 1963 3508 posuit

382 3525 780 3581 tabernaculum
806 3528 861 3582 in
889 3529 1051 3598 ipsis;
1086 3528 1446 3600 Symmachus
1475 3547 1626 3597 vero,
1668 3531 1784 3586 Soli
1821 3533 1966 3587 ordi-

381 3619 525 3672 navit
570 3621 969 3674 tabernaculum
999 3622 1052 3676 in
1089 3623 1246 3690 ipsis;
1277 3621 1600 3687 Theodotio,
1633 3623 1748 3678 Soli
1787 3625 1963 3694 posuit

380 3711 782 3766 tabernaculum
824 3713 878 3767 in
933 3714 1114 3781 ipsis;.
1156 3716 1272 3784 pari
1327 3731 1542 3785 quoque
1575 3717 1737 3770 modo
1769 3717 1961 3786 quinta

379 3802 547 3857 editio
573 3805 848 3874 exposuit.
882 3803 1016 3858 Nam
1055 3805 1110 3859 in
1134 3822 1300 3876 supra
1336 3809 1654 3863 memoratis
1684 3810 1875 3873 ccelis,
1907 3822 1963 3866 et

381 3896 436 3948 in
467 3894 810 3951 ﬁrmamento
835 3937 848 3961 ,
891 3897 1302 3952 tabernaculum
1341 3907 1394 3952 et
1425 3897 1764 3954 domicilium
1819 3900 1963 3957 Deus

385 3986 488 4039 soli
534 3988 812 4057 reposuit,
856 3989 1156 4043 secundum
1205 3990 1338 4044 illud
1395 4004 1426 4043 a
1481 3989 1667 4062 Moyse
1703 3993 1960 4048 dictum:

385 4073 632 4147 Fecitque
657 4077 793 4132 Deus
819 4077 924 4132 duo
959 4078 1246 4132 luminaria
1277 4097 1471 4149 magna
1501 4096 1520 4134 :
1555 4081 1817 4138 luminare
1848 4102 1963 4139 ma—

381 4168 487 4232 ius,
511 4177 568 4221 ut
599 4181 842 4238 prazesset
873 4169 1009 4232 diei;
1057 4178 1106 4223 et
1135 4172 1395 4224 luminare
1437 4173 1636 4236 minus,
1672 4183 1728 4227 ut
1768 4191 1961 4244 prices-

381 4266 458 4313 set
489 4260 666 4322 nocti,
724 4268 774 4313 et
811 4260 1015 4315 stellas.
1048 4260 1115 4334 Et
1170 4263 1346 4330 posuit
1391 4278 1481 4316 eas
1526 4264 1581 4316 in
1628 4265 1962 4334 ﬁrmamento

378 4347 518 4411 caeli,
555 4357 613 4400 ut
642 4347 871 4402 lacerent
905 4364 1060 4417 super
1085 4333 1369 4419 terram".
1400 4349 1495 4406 llis
1515 4333 1692 4407 autem
1722 4355 1962 4412 declarat

2074 1892 2406 1963 καθέστηκεν
2434 1894 2463 1944 6
2501 1890 2666 1962 ἥλιος,
2695 1885 2780 1942 οἷα
2813 1890 3069 1942 δεσπότου
3104 1889 3198 1943 καὶ
3234 1890 3466 1960 μεγάλου
3504 1889 3657 1959 βασι-

2071 1985 2207 2049 λέως
2235 1986 2394 2054 νόμον
2425 1983 2775 2054 ἀπαράϐατον
2814 1981 3017 2054 τηρῶν.
3064 1982 3137 2035 Οὐ
3181 1982 3289 2053 γάρ
3331 1999 3460 2034 ποτε
3490 1981 3659 2052 ἄλλην

2069 2075 2368 2147 τρέπεσθαι
2402 2073 2553 2144 παρὰ
2583 2074 2681 2144 τὴν
2712 2071 3018 2145 ὁρισθεῖσαν
3049 2071 3195 2142 αὐτῷ
3231 2074 3452 2144 πορείαν
3485 2070 3658 2143 τολμᾷ

2070 2167 2176 2220 οὐδ’
2205 2166 2519 2235 ὑπερϐαίνει
2553 2165 2679 2228 τοὺς
2725 2165 2882 2235 ὅρους
2925 2164 3025 2234 τῆς
3058 2165 3178 2217 κατ’
3213 2162 3438 2237 οὐρανὸν
3473 2163 3656 2216 διατά-

2070 2258 2204 2324 ξεως
2226 2275 2238 2288 ·
2265 2258 2377 2311 ἀλλ’
2399 2256 2754 2329 ἐκπορεύεται
2784 2256 2880 2326 μὲν
2909 2255 3144 2327 ὄρθριος,
3171 2255 3356 2327 ὥσπερ
3380 2255 3439 2319 ἐξ
3463 2254 3658 2308 ἀδύτου

2069 2349 2163 2401 καὶ
2208 2348 2407 2402 ἀϐάτου
2461 2347 2747 2417 νυμφῶνος
2801 2345 3024 2418 προῖὼν,
3078 2347 3415 2419 ὡραῖσμένος
3463 2345 3520 2398 δὲ
3566 2341 3656 2397 οἷα

2067 2441 2299 2510 νυμῳίος
2327 2439 2523 2511 καὶτῷ
2547 2439 2639 2493 τοῦ
2673 2441 2848 2509 φωτὸς
2881 2439 3244 2509 ἡγλαῖσμένος
3283 2437 3469 2492 ἄνθει·
3502 2439 3654 2491 ἐπει-

2067 2531 2164 2584 δάν
2201 2532 2292 2585 τὸν
2342 2530 2591 2602 ὁρίζοντα
2633 2532 2724 2584 τὸν
2762 2531 3076 2585 ἀνατολικὸν
3116 2531 3349 2603 ὑπερϐῇ,
3391 2530 3480 2582 τὸν
3521 2529 3658 2599 σύμ-

2069 2640 2246 2676 παντα
2277 2623 2553 2676 διιππεύει
2587 2624 2820 2694 κόσμον,
2841 2623 3185 2685 άκοπιάστως
3217 2622 3308 2674 τὸν
3336 2623 3534 2675 οἰκεῖον
3571 2620 3656 2686 ἐξ·

2067 2715 2243 2768 ανύων
2271 2715 2490 2788 δρόμον.
2523 2715 2727 2768 Κυκλοί
2755 2715 2811 2768 δὲ
2851 2715 3065 2768 κυκλῶν
3092 2710 3181 2767 οἷά
3207 2731 3289 2777 τις
3317 2713 3480 2782 γίγας
3505 2714 3656 2784 ισχυ-

2069 2808 2159 2878 ρὸς
2185 2807 2280 2879 τὴν
2308 2808 2477 2880 ἀλκὴν
2503 2808 2598 2861 καὶ⁸
2629 2808 2858 2879 ἄμαχος,
2888 2807 3076 2878 ὥσπερ
3097 2808 3161 2860 ἐκ
3185 2805 3386 2878 νύσσης
3418 2804 3654 2878 ἀρξάμεο

2065 2917 2154 2963 νος
2184 2901 2278 2952 ἀπ’
2312 2901 2480 2971 ἄκρου
2516 2899 2738 2969 κέντρου
2773 2899 2865 2952 τοῦ
2903 2901 3040 2956 κατὰ
3068 2899 3329 2962 ἀνατολὰς
3357 2898 3652 2968 ὁρίζοντος,

2064 2992 2360 3063 διατρέχων
2392 2992 2720 3064 νυχθημέρῳ
2747 2993 2826 3046 ἐνὶ
2869 2992 2960 3045 τὸν
2997 2991 3286 3062 σύμπαντα
3320 2989 3544 3060 κόσμον,
3577 2989 3654 3053 ὡς

2069 3085 2272 3156 μηδένα
2307 3085 2703 3156 ἀνεπαίσθητον
2743 3082 2880 3138 εἷναι
2923 3085 3149 3156 θέρμης.
3198 3083 3385 3137 Ταῦτα
3416 3084 3473 3136 δὲ
3507 3085 3657 3156 ἐνερο

2067 3180 2153 3246 γεῖ
2184 3176 2447 3234 δουλεύων
2474 3176 2553 3246 τῷ
2575 3177 2666 3230 τοῦ
2693 3177 3052 3249 πεποιηκότος
3082 3177 3242 3230 αὐτδν
3275 3176 3524 3246 νεύματι,
3560 3176 3657 3229 καὶ

2064 3269 2368 3332 τεθεικότος
2401 3271 2458 3321 ὲν
2491 3268 2566 3338 τῷ
2598 3268 2958 3340 στερεὼματι.
3004 3269 3094 3322 Διὸ
3138 3268 3392 3341 εἴρηται*
3434 3270 3536 3323 Ἐν
3577 3266 3657 3334 τῷ

2065 3360 2216 3428 ’ἡλίῳ
2252 3361 2418 3415 ἔθετο
2454 3361 2517 3414 τὸ
2548 3360 2840 3431 σκήνωμα
2875 3362 3081 3416 αὐτοῦ.
3117 3360 3294 3434 Ὅπερ
3342 3361 3528 3430 σαφῶς
3581 3363 3657 3415 el-

2069 3451 2333 3522 ρημένον,
2373 3451 2693 3524 λευκότερον
2733 3455 3083 3526 ἡρμήνευσαν
3128 3455 3177 3506 οἱ
3225 3454 3432 3507 λοιποί*
3478 3456 3506 3507 6
3557 3455 3656 3526 μὲν

2078 3543 2307 3608 Ἀκύλας
2358 3545 2555 3598 εἰπών·
2601 3545 2685 3611 Τῷ
2737 3547 2889 3614 ἡλίῳ
2929 3545 3096 3601 ἔθετο
3130 3545 3419 3616 σκήνωμα
3447 3546 3657 3601 ἐναῦ-

2065 3634 2188 3700 τοῖς
2215 3635 2321 3704 (l)°
2359 3637 2388 3689 6
2432 3636 2490 3688 δὲ
2533 3637 2858 3708 Σύμμαχος·
2903 3637 2985 3702 Τῷ
3025 3638 3177 3705 ’ἡλίῳ
3217 3635 3392 3700 ἔταξε
3416 3635 3656 3704 σκηνὴν

2064 3727 2134 3780 ἐν
2175 3726 2410 3792 αὐτοῖς·
2448 3729 2476 3779 ὁ
2523 3727 2580 3780 δὲ
2612 3728 2924 3793 Θεοδοτίων,
2978 3728 3063 3794 Τῷ
3107 3731 3258 3796 ἡλίῳ
3305 3729 3473 3783 ἔθετο
3506 3725 3656 3795 σκή-

2065 3834 2229 3886 νωμα
2271 3818 2341 3872 ἐν
2386 3819 2622 3885 αὐτοῖς·
2659 3821 2860 3890 ὁμοίως
2892 3821 2946 3874 δὲ
2995 3823 3088 3875 κα)¹
3121 3824 3153 3892 ἡ
3191 3821 3411 3892 πέμπτη
3448 3820 3655 3885 ἔκδοσις

2064 3908 2342 3974 ἐξέδωκεν.
2389 3911 2476 3962 Ἐν
2507 3910 2614 3984 γὰρ
2647 3916 2762 3976 τοῖς
2797 3913 3167 3984 προλεχθεῖσιν
3199 3914 3448 3984 οὐρανοῖς
3478 3913 3571 3966 καὶ
3599 3913 3658 3965 ὲν

2063 3999 2141 4069 τῷ
2189 4001 2501 4055 άποδοθέντι
2548 4002 2888 4075 στερεὼματι
2937 4004 2998 4057 τὺ
3040 4003 3133 4057 τοῦ
3186 4005 3342 4074 ἡλίου
3395 4005 3656 4075 σκήνωμα

2065 4091 2157 4144 καὶ
2188 4092 2248 4144 τὸ
2281 4094 2593 4166 οἰκητήριον
2639 4095 2873 4150 τέθειται
2899 4099 2926 4150 ὁ
2955 4097 3104 4161 Θεὸς,
3145 4096 3286 4150 κατὰ
3312 4097 3372 4149 τὸ
3397 4095 3655 4166 λελεγμέ-

2062 4199 2152 4235 νον
2181 4184 2332 4254 mpii
2365 4187 2621 4240 Μωῦσεῖο
2656 4188 2765 4242 Καὶ
2809 4188 3098 4255 ἐποίησεν
3127 4191 3159 4241 ό
3193 4187 3335 4255 Θεὸς
3370 4187 3512 4252 τοὺς
3543 4186 3654 4240 δύο

2063 4273 2382 4343 φωστῆρας
2409 4275 2549 4342 τοὺς
2575 4277 2912 4347 μεγάλουςέ
2950 4279 3056 4332 τὸν
3085 4278 3373 4348 φωστῆρα
3418 4279 3525 4332 τὸν
3549 4275 3654 4348 μέ-

2065 4381 2178 4434 γαν
2205 4369 2292 4433 είς
2323 4368 2510 4438 ἀρχὰς
2546 4367 2654 4438 τῆς
2687 4369 2930 4440 ἡμέρας,
2961 4370 3058 4425 καὶ
3093 4369 3200 4424 τὸν
3231 4369 3516 4439 φωστῆρα
3546 4368 3653 4424 τὸν

382 4435 486 4499 sol,
522 4443 575 4490 et
604 4443 814 4489 tantum
845 4453 955 4490 non
989 4438 1222 4503 clamat,
1275 4455 1334 4494 se
1367 4456 1707 4513 nequaquam
1751 4448 1836 4501 sui
1862 4449 1960 4503 do-

2066 4456 2306 4512 ἐλάσσω
2467 4435 2658 4531 ἀρχάς
2698 4435 2810 4529 ἐῆέ
2850 4435 3090 4528 νυκτὸς,
3137 4435 3247 4514 καὶ.
3285 4435 3449 4528 τοὺς.-
3473 4461 3651 4516 ἀστέ-

384 4527 588 4581 minum
617 4542 680 4580 ac
715 4527 943 4582 liberum
975 4545 1127 4597 esse;
1169 4531 1263 4586 sed
1300 4539 1354 4586 et
1383 4533 1466 4587 sui
1494 4542 1546 4589 et
1582 4537 1824 4592 omnium
1851 4539 1956 4595 Do-

383 4616 512 4670 mini
548 4617 792 4671 notitiam
825 4619 1086 4688 praebere.

2055 4566 2188 4617 ρας.
2225 4551 2339 4606 Καὶ
2361 4553 2526 4608 ἔθετο
2554 4554 2776 4620 αὐτοὺς
2813 4555 2884 4608 ἐν
2918 4555 2995 4621 τῷ
3031 4555 3384 4623 στερεώματι
3416 4554 3521 4608 τοῦ
3550 4555 3651 4608 οὺ-

2050 4647 2264 4711 ρανοῦ,
2289 4645 2442 4702 ὥστε
2473 4649 2711 4718 φαίνειν
2737 4649 2837 4702 ἐπὶ
2864 4647 2973 4716 τῆς
3003 4647 3114 4718 γῆς
3133 4666 3146 4678 ο
3183 4649 3284 4702 Διὰ
3317 4647 3518 4701 τούτων
3551 4645 3652 4701 δει-

561 4715 590 4768 ὁ
636 4713 784 4785 ἥλιος
834 4716 928 4769 καὶ
982 4718 1262 4788 μονονουχὶ
1305 4718 1477 4789 βοῶν’
1535 4721 1610 4794 μὴ
1653 4725 1815 4790 αὖτδς
1863 4725 2000 4787 εἶναι
2039 4739 2234 4794 ἑαυτοῦ
2279 4743 2487 4815 κύριος,
2525 4745 2650 4816 μηδ’
2690 4745 2971 4817 ἐλεύθερος
3007 4743 3314 4815 τυγχάνειν,
3367 4739 3650 4814 γνωρίζειν

379 4805 437 4862 δὲ
463 4807 556 4864 τὸν
579 4809 674 4862 καὶ
705 4810 896 4864 ἑαυτοῦ
925 4811 1018 4864 καὶ
1049 4811 1264 4865 πάντων
1298 4815 1595 4886 Δεσπότην.

452 4901 620 4959 Vens.
682 4904 832 4959 8-l2.
908 4903 1018 4959 Lex
1092 4907 1304 4962 Domini
1385 4911 1774 4980 immaculata,
1834 4937 1962 4975 con-

381 5003 582 5051 uertens
647 4998 889 5061 animas;
980 4999 1335 5054 testimonirv'm
1397 5001 1612 5057 Domini
1645 5007 1820 5076 ﬁdele,
1877 5030 1959 5067 sa-

381 5089 632 5156 pientiam
669 5097 929 5156 pra'stans
979 5091 1234 5158 parvulis.
1276 5090 1694 5162 Justiﬁcaliones
1746 5099 1956 5157 Domini

384 5190 556 5247 rectae,
593 5182 920 5254 lwtiﬁcantes
959 5183 1152 5246 corda;
1209 5195 1522 5254 praeceptum
1557 5187 1771 5246 Domini
1823 5195 1958 5250 luci-

381 5273 524 5337 dum,
548 5276 854 5330 illuminans
891 5277 1092 5332 oculos.
1130 5277 1312 5332 Timor
1345 5279 1555 5336 Domini
1601 5295 1806 5351 castus,
1835 5304 1956 5356 per-

381 5382 597 5420 manens
648 5368 702 5422 in
752 5371 1003 5423 sarculum
1048 5371 1263 5424 stcculi:
1287 5371 1497 5440 judicia
1549 5374 1763 5432 Domini
1807 5398 1948 5447 vera,

449 5545 670 5604 "Rom.
721 5565 774 5616 x,
825 5550 910 5604 il.
983 5550 1179 5607 "Cen.
1241 5569 1279 5618 ι,
1317 5553 1402 5618 16,
1448 5555 1533 5608 i7.

2152 4928 2213 4980 '0
2234 4931 2417 4999 νόμος
2445 4932 2666 4999 Κιιοίου
2691 4931 2927 5000 ἄμωμος
2948 4928 3321 4998 ἐπιστρέφων
3341 4929 3546 4999 ψυχάς
3565 4947 3578 4960 ·
3608 4931 3648 4999 ἡ

2061 5022 2356 5089 μαρτυρία
2385 5023 2606 5090 Κυρίου
2633 5021 2819 5088 πιστὴ
2853 5020 3188 5091 σοφίζουσα
3219 5019 3424 5086 νήπια.
3462 5021 3538 5074 Τὰ
3566 5019 3652 5074 δι·-

2062 5108 2363 5179 καιώματα
2390 5111 2612 5179 Κιζρίου
2655 5111 2832 5167 εὐθέα
2868 5111 3264 5181 εὐφραίνοντα
3297 5109 3574 5178 καρδίαν·
3607 5112 3646 5179 2)

2060 5199 2278 5269 ἐντολὴ
2314 5203 2535 5270 Κυρίου
2575 5202 2881 5273 τηλαυγὴς
2915 5201 3248 5272 φωτίζουσα
3281 5203 3644 5272 ὀφθαλμούς.

2076 5291 2129 5342 Ὀ
2162 5293 2345 5361 φόϐος
2376 5295 2596 5361 Κυρίου
2631 5293 2814 5362 ἁγνὸς
2847 5292 3141 5362 διαμένων
3172 5297 3259 5360 εις
3290 5291 3474 5348 αἰῶνα
3511 5290 3647 5347 αἰῶ-

2059 5400 2194 5450 νος·
2242 5386 2314 5438 τὰ
2366 5387 2618 5456 κρίματα
2660 5387 2880 5453 Κυρίου
2925 5387 3182 5454 ἀληθινὰ
3227 5382 3649 5455 δεδικαιωμένα

451 5729 525 5802 (Ι)
565 5731 622 5787 In
645 5729 909 5789 chraico
931 5734 1146 5806 legitur,
1188 5744 1308 5796 εῖτ)
1347 5719 1592 5800 Sne-tur
1632 5723 1844 5806 caruit,
1878 5739 1958 5794 ~50!

2066 5740 2187 5794 isuit
2221 5737 2623 5797 tabernaculum
2651 5743 2706 5798 in
2742 5742 2892 5813 ipsis.
