4094 6378
382 347 502 406 193

1551 351 2062 410 COMMENTARIA
2090 351 2161 407 IN
2199 349 2543 407 PSALMOS.

3581 347 3686 406 ενι

381 472 486 526 ἐπὶ
525 471 594 526 τὸ
622 473 775 528 αὑτό
791 490 804 504 ·
834 473 1169 544 ἐπιθυμητὰ
1199 473 1354 543 ὑπὲρ
1382 477 1644 546 χρυσίον
1682 476 1780 530 καὶ
1821 475 1993 530 λίθον

2094 473 2396 544 justi/icata
2427 473 2483 525 in
2510 469 2794 540 semetipsa
2820 509 2836 533 ,
2881 466 3264 523 desiderabilia
3308 484 3465 539 super
3494 484 3683 541 aurum

380 566 584 631 τίμιον
617 565 836 630 πολὺν,
873 566 974 620 καὶ
1012 571 1352 635 γλυκύτερα
1383 567 1536 636 ὑπὲρ
1569 568 1709 638 μέλι
1749 568 1851 624 καὶ
1886 583 1990 635 κηα-

375 656 540 724 ρίον.
580 657 688 711 Καὶ
731 656 842 727 γὰρ
881 661 913 712 ὁ
938 658 1162 726 δοῦλός
1197 675 1315 714 σου
1355 658 1662 728 φυλάσσει
1703 660 1876 722 αὐτὰ,
1923 659 1994 713 ἐν

382 749 468 813 τῷ
512 749 863 817 φυλάσσειν
898 751 1052 806 αὐτὰ
1089 753 1496 820 ἀνταπόδοσις
1538 755 1761 821 πολλή.
1804 753 1991 807 Ταῦτα

381 837 444 891 δὲ
484 840 666 893 πάντα
709 840 1062 913 περιείληφεν
1105 843 1135 893 ὁ
1177 842 1273 896 τοῦ
1309 843 1446 897 Θεοῦ
1488 845 1652 916 νόμος
1697 845 1837 917 ὑπὲρ
1871 846 1992 898 ἐπι-

385 937 633 1005 στροφῆς
677 938 778 1006 τῆς
821 934 1021 1006 ψυχῆς.
1070 936 1397 1008 Μαρτυρίας
1435 937 1544 1009 γὰρ
1580 938 1796 1009 πρῶτον
1845 955 1993 1008 περιρ

383 1027 502 1096 έχει
551 1029 648 1082 καὶ
691 1028 1037 1100 δικαιώματα
1085 1031 1181 1084 καὶ
1216 1031 1459 1095 ἐντολάς.
1497 1033 1731 1085 Ἔπειτα
1777 1031 1989 1096 τούτοις

384 1119 597 1172 ἅπασιν
627 1120 960 1191 ἐπήρτησεν,
991 1119 1184 1176 ὥσπερ
1211 1120 1514 1193 βακτηρίαν
1542 1121 1988 1192 ὲπιστρεπτικὴν,

383 1211 480 1264 τὸν
511 1211 697 1280 φόϐον,
742 1215 838 1266 καὶ
882 1214 977 1266 ἐπὶ
1002 1215 1165 1266 πᾶσιν
1203 1214 1392 1285 ὥσπερ
1443 1214 1714 1287 κορωνίδα
1756 1215 1822 1268 τὰ
1871 1215 1994 1286 κρί-

389 1321 540 1376 ματα
567 1305 805 1378 ἐπέθηκε
839 1305 931 1358 τοῦ
973 1306 1128 1360 θεοῦ.
1166 1307 1414 1379 Ἐκὰστῳ
1457 1307 1515 1361 δὲ
1547 1308 1656 1362 τῶν
1682 1309 1990 1381 εἰρημένων

388 1395 595 1467 ίὸίωμα
635 1399 840 1470 συνῆψε
860 1415 876 1430 ο
903 1397 983 1470 τῷ
1012 1400 1111 1470 μὲν
1139 1399 1284 1452 κατὰ
1324 1399 1503 1453 πάντα
1538 1399 1740 1471 γενικῷ
1776 1400 1992 1471 ὠνομα-

386 1488 576 1558 σμένῳ
613 1490 764 1560 νόμῳ
813 1492 914 1564 τὴν
952 1491 1057 1561 τῆς
1088 1490 1270 1562 ψυχῆς
1310 1492 1646 1563 ἐπιστροφήν
1671 1509 1686 1523 ·
1745 1492 1894 1556 ὅπως
1933 1492 1992 1546 δὲ

385 1584 713 1654 επιστρέφει
753 1585 922 1656 ψυχὴ,
964 1585 1056 1638 διὰ
1097 1585 1208 1638 τῶν
1247 1584 1376 1654 ἑξῆς
1421 1587 1741 1658 παρίστησι,
1786 1603 1993 1658 μαρτυο

387 1675 514 1747 ρίαν
545 1677 747 1746 πιστὴν
779 1677 951 1732 εἰπὼν
980 1678 1047 1732 δι’
1070 1673 1138 1751 ἦς
1169 1681 1444 1751 σοφίζεται
1491 1682 1520 1733 ὁ
1555 1682 1612 1733 ὲν
1645 1681 1866 1754 Χριστῷ
1898 1683 1993 1754 νή-

384 1786 514 1833 πιος
533 1787 548 1800 ο
582 1771 775 1824 ἔπειτα
807 1770 1152 1844 δικαιώματα
1181 1775 1412 1845 Κυρίου,
1438 1773 1759 1828 καὶτούτων
1796 1774 1990 1846 ἰδίωμα

385 1861 651 1932 προσθεκ
679 1863 742 1916 τὸ
776 1860 917 1917 εἶναι
956 1865 1097 1919 αὑτὰ
1129 1864 1314 1930 εὐθέα,
1346 1867 1557 1938 καρπόν
1590 1884 1649 1920 τε
1677 1868 1790 1930 τοῖς
1823 1884 1989 1938 μετα-

385 1955 731 2026 λαμϐάνουσι
791 1959 1102 2030 παρέχοντα
1155 1960 1254 2033 τὴν
1306 1960 1664 2032 εὐφροσύνην.
1729 1961 1841 2015 Καὶ
1896 1962 1992 2016 ἐπὶ

381 2048 600 2113 τούτοις
628 2049 849 2121 ἐντολὴν
875 2052 1105 2122 Κυρίου,
1132 2048 1201 2124 ἦς
1230 2053 1324 2106 καὶ
1348 2053 1519 2123 αὐτῆς
1547 2053 1607 2107 τὸ
1639 2053 1836 2124 ἰδίωμα
1859 2071 1993 2125 παρ-

384 2141 642 2211 έστησεν,
679 2141 929 2214 τηλαυγῆ
976 2143 1155 2215 φήσας
1196 2143 1365 2215 αὐτὴν
1401 2144 1495 2197 καὶ
1544 2144 1652 2197 τῶν
1699 2144 1991 2215 ὀφθαλμῶν

382 2234 487 2304 τῆς
515 2233 700 2306 ψυχῆς
732 2237 1090 2306 φωτιστικήν.
1119 2235 1211 2306 Τῷ
1233 2237 1290 2290 δὲ
1324 2236 1474 2308 φόϐῳ
1508 2235 1603 2290 τοῦ
1634 2238 1839 2310 Κυρίου
1868 2255 1992 2291 συν-

382 2327 527 2398 ῆψεν
571 2329 675 2400 τὴν
718 2328 965 2398 ἁγνείαν,
1017 2329 1113 2383 καὶ
1161 2332 1225 2400 τῇ
1272 2329 1464 2402 ἁγνείᾳ
1499 2330 1600 2400 τὴν
1645 2330 1843 2402 διαρκῆ
1898 2333 1993 2388 καὶ

383 2420 608 2476 αἰώνιον
642 2422 810 2493 ζωήν.
852 2422 964 2476 Καὶ
1003 2423 1098 2474 ἐπὶ
1131 2424 1266 2476 πᾶσι
1307 2422 1401 2477 καὶ
1443 2422 1581 2492 μετὰ
1613 2424 1792 2476 πάντα
1829 2440 1994 2496 προσ-

385 2515 589 2585 έθηκεν
647 2515 746 2587 τὴν
785 2514 878 2570 τοῦ
927 2516 1064 2569 Θεοῦ
1114 2516 1318 2588 κρίσιν,
1368 2516 1574 2588 συνῆψὲ
1605 2533 1666 2569 τε
1713 2517 1850 2589 αὐτῇ
1894 2517 1993 2588 τὴν

384 2605 654 2676 ἀλήθειαν
694 2606 790 2660 καὶ
820 2606 921 2677 τὴν
949 2606 1320 2677 δικαιοσύνην.

462 2699 915 2770 Παραπτώματα
969 2701 1062 2766 τίς
1090 2701 1388 2767 συνήσεω
1435 2701 1504 2755 ἐκ
1558 2701 1676 2755 τῶν
1727 2701 1995 2771 κρυφίων

381 2807 510 2861 μου
539 2793 874 2860 καθάρισον
895 2810 995 2861 με,
1039 2793 1138 2847 καὶ
1174 2793 1291 2847 ἀπὸ
1321 2795 1657 2862 ἀλλοτρίων
1678 2794 1879 2863 φεῖσαι
1914 2793 1995 2860 τῷ

384 2880 593 2949 δούλῳ
625 2899 763 2938 σου.
802 2885 949 2938 Ἀντὶ
985 2885 1044 2938 δὲ
1089 2885 1206 2949 τοῦ,
1262 2885 1394 2940 Ἀπὸ
1428 2887 1766 2955 ἀλλοτρίων
1791 2885 1994 2956 φεῖσαι

384 2971 475 3038 τῷ
518 2972 724 3038 δούλῳ
767 2989 907 3039 σου,
946 2977 975 3029 ὁ
1009 2976 1245 3040 Ἀκύλας
1286 2976 1552 3042 ἐξέδωκε·
1602 2978 1714 3032 Καί
1764 2993 1829 3047 τε
1873 2975 1994 3031 ἀπὸ

386 3066 799 3134 ὑπερηφάνων
836 3067 1232 3136 συντήρησωθ
1269 3070 1377 3121 τὸν
1423 3068 1649 3124 δοῦλόν
1684 3083 1820 3126 σου.
1858 3070 1995 3139 Σφό-

2093 578 2143 622 ct
2170 565 2398 635 lapidem
2427 565 2717 634 pretiosum
2747 562 2996 628 multum,
3029 573 3078 617 et
3120 561 3367 617 dulciora
3397 579 3555 634 super
3587 566 3690 618 mel

2093 672 2140 715 et
2174 661 2373 731 favum.
2407 657 2616 713 Etenim
2646 673 2825 712 servus
2863 668 2984 711 tuus
3017 656 3248 710 custodit
3283 673 3346 711 ea
3369 656 3472 720 ,.in
3503 665 3683 712 custo-

2093 752 2300 808 diendis
2357 751 2467 805 illis
2519 751 2800 804 retributio
2853 749 3044 804 multa.
3089 746 3216 802 Haec
3264 757 3446 803 autem
3499 746 3684 804 omnia

2093 844 2475 914 complectitur
2500 843 2588 898 lex
2629 840 2724 896 Dei
2769 855 2870 911 pro
2901 840 3272 896 conversione
3302 840 3501 894 anima:
3533 839 3682 894 data.

2093 934 2230 990 Nam
2267 935 2444 1004 primo
2469 933 2806 996 testimonia,
2857 931 3284 1000 iustiﬁcationes
3321 938 3376 986 et
3418 939 3686 1001 przccepta

2093 1024 2363 1080 continet.
2417 1021 2516 1076 His
2559 1011 2757 1077 deinde
2815 1021 3074 1076 omnibus
3105 1022 3353 1076 timorem
3387 1021 3684 1092 appendit,

2093 1118 2250 1189 quasi
2275 1115 2529 1171 baculum
2568 1115 2634 1170 ad
2659 1113 3087 1170 convertendum
3117 1121 3523 1185 opportunum:
3563 1128 3686 1167 om-

2095 1210 2367 1278 nibusque
2392 1207 2602 1278 judicia
2635 1207 2731 1261 Dei
2770 1221 2869 1262 ceu
2902 1206 3220 1261 coronidem
3253 1205 3526 1273 adiunxit.
3559 1201 3688 1259 Sin-

2093 1303 2237 1376 gulis
2264 1309 2445 1357 autem
2466 1300 2913 1372 supradictorum
2949 1314 3108 1356 suam
3145 1298 3358 1354 addidit
3387 1297 3688 1367 proprieta-

2095 1405 2225 1461 tem,
2258 1395 2310 1450 id
2351 1402 2457 1461 est,
2483 1395 2588 1466 legi
2619 1410 2742 1466 qua:
2774 1393 2863 1448 hic
2905 1393 3205 1465 generatim
3251 1391 3508 1456 effertur,
3561 1405 3690 1446 con-

2092 1491 2400 1545 versionem
2450 1490 2666 1544 animrc.
2717 1488 2838 1556 Quo
2890 1496 3051 1556 pacto
3103 1494 3283 1541 autem
3335 1492 3692 1541 convertatur

2094 1583 2298 1651 anima,
2337 1581 2393 1636 in
2420 1581 2780 1652 sequentibus
2813 1580 3017 1650 aperit,
3055 1577 3278 1649 quando
3309 1575 3686 1632 testimonium

2095 1675 2252 1732 ﬁdele
2282 1683 2571 1744 memorat,
2603 1690 2714 1746 quo
2743 1673 2926 1745 quivis
2975 1671 3160 1728 infans
3206 1671 3258 1725 in
3305 1670 3558 1732 Christo,
3595 1683 3688 1724 sa-

2094 1771 2249 1841 piens
2280 1769 2538 1826 cfﬁcitur.
2576 1768 2783 1824 Deinde
2811 1781 2942 1822 vero
2986 1765 3415 1836 justiﬁcationes
3447 1761 3686 1825 Domini,

2092 1865 2294 1937 quibus
2328 1865 2455 1920 item
2490 1877 2647 1919 suam
2703 1861 3095 1932 proprietatem
3140 1858 3369 1928 adjicit,
3427 1857 3689 1912 nimirum

2093 1957 2239 2029 quod
2285 1965 2450 2012 rectae
2479 1954 2627 2019 sint,
2678 1968 2742 2008 ac
2778 1953 2862 2007 sui
2899 1950 3264 2022 participibus
3312 1948 3516 2003 lmtitia:
3578 1947 3692 2002 fru-

2094 2058 2242 2106 ctum
2273 2050 2510 2121 pariant.
2542 2046 2624 2100 Ad
2654 2046 2791 2110 haec,
2822 2051 3156 2115 praeceptum
3209 2040 3429 2096 Domini
3458 2081 3473 2104 ,
3525 2039 3689 2109 cujus

2094 2157 2313 2213 quoque
2341 2141 2728 2212 proprietatem
2757 2138 3086 2204 declaravit,
3120 2135 3251 2190 dum
3303 2132 3547 2188 lucidum
3595 2131 3683 2186 di-

2095 2237 2166 2291 cit
2194 2249 2338 2299 essc,
2363 2234 2669 2303 animmque
2701 2231 2894 2286 oculos
2939 2229 3274 2284 illuminare.
3307 2225 3516 2280 Timeri
3571 2222 3685 2278 Do-

2095 2328 2230 2382 mini
2260 2325 2550 2396 subjunxit
2581 2324 2890 2380 castitatem
2912 2361 2928 2385 ,
2984 2329 3039 2376 et
3073 2319 3314 2374 castitati
3367 2325 3686 2388 perpetuam

2093 2431 2464 2490 aternamque
2497 2420 2690 2472 vitam.
2753 2414 2983 2470 Demum
3017 2427 3184 2483 supra
3237 2411 3423 2465 omnia
3474 2416 3528 2465 et
3566 2415 3690 2478 post

2095 2513 2279 2569 omnia
2305 2511 2576 2583 judicium
2614 2507 2705 2565 Dei
2739 2507 2972 2572 addidit,
3004 2505 3093 2560 cui
3124 2504 3410 2559 veritatem
3437 2510 3492 2556 ct
3524 2500 3689 2572 justi-

2097 2606 2229 2660 tiam
2263 2603 2528 2659 annectit.

2166 2696 2335 2753 V'Ens.
2357 2697 2445 2758 i5,
2473 2695 2557 2750 14.
2579 2692 2783 2748 Delicta
2799 2691 2914 2763 quis
2936 2689 3217 2760 intelliget?
3235 2686 3300 2742 ab
3327 2687 3544 2742 occultis
3561 2687 3688 2740 meis

2097 2791 2297 2843 munda
2327 2805 2429 2853 me,
2453 2796 2503 2842 et
2530 2786 2595 2840 ab
2618 2786 2810 2841 alienis
2839 2799 2994 2854 parce
3030 2799 3175 2837 seruo
3203 2791 3314 2836 tuo.
3355 2780 3507 2835 Illius
3542 2779 3685 2843 loco,

2093 2887 2159 2938 ab
2192 2882 2382 2937 alienis
2411 2897 2567 2952 parce
2591 2897 2741 2936 servo
2769 2890 2880 2944 tuo,
2911 2877 3108 2949 Aquila
3136 2874 3329 2938 edidit,
3361 2885 3411 2928 et
3442 2890 3475 2927 a
3505 2889 3688 2941 super—

2098 2973 2178 3027 bis
2213 2973 2420 3028 custodi
2453 2989 2660 3028 servum
2692 2981 2859 3026 tuum.
2902 2967 3211 3024 Admodum
3243 2981 3472 3023 necesse
3501 2965 3603 3020 fuit
3628 2972 3687 3020 ut

2097 3068 2244 3124 hanc
2271 3068 2548 3123 emitteret
2577 3066 2908 3130 orationem,
2932 3076 3042 3134 quo
3079 3075 3109 3115 τι
3136 3059 3398 3131 superbia
3422 3059 3686 3113 liberare.

386 3159 495 3229 δρα
523 3161 841 3228 ἀναγκαίως
876 3161 970 3215 καὶ
997 3161 1199 3232 ταύτην
1230 3161 1531 3233 ἐκπέμπων
1563 3163 1661 3235 τὴν
1699 3163 1884 3234 εὐχὴν,
1917 3161 1993 3227 ὡς

2101 3165 2208 3212 tur.
2238 3155 2692 3226 Quandoquidem
2721 3171 2838 3222 eos,
2867 3154 2962 3225 qui
2993 3167 3117 3208 sese
3156 3153 3329 3222 probe
3359 3165 3424 3204 ac
3463 3158 3688 3204 strenue

386 3250 461 3308 ἂν
485 3253 709 3324 ρυσθείη
731 3254 840 3307 ἀπὸ
865 3255 1263 3326 ὑπερηφανίας.
1296 3254 1511 3326 Ἐπειδὴ
1539 3254 1649 3326 γὰρ
1671 3259 1782 3320 τοῖς
1807 3273 1997 3330 κατορ-

391 3343 550 3398 θοῦσι
581 3344 891 3415 παρέπεταί
931 3361 1018 3407 τις
1043 3343 1303 3414 λογισμὸς
1331 3343 1590 3408 πολλάκις
1623 3346 1991 3418 ὑπερήφανος,

388 3436 770 3509 ἑπαιρομένης
819 3438 914 3491 καὶ
977 3437 1352 3509 χαυνουμὲνης
1400 3438 1501 3509 τῆς
1553 3439 1732 3511 ψυχῆς
1782 3440 1866 3509 ἐφ’
1914 3435 1996 3504 οἷς

389 3529 561 3600 ἑαυτῇ
599 3531 836 3584 συνοῖδεν
877 3529 1129 3598 ἀγαθοῖς·
1176 3525 1296 3583 εἶτα
1336 3530 1416 3601 τῷ
1465 3531 1568 3601 τῆς
1615 3533 1996 3604 ὑπερηφανίας

389 3621 773 3694 mpii-.5505“
820 3623 1007 3694 κακῷ,
1053 3623 1197 3695 ἄλλῳ
1238 3624 1426 3696 τρόπῳ
1472 3625 1857 3698 τραχηλίζεται
1901 3627 1995 3680 καὶ

391 3715 756 3768 καταπίπτει·
803 3714 880 3778 ὡς
919 3715 1008 3770 διὰ
1049 3716 1208 3770 τοῦτο
1248 3717 1478 3787 φάσκειν
1510 3719 1603 3772 τὸν
1645 3718 1989 3774 Ἀπόστολον·

392 3809 526 3861 Ἵνα
549 3809 637 3877 μὴ
662 3810 950 3877 τυφωθεὶς
971 3812 1059 3877 εἰς
1085 3810 1261 3880 κρζιια
1285 3811 1519 3881 ἐμπέσῃ
1548 3811 1649 3866 τοῦ
1678 3811 1989 3866 διαϐόλου’
2021 3805 2026 3810 ’

389 3900 712 3969 ἀναγκαίως
752 3901 1058 3972 προειπών·
1099 3903 1208 3956 Καὶ
1261 3903 1372 3972 γὰρ
1411 3907 1445 3957 ὀ
1486 3903 1708 3969 δοῦλός
1734 3919 1851 3958 σου
1883 3923 1995 3974 φυ-

389 3991 620 4047 λάσσει
666 3994 840 4058 αὐτὰ,
889 3995 985 4047 καὶ
1024 3993 1240 4063 φύλακα
1281 3995 1389 4048 τῶν
1434 3994 1528 4048 τοῦ
1577 3995 1712 4048 Θεοῦ
1763 3996 1994 4052 ἐντολῶν

391 4085 592 4138 ἑαυτὸν
635 4085 1092 4149 εἰπὼν,’ίκετεὺει
1133 4087 1397 4159 ρυσθῆναι
1436 4086 1548 4141 ἀπὸ
1589 4086 1992 4159 ὑπερηφανίας,

394 4179 492 4233 καὶ
518 4177 801 4248 ἐπιλέγειο
849 4179 984 4233 Ἐὰν
1009 4177 1094 4249 μή
1129 4197 1248 4249 μου
1285 4181 1835 4248 κατακυριεύσωσι,
1859 4180 1996 4233 τότε

394 4269 639 4342 ἄμωμος
681 4272 931 4342 ἔσομαι,
974 4273 1074 4328 καὶ
1124 4276 1257 4328 τότε
1307 4270 1824 4342 καθαρισθήσομαι
1873 4272 1994 4327 ἀπὸ

393 4364 690 4435 ἁμαρτίας
711 4364 1000 4436 μεγάλης.
1037 4365 1190 4430 Τέως
1215 4365 1313 4437 μὲν
1339 4365 1452 4438 γὰρ
1477 4365 1570 4418 ἐπὶ
1599 4360 1695 4418 τοῦ
1730 4364 1996 4438 παρόντος

393 4458 447 4514 ει
472 4460 568 4512 καὶ
595 4458 813 4527 φύλακα
842 4459 1080 4530 ἐμαυτὸν
1111 4457 1310 4530 εἴρηκα
1351 4458 1460 4511 τῶν
1488 4457 1584 4511 τοῦ
1617 4456 1750 4511 Θεοῦ
1781 4473 1996 4529 παραγ-

2099 3257 2320 3323 gerunt,
2354 3249 2602 3321 quaedam
2643 3248 2967 3320 plerumque
3013 3243 3253 3314 superba
3293 3242 3548 3314 cogitatio
3597 3255 3688 3296 se-

2098 3344 2320 3415 quitur;
2353 3343 2482 3399 dum
2513 3343 2698 3398 anima
2743 3342 3013 3397 bonorum
3045 3353 3270 3410 operum
3307 3336 3411 3392 sibi
3439 3333 3684 3394 conscia.

2098 3441 2381 3498 extollitur
2409 3455 2473 3495 ac
2495 3437 2784 3510 magniﬁce
2816 3437 2883 3492 de
2906 3452 2964 3492 se
2997 3435 3165 3491 sentit
3191 3451 3206 3500 ;
3241 3430 3440 3486 deinde
3474 3443 3607 3484 vero
3630 3428 3687 3483 in

2099 3535 2369 3606 superbiae
2395 3535 2601 3588 malum
2643 3531 2891 3601 delapsa,
2927 3529 3032 3583 alia
3073 3541 3292 3596 quoque
3319 3524 3530 3578 ratione
3553 3536 3685 3592 pro-

2098 3626 2364 3682 sternitur
2406 3640 2471 3680 ac
2503 3622 2743 3691 decidit;
2784 3622 3016 3690 ideoque
3048 3619 3122 3672 ait
3153 3616 3448 3686 Apostolus
3479 3615 3564 3664 tu*z
3601 3610 3685 3667 Nc

2096 3716 2151 3770 in
2176 3714 2480 3785 superbiant
2509 3713 2704 3777 elatus,
2732 3712 2786 3764 in
2807 3709 3069 3780 judicium
3093 3704 3294 3759 incidat
3319 3700 3555 3756 diaboli:
3589 3714 3686 3755 ne-

2095 3808 2338 3864 cessario
2365 3821 2497 3863 sane
2526 3814 2817 3876 postquam
2841 3802 3071 3864 dixerat,
3096 3799 3287 3852 etenim
3329 3810 3509 3848 servus
3563 3802 3684 3847 tuus

2094 3898 2329 3954 custodit
2355 3914 2438 3962 ea,
2463 3911 2529 3951 ac
2561 3911 2683 3951 sese
2716 3893 2810 3948 Dei
2844 3900 3240 3963 praeceptorum
3274 3887 3539 3942 cultorem
3566 3897 3686 3954 pro-

2097 3992 2278 4048 fessus
2303 3998 2422 4045 erat
2445 4029 2458 4054 ,
2493 3989 2630 4059 eripi
2659 4002 2718 4044 se
2750 3992 2909 4058 regat
2939 3999 2971 4038 a
3005 3981 3261 4053 superbia
3287 4019 3302 4045 ,
3355 3987 3519 4048 atque
3549 3975 3685 4032 sub.

2096 4078 2299 4133 infert:
2353 4075 2415 4132 Si
2460 4076 2560 4130 mei
2594 4092 2698 4130 non
2745 4074 2944 4143 fuerint
2985 4071 3287 4133 dominati,
3337 4077 3460 4122 tunc
3493 4067 3686 4121 imma-

2095 4171 2306 4226 culatus
2333 4185 2423 4224 ero
2446 4209 2461 4235 ,
2509 4177 2560 4224 et
2591 4177 2714 4223 tunc
2743 4164 3072 4222 cmundaoor
3115 4180 3148 4217 a
3179 4162 3369 4217 delicto
3425 4160 3682 4214 maximo.

2096 4263 2212 4321 Etsi
2257 4265 2524 4320 hactenus
2565 4278 2655 4319 me
2699 4270 2864 4332 atque
2897 4261 2951 4315 in
2987 4261 3241 4331 prmsenti
3288 4264 3684 4326 przcceptorum

2097 4357 2194 4413 Dei
2227 4358 2492 4414 cultorem
2539 4355 2689 4424 dixi;
2745 4361 2802 4409 at
2853 4368 3000 4409 cum
3036 4366 3124 4407 me
3163 4350 3234 4405 ab
3284 4348 3518 4405 occultis
3549 4344 3689 4402 meis

2096 4460 2386 4524 purgatum
2416 4449 2660 4505 nondum
2691 4449 2885 4514 sciam,
2917 4445 3098 4501 adhuc
3122 4445 3178 4499 in
3209 4444 3508 4498 certamine
3537 4437 3686 4510 posi-

396 4550 712 4620 τελμάτων,
743 4551 858 4604 ἁλλ’
891 4552 1012 4604 ἐπεὶ
1032 4550 1243 4604 οὐδέπω
1272 4551 1484 4604 συνοῖδα
1502 4549 1725 4621 ἐμαυτῷ
1753 4548 1993 4604 κεκαθα-

2099 4552 2212 4609 tus,
2260 4559 2326 4599 ac
2373 4542 2643 4600 sollicitus
2693 4548 2753 4596 ut
2785 4556 2817 4595 a
2853 4539 3110 4610 superbia
3156 4538 3389 4609 cripiar,
3439 4536 3565 4606 jure
3621 4545 3686 4588 ac

399 4644 643 4715 ρισμένῳ
665 4645 729 4696 ἐκ
752 4643 861 4697 τῶν
893 4642 1137 4716 κρυφίων
1178 4660 1301 4713 μου,
1325 4643 1406 4698 ἔτι
1440 4643 1484 4696 δ’
1513 4642 1729 4712 ἀγωνιῶ
1762 4643 1856 4697 καὶ
1892 4659 1992 4696 πε-

397 4735 665 4807 φρόντικα
691 4737 763 4799 ὡς
799 4736 865 4789 ἂν
901 4736 1158 4808 ρυσθείην
1188 4735 1296 4790 ἀπὸ
1331 4735 1730 4808 ὑπερηφανίας,
1769 4735 1994 4799 εἰκότως

397 4828 568 4897 φημὶ,
597 4826 693 4879 an:
724 4827 948 4898 μηδέπω
967 4827 1027 4880 τὸ
1048 4827 1249 4880 τέλειον
1271 4827 1648 4896 καοορθώσας.
1686 4827 1819 4880 Τότε
1843 4827 1995 4898 ἀκρι-

397 4918 511 4982 ϐῶς
530 4918 812 4990 γνώσομαι
832 4919 1066 4990 iiuna"
1089 4918 1340 4990 ἄμωμον.
1359 4919 1452 4972 καὶ
1472 4919 1595 4972 τότε
1615 4917 1723 4972 ἀπὸ
1749 4919 1992 4990 μεγάλης

396 5009 873 5082 καθαρισθήσομαι
901 5011 1199 5082 ἁμαρτίας,
1242 5009 1462 5064 ἐπειδὰν
1502 5011 1639 5082 μήτε
1671 5011 1739 5064 τὰ
1781 5009 1994 5082 κρύφια

399 5118 503 5175 μου
531 5102 1024 5174 κατακυριεύσωσι,
1063 5103 1199 5174 μήτε
1220 5101 1480 5174 λογισμὺς
1509 5103 1864 5174 ὑπερήφανος
1892 5119 1993 5158 κα-

393 5192 723 5248 ταδουλώσει
772 5211 876 5265 με,
923 5194 956 5266 ἢ
1007 5195 1235 5267 πονηροὶ
1289 5194 1567 5267 δαίμονες.
1632 5193 1893 5266 Μεγάλην
1934 5193 1992 5249 δὲ

396 5286 674 5358 ἁμαρτίαν
717 5287 817 5361 τὴν
857 5264 1364 5363 ἀποτελεσματικήν
1400 5288 1476 5358 (Ι)
1513 5264 1714 5359 φησιν.
1765 5264 1990 5360 Εί-γὰρ

396 5380 473 5451 μὴ
497 5382 611 5436 ἀπὸ
641 5381 748 5437 τῶν
791 5381 1037 5455 κρυφίων
1073 5398 1176 5453 μου
1210 5380 1622 5454 καθαρισθείην,
1657 5381 1983 5453 ἐπιμένοντα

466 5564 560 5620 ’δι
591 5565 736 5623 Tim.
771 5583 856 5635 In,
886 5567 941 5624 6.

2093 4636 2290 4692 merito
2310 4636 2392 4690 sic
2424 4635 2646 4705 loquor,
2683 4641 2873 4704 utpote
2904 4634 2997 4704 qui
3025 4632 3267 4687 nondum
3298 4631 3367 4685 ad
3399 4635 3597 4684 metam
3625 4632 3682 4682 et

2093 4729 2159 4784 ad
2193 4729 2585 4800 perfectionem
2614 4727 2949 4798 pertigerim.
2981 4724 3137 4780 Tunc
3167 4739 3254 4779 me
3293 4724 3452 4793 plane
3487 4720 3684 4772 imula-

2091 4823 2334 4878 calatum
2363 4837 2588 4878 noscam
2615 4859 2630 4886 ,
2661 4828 2793 4875 tunc
2822 4817 3161 4874 cmundabor
3194 4832 3225 4870 ιι
3256 4815 3462 4870 delicto
3508 4811 3686 4868 maxi-

2093 4931 2205 4981 mo,
2233 4932 2356 4972 cum
2390 4917 2609 4972 occulta
2642 4916 2748 4972 mei
2776 4930 2885 4970 non
2924 4909 3390 4972 dominabuntur,
3431 4922 3553 4962 cum
3587 4920 3684 4960 suc

2090 5009 2259 5079 perba
2298 5009 2559 5079 cogitatio
2585 5023 2650 5064 ac
2691 5007 2918 5078 maligni
2944 5007 3221 5061 daemones
3270 5016 3357 5054 me
3401 4999 3683 5054 subditum

2091 5119 2203 5158 non
2230 5103 2574 5158 detinebunt.
2621 5101 2924 5169 Maximum
2984 5111 3148 5170 porro
3196 5093 3453 5149 delictum
3484 5096 3682 5152 vocat,

2091 5195 2598 5265 apotelesmaticen,
2627 5194 2745 5250 sive
2779 5192 3128 5260 astrologiam
3150 5183 3522 5257 judiciariam.
3546 5181 3682 5237 Nam

2091 5287 2138 5344 si
2166 5288 2235 5343 ab
2267 5286 2502 5345 occultis
2532 5289 2670 5344 meis
2700 5285 3032 5343 emundatus
3079 5297 3190 5337 non
3249 5279 3468 5342 fuerim,
3494 5276 3684 5332 istbtec

2091 5381 2290 5438 delicta
2321 5381 2376 5436 in
2412 5397 2500 5438 me
2540 5378 2916 5453 permanentia
2947 5378 3002 5432 in
3033 5389 3260 5446 pravum
3290 5371 3568 5445 quoddam
3603 5368 3686 5425 ia-

467 5747 550 5819 ξι)
588 5747 724 5816 Qua:
752 5748 840 5803 hic
861 5747 929 5805 de
948 5749 1391 5824 apotelesmatica
1421 5748 1704 5816 dicuntur,
1733 5761 1862 5806 cum
1885 5743 2242 5819 sequentibus
2281 5756 2392 5801 non
2412 5745 2740 5808 congruunt.
2783 5734 2969 5806 Quare
3031 5732 3443 5794 subodoramur
3478 5725 3681 5804 ~aliqua

397 5843 635 5910 inferius
663 5845 954 5904 excidisse.
