4094 6378
435 363 541 422 195

1163 364 1430 421 EUSEBII
1469 364 1952 423 CESARlENSlS
1987 365 2139 425 OPP.
2173 367 2355 423 PARS
2386 367 2476 425 lll.
2519 361 2932 425 EXEGETICA.

3625 367 3730 425 196

430 479 591 536 ciuus
624 495 708 538 me
748 481 1065 553 conjicient,
1105 497 1312 553 eroque
1343 498 1544 555 magno
1594 492 1820 553 peccato
1846 484 2019 539 obno-

2121 483 2294 538 ταῦτα
2345 482 2414 537 τὰ
2454 481 2877 554 παραπτώματα
2927 480 3008 545 είς
3061 478 3258 552 πρᾶξιν
3307 481 3516 554 φαύλην
3561 500 3728 554 μετα-

430 587 578 628 IIIIS.

503 663 671 722 Vsus.
711 666 796 721 15.
842 664 910 719 Et
931 675 1086 719 erunt
1128 666 1182 719 in
1226 665 1613 736 beneplacitum
1660 667 1871 739 eloquia
1916 668 2026 721 oris

430 760 552 812 mei.
582 758 721 812 Cum
754 759 870 813 haec
900 758 1033 811 mihi
1068 757 1166 814 abs
1193 767 1243 813 te
1264 760 1463 814 collata
1484 758 1710 826 fuerint,
1745 769 1877 815 tunc
1906 759 2024 815 elo-

432 852 561 922 quia
589 851 702 906 oris
732 852 862 914 mei,
889 865 1011 921 quae
1037 850 1316 920 precando
1336 892 1351 916 ,
1394 859 1449 906 te
1479 850 1698 922 hymnis
1740 850 2028 906 celebran-

429 943 523 1008 do,
546 944 754 1014 gratias
781 943 881 997 tibi
911 942 1123 1013 agendo
1157 942 1354 1009 obtuli,
1387 944 1591 1014 placita
1612 944 1711 999 tibi
1732 951 1919 999 erunt.
1952 943 2027 997 Ea

430 1051 561 1092 vero
592 1036 794 1107 placita
841 1036 1061 1106 eloquia
1124 1042 1297 1102 sunt,
1354 1051 1479 1107 quae
1519 1037 1921 1107 approbatione
1972 1043 2029 1092 et

430 1131 593 1187 laude
621 1130 805 1201 digna.
858 1129 929 1185 Et
971 1131 1249 1187 meditatio
1289 1132 1466 1186 cordis
1509 1132 1615 1186 mei
1659 1134 1718 1185 in
1750 1140 2029 1207 conspectu

430 1231 520 1276 tuo
549 1231 628 1277 est
652 1237 872 1289 semper.
897 1220 1175 1277 Meditatio
1202 1222 1403 1278 mentis
1425 1236 1580 1287 meae,
1598 1236 1721 1292 quae
1742 1222 1798 1275 in
1820 1221 2029 1291 cogita-

428 1317 673 1371 tionibus
701 1323 756 1370 et
783 1315 952 1369 animi
1001 1316 1257 1372 sensibus
1300 1314 1604 1385 perﬁcitur,
1625 1329 1749 1370 cum
1785 1314 1856 1369 sit
1877 1313 2028 1368 omni

429 1409 592 1479 culpa
638 1409 921 1475 immunis,
952 1409 1006 1463 in
1048 1416 1347 1479 conspectu
1403 1417 1500 1464 tuo
1538 1419 1623 1465 est
1652 1424 1888 1479 semper.
1917 1407 2030 1464 Me-

431 1501 627 1558 ditatio
648 1518 780 1558 sane
802 1517 910 1557 non
940 1502 1163 1558 aliunde
1193 1517 1360 1573 quam
1394 1502 1492 1557 abs
1527 1510 1581 1557 te
1610 1501 1889 1573 inculpata
1905 1515 2029 1558 esse

434 1595 594 1661 talet,
616 1596 710 1666 qui
735 1612 822 1651 me
844 1597 913 1651 ab
938 1597 1172 1653 occultis
1201 1597 1340 1653 meis
1371 1594 1709 1652 emundasti.

504 1688 751 1751 Domine,
785 1690 1004 1761 adjutor
1034 1707 1180 1744 meus
1215 1701 1263 1745 et
1289 1689 1586 1760 redemptor
1613 1705 1782 1745 meus.
1808 1686 1886 1744 Te
1913 1687 2030 1759 opi-

428 1781 666 1846 tulante,
704 1780 967 1849 Domine,
1000 1798 1031 1836 a
1071 1783 1289 1839 nemine
1320 1781 1613 1837 adversum
1648 1796 1736 1837 me
1769 1780 2030 1851 spiritua—

2130 577 2308 648 φέρει,
2336 575 2431 630 καὶ
2462 575 2685 645 γίνομαι
2712 573 3013 637 ὑπεύθυνος
3043 574 3290 647 ἁμαρτίᾳ
3320 574 3553 646 μεγάλῃ.

2200 669 2307 723 Καὶ
2338 667 2582 721 ἔσονται
2608 669 2698 732 εἱς
2724 666 3011 721 εὐδοκίαν
3035 666 3108 721 τὰ
3146 669 3324 736 λόγια
3353 665 3461 720 τοῦ
3498 668 3721 737 στόμα-

2128 759 2231 823 τός
2260 775 2399 828 μου.
2437 757 2604 811 Ὅταν
2646 755 2822 810 ταῦτά
2868 773 2957 827 μοι
3005 755 3261 827 ύπαρχθῇ
3306 754 3459 828 παρὰ
3506 756 3623 822 σοῦ,
3652 756 3723 811 τὰ

2129 851 2285 920 λόγια
2329 847 2422 903 τοῦ
2460 848 2727 920 στόματός
2760 865 2860 920 μου
2894 848 2931 903 ἃ.
2954 849 3270 920 προήνεγκα
3296 850 3590 921 εὐχόμενός
3615 867 3723 915 σοι,

2132 943 2315 1015 ὑμνῶν
2359 961 2439 1009 σε,
2472 942 2809 1015 εὐχαριστῶν
2861 960 2963 1008 σοι,
3006 943 3088 1007 εἰς
3127 942 3376 997 εὐδοκίαν
3415 944 3590 998 ἔσται.
3629 946 3725 1009 El;

2129 1036 2375 1089 εὐδοκίαν
2405 1035 2462 1089 δέ
2491 1039 2638 1089 ἐστιν
2664 1036 2735 1090 τὰ
2766 1036 2923 1104 λόγια
2952 1036 3023 1089 τὰ
3056 1036 3328 1107 ἀποδοχῆς
3362 1036 3508 1102 ἀξια.
3540 1038 3649 1091 Καὶ
3682 1040 3722 1107 ἡ

2121 1128 2345 1199 μελέτη
2392 1128 2505 1197 τῆς
2544 1128 2793 1198 καρδίας
2830 1146 2951 1199 μου
3000 1128 3258 1183 ἐνώπιόν
3295 1144 3412 1186 σου
3446 1130 3578 1184 ἐστὶ
3624 1131 3724 1186 διὰ

2128 1221 2375 1287 παντός.
2419 1221 2484 1274 Ἠ
2520 1221 2716 1292 μελέτη
2737 1221 2832 1275 τοῦ
2855 1220 3194 1293 διανοητικοῦ
3223 1238 3349 1293 μου,
3382 1222 3640 1295 γινομένη
3662 1224 3721 1278 ὲν

2128 1312 2409 1383 λογισμοῖς
2439 1312 2534 1366 καὶ
2575 1314 2846 1384 νοήσεσιν,
2881 1312 3039 1377 ἐκτὸς
3084 1309 3219 1367 οὖσα
3259 1314 3460 1377 παντὸς
3502 1312 3719 1385 μώμου,

2128 1404 2357 1459 ἐνώπιόν
2387 1422 2481 1458 σου
2507 1405 2765 1476 τυγχάνει
2799 1404 2890 1459 διὰ
2916 1406 3137 1469 παντός.
3175 1406 3248 1459 Τὸ
3271 1406 3454 1477 μέντοι
3494 1406 3594 1476 τῆς
3626 1422 3723 1478 με·

2127 1501 2290 1572 λέτης
2337 1499 2625 1572 ἄμεμπτον
2657 1499 2758 1553 οὐκ
2799 1499 3021 1554 ἄλλοθεν
3069 1500 3103 1571 ἢ
3159 1502 3224 1554 ὲκ
3275 1499 3369 1554 σοῦ
3423 1501 3719 1573 ὐπῆρκται,

2132 1593 2530 1667 καθαρίσαντός
2562 1611 2631 1665 με
2664 1593 2774 1647 ἀπὸ
2803 1593 2910 1647 τῶν
2943 1592 3192 1663 κρυφίων
3223 1610 3344 1663 μου.

2208 1689 2410 1755 Κύριε,
2430 1685 2623 1754 ,ϐοηθέ
2633 1705 2753 1756 μου
2775 1687 2874 1740 καὶ
2895 1686 3166 1754 λυτρωτά
3182 1704 3320 1757 μου.
3340 1685 3442 1739 Σοῦ
3470 1684 3723 1757 βοηθοῦν-

2130 1797 2241 1846 τος,
2267 1774 2313 1833 ὧ
2350 1780 2605 1843 δέσποτα,
2642 1779 2819 1833 οὐδενὶ
2860 1779 3154 1833 ὐποπίπτω
3190 1779 3298 1832 τῶν
3336 1778 3723 1849 πνευματικῶς

432 1873 557 1928 liter
584 1872 821 1929 bellante
873 1882 1215 1944 prosternar.
1249 1872 1405 1939 Quod
1452 1873 1498 1928 si
1545 1888 1679 1929 casu
1713 1872 1936 1928 eveniar
1961 1879 2019 1926 ut

2128 1870 2671 1944 προσπολεμούντων.
2724 1872 2789 1925 Ei
2826 1871 2884 1925 δὲ
2921 1871 3016 1925 καὶ
3060 1873 3187 1943 παρ’
3219 1872 3357 1944 ἐμὴν
3392 1872 3721 1945 ἀπροσεξίαν

433 1964 935 2021 inconsideratione
974 1980 1095 2021 mea
1127 1965 1196 2020 ab
1229 1964 1559 2021 adversariis
1592 1965 1927 2035 intercipiat,
1959 1971 2020 2019 tu

431 2072 520 2112 me
551 2073 582 2114 e
608 2059 863 2115 manibus
892 2074 1082 2115 eorum
1116 2058 1389 2123 redimas,
1424 2057 1519 2128 qui
1558 2072 1667 2112 una
1707 2055 1927 2126 adjutor
1954 2072 2020 2113 ac

430 2151 747 2221 redemptor
776 2167 901 2208 esse
930 2150 1381 2222 deprehenderis.

575 2263 629 2319 1.
679 2263 749 2318 ΙΝ
787 2263 1042 2330 FINEM,
1092 2262 1420 2320 PSALMUS
1466 2261 1680 2318 DAVlD
1728 2261 1875 2317 XIX.

504 2355 674 2412 Vitas.
727 2356 803 2411 2-
832 2357 888 2412 4.
929 2356 1205 2411 Exaudiat
1236 2364 1283 2411 te
1318 2355 1578 2411 Dominus
1617 2356 1676 2410 in
1719 2356 1805 2409 die
1851 2354 2021 2409 tribu-

432 2448 684 2514 lationis,
733 2457 974 2521 protegat
1010 2458 1057 2504 te
1103 2466 1291 2504 nomen
1334 2448 1434 2503 Dei
1486 2448 1676 2504 Jacob.
1706 2447 1892 2502 Mittat
1926 2446 2020 2501 tibi

431 2540 697 2595 auxilium
716 2541 781 2595 de
799 2549 1006 2607 sancto,
1030 2550 1080 2595 et
1110 2540 1174 2595 de
1210 2541 1341 2595 Sion
1371 2550 1587 2595 tueatur
1619 2550 1685 2595 te.
1717 2538 1923 2594 Memor
1951 2541 2021 2593 sit

431 2635 605 2687 omnis
627 2633 885 2703 sacriﬁcii
918 2634 1017 2698 tui,
1037 2641 1087 2687 et
1111 2633 1483 2688 holocaustum
1514 2641 1663 2687 tuum
1690 2634 1881 2704 pingue
1900 2633 2017 2701 ﬁat.

433 2725 773 2797 Diapsalma.
808 2724 1065 2781 Psalmus
1094 2725 1317 2795 quidem
1339 2765 1355 2790 ,
1391 2732 1452 2778 ut
1500 2724 1862 2794 inscriptione
1907 2722 2020 2779 fer-

434 2827 548 2885 tur,
579 2817 773 2873 Davidi
803 2816 1123 2872 attribuitur
1149 2835 1161 2870 :
1195 2818 1380 2872 animo
1408 2822 1594 2870 autem
1621 2824 1866 2886 reputes,
1890 2830 2021 2870 num

437 2910 485 2965 si
517 2908 748 2964 historia
778 2913 1078 2971 spectetur,
1110 2906 1217 2961 alia
1248 2907 1321 2963 sit
1336 2905 1645 2977 cuiuspiam
1678 2905 1877 2969 oratio,
1900 2921 2022 2977 quae

436 3001 663 3058 Davidis
691 3000 1154 3071 supplicationum
1198 2998 1442 3070 adjutrix
1474 2998 1566 3053 sit.
1599 2997 1704 3064 Qui
1734 2996 1904 3053 David
1930 3012 2023 3053 ro-

440 3098 535 3164 gat
554 3090 940 3161 obsecratque,
974 3099 1034 3143 ut
1060 3088 1205 3156 Deus
1235 3087 1340 3143 sibi
1371 3094 1620 3145 servator
1649 3087 1906 3154 assistat,
1955 3102 2022 3142 ac

2124 1965 2326 2019 ἁλῶναι
2347 1967 2460 2028 τοῖς
2484 1963 2748 2028 ἐναντίοις
2773 1964 2979 2035 συμϐῇ,
3007 1964 3070 2018 σύ
3105 1982 3173 2035 με
3197 1966 3263 2018 ἐκ
3286 1964 3396 2019 τῶν
3423 1966 3725 2037 κρατησάνο

2119 2074 2227 2111 των
2256 2055 2567 2129 λυτροῦσαι,
2610 2055 2729 2127 ἅμα
2777 2054 2970 2127 βοηθὸς
3016 2041 3111 2111 καὶ
3151 2057 3431 2132 λυτρωτὴς
3470 2060 3721 2131 εὑρισκό-

2130 2166 2311 2221 μενος.

2278 2258 2394 2314 ΕΙΣ
2425 2261 2514 2313 ΤΟ
2552 2259 2796 2328 ΤΕΛΟΣ,
2833 2259 3127 2314 ΨΑΛΜΟΣ
3165 2262 3253 2318 ΤΩ
3285 2262 3483 2315 ΔΛΥΙΔ
3511 2262 3612 2317 ΙΘ¹.

2204 2351 2585 2408 Ἐπακούσαιη
2615 2369 2732 2407 σου
2781 2354 3000 2421 Κύριος
3054 2354 3126 2406 ἐν
3170 2353 3363 2422 ἡμέρᾳ
3422 2356 3715 2424 θλίψεως»

2122 2445 2535 2513 ὑπερασπίσαι
2559 2462 2677 2499 σου
2706 2445 2771 2498 τὸ
2804 2445 2992 2515 ὄνομα
3019 2445 3128 2500 τοῦ
3157 2446 3305 2501 Θεοῦ
3344 2446 3565 2500 Ἰακώϐ.
3603 2446 3722 2513 Ἐξ-

2122 2537 2478 2593 ἁποστείλαι
2521 2555 2621 2593 σοι
2665 2537 2961 2606 βοήθειαν
2999 2539 3069 2605 ἐξ
3101 2541 3295 2611 ἁγίου,
3339 2541 3438 2595 καί
3467 2542 3537 2594 ἐκ
3568 2541 3721 2595 Σιὼν

2123 2627 2504 2683 ἀντιλάϐοιτό
2553 2645 2689 2685 σου.
2731 2632 3041 2700 Μνησθείη
3077 2630 3284 2700 πάσης
3335 2633 3552 2699 θυσίας
3581 2650 3716 2700 σου,

2122 2720 2222 2774 καί
2246 2720 2313 2775 τὸ
2335 2722 2727 2795 ὁλοκαύτωμά
2753 2740 2870 2778 σου
2896 2723 3180 2779 πιανάτω.
3206 2723 3541 2796 Διάψαλμα.
3564 2727 3718 2781 Ἔστι

2125 2813 2225 2884 μὲν
2247 2812 2326 2885 τῷ
2356 2814 2519 2869 Δαυῖδ
2554 2817 2915 2888 ἀνακείμενος
2950 2818 2979 2869 ὁ
3011 2817 3245 2889 ψαλμὸς,
3280 2818 3423 2872 κατά
3455 2818 3554 2892 τὴν
3588 2836 3721 2892 προ-

2122 2908 2359 2979 γραφήν.
2404 2909 2729 2981 Ἐπίστησον
2758 2908 2816 2963 δὲ
2850 2910 3058 2981 μήποτε
3079 2910 3155 2973 ώς
3184 2909 3322 2982 πρὸς
3353 2910 3450 2981 τὴν
3478 2910 3720 2983 ἱστορίαν

2122 2998 2254 3071 εὐχή
2287 3017 2371 3064 τις
2390 2995 2459 3072 ἦν
2483 3002 2619 3074 αὐτὴ
2650 3003 2910 3075 συνεργὸς
2943 3005 3064 3067 ταῖς
3091 3002 3185 3057 τοῦ
3207 3003 3368 3058 Δαυῒδ
3395 3003 3716 3077 ἱκετηρίαις.

2123 3088 2380 3159 δεομένου
2408 3109 2469 3145 τε
2501 3093 2594 3146 καὶ
2623 3093 3032 3157 ἀντιϐολοῦντος
3067 3094 3155 3148 διὰ
3190 3094 3509 3167 προσευχῆς
3535 3097 3720 3166 τυχεῖν

437 3194 626 3241 contra
650 3182 907 3238 inimicos
941 3196 1132 3238 secum
1161 3181 1428 3237 decertet.
1462 3178 1776 3236 Verisimile
1818 3179 2019 3252 quippe

2125 3183 2259 3238 Θεοῦ
2287 3186 2538 3256 Σωτῆρος
2569 3186 2706 3256 πρὸς
2738 3187 2965 3260 ἐχθροὺς
2997 3187 3092 3242 καὶ
3115 3187 3407 3259 πολεμίους
3438 3205 3720 3260 παρατατ-

433 3284 541 3344 est,
571 3276 623 3332 ei
652 3275 741 3332 his
780 3274 1124 3330 incumbenti
1152 3273 1385 3329 chorum
1425 3280 1746 3327 sanctorum
1792 3273 2021 3344 angelo-

432 3384 579 3432 rum,
600 3368 985 3439 religiosorum
1016 3366 1323 3429 hominum,
1351 3379 1748 3435 sacrorumque
1774 3364 1869 3420 Dei
1912 3366 2019 3420 mi-

432 3460 738 3517 nistrorum
785 3458 1001 3523 adesse,
1035 3474 1144 3514 una
1173 3474 1299 3514 cum
1347 3457 1444 3512 illo
1489 3456 1744 3529 precari,
1797 3464 1853 3513 et
1906 3456 2022 3513 haec

434 3553 624 3609 omnia
655 3552 819 3610 simul
851 3550 1101 3623 proferre
1130 3569 1143 3606 :
1186 3548 1460 3604 Exaudiat
1492 3558 1539 3603 te
1567 3546 1825 3604 Dominus
1848 3550 1905 3603 in
1937 3549 2022 3604 die

434 3645 821 3709 tribulationis,
839 3651 1121 3709 etcietera;
1147 3649 1310 3713 atque
1325 3640 1456 3695 illud
1482 3640 1611 3695 item
1634 3658 1646 3694 :
1674 3638 1744 3693 Et
1772 3637 1911 3693 adsit
1927 3638 2022 3692 tibi

440 3756 629 3796 nomen
660 3737 760 3793 Dei
784 3736 975 3792 Iacob.
1022 3735 1122 3791 Est
1158 3735 1309 3791 enim
1342 3734 1471 3790 talis
1493 3733 1771 3789 invocatio
1791 3740 1847 3789 et
1875 3749 2021 3803 com-

431 3833 654 3905 pellatio
688 3831 756 3886 ad
803 3827 1208 3903 propulsandos
1224 3841 1417 3883 omnes
1438 3825 1695 3881 inimicos
1711 3827 1869 3882 satis.
1894 3824 2020 3881 Haec

432 3939 542 3983 non
572 3924 673 3980 soli
702 3922 894 3978 Davidi
922 3927 1258 3993 competunt;
1281 3920 1375 3978 sed
1405 3920 1569 3977 etiam
1590 3918 1812 3974 cuilibet
1839 3917 2017 3984 alteri,

436 4018 531 4087 qui
559 4017 614 4070 in
635 4015 804 4072 simili
832 4029 964 4070 casu
988 4000 1085 4085 per
1112 4014 1415 4070 orationem
1452 4011 1757 4083 spiritualia
1803 4017 1858 4066 et
1881 4025 2020 4081 pura

436 4107 545 4164 Deo
577 4107 847 4164 sacriﬁcia
881 4108 1114 4174 emittit;
1146 4107 1273 4175 cui,
1317 4114 1379 4160 ut
1417 4119 1518 4176 par
1552 4113 1659 4169 est,
1691 4118 1862 4158 sacrae
1914 4102 2020 4158 illa:

434 4198 691 4261 virtutes,
715 4208 770 4253 et
790 4206 1107 4253 sanctorum
1128 4197 1446 4268 angelorum
1473 4195 1627 4251 chori
1650 4209 1760 4249 una
1796 4193 2016 4261 adsunt,

433 4289 747 4344 orationum
790 4304 855 4343 ac
897 4288 1344 4358 deprecationum
1396 4287 1531 4342 socii
1585 4293 1640 4340 et
1677 4286 1976 4356 adjutores.

510 4378 678 4436 Vsus.
739 4379 864 4434 5-7.
936 4378 1159 4434 Tribuat
1229 4378 1324 4433 tibi
1389 4377 1648 4433 Dominus
1732 4377 2018 4433 secundum

434 4493 527 4532 cor
566 4484 735 4541 tuum,
768 4481 817 4527 et
844 4489 995 4526 omne
1021 4472 1300 4526 consilium
1333 4479 1482 4524 tuum
1511 4470 1807 4539 conﬁrmet.
1843 4468 2018 4525 Laeta-

2123 3278 2374 3351 τομένου.
2405 3280 2565 3345 Εἰκὸς
2590 3279 2701 3352 γὰρ
2733 3276 2803 3352 ἦν
2838 3279 2988 3351 αὐτῷ
3020 3278 3194 3335 ταῦτα
3232 3281 3525 3352 πράττοντι
3557 3282 3717 3353 χορὸν

2124 3371 2295 3440 ἁγίων
2342 3372 2588 3441 ἀγγέλων
2630 3374 2663 3445 ἦ
2705 3374 2798 3426 καὶ
2848 3373 3112 3445 θεοφιλῶν
3151 3374 3381 3446 ἀνδρῶν,
3432 3375 3612 3428 αὐτῶν
3653 3374 3719 3448 δὴ

2120 3464 2230 3518 τῶν
2272 3464 2430 3536 ἱερῶν
2476 3467 2573 3519 καὶ
2614 3466 2942 3539 λειτουργῶν
2980 3465 3076 3520 τοῦ
3111 3466 3248 3519 Θεοῦ
3274 3467 3344 3521 τὰ
3378 3468 3718 3538 προκείμενα

2123 3557 2299 3611 πάντα
2357 3558 2712 3630 συνεύχεσθαι
2757 3558 2908 3631 αὐτῷ
2956 3560 3051 3614 καὶ
3097 3559 3313 3630 λέγειν·
3355 3561 3719 3619 Ἐπακούσαι

2121 3664 2238 3705 σου
2266 3652 2483 3720 Κύριος
2513 3652 2585 3706 ἐν
2613 3652 2805 3723 ἡμέρᾳ
2834 3654 3118 3721 θλίψεως,
3158 3654 3254 3707 καὶ
3283 3652 3353 3707 τά
3380 3653 3537 3725 ἑξῆς·
3570 3653 3632 3708 τό
3655 3670 3716 3706 τε

2119 3743 2197 3807 δὲ,
2228 3744 2334 3797 Καὶ
2359 3746 2699 3814 παρασταίη
2726 3761 2826 3800 σοι
2852 3745 2919 3799 τὸ
2952 3745 3138 3815 ὄνομα
3163 3744 3270 3798 τοῦ
3304 3745 3453 3800 Θεοῦ
3491 3743 3713 3801 Ἰακώϐ.

2133 3835 2400 3909 Ἀπαρκεῖ
2432 3836 2543 3909 γάρ
2582 3837 2720 3908 αὐτὴ
2756 3838 2789 3909 ή
2824 3837 3111 3909 ἐπίκλησις
3152 3837 3246 3891 καὶ
3291 3839 3325 3909 ἡ
3373 3838 3715 3910 προσηγορία

2121 3929 2259 4001 πρὸς
2282 3930 2496 4002 ἄμυναν
2525 3931 2727 3995 παντὸς
2765 3931 3030 3985 ἐναντίου.
3061 3929 3247 3984 Ταῦτα
3272 3930 3330 3984 δὲ
3363 3931 3425 3984 οὐ
3458 3932 3604 4002 μόνῳ
3635 3931 3714 4003 τῷ

2120 4022 2301 4087 Δαυῖδ,
2329 4023 2466 4078 ἀλλά
2496 4024 2593 4078 καὶ
2629 4024 2794 4078 παντὶ
2831 4023 2909 4093 τῷ
2935 4023 3055 4077 καθ’
3080 4023 3340 4095 ὁμοίωσιν
3372 4024 3582 4078 ἐκείνου
3613 4023 3713 4089 τὰς

2118 4115 2186 4170 δι’
2219 4115 2395 4187 εὐχῶν
2413 4116 2794 4188 ἀναπέμποντι
2832 4115 2911 4186 τῷ
2949 4116 3069 4187 Θεῷ
3102 4116 3296 4189 νοεράς
3330 4118 3423 4171 καὶ
3463 4117 3712 4191 καθαρὰς

2120 4207 2329 4274 θυσίας,
2356 4208 2613 4281 δυνάμεις
2640 4209 2821 4277 ἁγίας,
2856 4209 2950 4263 καὶ
2993 4210 3243 4278 ἀγγέλων
3285 4210 3447 4281 ἱερῶν
3492 4212 3707 4283 χοροὺς,

2118 4300 2264 4365 εἰκὸς
2287 4299 2353 4354 ἂν
2383 4299 2470 4371 εἴη
2500 4299 2849 4370 συνεύχεσθαι
2883 4301 2975 4353 καὶ
3007 4299 3351 4371 ἐπεύχεσθαι.

2188 4391 2314 4461 Δῴη
2365 4407 2465 4446 σοι
2504 4393 2721 4461 Κύριος
2768 4392 2917 4447 κατὰ
2965 4391 3081 4461 τὴν
3124 4392 3378 4461 καρδίαν
3417 4409 3569 4457 σου,
3607 4396 3707 4449 καὶ

2118 4484 2327 4540 πᾶσαν
2356 4484 2472 4553 τὴν
2509 4485 2750 4551 βουλήν
2781 4500 2898 4539 σου
2936 4484 3272 4553 πληρώσαι.
3317 4485 3709 4555 Ἀγαλλιασό-

435 4569 607 4623 bimur
637 4567 692 4620 in
724 4562 954 4621 salutari
985 4573 1094 4628 tuo,
1120 4570 1171 4618 et
1207 4564 1263 4617 in
1296 4564 1505 4617 nomine
1534 4561 1752 4616 Domini
1794 4561 1893 4615 Dei
1921 4577 2017 4615 no-

2121 4580 2268 4647 μεθα
2285 4577 2356 4631 ἐν
2385 4575 2466 4642 τῷ
2494 4577 2767 4646 σωτηρίῳ
2796 4592 2932 4642 σου,
2963 4578 3062 4630 καὶ
3091 4578 3161 4632 ὲν
3190 4577 3271 4644 τῷ
3293 4579 3535 4648 ὀνόματι
3559 4579 3709 4633 Θεοῦ

433 4660 535 4715 stri
561 4657 1041 4729 magniﬁcabimur.
1073 4655 1300 4725 Impleat
1316 4655 1572 4709 Dominus
1599 4671 1780 4708 omnes
1801 4655 2017 4723 petitio-

434 4768 526 4807 nes
558 4760 677 4805 tuas
703 4767 723 4805 :
750 4766 888 4804 nunc
922 4749 1133 4820 cognovi
1163 4749 1413 4820 quoniam
1438 4748 1644 4802 salvum
1676 4746 1800 4816 fecit
1833 4746 2016 4799 Domi-

436 4862 535 4899 nus
560 4842 830 4900 Christum
853 4859 1026 4897 suum.
1057 4844 1105 4896 A
1130 4842 1489 4913 tliapsalmate
1515 4841 1628 4896 orsi
1658 4840 1755 4911 qui
1793 4854 2018 4910 precan-

437 4944 548 5003 tur,
574 4935 917 5007 prophetiam
956 4935 1249 5002 emittunt;
1280 4932 1429 5004 quod
1472 4933 1524 4988 ei
1543 4932 1637 5004 qui
1666 4931 2015 4987 rationabilia

432 5029 528 5084 illa
556 5026 825 5085 sacriﬁcia
849 5027 1081 5093 obtulit,
1129 5041 1191 5082 ea
1231 5025 1417 5080 omnia
1443 5024 1742 5095 largiturus
1767 5023 1840 5078 sit
1868 5021 2014 5079 Deus

431 5137 555 5193 qua:
581 5128 765 5177 mente
802 5127 859 5176 et
887 5120 1071 5175 animo
1108 5118 1443 5199 postulavit;
1484 5124 1539 5171 et
1566 5116 1860 5172 consilium
1891 5115 2014 5185 ejus

433 5214 801 5287 perfecturus,
826 5214 872 5270 si
894 5213 1114 5284 quidem
1137 5228 1249 5267 non
1287 5210 1453 5268 fuerit
1481 5211 1616 5281 ipsis
1644 5210 1739 5266 Dei
1763 5211 2013 5266 consiliis

434 5306 695 5363 alienum.
720 5305 814 5371 lis,
846 5305 1124 5376 inquiunt,
1153 5314 1332 5360 tecum
1373 5304 1531 5359 bonis
1569 5302 1835 5369 fruemur,
1864 5304 2015 5358 laeta-

434 5399 727 5471 bimurque
782 5400 839 5453 in
890 5398 1115 5454 salutari
1163 5405 1299 5453 tuo:
1341 5396 1496 5467 gnari
1526 5396 1728 5467 quippe
1782 5411 2009 5461 sumus,

437 5490 644 5561 Spiritu
678 5497 869 5545 sancto
914 5490 1218 5552 revelante,
1280 5488 1487 5559 prolem
1520 5486 1668 5540 illam
1698 5501 1762 5541 ex
1796 5492 1852 5541 te
1885 5501 2013 5557 pro-

432 5582 691 5645 dituram,
718 5582 1097 5637 universorum
1127 5581 1412 5637 hominum
1461 5580 1701 5636 salutare
1746 5580 2009 5636 futuram.

432 5675 552 5743 Qua
599 5675 654 5729 in
683 5690 743 5730 re
772 5690 874 5732 nos
902 5691 1118 5747 quoque
1143 5675 1198 5730 in
1228 5675 1450 5732 nomine
1477 5674 1695 5731 Domini
1716 5673 1813 5730 Dei
1836 5673 2011 5729 nostri

432 5766 927 5838 magniﬁcabimur.
959 5766 1294 5843 lmpleantur
1322 5771 1488 5828 etiam
1532 5770 1823 5843 petitiones
1853 5774 1963 5826 tuae
1994 5788 2007 5825 :

433 5858 567 5931 ipsae
593 5856 1317 5944 q'sippc.Deo_dign§a_§unL

2116 4667 2288 4738 ήμῶν
2303 4670 2902 4739 μεγαλ-υνθησόμεθα.
2936 4668 3256 4736 Πληρώσαι
3278 4660 3495 4738 Κύριος
3512 4669 3710 4723 πάντα

2116 4760 2188 4814 τὰ
2218 4760 2510 4831 αἰτήματα
2549 4775 2665 4814 σου
2688 4777 2702 4791 ’
2739 4760 2857 4814 νῦν
2890 4759 3101 4830 ἔγνων,
3143 4760 3233 4815 ὅτι
3270 4762 3465 4815 ἔσωοέ
3492 4762 3707 4830 Κύριος

2116 4850 2224 4903 τὸν
2253 4848 2511 4918 Χριστὸν
2545 4847 2751 4903 αὐτοῦ.
2796 4847 2929 4901 Ἀπὸ
2969 4847 3064 4901 τοῦ
3109 4848 3481 4919 διαψάλματος
3522 4849 3573 4900 οἱ
3613 4846 3699 4900 εὐ-

2117 4940 2338 5013 ξάμενοι
2392 4940 2857 5012 προφητεύουσιν,
2902 4940 3053 5010 αὐτῷ
3098 4940 3203 4994 τὸν.
3231 4940 3364 4994 Θεὸν
3403 4940 3628 5007 δώσειν,
3660 4933 3707 5009 ᾧ

2115 5033 2212 5097 τὰς
2235 5032 2457 5103 λογικὰς
2485 5031 2677 5097 θυσίας
2717 5032 3111 5103 προσήνεγκεν,
3154 5032 3257 5085 ὅσα
3293 5030 3435 5086 κατά
3466 5031 3705 5085 διάνοιαν

2115 5125 2319 5196 ⁴ᾔτησε,
2351 5125 2447 5178 καὶ
2485 5124 2762 5196 πλήρωσιν
2797 5126 2862 5195 τῇ
2894 5123 3079 5195 βουλῇ,
3109 5124 3143 5194 ἢ
3192 5125 3274 5176 ὅτι
3316 5124 3390 5196 μὴ
3445 5123 3705 5196 ἀλλότρια

2115 5216 2249 5270 Θεοῦ
2277 5215 2346 5269 τά
2373 5215 2792 5288 βεϐουλευμένα.
2817 5215 3306 5287 Συναπολαύσομεν
3324 5215 3384 5269 δέ
3412 5232 3516 5277 σοι,
3546 5215 3701 5286 φασὶ,

2116 5308 2224 5362 τῶν
2272 5307 2493 5378 ἀγαθῶν
2512 5349 2529 5375 ,
2583 5306 2979 5379 ἀγαλλιώμενοι
3028 5307 3105 5379 τῷ
3153 5309 3407 5380 σωτηρίῳ
3460 5306 3541 5379 τῷ
3588 5306 3698 5377 σῷ·

2115 5400 2361 5472 ἔγνωμεν
2387 5400 2494 5473 γὰρ
2520 5399 2580 5465 ἐξ
2601 5400 2757 5469 ἀγίου
2786 5400 3097 5471 Πνεύματος
3137 5400 3198 5454 τὸ
3239 5402 3306 5454 ἐκ
3344 5398 3438 5455 σοῦ
3469 5402 3699 5472 γενησό-

2119 5510 2277 5564 μενον
2302 5494 2548 5565 γέννημα
2597 5492 2815 5546 πάντων
2852 5491 3157 5564 ἀνθρώπων
3201 5494 3496 5566 σωτήριον·
3533 5493 3617 5562 ἐφ’
3654 5487 3702 5561 ᾧ

2114 5588 2208 5640 καὶ¹
2231 5590 2395 5659 ἡμεῖς
2424 5586 2945 5658 μεγαλυνθησόμεθα
2976 5588 3034 5640 ἐν
3067 5585 3144 5657 τῶ
3174 5585 3397 5657 ὀνόματι
3438 5584 3532 5639 τοῦ
3561 5585 3697 5640 Θεοῦ

2113 5679 2291 5753 ἡμῶν.
2327 5680 2509 5734 Ἔστω
2531 5679 2589 5734 δέ
2617 5696 2711 5733 σου
2744 5679 2837 5732 καὶ
2867 5677 2937 5732 τά
2960 5679 3242 5750 αἰτήματα
3262 5692 3278 5711 ο
3307 5678 3401 5733 καὶ
3438 5676 3549 5751 γὰρ
3569 5674 3697 5744 ἀξια

2112 5772 2285 5829 ταῦτα
2303 5771 2460 5828 Θεοῦ.
2866 5758 2869 5761 ’
