4094 6378
419 313 528 368 197

1564 309 2064 366 COMMENTARIA
2102 309 2177 365 IN
2212 309 2550 376 PSALMOS,

3590 321 3693 380 998

501 430 928 482 Ἐπακούσεται
963 429 1148 484 αὐτοῦ
1179 430 1248 494 ἐξ
1293 429 1556 498 οὐρανοῦ
1599 431 1770 499 ἁγίου
1799 429 1996 494 αὐτοῦ,

2182 431 2446 486 Exaudiet
2481 432 2633 486 illum
2660 431 2724 487 de
2745 432 2874 488 casio
2901 440 3088 486 sancto
3111 450 3229 500 suo,
3261 435 3313 488 in
3339 440 3687 504 potestatibus

415 523 487 576 ἐν
512 522 897 587 δυναστείαις
928 525 1192 591 σωτηρία
1231 523 1343 591 τῆς
1367 523 1572 589 δεξιᾶς
1609 524 1814 576 αὑτοῦ.
1852 521 1996 588 Δεξιὲ

2113 523 2262 578 salus
2287 523 2516 578 dextera:
2542 525 2680 591 ejus.
2723 523 2954 580 Dextera
2980 540 3196 590 manus,
3231 542 3531 598 omnesque
3554 529 3689 584 dex~

411 614 470 667 δὲ
503 615 646 685 χεὶρ,
670 614 764 668 καὶ
789 617 961 668 πᾶσαι
988 617 1042 667 αἱ
1070 616 1326 684 σωτήριοι
1362 616 1455 667 καὶ
1492 615 1663 680 δεξιαὶ
1703 615 1930 685 πράξεις
1955 617 2010 668 ἐν

413 709 774 772 δυναστείαις.
807 711 1078 780 Δυνάμεσι
1117 709 1225 780 γὰρ
1272 710 1366 763 καὶ
1419 711 1664 781 σημείοις
1697 711 1792 764 καὶ
1824 711 2008 780 τέρασι

411 798 517 862 τὰς
539 802 620 862 είς
645 800 964 870 ἀνθρώπους
993 803 1280 872 ποιήσεται
1306 801 1646 872 εὐεργεσίας.

489 887 667 946 Οὗτοι
708 893 778 945 ἑν
815 893 1077 961 ἅρμασιν
1112 893 1214 947 καὶ
1255 889 1418 947 οὗτοι
1466 893 1536 945 ἐν
1568 895 1794 958 ἵπποις,
1836 893 2003 961 ἡμεῖς

411 983 481 1036 δὲ
513 985 585 1036 ἐν
612 986 854 1053 ὀνόματι
895 986 1114 1052 Κυρίου
1145 983 1291 1036 Θεοῦ
1316 982 1484 1052 ἡμῶν
1506 985 2000 1052 ἐπικαλεσόμεθα.

409 1077 594 1130 Αὐτοὶ
648 1077 1187 1144 συνεποδίσθησαν
1240 1075 1340 1127 καὶ
1394 1074 1657 1128 ἔπεσαν·
1720 1075 1893 1144 ἡμεῖς
1938 1075 2006 1128 δὲ

409 1167 756 1236 ἀνέστημεν
786 1167 882 1219 καὶ
915 1166 1358 1236 ἀνωρθιίθημεισθ.
1402 1165 1632 1228 Σῶσον,
1668 1170 1864 1235 Κύριε,
1898 1168 2005 1220 τὸν

401 1259 694 1324 βασιλέα,
725 1261 820 1313 καὶ
850 1259 1198 1314 ἐπάκουσον
1216 1260 1386 1330 ἡμῶν
1413 1262 1482 1313 ἐν
1507 1255 1548 1332 ᾖ
1572 1261 1648 1314 ἂν
1671 1260 1858 1330 ἡμέρῃ
1874 1263 2006 1314 ’ἐπι-

407 1353 789 1421 καλεσάμεθὰ
816 1368 909 1407 σε.
958 1353 1116 1408 Ἀλλὰ
1143 1355 1252 1425 γὰρ
1297 1358 1329 1426 ἡ
1378 1359 1542 1426 πεῖρα
1579 1354 1689 1409 τῶν
1740 1355 2002 1426 πραγμά-

406 1460 520 1497 των
552 1446 744 1514 γένοιτ’
774 1447 840 1500 ἂν
881 1447 1100 1518 ἐλεγχος
1146 1447 1240 1500 τοῦ
1285 1449 1611 1519 κρείττονος.
1655 1449 1719 1501 Οἱ
1755 1449 1853 1519 μὲν
1895 1448 2003 1518 γὰρ

408 1536 497 1590 00‘.
520 1537 705 1608 ἐχθροὶ
731 1539 814 1607 ἐφ’
849 1539 1035 1602 ἵπποις
1063 1539 1156 1591 καὶ
1187 1539 1396 1610 ἅρμασι
1431 1538 1770 1602 πεποιθότες,
1801 1556 2005 1609 συμπο-

403 1629 680 1694 δισθέντες
714 1629 1003 1684 πεσοῦνται
1028 1631 1228 1702 ὁμοίως
1256 1631 1333 1701 τῷ
1363 1630 1562 1704 Φαραὼ
1589 1631 1680 1684 ἐπὶ
1708 1632 1806 1700 τῆς
1851 1633 2004 1703 Ἐρυ-

404 1718 546 1791 θρᾶς
573 1720 844 1791 Θαλάττης
877 1720 1348 1774 καταποντωθέντι
1369 1738 1382 1750 ·
1416 1723 1577 1791 ἡμεῖς
1604 1722 1660 1773 δὲ
1689 1723 1735 1772 οὶ
1787 1719 1866 1790 τῷ
1890 1721 2002 1774 ὀνό-

406 1829 545 1882 ματι
589 1813 795 1884 Κυρίου
831 1812 926 1865 τοῦ
953 1813 1088 1866 Θεοῦ
1117 1814 1273 1885 ἡμῶν
1303 1813 1656 1883 ὠπλισμένοι,
1681 1813 1776 1865 καὶ
1810 1814 1892 1866 σοὶ
1922 1815 1998 1885 τῷ

401 1905 507 1968 τὰς
541 1903 734 1968 θυσίας
771 1906 1150 1976 ἁναπέμποντι
1190 1908 1311 1968 ταῖς
1348 1906 1531 1974 εὐχαῖς
1565 1907 1997 1978 συναγωνιζόμε-

401 2014 508 2059 νοι,
561 1997 1014 2068 ἀναστησόμεθα,
1062 2000 1156 2050 καὶ
1201 1997 1729 2071 ἀνορθωθησόμεθα,
1777 1998 1869 2051 σοῦ
1900 1999 1997 2062 τὰς

401 2089 552 2142 κατὰ
579 2090 685 2143 τῶν
718 2090 930 2161 ἐχθρῶν
963 2091 1115 2154 νίκας
1143 2091 1442 2161 ἀραμένου.
1488 2089 1646 2142 Ἀλλά
1686 2088 1859 2143 ταῦτα
1900 2090 1997 2159 μὲν

402 2182 584 2247 ἔσται,
601 2184 757 2251 φασὶ,
777 2184 870 2236 καὶ
882 2183 975 2235 νῦν
995 2182 1237 2236 κατὰτὸν
1262 2183 1451 2254 καιρὸν
1473 2185 1570 2253 τῆς
1592 2182 1686 2235 τοῦ
1709 2182 1996 2235 ἀποδοθέν-

399 2294 496 2339 τος
517 2274 786 2347 σωτηρίου
815 2275 1154 2344 ἐπιφανείας.
1183 2275 1316 2329 Τότε
1346 2275 1455 2346 γὰρ
1486 2275 1720 2345 μάλιστα
1746 2277 1913 2328 πᾶσαι
1940 2276 1996 2327 αἱ

399 2365 784 2436 ἀντικείμεναι
823 2365 1109 2436 δυνάμεις,
1143 2369 1238 2418 καὶ
1275 2366 1323 2418 οἱ
1367 2365 1592 2434 ἀφανεῖς
1641 2366 1736 2418 καὶ
1776 2365 1996 2436 ἀόρατοι

398 2456 500 2511 τοῦ
529 2457 666 2510 Θεοῦ
694 2457 964 2527 πολέμιοι,
992 2457 1057 2510 δι’
1094 2456 1259 2510 αὐτοῦ
1283 2456 1374 2510 τοῦ
1409 2456 1676 2528 σωτηρίου
1702 2457 2000 2528 τροπούμε-

400 2565 506 2610 να,
540 2548 853 2603 πεσοῦνται.
880 2548 1088 2611 Πάντες
1117 2547 1175 2601 δὲ
1207 2549 1256 2600 οἱ
1287 2548 1350 2600 τὸ
1389 2549 1654 2620 σωτήριον
1688 2546 1995 2618 παραδεξά-

404 2657 584 2711 μενοι,
627 2639 719 2694 τοῦ
763 2641 930 2694 πάλαι
971 2639 1151 2692 αὐτῶν
1193 2636 1483 2710 πτώματος
1527 2639 1994 2710 διαναστήσονται.

399 2731 500 2784 Διὸ
529 2731 660 2802 περὶ
694 2730 858 2783 αὐτοῦ
900 2729 1123 2801 Συμεὼν
1166 2730 1382 2798 ἔλεγεν·
1431 2729 1577 2783 Ἰδοὺ
1606 2726 1783 2795 οὗτος
1813 2729 1998 2782 κεῖται

391 2826 495 2890 εἰς
530 2823 765 2877 πτῶσιν
796 2822 894 2876 καὶ
944 2821 1285 2876 ἀνάστασιν
1321 2822 1597 2876 πολλῶν·
1645 2821 1850 2874 πτῶσιν
1899 2820 1996 2892 μὲν

399 2915 606 2987 δηλαδὴ
647 2915 756 2970 τῶν
791 2913 1002 2986 ἐχθρῶν
1042 2913 1207 2968 αὐτοῦ
1246 2915 1340 2967 καὶ
1382 2914 1488 2967 τῶν
1521 2913 1824 2984 πολεμίων
1861 2912 1995 2966 ἀνά-

399 3023 597 3058 στασιν
632 3005 687 3058 δὲ
719 3005 825 3057 τῶν
859 3004 1027 3057 πάλαι
1061 3003 1448 3068 πεπτωκότων,
1480 3003 1545 3056 δι’
1573 3001 1737 3055 αὐτοῦ
1772 3002 1828 3054 δὲ
1861 3002 1992 3072 ἐγη-

398 3098 712 3170 γερμὲνων.
770 3098 880 3150 Καὶ
916 3097 1087 3149 ταῦτα
1122 3096 1222 3166 μὲν
1267 3095 1386 3148 τότε
1426 3096 1750 3166 γενήσεται·
1787 3094 1881 3147 νῦν
1913 3093 1991 3156 δὲ,

396 3191 603 3262 Κύριε,
636 3189 776 3252 σῶζε
817 3192 946 3261 ἡμῖν
984 3189 1076 3242 τὸν
1123 3187 1350 3258 βασιλέα
1391 3186 1572 3250 Δαυῖδ,
1605 3189 1700 3240 καὶ
1735 3187 1792 3238 ἐν
1837 3186 1998 3239 παντὶ

395 3284 483 3354 τῷ
501 3286 614 3336 ὄντι
643 3282 842 3353 καιρῷ,
871 3283 966 3335 καὶ
986 3283 1042 3333 ἐν
1127 3280 1191 3334 ἂν
1220 3280 1403 3352 ἡμέρᾳ
1427 3275 1879 3348 ἐπικαλεσώμεθά
1911 3293 1992 3328 σε.

411 3377 674 3449 ’Δρμόζει
716 3376 773 3428 δὲ
810 3375 1014 3438 ταῦτα,
1057 3373 1130 3436 ὡς
1170 3372 1326 3436 ἄλλος
1369 3373 1530 3444 φησι,
1579 3371 1673 3424 καὶ
1715 3370 1808 3422 ἐπὶ
1848 3368 1998 3432 Ἐζε-

395 3469 532 3540 κίᾳ.
575 3469 809 3538 Νοήσεις
840 3467 896 3519 δὲ
932 3465 1103 3519 ταῦτα
1149 3465 1243 3518 καὶ
1277 3463 1416 3517 κατὰ
1450 3464 1542 3517 τὸν
1569 3463 1669 3533 τῆς
1707 3459 2000 3530 ἀναγωγῆς

394 3564 595 3633 νόμον.

511 3676 624 3728 ΕΙΣ
656 3675 744 3728 ΤΟ
783 3672 1037 3735 ΤΕΔΟΣ,
1075 3670 1369 3724 ΨΑΛΜΟΣ
1419 3670 1507 3721 ΤΩ
1547 3668 1746 3721 ΔΑΥΙΔ
1786 3667 1868 3719 K'.

474 3791 574 3853 Εἰς
597 3789 773 3842 αἴσιον
794 3787 900 3858 γὰρ
925 3783 1310 3854 ἀναπέμπεται
1332 3782 1400 3836 τὰ
1422 3781 1690 3852 λεγόμενα
1712 3782 1882 3846 τέλος,
1903 3785 1997 3838 καὶ

401 3883 513 3936 τῶν
541 3880 749 3952 ἐχθρῶν
774 3879 869 3931 τοῦ
897 3875 1032 3930 Θεοῦ
1062 3875 1314 3945 σημαίνει
1339 3874 1430 3926 τὸν
1459 3873 1701 3946 ὄλεθρον.
1733 3875 1827 3927 Διὸ
1853 3877 1996 3930 κατὰ

398 3975 509 4048 μὲν
541 3973 858 4044 Σύμμαχον,
911 3969 1234 4034 Ἐπινίκιός
1258 3968 1432 4021 ἐστιν
1459 3965 1617 4034 ᾠδή·
1652 3968 1792 4021 κατὰ
1822 3967 1877 4020 δὲ
1906 3968 1996 4023 τὸν

415 4067 651 4122 Ἀκύλαν
670 4107 686 4133 ,
726 4064 808 4130 Tt?)
835 4061 1118 4128 νικοποιῷ
1144 4059 1488 4132 μελῴδημα.

477 4249 676 4316 Κύριε,
694 4247 763 4300 ἐν
775 4244 849 4314 τῇ
865 4242 1112 4311 δυνάμει
1131 4257 1248 4295 σου
1267 4239 1742 4308 εὐφρανθήσεται
1767 4243 1799 4293 ό
1813 4241 1996 4304 βασι-

403 4345 574 4410 λεύς.
600 4339 768 4413 Οἶμαι
791 4341 885 4393 καὶ
910 4337 1081 4392 ταῦτα
1097 4335 1350 4405 λέγεσθαι
1365 4333 1433 4387 τὰ
1452 4332 1786 4403 προκείμενα
1805 4333 1871 4385 ἐκ
1886 4330 1995 4384 τῶν

408 4438 506 4490 καὶ
520 4436 588 4489 τὰ
614 4434 718 4504 πρὸ
732 4433 921 4485 τούτου
943 4429 1017 4501 τῷ
1034 4426 1195 4481 Δαυῒδ
1215 4423 1616 4496 ἐπευξαμένων.
1642 4421 1844 4476 Μαθὼν
1865 4419 1994 4491 γοῦν

2113 624 2241 668 terte
2293 621 2347 669 et
2407 615 2676 670 salutares
2731 615 2975 670 actiones
3029 617 3082 669 in
3119 619 3482 686 potestatibus
3540 628 3687 675 sunt.

2113 705 2418 762 Virtutibus
2449 722 2685 776 namque
2708 747 2723 770 ,
2758 707 2929 778 signis
2969 715 3023 763 et
3076 708 3338 781 prodigiis
3361 750 3376 774 ,
3428 711 3690 768 beneﬁcia

2111 813 2211 854 sua
2241 798 2555 853 [nominibus
2580 800 2942 870 dispensabit.

2181 889 2350 944 Vsus.
2386 891 2544 945 8-10.
2588 891 2664 944 Hi
2719 893 2773 945 in
2833 893 3076 946 curribus
3113 902 3164 947 et
3196 895 3250 947 hi
3289 896 3342 948 in
3378 897 3544 966 equis,
3596 915 3691 953 nos

2108 991 2281 1036 autem
2333 984 2385 1037 in
2439 983 2903 1038 nomineDomini
2945 984 3045 1038 Dei
3085 988 3255 1040 nostri
3306 987 3688 1044 invocabimus.

2109 1069 2224 1139 Ipsi
2246 1070 2484 1132 impediti
2511 1080 2632 1124 sunt
2666 1081 2717 1126 et
2751 1073 3050 1126 ceciderunt
3071 1114 3086 1139 ,
3126 1091 3219 1128 nos
3255 1086 3429 1129 autem
3457 1080 3691 1133 surrexi-

2105 1179 2220 1216 mus
2239 1172 2289 1215 et
2325 1165 2483 1217 erecti
2509 1180 2714 1219 sumus.
2746 1164 2970 1220 Domine
2992 1205 3006 1230 ,
3049 1166 3252 1220 salvum
3286 1168 3371 1237 [ac
3401 1187 3568 1239 regem
3589 1211 3604 1236 ,
3639 1184 3690 1226 et

2103 1254 2296 1308 exaudi
2322 1272 2415 1309 nos
2447 1256 2500 1308 in
2537 1255 2623 1309 die
2653 1273 2757 1325 qua
2783 1257 3193 1311 invocaverimus
3233 1268 3299 1311 te.
3345 1258 3466 1330 Ipsa
3504 1277 3688 1316 rerum

2103 1347 2458 1417 experientia,
2495 1356 2877 1417 argumentum
2904 1365 3037 1404 sane
3073 1350 3235 1405 fuerit
3266 1352 3398 1420 quid
3443 1353 3497 1406 in
3525 1355 3690 1409 rebus

2103 1437 2450 1503 praestantius
2477 1435 2570 1490 sit.
2599 1435 2669 1488 At
2693 1436 2839 1490 enim
2870 1437 3078 1492 inimici
3108 1439 3208 1503 tui,
3238 1441 3395 1510 equis
3425 1449 3480 1496 et
3512 1445 3691 1498 curri-

2104 1526 2207 1580 bus
2235 1525 2594 1592 conlidentes,
2630 1528 2911 1597 praepediti
2958 1537 3217 1585 corruent
3247 1532 3474 1601 perinde
3527 1543 3691 1605 atque

2103 1616 2337 1683 Pharao,
2375 1619 2468 1690 qui
2501 1620 2554 1673 in
2587 1621 2726 1674 mari
2762 1621 2950 1677 Rubro
2983 1623 3271 1680 demersus
3313 1634 3418 1682 est.
3457 1626 3567 1684 Nos
3597 1645 3691 1684 au-

2105 1715 2216 1763 tem
2247 1711 2469 1766 nomine
2502 1710 2714 1765 Domini
2739 1712 2832 1768 Dei
2869 1715 3337 1771 nostri'instructi
3369 1726 3422 1772 et
3453 1721 3688 1786 armati,

2106 1817 2170 1855 ac
2202 1811 2378 1857 tecum
2433 1803 2526 1873 qui
2578 1803 2848 1858 sacriﬁcia
2894 1806 3147 1863 immolas
3195 1808 3450 1877 precibus
3483 1810 3690 1865 nostris

2105 1904 2504 1960 concertantcs,
2533 1911 2884 1966 resurgemus
2926 1907 3090 1968 atque
3124 1900 3430 1970 erigemur,
3459 1917 3583 1956 cum
3628 1910 3688 1958 tu

2106 1988 2172 2044 de
2201 1988 2439 2044 inimicis
2473 1990 2757 2045 victoriam
2780 1991 3054 2046 retuleris.
3094 1992 3200 2046 Sed
3245 1993 3379 2060 haec,
3407 1995 3686 2065 inquiunt.

2104 2083 2354 2137 evenient
2401 2091 2644 2154 tempore
2689 2084 2956 2141 Salutaris
2991 2086 3138 2141 illius
3185 2087 3469 2143 adventus.
3527 2089 3684 2144 Tunc

2103 2174 2248 2228 enim
2299 2175 2535 2231 maxime
2584 2192 2775 2233 omnes
2816 2177 3144 2233 adversariae
3177 2188 3478 2248 potestates
3514 2196 3578 2236 ac
3608 2183 3688 2235 la-

2104 2273 2283 2322 tentes
2329 2267 2406 2320 illi
2432 2275 2486 2323 ct
2514 2269 2716 2323 occulti
2772 2267 2868 2323 Dei
2923 2269 3154 2333 inimici,
3190 2271 3258 2325 ab
3290 2271 3410 2341 ipso
3438 2270 3683 2328 Salutari

2105 2359 2159 2413 in
2209 2359 2391 2430 fugam
2425 2361 2591 2426 versi,
2628 2367 3062 2430 prosternentur.
3118 2361 3321 2418 Omnes
3376 2380 3540 2434 porro
3590 2367 3687 2436 qui

2107 2449 2357 2507 Salutare
2381 2452 2696 2522 hujusmodi
2727 2455 3056 2524 receperint,
3090 2471 3120 2509 a
3142 2456 3374 2524 pristino
3416 2456 3567 2526 lapsu
3597 2472 3686 2512 re-

2105 2551 2349 2612 surgent.
2381 2543 2593 2600 Idcirco
2623 2546 2695 2599 ita
2739 2544 2962 2601 Simeon
2987 2547 3055 2602 de
3079 2548 3198 2617 ipso
3228 2549 3470 2617 loquitur
3503 2568 3515 2602 :
3555 2549 3686 2605 Ecce

2100 2638 2302 2707 positus
2330 2645 2407 2692 est
2451 2637 2534 2691 hic
2567 2639 2622 2693 in
2672 2640 2882 2693 ruinam
2929 2649 2980 2693 et
3020 2642 3453 2695 resurrectionem
3480 2643 3672 2696 multo-

2101 2745 2222 2782 rum
2251 2729 2330 2782 ”:
2365 2727 2582 2783 ruinam
2635 2728 2890 2784 videlicet
2937 2728 3285 2783 inimicorum
3341 2737 3396 2784 et
3443 2729 3684 2786 hostium

2102 2820 2257 2890 ejus;
2293 2819 2754 2879 resurrectionem
2787 2835 2916 2875 vero
2946 2835 3136 2875 eorum
3163 2821 3256 2890 qui
3279 2820 3409 2875 olim
3444 2820 3582 2888 lapsi
3614 2821 3684 2876 ab

2104 2912 2224 2982 ipso
2275 2913 2528 2969 suscitati
2582 2919 2729 2969 sunt.
2786 2911 2911 2967 Haec
2961 2913 3184 2984 quidem
3241 2920 3374 2967 tunc
3419 2923 3685 2970 eventura

2104 3011 2266 3071 sunt;
2293 3003 2406 3074 jam
2425 3020 2578 3069 vero,
2604 3010 2664 3058 tu
2687 3004 2936 3072 Domine,
2969 3005 3179 3060 salvum
3210 3005 3298 3059 {ac
3318 3005 3480 3060 nobis
3498 3021 3682 3076 regem

2101 3094 2385 3164 Davidem,‘
2408 3103 2463 3152 et
2495 3096 2549 3150 in
2579 3097 2729 3151 omni
2757 3112 2986 3166 prorsus
3007 3105 3270 3167 tempore,
3300 3106 3352 3152 et
3376 3097 3432 3152 in
3461 3097 3550 3153 die
3573 3113 3682 3168 qua

2100 3189 2538 3244 invocaverimus
2563 3199 2615 3245 te
2643 3208 2656 3244 :
2694 3204 2816 3258 quae
2844 3189 2994 3253 item,
3021 3197 3081 3244 ut
3113 3191 3254 3246 alius
3283 3190 3483 3260 inquit,
3513 3190 3680 3245 etiam

2099 3279 2346 3336 Ezechiae
2371 3281 2486 3352 regi
2514 3289 2841 3352 congruunt.
2875 3279 3000 3335 Haec
3026 3296 3191 3351 porro
3217 3279 3538 3352 auagogico,
3566 3280 3681 3336 sive

2099 3369 2422 3438 reductitio,
2455 3386 2606 3427 more
2637 3370 2896 3442 accipias.

2268 3653 2320 3706 1.
2363 3651 2430 3706 IN
2471 3651 2719 3717 FINEM,
2759 3651 3086 3706 PSALMUS
3127 3651 3336 3706 DAVID
3375 3653 3495 3710 XX.

2170 3761 2301 3829 Quae
2333 3763 2422 3818 hic
2456 3763 2736 3829 dicuntur,
2768 3764 2835 3818 ad
2871 3764 3112 3818 faustum
3146 3763 3431 3819 referenda
3468 3765 3632 3822 ﬁnem
3660 3784 3673 3820 :

2099 3872 2226 3910 nam
2256 3855 2602 3911 inimicorqu
2632 3856 2726 3912 Dei
2756 3857 2983 3912 exitium
3013 3858 3341 3928 signiﬁcant.
3373 3859 3555 3922 Quare
3583 3875 3674 3915 se-

2099 3946 2340 4000 cundum
2384 3946 2773 4018 Symmachum
2801 3988 2816 4013 ,
2853 3946 3194 4015 Triumphale
3233 3947 3542 4008 canticum;
3585 3961 3676 4000 se—

2099 4041 2340 4094 cundum
2372 4038 2627 4109 Aquilam
2657 4054 2807 4103 vero,
2848 4037 3094 4092 Victoria:
3121 4040 3326 4092 auctori
3354 4039 3674 4104 modulatio,

2101 4130 2449 4186 inscribitur.

2170 4219 2337 4277 Vens.
2377 4220 2434 4276 2.
2472 4220 2732 4286 Domine,
2782 4222 2836 4274 in
2880 4222 3073 4275 virtute
3119 4229 3213 4274 tua
3253 4221 3525 4275 laetabitur
3560 4237 3672 4276 rex.

2099 4315 2352 4370 Arbitror
2381 4315 2449 4368 ab
2479 4313 2677 4369 iisdem
2699 4355 2716 4382 ,
2741 4315 2833 4384 qui
2865 4315 3119 4384 superius
3150 4313 3346 4368 Davidi
3378 4316 3515 4370 bene
3545 4332 3672 4385 pre—

2099 4407 2210 4462 cati
2258 4406 2511 4471 fuerant,
2561 4406 2677 4460 haac
2729 4406 2895 4461 etiam
2946 4406 3161 4476 prolata
3204 4405 3395 4462 fuisse.
3434 4406 3571 4460 Cum
3606 4407 3676 4461 ab

405 4527 507 4582 νῦν
533 4527 563 4578 ὁ
590 4484 752 4578 duroto
776 4520 886 4574 ἀπὸ
913 4484 1022 4572 τῶν
1049 4517 1184 4588 πρὸς
1217 4515 1378 4570 αὐτὸν
1398 4484 1704 4584 γενομένων
1729 4511 1995 4584 χρησμῶν

2102 4500 2341 4555 oraculis
2381 4499 2486 4554 sibi
2527 4498 2688 4554 editis
2750 4497 3068 4554 edidicisset
3109 4497 3278 4551 David
3332 4513 3395 4552 ea
3433 4513 3555 4568 qua:
3587 4512 3676 4551 sa-

405 4612 478 4671 τὰ
503 4615 629 4686 περὶ
650 4613 742 4667 τοῦ
777 4614 840 4666 ἐκ
867 4611 1180 4682 σπέρματος
1206 4607 1368 4660 αὐτοῦ
1399 4605 1858 4678 προελευσομένου
1894 4622 1998 4658 σω-

405 4708 600 4778 τηρίου
624 4749 640 4773 ,
670 4706 764 4759 καὶ
790 4705 889 4774 τῆς
921 4707 978 4756 ἐν
1008 4699 1088 4772 τῷ
1117 4699 1368 4771 σωτηρίῳ
1397 4697 1681 4768 δυνάμεως
1700 4738 1714 4762 ,
1748 4697 1841 4750 ἐπὶ
1868 4698 1994 4751 τού-

407 4819 522 4864 τοις
553 4798 990 4871 εὐφρανθήσεται
1025 4796 1118 4848 καί
1150 4793 1539 4860 ἁγαλλιάσεται
1573 4790 1799 4863 σφόδρα.
1885 4791 1996 4844 Καὶ

406 4894 620 4956 τούτοις
649 4909 714 4960 γε
740 4889 976 4962 θαρσῶν,
1011 4885 1120 4940 τῶν
1147 4902 1207 4937 τε
1235 4885 1442 4956 ἐχθρῶν
1476 4884 1565 4939 διὰ
1599 4883 1804 4938 τούτων
1833 4900 1993 4955 περι-

408 4986 699 5056 γενόμενος
718 5023 733 5049 ,
756 4983 838 5036 σοὶ
859 4981 938 5052 τῷ
960 4975 1218 5046 νικοποιῷ
1238 4976 1356 5048 Θεῷ
1379 4978 1446 5031 τὰ
1471 4975 1696 5048 βραϐεῖα
1715 4974 1812 5044 τῆς
1833 4973 1988 5044 νίκης

407 5078 717 5148 ἀνατίθησι.
767 5076 957 5148 Χαίρει
989 5093 1048 5128 τε
1078 5077 1170 5131 καὶ
1206 5070 1649 5142 ὑπερϐαλλόντως
1675 5065 1985 5135 ἀγάλλεται,

409 5173 512 5242 τῆς
531 5169 638 5224 τῶν
659 5168 864 5241 ἐχθρῶν
888 5167 1176 5238 ἐπιϐουλῆς
1197 5166 1301 5219 ὑπὸ
1327 5163 1418 5217 σοῦ
1442 5159 1836 5230 διασωζόμενος
1854 5173 1868 5188 ο
1895 5155 1989 5210 κα)⁴

409 5265 510 5335 οὐχ
536 5263 706 5324 οὕτως
736 5263 828 5316 ἐπὶ
859 5263 924 5332 τῇ
955 5259 1148 5314 ἑαυτοῦ
1178 5257 1423 5330 σωτηρίᾳ
1455 5254 1689 5324 ἀγαλλιᾷ
1712 5294 1726 5317 ,
1758 5253 1880 5305 ὅσον
1906 5251 1990 5304 ὅτι

411 5357 565 5430 παρὰ
601 5355 694 5410 σοῦ
724 5355 786 5408 τὸ
815 5356 1078 5426 σωτήριον
1109 5351 1274 5406 αὐτοῦ
1309 5347 1681 5420 προσγίνεται.
1745 5345 1854 5398 Καὶ
1883 5342 1992 5413 γὰρ

409 5448 759 5520 ἐπιθυμήσας
790 5447 853 5500 τὸ
885 5445 1038 5516 παρὰ
1064 5443 1159 5496 σοῦ
1191 5443 1476 5512 σωτήριον,
1512 5438 1606 5492 καὶ
1640 5436 1769 5509 περὶ
1800 5435 1991 5489 τούτου

407 5545 525 5605 τοῖς
574 5527 809 5611 χείλεσιν
847 5536 1040 5592 ἑαυτοῦ
1094 5540 1150 5592 ἐν
1196 5538 1316 5598 ταῖς
1354 5531 1488 5604 πρὸς
1517 5531 1606 5583 τὸν
1640 5528 1773 5582 Θεὸν
1808 5527 1992 5598 εὐχαῖς

411 5629 698 5701 ἱκετηρίαν
727 5628 1056 5699 ἀναπέμψας
1085 5669 1099 5694 ,
1151 5627 1252 5682 οὐκ
1282 5624 1592 5680 ἐκπεσεῖται
1620 5620 1720 5692 τῆς
1751 5618 1990 5682 ἐλπίδος,

477 5791 526 5821 ’⁸
550 5786 692 5844 Luc.
736 5801 801 5854 ιι,
849 5785 940 5842 54.

2096 4586 2453 4647 Ιυιιιιισίιιυιί
2498 4607 2564 4646 ex
2613 4591 2822 4646 semine
2868 4605 2970 4645 suo
3018 4589 3406 4660 proditurum,
3459 4602 3673 4642 necnon

2095 4685 2354 4740 salutaris
2380 4683 2626 4753 ejusdem
2653 4684 2914 4738 virtutem
2947 4683 3304 4753 spectabant,
3333 4680 3400 4735 de
3434 4681 3502 4734 iis
3523 4719 3538 4743 ,
3568 4679 3671 4744 ait,

2095 4777 2363 4832 lmtabitur
2387 4786 2441 4832 et
2463 4778 2764 4832 exsultabit
2787 4777 3156 4831 vehementer.
3191 4775 3372 4844 lisque
3397 4771 3670 4834 conﬁsus,

2095 4873 2452 4942 iuimicisque
2485 4887 2676 4927 eorum
2711 4887 2814 4942 ope
2848 4871 3110 4935 devictis,
3147 4869 3244 4924 tibi
3284 4867 3394 4922 Deo
3427 4865 3674 4921 victoriae

2099 4964 2341 5030 auctori,
2385 4965 2635 5035 ejusdem
2678 4964 2924 5020 victoria:
2969 4963 3160 5017 brahia
3205 4958 3475 5014 attribuit.
3524 4957 3672 5012 Gau-

2097 5058 2295 5128 delque
2334 5058 2632 5114 admodum
2671 5066 2727 5113 et
2765 5057 3045 5120 exsultat,
3093 5054 3442 5108 inimicorum
3482 5050 3579 5105 abs
3621 5060 3673 5106 te

2096 5159 2324 5222 ereptus
2364 5151 2589 5207 insidiis
2612 5193 2626 5217 ,
2668 5142 2846 5221 neque
2885 5157 3097 5203 tantum
3128 5147 3196 5201 de
3225 5145 3402 5200 salute
3436 5158 3535 5198 sua
3573 5143 3667 5197 lae-

2096 5252 2263 5308 tatur,
2295 5252 2560 5313 quantum
2592 5243 2660 5297 de
2694 5243 2864 5298 misso
2893 5240 2991 5294 abs
3022 5246 3074 5293 te
3106 5235 3334 5293 salutari
3366 5249 3489 5290 suo.
3530 5233 3670 5288 Cum

2095 5337 2241 5391 enim
2278 5337 2422 5391 idem
2451 5337 2693 5392 salutare
2719 5342 2874 5388 tuum
2907 5331 3140 5389 summis
3166 5329 3307 5384 votis
3341 5325 3631 5398 expetierit
3651 5363 3668 5390 ,

2095 5439 2259 5502 atque
2287 5429 2446 5485 labiis
2480 5431 2598 5500 ipse
2628 5428 2745 5484 suis
2766 5466 2780 5491 ,
2808 5426 3008 5482 emissa
3043 5424 3357 5494 frequenter
3387 5419 3668 5482 oratione,

2093 5537 2195 5594 pro
2250 5521 2506 5577 salutaris
2555 5518 2799 5589 ejusdem
2841 5517 3077 5571 adventu
3107 5514 3204 5567 tibi
3249 5509 3670 5582 supplicaverit,

2096 5627 2440 5685 nequaquam
2465 5627 2562 5682 spe
2586 5611 2821 5676 labetur,
2847 5623 3024 5680 neque
3049 5606 3203 5696 irrita
3227 5602 3522 5676 postulatio
3548 5599 3672 5671 ejus
