4094 6378
443 355 546 411 £99

1145 347 1419 406 EUSEBII
1456 341 1944 404 CESARIENSIS
1982 343 2136 402 OPP.
2177 345 2361 402 PARS
2393 346 2488 403 Ill.
2525 377 2592 388 —
2633 345 3047 402 EXEGETICA.

3567 333 3571 337 “
3598 347 3707 404 eoo

435 473 586 540 erit;
616 451 740 525 imo
755 467 920 525 etiam
953 473 1141 536 optata
1170 469 1541 530 consecutus,
1571 461 1883 518 orationem
1913 458 2014 515 ite-

2119 459 2239 514 οὐδὲ
2272 461 2668 537 στερηθήσεται
2697 459 2790 514 τοῦ
2827 461 2952 532 αιτή
2961 476 3128 531 ματος
3153 499 3169 524 ,
3225 458 3363 514 ἀλλὰ
3411 461 3528 513 κατ’
3565 457 3710 536 [κατ]

437 571 563 613 rum
588 556 826 612 emittet.

514 649 582 703 Et
635 663 794 716 super
839 645 1082 701 salutare
1138 652 1287 697 tuum
1337 639 1626 695 exsultabit
1678 638 2022 694 vehementer.

438 739 594 796 Illum
627 740 829 809 quippe
861 735 1005 792 Deus
1035 748 1251 789 summo
1282 731 1483 800 gaudio
1512 730 1744 801 replebit
1765 769 1780 794 ,
1805 725 2025 799 quando

436 832 582 890 facie
621 831 691 886 ad
732 831 929 884 faciem
965 827 1199 899 gloriam
1234 826 1355 896 ejus
1394 821 1757 893 contemplari
1796 834 2026 874 conces-

435 926 591 982 serit.
616 908 982 990 Quamobrem
1013 920 1090 974 ait
1115 913 1518 991 Symmachus:
1550 912 1875 984 Lwti/icabis
1906 928 2026 966 eum

433 1019 491 1074 in
533 1016 725 1090 gaudio
765 1031 799 1069 a
840 1013 990 1068 vultu
1034 1021 1145 1065 tuo.
1179 1009 1317 1064 Nam
1359 1010 1412 1064 in
1459 1016 1708 1079 tempore
1750 1006 2026 1078 justitica-

434 1111 638 1177 tionis,
673 1105 893 1182 quando
928 1104 1100 1160 David
1138 1104 1283 1158 inter
1319 1117 1416 1158 eos
1458 1100 1551 1172 qui
1600 1100 1832 1154 salutem
1876 1098 2024 1153 nacti

432 1211 568 1260 sunt
608 1200 823 1256 medius
869 1195 1217 1259 consistens,
1268 1193 1450 1264 magni
1496 1191 1662 1264 Regis
1693 1193 1906 1247 vultum
1938 1191 2026 1245 in-

431 1295 705 1359 tuebitur,
735 1300 790 1347 et
823 1303 1030 1345 corona
1077 1285 1147 1342 de
1188 1284 1370 1356 lapide
1412 1285 1654 1355 pretioso
1698 1292 1865 1354 caput
1901 1284 2024 1354 ejus

431 1387 763 1451 ornabitur;
800 1382 978 1454 gloria
1021 1377 1541 1450 magniﬁcentiaque
1570 1375 1898 1442 decoratus,
1938 1377 2025 1431 di-

431 1481 561 1536 vino
587 1477 789 1548 gaudio
816 1481 870 1530 et
902 1472 1113 1528 cmlesti
1144 1470 1332 1525 laetitia
1365 1469 1697 1540 replebitur.

502 1658 670 1716 Vens.
701 1659 817 1714 3-7.
855 1659 1188 1714 Desiderium
1219 1659 1392 1712 cordis
1421 1659 1536 1728 ejus
1582 1659 1815 1715 tribuisti
1848 1659 1918 1722 ei,
1958 1665 2010 1712 et

431 1755 695 1809 uoluntate
719 1753 980 1807 labiorum
1010 1753 1122 1822 ejus
1153 1769 1256 1807 non
1283 1752 1552 1822 fraudasti
1583 1768 1722 1806 eum.
1751 1749 2011 1822 Diapsal-

2129 555 2294 627 εὐχὰς
2323 555 2554 627 παρέξει
2581 553 2904 627 τευξόμενος
2927 555 3030 624 τῆς
3059 553 3372 625 ἐπιθυμίας.

2195 650 2306 704 Καὶ
2335 650 2433 704 ἐπὶ
2452 648 2532 716 τῷ
2546 651 2816 718 σωτηρίῳ
2844 664 2961 703 σου
2989 647 3418 720 ἀγαλλιάσεται
3451 647 3707 718 σφόδρα.

2126 743 2421 814 Εὑφραίνει
2442 741 2550 814 γὰρ
2573 743 2732 796 αὑτὸν
2752 783 2767 808 ,
2794 742 2982 813 φησιν,
3005 744 3033 796 ὁ
3055 741 3187 804 Θεὸς
3209 742 3266 794 ἐν
3291 743 3435 813 χαρᾷ
3450 782 3464 803 ,
3489 741 3712 796 ἐπειδὰν

2128 835 2418 906 πρόσωπον
2472 835 2607 907 πρὸς
2637 835 2927 907 πρόσωπον
2959 835 3058 906 τῆς
3086 833 3250 888 αὐτοῦ
3281 833 3437 906 δόξης
3467 835 3710 908 ὲπόπτην

2127 929 2286 981 αὐτὸν
2314 930 2744 1001 καταστήσηται.
2774 929 2869 983 Διό
2899 946 3064 999 φησιν
3094 929 3123 980 ὁ
3154 928 3451 999 Σύμμαχος
3471 947 3484 959 ο
3521 931 3710 997 Χαρο-

2125 1019 2400 1088 ποιήσεις
2432 1021 2618 1075 αὐτὸν
2643 1020 2715 1074 ἐν
2757 1019 3105 1088 εὐφροσύνῃ
3147 1019 3306 1087 παρὰ
3333 1018 3440 1071 τοῦ
3482 1015 3712 1086 προσώ-

2125 1131 2242 1168 που
2281 1129 2418 1167 σου.
2479 1111 2570 1183 Τῷ
2603 1111 2713 1183 γὰρ
2744 1110 2920 1183 καιρῷ
2944 1110 3046 1164 τοῦ
3072 1109 3458 1181 δικαιωτηρίου
3487 1149 3503 1173 ,
3555 1109 3707 1162 ἐπει-

2123 1205 2218 1259 δὰν
2243 1205 2305 1258 τὸ
2339 1206 2632 1278 πρόσωπον
2657 1202 2752 1258 τοῦ
2786 1203 3022 1275 μεγάλου
3055 1201 3318 1271 βασιλέως
3349 1202 3512 1273 μέσος
3539 1200 3711 1266 ἑστὼς

2123 1299 2152 1351 ὁ
2178 1297 2341 1351 Δαυῒδ
2373 1298 2482 1351 τῶν
2509 1296 2831 1368 σωζομένων
2858 1296 3104 1350 θεάσοιτο
3130 1335 3144 1360 ,
3169 1295 3263 1349 καὶ
3290 1295 3368 1366 τῷ
3388 1295 3555 1367 τιμίῳ
3579 1294 3712 1369 λίθῳ

2121 1391 2221 1463 τὴν
2253 1389 2494 1462 κεφαλὴν
2519 1390 2874 1460 ἐστεμμένος,
2905 1387 3032 1462 δόξῃ
3053 1405 3113 1441 τε
3145 1389 3237 1442 καί
3263 1387 3710 1460 μεγαλοπρεπείᾳ

2123 1481 2569 1553 κεκοσμημένος,
2605 1481 2790 1537 ἐνθέου
2814 1483 2990 1556 χαρᾶς
3043 1481 3138 1535 καὶ
3163 1481 3415 1553 οὐρανίου
3445 1478 3711 1553 εὐφροσύ-

2124 1592 2221 1646 νης
2261 1575 2706 1649 πληρωθήσεται.

2199 1667 2317 1738 Τὴν
2334 1670 2655 1739 ἐπιθυμίαν
2675 1667 2788 1738 τῆς
2809 1667 3052 1738 καρδίας
3077 1666 3263 1722 αὑτοῦ
3284 1667 3510 1734 ἔδωκας
3528 1665 3710 1732 αὐτῷ,

2125 1763 2223 1816 καὶ
2249 1762 2366 1832 τὴν
2390 1761 2608 1831 δέησιν
2627 1760 2746 1815 τῶν
2765 1761 3016 1831 χειλέων
3036 1760 3224 1816 αὐτοῦ
3244 1762 3354 1814 οὐκ
3373 1759 3704 1828 ἐστέρησας

431 1863 539 1902 ma.
573 1845 835 1911 Quoniam
858 1845 1159 1914 pra'venisti
1187 1861 1305 1898 eum
1334 1845 1390 1898 in
1416 1841 1862 1898 benedictionibus
1887 1840 2012 1896 dul-

2119 1858 2325 1910 αὐτόν.
2345 1855 2681 1925 Διάψαλμα.
2699 1856 2826 1910 Ὅτι
2847 1855 3232 1924 προέφθασας
3251 1854 3438 1909 αὐτὸν
3456 1854 3713 1908 ἐνεὺλο·

430 1937 666 2003 cedinis,
710 1933 938 2006 posuisti
978 1933 1033 1986 in
1077 1934 1249 2002 capite
1291 1932 1406 2000 ejus
1449 1945 1701 1985 coronam
1729 1928 1795 1984 de
1839 1929 2016 1999 lapide

428 2030 677 2092 pretioso.
722 2027 897 2082 Vitam
930 2025 1078 2096 petiit
1111 2041 1144 2078 a
1176 2034 1224 2079 te
1247 2065 1260 2089 ,
1308 2034 1356 2078 et
1385 2023 1623 2078 tribuisti
1651 2023 1699 2077 ei
1726 2021 2018 2092 longitudi-

429 2141 548 2180 nem
589 2125 794 2178 dierum
833 2122 890 2175 in
933 2119 1186 2174 swculum
1231 2118 1438 2173 swculi.
1491 2115 1694 2187 Magna
1735 2125 1812 2170 est
1843 2115 2016 2186 gloria

426 2217 542 2286 ejus
580 2217 636 2270 in
675 2213 908 2269 salutari
948 2223 1073 2277 tuo,
1113 2211 1342 2281 gloriam
1375 2219 1427 2265 et
1482 2225 1734 2280 magnum
1775 2209 2016 2263 decorem

429 2315 663 2382 impones
705 2326 862 2379 super
898 2325 1038 2363 eum.
1085 2306 1352 2373 Quoniam
1381 2304 1536 2358 dabis
1567 2320 1686 2358 eum
1720 2305 1775 2358 in
1808 2303 2017 2359 benedi-

427 2407 656 2462 ctionem
682 2443 697 2469 ,
733 2413 842 2459 etc.
879 2400 1202 2456 Prasmissas
1236 2397 1428 2453 Davidi
1461 2397 1892 2467 pollicitationes
1921 2413 2019 2454 va-

427 2499 691 2554 ticinatus
709 2535 726 2562 ,
756 2502 1161 2564 consequenter
1187 2506 1411 2547 causam
1441 2490 1596 2546 allcrt
1621 2505 1720 2546 cur
1746 2491 1862 2547 inec
1889 2506 2020 2548 con-

429 2599 724 2647 secuturus
766 2589 858 2644 sit.
909 2585 1240 2657 Ecqtnenam
1287 2584 1380 2638 illa
1419 2598 1620 2649 causa,
1651 2584 1759 2638 nisi
1795 2599 1922 2654 spes
1955 2585 2013 2639 in

428 2681 724 2736 Dominum
745 2719 759 2744 ,
793 2693 900 2750 qua
931 2673 1369 2732 misericordiam
1400 2682 1597 2731 nactus
1619 2715 1633 2742 ,
1668 2691 1766 2746 spe
1794 2675 1886 2729 illa
1915 2689 2016 2731 sua

431 2788 464 2827 ιι
493 2773 604 2830 Deo
634 2773 906 2828 altissimo
935 2772 1062 2827 data
1091 2787 1202 2827 non
1245 2769 1494 2836 decidet,
1537 2785 1716 2840 neque
1755 2771 1812 2823 in
1857 2769 2017 2824 ﬁrmo

430 2865 526 2920 illo
553 2880 619 2920 ac
645 2864 824 2920 solido
852 2873 999 2922 statu
1029 2861 1361 2918 ﬂuctuabit?
1407 2859 1548 2915 Nam
1579 2876 1695 2930 spes
1740 2877 1843 2915 non
1890 2875 2016 2914 con-

431 2959 611 3028 fundit
642 2960 710 3015 ".

504 3055 674 3111 Vens.
714 3052 748 3108 9
769 3091 784 3118 ,
825 3051 911 3108 10.
957 3049 1272 3106 Inveniatur
1300 3064 1493 3102 manus
1525 3056 1619 3102 tua
1650 3045 1893 3102 omnibus
1921 3047 2019 3100 ini-

2117 1949 2274 2019 γίαις
2301 1950 2748 2018 χρηστότητος.
2779 1949 3002 2016 ἔθηκας
3033 1946 3133 2001 ἐπὶ
3158 1946 3274 2016 τὴν
3300 1945 3579 2016 κεφαλὴν
3602 1947 3712 2002 αὑ-

2115 2040 2223 2095 τοῦ
2247 2039 2554 2110 στέφανον
2573 2042 2643 2094 ἐκ
2668 2042 2844 2096 λίθου
2866 2041 3080 2104 τιμίου.
3125 2039 3298 2103 Ζωὴν
3317 2040 3591 2106 ᾐτήσατό
3611 2052 3707 2103 σε,

2115 2131 2219 2186 καὶ
2274 2132 2504 2199 ἔδωκας
2553 2125 2715 2198 αὺτῷ
2756 2135 3104 2202 μακρότητα
3131 2130 3368 2201 ἡμερῶν
3403 2133 3487 2197 εἰς
3526 2129 3713 2185 αἰῶνα

2115 2220 2353 2287 αἰῶνος.
2381 2219 2625 2290 Μεγάλη
2648 2224 2686 2290 ἡ
2707 2221 2859 2287 δόξά
2879 2223 3065 2277 αὑτοῦ
3085 2223 3154 2276 ἐν
3174 2221 3256 2288 τῷ
3274 2223 3549 2291 σωτηρίῳ
3569 2238 3714 2287 σου,

2114 2315 2304 2380 δόξαν
2333 2316 2432 2369 καὶ
2475 2316 2998 2387 μεγαλοπρέπειαν
3027 2316 3339 2383 ἐπιθήσεις
3368 2317 3460 2370 ἐπ’
3496 2315 3704 2368 αὐτόν.

2120 2408 2241 2463 ’Ότι
2297 2407 2512 2474 δώσεις
2563 2407 2725 2473 αὐτῷ
2779 2409 3090 2478 εὐλογίαν.
3155 2408 3268 2471 Τὰς
3320 2407 3712 2480 προλεχθείσας

2115 2499 2453 2568 ἐπαγγελίας
2487 2498 2750 2562 θεσπίσας
2781 2501 2810 2552 ὁ
2842 2498 3001 2567 λόγος
3034 2497 3112 2570 τῷ
3148 2497 3313 2551 Δαυῒδ
3339 2538 3354 2562 ,
3403 2495 3708 2559 ἀκολούθως

2115 2591 2213 2663 τὴν
2243 2592 2423 2646 αἰτίαν
2472 2591 2715 2646 διδάσκει
2769 2591 2839 2645 δι’
2871 2592 2938 2662 ῆν
2965 2591 3074 2644 τῶν
3120 2592 3388 2645 τοσούτων
3437 2587 3705 2655 τεύξεται.

2117 2683 2214 2748 Τίς
2244 2684 2302 2738 δὲ
2338 2679 2407 2757 ἦν
2439 2686 2472 2756 ή
2512 2685 2662 2739 αἰτία
2693 2683 2809 2739 ἀλλ’
2839 2684 2994 2746 ἐλπὶς
3032 2688 3064 2755 ή
3097 2685 3190 2737 ἐπὶ
3227 2684 3318 2737 τὸν
3357 2683 3560 2755 Κύριον
3585 2723 3601 2748 ,
3639 2684 3707 2737 δι’

2115 2777 2183 2850 ἥν
2214 2778 2364 2832 ἐλέου
2401 2776 2600 2849 τυχὼν,
2641 2777 2744 2847 τῆς
2773 2776 2928 2848 παρὰ
2952 2775 3085 2830 Θεοῦ
3115 2775 3209 2829 τοῦ
3241 2775 3466 2846 ὑψίστου
3495 2773 3708 2839 ἐλπίδος

2115 2871 2217 2924 οὐκ
2251 2872 2638 2933 ἁποπεσεῖται,
2680 2869 2800 2923 οὐδὲ
2830 2869 3223 2940 σαλευθήσεται
3249 2869 3348 2940 τῆς
3385 2867 3706 2938 ἐρρωμένης

2116 2963 2321 3034 ταύτης
2352 2964 2634 3029 στάσεως;
2679 2964 2749 3018 Ἡ
2776 2963 2885 3036 γὰρ
2913 2963 3089 3029 ἐλπὶς
3121 2965 3193 3016 οὐ
3227 2961 3636 3029 καταισχύνει.

2189 3058 2471 3126 Εὑρεθείη
2499 3059 2536 3126 ἠ
2568 3057 2698 3126 χείρ
2735 3073 2850 3111 σου
2881 3055 3032 3111 πᾶσι
3061 3055 3185 3122 τοῖς
3220 3053 3455 3125 ἐχθροῖς
3480 3070 3597 3108 σου
3619 3093 3634 3117 ,
3666 3053 3706 3123 ἡ

429 3148 582 3203 micis
627 3147 770 3212 tuis,
813 3143 1035 3198 dextera
1080 3152 1171 3196 tua
1200 3140 1431 3196 inveniat
1474 3156 1654 3194 omnes
1685 3140 1776 3211 qui
1811 3147 1858 3193 te
1887 3139 2015 3192 ode-

2120 3151 2291 3217 δεξιά
2323 3167 2438 3206 σου
2459 3151 2621 3220 εὕροι
2647 3150 2878 3217 πάντας
2904 3148 3048 3216 τοὺς
3073 3146 3408 3218 μισοῦντάς
3432 3160 3526 3200 σε.
3589 3145 3706 3212 Θή·-

429 3247 575 3297 runt.
606 3237 775 3292 Panes
800 3252 887 3290 eos
917 3247 974 3289 ut
1006 3235 1278 3288 clibanum
1306 3233 1464 3304 ignis,
1499 3233 1553 3286 in
1581 3242 1810 3303 tempore
1840 3231 2014 3286 vultus

431 3333 554 3386 tui:
587 3330 845 3384 Doniinus
875 3328 927 3382 in
959 3329 1040 3381 ira
1075 3343 1174 3381 sua
1200 3324 1538 3380 conturbabit
1569 3342 1656 3380 eos
1678 3365 1692 3390 ,
1722 3334 1773 3380 et
1801 3324 2018 3380 devora-

431 3424 506 3480 lit
541 3440 629 3479 eos
672 3421 828 3492 ignis.
875 3418 967 3475 Sic
1009 3417 1178 3474 Deum
1207 3418 1568 3487 alloquuntur
1590 3418 1685 3489 qui
1716 3433 1907 3489 preces
1935 3418 2018 3473 ef-

435 3517 710 3580 fundunt,
745 3529 810 3569 ac
841 3514 886 3570 si
919 3512 1207 3568 dicerent:
1245 3509 1487 3565 Etiamsi
1533 3511 1569 3564 ii
1609 3513 1705 3582 qui
1753 3528 1877 3567 sese
1917 3513 2017 3568 tibi

429 3609 543 3665 Deo
574 3609 827 3663 inimicos
859 3608 1304 3670 constituerunt,
1335 3606 1547 3660 animas
1577 3606 1674 3661 tibi
1724 3605 1976 3661 addictos
1997 3646 2012 3672 ,

431 3717 645 3757 necnon
699 3709 923 3756 sanctos
979 3714 1171 3754 omnes
1223 3699 1280 3753 in
1333 3697 1540 3752 familia
1593 3705 1687 3752 tua
1743 3699 2015 3768 ascriptos

427 3793 786 3866 oppugnandi
847 3793 1007 3849 tinent
1059 3807 1169 3847 non
1229 3790 1486 3858 faciunt;
1538 3800 1592 3846 at
1643 3791 2014 3846 inevitabilem

428 3902 656 3942 manum
699 3895 753 3942 et
796 3887 1060 3941 invictam
1102 3885 1364 3940 virtutem
1414 3891 1564 3938 tuam
1594 3898 1703 3938 non
1731 3881 2012 3952 eilugient.

429 3978 710 4037 Hactenus
751 3981 898 4036 enim
942 3979 1072 4034 dum
1120 3977 1517 4048 permittuntur
1558 3977 1768 4032 inimici
1816 3976 1895 4030 illi
1934 3976 2015 4030 tui

429 4071 663 4127 athletas
705 4079 830 4126 tuos
876 4070 1217 4134 exercitare,
1249 4069 1390 4125 altos
1428 4077 1719 4126 assumunt
1761 4069 2011 4138 spiritus.

429 4162 703 4218 Caeterum
756 4177 884 4216 cum
928 4161 967 4215 ii
1016 4161 1081 4215 ad
1125 4160 1293 4216 breve
1343 4168 1561 4230 tempus
1604 4160 2012 4231 superbierint,

432 4268 546 4307 non
574 4252 667 4307 diu
697 4258 887 4322 postea
916 4265 1116 4306 manus
1147 4257 1239 4306 tua
1271 4249 1645 4321 deprehendet
1673 4266 1768 4307 eos
1789 4291 1806 4318 ,
1833 4266 1899 4307 ac
1928 4251 2016 4306 fu-

429 4343 645 4415 gientes
688 4343 911 4398 dextera
960 4350 1054 4396 tua
1105 4342 1435 4412 intercipiet.
1485 4343 1626 4409 Quid
1679 4358 1844 4414 porro
1892 4351 2015 4414 aget

428 4452 554 4496 cum
583 4435 1049 4508 apprehenderit?
1078 4435 1250 4492 Panes
1277 4452 1365 4491 eos
1393 4445 1451 4489 ut
1481 4436 1754 4490 clibanum
1785 4437 1921 4508 ignis
1954 4438 2008 4491 in

2123 3259 2256 3310 σεις
2305 3242 2527 3310 αὐτοὺς
2569 3243 2650 3306 ὠς
2699 3241 2996 3295 κλίϐανον
3024 3237 3215 3307 πυρὸς
3241 3240 3328 3304 είς
3361 3237 3570 3306 καιρὸν
3601 3236 3705 3292 τοῦ

2123 3334 2447 3405 προσώπου
2466 3351 2603 3389 σου.
2636 3335 2852 3402 Κύριος
2870 3333 2939 3385 ἐν
2959 3331 3107 3402 ὀργῇ
3131 3331 3318 3385 αὑτοῦ
3343 3328 3706 3396 συνταράξει

2122 3429 2344 3496 αὐτοὺς
2363 3469 2377 3491 ,
2409 3430 2507 3483 καὶ
2539 3426 2935 3496 καταφάγεται
2967 3424 3189 3490 αὐτοὺς
3220 3427 3253 3478 ό
3285 3423 3424 3491 πῦρ.
3474 3423 3705 3492 Λέγεται

2121 3521 2294 3576 ταῦτα
2323 3520 2459 3592 πρὸς
2484 3519 2574 3575 τὸν
2603 3519 2734 3573 Θεὸν
2767 3517 2873 3572 ὑπὸ
2897 3516 3004 3570 τῶν
3027 3517 3126 3588 τὴν
3159 3517 3322 3587 εὐχὴν
3351 3516 3703 3585 ἀναπεμπόν-

2121 3633 2250 3679 των,
2272 3615 2320 3668 οἳ
2339 3617 2432 3669 καὶ
2449 3612 2612 3684 φασίν
2634 3630 2646 3643 ι
2664 3613 2712 3665 εί
2729 3613 2823 3666 καὶ
2840 3609 2906 3664 τὰ
2926 3609 3157 3682 μάλιστα
3174 3612 3221 3663 οἱ
3239 3609 3463 3672 ἑαυτοὺς
3479 3606 3570 3677 ὲχθ
3580 3607 3704 3676 ρους

2125 3707 2209 3760 σο)⁵
2222 3707 2298 3778 τῷ
2315 3706 2431 3777 Θεῷ
2448 3705 2908 3777 καταστήσαντες,
2928 3703 3026 3766 τὰς
3045 3701 3410 3772 ἀνακειμένας
3430 3717 3512 3753 σοι
3527 3698 3704 3770 ψυχὰς

2123 3799 2218 3853 καὶ
2267 3798 2395 3863 τοὺς
2451 3798 2638 3867 ἁγίους
2672 3797 2877 3859 πάντας
2907 3794 3034 3857 τούς
3063 3812 3145 3848 σοι
3181 3792 3705 3866 προσῳκειωμένους

2122 3891 2316 3946 ἐκπολε
2327 3890 2552 3963 μοῦντες
2573 3890 2633 3943 ού
2657 3889 2954 3945 παύονται*
2980 3887 3095 3941 ἀλλ’
3116 3887 3176 3939 οὐ
3199 3883 3576 3955 διαφεύξονται
3606 3885 3705 3954 τὴν

2121 3985 2363 4056 ἄφυκτον
2413 4001 2504 4038 σου
2551 3985 2709 4054 χεῖρα
2755 3981 2850 4036 καὶ
2887 3981 2985 4052 τὴν
3019 3978 3285 4052 ἀήττητόν
3328 3994 3420 4031 σου
3452 3975 3700 4047 δύναμιν.

2122 4075 2273 4140 Τέως
2307 4075 2405 4146 μὲν
2433 4073 2544 4144 γὰρ
2579 4074 2658 4136 εἰς
2689 4072 2811 4125 ὅσον
2839 4069 3134 4141 γυμνάζειν
3163 4069 3289 4131 τοὺς
3322 4068 3447 4130 σοὺς
3472 4065 3705 4128 οἰκείους

2120 4166 2308 4238 ὥσπερ
2337 4165 2574 4236 ἀθλητὰς
2598 4164 2988 4236 ἐπετράπησαν
3014 4161 3062 4214 οἱ
3087 4158 3271 4231 ἐχθροί
3297 4174 3391 4211 σου
3411 4196 3426 4221 ,
3458 4155 3708 4227 ἐπαίρον-

2119 4273 2242 4310 ται’
2299 4255 2438 4326 πλὴν
2492 4253 2628 4326 πρὸς
2675 4252 2855 4322 ὀλίγον
2901 4248 3238 4321 ἐπαρθέντας
3267 4248 3464 4310 αὐτοὺς
3492 4247 3592 4301 οὐκ
3625 4247 3704 4310 εἰς

2123 4346 2340 4422 μακρὰν
2365 4349 2400 4419 ὴ
2434 4346 2500 4418 σὴ
2536 4346 2657 4417 χεὶρ
2684 4342 3078 4415 καταλήψεται,
3104 4340 3197 4396 καὶ
3227 4341 3260 4412 ἡ
3297 4339 3364 4411 σὴ
3390 4337 3538 4403 δεξιὰ
3569 4335 3703 4406 φεύ·-

2119 4459 2315 4512 γοντας
2337 4439 2613 4513 θηρεύσει.
2642 4438 2707 4492 Τί
2727 4436 2785 4491 δὲ
2806 4437 3020 4506 ποιήσει
3049 4431 3460 4497 καταλαϐοῦσα;
3487 4428 3704 4499 Θήσεις

430 4539 660 4599 tempore
685 4527 861 4582 vultus
898 4528 997 4584 tui.
1027 4527 1242 4584 Etenim
1278 4543 1390 4600 quo
1419 4537 1666 4600 tempore
1697 4531 2010 4599 resplende-

2119 4533 2338 4600 αὐτοὺς
2359 4533 2438 4600 ὠς
2465 4532 2756 4586 κλίϐανον
2779 4528 2969 4597 πυρὸς
2991 4529 3078 4594 είς
3103 4524 3312 4596 καιρὸν
3332 4523 3438 4579 τοῦ
3465 4520 3701 4592 προσώ-

427 4621 510 4680 bit
533 4621 718 4676 vultus
752 4619 843 4676 ille
873 4627 1002 4675 tuus
1024 4659 1039 4684 ,
1069 4635 1180 4690 quo
1214 4619 1426 4676 scilicet
1454 4634 1681 4689 regnum
1713 4628 1866 4674 tuum
1898 4633 2013 4672 ma-

427 4712 718 4770 nifestabis
743 4755 760 4781 ,
789 4712 1012 4769 eosdem
1043 4713 1138 4782 qui
1190 4712 1295 4767 sibi
1338 4710 1476 4782 ipsis
1517 4711 1780 4782 nequitia;
1828 4713 2010 4783 ignem

427 4805 803 4872 advexerunt,
845 4805 1108 4859 meritum
1155 4803 1261 4859 sibi
1303 4803 1633 4874 supplicium
1677 4804 2013 4860 succendere

428 4898 601 4955 facies
625 4939 639 4964 ,
663 4899 740 4953 ita
789 4905 850 4952 ut
881 4898 1098 4952 libanus
1127 4896 1268 4968 ignis
1297 4897 1654 4968 sibimetipsis
1683 4895 2007 4954 efﬁciantur.

428 4989 622 5059 Qualia
656 4991 783 5046 item
811 4990 1098 5062 patiuntur
1125 4989 1219 5060 qui
1252 4989 1307 5043 in
1335 4990 1693 5060 aegritudine,
1741 5005 2008 5061 corporea

429 5083 570 5138 t'ebri
601 5083 896 5139 laborant:
929 5083 1149 5138 nemine
1187 5083 1389 5154 quippe
1430 5083 1777 5140 extrinsecus
1825 5084 2008 5155 ignem

429 5173 786 5240 admovente,
819 5174 874 5229 in
903 5190 963 5230 se
994 5175 1130 5244 ipsis
1163 5175 1342 5245 ignem
1375 5171 1580 5228 fovent.
1617 5173 1819 5229 Eodem
1855 5190 2012 5244 pror-

430 5280 528 5323 sus
554 5268 718 5322 modo
747 5267 1004 5324 inimicos
1036 5265 1160 5322 "tuos
1184 5306 1198 5329 ,
1230 5265 1447 5336 inquit,
1482 5274 1648 5336 atque
1676 5282 1773 5323 eos
1812 5268 1907 5338 qui
1959 5276 2012 5324 te

428 5359 696 5426 oderunt,
719 5378 892 5435 pones
920 5369 980 5416 ut
1020 5363 1301 5418 clibanum
1329 5359 1493 5431 ignis.
1539 5359 1910 5428 Quamobrem
1942 5363 2011 5420 iis

427 5451 686 5512 dicetur:
739 5456 1015 5512 Procedite
1062 5455 1132 5511 ad
1183 5457 1362 5511 lumen
1405 5455 1544 5528 ignis
1604 5457 1794 5529 vestri,
1843 5467 1894 5514 et
1939 5458 2009 5512 ad

426 5544 707 5621 ﬂammam
731 5565 891 5621 quam
922 5547 1265 5605 succendistis
1294 5548 1361 5603 ".

475 5637 671 5712 .Vsas.
712 5640 800 5697 ﬂ.
843 5638 1103 5699 Fructum
1132 5657 1314 5697 eorum
1341 5638 1406 5698 de
1433 5649 1575 5698 terra
1600 5639 1786 5714 perdes
1805 5682 1821 5712 ,
1848 5652 1899 5700 et
1925 5661 2010 5700 se-

500 5820 549 5858 ⁸⁸
575 5819 741 5880 Rom.
794 5837 848 5888 v,
884 5820 938 5878 5.
1015 5821 1074 5896 "_
1101 5821 1206 5878 lsa.
1244 5837 1309 5887 ι,
1349 5821 1437 5878 lt.

2116 4643 2234 4682 που
2274 4641 2411 4679 σου.
2465 4624 2555 4678 Ἐν
2596 4620 2674 4693 τῷ
2723 4619 2902 4694 καιρῷ
2941 4619 3049 4693 γὰρ
3076 4619 3184 4690 ¹τῆς
3220 4613 3574 4688 ἐπιλάμψεως
3604 4611 3702 4669 τοῦ

2115 4716 2411 4791 προσώπου
2462 4733 2589 4781 σου,
2643 4716 2700 4767 ὲν
2728 4706 2772 4783 ᾧ
2805 4713 2904 4786 τὴν
2950 4710 3148 4767 σαυτοῦ
3177 4707 3372 4773 δείξεις
3403 4705 3700 4779 βασιλείαν,

2115 4811 2314 4872 αὐτοὺς
2347 4811 2558 4872 ἑαυτοῖς
2589 4807 2650 4861 τὸ
2679 4807 2780 4878 τῆς
2816 4804 3013 4868 κακίας
3040 4802 3151 4873 πῦρ
3182 4799 3518 4866 συνάξαντας
3540 4837 3554 4857 .
3604 4796 3703 4870 τὴν

2115 4903 2236 4958 καθ’
2286 4901 2494 4956 ἑαυτῶν
2547 4901 2768 4954 κόλασιν
2797 4897 2992 4968 ἐξάψαι
3031 4897 3309 4967 ποιήσειςο
3372 4892 3521 4954 ὅπως
3550 4890 3704 4945 αὐτοὶ

2113 4994 2327 5058 ἑαυτοῖς
2351 4991 2599 5058 κλίϐανος
2628 4991 2798 5065 πυρὸς
2822 4990 3079 5059 γένοιντο.
3117 4987 3305 5040 Ὀποία
3329 4984 3629 5054 πάσχουσιν
3655 4983 3703 5034 οἱ

2113 5089 2172 5140 ἐν
2203 5089 2325 5150 ταῖς
2363 5085 2540 5149 νόσοις
2571 5083 2632 5138 τὸ
2685 5083 2846 5153 σῶμα
2886 5081 3278 5155 πυρέττοντες’
3332 5076 3561 5148 μηδενὸς
3595 5073 3703 5146 γὰρ

2114 5178 2313 5246 ἔξωθεν
2343 5178 2700 5242 ὑποκαίοντος
2721 5217 2734 5241 ,
2763 5177 2911 5234 ἔνδον
2938 5175 2998 5228 τὺ
3024 5173 3136 5246 πῦρ
3163 5171 3221 5237 ἐξ
3243 5171 3453 5225 ἑαυτῶν
3480 5169 3704 5237 ἐπάγονο

2114 5291 2224 5327 ται.
2253 5271 2443 5336 Οὕτως
2464 5267 2554 5326 οὖν
2581 5272 2675 5328 καὶ
2700 5271 2825 5334 τοὺς
2845 5267 3072 5341 ἐχθρούς
3097 5285 3191 5321 σου
3221 5267 3315 5320 καὶ
3340 5265 3468 5328 τοὺς
3492 5260 3708 5334 μισοῦνο

2115 5369 2214 5433 τὰς
2242 5385 2303 5423 σε
2322 5408 2337 5431 ,
2380 5367 2514 5440 φησὶ
2538 5406 2553 5431 ,
2589 5365 2776 5437 θήσεις
2805 5364 2881 5426 ὡς
2912 5361 3164 5417 κλίϐανον
3194 5359 3388 5432 πυρός,
3455 5355 3548 5410 Διὺ
3577 5355 3703 5424 λεχ-

2111 5461 2340 5534 θήσεται
2369 5460 2508 5533 πρὸς
2528 5457 2723 5521 αὐτούς
2739 5475 2752 5488 ο
2767 5457 3107 5525 Πορεύεσθε
3121 5453 3200 5521 τῷ
3218 5452 3366 5524 φωτὶ
3384 5450 3491 5507 τοῦ
3511 5447 3704 5516 πυρὸς

2114 5553 2302 5624 ὑμῶν,
2332 5552 2432 5608 καὶ
2467 5551 2541 5621 τῇ
2564 5551 2741 5622 φλογὶ
2762 5543 2804 5624 ᾖ
2828 5549 3221 5615 ἑξεκαύσατε.

2192 5645 2303 5702 Τὸν
2329 5644 2563 5716 καρπὸν
2591 5643 2778 5701 αὐτὸν
2800 5640 2921 5700 ἀπὸ
2943 5641 3059 5712 τῆς
3081 5637 3330 5705 ἀπολεῖς
3349 5676 3366 5706 ,
3395 5633 3496 5694 καὶ
3518 5631 3702 5702 σπέρ-
