4138 6380
484 362 590 416 205

1209 351 1468 408 EL'SEBII
1507 345 1979 406 CAESARIENSIS
2016 342 2167 399 OPP.
2208 341 2385 398 PARS
2422 342 2508 397 Ill.
2536 372 2603 385 —
2634 338 3045 400 .EXEGETICA.

3614 335 3720 389 904

487 473 672 545 populi
730 468 1128 541 priescientiam
1189 466 1578 537 complectens,
1640 478 1749 517 non
1806 462 2050 532 psalmus

2165 476 2340 514 ττασιν
2365 498 2380 524 ,
2419 456 2511 509 καὶ
2549 455 2657 508 τῶν
2696 453 2864 507 ἐθνῶν
2902 453 3153 506 ἁπάντων
3186 449 3280 521 τὴν
3323 448 3509 517 κλῆσιν
3534 446 3635 517 τῆς
3662 464 3721 499 τε

489 562 852 619 inscribatur?
899 560 975 615 De
1021 560 1087 613 iis
1128 558 1348 627 quippe,
1397 564 1581 626 utpote
1626 555 1693 608 de
1739 554 2050 623 ingentibus

490 653 669 715 lionis,
696 650 941 722 gaudens
968 648 1203 720 Spiritus
1231 654 1454 702 sanctus
1483 644 1838 715 psalmodiam
1863 657 2052 713 aggre-

488 747 653 798 tlitur.

561 833 783 890 Vensﬂ.
804 833 942 887 Deus
971 833 1103 885 Deus
1137 848 1300 892 meus,
1330 829 1523 892 respice
1547 832 1601 881 in
1631 846 1709 883 me
1734 844 1751 881 :
1788 843 1946 898 quare
1976 843 2054 879 me

489 927 856 995 dereliquisti?
898 926 1045 995 longe
1088 942 1122 979 a
1162 924 1330 977 salute
1381 940 1496 977 utea
1540 922 1692 975 verba
1742 920 2053 974 delictorum

494 1036 745 1073 meorum.
787 1018 923 1072 Cum
956 1018 1009 1071 in
1044 1015 1310 1070 Hebraico
1340 1014 1637 1083 exemplari
1672 1014 1827 1076 illud,
1859 1012 2054 1081 respice

491 1112 545 1161 in
585 1125 683 1170 me,
721 1123 831 1161 non
879 1114 1195 1175 compareat
1262 1105 1355 1160 sed
1416 1105 1469 1157 in
1518 1104 1649 1159 solis
1692 1086 2055 1173 Septuaginta

492 1198 885 1268 lnterpretibus
931 1197 1106 1266 primo
1134 1196 1313 1249 versui
1339 1194 1640 1258 inseratur;
1664 1192 1785 1260 jure
1809 1208 1838 1245 a
1870 1191 2056 1245 Salva-

494 1301 610 1346 tore
637 1297 830 1345 nostro
860 1289 974 1342 haec
1004 1285 1334 1341 vociferante
1361 1284 1785 1353 praetermissum
1811 1290 1915 1337 est.

564 1467 641 1520 Ac
686 1467 840 1531 mihi,
890 1481 1094 1536 quaeso,
1145 1464 1450 1534 perpendas
1495 1476 1601 1532 quo
1650 1470 1808 1531 pacto
1864 1458 2057 1529 reliqui

492 1571 685 1610 omnes
720 1555 1043 1625 interpretes
1077 1554 1387 1609 delictorum
1412 1567 1517 1606 non
1545 1551 1889 1606 meminerint
1916 1569 1928 1602 :
1961 1565 2058 1603 ne-

496 1664 602 1718 que
642 1650 784 1703 enim
828 1656 1258 1703 consentaneum
1308 1654 1426 1701 erat
1468 1658 1713 1715 persona:
1762 1640 2060 1696 Salvatoris

496 1741 671 1795 nostri
705 1740 899 1795 delicta
930 1740 1223 1801 ascribere,
1250 1739 1338 1808 qui
1362 1746 1631 1805 peccatum
1662 1752 1764 1789 non
1794 1734 1937 1805 fecit,
1970 1749 2061 1787 nec

499 1835 733 1888 inventus
768 1842 847 1887 est
872 1833 1032 1886 dolus
1066 1835 1117 1885 in
1159 1848 1245 1885 ore
1282 1831 1393 1898 ejus
1418 1828 1485 1882 θ’.
1527 1828 1577 1883 Is
1616 1843 1747 1883 vero
1778 1842 1879 1897 pro
1924 1826 1990 1881 iis
2031 1841 2061 1880 e

498 1926 699 1995 populo
743 1925 833 1993 qui
882 1924 1135 1994 lacrymis
1186 1937 1250 1977 ac
1298 1920 1426 1974 ﬂetu
1477 1918 1638 1989 digna
1683 1918 2060 1982 admittebant,

498 2030 596 2085 pro
618 2014 864 2085 apostolo
888 2028 988 2068 suo
1020 2012 1182 2076 Juda,
1218 2013 1372 2081 lapso
1398 2023 1453 2065 et
1493 2026 1523 2064 a
1556 2009 1774 2081 propria
1805 2007 2063 2079 dignitate

498 2108 746 2177 depulso,
796 2107 986 2176 lugens
1028 2106 1141 2159 haec
1182 2103 1400 2159 assidue
1446 2101 1716 2157 clamabat
1756 2119 1767 2154 :
1818 2098 1990 2169 Longe
2031 2115 2063 2151 a

499 2199 674 2252 salute
703 2214 816 2251 mea
847 2196 1001 2250 verba
1033 2197 1319 2266 gemituum
1354 2209 1605 2247 meorum.
1634 2189 1833 2254 Voces,
1865 2189 2060 2259 inquit,

502 2296 555 2344 et
585 2288 744 2343 verba
779 2304 959 2343 rerum
996 2301 1027 2339 a
1056 2301 1142 2340 me
1173 2299 1386 2354 semper
1410 2298 1511 2354 pro
1540 2283 1738 2353 populo
1766 2288 2060 2351 gestarum,

500 2396 531 2433 a
561 2380 735 2436 salute
766 2394 883 2433 mea
912 2379 1068 2448 longe
1083 2382 1298 2433 remota
1322 2383 1471 2440 sunt,
1500 2390 1625 2430 cum
1656 2375 1791 2429 nihil
1818 2372 2064 2427 utilitatis

500 2472 700 2541 populo
733 2470 1028 2524 accesserit
1074 2485 1140 2523 ex
1178 2483 1240 2522 ea
1277 2483 1435 2537 quam
1480 2467 1614 2537 ipsis
1654 2466 1938 2536 procuravi
1972 2480 2062 2519 sa-

503 2565 632 2617 lute.
666 2562 732 2616 At
764 2578 831 2617 ne
855 2561 1135 2616 videamur
1165 2576 1230 2615 ex
1260 2560 1479 2614 curiosa
1511 2560 1690 2628 aliqua
1723 2544 2066 2627 indagatio’ne

501 2656 742 2726 reliquos
788 2656 1116 2725 interpretes
1166 2654 1361 2717 secuti,
1414 2668 1509 2708 eos
1553 2653 1645 2722 qui
1697 2651 1801 2704 alia
1854 2649 2065 2704 ratione

502 2745 773 2815 psalmum
803 2745 1230 2814 interpretantur
1255 2758 1570 2814 coarguere,
1605 2740 1957 2812 Septuaginta
1984 2738 2067 2793 vi-

502 2850 691 2891 rorum
747 2835 1197 2906 interpretatione.
1247 2842 1483 2889 utemur.
1534 2831 1668 2887 Nam
1722 2832 1799 2885 illi
1849 2844 2066 2902 quoque

504 2930 647 2982 hanc
695 2926 987 2982 lectionem
1034 2929 1394 2981 observantes
1444 2932 1497 2980 et
1550 2924 2063 2989 animadvertentes,

503 3021 649 3075 hunc
700 3019 968 3089 psalmum
1014 3017 1235 3073 Christo
1281 3032 1389 3071 non
1444 3030 1744 3086 congruere
1795 3014 2063 3069 dixerunt.

500 3111 739 3166 Audiant
767 3111 948 3179 itaque
972 3106 1233 3163 Joannem
1259 3106 1338 3161 sic
1358 3105 1683 3160 clamantem
1706 3126 1717 3158 :
1739 3102 1869 3157 Ecce
1888 3104 2066 3173 Agnus

505 3200 620 3264 Dei,
643 3202 730 3270 qui
748 3200 884 3253 tollit
906 3209 1173 3269 peccatum
1204 3196 1384 3249 mundi
1404 3197 1456 3259 ¹;
1491 3204 1543 3250 et
1575 3195 1817 3251 divinum
1844 3193 2070 3248 Paulum

499 3293 577 3350 ita
610 3293 916 3362 loquentem
947 3290 1085 3357 :Qui
1110 3298 1376 3359 peccatum
1413 3305 1515 3342 non
1544 3295 1774 3350 noverat,
1805 3302 1897 3355 pro
1924 3287 2070 3340 nobis

492 3392 770 3457 peccatum
796 3383 938 3452 fecit,
957 3392 1014 3435 ut
1033 3398 1125 3436 nos
1144 3382 1455 3451 eﬁceremur
1465 3380 1683 3450 justitia
1701 3379 1795 3434 Dei
1816 3381 1868 3434 in
1891 3381 2001 3449 ipso
2015 3382 2033 3411 ¹
2052 3398 2068 3448 ;

492 3484 557 3529 et
577 3490 833 3530 rursum:
863 3473 1107 3531 Christus
1142 3490 1235 3527 nos
1270 3471 1483 3527 redemit
1517 3471 1580 3526 de
1612 3473 1891 3526 maledicto
1922 3473 2068 3542 legis,

491 3567 679 3636 factus
710 3581 805 3634 pro
834 3565 979 3620 nobis
1006 3564 1399 3619 maledictum’.
1428 3562 1595 3633 Igitur
1614 3562 2069 3633 quemadmodum

506 3661 630 3714 fons
658 3659 888 3729 iustitiae
915 3674 1038 3713 cum
1064 3657 1156 3723 sit,
1188 3666 1412 3728 peccata
1442 3658 1558 3727 ipse
1589 3664 1774 3711 nostra
1799 3656 2067 3725 suscepit;

503 3761 558 3810 et
584 3768 709 3807 cum
746 3754 818 3807 sit
850 3752 1247 3807 benedictionis
1272 3753 1516 3822 pelagus,
1547 3750 1888 3820 ingruentem
1914 3750 2070 3804 nobis

501 3845 942 3902 maledictioncm
972 3845 1199 3913 accepit,
1226 3854 1385 3912 atque
1414 3842 1741 3912 contemptis
1763 3842 2070 3912 opprobriis

503 3951 725 3992 erucem
756 3934 1053 3991 sustinuit:
1090 3935 1169 3988 sic
1204 3948 1300 4002 pro
1325 3932 1484 3987 nobis
1516 3932 1781 3985 rationem
1811 3931 2068 3986 reddidit.

502 4026 565 4081 Si
619 4026 763 4082 enim
809 4034 1067 4080 statutam
1120 4024 1278 4077 nobis
1308 4022 1651 4091 disciplinam
1710 4022 1904 4077 lubens
1956 4023 2072 4092 ipse

504 4118 712 4182 subiit;
760 4130 887 4169 nam
928 4115 1210 4182 disciplina
1250 4115 1395 4183 pacis
1439 4123 1631 4168 nostra:
1663 4129 1815 4182 super
1847 4132 1984 4181 eum,
2015 4125 2073 4171 ut

507 4211 582 4262 ait
608 4207 910 4278 propheta‘
939 4224 953 4260 :
986 4207 1156 4260 multo
1196 4205 1370 4276 magis
1421 4206 1663 4261 rationes
1709 4195 1823 4275 ipse
1854 4216 2071 4261 nostras

506 4314 605 4367 pro
637 4298 799 4353 nobis
825 4295 1031 4361 retulit,
1060 4302 1222 4364 atque
1254 4296 1472 4347 clamat:
1512 4292 1684 4363 Longe
1703 4311 1737 4346 α
1767 4294 1938 4347 salute
1960 4310 2072 4347 mea

508 4392 737 4445 rationes
784 4389 1096 4443 delictorum
1151 4402 1406 4441 meorum.
1455 4383 1554 4450 Ne,
1611 4386 1806 4454 inquit,
1867 4392 2073 4439 natura:

508 4491 731 4555 peccata
768 4482 1047 4551 respicias.

2151 554 2341 618 γενεᾶς
2396 550 2489 603 καὶ
2542 548 2633 602 τοῦ
2667 546 3063 617 τεχθησομένου
3092 542 3222 596 λαοῦ
3251 542 3347 613 τὴν
3378 541 3720 611 πρόγνωσινς

2165 644 2286 695 Ἐπὶ
2331 641 2538 703 τούτοις
2584 639 2692 710 γὰρ
2724 639 2798 702 ὡς
2831 637 2922 689 ἐπὶ
2957 634 3208 707 μεγάλοις
3241 632 3465 701 ἀγαθοῖς
3497 635 3723 702 συγχαῖ-

2156 754 2245 807 ρον
2274 734 2333 787 τὸ
2364 732 2585 803 Πνεῦμα
2614 730 2676 784 τὸ
2709 730 2860 799 ἆγιον
2889 728 2985 800 τὴν
3018 726 3335 797 ψαλμῳδίαν
3365 728 3611 779 ποιεῖται.

2236 827 2297 879 '0
2323 825 2465 891 Θεὸς
2486 827 2516 877 ό
2547 824 2687 888 Θεός
2698 840 2837 891 μου,
2866 822 3128 888 πρόσχες
3155 836 3257 888 μοι
3275 835 3289 849 ·
3312 821 3411 872 ἵνα
3449 820 3505 871 τί
3554 818 3729 888 ἐγκαρ-

2156 918 2391 981 τέλιπές
2410 933 2484 985 με
2503 932 2520 979 ;
2542 913 2782 984 μακρὰν
2813 913 2927 966 ἀπὸ
2956 910 3065 979 τῆς
3087 911 3381 977 σωτηρίας
3401 927 3519 979 μου
3546 911 3725 963 01.26-

2156 1028 2244 1081 γοι
2277 1008 2394 1062 τῶν
2430 1004 2912 1075 παραπτωμάτων
2945 1022 3082 1072 μου.
3152 1003 3243 1072 Μὴ
3278 1001 3636 1073 προκειμένου
3667 1001 3725 1053 δὲ

2156 1104 2211 1153 ὲν
2239 1101 2316 1171 τῷ
2352 1096 2620 1169 Ἐϐραῖκῷ
2644 1095 2760 1163 τοῦ,
2776 1096 3039 1163 πρόσχες
3061 1110 3161 1162 μοι
3181 1131 3195 1155 ,
3224 1092 3251 1145 ὃ
3277 1092 3339 1163 δὴ
3369 1091 3508 1145 κατά
3536 1092 3726 1161 μόνους

2154 1192 2277 1252 τοὺς
2337 1188 2735 1257 Ἐϐδομήκοντα
2786 1185 3108 1256 προσέκειτο
3151 1181 3228 1251 τῷ
3284 1181 3482 1252 πρώτῳ
3536 1181 3725 1251 στίχῳ,

2155 1279 2394 1351 ἀκριϐῶς
2428 1279 2521 1331 καὶ
2556 1278 2657 1331 ὑπὸ
2689 1278 2786 1347 τῆς
2826 1276 3007 1346 φωνῆς
3033 1272 3124 1327 τοῦ
3155 1273 3405 1344 Σωτῆρος
3435 1272 3592 1342 ἡμῶν
3622 1289 3728 1324 πα-

2159 1371 2523 1442 ραλέλειπται.

2228 1463 2338 1516 Καὶ
2368 1462 2466 1515 θέα
2498 1462 2618 1515 τίνα
2642 1458 2841 1532 τρόπον
2870 1458 2926 1512 ἐν
2961 1459 3092 1511 πᾶσι
3116 1457 3323 1520 τούτοις
3355 1453 3591 1526 οὐδαμοῦ
3622 1470 3732 1509 πα-

2152 1553 2556 1622 ραπτωμάτων
2607 1551 3019 1622 ἐμνημόνευσαν
3072 1550 3120 1601 οἱ
3153 1548 3334 1601 λοιποὶ
3365 1549 3725 1619 ἐρμηνευταί·

2162 1646 2285 1698 οὑδέ
2318 1645 2425 1716 γὰρ
2461 1643 2669 1715 ἥρμοζε
2709 1641 3125 1715 παραπτώματα
3175 1641 3499 1712 ἐφαρμόζειν
3530 1640 3608 1711 τῷ
3638 1639 3731 1693 τοῦ

2163 1737 2410 1808 Σωτῆρος
2435 1736 2591 1807 ἡμῶν
2625 1735 2932 1809 προσώπῳ,
2968 1735 3036 1801 ὃς
3066 1735 3360 1804 ἁμαρτίαν
3388 1736 3499 1788 οὐκ
3530 1734 3735 1802 ἐποίη-

2094 1802 2132 1856 B
2161 1845 2291 1894 σεν,
2305 1802 2681 1896 οὐδὲῖεὺρέθη
2694 1802 2957 1892 δόλος-ἐν
2972 1824 3050 1890 τῷ
3066 1802 3312 1894 στόματι
3329 1823 3533 1877 αὐτοῦ.
3566 1822 3738 1893 ’Υπὲρ

2161 1918 2216 1971 δὲ
2257 1917 2365 1971 τῶν
2404 1916 2696 1987 κλαυθμῶν
2749 1917 2842 1970 καὶ
2882 1916 3092 1988 θρήνων
3130 1916 3256 1981 ἄξια
3297 1915 3640 1986 πραττόντων
3677 1915 3735 1965 ἐν

2161 2010 2238 2081 τῷ
2264 2009 2376 2081 λαῴ
2400 2050 2413 2075 ,
2480 2010 2617 2079 ὑπὲρ
2650 2009 2704 2062 δὲ
2730 2008 2822 2062 τοῦ
2854 2007 3151 2063 ἀποστόλου
3184 2005 3348 2059 αὑτοῦ
3394 2006 3594 2069 Ἰούδα,
3641 2003 3737 2057 τοῦ

2164 2103 2601 2175 ἐξολισθησαντος
2642 2101 2736 2155 καὶ⁴
2769 2102 2866 2173 τῆς
2914 2101 3120 2163 οἰκείας
3165 2099 3321 2164 ἀξίας
3350 2098 3737 2164 ἀποπεπόντος.

2164 2195 2481 2265 ὀδυρόμενος
2508 2194 2731 2247 διετέλει
2770 2192 2940 2264 βοῶν·
2976 2193 3227 2261 Μακρὰν
3256 2190 3374 2245 ἀπὸ
3407 2189 3515 2259 τῆς
3544 2206 3738 2258 σωτη-

2156 2289 2294 2356 ρίας
2318 2305 2436 2357 μου
2456 2290 2513 2366 οἱ
2538 2288 2704 2355 λόγοι
2732 2286 2849 2339 τῶν
2878 2283 3151 2353 ὀδυρμῶν
3174 2301 3311 2353 μου.
3344 2284 3407 2335 Ol
3435 2282 3542 2352 γὰρ
3567 2282 3738 2350 λόγοι,

2166 2380 2327 2449 φησι,
2364 2378 2469 2431 τῶν
2503 2377 2650 2449 ἐμῶν
2674 2418 2687 2443 ,
2723 2376 2831 2430 τῶν
2867 2376 3005 2447 ὑπὲρ
3037 2375 3129 2428 τοῦ
3163 2375 3293 2428 λαοῦ
3330 2375 3557 2428 πάντοτε
3592 2393 3738 2444 γινο-

2170 2473 2341 2543 μένων
2367 2510 2382 2536 ,
2412 2471 2509 2540 τῆς
2532 2470 2669 2541 ἐμῆς
2695 2470 2965 2539 σωτηρίας
2996 2467 3212 2539 μακρὰν
3243 2468 3527 2536 γεγόνασιν
3546 2506 3561 2532 ,
3590 2468 3739 2520 οὑδέν

2164 2563 2533 2634 ῶφεληθέντος
2566 2562 2657 2615 τοῦ
2691 2559 2820 2613 λαοῦ
2854 2560 2960 2614 ἀπὸ
3003 2560 3101 2629 τῆς
3138 2558 3196 2625 ἐξ
3231 2557 3365 2629 ἐμοῦ
3394 2557 3741 2629 προξενηθεί-

2168 2670 2265 2723 σης
2290 2654 2469 2715 αὑτοῖς
2491 2651 2779 2722 σωτηρίας.
2813 2652 2929 2703 Ἵνα
2948 2650 3004 2702 δὲ
3039 2649 3113 2721 μὴ
3140 2649 3399 2719 δόξωμεν,
3430 2652 3541 2713 τοῖς
3563 2648 3740 2712 ἄλλοις

2166 2746 2526 2817 ἑρμηνευταῖς
2552 2742 2783 2797 ἐνταῦθα
2814 2743 3140 2814 κεχρημένοι
3174 2744 3238 2795 ἐκ
3264 2742 3540 2814 περινοίας
3565 2782 3580 2808 ,
3616 2742 3742 2805 τοὺς

2165 2836 2366 2907 ἑτέρως
2394 2835 2484 2889 τὸν
2511 2834 2723 2905 ψαλμὸν
2756 2834 3169 2905 ἡρμηνευκότας
3217 2833 3456 2906 ἐλέγχειν
3477 2874 3491 2899 ,
3541 2835 3607 2904 τῇ
3633 2831 3741 2886 τῶν

2182 2926 2579 2997 Ἑϐδομήκοντα
2608 2926 2872 2997 ἑρμηνείᾳ
2900 2925 3245 2996 χρησόμεθα·
3303 2925 3475 2996 ταύτῃ
3502 2924 3608 2995 γὰρ
3638 2924 3742 2978 κά-

2168 3021 2334 3073 κεῖνοι
2367 3018 2592 3089 τηρήσει
2622 3016 3074 3087 προσεσχηκότες,
3093 3016 3192 3068 οὑκ
3222 3015 3428 3084 ἔφασαν
3455 3016 3744 3087 ἁρμόττειν

2097 3134 2138 3191 C
2172 3110 2259 3163 τὸν
2290 3109 2501 3180 ψαλμὸν
2520 3107 2596 3179 τῷ
2611 3108 2816 3178 Κυρίῳ.
2851 3108 3267 3161 Ἀκουσάτωσαν
3294 3108 3474 3160 τοίνυν
3497 3108 3743 3161 Ἰωάννου

2175 3200 2399 3271 βοῶντος
2420 3218 2433 3229 ·
2462 3200 2581 3253 Ἴδε
2602 3203 2632 3253 ό
2651 3198 2838 3268 ἀμνὸς
2851 3198 2953 3251 τοῦ
2983 3198 3130 3252 Θεοῦ
3149 3238 3163 3262 ,
3183 3202 3214 3252 o'
3233 3200 3414 3267 αἴρων
3436 3199 3547 3266 τὴν
3565 3199 3745 3268 ἁμαρ-

2172 3294 2304 3347 τίαν
2324 3292 2428 3345 τοῦ
2446 3293 2675 3360 κόσμου
2698 3309 2710 3321 ·
2734 3290 2824 3343 τοῦ
2848 3289 2903 3341 δέ
2926 3290 3208 3343 θεσπεσίου
3234 3292 3443 3345 Παύλου
3463 3291 3711 3359 λέγοντος
3726 3308 3740 3321 ·

2177 3387 2285 3441 Τὸν
2308 3385 2394 3455 μὴ
2430 3387 2647 3456 γνόντα
2683 3386 3005 3454 ἁμαρτίαν,
3059 3384 3210 3453 ὑπὲρ
3250 3385 3416 3453 ἡμῶν
3453 3384 3746 3453 ἁμαρτίαις

2168 3478 2477 3545 ἐποίησεν,
2494 3478 2593 3530 ἵνα
2621 3476 2790 3545 ἡμεῖς
2812 3476 3105 3547 γενώμεθα
3129 3477 3275 3530 Θεοῦ
3299 3476 3654 3543 δικαιοσύνη
3676 3477 3746 3529 ἑν

2170 3568 2355 3633 αὐτῷ·
2390 3570 2481 3622 καὶ
2512 3569 2671 3621 πάλιν
2690 3585 2703 3597 ⁸
2745 3562 2995 3637 Χριστὸς
3025 3568 3181 3638 ἡμᾶς
3208 3567 3510 3637 ἠγόρασεν
3541 3568 3608 3620 ἐκ
3634 3566 3746 3635 τῆς

2173 3660 2431 3728 κατάρας
2460 3660 2564 3713 τοῦ
2588 3662 2794 3728 νόμου,
2814 3663 3129 3729 γενόμενος
3148 3658 3296 3727 ὑπὲρ
3317 3659 3484 3728 ἡμῶν
3502 3656 3742 3727 κατάρα.

2179 3751 2476 3821 Τοιγαροῦν
2532 3752 2718 3823 ῶσπερ
2751 3751 3089 3823 δικαιοσύνης
3121 3750 3379 3821 ὑπάρχων
3432 3750 3611 3821 πηγὴ,
3652 3750 3747 3821 τὴν

2180 3843 2452 3914 ἡμετέραν
2485 3845 2755 3913 ἁμαρτίαν
2785 3844 3010 3898 ἀνέλαϐε
3028 3883 3042 3907 ,
3088 3844 3181 3896 καί¹
3206 3843 3451 3911 εὐλογίας
3477 3843 3551 3897 ῶν
3580 3843 3747 3897 πέλα-

2171 3952 2265 4003 γος
2296 3974 2309 3997 ,
2365 3936 2462 4005 τὴν
2497 3935 2846 4005 ἐπικειμένην
2886 3937 3018 4006 ἡμῖν
3056 3935 3270 4011 ἐδέξατο
3308 3934 3550 4005 κατάραν
3579 3974 3595 3999 ,
3652 3934 3749 3988 καὶ

2174 4028 2402 4099 σταυρὸν
2422 4028 2706 4098 ὑπέμεινεν
2734 4028 2990 4099 αἰσχύνης
3020 4030 3431 4099 καταφρονήσας
3450 4045 3462 4057 ·
3488 4026 3628 4081 οὑτω
3656 4028 3750 4083 καὶ

2174 4120 2297 4181 τοὺς
2328 4119 2467 4189 ὑπὲρ
2495 4118 2648 4188 ἡμῶν
2682 4120 2970 4189 ἐποιήσατο
3001 4119 3207 4188 λόγους.
3242 4122 3303 4175 Εἰ
3333 4120 3440 4193 γὰρ
3463 4120 3559 4191 τὴν
3618 4121 3750 4193 ὡρι-

2175 4211 2379 4281 σμένην
2419 4215 2553 4283 ήμῖν
2602 4211 2847 4265 παιδείαν
2880 4212 3117 4281 ὑπῆλθεν
3162 4211 3301 4265 ἑκὼν
3328 4252 3340 4276 ,
3368 4211 3604 4266 παιδεία
3640 4211 3748 4282 γὰρ

2171 4302 2414 4370 εἰρήνης
2437 4302 2606 4372 ἡμῶν
2629 4304 2721 4355 ἐπ’
2741 4304 2947 4367 αὐτὸν,
3038 4305 3199 4375 φησὶν
3227 4307 3254 4357 ὁ
3281 4305 3593 4375 προφήτης·
3622 4304 3750 4356 πολ-

2173 4392 2247 4462 λῷ
2272 4394 2469 4464 μᾶλλον
2488 4398 2597 4458 τοῖς
2611 4395 2749 4465 ὑπὲρ
2773 4395 2929 4465 ἡμῶν
2954 4394 3066 4447 ἀνθ’
3089 4394 3244 4465 ἡμῶν
3267 4397 3531 4466 ἐχρήσατο
3550 4394 3747 4463 λόγοις,

2106 4467 2148 4520 Ῑ)
2177 4486 2270 4538 καὶ
2304 4486 2419 4557 βοᾷ·
2471 4487 2717 4555 Μακρὼ·
2744 4487 2859 4540 ἀπὸ
2892 4486 2996 4555 τῆς
3034 4487 3329 4555 σωτηρίας
3356 4505 3472 4555 μου
3504 4491 3556 4541 οἱ
3581 4489 3751 4557 λόγοι

505 4575 625 4631 τῶν
647 4576 1131 4645 παραπτωμάτων
1150 4592 1285 4643 μου.
1318 4572 1764 4644 mmmam/11;,
1794 4574 1975 4642 φησίν,
1998 4576 2099 4643 είς,
2122 4577 2191 4631 τά
2218 4581 2315 4651 τῆς
2348 4582 2559 4647 φύσεως
2597 4581 3061 4652 πλημμελήματα.

577 4672 741 4727 Vens.
778 4673 830 4726 5.
869 4671 1007 4725 Deus
1048 4687 1212 4734 meus,
1257 4668 1496 4723 clamabo
1538 4668 1605 4721 ad
1641 4677 1686 4721 te
1714 4685 1806 4738 per
1837 4668 1995 4734 diem,
2026 4680 2075 4723 et

399 4826 403 4832 ,
508 4782 613 4821 non
637 4763 919 4827 exaudies;
955 4772 1003 4816 et
1035 4773 1205 4825 nocte,
1240 4771 1289 4815 et
1321 4778 1425 4813 non
1447 4759 1514 4812 ad
1541 4760 1896 4828 insipientiam
1927 4761 2075 4817 mihi.

498 4858 635 4914 Jlme
665 4857 732 4911 de
758 4856 918 4910 nobis
941 4854 1223 4908 confessus
1249 4852 1516 4915 Salvator,
1545 4852 1620 4905 ait
1654 4871 1665 4905 :
1697 4851 1786 4904 Sic
1810 4851 2080 4908 clamante

513 4964 619 5013 me,
646 4946 1024 5002 exauditurum
1050 4952 1108 5001 ,te
1137 4944 1262 4997 novi
1288 4962 1310 5001 ,ε
1343 4958 1467 4997 nam
1495 4957 1619 4999 cum
1644 4943 2079 5013 interpunctione

502 5040 817 5110 legendum.
844 5037 910 5090 Et
934 5043 1093 5090 nocte
1117 5050 1334 5104 quoque
1365 5034 1633 5098 clamabo,
1660 5050 1835 5104 neque
1866 5034 1916 5087 id
1944 5034 2076 5088 mihi

498 5132 578 5186 ,ad
628 5128 999 5199 insipientiam
1054 5133 1369 5196 reputetur;
1414 5125 1854 5195 quandoquidem
1899 5127 2075 5183 tristia

511 5224 717 5276 circum
754 5236 840 5274 me
874 5218 1051 5290 posita
1088 5225 1236 5273 sunt.
1275 5217 1427 5271 Multi
1464 5233 1595 5272 sane
1622 5220 1675 5272 in
1704 5219 1961 5288 perplexo
1989 5235 2080 5273 re-

512 5329 632 5369 rum
660 5320 805 5369 statu
842 5312 1071 5382 caligine
1110 5310 1493 5371 obvolvuntur,
1530 5318 1589 5362 ut
1616 5310 1775 5363 etiam
1810 5310 1937 5378 quid
1969 5310 2080 5364 cla-

513 5408 683 5461 manti
732 5405 1023 5461 dicendum
1067 5403 1178 5459 Deo
1224 5405 1295 5459 sit
1345 5404 1637 5474 ignorent:
1671 5416 1734 5455 ac
1776 5418 1874 5472 ego
1914 5402 2082 5472 probe

513 5498 640 5551 novi
683 5512 788 5567 qua
832 5497 899 5551 de
951 5510 1116 5551 causa
1159 5503 1439 5550 nocturnae
1483 5494 1588 5547 illa:
1620 5493 1959 5549 calamitates
1994 5510 2080 5548 me

514 5590 970 5646 circumveniant.

2258 4677 2319 4729 Ὀ
2343 4679 2484 4742 Θεός
2514 4694 2653 4745 μου,
2688 4676 3045 4745 κεκράξομαι
3081 4675 3301 4744 ἡμέρας
3334 4674 3481 4742 πρὸς
3516 4675 3611 4739 σὲ,
3653 4676 3752 4731 καί

2179 4768 2290 4819 οὐκ
2320 4769 2654 4835 εἰσακούονῃ
2674 4784 2686 4797 ·
2741 4767 2839 4820 καὶ
2878 4768 3098 4832 νυκτὸς
3117 4807 3130 4831 ,
3166 4767 3261 4819 καὶ
3291 4768 3401 4820 οὐκ
3433 4768 3519 4832 είς
3544 4766 3754 4821 ἄνοιαν

2177 4860 2325 4928 ἐμοί.
2362 4860 2544 4913 Ταῦτα
2567 4860 2621 4912 δὲ
2646 4861 2775 4931 περὶ
2799 4859 2952 4931 ἡμῶν
2980 4858 3483 4930 ἐξομολογούμενος,
3508 4860 3535 4911 ὁ
3562 4861 3753 4931 Σωτὴρ

2176 4950 2355 5019 λέγει·
2413 4950 2567 5004 Οὕτω
2596 4951 2650 5004 δέ
2684 4969 2782 5022 μου
2814 4951 3079 5021 βοῶντος,
3126 4946 3270 5017 οἶδα,
3307 4952 3387 5003 ὃτι
3421 4951 3748 5023 είσακούσῃ·

2184 5042 2302 5114 μεθ’
2337 5044 2679 5114 ὑποστιγμῆς
2718 5044 2822 5114 γὰρ
2860 5043 3252 5111 ἀναγνωστέον.
3321 5044 3431 5097 Καὶ
3467 5045 3658 5106 νυκτὸς
3694 5044 3751 5097 δὲ

2182 5134 2550 5206 κεκράξομαι,
2605 5137 2703 5188 οὐκ
2753 5135 2936 5197 ἀνοίας
2992 5151 3079 5204 μοι
3119 5133 3504 5205 λογιζομένης·
3564 5136 3651 5187 ὅτε
3687 5135 3753 5187 τά

2185 5228 2579 5298 περιεστηκότα
2619 5228 2736 5280 ἐστὶ
2782 5227 3096 5298 σκυθρωπά.
3129 5227 3247 5279 Τῶν
3287 5226 3496 5279 πολλῶν
3536 5229 3593 5279 ἐν
3633 5228 3753 5288 ταῖς

2183 5319 2533 5392 περιστάσεσι
2565 5318 2990 5388 σκοτιζομένων,
3023 5318 3097 5380 ὼς
3125 5318 3379 5370 καὶάὑτὸ
3406 5317 3562 5370 τοῦτο
3594 5316 3645 5369 τί
3674 5316 3755 5367 δεῖ

2184 5409 2455 5481 κράζοντα
2494 5408 2626 5478 πρὸς
2660 5408 2789 5461 Θεὸν
2821 5408 2997 5475 λέγειν
3029 5408 3266 5474 ἀγνοεῖν·
3318 5408 3613 5478 ἐπίσταμαι
3648 5407 3752 5476 γάρ

2185 5498 2294 5567 ἐγὼ
2319 5499 2456 5562 τίνος
2487 5499 2648 5555 ἕνεκα
2676 5498 2799 5569 περὶ
2829 5499 2929 5569 ἐμὲ
2951 5498 3236 5570 νυκτερινὴ
3260 5498 3588 5561 κατάστασίς
3615 5500 3747 5551 ἐστι.

582 5774 630 5805 ~99
669 5772 683 5825 l
720 5771 867 5827 Petr.
906 5786 979 5837 ιι,
1011 5770 1101 5828 22.
1181 5773 1193 5803 ι
1235 5770 1391 5826 Joan.
1427 5786 1474 5840 1,
1510 5770 1598 5827 '56.
1676 5772 1694 5803 ²
1736 5770 1778 5826 ll
1812 5769 1934 5825 Cor.
1968 5786 2033 5837 γ,

2234 5769 2253 5801 ³
2290 5768 2408 5824 Gal.
2449 5782 2549 5832 ιιι,
2591 5766 2679 5823 t5.
2755 5764 2777 5799 ⁸
2814 5763 2921 5821 lsa.
2958 5778 3091 5831 un,
3130 5763 3179 5817 5.
