4094 6378
460 373 563 428 207

1129 372 1404 429 EUSEBII
1439 370 1920 429 CAESABIENSIS
1960 372 2109 432 OPP.
2151 373 2332 432 PARS
2392 373 2556 431 Ill.—
2579 371 2991 434 EXEGETICA.

3620 373 3726 428 208

461 488 647 546 buere.
706 484 815 542 Sed
871 485 1013 542 alius
1056 486 1192 541 ordo
1225 501 1504 559 genusque
1544 487 1827 542 hominum
1869 489 2003 544 abii

2105 551 2109 559 _
2139 491 2343 556 πάθους
2369 493 2815 564 καιρόν.Ἕτερον
2847 493 2904 546 δὲ
2934 490 3124 563 τάγμα
3149 489 3300 562 παρὰ
3331 490 3543 556 τούτοις
3571 489 3724 557 ἐξου-

461 581 774 646 diversum,
827 581 1101 650 abiectum
1147 580 1748 648 habuerunt..Quinam
1800 582 1876 636 illi
1927 582 2035 638 nisi

461 672 694 741 populus
721 686 789 725 ex
813 671 1274 728 circumcisione?
1303 671 1431 728 Ideo
1479 677 1558 729 sic
1614 675 1893 729 concludit
1938 690 2037 747 pos

458 772 595 831 stea,
637 773 689 818 et
743 764 968 834 obiectio
1018 765 1202 834 plebis.
1243 765 1377 820 Nam
1419 767 1710 822 illudentes
1761 769 1808 823 ei
1869 777 2034 839 atque

454 854 764 910 deridentes
795 871 942 923 eum,
987 855 1101 910 haec
1150 857 1551 927 loquebantur'
1589 876 1600 911 :
1647 857 1912 929 Vah!qui
1941 859 2033 914 de-

454 950 615 1004 struis
653 949 924 1018 templum,
967 958 1016 1003 et
1059 951 1112 1004 in
1153 951 1323 1004 tribus
1347 950 1528 1005 diebus
1559 951 1796 1021 a'diﬁcas
1832 954 2024 1022 ipsum.

453 1042 603 1096 Alios
648 1043 826 1096 salvos
859 1042 1006 1110 fecit,
1053 1041 1258 1095 salvum
1294 1043 1461 1111 faciat
1509 1044 1758 1113 seipsum.
1811 1044 1872 1100 Si
1920 1044 2030 1100 Rea:

453 1131 628 1188 Israel
651 1141 754 1198 est,
778 1131 1070 1188 descendat
1096 1149 1232 1186 nunc
1265 1133 1328 1187 de
1352 1150 1523 1201 cruce,
1551 1144 1601 1189 et
1623 1134 1890 1190 credemus
1923 1136 1989 1190 ei.

514 1336 683 1393 Vens.
717 1339 770 1401 8,
802 1337 855 1393 9.
896 1338 971 1394 De
1005 1339 1239 1409 ipsamct
1285 1354 1345 1393 rc
1399 1339 1452 1391 in
1501 1339 1860 1408 sequentibus
1892 1340 2022 1394 talia

445 1430 643 1485 fatur:
700 1429 892 1486 Omnes
941 1431 1174 1484 videntes
1233 1447 1312 1484 me
1355 1430 1652 1484 deriserunt
1705 1447 1806 1497 me,
1861 1431 2022 1484 locuti

444 1531 569 1576 sunt
598 1521 756 1577 labiis
785 1533 831 1576 et
882 1533 1152 1578 moverunt
1179 1533 1358 1593 caput.
1395 1524 1638 1593 Speravit
1678 1524 1733 1577 in
1768 1521 2017 1589 Domino,

435 1616 629 1684 eripiat
658 1631 797 1679 eum,
838 1615 1044 1670 salvum
1088 1615 1254 1684 faciat
1287 1631 1427 1679 eum,
1459 1616 1707 1684 quoniam
1737 1615 1846 1668 vult
1877 1631 2016 1669 eum.

439 1707 567 1762 Haec
601 1723 768 1779 porro
799 1708 1023 1778 impleta
1073 1715 1206 1763 sunt
1247 1708 1523 1778 passionis
1573 1707 1833 1762 salutaris
1881 1715 2018 1762 tem-

440 1815 593 1870 pore,
625 1809 686 1855 ut
721 1801 1008 1858 Matthaeus
1042 1809 1234 1856 narrat
1265 1801 1352 1856 his
1385 1799 1571 1856 verbis
1619 1818 1632 1854 :
1682 1799 2018 1854 Praetereun-

2137 584 2351 655 δένωμα
2374 585 2537 639 αὑτὸν
2569 586 2888 656 ἐκτήσαντο.
2923 585 3081 643 Ποῖον
3107 584 3166 638 δὲ
3186 585 3344 638 τοῦτο
3369 584 3450 655 ἢὸ
3479 585 3543 638 ὲκ
3569 601 3725 656 περι-

2135 677 2309 748 τομῆς
2337 676 2502 743 λαός;
2544 675 2634 730 Διὸ
2685 677 2925 746 ἐπιλέγει
2981 676 3128 748 ἑξῆς,
3183 675 3283 730 καὶ
3339 675 3724 745 ἑξουδένωμα

2133 768 2307 821 ¹λαοῦ.
2335 766 2720 831 Διαπαίζοντες
2736 767 2848 839 γὰρ
2873 768 3034 822 αὐτὸν
3063 763 3207 820 οὗτοι
3233 766 3328 820 καὶ
3345 766 3719 836 χλευάζοντες,

2133 859 2317 928 ἔλεγον
2337 875 2350 888 ·
2387 859 2531 926 ova,
2562 863 2594 913 ό
2623 862 2936 914 καταλύων
2960 860 3067 914 τὸν
3089 859 3260 924 ναὸν,
3288 859 3384 915 καὶ
3433 859 3503 912 ὲν
3522 860 3721 928 τρισὶν

2131 950 2380 1018 ἡμέραις
2406 950 2735 1022 οἰκοδομῶν
2762 953 3230 1017 αὐτόν.Ἅλλους
3270 953 3484 1015 ἔσωσε,
3517 953 3713 1005 σωσά-

2129 1062 2207 1098 τω
2235 1047 2470 1099 ἑαυτόν.
2508 1049 2577 1100 Εί
2603 1047 2905 1112 ,ϐασιλεὺς
2953 1047 3058 1100 τοῦ
3100 1044 3336 1113 Ἰσραήλ
3386 1045 3580 1108 ἐστιν,
3612 1061 3716 1097 κα-

2130 1137 2353 1191 ταϐάτω
2384 1138 2502 1192 νῦν
2541 1137 2660 1192 ἀπὸ
2703 1137 2807 1192 τοῦ
2846 1136 3134 1206 σταυροῦ,
3170 1135 3269 1190 καὶ
3310 1134 3716 1204 πιστεύσομεν

2127 1228 2306 1295 αὐτῷ.

2195 1345 2331 1417 Περὶ
2361 1345 2469 1398 τῶν
2498 1345 2677 1400 αὐτῶν
2697 1345 2790 1399 καὶ
2815 1343 2882 1398 τὰ
2907 1343 3032 1417 ἑξῆς
3051 1344 3298 1415 ἐπιφέρει
3319 1343 3519 1414 λέγων·
3549 1342 3708 1399 Πάν-

2124 1455 2223 1505 τες
2254 1441 2308 1492 ol
2340 1437 2702 1507 θεωροῦντές
2725 1454 2803 1507 με
2833 1435 3310 1507 ἐξεμυκτήρισάν
3345 1451 3451 1506 με·
3485 1435 3709 1508 ἐλάλη-

2121 1547 2243 1586 σαν
2269 1532 2338 1586 ἐν
2368 1532 2658 1601 χείλεσιν,
2675 1531 2968 1599 ἐκίνησαν
2993 1528 3587 1599 κεφαλήν.Ἦλπισεν
3607 1527 3706 1584 ἐπὶ

2118 1625 2332 1692 Κυρίῳ,
2350 1625 2641 1693 ῥυσάσθω
2671 1623 2880 1677 αὐτόν·
2910 1622 3160 1677 σωσάτω
3191 1621 3396 1687 αὐτὸν,
3422 1621 3511 1674 ὅτι
3549 1621 3708 1677 θέλει

2118 1716 2321 1769 αὐτόν.
2357 1715 2467 1769 Καὶ
2505 1714 2676 1770 ταῦτα
2714 1713 3019 1786 ἐπληροῦτο
3063 1713 3205 1767 κατὰ
3243 1713 3335 1766 τὸν
3379 1713 3568 1784 καιρὸν
3606 1709 3703 1766 τοῦ

2121 1807 2386 1878 σωτηρίου
2421 1807 2644 1872 πάθους,
2666 1806 2788 1861 καθ’
2815 1807 2873 1860 ὃν
2906 1807 3110 1878 ἱστορεῖ
3141 1805 3314 1874 λέγων
3348 1807 3376 1858 6
3402 1803 3699 1867 Ματθαῖος·

434 1868 514 1947 tes
549 1903 726 1948 autem
766 1893 1204 1964 blasphemabant
1251 1909 1368 1948 eum
1400 1903 1659 1948 moventes
1685 1894 1861 1962 capita
1888 1909 2003 1956 sua,

2124 1903 2188 1954 Ol
2326 1868 2875 1968 παραπορευόμενοι
2924 1868 3358 1967 ἐϐλασφήμουν
3395 1895 3582 1950 αὑτὸν
3618 1913 3703 1949 κι-

432 1995 486 2040 et
513 1985 742 2042 dicentes
774 2003 792 2040 :
832 1985 987 2041 Vah!
1019 1987 1109 2058 qui
1139 1987 1369 2041 destruis
1403 1987 1653 2056 templum
1673 1996 1722 2041 et
1756 1975 1812 2040 iri
1833 1984 2012 2039 triduo

432 2079 573 2134 illud
612 2080 907 2148 rewdiﬁcas
938 2097 956 2134 :
993 2080 1144 2135 salva
1190 2081 1522 2148 temetipsum
1557 2096 1574 2133 :
1608 2080 1654 2133 si
1700 2077 1876 2133 Filius
1912 2077 2011 2133 Dei

433 2185 510 2232 es,
555 2169 808 2224 descende
841 2186 980 2224 nunc
1027 2168 1090 2224 de
1141 2185 1315 2224 cruce.
1359 2167 1618 2224 Similiter
1656 2179 1708 2223 et
1749 2168 2009 2238 principes

426 2261 765 2318 sacerdotum
791 2262 1072 2319 illudentes
1099 2281 1218 2318 cum
1246 2263 1538 2320 Pharisaeis
1562 2272 1612 2317 et
1637 2262 1837 2318 Scribis
1867 2262 2008 2316 dice.

428 2356 557 2412 bant
592 2374 609 2411 :
640 2356 793 2412 Alios
817 2358 992 2413 salvos
1023 2358 1168 2427 fecit,
1206 2358 1438 2428 seipsunt
1466 2375 1570 2412 non
1604 2366 1772 2427 potest
1801 2355 2006 2411 salvum

430 2451 624 2521 facere.
664 2449 726 2506 Si
763 2449 873 2504 Rea:
923 2449 1097 2506 Israel
1124 2459 1226 2517 est,
1264 2450 1548 2506 descendat
1577 2466 1714 2505 nunc
1747 2450 1811 2505 de
1832 2465 2004 2514 cruce,

423 2551 478 2596 et
507 2541 778 2596 credemus
807 2543 875 2596 ei.
910 2541 1158 2612 Conﬁsus
1190 2550 1268 2596 est
1301 2543 1356 2597 in
1401 2542 1533 2607 Deo,
1579 2543 1761 2597 liberet
1787 2558 1929 2610 eum,
1959 2543 2007 2596 si

429 2636 537 2690 vult
561 2653 679 2690 eum
701 2651 719 2690 :
745 2635 879 2689 dixit
903 2636 1062 2691 enim.
1097 2632 1274 2689 Filius
1311 2633 1404 2689 Dei
1435 2651 1553 2689 sum
1574 2635 1613 2691 ⁸.

501 2921 664 2978 Vsus.
698 2921 787 2990 l0,
820 2923 907 2977 ll.
951 2921 1216 2989 Quoniam
1249 2930 1304 2975 tu
1339 2937 1414 2987 es,
1465 2922 1554 2992 qui
1592 2923 1879 2977 extruxisti
1921 2937 2002 2976 me

424 3015 490 3073 de
515 3023 686 3070 ventre
717 3031 736 3068 .'
769 3032 884 3086 spes
925 3031 1042 3068 mea
1075 3015 1140 3067 ab
1170 3013 1415 3070 uberibus
1450 3014 1638 3068 matris
1670 3029 1818 3067 metr.
1853 3011 1923 3067 In
1953 3020 2002 3066 te

425 3113 687 3184 projectus
713 3125 829 3164 sum
857 3123 922 3162 ea:
959 3117 1108 3162 utero
1138 3125 1156 3162 :
1189 3106 1254 3162 de
1285 3115 1458 3162 ventre
1486 3107 1675 3161 matris
1700 3122 1828 3161 mea:
1857 3105 1999 3161 Deus

424 3221 570 3259 meus
598 3220 652 3258 es
681 3211 767 3267 tu;
818 3216 881 3255 ne
925 3200 1229 3255 discesseris
1271 3215 1304 3252 a
1341 3215 1444 3255 me.
1479 3197 1732 3254 Declara‘t
1781 3213 1841 3254 se
1886 3213 1998 3253 non
2028 3237 2070 3296 Ο

423 3295 700 3351 communi
719 3299 929 3348 natura:
955 3308 1081 3357 usu,
1106 3307 1285 3362 neque
1305 3291 1422 3361 pari
1447 3299 1610 3362 atque
1633 3289 1725 3345 alii
1751 3291 2000 3346 homines

421 3397 728 3458 cmteraque
762 3385 1061 3440 animantia
1098 3384 1229 3450 ritu,
1281 3384 1494 3440 scilicet
1539 3400 1607 3439 ex
1654 3384 1898 3439 masculo
1945 3390 2000 3439 et

421 3480 622 3536 femina
668 3478 1032 3534 constitutum
1085 3491 1230 3540 esse,
1277 3491 1455 3547 neque
1501 3484 1683 3531 ortum
1719 3491 1778 3532 se
1806 3476 1998 3532 eadem

419 3574 634 3629 ratione
679 3571 884 3637 fuisse;
934 3569 1030 3625 sed
1063 3568 1194 3640 quid
1232 3579 1428 3638 praeter
1476 3568 1755 3640 vulgarem
1788 3575 1998 3623 natura:

420 3665 668 3722 ordinem
704 3663 982 3718 habuisse.

492 3756 656 3813 Vens.
706 3756 774 3810 12
803 3755 930 3810 44.
974 3753 1241 3821 Quoniam
1288 3751 1560 3807 tribulatio
1611 3753 1858 3822 proxima
1893 3763 1992 3818 est,

417 3851 668 3922 quoniam
715 3852 820 3902 non"
854 3856 934 3902 est
981 3847 1072 3916 qui
1108 3843 1340 3914 adjuvet.
1386 3843 1860 3898 Circumdederunt
1912 3860 1995 3898 me

417 3941 571 3998 vituli
627 3941 806 4005 multi,
852 3939 998 3993 tauri
1033 3939 1249 4008 pingues
1294 3935 1605 3990 obsederunt
1651 3952 1750 3991 me.
1776 3934 1994 4006 Nequa-

417 4049 581 4105 quam
611 4047 642 4086 a
669 4047 801 4087 vero
833 4030 1198 4094 aberraveris,
1230 4028 1278 4086 si
1313 4036 1503 4084 tauros
1548 4028 1797 4099 pingues,
1839 4028 1995 4098 prin-

419 4127 570 4194 cipes
618 4121 834 4178 Judaici
869 4121 1086 4192 populi;
1143 4120 1260 4176 sive
1306 4121 1583 4190 principes
1617 4118 1988 4184 sacerdotum,

419 4216 628 4272 scribas
656 4223 710 4270 et
749 4214 995 4270 seniores
1037 4212 1350 4284 signiﬁcare
1376 4211 1606 4268 dixeris.
1639 4209 1882 4279 Hujusce
1911 4211 1991 4266 rei

417 4308 623 4364 mentio
649 4305 884 4361 habetur
914 4305 969 4359 in
1001 4303 1345 4374 sexagesimo
1381 4303 1617 4374 septimo
1659 4303 1873 4375 psalmo
1900 4303 1987 4358 his

412 4396 598 4453 verbis
621 4414 634 4450 :
674 4393 896 4465 Increpa
932 4395 1073 4464 feras
1097 4394 1376 4448 arundinis
1404 4410 1422 4447 .'
1447 4395 1778 4465 congregatio
1806 4405 1988 4448 tauro-

414 4505 533 4542 rum
555 4489 608 4542 in
629 4489 802 4542 vaccis
825 4487 1136 4557 populorum
1157 4489 1202 4542 ’.
1238 4485 1338 4541 Hic
1370 4501 1536 4556 porro
1565 4488 1819 4557 populos,
1855 4501 1986 4542 vac-

2118 1990 2370 2056 νοῦντες
2399 1991 2506 2058 τὰς
2537 1991 2804 2060 κεφαλὰς
2837 1990 3035 2044 αὐτῶν
3067 1989 3164 2042 καὶ
3207 1988 3522 2058 λέγοντες·
3554 1988 3697 2052 Οὐὰ,

2118 2085 2152 2135 ό
2178 2082 2490 2136 καταλύων
2521 2081 2626 2136 τόν
2644 2081 2813 2147 ναὸν,
2839 2081 2938 2135 καὶ
2962 2081 3031 2134 ἑν
3050 2080 3250 2148 τρισὶν
3276 2077 3524 2148 ἡμέραις
3544 2079 3699 2132 olito-

2116 2170 2311 2242 δομῶν
2336 2173 2552 2226 αὐτόν·
2579 2170 2785 2227 σῶσον
2808 2173 3042 2226 ἑαυτόν.
3059 2173 3129 2226 Εἰ
3162 2168 3291 2233 Υἱὸς
3317 2166 3377 2223 εἷ
3395 2169 3500 2223 τοῦ
3527 2168 3696 2230 Θεοῦ.

2116 2262 2397 2332 κατάϐηθι
2438 2262 2556 2317 νῦν
2596 2262 2714 2318 ἀπὸ
2759 2263 2866 2317 τοῦ
2909 2260 3451 2332 σταυροῦ.’ομοίως
3493 2260 3593 2314 καὶ
3639 2262 3695 2313 oi

2113 2345 2404 2423 ἀρχιερεῖς
2432 2353 2736 2420 παίζοντες
2756 2351 2908 2423 μετὰ
2937 2351 3054 2405 τῶν
3073 2351 3409 2419 Φαρισαίων
3446 2347 3547 2403 καὶ
3576 2345 3696 2401 τῶν

2113 2445 2497 2516 γραμματέων
2515 2445 2760 2516 ἔλεγον·
2803 2445 3056 2511 Ἄλλους
3078 2442 3333 2505 ἔσωσεν,
3367 2440 3584 2495 ἑαυτὸν
3620 2441 3693 2493 οὐ

2111 2538 2361 2593 δύναται
2390 2537 2602 2594 σῶσαι.
2629 2541 2701 2592 El
2723 2536 3022 2603 ,βασιλεὺς
3057 2534 3295 2603 Ἰσραήλ
3327 2533 3478 2599 ἐστι,
3511 2549 3691 2586 κατα-

2112 2631 2264 2685 ϐάτω
2288 2631 2405 2686 νῦν
2426 2629 2544 2688 ἀπὸ
2574 2630 2680 2685 τοῦ
2710 2627 2996 2698 σταυροῦ,
3021 2629 3120 2683 καὶ
3154 2627 3560 2696 πιστεύσομεν
3580 2625 3691 2679 αὑ-

2109 2722 2206 2788 τῷ.
2233 2723 2524 2778 Πέποιθεν
2562 2721 2660 2776 ἐπὶ
2701 2721 2782 2788 τῷ
2816 2720 2958 2788 Θεῷ,
2978 2719 3270 2789 ῥυσάσθω
3290 2719 3496 2783 αὑτὸν,
3521 2720 3575 2773 ει
3593 2717 3687 2774 θέ-

2107 2818 2201 2870 λει
2227 2817 2442 2871 αὐτόν⁸
2474 2811 2603 2871 εἷπε
2625 2813 2755 2886 γὰρ,
2787 2813 2875 2868 ὅτι
2901 2811 3008 2867 τοῦ
3043 2809 3190 2867 Θεοῦ
3223 2814 3338 2883 είμι
3371 2813 3405 2865 ό
3446 2811 3597 2876 Υἱός.

2181 2930 2301 2983 Ὅτι
2326 2929 2407 2984 σὺ
2432 2925 2539 2985 εἷό
2561 2927 2880 2994 ἐκσπάσας
2914 2943 2991 2997 με
3025 2927 3095 2980 ἐκ
3122 2923 3401 2996 γαστρὸς,
3433 2923 3471 2994 η
3510 2922 3687 2989 ἐλπίς

2103 3038 2220 3091 μου
2241 3021 2359 3076 ἀπὸ
2377 3021 2625 3092 μαστῶν
2652 3021 2761 3090 τῆς
2781 3021 3005 3090 μητρός
3023 3037 3158 3090 μου.
3178 3017 3301 3071 Ἐπὶ
3336 3017 3410 3072 σὲ
3436 3017 3686 3086 ἐρῤίφηιιο

2103 3112 2174 3166 ἐκ
2195 3113 2447 3182 μήτρας,
2475 3113 2544 3166 ἐκ
2559 3113 2791 3180 κοιλίας
2813 3114 3038 3182 μητρός
3053 3128 3172 3181 μου
3201 3111 3344 3176 Θεός
3359 3127 3478 3180 μου
3503 3104 3563 3162 εἴ
3578 3106 3683 3173 σὺ,

2099 3204 2186 3274 μὴ
2215 3204 2493 3274 ἀποστῇς
2517 3205 2617 3260 ἀπ’
2637 3205 2806 3274 ἐμοῦ.
2842 3203 3195 3275 Παρίστησιν,
3219 3203 3300 3255 ὅτι
3324 3201 3383 3254 οὐ
3414 3199 3554 3254 κατὰ
3582 3199 3684 3270 φύ-

2107 3315 2212 3362 σιν,
2246 3296 2368 3350 οὐδὲ
2393 3297 2592 3367 ὁμοίως
2618 3300 2731 3362 τοῖς
2753 3295 2956 3359 λοιποῖς
2986 3294 3188 3348 ἅπασιν
3214 3293 3541 3366 ἀνθρώποις,
3561 3293 3682 3348 οὐδὲ

2101 3392 2214 3453 τοῖς
2247 3391 2454 3453 λοιποῖς
2479 3387 2638 3454 ζώοις
2670 3387 3086 3462 παραπλησίως,
3117 3390 3227 3451 τοῖς
3255 3383 3314 3452 ἐξ
3338 3388 3563 3459 ἄρρενος
3587 3389 3681 3440 καὶ

2100 3479 2339 3552 θηλείας,
2375 3480 2782 3552 συνιστάμενος,
2810 3481 2904 3534 καὶ
2949 3478 3018 3534 τὰ
3064 3479 3162 3550 τῆς
3208 3475 3369 3531 αὑτοῦ
3415 3477 3682 3546 γενέσεως

2101 3570 2464 3624 συνετελεῖτο·
2508 3566 2623 3642 εἶχε
2661 3570 2720 3624 δέ
2754 3589 2808 3624 τι
2847 3570 3015 3624 πλείω
3057 3569 3210 3641 παρὰ
3235 3569 3332 3641 τὴν
3363 3569 3547 3642 κοινὴν
3581 3567 3680 3639 φύ-

2100 3681 2204 3718 σιν.

2168 3755 2288 3808 Ὅτι
2321 3755 2525 3824 θλίψις
2550 3754 2750 3827 ἐγγὺς,
2781 3754 2870 3809 ὅτι
2897 3757 3008 3810 οὐκ
3037 3754 3210 3808 ἐστιν
3230 3755 3264 3808 ό
3284 3751 3545 3822 βοηθῶν.
3574 3754 3677 3806 Πε-

2088 3847 2508 3915 ριεκύκλωσάν
2531 3864 2608 3917 με
2625 3849 2847 3917 μόσχοι
2868 3846 3104 3913 πολλοὶ,
3128 3845 3330 3916 ταῦροι
3347 3845 3554 3911 πίονες
3574 3858 3676 3898 πε-

2086 3940 2340 4009 ριέσχον
2378 3957 2475 4010 με.
2509 3939 2623 3994 Οὐκ
2670 3939 2738 3994 ἂν
2775 3941 3039 4012 ἁμάρτοις
3090 3938 3216 4002 τοὺς
3267 3936 3532 4009 ἄρχοντας
3580 3934 3676 3988 τοῦ

2107 4029 2374 4086 Ἰουδαίων
2395 4031 2579 4096 ἔθνους
2600 4030 2832 4103 ταύρους
2855 4030 3061 4095 πίονας,
3083 4027 3373 4101 ἀρχιερέας
3394 4028 3487 4081 καὶ
3506 4043 3678 4098 γραμ-

2095 4121 2286 4191 ματεῖς
2314 4120 2408 4174 καὶ
2445 4119 2864 4192 πρεσϐυτέρους,
2893 4117 2980 4172 διὰ
3020 4115 3222 4170 τούτων
3251 4115 3539 4187 δηλοῦσθαι
3566 4115 3673 4186 φή-

2094 4209 2516 4281 σας.Μέμνηται
2543 4209 2602 4263 δὲ
2628 4209 2805 4264 αὐτῶν
2833 4208 2861 4260 6
2888 4207 3044 4276 λόγος
3072 4207 3129 4260 ὲν
3155 4204 3433 4278 ἑξηκοστῷ
3458 4205 3672 4277 ἑϐδόμῳ

2091 4302 2290 4374 ψαλμῷ
2315 4302 2493 4372 λέγων
2513 4320 2526 4332 ·
2575 4304 2959 4372 Ἐπιτίμησον
2981 4303 3105 4368 τοῖς
3125 4301 3351 4368 θηρίοις
3369 4297 3475 4353 τοῦ
3498 4296 3673 4353 καλά-

2083 4413 2237 4466 μου·
2278 4397 2316 4464 ἠ
2359 4394 2680 4466 συναγωγὴ
2721 4393 2840 4448 τῶν
2875 4395 3106 4463 ταύρων
3134 4393 3204 4447 ἐν
3224 4393 3354 4458 ταῖς
3376 4389 3671 4461 δαμάλεσι

2088 4487 2208 4543 τῶν
2255 4486 2598 4543 λαῶν.“Αλλ’
2629 4484 2862 4542 ἐνταῦθα
2913 4487 3037 4549 τοὺς
3067 4485 3164 4556 μὲν
3208 4483 3370 4546 λαοὺς
3411 4481 3670 4554 δαμάλεις

411 4597 528 4646 cas,
570 4581 753 4651 populi
799 4580 985 4645 duces,
1038 4588 1224 4635 tauros
1256 4579 1612 4650 nuncupavit.
1643 4579 1702 4633 ln
1731 4579 1983 4648 praisenti

2105 4579 2358 4650 ἶυνόμασε,
2392 4579 2517 4642 τοὺς
2546 4577 2603 4630 δὲ
2633 4575 2741 4630 τῶν
2763 4575 2906 4630 λαῶν
2929 4573 3264 4646 ἡγουμένους
3287 4571 3539 4642 ταύρους.
3556 4568 3669 4622 Καὶ

411 4674 540 4729 item
563 4673 796 4743 psalmo,
825 4672 972 4727 illius
1004 4672 1144 4738 loco,
1183 4669 1653 4726 Circumdederunt
1697 4687 1779 4725 me
1827 4672 1980 4727 vituli

2105 4688 2144 4726 ιν
2170 4671 2248 4742 τῷ
2285 4669 2509 4741 παρόντι
2534 4668 2590 4722 δὲ
2620 4666 2839 4738 ψαλμῷ,
2867 4667 2988 4720 ἀντὶ
3012 4664 3136 4718 τοῦ·
3172 4658 3669 4731 Περιεκύκλωσάν

409 4764 584 4829 multi,
621 4763 985 4836 Symmachus
1015 4764 1095 4818 sic
1129 4763 1312 4830 habet,
1342 4747 1563 4818 Iuvenci
1593 4765 1735 4817 tauri
1766 4766 1982 4836 pingues

409 4859 664 4930 saginati,
698 4857 1040 4927 circumplexi
1074 4866 1200 4911 sunt
1233 4873 1332 4922 me,
1381 4857 1578 4926 inquit,
1613 4866 1663 4911 et
1691 4856 1985 4911 circumde-

407 4950 599 5006 derunt.
629 4967 742 5014 me;
776 4949 1077 5006 secundum
1111 4948 1363 5019 Aquilam
1396 4964 1549 5018 vero,
1597 4948 1844 5005 Potentes
1872 4949 1984 5003 Ba-

409 5061 508 5099 san
540 5044 597 5098 in
628 5029 984 5114 spectaculum
1021 5043 1370 5098 traduxerunt
1421 5058 1533 5108 me;
1579 5043 1736 5114 queis
1789 5042 1984 5098 adum-

406 5138 600 5192 bratur
650 5138 904 5194 militaris
936 5137 1096 5193 Pilati
1139 5153 1356 5201 manus,
1407 5134 1588 5192 Basan
1638 5145 1976 5208 nuncupata,

406 5245 530 5301 quae
575 5246 838 5285 coronam
902 5231 1150 5303 spineam
1204 5230 1609 5302 complicatam,
1655 5229 1980 5286 diadematis

406 5324 550 5388 loco,
587 5323 753 5392 capiti
775 5322 896 5393 ejus
928 5321 1210 5393 imposuit.
1243 5322 1573 5390 Aperuerunt
1601 5337 1756 5391 super
1779 5337 1898 5375 eum
1923 5337 1981 5374 os

405 5431 581 5481 suum,
613 5417 750 5470 sicut
781 5416 860 5470 leo
889 5416 1099 5483 rapiens
1115 5423 1165 5468 et
1196 5416 1430 5484 rugiens,
1459 5415 1779 5476 clamantes,
1807 5413 1975 5479 Tolle,

407 5506 553 5571 tolle,
579 5508 824 5578 cruciﬁge
844 5523 962 5560 eum
987 5507 1050 5562 “.
1081 5505 1312 5578 Sanguis
1343 5505 1455 5577 ejus
1486 5523 1644 5577 super
1673 5524 1766 5561 nos
1805 5513 1854 5560 et
1889 5522 1980 5560 su-

2082 4783 2159 4837 με
2187 4768 2410 4836 μόσχοι
2449 4764 2689 4828 πολλοὶ,
2721 4764 2750 4815 6
2791 4760 3017 4824 Ἀκύλας
3176 4755 3499 4828 Δαμάλαιοι
3529 4753 3667 4809 ταῦ-

2081 4875 2178 4926 ροι
2205 4859 2410 4924 πίονες
2431 4860 2485 4911 οἱ
2510 4855 2766 4910 σιτιστοὶ
2793 4852 3116 4923 περιέσχον
3139 4867 3235 4921 με,
3264 4849 3416 4921 φησι,
3439 4847 3539 4903 καὶ
3567 4863 3668 4902 πε-

2080 4950 2569 5020 ριεστοιχίσαντό
2582 4967 2658 5020 με
2675 4967 2688 4980 °
2715 4948 2856 5004 κατὰ
2875 4947 2931 5001 δὲ
2952 4947 3043 5000 τὸν
3077 4943 3307 4999 Ἀκύλαν
3326 4960 3340 4975 ο
3367 4940 3666 4996 Δυνάσται

2090 5045 2298 5101 Βασὰν
2325 5041 2875 5112 διεδειτματίσαντό
2891 5057 2988 5110 με,
3012 5038 3244 5112 εἴρηται,
3273 5034 3367 5090 τοῦ
3394 5033 3550 5104 λόγου
3577 5035 3666 5088 αἰ-

2087 5137 2396 5209 νιττομένου
2433 5137 2531 5208 τὴν
2571 5135 2664 5189 τοῦ
2704 5133 2936 5188 Πιλάτου
2969 5128 3363 5204 στρατιωτικὴν
3393 5125 3564 5192 τάξιν,
3596 5125 3664 5195 ἢν

2087 5229 2264 5284 Βασὰν
2294 5230 2595 5300 ὠνόμασεν,
2626 5229 2675 5282 οἳ
2713 5229 2972 5298 στέφανον
2995 5225 3053 5291 ἐξ
3077 5222 3328 5280 ἀκανθῶν
3354 5220 3660 5288 πλέξαντες,

2086 5323 2207 5377 ἀντὶ
2224 5321 2551 5394 διαδήματος
2585 5322 2860 5393 ἐπέθηκαν
2892 5319 3058 5392 αὐτῷ.
3088 5316 3422 5382 Ἡνοίξαντ’
3443 5313 3536 5366 ἐπ’
3558 5313 3666 5366 αὺ-

2083 5414 2164 5481 τῷ
2192 5414 2258 5468 τὸ
2293 5414 2488 5485 στόμα
2509 5411 2728 5480 αὐτῶν,
2752 5415 2833 5480 ὡς
2859 5412 3017 5468 λέων
3051 5409 3323 5481 ἁρπάζων
3358 5405 3453 5462 καί
3479 5403 3662 5475 ὠρυό-

2079 5521 2281 5576 μενος,
2305 5507 2568 5571 βοῶντες
2583 5522 2596 5536 '
2620 5501 2778 5574 Αἶρε,
2803 5501 2954 5574 αἶρε,
2985 5505 3338 5572 σταύρωσον
3357 5499 3562 5555 αὐτόν.
3591 5495 3662 5551 Τὸ

474 5667 496 5699 ⁷
536 5664 726 5720 Matth.
758 5681 945 5731 xxvii,
979 5666 1167 5725 40-42.
1244 5668 1266 5700 ⁸
1305 5667 1437 5723 ibid.
1470 5667 1658 5722 40-45.
1734 5667 1754 5698 ’
1795 5663 1944 5720 Psal.
1980 5679 2162 5730 um,
2196 5666 2286 5721 51.
2366 5666 2409 5696 ¹⁰
2447 5664 2607 5720 Joan.
2645 5681 2775 5728 xu,
2814 5664 2898 5719 l5.

471 5819 551 5894 (1)
586 5819 726 5893 Lege
757 5823 1091 5894 Σύμμαχος.
