4094 6378
399 374 511 432 209

1533 369 2043 434 COMMENTARIA
2081 373 2152 430 IN
2188 376 2524 438 PSALMOS.

3551 383 3656 437 2l0

396 485 546 560 αἷμα
595 491 784 546 αὐτοῦ
832 491 927 561 ἐφ’
956 491 1114 562 ἡμᾶς
1157 493 1254 547 καὶ
1298 492 1399 547 ἐπὶ
1449 490 1523 546 τὰ
1565 490 1748 546 τέκνα
1797 488 1984 560 ἡμῶν.

2090 511 2183 565 per
2215 495 2405 550 liberos
2432 504 2640 550 nostros
2663 495 2723 547 η.
2746 493 2942 563 Aquila
2972 508 3122 556 vero,
3149 491 3299 548 Sicut
3331 492 3430 557 leo,
3457 491 3654 562 inquit,

411 581 648 645 Ἀκύλας
690 581 776 636 δέ’
823 582 916 649 Ὡς
943 583 1124 651 λέων,
1157 584 1344 655 φησὶν,
1387 583 1662 638 ἀλίσκων
1701 583 1800 637 καὶ
1838 584 1989 651 ,ϐρυ-

399 669 672 740 κώμενος
691 689 706 704 ο
741 672 952 728 κατὰδὲ
971 673 1064 726 τὸν
1085 673 1380 746 Σύμμαχον
1395 691 1408 704 ο
1439 673 1533 738 Ὡς
1550 671 1707 727 λέων
1725 673 1990 742 θηρεύων

390 761 804 833 βρυχώμενος.
831 765 895 818 Oi
921 764 1031 836 γὰρ
1057 765 1286 836 αἵματος
1307 763 1588 834 διψῶντες,
1615 765 1710 819 καὶ
1729 767 1842 828 τοῖς
1865 766 1989 818 ἐαυ-

396 854 510 909 τῶν
535 855 749 920 τέκνοις
783 855 1156 928 ἐπισπώμενοι
1181 857 1241 910 τὸ
1262 856 1358 910 τοῦ
1383 855 1636 929 Σωτῆρος
1669 851 1829 928 αἷμα,
1857 856 1987 928 βρυ-

396 946 648 1018 χωμένου
675 946 890 1011 λέοντος
919 947 1073 1001 οὐδὲν
1103 947 1370 1020 διέφερον.

474 1038 596 1089 Ὅτι
639 1035 996 1091 ἑκύκλΜὰν
1039 1055 1117 1106 με
1160 1039 1343 1105 κύνες
1387 1039 1628 1103 πολλοὶ,
1664 1037 1985 1109 συναγωγὴ

395 1124 896 1194 Wolters»!
914 1127 1238 1195 περιέσχον
1257 1145 1356 1198 με.
1379 1128 1532 1182 Μετὰ
1552 1129 1678 1192 τοὺς
1705 1129 1988 1193 Ἰουδαίους

393 1217 510 1271 τῶν
545 1217 608 1282 ἐξ
649 1217 820 1270 ἐθνῶν
853 1218 1183 1290 μνημονεύει
1233 1219 1600 1291 στρατιωτῶν.
1630 1218 1853 1284 Τούτοις
1879 1220 1988 1292 γὰρ

396 1306 599 1359 ἐκεῖνοι
648 1307 972 1378 παρέδοσαν.
1007 1308 1100 1360 Διὸ
1144 1309 1237 1362 καὶ
1283 1309 1382 1379 τὴν
1433 1308 1587 1374 τάξιν
1622 1309 1988 1380 ὴπροφητεία

395 1397 508 1452 τῶν
553 1399 894 1470 πραγμάτων
945 1397 1226 1468 ἐφύλαξεν.
1262 1400 1503 1466 Εἰκότως
1528 1401 1584 1454 δὲ
1613 1401 1847 1474 ταύρους
1888 1402 1986 1472 μὲν

399 1489 665 1555 ἐκείνους,
696 1491 861 1555 κύνας
890 1491 948 1544 δὲ
969 1491 1192 1556 τούτους
1209 1492 1521 1564 ὠνόμασεν·
1549 1493 1598 1546 οἱ
1623 1494 1721 1564 μὲν
1748 1492 1855 1565 γάρ
1881 1493 1986 1548 ὑπὸ

394 1581 491 1634 τὸν
532 1579 626 1635 τοῦ
663 1581 829 1652 νόμου
859 1577 1000 1653 ἦσαν
1032 1581 1227 1651 ζυγὸν,
1258 1585 1308 1636 εἰ
1342 1585 1437 1637 καὶ⁹
1463 1583 1755 1657 προφανῶς
1781 1585 1871 1638 τὸν
1895 1584 1983 1637 νό-

395 1688 501 1743 μον
549 1672 878 1744 παρέϐαινον
898 1690 910 1702 ·
950 1675 999 1726 οἱ
1035 1673 1092 1728 δὲ
1131 1673 1275 1728 κατὰ
1299 1674 1463 1746 νόμον
1489 1670 1632 1746 ἦσαν
1661 1675 1980 1747 ἀκάθαρτοι.

392 1762 555 1817 υῦτω
573 1763 634 1816 δὲ
667 1763 762 1817 καὶ
789 1765 817 1816 ὁ
848 1764 1053 1836 Κύριος
1083 1765 1182 1835 τὴν
1211 1766 1523 1820 Χαναναίαν
1551 1766 1984 1837 ὡνόμασεν.οὺκ

2088 589 2296 657 capiens
2350 597 2401 644 et
2447 588 2687 658 rugiens;
2748 584 3132 656 Symmachus,
3178 583 3326 639 Sicut
3359 583 3436 639 leo
3464 601 3657 639 leuam

2086 682 2417 752 rugiensque.
2443 679 2581 734 Nam
2609 679 2702 748 qui
2738 677 3062 748 sanguinem
3091 676 3369 740 sitiebant,
3419 691 3660 747 suosque

2087 775 2294 829 liberos
2331 772 2634 828 Salvatoris
2671 770 2939 842 sanguine
2961 784 3090 824 reos
3116 784 3238 824 esse
3264 769 3659 841 procurabant,

2086 881 2118 921 a
2139 866 2297 921 leone
2321 865 2567 936 rugiente
2597 861 2734 918 nihil
2763 860 3105 917 diﬁ‘erebant.

2158 1039 2328 1094 Vens.
2373 1037 2565 1093 i749.
2619 1037 2885 1104 Quoniam
2940 1038 3397 1092 circumdederunt
3440 1055 3526 1093 me
3570 1055 3662 1093 ca-

2087 1149 2175 1186 nes
2229 1131 2404 1194 multi,
2474 1131 2754 1185 concilium
2829 1129 3237 1200 malignantium
3297 1129 3500 1184 obsedit
3553 1148 3658 1185 me.

2084 1222 2216 1280 Post
2255 1221 2494 1281 Judaeos.
2523 1222 2807 1292 gentilium
2845 1221 3050 1277 milites
3083 1230 3497 1277 commemorat.
3523 1221 3663 1292 Ipsis

2083 1314 2232 1370 enim
2284 1311 2458 1368 Judaei
2510 1311 2790 1368 Christum
2839 1311 3205 1368 tradiderunt.
3247 1311 3430 1378 Quare
3475 1329 3662 1369 rerum

2085 1406 2335 1462 ordinem
2393 1404 2676 1474 prophetia
2731 1405 2988 1459 servavit.
3061 1403 3194 1460 Iure
3244 1412 3426 1460 autem
3471 1413 3663 1461 tauros

2085 1499 2232 1563 illos,
2263 1497 2432 1552 hosce
2475 1511 2642 1552 canes
2687 1497 2940 1563 vocavit;
2974 1497 3052 1550 illi
3102 1512 3338 1567 namque
3380 1497 3483 1553 sub
3529 1499 3662 1569 jugo

2084 1593 2221 1663 legis
2249 1600 2428 1658 erant,
2473 1590 2691 1647 etiamsi
2740 1589 3033 1646 manifeste
3084 1591 3257 1660 legem
3312 1591 3661 1662 transgredeo

2083 1693 2312 1752 rentur;
2345 1685 2400 1739 hi
2432 1699 2563 1740 vero
2591 1682 2896 1738 secundum
2925 1685 3093 1755 legem
3123 1684 3324 1752 impuri
3355 1692 3532 1740 erant.
3570 1683 3662 1740 Sic

2084 1778 2202 1848 ipse
2258 1776 2522 1832 Dominus
2568 1775 2932 1832 Chananaaam
2975 1775 3288 1845 appellavit.
3367 1774 3493 1830 Non
3543 1777 3661 1830 licet

389 1856 527 1910 ἐστι
557 1855 687 1925 γὰρ,
718 1857 1094 1926 φησὶ,λαϐεῐν
1120 1857 1229 1911 τὸν
1254 1857 1436 1926 ἄρτον
1467 1857 1584 1913 τῶν
1610 1859 1859 1923 τέκνων,
1884 1858 1984 1913 καὶ

2085 1871 2242 1933 enim,
2275 1869 2474 1939 inquit,
2507 1869 2740 1936 accipere
2761 1884 2952 1938 panem
2976 1867 3233 1937 ﬁliorum,
3269 1876 3319 1922 et
3356 1867 3486 1929 dare
3514 1869 3664 1926 cani-

389 1946 606 2001 δοῦναι
635 1947 759 2014 τοῖς
790 1948 1116 2016 κυναρίοις.
1137 1948 1274 2002 Ἀλλ’
1298 1950 1448 2020 ὅμως
1478 1950 1615 2020 μετὰ
1650 1950 1711 2003 τὸ
1743 1949 1913 2015 πάθος
1933 1953 1982 2004 οἱ

390 2037 763 2103 πάλαι⁹κύνες
794 2040 881 2093 διὰ
906 2040 1006 2109 τῆς
1031 2040 1266 2108 πίστεως
1287 2043 1369 2106 εἰς
1395 2043 1493 2113 τὴν
1523 2041 1656 2096 υίῶν
1686 2042 1984 2115 μεταϐεϐή-

389 2147 523 2183 κασι
546 2129 700 2194 τάξιν
720 2148 733 2161 ·
768 2134 816 2184 οἰ
842 2130 901 2184 δὲ
927 2131 1094 2193 πάλαι
1127 2131 1225 2204 τὴν
1254 2132 1364 2186 τῶν
1394 2131 1526 2186 υἱῶν
1553 2133 1849 2204 ἐσχηκότες
1881 2151 1982 2204 κη-

384 2219 669 2290 δεμονίαν,
699 2219 798 2293 τὴν
843 2221 1023 2274 κυνῶν
1073 2222 1442 2294 προσηγορίαν
1481 2222 1749 2286 ἐδέξαντο,
1779 2223 1874 2277 ἅτε
1918 2223 1982 2289 δὴ

387 2311 573 2366 κυνῶν
622 2312 780 2384 δίκην
829 2311 970 2366 κατὰ
1001 2313 1094 2366 τοῦ
1128 2315 1398 2367 Δεσπότου
1431 2313 1812 2385 λυττήσαντες.
1849 2315 1984 2386 Περὶ.

384 2404 600 2459 τούτων
619 2406 648 2457 ὁ
670 2403 941 2476 μακάριος
969 2405 1183 2468 Παῦλος
1217 2403 1316 2475 βοᾷ
1333 2422 1348 2435 ο
1380 2404 1577 2459 Βλέπε
1606 2405 1750 2471 τοὺς
1771 2408 1977 2471 κύνας·

380 2497 656 2562 βλέπετε
685 2496 830 2563 τοὺς
862 2497 1088 2563 κακοὺς
1118 2496 1369 2566 ἐργάτας
1388 2513 1403 2526 ·
1447 2495 1709 2560 βλέπετε
1741 2496 1984 2565 thraca-

384 2587 678 2658 τατομήν.
700 2589 758 2642 '0
790 2589 975 2660 μέντοι
1019 2589 1354 2660 προφητικὸς
1392 2589 1552 2659 λόγος
1608 2590 1779 2654 κύνας
1817 2607 1984 2663 προσ-

384 2679 701 2752 αγορεύσας
732 2679 836 2750 ἔφη
856 2696 869 2708 ·
913 2679 1236 2749 Συναγωγὴ
1280 2678 1774 2749 πονηρευομένων
1819 2696 1980 2749 περι-

383 2772 587 2841 ἐσχον
593 2789 690 2842 με·
719 2769 959 2839 ὤρυξαν
979 2771 1183 2840 χεῖράς
1203 2789 1322 2841 μου
1355 2773 1451 2826 καὶ
1479 2773 1668 2838 πόδας
1683 2791 1824 2842 μου,
1846 2773 1984 2843 ἐξη-

374 2866 696 2934 ρίθμησαν
727 2865 926 2919 πάντα
958 2865 1032 2920 τὰ
1064 2864 1215 2919 ὀστᾶ
1238 2883 1376 2936 μου.
1407 2867 1516 2919 Καὶ
1544 2865 1703 2920 τοῦτο
1738 2866 1796 2920 δὲ
1828 2866 1982 2939 δῆλόν

383 2959 506 3010 ἐστι
541 2957 638 3010 καὶ
667 2957 837 3025 σαφὲς
860 2957 1088 3020 καὶτοῖς
1113 2956 1234 3010 λίαν
1263 2957 1686 3026 φιλονεικοῦσιν·
1713 2956 1982 3030 ἀκούομεν

384 3050 500 3120 γὰρ
524 3053 584 3105 ὲν
605 3053 720 3114 τοῖς
743 3051 906 3119 ἱεροῖς
931 3048 1283 3117 Εὐαγγελίοις
1313 3048 1479 3102 αὑτοῦ
1501 3048 1594 3102 τοῦ
1619 3049 1824 3120 Κυρίου
1847 3049 1984 3122 πρὸς

383 3140 519 3202 τοὺς
545 3139 738 3207 ἁγίους
775 3137 942 3192 αὐτοῦ
980 3137 1229 3207 λέγοντος
1263 3137 1510 3210 μαθητάς
1529 3155 1544 3169 ·
1575 3139 1838 3194 Βλέπετε
1877 3140 1983 3207 τὰς

382 3229 596 3302 χεῖράς
631 3248 772 3298 μου,
801 3229 900 3284 καὶ
928 3228 1072 3295 τοὺς
1097 3228 1306 3296 πόδας,
1338 3229 1426 3282 ὅτι
1456 3230 1640 3296 αὐτὸς
1683 3229 1798 3300 ἐγώ
1840 3232 1977 3300 εἰμι.
2009 3222 2052 3280 C

387 3321 503 3374 Καὶ
538 3319 724 3390 μέντοι
746 3320 841 3373 καὶ
871 3318 949 3385 τῷ
972 3318 1142 3389 Θωμᾷ
1161 3318 1269 3371 τῶν
1296 3319 1438 3389 ἥλων
1461 3321 1586 3375 τοὺς
1622 3319 1827 3384 τύπους
1872 3321 1976 3374 ὑπ-

382 3410 582 3478 έδειξε,
619 3410 712 3464 καὶ
745 3409 844 3480 τὴν
875 3409 982 3463 ἀπὸ
1006 3409 1103 3480 τῆς
1121 3409 1320 3480 λόγχης
1346 3410 1580 3482 πληγήν·
1610 3410 1730 3464 τότε
1761 3410 1818 3464 δὲ
1846 3410 1982 3478 ἐξη-

373 3503 698 3571 ρίθμησαν
734 3498 932 3553 πάντα
974 3499 1046 3553 τὰ
1094 3498 1246 3553 ὀστᾶ
1286 3518 1406 3568 μου
1431 3517 1444 3530 ·
1498 3500 1798 3568 τουτέστιν,
1837 3500 1981 3554 οὕτω

380 3593 656 3646 διέτειναν
685 3589 1106 3663 προσηλοῦντες,
1139 3589 1279 3644 ὥστε
1310 3590 1488 3662 ῥᾴδιον
1517 3586 1654 3644 εἶναι
1688 3591 1766 3662 τῷ
1798 3591 1980 3662 βουλο-

385 3685 542 3756 μένῳ
581 3685 676 3738 καὶ
707 3683 798 3737 τὸν
841 3681 950 3736 τῶν
980 3681 1150 3734 ὀστῶν
1187 3681 1418 3754 ἀριθμὸν
1459 3683 1774 3751 διαγνῶναι,
1802 3682 1980 3736 Αὐτοὶ

383 3777 458 3829 δὲ
483 3777 868 3844 κατενόησαν
892 3773 992 3827 καὶ
1015 3772 1354 3842 ἑπεῖδόνμε
1374 3790 1386 3802 ·
1427 3775 1548 3828 ἀντὶ
1589 3774 1682 3827 τοῦ
1712 3774 1978 3828 ἐπιτωθά-

384 3868 582 3934 ζοντες
633 3868 730 3921 καὶ
778 3866 1077 3937 γελῶντες·
1121 3865 1473 3934 Διεμέρισαν
1522 3866 1593 3920 τὰ
1636 3865 1834 3937 ἱμάτιά
1861 3883 1982 3936 μου

383 3960 650 4026 ἑαυτοῖς,
679 3959 777 4014 καὶ
821 3959 921 4012 ἐπὶ
967 3959 1075 4014 τὸν
1109 3958 1429 4028 ἱματισμὸν
1466 3958 1687 4013 ἔϐαλον
1729 3958 1978 4027 κλῆρον’

383 4052 489 4107 καὶ
537 4050 698 4105 τοῦτο
744 4049 800 4104 δὲ
853 4051 1179 4122 σαφέστερον
1219 4051 1252 4122 ἡ
1293 4049 1400 4103 τῶν
1449 4048 1611 4120 ἱερῶν
1639 4049 1982 4118 Εὐαγγελὶων

387 4142 610 4214 ἱστορία
638 4141 900 4197 διδάσκει.
949 4133 952 4136 λ

463 4241 530 4290 Ol
559 4236 919 4306 φοϐούμενοι
944 4235 1051 4289 τὸν
1086 4234 1250 4300 Θεὸν,
1267 4233 1546 4288 αὶνέσατε
1572 4234 1788 4287 αὐτόν’
1820 4232 1983 4288 ἅπαν

386 4327 459 4383 τὸ
507 4327 747 4396 σπέρμα
782 4327 998 4392 Ἰακὼϐ,
1021 4326 1321 4392 δοξάσατε
1365 4327 1583 4381 αὐτόν·
1634 4324 1980 4394 900611015“)-

387 4437 516 4476 σαν
553 4420 744 4474 αὐτὸν
780 4418 942 4474 ἅπαν
982 4418 1048 4472 τὸ
1082 4417 1321 4487 σπέρμα
1361 4415 1616 4486 Ἰσραήλ.
1646 4413 1752 4469 Τοῦ
1785 4416 1982 4481 παντὸς

402 4514 678 4569 Ἰουδαίων
707 4512 892 4574 ἔθνους
917 4513 996 4576 είς
1022 4512 1149 4584 τρία
1177 4512 1433 4582 τάγματα
1459 4509 1809 4582 διῃρημένου,
1835 4508 1983 4579 πρῶ-

2085 1962 2180 2016 bus
2218 1963 2282 2016 η.
2326 1961 2579 2015 Attamen
2633 1967 2754 2030 post
2811 1959 3144 2029 passionem,
3177 1962 3269 2029 qui
3321 1959 3454 2015 olim
3494 1973 3662 2016 canes

2083 2053 2322 2117 fuerant,
2347 2068 2444 2123 per
2469 2051 2629 2107 ﬁdem
2661 2053 2717 2106 in
2744 2051 2978 2105 ﬁliorum
3005 2051 3376 2106 conditionem
3407 2051 3660 2107 translati

2084 2153 2254 2201 sunt:
2287 2158 2351 2198 ac
2373 2142 2467 2214 qui
2497 2143 2627 2197 olim
2675 2141 2912 2198 ﬁliorum
2954 2143 3076 2197 loco
3115 2142 3289 2214 probe
3327 2142 3512 2196 educti
3544 2142 3661 2197 iue—

2084 2243 2228 2300 rant,
2253 2249 2452 2290 canum
2479 2249 2675 2290 nomen
2710 2233 2891 2303 adepti
2931 2243 3078 2298 sunt,
3106 2241 3294 2303 utpote
3316 2233 3432 2304 qui,
3461 2246 3658 2287 canum

2083 2329 2279 2393 instar,
2313 2333 2505 2382 contra
2546 2325 2836 2380 Dominum
2887 2325 3067 2380 rabidi
3113 2324 3338 2380 fuerint.
3376 2323 3455 2378 De
3485 2324 3554 2379 iis
3584 2323 3658 2376 ita

2084 2418 2284 2473 clamat
2307 2416 2549 2471 Paulus:
2589 2415 2720 2470 Vide
2753 2432 2928 2480 canes,
2964 2414 3130 2470 videte
3158 2416 3326 2469 malos
3365 2414 3656 2483 operarios,

2085 2507 2250 2562 videte
2301 2507 2656 2563 concisionem
2695 2506 2760 2561 ¹³.
2807 2505 3170 2576 Propheticus
3231 2506 3416 2577 itaque
3475 2519 3658 2560 sermo

2084 2609 2374 2673 postquam
2395 2613 2561 2655 canes
2583 2599 2818 2664 vocavit,
2847 2599 2922 2652 ita
2953 2600 3216 2667 loquitur,
3237 2595 3519 2667 Synagoga
3545 2613 3658 2650 ma-

2085 2693 2404 2765 lignantium
2457 2690 2657 2747 obsedit
2706 2707 2827 2744 me:
2887 2689 3135 2760 foderunt
3190 2705 3379 2743 manus
3423 2705 3566 2744 meas
3607 2700 3673 2744 et.

2083 2786 2237 2855 pedes
2269 2803 2432 2850 meos,
2463 2785 2924 2839 dinumeraverunt
2953 2785 3134 2837 omnia
3170 2800 3294 2838 ossa
3331 2799 3466 2838 mea.
3503 2781 3657 2848 Quod

2084 2876 2307 2947 quidem
2346 2876 2557 2930 clarum
2609 2882 2664 2930 et
2718 2882 2968 2945 apertum
3001 2873 3090 2928 vel
3136 2873 3680 2930 eontentiosioribus.

2083 2968 2270 3044 fuerit.
2297 2967 2432 3022 Nam
2483 2968 2539 3022 in
2589 2967 2764 3023 sacris
2810 2965 3127 3036 Evangeliis
3156 2966 3334 3035 ipsum
3366 2964 3680 3021 Dominum.

2085 3061 2346 3117 audimus
2374 3069 2597 3117 sanctos
2627 3059 2929 3129 discipulos
2965 3072 3099 3114 suos
3140 3058 3222 3114 sic
3253 3059 3656 3130 alloquentem:

2095 3154 2276 3209 Videte
2317 3170 2508 3208 manus
2557 3170 2701 3207 meas
2733 3163 2780 3206 et
2814 3151 2966 3219 pedes
3000 3167 3178 3216 meos,
3222 3152 3349 3222 quia
3399 3167 3492 3222 ego
3549 3150 3660 3220 ipse

2084 3264 2202 3302 sum
2233 3246 2298 3298 ⁸⁸.
2336 3245 2552 3300 Atenim
2587 3245 2692 3314 ipsi
2745 3242 2969 3298 Tliomae
2997 3243 3276 3298 clavorum
3310 3241 3538 3313 vestigia
3568 3258 3655 3297 os-

2083 3339 2279 3404 tendit,
2340 3351 2555 3392 necnon
2605 3334 2871 3390 inﬂictum
2918 3351 2949 3388 a
3000 3335 3192 3390 lancea
3232 3335 3453 3389 vulnus.
3503 3331 3659 3388 Tunc

2084 3447 2266 3502 porro,
2285 3429 2744 3484 dinumeraverunt
2772 3429 2948 3482 omnia
2974 3443 3096 3482 ossa
3125 3443 3260 3494 mea,
3282 3424 3556 3487 videlicet,
3583 3422 3656 3476 ita

2081 3524 2469 3587 extenderunt,
2503 3520 2633 3576 dum
2678 3535 2764 3574 me
2797 3520 2968 3574 clavis
2999 3519 3311 3589 aﬁigerent,
3345 3522 3405 3570 ut
3437 3514 3659 3572 cuilibet

2082 3617 2287 3672 volenti
2321 3615 2534 3672 ossium
2592 3627 2882 3668 numerum
2924 3619 3241 3682 computare
3288 3611 3496 3664 liceret.
3543 3605 3657 3676 Ipsi

2081 3725 2200 3763 vero
2234 3706 2698 3762 consideraverunt
2721 3715 2771 3759 et
2794 3706 3131 3772 inspexerunt
3163 3699 3349 3765 me,,id
3380 3709 3485 3766 est,
3526 3699 3656 3753 illu-

2083 3809 2276 3855 serunt
2302 3808 2468 3870 atque
2505 3799 2834 3864 irriserunt;
2864 3797 3157 3850 diviserunt
3199 3793 3304 3848 sibi
3351 3791 3658 3846 vestimenta

2083 3909 2219 3957 mea,
2251 3903 2300 3946 et
2343 3906 2497 3960 super
2524 3898 2714 3944 vestem
2763 3904 2933 3942 meam
2964 3888 3214 3940 miserunt
3255 3893 3471 3952 sortem,
3509 3882 3658 3954 quod

2083 3983 2327 4053 apertius
2389 3987 2610 4037 enarrat
2669 3993 2954 4036 sacrorum
3018 3975 3434 4047 Evangeliorum
3487 3974 3657 4029 histo-

2082 4077 2185 4131 ria.

2154 4231 2320 4286 Vens.
2345 4230 2436 4296 24,
2465 4228 2557 4284 25.
2584 4227 2689 4295 Qui
2716 4228 2906 4282 timetis
2933 4226 3236 4293 Dominum,
3271 4223 3484 4278 laudate
3508 4238 3654 4277 eum:

2083 4326 2380 4380 universum
2413 4338 2586 4378 semen
2607 4319 2799 4386 Jacob,
2828 4319 3123 4390 gloriﬁcate
3151 4335 3298 4372 eum:
3333 4318 3513 4370 timeat
3541 4331 3658 4369 eunt

2083 4435 2238 4474 omne
2262 4433 2436 4474 semen
2483 4413 2678 4471 Israel.
2715 4414 2852 4469 Cum
2897 4411 3212 4467 Judteorum
3263 4409 3414 4464 natio
3446 4416 3558 4462 tres
3604 4408 3660 4460 in

2084 4510 2308 4567 ordines
2355 4507 2649 4563 distributa
2694 4505 2790 4568 sit,
2842 4504 3018 4574 primo
3063 4502 3272 4557 scilicet
3319 4502 3373 4555 in
3419 4499 3658 4554 inﬁmam

389 4624 486 4661 τον
520 4607 620 4678 μὲν
655 4607 734 4669 εἰς
763 4605 824 4658 τὸ
849 4605 1028 4658 κοινὸν
1061 4603 1262 4674 πλῆθος
1296 4601 1389 4656 τοῦ
1445 4601 1651 4667 ἔθνους,
1678 4603 1815 4672 ὅπερ
1853 4603 1982 4655 ὲκα-

2090 4604 2266 4678 gentis
2298 4602 2532 4673 plebem,
2575 4614 2696 4670 quae
2735 4598 3034 4654 vocabatur
3076 4594 3275 4663 Israel;
3325 4593 3565 4651 secundo
3604 4593 3659 4645 in

390 4697 542 4752 λεῖτο
595 4693 831 4771 Ἰσραήλ⁸
866 4693 1057 4748 ἔπειτα
1090 4697 1170 4759 είς
1209 4694 1272 4747 τὸ
1303 4692 1594 4765 ἱερατικὸν,
1627 4693 1765 4764 ὅπερ
1801 4688 1869 4764 ἦν
1901 4689 1981 4746 οἷ-

394 4811 490 4857 κος
534 4790 766 4862 Ἀαρὼν,
799 4791 891 4842 καὶ
933 4788 1111 4860 τρίτον
1156 4788 1236 4850 είς
1271 4785 1332 4840 τὸ
1357 4785 1466 4839 τῶν
1500 4784 1690 4856 ἱερέων
1723 4786 1984 4858 ὑπηρετι-

393 4885 511 4944 κὸν,
547 4885 687 4954 ὅπερ
713 4879 780 4952 ἦν
805 4878 952 4944 οἶκος
981 4881 1134 4936 Λευῖ.
1162 4878 1242 4933 Τὰ
1277 4878 1403 4950 τρία
1430 4876 1980 4949 καταριθμησάμενος

391 4975 583 5045 ἔτερος
609 4973 842 5045 ψαλμὸς,
871 4973 1059 5044 ἕτερον
1088 4971 1276 5042 τάγμα
1298 4970 1560 5041 τέταρτον
1587 4968 1739 5040 παρὰ
1761 4968 1828 5022 τὰ
1853 4986 1979 5040 προ-

394 5065 661 5138 ειρημένα
693 5065 926 5133 εἰσάγει,
958 5062 1018 5116 τὸ
1075 5063 1182 5116 τῶν
1232 5061 1581 5132 φοϐουμένων
1619 5060 1710 5112 τὸν
1755 5057 1975 5130 Κύριον.

392 5159 568 5214 Τοῦτο
605 5159 662 5212 δὲ
707 5154 774 5229 ἦν
815 5157 876 5210 τὸ
909 5155 970 5220 ἐξ
1001 5155 1172 5210 ἐθνῶν
1200 5157 1293 5208 ἐπὶ
1324 5155 1414 5208 τὸν
1456 5153 1588 5207 Θεὸν
1625 5153 1980 5223 ἐπιστρεφόν-

393 5252 678 5322 των.Ἕ.φη
704 5250 834 5321 γάρ’
853 5245 1030 5314 Οἶκος
1057 5248 1315 5317 Ἰσραὴλ,
1338 5243 1712 5316 εὐλογήσατε
1738 5245 1846 5298 τὸν
1870 5245 1984 5298 Ku-

381 5361 552 5412 ριον·
591 5344 794 5412 ὁμοίως
831 5341 888 5394 δὲ
929 5341 1025 5393 καὶ¹
1068 5337 1214 5402 οἶκος
1254 5337 1480 5410 Ἀαρὼν,
1511 5337 1606 5391 καὶ
1635 5332 1782 5399 οἶκος
1814 5337 1979 5389 Λευῖ·

394 5437 490 5488 ἐπὶ
525 5435 666 5488 τέλει
697 5433 752 5487 δὲ
781 5436 831 5487 oi
858 5433 1179 5504 φοϐούμενοι
1207 5431 1297 5485 τὸν
1324 5429 1546 5501 Κύριον.
1565 5429 1702 5481 Ἀλλ’
1727 5432 1785 5482 ὲν
1811 5427 1984 5499 τούτῳ

393 5527 498 5598 μὲν
532 5527 925 5598 προετάττοντο
951 5525 1059 5580 τῶν
1099 5523 1448 5594 φοϐουμένων
1481 5521 1570 5576 τὸν
1604 5519 1806 5591 Κύριον
1841 5520 1890 5572 οἱ
1920 5520 1985 5573 ὲκ

387 5619 484 5673 τοῦ
523 5617 774 5690 Ἰσραήλ·
799 5616 1036 5672 ἐνταῦθα
1057 5616 1113 5670 δὲ
1145 5615 1282 5689 μετὰ
1307 5616 1406 5686 τὴν
1433 5613 1730 5669 ἀνάστασιν
1755 5611 1848 5666 τοῦ
1881 5612 1986 5665 Σω-

2088 4674 2484 4751 sacci-dotalem
2538 4678 2819 4754 ordinem',
2853 4704 2976 4759 qua:
3032 4696 3152 4741 erat
3205 4685 3399 4740 domus
3449 4683 3658 4746 Aaron;

2087 4787 2248 4843 tertio
2284 4787 2340 4840 in
2392 4783 2738 4840 sacerdotum
2771 4781 3080 4842 ministros,
3132 4793 3252 4847 quae
3299 4783 3416 4831 erat
3465 4775 3661 4828 domus

2088 4879 2218 4935 Levi
2245 4898 2256 4933 :
2283 4885 2572 4948 postquam
2592 4876 2698 4929 tria
2732 4875 2822 4928 illa
2852 4888 3051 4944 genera
3081 4871 3219 4924 alius
3244 4870 3488 4938 psalmus
3518 4881 3655 4920 enu-

2087 4973 2347 5035 meravit,
2399 4971 2568 5024 alium
2629 4968 2716 5022 hic
2774 4965 3052 5037 praedictis
3108 4970 3362 5033 quartum
3412 4958 3665 5014 ordinem.

2087 5062 2323 5133 adjecit,
2363 5059 2616 5115 videlicet
2688 5057 2997 5111 timentium
3047 5054 3358 5108 Dominum.
3424 5047 3674 5117 Eratque-

2087 5154 2179 5210 ille
2206 5169 2276 5208 ex
2327 5151 2622 5223 gentilibus
2650 5148 2720 5203 ad
2766 5146 2938 5201 Deum
2995 5143 3277 5200 conversis
3306 5140 3661 5194 constitutus.

2087 5245 2176 5300 Ait
2199 5245 2438 5315 quippe:
2486 5242 2680 5297 Domus
2720 5239 2916 5304 Israel,
2960 5235 3243 5291 benedicite
3280 5231 3681 5296 Dominum”;

2091 5337 2476 5406 similiterque,
2504 5334 2698 5389 domus
2725 5333 2911 5385 Aaron
2942 5338 2997 5384 et
3028 5329 3224 5382 domus
3257 5325 3381 5380 Levi
3409 5343 3422 5378 :
3463 5324 3520 5378 in
3560 5322 3666 5377 ﬁne

2091 5409 2312 5484 tandem
2353 5428 2608 5481 timentes
2659 5423 2952 5478 Dominum
2991 5417 3252 5473 annectit.
3311 5415 3419 5471 Sed
3464 5417 3522 5470 in
3572 5416 3666 5469 illo

2091 5518 2311 5590 quidem
2342 5517 2577 5588 psalmo,
2611 5515 2703 5584 qui
2739 5529 2805 5568 ex
2834 5512 2996 5566 domo
3031 5509 3246 5564 lsraclis
3284 5517 3434 5574 sunt,
3469 5509 3668 5562 timen—

2091 5610 2238 5666 tibus
2295 5607 2585 5663 Dominum
2640 5605 3075 5676 praemittuntur;
3128 5602 3219 5657 hic
3267 5608 3498 5666 contra,
3541 5607 3665 5672 post

467 5802 508 5832 “
552 5800 751 5855 Matth.
790 5815 977 5868 uvu,
1010 5800 1102 5857 25.
1181 5803 1222 5835 ¹¹¹
1264 5799 1452 5856 Matth.
1494 5817 1588 5868 xv,
1625 5798 1714 5855 ἓϐ.
1792 5799 1835 5831 ¹θ
1876 5796 1984 5854 Phil

2085 5817 2107 5849 ι.
2150 5809 2246 5860 ιιι,
2279 5792 2332 5852 2.
2414 5791 2456 5826 ι*
2493 5791 2626 5847 Luc.
2666 5806 2830 5858 χειν,
2864 5787 2953 5846 59.
3035 5789 3075 5823 ¹⁶
3118 5787 3262 5845 Psal.
3304 5801 3538 5851 cxxnv,
3574 5781 3668 5842 19.-
