4094 6378
412 368 514 425 ΞΗ

1100 364 1367 422 EUSEBll
1401 361 1881 419 CAESARIENSIS
1921 361 2071 417 OPP.
2113 359 2299 457 P‘dﬂs
2335 356 2424 414 111.
2451 354 2946 412 -EXEGETICA.

3558 350 3665 404 212

416 483 720 541 Salvatoris
756 479 1234 545 resurrectionem,
1273 477 1457 536 lsraeli
1493 488 1903 550 anteponuntur
1944 478 1978 532 ii

2112 476 2249 548 ’ἦρος
2279 474 2670 547 προτάττονται
2725 470 2819 525 τοῦ
2859 469 3075 542 Ἰσραὴλ
3117 471 3166 523 οἱ
3220 465 3538 537 φοδοῦμενοι
3575 466 3667 519 τδν

417 577 510 646 qui
539 575 732 630 timent
761 571 1071 626 Dominum.
1091 560 1378 641 Nam'quia
1415 572 1531 642 ipse
1564 571 1775 626 dixerat
1806 574 1984 639 (vers.

415 667 552 737 23):
584 664 832 719 Narrabo
856 679 1041 718 nomen
1070 672 1218 715 tuum
1257 662 1514 731 fratribus
1549 664 1699 726 meis,
1734 662 1788 714 in
1820 660 1990 714 medio

418 757 673 815 Ecclesia
695 754 921 810 laudabo
951 765 1018 818 te,
1059 747 1312 824 'Gportuit
1352 754 1527 824 primo
1573 752 1832 808 Ecclesiae
1880 767 1994 806 sua:

419 849 634 920 populis
693 847 956 919 hymnum
1003 845 1281 900 attribui:
1339 845 1508 914 hique
1562 852 1719 899 erant
1763 843 1995 914 gentiles

419 941 594 1011 ipsius
623 954 727 1009 0pc
760 939 991 993 salutem
1039 937 1210 991 nacti.
1238 937 1388 1003 Quos
1422 936 1508 991 his
1535 936 1713 990 verbis
1749 933 1990 1000 adnotat,

420 1033 526 1100 Qui
563 1032 756 1085 timetis
790 1030 1098 1094 Dominum,
1129 1029 1342 1084 laudate
1370 1046 1508 1083 eum.
1551 1029 1722 1098 Atque
1750 1028 1996 1098 apposite

419 1123 713 1180 admodum
741 1123 1006 1177 fratribus
1042 1138 1105 1176 ac
1131 1122 1421 1192 discipulis
1461 1121 1600 1187 suis,
1637 1128 1824 1189 utpote
1856 1134 1996 1189 prata

421 1218 785 1272 stantioribus
831 1232 896 1270 ac
929 1217 1130 1270 virtute
1163 1216 1370 1284 majore
1415 1214 1681 1285 praeditis,
1712 1224 1997 1283 paternum

420 1324 619 1363 nomen
652 1316 1036 1362 enarraturum
1069 1322 1128 1362 se
1164 1306 1484 1375 pollicetur;
1519 1313 1573 1358 at
1605 1303 1862 1359 Ecclesiae
1889 1318 2001 1357 sua:

421 1401 717 1471 populique
751 1399 1091 1453 multitudini
1139 1413 1483 1468 nequaquam
1531 1405 1820 1468 paternum
1866 1396 1997 1451 illud

419 1508 619 1548 nomen
681 1492 896 1547 tradit:
955 1507 1066 1546 non
1117 1491 1261 1546 enim
1319 1490 1400 1544 illi
1467 1487 1784 1560 recipiendo
1842 1503 2002 1558 pares

421 1592 627 1639 erant:
679 1583 774 1639 sed
835 1584 1097 1654 hymnum
1129 1583 1322 1636 edocet
1366 1582 1524 1649 illos;
1569 1581 1766 1637 deinde
1815 1595 2001 1635 semen

419 1673 590 1728 Jacob
621 1674 778 1744 jubet
811 1674 906 1729 Dei
951 1674 1181 1743 gloriam
1217 1673 1560 1744 praedicare;
1593 1671 2006 1742 secundumque

420 1764 671 1820 ordinem
703 1765 855 1821 illum
903 1764 1190 1820 Judaicum
1225 1765 1533 1830 constituit,
1581 1764 1840 1818 nimirum
1882 1775 2008 1834 post

422 1858 678 1927 gentilem
715 1857 999 1927 populum.
1028 1855 1176 1922 Quos
1205 1856 1424 1926 quidem
1457 1855 1676 1910 Judazos
1707 1870 1814 1908 non
1836 1829 2007 1910 Jacob
2043 1829 2080 1882 Β

423 1951 699 2020 appellat;
729 1949 824 2005 sed
863 1965 1048 2005 semen
1078 1947 1272 2003 Jacobi
1308 1958 1362 2003 et
1398 1947 1654 2003 lsraelis:
1688 1947 1852 2017 idque
1881 1961 1912 2001 e
1949 1961 2008 2001 re

420 2049 477 2096 et
503 2049 780 2106 accurate,
804 2048 1027 2112 prepter
1048 2055 1236 2094 eorum
1271 2055 1334 2094 ex
1367 2040 1682 2110 patriarcha
1719 2040 2004 2109 originem.

422 2132 544 2188 Non
577 2135 723 2189 enim
769 2135 840 2188 ob
881 2141 1172 2203 paternum
1222 2133 1354 2187 illud
1399 2133 1675 2196 studium,
1713 2147 1889 2202 neque
1937 2130 2009 2184 ob

430 2224 670 2295 aliquam
696 2239 820 2280 cum
849 2230 1007 2293 patre
1038 2238 1140 2278 suo
1182 2222 1618 2286 similitudinem,
1657 2221 1811 2292 digni
1852 2229 2009 2275 erant

425 2315 517 2385 qui
579 2313 751 2369 Jacob
795 2320 1269 2382 nuncuparentur,
1307 2312 1407 2367 sed
1461 2311 1688 2368 seminis
1741 2327 1908 2367 causa
1954 2311 2008 2364 id

425 2407 668 2462 nominis
703 2406 1106 2461 sortiebantur:
1156 2405 1418 2471 Quoniam
1456 2421 1560 2459 non
1609 2405 1800 2474 sprevit
1850 2421 2010 2474 neque

425 2499 665 2568 despexit
698 2497 1116 2566 deprecationem
1147 2497 1432 2566 pauperis:
1472 2513 1563 2551 nec
1597 2497 1788 2550 avertit
1820 2496 2009 2564 faciem

427 2606 584 2644 suam
628 2606 662 2642 a
705 2605 819 2653 me,
853 2597 902 2640 et
951 2604 1070 2640 cum
1110 2588 1398 2641 clamarem
1454 2588 1523 2639 ad
1574 2603 1694 2640 eum
1743 2585 2009 2640 exaudivit

428 2697 533 2737 me.

507 2771 674 2829 Vsus.
701 2771 794 2836 26,
826 2771 917 2828 27.
963 2771 1136 2826 Edent
1164 2788 1417 2842 pauperes
1445 2781 1494 2826 et
1525 2769 1930 2834 saturabuntur,
1959 2779 2009 2824 et

431 2865 727 2920 laudabunt
754 2865 1041 2920 Dominum
1076 2867 1165 2936 qui
1199 2866 1473 2936 requirunt
1511 2881 1650 2928 eum,
1685 2865 1852 2918 vivent
1894 2879 2011 2916 cor-

431 2956 502 3010 da
528 2973 711 3012 eorum
753 2957 809 3011 in
843 2957 1097 3015 steculum
1131 2957 1336 3012 saeculi.
1388 2955 1488 3010 Hic
1521 2955 1674 3018 dicit,
1733 2953 1921 3016 edent;
1951 2951 2009 3006 in

431 3049 792 3118 sequentibus
845 3065 972 3104 vero
1005 3089 1021 3114 ,
1072 3048 1521 3103 manducaverunt
1563 3057 1612 3102 et
1661 3046 2010 3100 adoraverunt

2090 568 2481 640 Κύριον.⁹Εδει
2508 567 2637 636 γὰρ,
2671 564 2952 636 εἰρηκότος
2977 562 3140 616 αὐτοῦ
3162 578 3176 593 °
3211 559 3575 630 Διηγήσομαι
3601 558 3670 613 τὸ

2092 661 2279 730 ὄνομά
2318 675 2433 714 σου
2470 658 2595 724 τοῖς
2631 657 2915 726 ἀδελφοῖς
2944 673 3086 726 μου,
3114 657 3184 710 ὲν
3215 653 3382 724 μέσῳ
3422 655 3672 722 Ἐκκληο

2093 757 2232 821 σίας
2257 753 2508 823 ὑμνήσω
2541 768 2612 804 σε
2633 769 2646 779 ·
2679 750 2769 803 τὸν
2815 749 2980 820 ὕμνον
3024 748 3260 819 πρώτοις
3301 745 3670 818 παραδοθῆναι

2094 847 2204 908 τοῖς
2232 846 2331 916 τῆς
2358 843 2682 915 Ἐκκλησίας
2711 840 2898 895 αὑτοῦ.
2917 834 3075 894 Οὗτοι
3107 841 3163 894 δὲ
3186 837 3324 912 ἦσαν
3350 842 3398 892 oi
3422 837 3482 904 ὲξ
3502 837 3670 892 ἐθνῶν

2095 936 2160 989 δι’
2188 937 2349 990 αὐτὸν
2397 935 2761 1006 σεσωσμένοι·
2813 933 2905 998 οὓς
2948 934 3012 1005 δὴ
3057 933 3309 1004 σημαίνει
3355 932 3560 1000 λέγων⁶
3609 935 3670 986 Ol

2095 1030 2450 1098 φοϐούμενοι
2499 1029 2609 1082 τὸν
2652 1028 2894 1095 Κύριον,
2918 1027 3195 1079 αἱνέσατε
3223 1025 3427 1090 αὐτόν.
3462 1024 3673 1095 Σφόδρα

2096 1121 2338 1192 ἀκριϐῶς
2363 1121 2476 1184 τοῖς
2519 1120 2618 1190 μὲν
2661 1118 2853 1173 ἑαυτοῦ
2897 1117 3143 1186 ἀδελφοῖς
3178 1118 3270 1170 καὶ
3321 1115 3589 1187 μαθηταῖς
3614 1117 3675 1170 τὸ

2097 1217 2264 1287 ὄνομα
2295 1213 2596 1287 διηγεῖσθαι
2638 1214 2698 1268 τὸ
2733 1213 3018 1286 πατρικὸν,
3051 1213 3126 1275 ὼς
3160 1211 3226 1264 ἂν
3266 1211 3538 1282 κρείττοσι
3582 1209 3676 1264 καὶ

2098 1310 2507 1381 δυνατωτέροις,
2537 1307 2926 1377 ἐπαγγέλλεται
2946 1323 2959 1337 ο
2992 1305 3085 1357 ἐπὶ
3115 1305 3170 1358 δὲ
3217 1304 3315 1375 τῆς
3355 1303 3677 1374 Ἐκκλησιας

2100 1400 2265 1454 αὐτοῦ
2307 1403 2400 1455 καὶ
2431 1400 2524 1454 τοῦ
2555 1399 2790 1472 πλήθους
2818 1399 2910 1452 τοῦ
2941 1396 3072 1451 λαοῦ
3095 1396 3278 1450 οὐκέτι
3319 1397 3380 1449 τὸ
3413 1397 3676 1468 πατρικὸν

2101 1495 2272 1564 ὄνομα
2296 1492 2660 1565 παραδίδωσιν
2679 1510 2693 1524 ο
2722 1492 2782 1545 οὐ
2813 1491 2920 1563 γὰρ
2947 1490 3186 1562 ἐχώρουν
3216 1484 3358 1543 οὗτοι
3378 1505 3392 1518 ’
3423 1487 3589 1560 ὕμνον
3621 1488 3678 1542 δὲ

2103 1588 2298 1649 αὐτοὺς
2337 1586 2606 1639 διδάσκειο
2639 1584 2827 1638 ἔπειτα
2851 1583 2930 1654 τῷ
2975 1583 3247 1654 σπέρματι
3276 1581 3470 1635 Ἰακὼϐ
3504 1599 3581 1654 πρ
3615 1599 3677 1636 σ-

2103 1680 2285 1734 τάττει
2343 1677 2584 1744 δοξάζειν
2633 1679 2816 1743 αὐτὸν,
2867 1678 3121 1748 δεύτερον
3169 1676 3351 1746 τάγμα
3399 1674 3568 1738 τιθεὶς
3613 1673 3675 1728 τὸ

2121 1773 2428 1837 Ἰουδαϊκὸν,
2467 1770 2603 1843 μετὰ
2630 1771 2720 1824 τὸν
2757 1769 2816 1836 ἐξ
2851 1769 3018 1824 ἐθνῶν
3043 1769 3172 1823 λαόν
3191 1786 3204 1798 ⁸
3245 1766 3338 1831 οὓς
3367 1768 3459 1821 καὶ
3484 1766 3683 1838 ὀνομά-

2111 1862 2190 1926 ζει
2237 1863 2336 1914 οὐκ
2379 1860 2592 1925 Ἰακὼϐ,
2626 1860 2764 1915 ἀλλά
2811 1859 3032 1930 σπέρμα
3077 1856 3269 1912 Ἰακὼὸ
3309 1858 3403 1910 καὶ
3445 1858 3681 1930 Ἰσραὴλ,

2111 1954 2315 2025 σφόδρα
2349 1953 2592 2025 ἀκριϐῶς
2617 1952 2706 2006 διὰ
2733 1952 2831 2023 τὴν
2862 1953 2925 2005 ὲκ
2959 1951 3052 2004 τοῦ
3081 1949 3418 2023 πατριάρχου
3446 1951 3678 2020 γένεσιν.

2109 2047 2183 2098 Οὐ
2213 2045 2319 2116 γὰρ
2339 2045 2426 2098 διὰ
2450 2046 2540 2098 τὸν
2570 2044 2729 2116 ζῆλον
2748 2045 2838 2098 τὸν
2865 2045 3149 2116 πατρικὸν,
3169 2028 3289 2098 οὐδὲ
3317 2043 3403 2096 διὰ
3425 2042 3521 2114 τὴν
3548 2041 3686 2114 πρὸς

2108 2139 2199 2190 τὸν
2245 2139 2456 2209 πατέρα
2505 2138 2762 2209 ὁμοίωσιν
2805 2138 2942 2203 ἄξιοι
2967 2135 3107 2210 ἦσαν
3132 2136 3426 2208 κεκλῆσθαι
3467 2135 3682 2199 Ἰακὼϐ,

2110 2230 2243 2284 ἀλλὰ
2281 2231 2374 2284 τοῦ
2425 2231 2738 2302 σπέρματος
2764 2231 2948 2286 ἕνεκεν
2973 2231 3159 2284 τοῦτον
3200 2227 3562 2302 ἐχρημάτιζον
3594 2229 3686 2281 τὸν

2105 2323 2338 2394 τρόπον·
2380 2324 2497 2376 Ὅτι
2527 2326 2638 2378 οὐκ
2671 2323 3079 2388 ἐξουδένωσεν
3128 2321 3269 2377 οὐδὲ
3309 2319 3686 2390 προσώχθισε

2111 2415 2184 2483 τῇ
2209 2414 2410 2482 δεήσει
2435 2417 2539 2470 τοῦ
2563 2417 2802 2486 πτωχοῦ
2820 2435 2832 2447 ·
2869 2415 3011 2469 οὺδὲ
3037 2396 3380 2484 ἀπέστρεψε
3403 2413 3468 2468 τὸ
3501 2414 3687 2482 πρόσ-

2109 2521 2272 2562 ωπον
2302 2509 2486 2562 αὐτοῦ
2527 2510 2628 2563 ἀπ’
2653 2510 2819 2579 ἐμοῦ,
2861 2510 2957 2563 καὶ
2990 2510 3059 2563 ἐν
3102 2507 3181 2576 τῷ
3226 2505 3579 2578 κεκραγέναι
3609 2523 3687 2576 με

2109 2600 2262 2670 πρὸς
2291 2601 2478 2656 αὐτὸν
2507 2601 2836 2669 εἰσήκουσέ
2861 2620 3002 2672 μου.

2179 2777 2470 2848 Φάγονται
2531 2777 2784 2846 πένητες
2826 2777 2924 2830 καὶ
2975 2774 3542 2846 ἐμπλησθήσονται,
3590 2775 3690 2829 καὶ

2109 2867 2423 2921 αὶνέσουσι
2459 2868 2678 2935 Κύριον
2725 2869 2779 2920 οἱ
2816 2865 3203 2935 ἐκζητοῦντες
3250 2867 3457 2932 αὐτὸν,
3487 2861 3692 2934 ζήσον-

2108 2976 2202 3013 ται
2232 2962 2291 3012 αἱ
2323 2959 2555 3027 καρδίαι
2582 2956 2781 3013 αὐτῶν
2813 2960 2900 3024 εἰς
2928 2957 3113 3011 αἰῶνα
3149 2955 3381 3024 αἰῶνος.
3427 2955 3691 3011 Ἐνταῦθα

2113 3051 2212 3121 μέν
2253 3067 2385 3122 φησι
2416 3049 2739 3122 φάγονται·
2795 3049 3146 3112 ὐπκαταὸὰς
3195 3048 3272 3114 δὲ,
3301 3051 3544 3119 ἔφαγον,
3593 3048 3691 3102 καὶ

433 3156 611 3195 omnes
639 3141 854 3211 pingues
881 3151 1059 3197 terra.
1093 3138 1201 3196 Sed
1239 3140 1278 3194 ii
1328 3147 1620 3210 postquam
1669 3137 2010 3192 manducaue-

2115 3144 2582 3212 προσεκύνησαν
2604 3142 2827 3207 πάντες
2853 3144 2905 3195 οὶ
2927 3141 3132 3206 πίονες
3156 3139 3266 3208 τῆς
3292 3140 3423 3210 γῆς.
3442 3141 3581 3194 Ἀλλ’
3603 3142 3692 3194 ὅτε

433 3239 580 3295 runt,
617 3229 848 3300 pingues
884 3230 1061 3286 effecti
1101 3236 1251 3294 sunt,
1291 3231 1386 3300 qui
1441 3237 1734 3300 antequam
1767 3228 2010 3292 ederent,

435 3338 708 3395 pauperes
736 3325 1106 3386 vocabantur.
1148 3339 1286 3394 quos
1324 3324 1619 3395 pollicetur
1668 3323 1792 3377 cibo
1841 3323 1908 3377 ab
1953 3337 2012 3378 se

436 3413 856 3471 subministrato
906 3431 1105 3472 usuros
1151 3431 1296 3471 esse.
1351 3414 1566 3480 Edent,
1617 3413 1830 3484 inquit,
1877 3428 2012 3482 pau-

434 3523 602 3577 peres.
640 3507 704 3562 iii
729 3523 898 3579 porro
926 3517 1085 3563 erant
1119 3524 1256 3578 quos
1296 3509 1351 3562 in
1385 3505 1814 3562 beatitudinibus
1853 3515 2013 3560 caste-

435 3600 517 3656 ris
549 3603 814 3671 praeponit
865 3601 1092 3656 dicens:
1129 3601 1283 3654 Beati
1328 3616 1582 3670 pauperes
1622 3599 1843 3667 spiritu,
1883 3615 2013 3667 quo-

435 3694 582 3746 niam
617 3694 853 3763 ipsorum
885 3703 962 3747 est
994 3709 1210 3763 regnum
1237 3693 1490 3746 cazlorum
1509 3691 1554 3722 ¹⁶
1579 3709 1592 3744 :
1623 3691 1824 3761 quibus
1848 3690 2012 3745 etiam

437 3800 502 3841 ca
537 3787 808 3855 promittit
836 3801 956 3856 quae
995 3801 1121 3840 mox
1162 3785 1536 3855 adjiciuntur:
1574 3783 1728 3838 Beati
1763 3784 1854 3852 qui
1895 3797 2014 3836 esu-

438 3879 588 3931 riunt
627 3889 678 3932 et
710 3879 900 3932 sitiunt
933 3879 1236 3948 justitiam,
1268 3878 1517 3947 quoniam
1560 3876 1662 3946 ipsi
1693 3875 2015 3929 saturabun-

441 3980 529 4024 tur-
554 3971 617 4025 ".
650 3969 948 4041 Postquam
974 3979 1177 4035 autem,
1215 3971 1311 4035 ait,
1347 3969 1688 4025 comederint
1723 3983 2011 4039 pauperes,

441 4077 507 4118 ac
539 4062 662 4116 cibo
709 4062 920 4131 repleti,
955 4062 1090 4123 sive,
1138 4071 1198 4117 ut
1227 4063 1304 4115 ait
1358 4061 1754 4133 Symmachus,
1785 4064 2015 4115 saturati

442 4152 684 4217 fuerint,
736 4162 866 4207 tune
915 4153 1210 4215 laudabunt
1257 4153 1542 4206 Dominum
1606 4154 1696 4223 qui
1746 4155 2016 4224 requirunt

439 4261 596 4301 eum:
628 4260 692 4299 ac
713 4246 892 4299 cibum
926 4245 1028 4299 sibi
1062 4246 1129 4299 ab
1171 4245 1288 4314 ipso
1317 4246 1793 4302 subministratum
1829 4260 2013 4300 come-

442 4341 638 4400 dentes
666 4346 720 4394 et
754 4339 1096 4408 requirentes
1128 4337 1330 4407 ipsum,
1363 4351 1560 4408 magno
1587 4337 1699 4401 illo,
1732 4337 1826 4406 qui
1855 4337 2013 4392 dein-

443 4447 574 4511 ceps
609 4430 960 4495 declaratur,
1021 4429 1200 4482 fructu
1259 4429 1576 4498 potientur:
1629 4443 1788 4492 nam,
1847 4430 2016 4482 vivent

443 4522 608 4583 corda
653 4539 836 4577 eorum
880 4524 937 4576 in
985 4521 1237 4576 sazculum
1268 4521 1471 4576 surculi.
1528 4518 1808 4590 Siquidem
1857 4520 2016 4590 panis

446 4617 537 4671 ille
561 4615 706 4678 vitae,
736 4616 806 4670 ab
833 4617 953 4685 ipso
1000 4615 1258 4678 traditus,
1302 4613 1726 4668 immortalitatis
1773 4620 2018 4668 aeternae-

445 4725 553 4783 que
587 4709 711 4762 vitae
754 4716 946 4762 auctor
987 4709 1122 4778 ipsis
1171 4706 1389 4762 futurus
1411 4714 1527 4772 est;
1559 4703 2014 4775 quemadmodum

445 4804 565 4872 ipse
594 4800 781 4864 docuit
833 4801 920 4856 his
952 4801 1171 4855 verbis:
1210 4799 1323 4870 Ego
1367 4815 1482 4853 sum
1522 4799 1676 4865 panis
1717 4799 1835 4852 vita:
1859 4836 1872 4860 ,
1927 4797 2016 4865 qui

444 4892 712 4954 descendit
727 4893 791 4946 de
822 4894 972 4958 caelo,
1003 4903 1054 4948 et
1077 4895 1168 4965 qui
1193 4893 1286 4946 dat
1303 4897 1464 4948 vitam
1484 4891 1679 4946 mundo
1703 4892 1784 4944 ηε
1826 4901 1881 4944 et
1923 4892 2022 4945 itc-

446 4999 612 5041 rum:
650 4983 710 5047 Si
743 4983 860 5054 quis
901 4983 1298 5038 manducavetit
1331 4999 1396 5037 ea:
1450 5000 1585 5052 pane
1629 4998 1762 5044 meo,
1794 4982 1921 5034 vivet
1967 4980 2024 5032 in

447 5087 702 5132 internum
728 5077 793 5142 ",
816 5087 870 5133 et
900 5085 1116 5132 caetera.
1155 5075 1342 5131 Viden’
1382 5093 1490 5146 quo
1523 5083 1680 5144 pacto
1733 5075 1846 5128 hate
1893 5087 2025 5126 con-

448 5166 638 5224 cinant
685 5183 812 5228 cum
870 5169 957 5223 his
999 5169 1195 5240 psalmi
1236 5168 1452 5233 verbis,
1480 5166 1649 5220 Edent
1683 5181 1930 5234 pauperes
1977 5174 2028 5218 et

450 5261 868 5327 saturabuntur;
903 5269 989 5329 et,
1034 5263 1204 5322 vivent
1254 5261 1414 5322 corda
1456 5276 1636 5314 eorum
1675 5259 1730 5311 in
1773 5256 2024 5317 swculum

453 5355 635 5415 seaculi
652 5357 678 5410 ?

528 5444 690 5502 Vsus.
730 5447 828 5514 28,
868 5449 958 5506 29.
1005 5447 1418 5505 Reminiscentur
1462 5455 1510 5498 et
1552 5452 1909 5498 convertentur
1957 5440 2024 5494 ad

457 5534 739 5600 Dominum
776 5540 1001 5598 universi
1027 5541 1155 5614 ﬁnes
1204 5548 1377 5603 terrae,
1413 5547 1461 5590 et
1491 5534 1786 5589 adorabunt
1819 5533 1872 5586 in
1902 5548 2026 5585 con-

458 5636 636 5704 spectu
671 5628 782 5696 ejus
811 5632 1062 5686 universa:
1101 5630 1322 5701 familia:
1349 5625 1890 5700 gentiutn.,Quoniam
1922 5623 2026 5676 Do-

2121 3235 2220 3306 μὲν
2244 3236 2488 3305 ἔφαγον,
2518 3234 2699 3297 πίονες
2731 3233 2977 3303 ἐγένοντο
2994 3250 3009 3264 ο
3035 3233 3140 3304 πρὸ
3169 3233 3224 3285 δὲ
3249 3232 3342 3286 τοῦ
3376 3236 3568 3302 φαγεῖν
3597 3233 3693 3286 πέ-

2116 3345 2277 3399 νητες
2307 3325 2679 3398 ὠνομάζοντοο
2707 3325 2801 3390 οὒς
2830 3325 3226 3394 ἐπαγγέλλεται
3255 3325 3454 3396 βρώσει
3488 3327 3695 3396 χρήσα-

2120 3419 2241 3473 σθαι
2277 3423 2342 3491 τῇ
2380 3420 2471 3471 ὑπ’
2499 3416 2663 3472 αὑτοῦ
2712 3415 3218 3490 χορηγηθησομένῃ.
3246 3416 3536 3485 Φάγονται
3562 3415 3692 3486 γὰρ,

2119 3511 2272 3582 φησι,
2312 3509 2584 3578 πένητες.
2614 3500 2772 3562 Οὗτοι
2802 3507 2858 3560 δὲ
2888 3503 3028 3578 ἦσαν
3061 3506 3152 3570 οὓς
3177 3507 3270 3558 καὶ
3295 3507 3351 3559 ἐν
3377 3509 3488 3570 τοῖς
3518 3523 3694 3577 μακα-

2123 3605 2333 3674 ρισμοῖς
2357 3603 2646 3673 προτάττει
2672 3601 2779 3654 τῶν
2803 3599 3004 3652 λοιπῶν
3030 3599 3252 3668 φάσκων
3271 3614 3283 3626 ’
3318 3598 3607 3668 Μακάριοι
3638 3601 3691 3651 οι

2120 3699 2341 3767 πτωχοὶ
2362 3697 2442 3763 τῷ
2467 3699 2777 3766 πνεύματι,
2817 3695 2904 3748 ὅτι
2929 3693 3128 3749 αὐτῶν
3165 3695 3336 3748 ἐστιν
3357 3695 3394 3762 ἡ
3410 3693 3696 3758 βασιλεία

2119 3788 2236 3843 τῶν
2258 3789 2556 3857 οὐρανῶν-⁸
2585 3783 2666 3862 οἷς
2703 3787 2796 3841 καὶ
2816 3786 2884 3840 τὰ
2923 3785 3050 3856 ἑξῆς
3083 3784 3446 3857 ἐπηγγείλατο
3486 3782 3657 3852 λέγων
3679 3798 3692 3810 ·

2117 3880 2407 3949 Μακάριοι
2431 3883 2485 3934 οὶ
2519 3878 2838 3945 πεινῶντες
2871 3879 2970 3933 καὶ
3001 3876 3295 3947 διψῶντες
3330 3876 3445 3944 τὴν
3478 3874 3698 3928 δικαιο-

2119 3975 2341 4042 σύνην,
2372 3972 2461 4026 ὅτι
2489 3972 2656 4026 αὐτοὶ
2679 3970 3215 4040 χορτασθήσονται.
3235 3965 3481 4021 Ἐπειδὰν
3508 3966 3565 4018 δὲ
3593 3966 3696 4034 φά-

2119 4081 2278 4133 γωσι,
2307 4065 2493 4135 φησιν,
2521 4065 2571 4116 οἱ
2605 4063 2854 4135 πένητες,
2882 4062 2977 4116 uati.
3005 4061 3270 4130 φαγόντες
3291 4057 3694 4129 ἐμπλησθῶσιν,

2120 4156 2154 4226 ἢ
2187 4155 2579 4226 κορεσθῶσιν,
2611 4154 2752 4208 κατὰ
2781 4153 2871 4206 τὸν
2899 4153 3214 4226 Σύμμαχον,
3236 4150 3357 4202 τότε
3383 4148 3698 4203 αίνέσουσι

2119 4232 2338 4316 Κύριον
2381 4245 2765 4315 ἐκζητοῦντες
2809 4227 3025 4300 αὐτόν·
3073 4243 3337 4313 φαγόντες
3383 4241 3440 4294 δὲ
3474 4241 3572 4310 τὴν
3606 4240 3696 4292 ὑπ’

2122 4337 2286 4394 αὑτοῦ
2319 4338 2565 4392 δοθεῖσαν
2585 4337 2768 4400 αὐτοῖς
2797 4335 3020 4408 βρῶσιν,
3041 4335 3133 4387 καὶ
3154 4333 3487 4404 ζητήσαντες
3514 4330 3694 4394 αὐτὸν,

2126 4431 2298 4502 μέγαν
2338 4429 2518 4495 ἕξουσι
2551 4428 2762 4500 καρπὸν
2791 4427 2886 4480 τὸν
2923 4427 3048 4496 ἑξῆς
3080 4423 3402 4496 δηλούμενον
3421 4440 3435 4454 ·
3465 4420 3696 4488 Ζήσον-

2122 4507 2213 4576 ται
2238 4522 2342 4593 γὰρ
2371 4525 2428 4574 αἱ
2455 4520 2686 4588 καρδίαι
2713 4517 2913 4572 αὐτῶν
2935 4519 3022 4582 εὶς
3048 4515 3232 4570 αἰῶνα
3251 4512 3489 4578 αἰῶνος.
3507 4511 3565 4564 '0
3590 4509 3699 4582 γὰρ

2123 4615 2286 4686 ἄρτος
2317 4612 2484 4683 ζωῆς,
2516 4615 2544 4665 ὁ
2573 4613 2663 4664 ὑπ’
2713 4608 2879 4664 αὐτοῦ
2931 4606 3258 4679 χορηγηθεὶς
3301 4605 3502 4668 αὐτοῖς,
3528 4601 3700 4665 αἴτιος

2121 4710 2304 4771 αὐτοῖς
2352 4705 2503 4759 ἔσται
2561 4702 2862 4764 ἀθανασίας
2905 4701 2999 4753 καὶ
3028 4697 3171 4768 ζωῆς
3209 4696 3461 4761 αἰωνίου,
3515 4693 3696 4757 καθὼς

2121 4793 2355 4858 ἐδίδαξεν
2369 4792 2528 4856 αὐτὸς
2544 4789 2713 4844 εἰπών
2729 4807 2740 4819 ·
2776 4787 2922 4858 Ἐγώ
2936 4791 3049 4858 ειμι
3063 4790 3094 4841 ό
3108 4786 3285 4855 ἄρτος
3301 4783 3447 4854 ζωῆς
3471 4788 3504 4838 ὀ
3522 4801 3697 4838 κατα-

2119 4888 2340 4942 ϐαίνων
2352 4888 2420 4940 ἐκ
2434 4885 2540 4939 τοῦ
2554 4881 2832 4952 οὐρανοῦ,
2853 4880 2951 4934 καὶ
2963 4877 3164 4945 διδοὺς
3186 4877 3338 4946 ζωὴν
3357 4875 3438 4943 τῷ
3452 4879 3655 4946 κόσμῳ
3677 4894 3689 4906 ·

2120 4981 2213 5034 καὶ
2246 4978 2408 5032 πάλιν
2426 4996 2440 5008 ο
2491 4976 2632 5031 Ἐάν
2656 4992 2746 5040 τις
2772 4972 2932 5043 φάγῃ
2959 4973 3027 5025 ἐκ
3066 4970 3171 5024 τοῦ
3197 4969 3343 5039 ἐμοῦ
3370 4968 3575 5038 ἄρτου,
3598 4965 3694 5034 ζή-

2122 5086 2292 5126 σεται
2329 5073 2416 5136 εὶς
2458 5068 2564 5122 τὸν
2591 5067 2796 5133 αἰῶνα,
2829 5066 2923 5118 καὶ
2950 5063 3017 5117 τά
3044 5063 3190 5135 ἑξῆς.
3207 5060 3373 5133 Ὁρᾷς
3399 5063 3544 5124 ὅπως
3573 5078 3696 5114 συν-

2123 5165 2237 5233 ᾴδει
2269 5161 2442 5216 ταῦτα
2478 5159 2554 5231 τῷ
2579 5159 2838 5229 φάσκοντι
2867 5155 3063 5227 ψαλμῷ
3082 5170 3095 5185 ·
3129 5153 3420 5224 Φάγονται
3445 5153 3696 5219 πένητες

2130 5257 2230 5312 καὶ
2249 5254 2784 5326 ἐμπλησθήσονται
2803 5266 2815 5280 ⁸
2849 5248 3240 5318 καὶ,ζήσονται
3266 5251 3324 5301 αἱ
3346 5245 3576 5316 καρδίαι
3601 5247 3698 5299 αὺ-

2131 5349 2248 5403 τῶν
2275 5351 2362 5414 εὶς
2390 5346 2574 5401 αἰῶνα
2594 5344 2843 5410 αὶῶνος;

2199 5439 2669 5508 Μνησθήσονται
2698 5436 2796 5490 καὶ
2817 5433 3368 5504 ἐπιστραφήσονται
3399 5430 3550 5499 πρὸς
3575 5430 3692 5484 Κύ-

2123 5547 2258 5598 ριον
2297 5528 2494 5583 πάντα
2537 5527 2608 5581 τὰ
2638 5526 2860 5594 πέρατα
2885 5524 2996 5594 τῆς
3027 5523 3158 5594 γῆς,
3205 5523 3301 5576 καὶ
3349 5521 3696 5590 προσκυνή-

2132 5639 2354 5677 σουσιν
2405 5621 2658 5676 ἐνώπιον
2706 5617 2890 5674 αὑτοῦ
2941 5615 3128 5673 πᾶσαι
3173 5617 3232 5667 αἱ
3289 5611 3524 5682 πατριαὶ
3582 5613 3698 5666 τῶν

535 5809 578 5851 ⁸⁸
610 5807 799 5872 Matth.
836 5825 886 5877 ν,
911 5812 966 5871 5.
1045 5811 1086 5843 ’τ
1126 5811 1255 5868 ibid.
1292 5809 1345 5873 6.
1427 5811 1468 5845 ιε
1507 5809 1662 5868 Joan.
1698 5824 1788 5878 γι,
1823 5807 1910 5863 55.
1989 5805 2033 5838 ¹⁹
2072 5803 2204 5862 ibid.
2246 5802 2332 5859 59.
