4094 6378
423 282 530 337 9.Ιό

1524 281 2021 354 COMMENTARIA
2058 281 2126 337 IN
2177 280 2515 338 PSALMOS.

3581 287 3685 341 ΞΗ

421 399 634 454 ἐθνῶν.
674 399 802 453 Ὀτι
838 398 944 453 τοῦ
971 400 1194 468 Κυρίου
1233 376 1633 469 {malum
1679 403 1775 456 καὶ
1820 401 2003 469 αὐτὸς

2111 401 2237 454 mini
2279 411 2356 454 est
2395 416 2629 471 regnum,
2664 408 2713 455 et
2768 400 2874 468 ipse
2919 400 3226 456 dominatur
3268 402 3516 471 gentium.
3550 401 3683 456 Nam

419 488 699 553 δεσπόζει
728 490 847 545 τῶν
872 491 1081 547 ἐθνῶν.
1119 491 1223 546 Τοῦ
1259 493 1368 565 γάρ
1399 496 1668 566 σωτηρίου
1702 495 1878 565 φωτὸς
1904 497 2001 548 αὐ-

418 586 537 649 τοῖς
572 584 1002 654 ἐπιλάμψαντος,
1028 584 1559 657 ἀναμνησθήσονται,
1584 588 1659 650 ὡς
1694 587 1802 658 ἀρα
1822 583 1889 659 ἦν
1920 606 2003 652 τις

419 677 611 740 αὐτοῖς
643 676 868 747 Κύριος,
892 677 921 728 ὃ
943 692 1006 744 γε
1055 676 1270 746 ἀληθῶς
1303 681 1412 730 τῶν
1440 678 1577 732 ὅλων
1625 679 1890 751 δεσπότης
1909 698 1921 710 ·
1955 682 2003 734 οί

420 768 533 841 γὰρ
561 768 936 839 νενομισμένοι
967 770 1146 832 αὐτοῖς
1164 765 1303 841 ἦσαν
1337 772 1541 841 Κυρίου
1560 789 1574 801 ο
1604 775 1683 836 είς
1703 774 2004 845 ἀνάμνησιν

416 859 479 912 δὲ
507 860 756 924 ἐλθόντες
787 860 881 913 τοῦ
918 860 1067 930 σφῶν
1092 861 1373 926 δεσπότου,
1412 865 1497 918 ἐπ’
1533 865 1695 917 αὑτὸν
1726 866 2002 935 καταφεύ-

419 952 639 1017 ξονταιθ
704 954 797 1007 καὶ
848 954 907 1006 ὃν
960 954 1129 1007 πάλαι
1179 955 1643 1028 ἀπεστράφησαν,
1703 958 1843 1011 κατά
1884 976 2005 1011 τινα

416 1048 633 1119 ἐχθρῶν
669 1047 991 1119 ἐπιϐουλήν,
1026 1048 1213 1101 τοῦτον
1250 1049 1453 1120 Κύριον
1486 1050 1665 1103 αὐτῶν
1704 1050 1833 1105 ὄντα
1882 1053 2002 1104 ἐπιι

412 1139 745 1209 γνώσονται,
782 1141 875 1193 καὶ
910 1142 1416 1223 ἐπιστραφήσονται
1460 1142 1599 1211 πρὸς
1640 1143 1820 1196 αὐτόν.
1868 1141 2003 1194 Ἀλλ’

414 1232 509 1286 ῐνα
546 1233 620 1303 μή
653 1248 737 1295 τις
778 1232 1020 1302 νομίσειε
1059 1231 1235 1285 ταῦτα
1282 1232 1533 1300 λέγεσθαι
1569 1232 1694 1303 περὶ
1733 1231 1828 1285 τοῦ
1877 1233 2006 1285 Ἰου-

412 1325 585 1379 δαίων
611 1324 817 1389 ἔθνους,
844 1323 1089 1395 ἀκριϐῶς
1114 1326 1142 1377 ό
1174 1324 1330 1393 λόγος
1372 1324 1751 1398 προστίθησιν,
1786 1326 1861 1389 ὡς
1898 1325 2005 1397 ἄρα

413 1415 595 1471 ταῦτα
628 1413 1048 1487 πληρωθήσεται
1096 1415 1188 1468 ἐπὶ
1225 1415 1407 1469 πάντα
1449 1416 1518 1469 τὰ
1568 1415 1689 1470 καθ’
1735 1415 1863 1487 ὅλης
1904 1417 2004 1487 τῆς

411 1507 748 1579 οἰκουμένης
789 1507 946 1577 ιξθνη⁸
995 1503 1092 1560 εἶτ’
1134 1508 1562 1580 ἐπιστραφέντες
1606 1510 1657 1561 τί
1694 1509 2005 1579 ποιήσουσιν

414 1600 650 1654 ἐνώπιον
684 1599 849 1653 αὐτοῦ
878 1602 1048 1653 πᾶσαι
1072 1602 1129 1654 αί
1160 1603 1387 1672 πατριαὶ
1427 1600 1535 1654 τῶν
1569 1600 1767 1655 ἐθνῶν*
1792 1601 1908 1655 ἀνθ’
1942 1595 2005 1652 οῦ

416 1693 718 1765 Σύμμαχος
745 1694 843 1747 καὶ
885 1694 1133 1757 Ἀκύλας,
1173 1693 1361 1749 πᾶσαι
1406 1697 1466 1748 al
1505 1699 1847 1763 συγγένειαι
1890 1692 2007 1747 τῶν

411 1786 631 1849 ἐθνῶν,
660 1787 914 1857 εἰρήκασι
962 1786 1166 1857 σφόδρα
1216 1786 1477 1860 ἀκριϐῶς.
1509 1788 1667 1841 Ποῖον
1713 1787 1822 1859 γὰρ
1852 1786 2003 1850 ἔθνος

411 1877 539 1945 οὐχὶ
583 1877 904 1945 συγγενείας
946 1877 1060 1947 ἔχει
1096 1877 1529 1947 ὲπιστραφείσας
1576 1878 1713 1948 πρὸς
1756 1877 1846 1930 τὸν
1892 1877 2001 1930 τῶν

410 1960 748 2033 δλωνΘεόν;
782 1968 1003 2021 Ποίαδέ
1054 1967 1296 2039 πόλις,ἢ
1353 1968 1481 2023 ποία
1528 1968 1710 2041 χώρα,
1772 1969 1803 2040 ἢ
1854 1972 2002 2031 ποῖος

407 2061 564 2125 οἶκος
585 2062 688 2115 οὐκ
714 2061 826 2131 ἔχει
849 2061 1001 2125 τινὰς
1028 2064 1443 2135 ἀφωρισμένους
1476 2062 1569 2116 καὶ
1601 2062 2004 2134 ἐξειλεγμένους

408 2155 495 2226 τῷ
525 2155 683 2225 Θεῷ;
718 2154 845 2218 Πῶς
889 2155 935 2208 δ’
971 2154 1193 2225 ἔμελλον
1229 2155 1577 2209 ἀποτίθεσθαι
1619 2156 1715 2226 μὲν
1751 2156 1847 2225 τὴν
1881 2156 2006 2207 ἐαυ-

409 2250 526 2303 τῶν
565 2249 756 2321 λήθην,
792 2249 1100 2319 ἀνάμνησιν
1145 2248 1201 2302 δὲ
1263 2248 1534 2303 ποιεῖσθαι
1587 2249 1683 2302 τοῦ
1714 2248 1823 2301 τῶν
1868 2250 2005 2302 ὅλων

409 2342 554 2395 Θεοῦ
591 2343 648 2395 ai
690 2341 1002 2411 συγγένειαι
1030 2341 1136 2395 τῶν
1177 2342 1381 2395 ἐθνῶνο
1414 2340 1609 2405 πῶςδέ
1654 2342 2005 2413 ἐπιστρέφειν

415 2432 555 2502 πρὸς
582 2432 744 2485 αὑτὸν
772 2432 952 2487 πάντα
972 2432 1039 2485 τὰ
1072 2432 1282 2505 πέρατα
1300 2434 1398 2504 τῆς
1424 2434 1547 2504 γῆς,
1576 2434 1818 2504 ἐπιλέγει
1840 2435 2000 2505 ἐξῆςν·

415 2524 551 2578 Ὅτι
574 2523 680 2578 τοῦ
699 2524 924 2593 Κυρίου
964 2524 1003 2593 ή
1034 2524 1345 2591 βασιλεία,
1382 2524 1478 2579 καὶ
1522 2526 1705 2592 αὐτὸς
1731 2526 2006 2588 δεσπόζει

414 2613 538 2668 τῶν
565 2614 775 2670 ἐθνῶν.
808 2615 870 2669 Oi
903 2614 1013 2685 γὰρ
1041 2614 1207 2670 πάλαι
1229 2617 1603 2688 κρατήσαντες
1629 2617 1880 2688 δαίμονες
1911 2620 2007 2673 καὶ

410 2706 664 2770 διάϐολος
694 2706 1091 2777 κατελύθησαν,
1130 2707 1225 2760 καὶ
1266 2707 1403 2778 μόνη
1438 2709 1471 2779 ἡ
1520 2707 1612 2761 τοῦ
1655 2708 1745 2761 ἐπὶ
1789 2709 2007 2763 πάντων

412 2797 560 2851 Θεοῦ
592 2797 837 2869 βασιλεία
885 2798 1252 2869 ἐπεκράτησε.
1306 2798 1469 2865 Τάξει
1516 2794 1607 2853 οὖν
1651 2801 1679 2852 ό
1712 2798 1867 2868 λόγος
1915 2801 2009 2854 καὶ

415 2890 711 2961 ἀκολουθίᾳ
744 2891 1030 2963 κέχρηται,
1068 2890 1284 2962 πρῶτον
1340 2892 1549 2963 φήσαςο
1605 2891 2011 2959 Μνησθήσον-

416 3003 539 3048 ται,
564 2980 681 3038 εἶτα
707 2983 991 3056 δεύτερον,
1022 2982 1575 3053 ἐπιστραφήσονται
1593 3022 1607 3046 ,
1656 2984 1751 3037 καὶ
1789 2984 1973 3055 τρίτον
1992 3024 2007 3047 ,

419 3076 950 3147 προσκυνήσουσι.
1001 3076 1183 3131 Ταῦτα
1216 3077 1274 3131 δὲ
1310 3076 1488 3132 πάντα
1522 3075 1697 3142 ἔσται,
1728 3079 1857 3137 Ὅτι
1900 3078 2009 3132 τοῦ

419 3172 649 3239 Κυρίου
699 3172 739 3240 ὴ
785 3170 1079 3237 ,ϐασιλεία
1102 3208 1117 3231 ,
1166 3171 1264 3227 καὶ
1321 3170 1504 3237 αὐτὸς
1562 3168 1835 3231 δεσπόζει
1889 3169 2009 3225 τῶν

494 3354 761 3425 Ἐφαγον
785 3355 886 3410 καὶ
924 3359 1392 3427 προσεκύνησαν
1437 3357 1659 3425 πάντες
1704 3360 1759 3411 οἱ
1805 3357 2011 3423 πίονες

418 3443 533 3513 τῆς
556 3445 669 3515 τῆς
689 3465 701 3477 ·
750 3446 1007 3499 ἐνώπιον
1034 3447 1221 3501 αὐτοῦ
1260 3446 1747 3515 προσπεσοῦνται
1790 3444 2011 3509 πάντες

418 3543 476 3594 οι
508 3540 971 3606 καταϐαίνοντες
1006 3542 1094 3605 εἰς
1130 3540 1245 3607 τὴν
1269 3538 1402 3609 γῆν.
1445 3541 1556 3593 Καὶ
1604 3541 1642 3607 ἡ
1682 3539 1853 3608 ψυχή
1892 3555 2010 3607 μου

420 3631 589 3697 αὐτῷ
620 3630 709 3700 ζῇ,
757 3632 953 3685 καὶτὸ
1001 3632 1241 3701 σπέρμα
1288 3650 1409 3703 μου
1461 3632 1779 3686 δουλεύσει
1828 3630 2006 3696 αὐτῷ.

424 3723 589 3777 Ἔστι
612 3724 669 3776 δὲ
706 3724 827 3777 καθ’
868 3723 1105 3794 ἑκάστην
1137 3724 1505 3794 ἀναστάσιμον
1543 3723 1753 3795 ἡμέραν
1782 3721 1874 3775 τοῦ
1900 3722 2011 3774 Σω-

420 3816 592 3887 τῆρος
630 3816 809 3887 ήμῶν,
840 3817 937 3888 τὴν
967 3818 1309 3889 καλουμένην
1347 3819 1615 3890 κυριακὴν
1635 3859 1650 3883 ,
1682 3818 1805 3889 ὄψει
1836 3834 2011 3888 παρα-

420 3907 616 3959 λαϐεῖν
642 3908 769 3971 τοὺς
789 3908 889 3977 τῆς
918 3909 1124 3979 τροφῆς
1150 3910 1248 3980 τῆς
1290 3909 1451 3978 ἁγίας
1490 3910 1586 3963 καὶ
1623 3910 1716 3963 τοῦ
1762 3908 2010 3980 σώματος

423 3998 522 4052 τοῦ
550 3998 821 4071 σωτηρίου
856 4000 1391 4071 μεταλαμϐάνοντας,
1427 4003 1520 4057 καὶ
1558 4003 1695 4073 μετά
1729 4001 1789 4054 τὸ
1820 4003 2012 4070 φαγεῖν

423 4092 870 4162 προσκυνοῦντας
897 4093 988 4147 τὸν
1014 4094 1214 4166 δοτῆρα
1233 4097 1325 4148 καὶ
1354 4096 1586 4167 χορηγὸν
1611 4096 1709 4165 τῆς
1747 4093 2009 4158 ζωοποιοῦ

422 4184 659 4256 τροφῆς,
692 4183 968 4255 θαυμάσαι
994 4204 1051 4238 τε
1081 4186 1187 4240 τῶν
1216 4187 1387 4256 λόγων
1420 4188 1481 4240 τὸ
1514 4187 1879 4257 ἀποτέλεσμα,
1921 4189 2013 4242 καὶ

424 4276 561 4328 κατ’
587 4276 756 4346 αὐτὴν
787 4276 887 4347 τὴν
934 4277 1223 4349 πρόχειρον
1272 4278 1415 4344 λέξιν
1462 4277 1529 4330 δι’
1574 4276 1748 4347 ἔργων
1780 4276 2015 4349 πληρού-

430 4383 621 4435 μενον.
659 4366 804 4419 Ἀντλ⁸
828 4366 883 4419 δὲ
912 4368 1006 4421 τοῦ
1029 4386 1042 4398 ·
1068 4371 1121 4422 οἱ
1154 4369 1360 4433 πίονες
1378 4366 1489 4435 τῆς
1516 4366 1646 4437 γῆς,
1670 4367 2015 4439 ήρμήνευσεν

2106 492 2333 549 salutari
2386 493 2591 548 lumine
2636 493 2784 563 ipsos
2824 494 3216 558 collustrante,
3268 493 3686 549 reminiscentur

2106 585 2209 640 sibi
2236 584 2523 639 Dominum
2555 602 2697 649 esse,
2737 587 3118 642 universorum
3164 604 3350 642 revera
3381 587 3689 643 dominato-

2106 691 2220 732 rem
2254 694 2265 727 :
2295 677 2382 730 cui
2413 677 2576 730 etiam
2616 676 2849 746 subjecti
2887 686 3045 733 erant
3095 678 3130 730 ii
3183 678 3275 748 qui
3320 678 3387 733 ab
3432 678 3563 748 ipsis
3590 677 3688 735 d0-

2106 768 2240 822 mini
2270 767 2684 837 reputabantur.
2709 768 2845 823 Cum
2874 785 3037 839 porro
3064 768 3276 824 Domini
3305 769 3389 823 sui
3423 770 3689 825 memine-

2104 860 2236 924 rint,
2267 860 2333 913 ad
2369 859 2547 929 ipsum
2577 859 2891 931 confugient
2917 880 2931 915 :
2963 877 3027 916 ac
3057 878 3216 932 quem
3250 864 3401 927 olim,
3436 863 3689 918 inimico-

2105 968 2225 1007 rum
2276 950 2492 1006 insidiis
2547 952 2949 1018 circumventi,
3002 954 3236 1009 aversati
3292 964 3451 1019 sunt,
3506 955 3685 1024 ipsum

2106 1050 2406 1115 agnoscent
2435 1057 2557 1098 esse
2588 1044 2692 1098 sibi
2720 1042 3029 1111 Dominum,
3064 1055 3227 1115 atque
3252 1048 3317 1100 ad
3350 1047 3529 1116 ipsum
3555 1060 3685 1099 con-

2105 1144 2404 1194 vertentur.
2440 1136 2508 1189 At
2546 1152 2614 1191 ne
2640 1136 2764 1206 quis
2805 1136 3103 1192 arbitretur
3138 1138 3205 1193 id
3232 1138 3298 1193 de
3328 1137 3557 1195 Judaico
3594 1154 3689 1207 po-

2105 1232 2235 1302 pulo
2263 1232 2469 1287 dictum
2490 1274 2504 1299 ,
2534 1229 2781 1301 apposite
2814 1227 3069 1299 adjicitur
3104 1232 3217 1285 haec
3253 1231 3398 1301 apud
3443 1228 3685 1285 universi

2104 1324 2256 1380 orbis
2307 1325 2558 1378 nationes
2592 1319 2866 1391 implenda
2914 1336 3057 1376 esse.
3090 1321 3165 1377 Ac
3198 1320 3395 1376 deinde
3438 1323 3691 1377 enuntia-

2106 1425 2217 1480 tur,
2251 1416 2382 1487 quid
2416 1417 2471 1470 iu
2504 1423 2801 1485 conspectu
2833 1416 2953 1486 ejus
2989 1414 3211 1469 facturae
3256 1414 3368 1470 sint
3408 1423 3531 1485 post
3558 1430 3690 1469 con—

2106 1512 2413 1567 versionem
2471 1510 2740 1564 universae
2799 1509 3017 1562 familia:
3078 1509 3320 1579 gentium
3364 1527 3375 1561 :
3426 1522 3525 1577 pro
3579 1522 3690 1577 quo

2110 1603 2475 1675 Symmachus
2493 1612 2545 1658 et
2566 1602 2782 1672 Aquila,
2802 1603 3056 1659 universa:
3078 1604 3412 1672 cognationes
3432 1602 3687 1671 gentium,

2107 1696 2432 1763 ediderunt,
2483 1703 2537 1751 et
2594 1696 2813 1766 quidem
2872 1694 3164 1750 admodum
3223 1703 3498 1751 accurate.
3560 1695 3691 1761 Quae

2035 1773 2075 1827 Β
2103 1789 2303 1844 etenim
2360 1788 2509 1843 natio
2558 1802 2668 1841 non
2722 1788 2934 1855 aliquas
2984 1786 3344 1856 cognationes
3388 1784 3585 1840 habeat
3624 1784 3691 1839 ad

2105 1880 2277 1936 Deum
2332 1882 2711 1935 universorum
2764 1879 3095 1934 conversas?
3128 1878 3259 1944 Quae
3314 1877 3528 1941 civitas,
3569 1877 3691 1946 quis

2107 1973 2284 2039 locus,
2336 1986 2458 2042 quat
2506 1971 2711 2026 domus
2752 1986 2861 2025 non
2911 1970 3194 2039 quospiam
3248 1968 3439 2022 saltem
3492 1968 3691 2021 habent

2106 2062 2217 2117 Deo
2271 2069 2583 2132 segregatos
2624 2068 2677 2115 et
2715 2061 2951 2116 electos?
2996 2060 3116 2125 Quo
3158 2066 3318 2128 pacto
3360 2065 3540 2111 autem
3586 2057 3692 2110 illa

2107 2156 2460 2225 cognationes
2482 2154 2723 2224 gentium
2755 2153 3084 2208 oblivionem
3114 2152 3261 2205 illam
3293 2166 3446 2205 suam
3476 2149 3692 2219 deposi-

2106 2256 2244 2313 turae
2274 2249 2405 2313 sint,
2434 2258 2487 2303 et
2513 2247 2879 2303 recordatum
2909 2245 3079 2301 Deum
3112 2246 3523 2310 universorum;
3557 2257 3695 2312 quo-

2106 2341 2270 2397 modo
2297 2341 2427 2397 item
2451 2338 2804 2396 convertendi
2844 2338 2913 2393 ad
2957 2355 3084 2394 eum
3126 2338 3237 2394 sint
3278 2336 3518 2393 universi
3555 2335 3692 2391 ﬁnes

2107 2442 2303 2502 terrae;
2333 2434 2436 2489 sub
2478 2434 2596 2489 haec
2643 2434 2877 2505 explicat
2910 2432 2995 2489 his
3033 2432 3215 2487 verbis
3246 2450 3260 2486 :
3291 2431 3540 2502 quoniam
3579 2431 3693 2486 Dc-

2110 2528 2239 2581 mini
2278 2537 2356 2583 est
2394 2544 2630 2598 regnum,
2673 2537 2723 2581 et
2770 2528 2877 2595 ipse
2922 2526 3229 2581 dominatur
3259 2524 3511 2595 gentium.
3554 2522 3692 2577 Nam

2109 2620 2203 2691 qui
2235 2619 2365 2674 olim
2400 2619 2702 2675 dominium
2735 2619 3053 2675 obtinebant
3079 2618 3355 2673 darmones
3383 2621 3547 2686 atque
3577 2614 3695 2669 dia-

2109 2713 2291 2778 bolus,
2320 2713 2433 2783 jam
2467 2712 2711 2784 abrogati
2762 2719 2923 2778 sunt;
2967 2726 3031 2766 ac
3084 2710 3257 2766 solum
3296 2707 3543 2764 omnium
3582 2706 3693 2763 Do-

2111 2806 2245 2860 mini
2270 2805 2363 2861 Dei
2389 2821 2618 2877 regnum
2641 2806 2804 2875 viget.
2838 2804 3041 2860 Ordine
3073 2804 3241 2875 igitur
3266 2818 3329 2857 ac
3351 2815 3696 2872 consequen-

2111 2897 2188 2952 tia
2218 2912 2398 2954 sermo
2440 2904 2683 2963 constat;
2717 2911 2843 2951 nam
2875 2913 2999 2952 cum
3036 2896 3211 2966 primo
3241 2894 3491 2958 dixisset,
3529 2893 3692 2947 remi-

2112 2990 2409 3055 niscentur;
2466 2989 2743 3056 secundo,
2797 2998 3201 3053 convertentur;
3257 2987 3418 3042 tertio
3474 2985 3695 3041 demum

2112 3082 2321 3153 adjicit,
2354 3082 2670 3137 adorabunt.
2707 3080 2833 3136 Haec
2863 3096 3035 3152 porro
3063 3079 3245 3135 omnia
3272 3079 3542 3145 evenient,
3573 3092 3697 3147 quo—

2112 3176 2259 3231 niam
2289 3173 2503 3231 Domini
2532 3183 2610 3231 est
2640 3188 2877 3245 regnum,
2904 3180 2953 3226 et
2981 3173 3089 3241 ipse
3111 3170 3417 3226 dominatur
3439 3167 3691 3241 gentium.

2182 3351 2347 3410 Vens.
2385 3352 2476 3417 50,
2513 3353 2602 3407 51.
2643 3350 3093 3405 Manducaverunt
3118 3359 3164 3403 et
3204 3347 3552 3402 adoraverunt
3583 3363 3697 3399 om-

2111 3462 2200 3500 nes
2231 3445 2446 3515 pingues
2481 3452 2665 3508 terrm;
2703 3444 2757 3497 in
2805 3450 3080 3510 conspectu
3129 3440 3241 3507 eius
3286 3438 3470 3491 cadent
3519 3454 3695 3491 omnes

2110 3538 2200 3607 qui
2224 3534 2540 3591 descendunt
2571 3536 2624 3589 in
2656 3543 2870 3589 terram.
2903 3532 2970 3585 Et
2999 3533 3179 3586 anima
3212 3547 3323 3583 mea
3355 3529 3439 3582 illi
3471 3529 3613 3592 vivit,
3647 3538 3695 3582 et

2110 3646 2282 3684 semen
2335 3643 2506 3681 meum
2560 3628 2743 3681 serviet
2785 3626 2905 3695 ipsi.
2977 3622 3218 3693 Singulis
3277 3620 3697 3675 resurrectionis

2114 3718 2415 3774 Salvatoris
2448 3717 2623 3773 nostri
2660 3716 2872 3777 diebus,
2908 3729 3029 3784 quae
3075 3710 3368 3765 Dominicee
3400 3717 3689 3770 vocantur,

2112 3812 2247 3885 ipsis
2280 3812 2452 3869 oculis
2499 3826 2723 3869 cernere
2769 3816 2853 3865 est
2905 3823 2999 3862 eos
3044 3805 3137 3877 qui
3181 3818 3398 3859 sacrum
3431 3802 3613 3856 cibum
3640 3810 3694 3855 et

2112 3906 2349 3962 salutare
2373 3921 2572 3975 corpus
2597 3901 2893 3973 accipiunt,
2927 3906 3049 3970 post
3081 3897 3257 3968 ipsum
3301 3892 3696 3959 esum,viviﬁci

2113 3996 2355 4052 alimenti
2396 3997 2707 4066 largitorem
2744 4001 2797 4049 et
2836 4006 3085 4063 promum
3123 3989 3373 4052 adorare,
3406 3994 3569 4058 atque
3597 3988 3699 4041 mi-

2113 4086 2223 4141 rari
2244 4085 2534 4141 verborum
2556 4082 2867 4153 hujusmodi
2889 4094 3163 4144 eventum,
3182 4086 3236 4135 ct
3260 4093 3316 4133 re
3335 4086 3507 4149 gesta,
3522 4076 3699 4147 quoad

2114 4178 2414 4248 planiorem
2462 4176 2592 4230 dicti
2634 4173 2989 4238 sententiam,
3032 4171 3312 4241 impletum
3359 4169 3698 4223 vaticinium.

2115 4268 2248 4341 Ejus
2277 4277 2457 4325 autem
2475 4270 2618 4335 loco,
2648 4268 2863 4337 pingues
2898 4276 3071 4329 terrw,
3100 4262 3701 4332 Symmachus,sagina-

2118 4374 2199 4419 tos
2232 4372 2421 4427 terraz,
2478 4362 2870 4431 interpretatus
2914 4366 3018 4413 est.
3066 4355 3270 4426 llisque
3324 4355 3632 4409 indicantur
3666 4353 3715 4407 ii

424 4459 459 4510 ὁ
492 4458 807 4528 Σύμμαχος,
848 4460 902 4512 ol
946 4460 1186 4527 λιπαροί
1222 4459 1333 4527 τῆς
1373 4459 1505 4529 γῆς.
1555 4460 1915 4531 Σημαίνονται
1958 4459 2010 4511 δὲ

2119 4455 2211 4526 qui
2232 4471 2295 4511 ex
2314 4454 2520 4509 cmlesti
2544 4453 2690 4513 cibo,
2709 4453 2887 4522 opima
2912 4451 3109 4505 mentis
3135 4448 3453 4503 habitudine
3483 4462 3545 4501 ac
3570 4446 3703 4499 viri,-

427 4546 521 4599 διὰ
552 4547 758 4601 τούτων
810 4548 861 4601 οί
910 4550 975 4603 ἐκ
1020 4550 1119 4619 τῆς
1148 4550 1399 4621 οὐρανίου
1452 4551 1662 4622 τροφῆς
1714 4549 1813 4614 τὰς
1844 4549 2017 4620 ψυχὰς

429 4638 725 4709 εὐτραφεῖς
752 4639 847 4693 καὶ
870 4639 1164 4709 ῥωμαλέοι.
1206 4639 1346 4694 Ἀλλ’
1372 4635 1515 4695 οὗτοι
1549 4641 1645 4711 μὲν
1673 4641 1898 4709 ἔφαγον
1924 4639 2018 4692 καὶ

433 4734 929 4798 προσεκύνησαν.
995 4733 1211 4804 Ἐπειδὴ
1263 4734 1319 4787 δὲ
1373 4734 1452 4786 δεῖ
1496 4732 1643 4804 αύτῴ
1691 4732 1813 4787 πᾶν
1865 4735 2014 4803 γόνυ

434 4824 670 4895 κάμψαι
704 4825 1079 4894 ἐπουρανίων
1122 4828 1221 4882 καὶ
1268 4830 1543 4898 ἐπιγείων
1581 4831 1679 4883 καὶ
1730 4834 2016 4898 καταχθο-

435 4918 603 4979 νίων,
656 4919 883 4981 εἰκότως
921 4919 1049 4989 ἐξῆς
1092 4922 1448 4975 ἑπισυνάπτει
1493 4921 1691 4990 λέγων·
1737 4920 2015 4974 Ἐνώπιον

434 5006 623 5061 αὐτοῦ
661 5009 1153 5077 προσπεσοῦνται
1192 5011 1415 5076 πάντες
1462 5015 1515 5065 οἱ
1558 5012 2015 5077 καταϐαίνοντες

437 5103 525 5166 εις
554 5100 705 5169 γῆν·
747 5103 863 5156 ἀνθ’
910 5096 1035 5157 οὗνό
1087 5105 1184 5174 μὲν
1228 5104 1489 5169 Ἀκύλας·
1547 5109 1652 5172 Εἰς
1697 5108 2019 5173 πρόσωπον

436 5193 625 5247 αὐτοῦ
681 5195 993 5265 κάμψουσι
1042 5195 1264 5262 πάντες
1308 5198 1360 5249 οὶ
1419 5198 1881 5263 καταϐαίνοντες
1933 5198 2054 5264 εἰς’

441 5287 619 5356 χοῦν,
649 5289 931 5343 ἐκδέδωκε.
962 5290 1154 5359 Σαφῶς
1184 5290 1237 5343 δὲ
1271 5290 1357 5343 διὰ
1388 5291 1590 5344 τούτων
1619 5294 1712 5345 καὶ
1748 5293 1807 5345 τὸ
1836 5292 2022 5363 σχῆμα

438 5382 550 5433 τῶν
574 5381 703 5449 γόνυ
729 5382 1017 5435 κλινόντων
1055 5384 1111 5436 ἐν
1137 5386 1201 5453 τῇ
1245 5383 1539 5455 Ἐκκλησία
1576 5383 1669 5437 τοῦ
1714 5383 1850 5437 Θεοῦ
1888 5401 2026 5455 παρ-

446 5472 683 5536 ίσταται,
709 5470 1044 5548 ἐνῇγόνατα
1098 5475 1395 5540 κλίναντες,
1437 5479 1528 5531 καὶ
1561 5477 1630 5530 τὰ
1675 5476 1900 5548 μέτωπα
1946 5479 2024 5540 εἰς

444 5564 554 5635 γῆν
583 5567 911 5636 ἐρείσαντες,
936 5568 1122 5622 τοῦτον
1168 5573 1490 5642 προσκυνεῖν
1525 5571 1746 5627 εἰώθασι
1782 5571 1872 5624 τὸν
1901 5570 2026 5639 τρό·

520 5748 563 5781 ’θ
604 5746 838 5817 Philipp.
880 5763 949 5812 ιι,
990 5747 1073 5803 10.

2126 4551 2228 4605 bus
2258 4550 2455 4603 valent.
2484 4546 2590 4602 Sed
2623 4547 2676 4600 hi
2706 4545 2924 4615 quidem
2954 4542 3401 4596 manducaverunt
3427 4549 3475 4593 et
3507 4540 3704 4593 adora—

2125 4652 2324 4697 verunt.
2352 4640 2618 4707 Quoniam
2651 4654 2781 4694 vero
2828 4652 2965 4707 opus
3007 4645 3091 4690 est
3138 4643 3197 4688 ut
3240 4634 3344 4703 ipsi
3390 4649 3539 4685 omne
3571 4648 3703 4701 genu

2121 4736 2366 4804 ﬂectatur
2390 4732 2693 4794 caelestium,
2721 4730 3044 4783 terrestrium
3068 4737 3116 4779 et
3140 4725 3467 4793 infernorum
3492 4723 3559 4785 ’°,
3582 4724 3704 4792 jure

2124 4835 2305 4897 postea
2334 4824 2569 4889 additur,
2618 4823 2672 4875 in
2708 4830 2985 4889 conspectu
3035 4818 3150 4886 ejus
3187 4815 3373 4869 cadent
3407 4831 3583 4867 omnes
3616 4817 3703 4883 qui

2123 4919 2439 4974 descendunt
2473 4920 2527 4971 in
2558 4926 2751 4970 terram
2794 4931 2811 4967 :
2854 4928 2953 4983 pro
2999 4926 3107 4979 quo
3158 4908 3375 4977 Aquila,
3408 4908 3461 4960 in
3506 4906 3703 4959 vultum

2122 5012 2233 5080 ejus
2265 5011 2470 5078 ﬂectant
2509 5025 2563 5062 se
2611 5022 2786 5059 omnes
2825 5004 2913 5072 qui
2962 4997 3279 5054 descendunt
3320 4998 3374 5048 in
3419 4993 3700 5062 pulverem.

2126 5103 2291 5169 Qucis
2325 5099 2617 5156 manifeste
2650 5112 2838 5152 eorum
2879 5093 2969 5163 qui
3015 5093 3070 5145 in
3122 5087 3365 5142 Ecclesia
3403 5084 3497 5139 Dei
3527 5099 3702 5153 genua

2128 5194 2353 5249 ﬂectunt
2384 5205 2589 5245 morem
2620 5188 2862 5241 declarat
2894 5202 2904 5235 :
2940 5181 3012 5236 ibi
3062 5181 3206 5235 enim
3254 5191 3429 5247 genua
3481 5172 3706 5227 ﬂecten-

2128 5295 2232 5349 tes,
2264 5292 2427 5354 atque
2471 5280 2741 5335 frontibus
2778 5277 2891 5332 suis
2930 5282 3089 5328 terra:
3128 5268 3529 5327 incun‘tbentes,
3562 5264 3707 5317 hunc

2130 5376 2390 5433 adorandi
2424 5376 2587 5429 ritum
2620 5378 2856 5427 servant.
2886 5363 3090 5420 Deinde
3133 5361 3410 5430 adjicitur,
3444 5367 3494 5412 et
3525 5356 3706 5410 anima

2132 5488 2245 5525 mea
2273 5469 2354 5523 illi
2385 5468 2531 5531 vivit,
2569 5475 2617 5519 et
2649 5478 2819 5517 semen
2855 5475 3023 5512 meum
3064 5456 3246 5511 serviet
3282 5456 3399 5522 ipsi.
3434 5452 3565 5519 Qui}:
3593 5452 3709 5505 cla-

2132 5567 2247 5623 rius
2316 5558 2674 5635 Symmachus
2725 5557 2839 5609 haec
2894 5567 3001 5606 una
3060 5549 3320 5620 copulatis
3380 5548 3709 5617 interpretii»
