4094 6378
439 332 546 390 215

1080 330 1348 388 EUSEBll
1387 329 1868 386 CASSARIENSIS
1905 326 2058 385 OPP.
2096 325 2279 381 PARS
2320 324 2409 379 Ill.
2447 354 2518 366 --
2548 321 2945 380 EXEGETICA.

3582 312 3701 379 216

440 456 551 514 tur,
583 456 705 503 ante
730 447 901 517 ipsum
938 461 1107 516 genua
1144 445 1350 512 ﬂectent
1379 461 1554 499 omnes
1579 446 1667 515 qui
1701 442 1991 499 descendun

2118 457 2237 494 πον.
2264 435 2378 493 Εἶθ’
2409 438 2536 509 ἑξῆς
2564 437 2811 509 εἴρηται*
2839 436 2948 490 Καὶ
2973 435 3013 506 ἠ
3044 436 3213 506 ψυχή
3242 452 3357 501 μου
3402 433 3561 500 αὐτῷ
3585 432 3651 503 ζῇ
3670 448 3691 465 α

437 541 493 594 in
550 548 789 593 terram:
839 536 988 605 cujus
1036 536 1215 588 anima
1238 536 1386 601 vivet,
1433 553 1608 590 semen
1660 545 1834 589 autem
1884 535 2013 588 colet

436 633 631 696 ipsum.
673 629 754 683 [lli
801 642 1012 690 omnes,
1047 627 1252 697 inquit,
1305 628 1723 697 procumbentes
1753 635 1807 682 et
1839 641 2014 697 genua

435 723 712 780 ﬂectentes
740 722 1066 787 adorabunt,
1099 722 1298 792 quibus
1319 735 1445 791 spes
1478 728 1564 775 est
1609 728 1665 773 ut
1706 721 1888 773 anima
1931 718 2013 773 vi-

434 824 547 884 vat,
575 823 630 871 et
654 829 890 885 quorum
923 829 1109 869 semen
1131 814 1273 869 colet
1301 813 1502 883 ipsum.
1537 811 1695 878 Quod
1718 814 1762 867 si
1795 812 1920 881 quis
1947 826 2013 865 ex

432 924 667 980 persona
730 908 1030 963 Salvatoris
1082 906 1198 960 hzec
1259 905 1409 960 dicta
1450 905 1581 960 velit
1634 905 1916 973 excipere,
1961 912 2012 958 et

434 1004 615 1057 anima
652 1017 769 1055 mea
799 1000 881 1053 itli
914 999 1058 1067 vivit,
1103 998 1401 1053 secundum
1434 996 1739 1051 versionem
1777 994 2010 1066 Septua-

432 1096 578 1164 ginta
623 1091 1014 1163 lnterpretum;
1066 1098 1122 1144 et
1173 1089 1343 1154 illud,
1388 1104 1558 1143 semen
1609 1104 1779 1142 meum
1826 1088 2011 1141 serviet

430 1188 568 1254 ipsi;
599 1187 646 1241 is
677 1185 825 1239 dicat
859 1184 975 1238 haec
1014 1199 1045 1237 a
1084 1182 1366 1237 Salvatore
1406 1181 1771 1252 pronuntiari,
1803 1181 1897 1250 qui
1925 1189 2008 1235 to-

431 1290 546 1332 tum
579 1278 724 1332 hunc
748 1279 1015 1347 psalmum
1045 1276 1112 1331 de
1141 1275 1380 1346 qualibet
1417 1275 1598 1328 anima
1636 1274 1740 1329 sibi
1772 1271 2005 1338 addicta,

2114 533 2214 587 καὶ
2252 532 2320 585 τό
2350 530 2587 600 σπέρμα
2620 548 2738 599 μου
2774 527 3093 582 δουλεύσει
3115 527 3292 593 αὐτῷ.
3330 529 3396 581 Ὃ
3433 526 3496 598 δὴ
3526 526 3690 595 σαφέ-

2115 643 2303 698 στερον
2326 626 2667 696 ήρμήνευσεν
2694 625 2723 676 6
2747 624 3041 693 Σύμμαχος
3075 621 3317 691 συνάψας
3349 620 3443 675 καὶ
3483 620 3650 674 εἰπών
3668 635 3683 650 ⁸

2116 722 2495 788 Ἔμπροσθεν
2520 717 2707 771 αὐτοῦ
2736 715 3113 770 ὀκλάσουσιν
3134 714 3394 778 ἅπαντες
3419 715 3473 767 οὶ
3510 728 3689 766 κατα-

2113 814 2419 875 ϐαίνοντες
2450 811 2538 875 εἰς
2570 809 2771 863 κόνινο
2810 803 2891 875 οὗ,
2922 809 2960 877 ἡ
3003 804 3174 876 ψυχὴ
3209 804 3403 872 (viast,
3448 804 3685 871 σπέρμα

2111 904 2179 957 δὲ
2207 903 2522 971 λατρεύσει
2548 899 2726 963 αὐτῷ.
2754 900 2959 962 Πάντες
2978 897 3085 968 γὰρ
3108 896 3280 959 αὐτοὶ,
3309 896 3491 966 φησὶν,
3522 894 3681 949 ὀκλά-

2114 1012 2337 1059 σαντες,
2396 993 2489 1046 καὶ
2532 992 2660 1061 γόνυ
2719 991 2997 1054 κλίναντες
3050 989 3550 1062 προσκυνήσουσιν·
3607 980 3681 1041 ὧν

2111 1088 2266 1151 ἐλπὶς
2292 1086 2551 1159 ζήσεσθαι
2574 1087 2671 1158 τὴν
2695 1085 2893 1156 ψυχὴν,
2920 1086 3014 1138 καὶ
3036 1078 3107 1137 ὧν
3126 1085 3187 1137 τὸ
3214 1083 3432 1154 σπέρμα
3459 1080 3683 1155 λατρεύ-

2112 1198 2194 1233 σει
2222 1178 2389 1249 αὐτῷ.
2418 1179 2482 1232 Εἰ
2523 1178 2580 1231 δὲ
2617 1179 2683 1231 ὲκ
2713 1176 3003 1248 προσώπου
3033 1175 3123 1228 τοῦ
3153 1175 3401 1243 λέγοντος
3431 1173 3683 1245 Σωτῆρος

2112 1270 2353 1342 βούλοιτό
2374 1287 2456 1334 τις
2488 1268 2717 1323 ἀκοῦσαι
2749 1269 2837 1322 τό·
2869 1268 2983 1323 Καὶ
3012 1270 3050 1336 ἡ
3072 1266 3241 1336 ψυχή
3270 1284 3388 1335 μου
3414 1264 3573 1331 αὐτῷ
3593 1262 3678 1332 ζῆ,

430 1382 641 1423 necnon
669 1369 736 1423 de
754 1368 961 1423 semine
991 1382 1112 1431 suo,
1130 1366 1437 1437 protulerit.
1465 1363 1659 1419 Semen
1688 1370 1869 1417 autem
1889 1362 1991 1432 ejus

2109 1363 2250 1416 κατά
2302 1363 2399 1434 τὴν
2455 1363 2564 1415 τῶν
2631 1360 3028 1432 Ἑϐδομήκοντα
3074 1359 3401 1429 ἑρμηνείαν·
3449 1356 3563 1422 καὶ,
3610 1354 3678 1409 Τὸ

429 1460 703 1529 quodnam
735 1475 859 1515 esse
887 1460 1113 1522 dixeris,
1142 1458 1248 1514 nisi
1284 1472 1380 1514 eos
1408 1457 1503 1528 qui
1532 1457 1633 1526 ipsi
1665 1472 1761 1526 per
1786 1470 1991 1527 genera-

2108 1455 2345 1525 σπέρμα
2378 1472 2496 1524 μου
2526 1454 2842 1509 δουλεύσει
2874 1453 3063 1519 αὐτῷ·
3112 1451 3256 1505 εἴποι
3287 1449 3352 1505 ἂν
3393 1448 3562 1503 ταῦτα
3592 1447 3678 1500 λέ-

430 1554 633 1608 tionem
660 1551 897 1624 Spiritus
930 1553 1104 1608 sancti
1142 1552 1234 1605 ﬁlii
1268 1552 1374 1607 orti
1413 1557 1585 1617 sunt;
1616 1550 1713 1619 qui
1745 1562 1868 1603 cum
1907 1546 1991 1601 Pa-

2107 1546 2297 1615 γεσθαι
2328 1546 2431 1599 ὑπὸ
2470 1543 2563 1597 τοῦ
2600 1545 2870 1615 Σωτῆρος,
2916 1543 3103 1597 τοῦτον
3144 1543 3320 1596 πάντα
3358 1540 3447 1594 τὸν
3471 1536 3680 1609 ψαλμὸν

428 1654 566 1700 trem
626 1645 747 1712 ejus
797 1646 1087 1712 coluerint,
1142 1652 1401 1700 aeternam
1448 1658 1512 1698 ac
1568 1643 1785 1698 beatam
1839 1641 1991 1697 vitari

2105 1637 2390 1704 διεξιόντος
2414 1637 2542 1708 περὶ
2581 1638 2760 1708 πάσης
2792 1636 2971 1706 ψυχῆς
2999 1634 3147 1705 αὐτῷ
3176 1632 3557 1704 ἀνακειμένης,
3586 1628 3680 1681 καὶ

428 1746 858 1809 consequentur.

2108 1728 2353 1801 περὶτοῦ
2381 1727 2546 1781 αὑτοῦ
2577 1728 2909 1800 σπέρματος.
2942 1726 3170 1798 Σπέρμα
3213 1726 3271 1779 δὲ
3317 1722 3480 1779 αὑτοῦ
3521 1721 3572 1774 τί
3612 1719 3680 1773 ἂν

424 1830 651 1903 εἴποιςῆ
696 1832 823 1894 τοὺς
847 1830 935 1885 διὰ
967 1832 1270 1901 γεννήσεως
1299 1829 1452 1899 ἁγίου
1496 1829 1636 1883 Πνεύ
1645 1846 1811 1902 ματος
1847 1824 2221 1897 γεννωμένους
2257 1819 2406 1891 αὐτῷ
2429 1820 2595 1883 υἱοὺς,
2619 1819 2668 1873 οἳ
2690 1820 2783 1873 καὶ
2813 1818 3192 1883 δουλεύσαντες
3214 1817 3292 1889 τῷ
3318 1814 3481 1871 αὐτοῦ
3504 1814 3677 1883 Πατρὶ

425 1922 523 1993 τῆς
545 1921 760 1975 αἰωνίου
790 1920 883 1973 καὶ
914 1921 1188 1992 μακαρίας
1214 1920 1359 1991 ζωῆς
1392 1919 1740 1990 μεθέξουσινς

496 2013 660 2067 Vsus.
700 2012 788 2066 52.
836 2011 1257 2065 Annuntiabitur
1304 2010 1531 2064 Domino
1572 2010 1838 2081 generatio
1884 2025 1991 2063 ven-

2189 1996 2675 2066 Ἁναγτελήσεται
2715 1994 2796 2063 τῷ
2844 1996 3039 2064 Κυρίῳ
3070 1994 3242 2065 γενεὰ
3288 1996 3328 2065 ἠ
3361 1996 3674 2067 ἐρχομένην

426 2116 570 2175 tura,
593 2118 644 2160 et
683 2105 1075 2160 annuntiabunt
1107 2105 1225 2158 ειείὶ
1250 2104 1521 2173 justitiam
1543 2103 1656 2173 ejus
1693 2102 1883 2172 populo
1913 2118 1991 2171 qu:

2103 2090 2202 2144 καί
2231 2089 2634 2159 ἀναῃελοῦσι
2655 2088 2769 2157 τὴν
2793 2088 3192 2156 δικαιοσύνην
3225 2089 3411 2142 αὐτοῦ
3440 2089 3567 2156 λιιῷ
3594 2091 3676 2157 τῷ

423 2206 687 2260 nascetur,
714 2212 866 2265 quem
912 2194 1033 2262 fecit
1080 2193 1359 2248 Dominus.
1405 2192 1705 2262 Postquam
1749 2189 2003 2244 Servator

422 2304 607 2344 semen
638 2303 798 2344 suum
830 2287 1152 2342 memoravit
1189 2286 1275 2340 his
1303 2285 1506 2351 verbis,
1548 2294 1597 2337 et
1629 2299 1803 2337 semen
1830 2297 2000 2335 meum

421 2383 606 2437 serviet
630 2382 753 2452 ipsi,
779 2379 1051 2451 quodnam
1090 2378 1221 2433 illud
1256 2393 1443 2434 semen
1490 2376 1559 2432 sit
1606 2375 1775 2446 probe
1806 2373 1998 2443 aperit,

419 2490 545 2531 cum
591 2475 998 2546 generationem
1042 2480 1351 2536 venturam,
1396 2478 1452 2526 et
1490 2470 1750 2540 populum
1781 2467 1874 2537 qui
1902 2481 2000 2520 na-

420 2574 604 2619 scetur
634 2570 1044 2619 commemorat.
1081 2561 1548 2628 Quemadmodum
1595 2560 1740 2615 enim
1768 2572 1889 2629 quae
1917 2556 2002 2628 εὶ·-

420 2663 663 2725 gnuntur
692 2671 756 2709 ex
787 2656 994 2711 semine
1044 2655 1259 2709 initium
1301 2651 1602 2710 exsistendi
1643 2653 1869 2717 ducunt,
1904 2666 1998 2706 eo-

418 2747 540 2802 dem
571 2762 799 2817 prorsus
832 2747 998 2802 modo
1024 2746 1366 2802 nasciturum
1396 2745 1656 2816 populum
1686 2752 1739 2799 et
1770 2759 1996 2815 genera-

419 2842 625 2896 tionem
652 2846 959 2904 venturam,
990 2854 1189 2895 novam
1222 2839 1435 2895 scilicet
1478 2853 1545 2892 ac
1594 2846 1891 2903 recentem,
1929 2853 1997 2893 ex

419 2933 570 2988 nullo
602 2933 818 2987 initium
855 2940 1204 3003 accepturam
1251 2931 1513 2998 declarat,
1566 2931 1672 2986 nisi
1714 2946 1785 2986 ex
1829 2930 1997 2985 ratio—

417 3026 527 3080 nali
569 3026 779 3081 semine
826 3040 948 3089 suo,
977 3025 1120 3094 quod
1158 3026 1278 3094 ipse
1315 3039 1557 3094 praesens
1595 3038 1692 3094 per
1721 3024 1995 3093 apostolos

416 3118 474 3171 in
526 3124 673 3174 terra
727 3118 1135 3185 disseminabat,
1160 3118 1412 3173 videlicet
1466 3117 1720 3187 spiritum
1750 3117 1996 3186 adoptio-

416 3213 523 3268 nis.
583 3210 727 3267 Loco
771 3211 956 3276 illius,
1009 3209 1412 3265 annuntiabitur
1456 3208 1683 3262 Domino
1726 3209 1993 3279 generatio

2101 2180 2539 2250 τεχθησομένῳ,
2563 2180 2636 2234 ὃν
2654 2181 2944 2249 ἐποίησεν
2967 2183 2999 2235 ὃ
3021 2181 3258 2249 Κύριος.
3288 2183 3677 2255 Προονομάσας

2103 2274 2327 2345 σπέρμα
2353 2271 2514 2327 αὑτοῦ
2550 2274 2578 2326 ὁ
2602 2272 2791 2344 Σωτὴρ
2821 2274 2877 2325 ὲν
2909 2272 3017 2343 τιῖν
3046 2272 3157 2328 Καὶ
3184 2273 3250 2327 τὸ
3279 2273 3519 2344 σπέρμα
3553 2294 3672 2345 μου

2100 2365 2418 2420 δουλεύσει
2449 2364 2632 2430 αὐτῷ·
2662 2364 2716 2418 τί
2744 2382 2873 2418 ποτε
2905 2364 2990 2436 εἴη
3016 2364 3171 2418 τοῦτο
3193 2366 3254 2419 τὸ
3305 2366 3525 2438 σπέρμα
3561 2368 3675 2421 δια-

2103 2461 2282 2530 σαφεῖ,
2314 2458 2504 2529 γενεὰν
2538 2459 2839 2530 ἐρχομένην
2875 2457 3154 2529 ὀνομάζων
3195 2459 3291 2514 καὶ
3316 2458 3444 2514 λαὸν
3481 2461 3674 2533 τεχθη-

2102 2552 2345 2623 σόμενον.
2381 2551 2591 2622 Ὥσπερ
2616 2551 2725 2622 γὰρ
2749 2550 2819 2604 τὰ
2846 2550 3177 2623 γεννώμενα,
3209 2553 3316 2607 ἀπὸ
3344 2554 3673 2627 σπερμάτων

2098 2640 2196 2712 τὴν
2225 2640 2397 2713 ἀρχὴν
2427 2640 2528 2711 τῆς
2555 2640 2905 2705 ὑποστάσεως
2936 2641 3221 2713 λαμϐάνει,
3246 2644 3338 2698 τὸν
3359 2645 3521 2701 αὐτὸν
3547 2648 3673 2719 τρό-

2100 2748 2199 2783 πον
2222 2730 2312 2784 τὸν
2334 2729 2726 2802 τεχθησόμενον
2759 2730 2886 2785 λαὸν
2925 2733 3016 2785 καὶ
3050 2732 3148 2804 τὴν
3190 2733 3549 2807 ἐλευσομένην
3574 2754 3668 2806 γε-

2098 2829 2242 2893 νεὰν,
2278 2828 2402 2882 νέαν
2432 2823 2594 2882 οὖσαν
2642 2828 2736 2882 καὶ
2787 2829 3013 2900 καινὴν,
3054 2827 3354 2899 οὐδαμόθεν
3400 2828 3541 2895 ἕξειν
3571 2829 3669 2901 τὴν

2096 2919 2271 2992 ἀρχὴν
2297 2920 2625 2992 παρίστησιν
2644 2919 2756 2973 ἀλλ’
2781 2920 2815 2991 ἢ
2845 2921 2910 2973 ἐκ
2939 2920 3046 2974 τῶν
3068 2920 3231 2973 αὐτοῦ
3255 2920 3484 2990 λογικῶν
3506 2938 3670 2993 σπερ-

2101 3009 2304 3081 μάτων,
2330 3003 2405 3065 ὧν
2438 3012 2531 3064 ἐπὶ
2559 3012 2662 3083 γῆς
2687 3011 2877 3084 παρὼν
2902 3011 3263 3066 κατεϐάλλετο
3288 3012 3377 3067 διὰ
3400 3012 3508 3066 τῶν
3534 3015 3668 3067 ἀπο-

2099 3100 2297 3155 στόλων
2321 3101 2508 3167 αύτοῦ,
2530 3102 2590 3156 τὸ
2618 3104 2831 3175 πνεῦμα
2852 3104 2951 3175 τῆς
2971 3103 3258 3167 υἱοθεσίας.
3289 3105 3432 3158 Ἀντὶ
3458 3105 3513 3158 δὲ
3534 3105 3629 3160 τοῦ
3646 3122 3663 3138 ο

2111 3193 2600 3263 Ἁναγγελήσεται
2630 3194 2711 3260 τῷ
2731 3197 2924 3263 Κυρίῳ
2944 3196 3118 3265 γενεὰ
3136 3197 3173 3265 ή
3201 3195 3511 3266 ἐρχομένη,
3538 3199 3667 3268 σφό-

417 3316 657 3373 uentura,
680 3306 879 3360 mirum
908 3306 964 3358 in
1002 3303 1224 3358 modum
1266 3302 1644 3375 Symmachus,
1672 3302 1991 3357 describetur

2097 3284 2199 3357 δρα
2244 3284 2568 3357 θαυμαστῶς
2611 3286 2640 3339 6
2682 3286 3009 3358 Σύμμαχοςο
3066 3289 3563 3359 Ἀναγραφήσεται
3598 3292 3668 3345 ἐν

2103 3376 2304 3407 Ωιρημ
2349 3378 2427 3407 -1".
2474 3380 2659 3407 nam!“
2712 3379 2787 3407 (ιι
2851 3382 3120 3407 νηηδκ-..
3168 3382 3578 3407 L.._-.--n\__n_-
3631 3386 3660 3407 ,ι

417 3400 471 3453 in
521 3399 656 3454 libro
700 3399 942 3454 Domino.
997 3396 1264 3452 Futurum
1312 3404 1431 3453 erat
1476 3404 1535 3451 ut
1578 3396 1991 3451 annuntiaretur

2093 3376 2306 3445 βιϐλίῳ
2349 3378 2429 3444 τῷ
2464 3380 2661 3447 Κυρίῳ
2711 3379 2810 3451 (1).
2851 3382 3120 3452 Ἤμελλεν
3164 3382 3583 3452 ἀναγγέλλεσθαι
3631 3386 3663 3455 ή

418 3492 696 3561 generatio
724 3498 950 3545 ventura
974 3508 990 3557 ;
1022 3489 1155 3559 quin
1182 3489 1344 3544 etiam
1379 3487 1611 3543 Domino
1639 3502 1995 3544 consecrare-

416 3592 507 3637 tur
546 3584 684 3639 liber
714 3583 1010 3654 prophetiae
1049 3583 1117 3637 de
1163 3584 1515 3653 generatione
1566 3588 1798 3636 ventura
1830 3595 1894 3636 ac
1926 3580 1995 3635 de

418 3678 616 3747 populo
653 3677 960 3732 nascituro.

804 3788 1129 3845 PSALMUS
1196 3786 1405 3842 DAVID
1464 3785 1635 3842 XXII.

486 3906 650 3963 Vsus.
689 3908 743 3973 l,
777 3907 834 3962 2.
867 3908 1122 3961 Dominus
1145 3904 1315 3974 pascit
1346 3919 1447 3966 me,
1478 3910 1529 3957 et
1561 3900 1695 3956 nihil
1729 3900 1859 3954 mihi
1894 3900 1989 3956 de-

412 4000 535 4066 erit,
565 4001 619 4053 in
652 4000 764 4054 loco
793 4016 1005 4069 pascuae
1034 3997 1107 4051 ibi
1148 4013 1229 4051 me
1258 3995 1553 4050 collocavit.
1603 3992 1773 4063 Super
1797 4010 1989 4063 aquam

412 4092 711 4159 refectionis
754 4091 993 4144 educavit
1050 4106 1162 4153 me,
1194 4089 1428 4142 animam
1480 4103 1651 4140 meam
1710 4086 1983 4140 convertit.

414 4181 647 4235 Deduxit
672 4197 770 4235 me.
805 4179 1000 4234 Ovium
1040 4180 1284 4234 conditio
1317 4194 1417 4235 ceu
1451 4180 1664 4234 medius
1703 4187 1879 4234 status
1903 4186 1987 4236 est

412 4274 557 4328 inter
599 4272 965 4342 perfectorum
1015 4286 1396 4342 progressum,
1447 4280 1502 4326 et
1547 4287 1735 4325 eorum
1782 4278 1984 4326 statum

411 4364 506 4433 qui
538 4378 663 4417 cum
705 4364 762 4416 in
800 4361 1073 4432 profundo
1111 4362 1369 4431 nequitia:
1414 4362 1826 4433 provolvantur,
1862 4361 1985 4417 ideo

411 4453 701 4523 reptilibus
732 4453 975 4523 ferisque
999 4455 1307 4524 agrestibus
1352 4458 1763 4523 comparantur.
1797 4451 1983 4509 Perfe-

410 4555 534 4600 ctus
570 4560 804 4615 namque
852 4545 936 4598 vir
978 4545 1026 4600 is
1080 4545 1265 4613 fuerit,
1311 4545 1470 4614 cujus
1506 4544 1688 4598 anima
1738 4544 1803 4598 ad
1845 4544 1979 4599 ima-

409 4641 589 4709 ginem
628 4648 682 4693 et
724 4639 1137 4694 similitudinem
1164 4639 1258 4693 Dei
1293 4638 1456 4699 facta,
1494 4638 1740 4692 moribus
1771 4638 1836 4692 ad
1871 4637 1977 4691 vir-

2091 3468 2253 3537 γενεά
2295 3470 2329 3542 ὴ
2380 3470 2673 3542 ἐρχομένηο
2713 3470 2827 3525 ἀλλ’
2872 3473 3299 3544 ἀνατεθήσεσθαι
3348 3474 3426 3545 τῷ
3476 3474 3665 3547 Κυρίῳ

2092 3561 2272 3632 βίϐλος
2298 3566 2634 3636 προφητείας
2667 3566 2793 3638 περὶ
2829 3566 2932 3637 τῆς
2962 3570 3153 3637 γενεᾶς
3192 3569 3294 3641 τῆς
3343 3570 3662 3644 ἐρχομένης,

2092 3656 2184 3709 καὶ
2211 3657 2304 3711 τοῦ
2338 3658 2742 3730 τεχθησομένου
2769 3658 2921 3712 λαοῦ.

2467 3795 2757 3848 ΨΑΛΜΟΣ
2796 3796 2883 3848 ΤΩ
2920 3796 3120 3848 ΔΑΥῙΔ
3159 3796 3287 3849 KB'.

2158 3908 2375 3975 Κύριος
2406 3910 2697 3977 ποιμαίνει
2726 3926 2822 3978 με,
2848 3909 2945 3963 καὶ
2980 3909 3160 3964 οὐδέν
3187 3927 3265 3979 με
3301 3910 3657 3979 ὑστερήσει·

2086 4002 2174 4065 εἰς
2212 4002 2400 4053 τόπον
2449 4001 2644 4069 χλόης
2700 4000 2829 4053 ἐκεῖ
2884 4018 2961 4070 με
3014 4000 3514 4071 κατεσκήνωσενλο
3562 4002 3659 4056 ἐπὶ

2085 4091 2302 4158 ὕδατος
2327 4091 2721 4159 ἀναπαύσεως
2744 4092 3027 4162 ἐξέθρεψέ
3042 4111 3118 4162 με
3133 4108 3146 4121 ⁸
3170 4093 3283 4163 τὴν
3307 4093 3519 4164 ψυχήν
3540 4112 3660 4163 μου

2083 4182 2472 4252 ἐπέστρεψεν.
2518 4184 2812 4254 Ὠδήγνησέ
2852 4202 2947 4255 με.
2995 4186 3150 4258 Μέση
3194 4187 3451 4256 τυγχάνει
3494 4188 3661 4242 κατά-

2086 4293 2273 4339 στασις
2298 4277 2330 4347 ἡ
2355 4276 2461 4329 τῶν
2488 4275 2772 4348 προϐάτων
2792 4277 2890 4348 τῆς
2916 4295 2976 4331 τε
3006 4278 3113 4333 τῶν
3136 4277 3354 4332 τελείων
3380 4278 3660 4350 προκοπῆς

2082 4367 2175 4419 καὶ
2200 4366 2307 4419 τῶν
2334 4368 2389 4418 ὲν
2413 4366 2559 4436 βυθῷ
2584 4368 2783 4431 κακίας
2808 4367 3256 4438 καλινδουμένων,
3274 4368 3368 4422 καὶ
3392 4368 3482 4423 διὰ
3500 4368 3656 4423 τοῦτο

2081 4459 2330 4529 ἑρπετοῖς
2363 4459 2455 4511 καὶ
2505 4457 2712 4530 θηρίοις
2765 4459 2978 4532 ἀγρίοις
3024 4460 3536 4531 παραϐαλλομένων.
3596 4461 3655 4515 ’0

2082 4548 2181 4618 μὲν
2211 4548 2319 4620 γὰρ
2350 4548 2553 4612 τέλειος
2577 4549 2772 4617 γένοιτ’
2807 4550 2873 4604 ἂν
2918 4553 2946 4605 6
2993 4550 3135 4605 κατὰ
3172 4552 3273 4623 τὴν
3319 4552 3506 4606 εἰκόνα
3558 4553 3652 4606 τοῦ

2078 4637 2213 4691 Θεοῦ
2244 4639 2338 4692 καὶ
2376 4638 2475 4709 τὴν
2513 4638 2773 4710 ὁμοίωσιν
2816 4640 2980 4694 αὑτοῦ
3027 4642 3125 4714 τὴν
3171 4641 3346 4714 ψυχὴν
3388 4646 3500 4706 τοῖς
3534 4646 3652 4697 δαῖτ’

409 4737 577 4783 tutem
627 4729 968 4784 concinnatis
1023 4728 1285 4799 insignita
1326 4735 1408 4783 est
1446 4748 1458 4781 :
1505 4727 1597 4796 qui
1649 4726 1972 4792 Dominum,

2093 4730 2275 4803 ὶρετὴν
2296 4732 2517 4803 τρόποις
2533 4733 3145 4804 κεχαρακτηρισμένοις·
3167 4735 3194 4787 6
3214 4736 3305 4788 καὶ
3327 4734 3548 4805 βασιλέα
3562 4735 3652 4789 τὸν

408 4838 588 4891 regem
624 4822 752 4885 sibi,
787 4839 897 4878 non
929 4831 1235 4892 pastorem,
1276 4821 1545 4875 inscribit.
1596 4819 1699 4886 Qui
1739 4835 1869 4875 vero
1906 4836 1973 4875 ex

408 4913 721 4981 hujusmodi
756 4921 901 4970 statu
933 4914 1211 4983 delapsus,
1247 4921 1302 4967 et
1331 4912 1423 4983 qui
1458 4913 1679 4983 proprio
1706 4928 1770 4967 ac
1804 4912 1974 4970 libero

405 5006 705 5061 voluntatis
748 5006 975 5060 arbitrio
1014 5005 1069 5059 in
1117 5004 1323 5079 ferinos
1376 5019 1556 5060 mores
1610 5011 1971 5059 commutatus

405 5105 510 5165 est,
539 5098 587 5153 is
615 5098 811 5152 merito
837 5113 1009 5167 equus
1033 5097 1376 5153 eﬂ‘eminatus
1399 5104 1643 5161 vocetur,
1670 5098 1784 5152 sive
1813 5098 1974 5168 lupus

405 5203 596 5257 rapax.
631 5187 944 5244 Istiusmodi
977 5198 1157 5243 autem
1184 5188 1454 5253 homines,
1488 5196 1790 5256 serpentes,
1824 5188 1976 5258 geni-

404 5280 552 5333 mina
584 5280 892 5350 viperarum
913 5321 928 5345 ,
959 5295 1189 5350 porcos,
1234 5295 1421 5344 canes,
1463 5281 1653 5350 vulpes
1690 5280 1973 5350 Scriptura

405 5369 544 5424 solet
579 5371 872 5440 appellare.
917 5370 1020 5436 Qui
1046 5386 1173 5426 vero
1201 5386 1268 5425 ex
1293 5370 1397 5423 hac
1428 5369 1628 5425 misera
1658 5368 1972 5424 conditione

405 5462 463 5515 in
498 5462 776 5516 meliorem
826 5478 885 5517 se
929 5464 1140 5533 frugem
1196 5462 1489 5531 recipiunt,
1540 5470 1654 5516 tum
1699 5463 1857 5532 quasi
1902 5461 1967 5515 ad

406 5553 714 5623 ingressum
750 5569 814 5609 ac
848 5555 1180 5609 vestibulum
1225 5554 1421 5610 divina
1466 5553 1795 5624 cognitionis
1842 5569 1969 5624 pro-

407 5647 610 5719 gressi,
641 5662 771 5703 oves
796 5648 887 5703 Dei
928 5649 1050 5719 jure
1085 5657 1472 5720 nuncupentur
1500 5668 1513 5704 :
1549 5648 1614 5703 ad
1642 5647 1963 5719 perfectiora

487 5809 556 5877 (l)
590 5805 646 5861 In
680 5806 946 5864 llebraicu
973 5808 1190 5880 legitur,
1224 5793 1378 5869 νὶτκι)
1424 5817 1581 5867 Ἶέῠν.

2080 4822 2302 4894 Κύριον,
2318 4822 2432 4876 ἀλλ’
2448 4825 2508 4876 οὺ
2526 4825 2761 4896 ποιμένα
2787 4828 3219 4899 ἐπιγραφόμενος
3238 4845 3250 4857 ·
3276 4830 3303 4882 6
3322 4828 3376 4880 δὲ
3404 4827 3651 4882 ἐκπεσὼν

2078 4914 2301 4986 ταύτης,
2323 4916 2381 4983 ὲξ
2409 4917 2864 4989 αὐτοπροαιρέτου
2884 4918 2938 4971 δὲ
2961 4919 3289 4991 διαστροφῆς
3314 4920 3405 4973 ἐπὶ
3431 4921 3529 4991 τὴν
3557 4919 3652 4991 θη-

2080 5006 2243 5079 ριώδη
2265 5008 2682 5081 μεταϐεϐληκὼς
2705 5010 2837 5078 ἕξιν,
2863 5012 3026 5075 ἵππος
3048 5011 3361 5083 θηλυμανὴς
3382 5013 3652 5085 χρηματί-

2077 5117 2159 5153 σοι
2178 5100 2262 5165 ἂν,
2286 5102 2380 5155 καὶ
2400 5101 2561 5166 λύκος
2576 5104 2929 5174 άρπακτικός.
2953 5107 3142 5175 Ὂφεις
3167 5106 3243 5171 δὲ,
3263 5108 3357 5161 καὶ
3375 5108 3535 5179 γεννή
3545 5124 3648 5178 μα-

2073 5208 2143 5245 τα
2167 5193 2511 5263 ὲχιδνῶν,καὶ
2530 5196 2763 5269 χοίρους,
2782 5199 2875 5252 καὶ
2896 5198 3081 5263 κύνας,
3098 5200 3190 5253 καὶ
3211 5197 3499 5264 ἀλώπεκας
3524 5200 3650 5263 τοὺς

2073 5280 2346 5347 τοιούτους
2364 5285 2552 5340 εἴωθεν
2571 5286 2855 5358 ὀνομάζειν
2881 5291 2913 5359 ἡ
2936 5291 3144 5363 Γραφή.
3164 5292 3226 5345 Οἱ
3246 5291 3302 5344 δὲ
3327 5292 3393 5345 ὲκ
3412 5292 3510 5362 τῆς
3534 5308 3646 5344 τοι-

2076 5373 2246 5445 αύτης
2266 5376 2666 5444 καταπτώσεως
2687 5381 3109 5451 μεταϐάλλοντες
3128 5385 3219 5435 ἐπὶ
3240 5383 3341 5455 τὴν
3364 5383 3646 5454 κρείττονα

2076 5467 2425 5535 κατάστασιν,
2445 5470 2581 5535 τέως
2616 5474 2713 5543 μὲν
2746 5474 2932 5545 ὥσπερ
2955 5477 3011 5529 ἐν
3040 5477 3368 5545 εἰσαγωγαῖς
3388 5475 3483 5530 καὶ
3510 5492 3644 5546 προ-

2077 5558 2259 5630 θύροις
2289 5562 2599 5632 γιγνόμενοι
2631 5565 2730 5636 τῆς
2762 5567 2902 5621 κατά
2928 5566 3060 5621 Θεὸν
3082 5567 3356 5635 γνώσεως,
3397 5566 3645 5638 πρόϐατα

2074 5650 2138 5704 ἂν
2190 5652 2412 5717 εἰκότως
2444 5653 2689 5725 κληθεῖεν
2720 5657 2886 5711 Θεοῦ·
2925 5658 3297 5728 προκόψαντες
3339 5659 3396 5712 δὲ
3443 5658 3537 5712 ὲπὶ
3581 5658 3642 5711 τὸ
