4094 6378
352 341 437 397 217

1494 336 2002 394 ΟΟΜΜΕΝΤΑΒΙΑ
2041 338 2110 393 IN
2148 334 2495 399 PSALMOS.

3490 350 3597 406 218

351 461 675 533 τελειότερον,
719 461 995 534 ἄνθρωποι
1042 459 1494 534 χρηματίζουσιν.
1542 460 1669 514 Ὅτε
1697 478 1761 531 γε
1807 460 1910 532 μὴν

2016 472 2197 519 autem
2259 464 2550 535 provecti,
2612 463 2864 522 homines
2923 475 3214 524 vocantur.
3290 468 3372 524 llli
3432 485 3599 540 porro

355 552 571 626 πρόϐατα
599 554 981 624 τυγχάνουσιν,
1005 553 1111 606 ὑπὸ
1150 553 1369 624 ποιμένι
1397 552 1476 623 τῷ
1516 552 1604 606 διὰ
1653 553 1910 625 Ἰεζεκιὴλ

354 643 615 717 δηλωθέντι
658 644 843 709 Δαυῖδ,
893 644 1141 698 τουτέστι
1170 644 1248 716 τῷ
1299 648 1363 699 ὲκ
1406 646 1719 717 σπέρματος
1748 646 1911 700 Δαυῒδ

354 739 537 809 Σωτῆρι
574 738 734 810 ἡμῶν
777 738 873 791 καὶ
904 737 1159 811 Χριστῷ,
1219 739 1517 809 ἀγόμενοι,
1567 738 1912 792 διδάσκονται

353 833 501 902 λέγειν
524 849 537 862 ο
562 834 781 899 Κύριος
819 833 1115 901 ποιμαίνει
1150 849 1249 901 με,
1275 831 1375 885 καὶ
1406 830 1588 886 οὐδέν
1624 849 1697 901 με
1736 834 1912 885 ὑστε-

346 926 515 995 ρήσει.
536 926 599 978 Ui
628 924 684 977 δὲ
714 925 868 979 αὐτοὶ
895 926 995 996 τῆς
1023 927 1216 996 νοερᾶς
1244 925 1340 978 καὶ
1365 925 1558 995 καινῆς
1581 925 1789 997 τροφῆς
1818 926 1914 979 καὶ

353 1016 464 1079 πόας
500 1014 1023 1087 ἀντιλαμϐανόμενοι
1057 1015 1158 1085 τῆς
1201 1018 1258 1069 ὲν
1297 1019 1412 1080 τοῖς
1459 1017 1623 1088 ἱεροῖς
1669 1016 1915 1087 Εὑαγγε-

351 1107 461 1172 λίοις
487 1107 738 1179 ἐροῦσιν
768 1107 875 1174 Εἰς
911 1110 1100 1162 τόπον
1121 1109 1313 1177 χλόης
1343 1108 1471 1162 ἐκεῖ
1499 1126 1579 1178 με
1620 1109 1916 1178 κατεσκή-

349 1218 538 1258 νωσεν.
556 1203 736 1257 Πίνων
754 1202 805 1255 δὲ
832 1200 925 1256 τοῦ
954 1202 1141 1266 ὕδατος
1167 1204 1194 1255 ὁ
1218 1202 1569 1273 εἰσαγόμενος
1591 1204 1649 1257 ὲν
1670 1205 1911 1276 Χριστῷ,

352 1294 480 1348 οὔπω
497 1294 555 1348 δὲ
584 1295 681 1348 τοῦ
707 1295 849 1348 οἴνου
876 1292 969 1347 τοῦ
1007 1295 1108 1364 τῆς
1134 1294 1390 1367 ἀληθινῆς
1428 1296 1672 1367 ἀμπέλου
1717 1292 1826 1361 οἷός
1855 1316 1914 1352 τε

350 1388 413 1441 ὢν
437 1387 889 1458 μεταλαμϐάνειν,
920 1386 1007 1440 διὰ
1039 1386 1102 1439 τὸ
1138 1386 1220 1440 ἔτι
1261 1387 1537 1457 πρόϐατον
1572 1383 1731 1455 εἶναι,
1775 1388 1914 1453 τέως

349 1481 397 1533 δὲ
424 1480 492 1551 τῷ
513 1480 770 1552 σωτηρίῳ
816 1479 1150 1552 τρεφόμενος
1207 1478 1380 1545 ὕδατι,
1426 1481 1554 1551 περὶ
1600 1473 1661 1534 οῦ
1714 1480 1843 1534 ἐϐόα
1887 1482 1916 1533 ὁ

350 1573 515 1644 Σωτὴρ
540 1571 716 1641 λέγων
736 1589 749 1602 ·
793 1572 868 1626 ΕΖ
895 1590 986 1639 τις
1017 1569 1188 1640 διψᾷ,
1213 1570 1479 1641 ἐρχέσθω
1507 1574 1661 1641 πρός
1687 1589 1765 1643 με
1813 1573 1914 1627 καὶ

351 1662 569 1717 πινέτω·
600 1666 696 1718 καὶ
738 1663 932 1718 πάλιν·
969 1664 1034 1716 Ὃ
1064 1664 1257 1717 πίνων
1310 1664 1379 1717 ἐκ
1426 1663 1533 1719 τοῦ
1573 1663 1794 1731 ὕδατος
1840 1659 1913 1720 οὗ

348 1756 447 1826 ἐγὼ
476 1756 649 1810 δώσω
680 1756 861 1823 αὐτῷ,
900 1756 1153 1825 ποταμοὶ
1186 1756 1257 1809 ἐκ
1305 1755 1417 1824 τῆς
1450 1756 1684 1823 κοιλίας
1729 1755 1914 1812 αὑτοῦ

2013 557 2234 625 quando
2261 571 2393 614 oves
2421 564 2584 623 sunt,
2630 573 2661 612 a
2692 566 2914 630 pastore
2960 577 3123 633 quem
3148 560 3399 619 Ezechiel
3435 562 3601 618 Davi-

2012 646 2099 701 dis
2152 648 2376 703 nomine
2432 648 2641 703 indicat
2675 652 2744 717 ¹¹,
2778 651 2830 706 id
2878 659 2960 707 est
3016 652 3357 711 aSalvatore
3407 662 3599 710 nostro

2012 737 2236 795 Christo
2262 740 2436 805 ducti,
2469 741 2537 796 ad
2567 742 2683 797 haec
2708 742 2940 799 dicenda
2981 744 3372 812 instituuntur,
3411 746 3599 801 Domi—

2014 848 2111 884 nus
2137 832 2308 901 pascit
2344 850 2446 898 me,
2470 842 2521 888 et
2549 834 2684 888 nihil
2708 835 2837 889 mihi
2857 837 3045 893 deerit.
3096 837 3179 893 llli
3216 854 3345 895 vero
3372 841 3477 912 ipsi
3513 839 3600 895 in-

2013 921 2280 992 telligibili
2313 938 2377 978 ac
2402 940 2547 978 novo
2580 924 2838 981 alimento
2871 935 3034 997 atque
3062 929 3283 999 pascuis
3312 946 3596 986 sacrorum

2014 1015 2435 1088 Evangeliorum
2492 1020 2753 1084 enutriti,
2802 1019 3008 1087 dicent,
3047 1022 3101 1076 in
3138 1022 3251 1076 loco
3282 1040 3495 1092 pascua:
3524 1024 3598 1079 ibi

2015 1126 2096 1163 me
2130 1109 2427 1165 collocavit.
2465 1109 2570 1176 Qui
2611 1118 2791 1167 autem
2832 1112 2886 1167 in
2919 1111 3141 1169 Christo
3172 1115 3441 1180 initiatur,
3476 1117 3599 1188 qui-

2015 1215 2124 1271 que
2156 1214 2353 1271 aquam
2382 1208 2557 1271 potat;
2586 1203 2731 1273 quod
2760 1203 3005 1258 nondum
3039 1206 3215 1263 valeat
3243 1209 3425 1263 vinum
3457 1224 3599 1264 verae

2016 1293 2144 1348 vitis
2184 1294 2394 1360 bibere,
2432 1295 2562 1366 quia
2601 1295 2779 1349 adhuc
2833 1296 2889 1350 in
2936 1296 3119 1352 ovium
3174 1314 3409 1354 numero
3448 1314 3599 1355 com-

2016 1390 2264 1458 putatur,
2312 1387 2408 1441 sed
2455 1394 2642 1442 tamen
2688 1388 2920 1443 salutari
2968 1389 3063 1442 illa
3101 1404 3244 1460 aqua
3291 1398 3595 1455 recreatur,

2016 1478 2084 1534 de
2110 1494 2218 1548 qua
2244 1475 2497 1533 Salvator
2542 1479 2660 1534 haec
2691 1481 2926 1535 clamat:
2964 1479 3024 1535 Si
3069 1483 3187 1551 quis
3236 1482 3387 1547 sitit,
3427 1487 3599 1539 veniat

2018 1570 2087 1625 ad
2117 1588 2198 1625 me
2228 1581 2277 1625 et
2312 1571 2457 1625 bibat
2510 1574 2591 1635 ²¹;
2632 1583 2688 1629 et
2721 1574 2917 1629 iterum
2956 1591 2969 1627 :
3018 1574 3127 1639 Qui
3171 1574 3355 1629 biberit
3405 1592 3599 1648 aquam

2015 1680 2172 1735 quam
2221 1681 2314 1734 ego
2363 1663 2502 1719 dabo
2555 1667 2624 1731 ei,
2679 1666 2908 1734 ﬂumina
2954 1666 3019 1721 de
3067 1679 3241 1723 ventre
3288 1669 3402 1739 ejus
3432 1670 3598 1740 ﬂuent

2018 1775 2169 1831 aqua:
2198 1760 2387 1813 vium"
2411 1778 2426 1827 ;
2454 1775 2517 1814 ac
2550 1775 2804 1817 rursum:
2841 1762 2945 1829 Qui
2978 1762 3164 1818 biberit
3186 1780 3251 1818 ea:
3273 1782 3412 1835 aqua
3439 1782 3598 1837 quam

341 1846 659 1912 ῥεύσουσιν
680 1845 900 1913 ῧδατος
927 1845 1140 1912 ζῶντος
1158 1862 1171 1875 ·
1202 1846 1297 1898 κα)⁵
1319 1841 1501 1909 αὖθις·
1539 1846 1601 1899 '0
1628 1846 1821 1900 πίνων
1845 1846 1910 1899 ἐκ

2016 1866 2109 1920 ego
2139 1849 2276 1903 dabo
2313 1852 2383 1916 ei,
2414 1868 2517 1906 non
2557 1853 2700 1907 sitiet
2720 1853 2787 1908 .in
2819 1862 3076 1908 internum
3103 1855 3184 1924 ²⁸;
3217 1857 3265 1911 is
3292 1857 3417 1926 jure
3445 1858 3598 1914 dixe-

350 1938 442 1993 τοῦ
484 1940 707 2008 ὕδατος
731 1937 804 1997 οὗ
849 1942 965 2013 ἐγὼ
1007 1940 1179 1993 δώσω
1209 1939 1403 2006 αὐτῷ,
1438 1943 1510 1995 οὐ
1551 1940 1638 2010 μὴ
1674 1940 1909 2011 διψήσῃ

347 2036 422 2099 εἰς
454 2034 558 2087 τὸν
602 2034 819 2089 αὶῶναι
871 2035 1013 2088 ετποι
1051 2033 1151 2089 ἄν’
1216 2034 1339 2087 Ἐπὶ
1387 2032 1606 2099 ὕδατος
1644 2033 1912 2087 ἀναπαύ-

344 2140 478 2192 σεως
502 2126 795 2195 ἐξέθρεψέ
820 2144 919 2196 με.
946 2127 1105 2180 Ἀλλὰ
1125 2128 1219 2181 καὶ
1245 2128 1355 2180 πᾶν
1386 2125 1550 2197 ἄχθος
1579 2124 1912 2197 ἀποθέμενος

342 2219 435 2274 τῶν
449 2219 694 2275 παλαιῶν
714 2221 1127 2293 ἁμαρτημάτων
1147 2221 1235 2274 διά
1247 2219 1473 2292 λουτροῦ
1493 2219 1911 2289 παλιγγενεσίας

342 2312 423 2365 καὶ
448 2312 870 2376 ἀνακαινώσεως
916 2313 1232 2385 Πνεύματος
1260 2313 1438 2382 ἁγίου,
1476 2315 1618 2367 εἴποι
1658 2312 1741 2366 ἄν’
1787 2311 1913 2365 Ἐπὶ

340 2405 534 2472 ὕδατος
592 2407 995 2475 ἀναπαύσεως
1039 2407 1325 2477 ἐξέθρεψέ
1368 2424 1467 2477 με.
1532 2405 1913 2471 Ἀναπαύσεως

340 2497 433 2569 γὰρ
452 2499 523 2562 ὡς
547 2499 773 2571 ἀληθῶς
802 2501 979 2555 ἐκεῖνο
1012 2501 1075 2554 τὸ
1099 2501 1263 2572 ὕδωρ,
1289 2500 1355 2555 δι’
1400 2494 1460 2555 οῦ
1507 2501 1569 2555 τὸ
1624 2500 1762 2571 βαρὺ
1818 2501 1911 2554 καὶ

337 2592 620 2662 ἐπίμοχθον
668 2594 887 2667 φορτίον
941 2593 1047 2648 τῶν
1088 2593 1372 2667 ἁμαρτιῶν
1430 2594 1493 2646 τὸ
1554 2592 1774 2658 πιεζοῦν
1811 2594 1913 2666 τὴν

337 2685 495 2755 ψυχὴν
518 2686 840 2759 ἀπορρίψας
872 2704 979 2752 τις,
1011 2688 1104 2742 καὶ
1150 2688 1328 2741 πάντα
1374 2687 1545 2759 ῥύπον
1577 2686 1671 2741 καὶ
1727 2686 1912 2741 σπίλον

338 2778 421 2831 καὶ
442 2779 628 2851 κηλῖδα
654 2780 1026 2851 σμηξάμενος,
1064 2779 1281 2851 δεσμῶν
1307 2797 1368 2833 τε
1400 2779 1613 2843 ἀνεθεὶς
1648 2777 1914 2832 πολυπλόυ

337 2890 467 2940 κων,
520 2876 937 2948 συνῃσθημένος
981 2876 1188 2931 τούτων
1259 2876 1517 2930 ἁπάντων
1575 2875 1719 2947 ἐρεῖ·
1788 2872 1913 2927 Ἐπὶ

336 2963 536 3032 ὕδατος
564 2967 973 3034 ἀναπαύσεως
1001 2966 1285 3037 ἐξέθρεψέ
1315 2985 1412 3037 με.
1451 2964 1565 3020 Εἶθ’
1600 2965 1787 3036 ὥσπερ
1823 2966 1914 3018 ὲκ-

334 3053 519 3110 λείπων
544 3058 723 3113 πάλαι
746 3058 847 3130 τὴν
869 3058 1070 3130 ψυχὴν,
1107 3059 1297 3112 ἔπειτα
1318 3058 1406 3112 διὰ
1431 3058 1529 3129 τῆς
1555 3056 1913 3127 ἀποδοθείσης

334 3149 479 3220 χλόης
500 3152 595 3204 καὶ
622 3150 725 3204 τοῦ
759 3151 1025 3223 σωτηρίου
1054 3150 1246 3215 ὓδατος
1269 3149 1552 3204 ἀναλαϐὼν
1578 3148 1790 3213 ἑαυτὸν,
1819 3147 1912 3202 καὶ

2016 1941 2109 2008 rit,
2153 1958 2311 2012 super
2350 1958 2543 2013 aquam
2584 1943 2781 2012 requiei
2831 1943 3071 1998 educavit
3130 1961 3229 1999 me.
3282 1945 3387 2000 Sed
3434 1946 3595 2001 etiam

2016 2035 2195 2103 posita
2226 2050 2323 2105 per
2351 2035 2633 2090 lavacrum
2670 2036 3107 2105 regenerationis
3141 2046 3195 2093 et
3222 2040 3600 2095 renovationis

2020 2123 2260 2196 Spiritus
2308 2126 2485 2182 sancti
2530 2132 2774 2181 veterum
2815 2134 3167 2197 peccatorum
3219 2129 3458 2198 sarcina,
3504 2144 3598 2200 ap-

2016 2218 2196 2288 posite
2251 2216 2423 2283 dicat,
2484 2231 2639 2285 super
2695 2232 2889 2286 aquam
2950 2217 3148 2287 requiei
3198 2217 3440 2272 educavit
3495 2237 3595 2274 me.

2018 2307 2244 2380 Requiei
2303 2307 2502 2362 etenim
2561 2323 2689 2363 vere
2740 2315 2826 2363 est
2885 2324 3026 2378 aqua
3087 2308 3437 2378 hujusmodi,
3492 2328 3600 2381 qua

2017 2402 2162 2474 quis,
2189 2400 2403 2470 abjecto
2429 2407 2777 2471 peccatorum
2806 2403 2956 2473 gravi
2987 2416 3330 2470 onerosoque
3361 2403 3603 2473 pondere

2019 2494 2255 2549 animam
2278 2494 2640 2562 Opprime-nte,
2666 2494 2813 2547 omni
2851 2495 3062 2548 macula
3096 2502 3149 2550 et
3179 2495 3301 2549 labe
3327 2495 3597 2560 abstersa,

2019 2587 2321 2657 solutisque
2345 2586 2578 2642 vinculis
2624 2586 2733 2642 illis
2766 2588 3126 2657 complicatis,
3161 2589 3345 2642 laetitia
3371 2589 3600 2659 hujusce

2020 2696 2201 2737 rerum
2233 2694 2525 2735 successus
2557 2677 2787 2734 allectus
2820 2679 2983 2743 dicet,
3004 2695 3159 2748 super
3182 2696 3375 2749 aquam
3406 2680 3600 2749 requiei

2017 2773 2257 2829 educavit
2305 2788 2405 2825 me.
2459 2769 2669 2826 Deinde
2715 2786 2865 2836 vero,
2918 2780 3107 2842 utpote
3153 2772 3247 2842 qui
3298 2786 3422 2825 cum
3467 2772 3597 2826 olim

2019 2868 2202 2922 animo
2247 2866 2536 2929 deficeret,
2583 2880 2681 2934 per
2733 2866 2964 2934 gratiam
3019 2866 3124 2920 sibi
3173 2865 3355 2919 datam
3395 2880 3461 2920 ac
3502 2880 3599 2935 per

2020 2960 2316 3016 salutarem
2363 2971 2560 3027 aquam
2608 2956 2662 3010 in
2703 2957 2984 3011 meliorem
3032 2973 3155 3013 sese
3198 2965 3402 3013 statum
3445 2970 3599 3011 rece-

2019 3051 2180 3121 perit,
2215 3048 2371 3119 quasi
2424 3061 2455 3101 a
2486 3053 2660 3101 morte
2702 3056 2990 3103 revocatus
3037 3047 3108 3102 sit
3146 3046 3321 3114 dicet,
3363 3046 3597 3100 animant

2019 3158 2191 3197 meam
2234 3141 2506 3194 convertit.
2555 3137 2679 3193 Haec
2726 3140 2912 3194 omnia
2956 3141 3208 3197 evenient
3247 3142 3455 3195 homini
3502 3140 3597 3212 qui

330 3240 503 3316 ὥσπερ
536 3244 602 3297 ἐκ
632 3242 872 3296 θανάτου
898 3244 1365 3315 παλινδρομήσας,
1409 3244 1605 3315 φήσει·
1644 3240 1765 3309 Τὴν
1800 3243 1910 3309 ψυ-

2020 3250 2117 3305 per
2150 3239 2512 3288 memoratum
2544 3231 2806 3287 Davidem
2839 3248 2869 3286 a
2893 3232 3126 3289 Domino
3154 3234 3420 3305 pascitur.

329 3332 440 3405 χήν
466 3353 585 3405 μου
626 3333 992 3404 ἐπέστρεψε.
1034 3334 1220 3390 Ταῦτα
1260 3335 1441 3389 πάντα
1473 3333 1705 3407 ὑπάρξει
1744 3331 1823 3404 τῷ
1883 3328 1972 3386 διὰ
2008 3328 2100 3382 τοῦ
2139 3325 2471 3399 δηλωθέντος
2523 3326 2687 3381 Δαυῖδ
2723 3327 2829 3381 ὑπὸ
2878 3327 2973 3381 τοῦ
3044 3328 3251 3397 Κυρίου
3310 3344 3596 3398 ποιμαινο-

333 3425 483 3497 μένῳ.

396 3517 693 3588 Ὦδήγησέ
735 3535 813 3589 με
855 3518 955 3572 ἐπὶ
992 3519 1232 3587 τρίϐους
1279 3518 1670 3587 δικαιοσύνης
1705 3517 1914 3572 ἕνεκεν

326 3612 420 3665 τοῦ
456 3614 760 3683 ὀνόματος
784 3612 990 3668 αὐτοῦ.
1020 3611 1227 3676 Ταῦτα,
1262 3613 1425 3683 φησὶ,
1460 3613 1709 3685 πράττει,
1740 3612 1815 3676 ὡς
1848 3611 1914 3665 ἂν

326 3706 392 3777 μὴ
424 3705 826 3778 βλασφημῆται
864 3705 1029 3760 αὑτοῦ
1071 3706 1131 3759 τὸ
1173 3706 1363 3777 ὄνομα,
1414 3705 1524 3759 τῶν
1570 3704 1734 3759 αὐτοῦ
1780 3723 1915 3778 προ-

323 3795 487 3852 ϐάτων
518 3798 944 3870 ἀπολλυμένων,
978 3798 1011 3869 ἢ
1060 3797 1248 3861 κακῶς
1280 3797 1582 3869 ἀγομένων.
1636 3797 1773 3852 Ἐὰν
1801 3799 1913 3867 γὰρ

320 3891 409 3945 καὶ
435 3891 717 3961 πορευθῶ
750 3892 820 3945 ἐν
863 3889 1033 3961 μέσῳ
1062 3890 1241 3957 σκιᾶς
1277 3890 1557 3955 θανάτου,
1606 3892 1678 3945 οὐ
1729 3891 1912 3959 φοϐη-

320 3983 565 4055 θήσομαι
590 3982 782 4047 κακὰ,
805 3982 896 4037 ὅτι
929 3982 1010 4037 σὺ
1045 3984 1172 4052 μετ’
1202 3982 1347 4052 ἐμοῦ
1369 3978 1440 4035 εἷ.
1472 3981 1706 4054 Μακράν
1734 3982 1843 4055 γὰρ
1876 3985 1909 4054 ἡ

322 4077 553 4148 ἁμαρτία
597 4075 815 4138 παντὸς
842 4075 1093 4139 συνόντος
1133 4074 1273 4145 Θεῷ.
1328 4073 1496 4128 Σκιὰν
1550 4075 1779 4129 θανάτου
1818 4075 1910 4130 τὸν

320 4168 481 4221 κοινόν
508 4185 651 4239 φησι
710 4168 965 4232 θάνατον,
1014 4167 1110 4220 καὶ
1165 4168 1265 4239 τὴν
1317 4168 1416 4239 τῆς
1441 4166 1621 4238 ψυχῆς
1669 4166 1777 4221 ἀπὸ
1813 4167 1908 4221 τοῦ

317 4260 556 4330 σώματος
580 4261 773 4324 λύσιν,
809 4260 947 4331 πρὸς
976 4259 1380 4331 ἀντιδιαστολὴν
1416 4258 1511 4313 τοῦ
1553 4259 1780 4314 θανάτου
1808 4260 1909 4331 τῆς

311 4350 496 4424 ψυχῆς,
526 4354 658 4408 καθ’
695 4354 728 4406 ὃ
769 4352 1014 4425 εἴρηται*
1048 4352 1224 4423 Ψυχὴ
1272 4353 1720 4423 ἁμαρτάνουσα,
1756 4354 1907 4422 αὕτη

309 4446 697 4502 ἀποθανεῖται
719 4463 733 4476 ·
772 4447 887 4510 καὶ,
918 4446 1123 4499 Ἔστω⁴
1166 4445 1421 4516 ἁμαρτία
1448 4446 1599 4515 πρὸς
1629 4446 1906 4502 θάνατον.

307 4540 412 4595 οὐκ
432 4542 548 4596 ἐστι
578 4541 703 4612 γὰρ
742 4537 873 4592 σκιὰ
907 4538 1135 4593 θανάτου
1156 4555 1169 4568 ·
1201 4539 1315 4592 ἀλλ’
1339 4538 1592 4610 ἀληθινὸς
1619 4538 1847 4603 θάνατος
1870 4541 1903 4610 ἡ

306 4634 397 4704 τῆς
419 4634 605 4705 ψυχῆς
626 4630 889 4687 ἀπώλεια
910 4630 1189 4701 τυγχάνει.
1209 4632 1361 4686 Ἐπεὶ
1382 4628 1475 4686 οὖν
1499 4632 1903 4704 μεμαθήκασιν,

304 4724 372 4790 ὡς
414 4730 524 4799 ἄρα
556 4730 587 4781 ὁ
624 4724 909 4779 πιστεύων
957 4725 1037 4788 είς
1081 4724 1173 4779 τὸν
1216 4726 1345 4779 Υἱὸν
1386 4724 1481 4779 τοῦ
1532 4724 1667 4779 Θεοῦ
1718 4725 1779 4779 οὐ
1827 4724 1902 4796 μὴ

2087 3507 2255 3564 Vens.
2296 3508 2352 3574 5,
2395 3508 2449 3562 4.
2499 3506 2730 3561 Deduxit
2773 3520 2855 3559 me
2905 3520 3061 3574 super
3111 3507 3328 3561 semitas
3362 3507 3596 3577 justitiw

2013 3612 2225 3671 propter
2273 3616 2460 3655 nomen
2498 3616 2674 3654 suum.
2725 3597 2871 3661 Haec,
2918 3598 3116 3668 inquit,
3176 3598 3300 3654 ideo
3347 3602 3480 3672 agit,
3533 3611 3594 3657 ut

2012 3710 2102 3759 ne,
2140 3693 2362 3749 amissis
2395 3708 2460 3747 ac
2490 3691 2741 3762 perditis,
2772 3698 2866 3744 aut
2898 3692 3042 3745 male
3073 3691 3326 3747 deductis
3371 3694 3591 3761 ovibus,

2011 3802 2210 3842 nomen
2256 3802 2415 3841 suum
2448 3784 2876 3854 blasphemetur.
2925 3781 3069 3837 Nam
3103 3792 3153 3836 et
3180 3786 3227 3837 si
3257 3784 3597 3841 ambulavero

2010 3882 2067 3935 in
2097 3881 2269 3935 medio
2300 3879 2502 3933 umbra:
2531 3878 2742 3939 mortis,
2782 3894 2887 3930 non
2929 3876 3118 3931 timebo
3152 3878 3316 3942 mala,
3344 3880 3593 3949 quoniam

2012 3980 2069 4026 tu
2105 3989 2303 4027 mecum
2330 3988 2405 4026 es.
2441 3970 2641 4024 Procul
2665 3968 2812 4024 enim
2852 3975 3137 4038 peccatum
3183 3977 3268 4025 est
3297 3970 3366 4024 ab
3405 3985 3471 4025 eo
3500 3971 3594 4041 qui

2009 4062 2106 4118 Dei
2154 4063 2435 4118 consortio
2465 4061 2679 4115 fruitur.
2727 4060 2990 4116 Umbram
3022 4061 3220 4117 mortis
3252 4070 3413 4117 vocat
3445 4078 3596 4117 moro

2010 4164 2118 4212 tem
2160 4154 2305 4209 illam
2349 4167 2717 4215 communem,
2753 4158 2916 4220 atque
2954 4153 3359 4222 separationem
3399 4154 3595 4209 animai

2008 4263 2039 4303 a
2068 4263 2331 4319 corpore,
2381 4246 2449 4301 ad
2475 4245 2837 4301 diil‘erentiam
2877 4247 3073 4301 mortis
3117 4246 3334 4311 animm,
3384 4246 3452 4303 de
3486 4264 3591 4318 qua

2008 4342 2211 4399 dicitur
2248 4359 2261 4395 :
2293 4342 2491 4396 Anima
2538 4355 2654 4411 qua,
2706 4339 3029 4408 peccaverit,
3084 4339 3201 4406 ipsa
3231 4341 3486 4394 morietur
3514 4342 3592 4407 ²⁵;

1956 4472 1963 4482 -
2007 4443 2061 4493 et
2100 4451 2114 4487 :
2155 4434 2252 4490 Est
2298 4442 2571 4505 peccatum
2620 4430 2690 4484 ad
2745 4441 2965 4483 mortem
3012 4430 3077 4483 '°.
3149 4429 3428 4501 Siquidem
3482 4446 3592 4485 non

2009 4537 2202 4593 umbra
2248 4530 2482 4593 mortis,
2535 4527 2631 4584 sed
2686 4543 2815 4584 vera
2868 4539 3018 4580 mors
3078 4528 3197 4586 est,
3245 4522 3337 4575 illa
3398 4522 3594 4578 anima:

2004 4624 2295 4699 pernicies.
2340 4619 2791 4690 Quandoquidem
2850 4616 3019 4687 igitur
3071 4612 3413 4677 didicerunt,
3467 4627 3579 4665 cre-

2005 4719 2222 4774 dentem
2280 4715 2336 4769 in
2380 4711 2580 4767 Filium
2640 4711 2735 4765 D'ei
2782 4726 2893 4764 non
2950 4705 3279 4761 moriturum
3346 4719 3470 4758 esse
3535 4703 3588 4756 in

301 4794 538 4893 dmﬂdvy
574 4821 663 4884 εἰς
699 4818 797 4872 τὸν
832 4819 1025 4885 αἰῶνα,
1056 4817 1399 4890 μεταϐέϐηκε
1443 4817 1499 4870 δὲ
1532 4817 1641 4870 ἀπὸ
1686 4816 1781 4870 τοῦ
1811 4794 1906 4869 ila-—

2011 4817 2297 4876 aeternum,
2334 4806 2430 4863 sed
2464 4804 2790 4860 translatum
2827 4816 2951 4856 esse
2982 4799 3049 4854 de
3083 4802 3257 4851 morte
3291 4794 3357 4847 ad
3385 4794 3547 4848 vitam
3571 4834 3589 4860 ,

301 4913 453 4966 νάτου
488 4916 575 4978 εἰς
610 4913 721 4984 τὴν
756 4912 922 4984 ζωὴν,
956 4914 1160 4986 σφόδρα
1196 4912 1438 4984 ἀκριϐῶς
1468 4912 1529 4965 οὐ
1571 4911 1705 4980 φασὶ
1746 4909 1903 4965 θάνα-

298 5021 382 5058 τον
408 5006 632 5061 ἐπιέναι
680 5006 875 5070 αὐτοῖς
902 5007 1070 5080 ἀλλ’ἢ
1105 5010 1212 5080 ἄρα
1250 5007 1407 5061 σκιὰν
1433 5004 1664 5059 θανάτου
1686 5021 1699 5034 ·
1729 5003 1901 5077 ταύτῃ

298 5098 581 5169 δηλοῦντες
634 5098 777 5161 τοὺς
820 5098 961 5151 κατὰ
1009 5097 1295 5170 ἄνθρωπον
1341 5096 1621 5160 κινδύνους
1667 5095 1763 5148 καὶ
1810 5093 1903 5147 τὸν

302 5194 607 5265 σωματικὸν
660 5191 902 5245 θάνατον
943 5190 1094 5244 οὐδὲν
1142 5189 1327 5262 ἕτερον
1376 5187 1571 5259 δνταῆ
1623 5184 1900 5261 χωρισμὸν

300 5284 465 5357 ψυχῆς
492 5287 611 5341 ἀπὸ
643 5284 927 5354 σώματος.

368 5379 430 5433 Ἡ
451 5379 701 5449 ῥάϐδος
741 5391 857 5430 σου
882 5376 980 5430 καὶ
1023 5378 1061 5446 ἡ
1102 5376 1402 5445 βακτηρία
1440 5388 1579 5440 σου,
1610 5368 1790 5429 αὗταί
1824 5389 1902 5442 με

298 5471 766 5540 παρεκάλεσαν.
784 5467 969 5523 Ταῦτα
998 5463 1090 5523 οὖν
1110 5469 1419 5541 παρακαλεί
1449 5467 1540 5523 τὸν
1566 5466 1901 5537 τυπτόμενον

300 5568 383 5618 καὶ
420 5566 515 5619 τὸν
565 5559 969 5631 κολαζόμενον,
1019 5560 1405 5632 πεπεισμένον,
1437 5560 1520 5613 ὅτι
1573 5559 1828 5631 μαστιγοῖ
1873 5558 1902 5610 ὁ

301 5658 417 5721 Θεὸς
442 5658 637 5713 πάντα
675 5653 805 5707 υἱὸν
828 5652 886 5709 ὃν
912 5653 1300 5726 παραδέχεται.

392 5803 434 5833 ἰ
476 5797 701 5869 Ezech.
746 5810 948 5864 xuiv,
986 5796 1078 5853 23.
1154 5799 1198 5869 ξ’
1237 5793 1397 5852 Joan.
1437 5808 1549 5861 vn,
1586 5791 1677 5848 '57.
1756 5791 1804 5824 "
1843 5788 1910 5847 ibi

2018 5784 2106 5843 39,
2185 5780 2229 5815 ³⁵
2268 5777 2427 5833 .loan.
2473 5789 2559 5841 tv,
2602 5771 2685 5826 i5.

302 5869 443 5928 Joan.
478 5890 511 5929 ν
532 5912 547 5939 ,
588 5868 696 5924 17.

1998 4905 2291 4962 admodum
2344 4906 2711 4971 congruenter
2752 4911 2861 4950 non
2894 4901 3147 4957 mortem,
3205 4887 3300 4945 sed
3333 4887 3585 4941 umbram

1996 4999 2195 5054 mortis
2235 4994 2340 5052 sibi
2376 4992 2646 5048 accidisse
2694 4997 3033 5052 memorant;
3088 4998 3198 5055 quo
3232 4981 3587 5036 declarantur

1997 5089 2240 5162 pericula
2275 5101 2396 5157 quae
2430 5084 2733 5140 secundum
2798 5079 3071 5133 hominem
3126 5072 3490 5142 contingunt,
3530 5074 3585 5120 et

1998 5181 2275 5236 indicatur
2331 5189 2653 5246 corpoream
2707 5177 2940 5225 mortem
3001 5167 3137 5221 nihil
3211 5162 3362 5219 aliud
3419 5174 3583 5222 esse,

1997 5287 2161 5343 quam
2207 5268 2608 5339 separationem
2664 5263 2859 5316 animae
2890 5275 2918 5313 a
2945 5272 3196 5328 corpore.

2079 5368 2243 5436 Virga
2279 5372 2369 5416 tua
2397 5371 2447 5416 et
2474 5358 2691 5413 baculus
2722 5365 2863 5418 tuus,
2889 5354 3005 5418 ipsa
3034 5368 3113 5405 me
3137 5348 3413 5404 consolata
3432 5356 3577 5403 sunt.

2000 5459 2127 5515 Hmc
2172 5457 2340 5527 igitur
2367 5451 2728 5508 consolantur
2767 5462 2890 5501 eum
2926 5444 3018 5515 qui
3055 5443 3376 5499 verberibus
3406 5450 3461 5497 et
3487 5456 3581 5497 ca»-

2002 5547 2387 5622 stigationibus
2420 5542 2674 5605 aiiicitur,
2714 5545 2901 5608 utpote
2931 5537 3027 5607 qui
3060 5550 3265 5607 gnarus
3307 5536 3377 5591 sit
3408 5533 3586 5589 Deum

2001 5643 2293 5699 verberare
2325 5634 2497 5689 lilium
2525 5645 2685 5701 quem
2718 5627 3082 5699 cooptaverit.

2804 5771 2848 5803 “
2891 5768 3092 5826 Ezech.
3132 5782 3310 5837 xvnt,
3346 5767 3397 5825 4'4.
3477 5770 3522 5799 "
3558 5762 3587 5822 ὶί
