4138 6380
500 393 605 447 219

1168 387 1438 444 EUSEBII
1476 384 1952 443 CAESARIENSIS
1988 383 2137 439 OPP.
2182 381 2361 437 PARS
2402 383 2489 437 lli.
2528 413 2599 426 —
2628 384 3038 443 EXEGETICA.

3663 390 3767 444 29.0

573 507 740 564 Vens.
772 510 825 565 5.
876 507 1102 563 Parasti
1147 509 1203 563 in
1246 517 1526 579 conspectu
1556 524 1669 561 meo
1693 523 1949 571 mensam,
1994 504 2092 558 ad-

2277 505 2627 573 Ἠτοίμασας
2662 504 2919 559 ἐνώπιόν
2940 525 3059 576 μου
3094 506 3387 574 τράπεζαν
3426 506 3770 574 ἐξεναντίας

504 618 685 658 versus
736 619 823 656 eos
868 603 957 672 qui
1006 599 1267 655 tribulant
1310 618 1410 655 me.
1467 600 1827 671 Impinguasti
1878 599 1931 651 in
1974 596 2086 651 oleo

506 706 661 764 caput
692 710 899 758 meum,
932 702 981 748 et
1010 694 1155 747 calix
1209 702 1329 747 tuus
1366 692 1633 747 inebrians
1668 708 1825 762 quam
1863 690 2087 759 ργασία-

505 805 599 843 rus
628 788 748 842 est!
788 787 1002 842 Norunt
1039 786 1187 841 enim
1229 786 1407 839 oleum
1451 784 1757 855 spirituale,
1782 798 1892 853 quo
1921 791 2087 853 caput

504 896 666 936 suum
719 881 1131 951 impinguatur,
1184 886 1347 948 atque
1400 878 1718 933 ebrietatem
1770 876 1920 929 illam
1967 891 2087 946 quae

504 971 729 1025 roborat
777 985 887 1025 non
932 969 1193 1035 resolvit,
1226 982 1442 1022 necnon
1482 966 1780 1037 spiritalem
1816 965 1967 1019 illum
2007 965 2087 1019 ci-

504 1062 632 1116 bum
662 1078 825 1133 quem
872 1062 1096 1132 apponit
1118 1060 1279 1116 nobis
1329 1060 1418 1114 ille
1452 1059 1544 1129 qui
1580 1058 1646 1112 ad
1681 1058 1921 1127 pastoris
1962 1073 2085 1110 mu-

500 1172 609 1212 nus
645 1156 835 1227 sponsi
872 1154 1244 1211 conditionem
1289 1152 1500 1223 adjicit.
1539 1150 1657 1215 llis,
1696 1151 1894 1220 inquit,
1933 1150 2084 1204 frua-

503 1264 630 1302 mur
664 1248 864 1313 bonis,
914 1256 968 1303 et
1009 1246 1371 1317 gaudeamus,
1423 1244 1553 1299 dum
1610 1244 1826 1298 interim
1878 1243 2084 1296 inimici

503 1334 679 1388 nostri
706 1334 893 1389 dolent
935 1350 998 1389 ac
1024 1343 1397 1398 macerantur,
1424 1333 1551 1403 quia
1587 1333 1624 1386 ii
1656 1332 1749 1402 qui
1783 1333 1912 1387 olim
1944 1332 2084 1387 servi

501 1434 688 1492 erant,
720 1428 1083 1483 mutationem
1113 1434 1324 1481 tantam
1356 1426 1564 1497 experti
1597 1432 1749 1489 sunt,
1790 1425 2087 1493 impingun-

499 1508 577 1574 ~sti
615 1521 670 1573 in
699 1519 813 1575 oleo
851 1528 1006 1589 caput
1036 1516 1237 1573 meum.

574 1610 744 1667 Vens.
786 1611 841 1667 6.
906 1610 977 1665 Et
1034 1609 1401 1665 misericordia
1462 1618 1553 1661 tua
1617 1608 1959 1679 subsequetur
2006 1624 2087 1662 me

502 1701 747 1757 omnibus
780 1702 962 1757 diebus
992 1703 1112 1755 vita:
1144 1718 1305 1768 mete,
1350 1710 1398 1754 et
1426 1710 1483 1753 ut
1517 1700 1804 1754 inhabilem
1847 1701 1901 1753 in
1931 1698 2086 1753 domo

510 1794 757 1858 Domini,
800 1794 854 1847 in
898 1792 1278 1862 longitudinem
1323 1793 1549 1846 dierum.
1599 1790 2086 1848 Misericordiaet

2193 592 2311 646 τῶν
2339 597 2789 666 θλιϐόντωνομε.
2829 598 3156 666 Ἑλίπανας
3189 600 3258 652 ἐν
3296 599 3479 662 ἐλαίῳ
3522 599 3635 668 τὴν
3675 619 3768 655 κε-

2192 685 2399 753 φαλήν
2427 686 2707 754 μου,·καὶ
2754 686 2819 738 τὸ
2863 686 3150 755 ποτήριόν
3184 701 3298 740 σου
3342 688 3652 755 μεθύσκον
3692 688 3769 753 ὡς

2194 779 2558 848 κράτιστον]
2593 781 2768 833 Ἰσασι
2803 780 2911 849 γάρ
2939 781 3031 832 καὶ
3066 779 3127 832 τὸ
3158 778 3519 850 πνευματικὸν
3575 779 3769 844 ἔλαιον,

2192 878 2220 931 ὃ
2248 879 2345 950 τὴν
2394 872 2635 943 κεφαλὴν
2688 871 3057 942 ὲπιάνθησαν,
3108 872 3200 924 καὶ
3233 873 3332 943 τὴν
3381 869 3767 941 κρατύνουσαν,

2193 974 2308 1028 ἀλλ’
2341 972 2401 1024 οὐ
2427 968 2749 1022 διαλύουσαν
2779 965 2978 1037 μέθην·
3012 966 3105 1019 καὶ
3135 966 3235 1037 τὴν
3261 965 3527 1037 μυστικὴν
3544 964 3767 1037 τροφὴν,

2192 1065 2258 1135 ἢν
2277 1060 2597 1133 προτίθησιν
2622 1061 2751 1129 ἡμῖν
2785 1060 2813 1110 ὁ
2842 1057 2978 1129 πρὸς
3001 1058 3062 1110 τὸ
3095 1058 3402 1128 ποιμαίνειν
3426 1057 3520 1110 καὶ
3542 1057 3770 1128 νυμφίος

2192 1151 2725 1226 γενόμενος.Τούτοις
2740 1151 3008 1221 δὲ,φησὶν,
3028 1149 3381 1221 ἐντρυφῶμεν
3402 1154 3514 1212 τοῖς
3525 1150 3774 1220 ἀγαθοῖς,

2190 1243 2298 1296 τῶν
2324 1242 2605 1314 δυσμενῶν
2629 1243 2944 1313 ἀνιωμένων
2973 1242 3065 1294 καὶ
3087 1241 3459 1311 τρυχομένων·
3490 1243 3571 1294 ὅτι
3594 1243 3644 1294 οἱ
3663 1241 3773 1295 πάι

2192 1337 2299 1402 λαι,
2326 1336 2477 1408 φησὶ,
2500 1336 2838 1398 δουλεύοντες
2864 1335 3128 1405 τοσαύτης
3160 1335 3460 1405 μεταὸολῆς
3477 1338 3775 1406 τετυχήκα-

2195 1446 2299 1493 σιν,
2329 1430 2622 1495 ἐλίπανας
2642 1429 2711 1482 ἐν
2733 1428 2914 1491 ἐλαίῳ
2942 1427 3057 1496 τὴν
3090 1426 3365 1496 κεφαλήν
3383 1445 3521 1497 μου.

2261 1601 2371 1654 Καὶ
2399 1599 2463 1653 τὸ
2497 1600 2670 1664 ἔλεός
2697 1612 2814 1653 σου
2852 1597 3275 1663 καταδιώξεταί
3287 1663 3295 1671 ι
3305 1616 3381 1668 με
3417 1599 3619 1666 πάσας
3664 1600 3771 1668 τὰς

2193 1693 2417 1762 ἡμέρας
2468 1691 2575 1760 τῆς
2626 1692 2775 1759 ζωῆς
2811 1710 2953 1761 μου,
3003 1693 3099 1745 καὶ
3146 1692 3211 1745 τὸ
3254 1692 3548 1746 κατοικεῖν
3578 1711 3655 1762 με
3702 1694 3773 1747 ἐν

2192 1784 2335 1849 οἴκῳ
2366 1785 2587 1851 Κυρίου
2620 1786 2707 1849 εἰς
2730 1785 3076 1853 μακρότητα
3102 1782 3355 1853 ἡμερῶν.
3390 1785 3671 1849 Πεποιθὼς
3695 1784 3773 1855 τῷ

503 1888 695 1958 gratiae
752 1885 996 1941 confisus
1055 1893 1201 1947 tum,
1258 1884 1385 1937 novi
1436 1899 1569 1938 sane
1622 1897 1728 1945 me,
1778 1882 2091 1938 institutum

2200 1877 2274 1949 σῷ
2307 1878 2465 1941 ἐλέει,
2508 1876 2602 1930 καὶ
2630 1878 2693 1947 τῇ
2726 1878 2790 1947 σῇ
2820 1876 3023 1948 χάριτι,
3057 1872 3150 1929 οἷδ’
3180 1877 3260 1928 ὅτι
3296 1878 3395 1929 οὐκ
3430 1878 3773 1948 ὲκπεσοῦμαι

504 1996 539 2033 a
575 1978 955 2034 misericordia
989 1986 1079 2031 tua
1123 1976 1380 2032 omnibus
1431 1976 1626 2031 diebus
1654 1976 1778 2029 vitae
1811 1990 1962 2039 meae,
1994 1991 2091 2045 spe

508 2073 600 2125 illa
643 2074 697 2126 in
743 2079 797 2125 te
827 2072 1004 2141 posita
1058 2083 1337 2139 nunquam
1388 2069 1689 2137 Iapsurum.
1738 2066 1863 2122 Haec
1909 2068 2093 2138 itaque

504 2164 918 2227 misericordia,
964 2162 1079 2217 haec
1114 2162 1290 2232 gratia
1326 2169 1421 2215 tua
1471 2160 1605 2215 mihi
1640 2160 1694 2215 id
1726 2160 1855 2215 boni
1897 2168 2095 2213 contu-

507 2256 651 2324 lere,
688 2264 749 2311 ut
781 2256 1005 2311 domum
1047 2263 1102 2309 et
1132 2254 1433 2309 Ecclesiam
1476 2262 1626 2307 tuam
1666 2254 1723 2307 in
1754 2252 2091 2308 domicilium

508 2348 883 2420 possiderem;
925 2348 1017 2402 ubi
1044 2354 1445 2411 commoratus,
1482 2353 1672 2415 utpote
1697 2347 1753 2399 in
1789 2345 1964 2400 sacris
1997 2343 2093 2399 Dei

508 2441 719 2496 adibus
746 2448 801 2496 et
837 2441 893 2495 in
926 2446 1117 2494 sancto
1164 2440 1391 2509 templo,
1442 2438 1840 2509 longitudinem
1880 2436 2095 2491 dierum

512 2533 656 2604 apud
697 2542 751 2587 te
787 2541 840 2586 et
868 2536 1037 2586 vitam
1087 2538 1345 2586 aeternam
1404 2546 1731 2601 consequar.
1782 2528 1917 2583 Nam
1948 2528 2093 2598 quod

513 2627 735 2680 domum
784 2632 935 2679 tuam
985 2624 1246 2687 incolam,
1298 2638 1578 2693 nunquam
1624 2623 1752 2677 inde
1780 2622 2092 2693 egrediens,

512 2732 690 2787 neque
720 2716 1002 2775 declinans
1036 2716 1320 2780 aliorsum,
1354 2715 1456 2769 hoc
1493 2714 1629 2768 mihi
1678 2714 1734 2768 in
1765 2729 1935 2769 causa
1978 2714 2095 2769 fore

512 2808 755 2862 arbitror
784 2816 844 2861 ut
874 2805 1271 2878 longitudinem
1312 2805 1548 2871 dierum,
1579 2806 1699 2877 ipso
1748 2807 1953 2862 lumine
1991 2816 2084 2861 tuo

513 2901 749 2966 lucente,
774 2900 1086 2953 nanciscar.
1122 2896 1228 2953 Pro
1264 2898 1356 2952 illo
1390 2906 1595 2961 autem,
1627 2898 1681 2951 in
1716 2896 2094 2967 longitudinem

511 2991 758 3055 dierum,
816 2990 1209 3063 Symmachus,
1264 2991 1319 3043 in
1368 2989 1772 3043 diuturnitatem
1823 2990 2094 3059 temporis,

514 3084 904 3154 interpretatus
943 3092 1048 3148 est,
1080 3084 1205 3138 vita:
1255 3083 1403 3137 illius
1456 3082 1762 3139 secundum
1799 3082 1970 3137 Deum
2013 3084 2097 3137 in-

511 3174 860 3229 terminabile
923 3174 1161 3246 spatium
1226 3181 1390 3245 atque
1456 3173 1925 3228 immortalitatem
1998 3174 2096 3231 deo

494 3274 738 3323 'notans.

892 3378 1220 3435 PSALMUS
1261 3378 1470 3434 DAVID
1503 3378 1693 3438 XXIII.

518 3495 585 3551 In
612 3495 930 3569 quibusdam
986 3494 1372 3618 exemplfribus
1408 3496 1619 3549 inveni:
1659 3511 1680 3546 ι
1717 3492 1835 3547 Una
1891 3490 2099 3547 Sabba—

1210 3582 1379 3618 orum.
1422 3584 1440 3617 ι

1210 3582 1379 3619 orum.
1422 3584 1440 3617 I

589 3682 753 3736 Vens.
788 3683 840 3745 1,
862 3679 915 3734 2.
944 3679 1152 3733 Domini
1173 3689 1247 3732 est
1273 3687 1414 3731 terra
1442 3686 1489 3731 et
1509 3674 1777 3747 plenitudo
1804 3645 1938 3744 ejus,
1958 3673 2099 3727 orbis

522 3784 784 3830 terrarum
809 3782 857 3827 et
890 3773 1119 3826 universi
1144 3771 1232 3840 qui
1259 3770 1500 3825 habitant
1520 3771 1572 3823 in
1599 3785 1679 3823 eo.
1698 3766 1816 3835 Ipse
1834 3784 1987 3837 super
2004 3782 2114 3820 ma-

523 3869 608 3921 ria
632 3865 875 3935 fundavit
906 3881 1049 3930 eum,
1098 3873 1146 3918 et
1162 3878 1317 3931 super
1340 3862 1564 3931 flumina
1612 3861 1931 3930 prazparavit
1958 3876 2098 3914 eum.

518 3956 636 4013 Nisi
676 3957 848 4021 enim,
883 3954 1083 4025 inquit,
1135 3953 1381 4009 divinum
1416 3950 1657 4006 Verbum
1705 3951 1808 4019 ipsi
1847 3948 2100 4019 praefuis-

522 4059 626 4115 set,
667 4064 734 4105 ac
779 4048 884 4103 nisi
932 4046 1213 4117 Sapientia
1263 4044 1357 4099 Dei
1416 4044 1595 4114 ipsum
1658 4045 1763 4097 hoc
1817 4042 2101 4098 fundasset

522 4141 707 4210 modo,
729 4141 840 4209 jam
868 4140 1023 4205 olim,
1065 4139 1145 4192 vel
1180 4136 1419 4193 naturali
1460 4136 1805 4206 deprimente
1832 4134 2098 4205 pondere,

524 4236 582 4290 in
636 4232 970 4304 profundum
1034 4231 1324 4286 demersus
1387 4229 1602 4284 fuisset.
1673 4227 1876 4283 Verum
1928 4227 2101 4281 multo

525 4325 877 4396 praestantior
906 4324 1001 4377 illo
1051 4332 1171 4378 erat
1220 4323 1393 4377 virtus
1427 4322 1517 4374 illa
1550 4320 1767 4375 Domini
1800 4319 2098 4374 miraculo-

525 4433 646 4473 rum
689 4431 752 4471 ac
796 4414 1174 4486 prodigiorum
1206 4412 1478 4478 cﬂectrix,
1508 4427 1629 4482 quae
1658 4419 1865 4465 tantam
1898 4411 2098 4464 molem

526 4518 847 4580 tantamque
876 4517 1035 4563 terra:
1073 4505 1493 4577 plenitudinem,
1532 4522 1595 4561 ac
1625 4506 1811 4559 orbem
1844 4519 1968 4558 cum
2002 4504 2101 4557 ha-

2192 1971 2290 2040 τῆς
2318 1969 2468 2039 παρὰ
2498 1970 2580 2021 σοὶ
2628 1968 2841 2031 ἐλπίδος
2890 1968 3405 2039 παιδαγωγούμενος
3447 1971 3627 2033 πάσας
3672 1970 3771 2035 τὰς

2192 2062 2404 2131 ἡμέρας
2450 2060 2549 2130 τῆς
2600 2059 2745 2131 ζωῆς
2792 2078 2891 2131 μου
2924 2062 3030 2113 ὑπὸ
3076 2060 3167 2115 τοῦ
3216 2061 3309 2114 σοῦ
3354 2061 3554 2124 ἐλέους.
3602 2061 3775 2116 Τοῦτο

2193 2152 2323 2223 γοῦν
2353 2152 2413 2205 τὸ
2451 2153 2541 2205 σὸν
2569 2151 2715 2216 ἔλεος
2740 2155 2836 2205 καὶ
2876 2155 3012 2224 αὐτή
3056 2171 3151 2207 σου
3182 2155 3215 2225 ἡ
3266 2154 3426 2226 χάρις
3464 2154 3771 2224 κατηξίωσέ

2198 2262 2264 2314 με
2296 2246 2611 2315 οἰκητήριον
2650 2246 2951 2316 κτήσασθαι
2981 2247 3071 2299 τὸν
3109 2247 3200 2301 σὺν
3228 2243 3374 2299 οἷκον
3416 2249 3507 2300 καὶ
3537 2247 3634 2318 τὴν
3673 2248 3774 2318 σὴν

2207 2337 2561 2407 Ἐκκλησίανο
2606 2338 2733 2390 ἔνθα
2777 2338 2876 2402 τὰς
2922 2338 3205 2410 διατριϐὰς
3248 2342 3565 2411 ποιούμενος
3594 2341 3669 2403 ὡς
3715 2342 3773 2392 ὲν

2193 2428 2327 2499 οἴκῳ
2347 2427 2505 2493 Θεοῦ,
2534 2430 2663 2500 ἱερῷ
2691 2432 2785 2483 καὶ
2814 2428 2951 2500 ἁγίῳ
2978 2430 3109 2501 ναῷ,
3136 2432 3472 2501 μακρότητκ
3494 2432 3601 2485 τῶν
3626 2434 3775 2503 παρὰ

2195 2522 2279 2573 σοὶ
2308 2522 2529 2592 ἡμερῶν
2558 2524 2651 2576 καὶ
2681 2522 2827 2591 ζωῆς
2856 2523 3072 2576 αἰωνίου
3104 2522 3379 2592 τεύξομαι.
3406 2523 3478 2575 Τὸ
3502 2523 3609 2594 γὰρ
3642 2540 3771 2577 κατ-

2195 2615 2366 2665 οικεῖν
2412 2630 2479 2683 με
2511 2616 2569 2666 ἐν
2613 2613 2691 2683 τῷ
2722 2613 2800 2684 σῷ
2828 2612 2989 2685 οἴκῳ,
3022 2615 3116 2667 καὶ
3176 2615 3442 2686 μηδέποτε
3485 2614 3776 2680 αὐτοῦ.ὲξ-

2199 2705 2445 2760 ίστασθαι
2474 2707 2608 2778 μηδὲ
2633 2707 2935 2772 ἀπονεύειν,
2962 2708 3049 2760 ἀεὶ
3070 2707 3125 2759 δὲ
3152 2707 3281 2760 εἵσω
3296 2707 3592 2779 περιϐόλων
3617 2708 3779 2779 ἱερῶν

2194 2799 2295 2863 τὰς
2325 2798 2605 2871 διατριϐὰς
2637 2798 2926 2856 ποιεῖσθαι.
2953 2798 3127 2853 ταῦτά
3160 2816 3248 2869 μοι
3276 2799 3424 2853 αἴτια
3456 2800 3777 2872 γενήσεσθαι

2199 2892 2439 2945 πιστεύω
2471 2892 2811 2963 μακρότητπ
2849 2892 3072 2963 ἡμερῶν
3102 2892 3209 2945 τῶν
3243 2895 3306 2946 ὲκ
3345 2893 3438 2946 τοῦ
3473 2894 3565 2947 σοῦ
3604 2895 3781 2963 φωτὸς

2198 2986 2601 3057 ὑφισταμένων.
2638 2986 2783 3040 Ἀντί
2810 2986 2867 3039 δὲ
2900 2985 3015 3049 τοῦ,
3046 2988 3133 3052 εὶς
3158 2990 3497 3055 μακρότητα
3527 2986 3779 3057 ἡμερῶν,

3717 3080 3744 3092 συ

2196 3080 2285 3143 είς
2335 3076 2531 3147 μῆκος
2573 3079 2798 3146 χρόνου
2851 3079 2879 3130 ό
2925 3077 3218 3148 Σύμμαχος
3265 3080 3575 3149 ἡρμήνευσε
3606 3120 3619 3144 ,
3683 3080 3779 3151 τῆς

2200 3168 2342 3223 κατὰ
2370 3169 2461 3223 τὸν
2493 3169 2625 3223 Θεὸν
2652 3168 2799 3239 ζωῆς
2831 3168 2893 3222 τὸ
2935 3170 3162 3241 ἄπειρον
3191 3171 3285 3224 καὶ
3315 3169 3579 3225 ἀθάνατον
3607 3175 3782 3243 σημή-

2200 3279 2318 3326 νας.

2560 3374 2853 3428 ΨΑΛΜΟΣ
2899 3374 2984 3429 ΤΩ
3044 3376 3243 3430 ΔΑΥΙΔ
3302 3377 3427 3431 Kl".

2216 3488 2318 3542 Ἐν
2346 3488 2532 3556 ἐνίοις
2570 3489 2954 3558 ἀντιγγκῳοις
3000 3485 3199 3557 εὗρον·
3268 3508 3286 3541 ι
3321 3489 3434 3558 Τῆς
3474 3491 3615 3559 μιᾶς
3666 3490 3784 3546 τῶν

2744 3560 3058 3613 Σαϐϐάτων
3082 3563 3179 3631 (1).
3196 3581 3213 3613 ι

2279 3673 2389 3727 Τοῦ
2414 3674 2634 3741 Κυρίου
2681 3675 2719 3742 ἡ
2772 3673 2847 3742 γῆ
2879 3676 2978 3728 καὶ
3034 3674 3099 3727 τὸ
3141 3673 3433 3743 πλήρωμα
3495 3674 3705 3742 αὐτῆς,
3744 3676 3783 3741 ἡ

2204 3766 2520 3836 οἰκουμένη
2550 3768 2647 3819 καὶ
2682 3765 2903 3832 πάντες
2931 3771 2985 3821 οἱ
3049 3766 3468 3834 κατοικοῦντες
3492 3769 3561 3821 ἐν
3604 3766 3783 3836 αὐτῇ.

2204 3840 2395 3925 Αὐτὸς
2424 3858 2525 3912 ἐπὶ
2558 3859 2889 3913 θαλασσῶν
2912 3860 3306 3929 ἐθεμελίωσεν
3327 3859 3541 3927 αὐτὴν,
3570 3862 3665 3914 καὶ
3690 3862 3790 3915 ἐπὶ

2204 3951 2486 4020 ποταμῶν
2504 3953 2833 4021 ἡτοίμασεν
2851 3950 3062 4017 αὐτήν.
3085 3953 3148 4004 El
3169 3950 3242 4022 μὴ
3269 3951 3380 4023 γὰρ
3404 3952 3575 4021 Λόγος
3595 3953 3787 4019 αὐτῆς,

2205 4048 2390 4116 φησὶν,
2426 4046 2708 4099 ἐπεστάτει
2738 4045 2900 4109 θεῖος,
2932 4046 3026 4099 καὶ
3074 4049 3122 4099 εί
3164 4046 3237 4117 μὴ
3290 4047 3452 4115 σοφία
3493 4046 3627 4099 Θεοῦ
3660 4050 3786 4101 τοῦ-

2204 4158 2293 4193 τον
2325 4139 2493 4211 αὐτὴν
2516 4138 2901 4210 τεθεμελιώκει
2944 4139 3034 4192 τὸν
3080 4140 3299 4210 τρόπον,
3336 4139 3503 4193 πάλαι
3536 4132 3623 4193 ’ἂν
3683 4158 3785 4210 φυ-

2206 4233 2342 4305 σικῷ
2372 4232 2526 4304 βάρει
2559 4233 2710 4287 κάτω
2739 4250 2843 4286 που
2870 4233 3145 4305 φερομένη
3204 4233 3345 4286 κατὰ
3385 4232 3560 4303 βυθῶν
3613 4251 3787 4305 κεχω-

2210 4328 2385 4398 ρήκει.
2435 4325 2574 4377 Ἀλλ’
2598 4320 2665 4395 ἦν
2688 4326 2794 4396 ἄρα
2816 4325 3079 4396 κρείττων
3112 4324 3285 4394 αὐτῆς
3317 4327 3349 4396 ἡ
3377 4326 3789 4399 θαυματουργὸς

2206 4417 2299 4470 καὶ
2327 4415 2756 4487 παραδοξοποιὸς
2777 4414 2869 4468 τοῦ
2901 4414 3007 4467 τῶν
3056 4415 3192 4469 ὅλων
3231 4416 3436 4487 Κυρίου
3469 4416 3718 4489 δύναμις,
3752 4419 3787 4488 ἢ

2206 4510 2298 4564 τὸν
2324 4508 2576 4562 τοσοῦτον
2601 4506 2762 4575 ὄγκον
2819 4508 2912 4559 καὶ
2958 4506 3017 4560 τὸ
3064 4505 3314 4561 τοσοῦτον
3342 4562 3345 4563 ν
3373 4507 3475 4576 τῆς
3517 4508 3621 4578 γῆς
3651 4507 3789 4579 πλή-

524 4599 857 4654 bitatoribus
886 4597 1030 4666 ejus,
1063 4596 1355 4651 sublimem
1398 4595 1505 4665 agi,
1551 4604 1604 4650 et
1636 4610 1905 4663 aquarum
1936 4595 2095 4649 dorso

2215 4618 2393 4672 ρωμα,
2418 4601 2548 4672 ὅλην
2572 4616 2629 4652 τε
2657 4599 2756 4670 τὴν
2786 4599 3109 4669 οἰκουμένην
3139 4599 3379 4663 καὶτοὺς
3400 4600 3789 4662 κατοικοῦντας

527 4690 733 4762 imponi
764 4690 1105 4745 decreverat.
1167 4687 1512 4758 Quapropter
1550 4689 1679 4755 ipse,
1714 4686 1913 4757 inquit,
1946 4702 2103 4755 super

526 4783 701 4835 maria
730 4779 971 4849 fundavit
1002 4796 1140 4832 eum.
1196 4776 1383 4846 Neque
1411 4778 1555 4832 enim
1594 4780 1710 4848 ipsa
1747 4785 1890 4832 terra
1920 4779 2103 4848 gravis

524 4882 579 4928 et
608 4873 930 4937 inanimata,
965 4888 1087 4927 sese
1110 4886 1276 4941 supra
1299 4873 1527 4941 abyssos
1559 4872 1956 4938 consolidavit;
2007 4872 2103 4926 sed

526 4965 769 5019 omnium
805 4963 986 5034 opifex
1020 4962 1113 5019 Dei
1159 4963 1355 5029 Filius,
1410 4965 1504 5034 qui
1554 4964 1788 5019 solidum
1827 4979 2103 5035 grachue

526 5064 687 5110 terra:
727 5055 1081 5119 elementum,
1118 5056 1303 5110 divina
1353 5056 1653 5120 creatione,
1712 5071 1879 5125 supra
1934 5057 2103 5110 maris

525 5146 693 5203 dorsa
746 5145 881 5202 ferri
921 5148 1115 5212 voluit,
1180 5164 1244 5201 ac
1302 5162 1471 5218 supra
1527 5148 1807 5201 humidam
1850 5156 2103 5201 naturam

526 5239 817 5304 constitui,
872 5247 1033 5309 atque
1063 5240 1237 5309 ipsam
1291 5239 1395 5292 hoc
1445 5240 1605 5294 modo
1646 5238 1915 5293 fundavit.
1949 5238 2103 5293 Alio-

2212 4695 2381 4766 αὐτὴν
2415 4694 2526 4747 ἄνω
2582 4692 2844 4765 φέρεσθαι
2894 4692 3164 4767 μετέωρον
3200 4692 3339 4763 ὑπὲρ
3377 4692 3444 4745 τὰ
3496 4693 3640 4746 νῶτα
3682 4694 3789 4746 τῶν

2213 4788 2418 4841 ὑδάτων
2484 4786 2823 4856 βεϐούληται.
2880 4786 2992 4850 Διὸ,
3047 4784 3232 4850 αὐτὸς
3285 4786 3383 4838 ἐπὶ
3462 4785 3790 4839 θαλασσῶν

2211 4880 2605 4949 ἐθεμελίωσεν
2636 4876 2852 4943 αὐτὴν,
2880 4877 3117 4946 εἴρηται.
3154 4876 3229 4927 Οὐ
3264 4875 3371 4944 γὰρ
3404 4873 3542 4945 αύτὴ
3592 4874 3789 4945 ἑαυτὴν

2201 4976 2234 5044 ἡ
2274 4972 2465 5043 βαρεῖα
2493 4969 2586 5022 καὶ
2618 4968 2824 5038 ἄψυχος
2856 4970 2927 5037 γῆ
2964 4967 3056 5018 ἐπὶ
3088 4965 3196 5019 τῶν
3248 4966 3425 5036 βυθῶν
3486 4966 3787 5037 ἐστήριξεν,

2204 5062 2318 5116 ἀλλ’
2352 5060 2621 5114 όπάντων
2678 5058 3007 5129 δημιουργὸς
3066 5060 3093 5110 ὁ
3150 5055 3242 5109 τοῦ
3272 5055 3405 5108 Θεοῦ
3452 5055 3598 5122 Υἱὸς,
3648 5056 3705 5119 ὃς
3732 5057 3791 5108 τὸ

2206 5155 2523 5224 στερέμνιον
2568 5151 2661 5203 καὶ
2693 5149 2830 5220 βαρὺ
2862 5150 2960 5217 τῆς
3013 5150 3115 5219 γῆς
3173 5150 3433 5218 στοιχεῖον
3495 5148 3647 5219 θεῖκῇ
3698 5147 3790 5217 δη-

2212 5246 2469 5319 μιουργίᾳ
2525 5245 2601 5315 (2)
2658 5244 2798 5313 ὑπὲρ
2844 5242 3032 5295 νώτων
3077 5242 3320 5313 ὀχεῖσθαι
3373 5242 3646 5312 θαλάσσης
3696 5242 3789 5292 καὶ

528 5347 635 5400 que
665 5330 1031 5386 ratiocinandi
1068 5333 1197 5397 ritu,
1229 5339 1431 5386 terram
1470 5347 1578 5386 non
1612 5347 1711 5385 sua
1744 5340 1940 5401 sponte
1971 5332 2095 5386 sub-

2209 5334 2462 5405 ὑπεράνω
2486 5334 2585 5403 τῆς
2630 5333 2802 5403 ὑγρᾶς
2833 5331 3048 5401 φύσεως
3083 5332 3302 5385 έστάναί
3349 5331 3651 5401 βουληθεὶς,
3696 5332 3789 5383 καὶ

530 5426 739 5480 stitisse
774 5426 953 5489 docet,
1000 5442 1177 5495 neque
1234 5436 1383 5481 sorte
1421 5426 1656 5495 quadam
1714 5426 2005 5481 temeraria
2040 5441 2105 5478 ac

531 5518 912 5584 irrationabili,
948 5520 1040 5572 tali
1074 5519 1314 5589 undique
1342 5520 1515 5574 forma
1548 5520 1896 5576 instructam.
1921 5518 2104 5585 Quare

532 5611 775 5681 subiicit,
807 5621 855 5666 et
882 5628 1037 5681 super
1063 5614 1286 5681 [lumina
1313 5614 1629 5684 prwparavit
1681 5628 1818 5668 eum.
1858 5610 1914 5666 Si
1950 5627 2104 5665 nam-

2205 5426 2392 5481 τοῦτον
2426 5427 2593 5497 αὐτὴν
2624 5424 2959 5496 θεμελιώσας
2990 5426 3081 5480 τὸν
3110 5426 3329 5497 τρόπον.
3357 5424 3467 5477 Καὶ
3508 5422 3629 5476 καθ’
3666 5422 3785 5474 ἓτε-

2210 5538 2299 5590 ρον
2323 5519 2379 5571 δὲ
2410 5518 2666 5588 λογισμὸν
2697 5519 2990 5589 παρίστησι
3020 5519 3079 5571 τὸ
3111 5518 3185 5589 μὴ
3225 5516 3527 5588 αὐτόματον
3547 5513 3783 5585 ὑποστῆο

2207 5630 2293 5665 ναι
2322 5611 2419 5682 τὴν
2450 5610 2573 5680 γῆν,
2601 5610 2732 5682 μηδὲ
2779 5611 2853 5673 ὡς
2898 5610 3105 5680 ἔτυχεν,
3158 5610 3277 5680 είκῆ
3313 5610 3404 5663 κοιλ⁸
3440 5609 3670 5678 ἀλόγως,
3720 5608 3785 5661 τὸ

609 5767 941 5841 (l)ldipsum
968 5782 1147 5825 monet
1170 5772 1563 5830 Thcodorctus.
1599 5772 1655 5827 in
1690 5771 1959 5827 Hebraico
1978 5770 2273 5841 exemplari
2309 5769 2443 5824 nihil
2477 5770 2540 5825 de
2578 5767 2834 5825 Sabbato.

605 5839 680 5911 β)
717 5841 887 5907 Alius,
926 5844 1313 5914 μεγαλουργίᾳ.
