4138 6380
414 367 516 423 Sil

1596 370 2106 428 COMMENTARIA
2144 373 2212 428 IN
2253 373 2597 430 PSALMOS.

3566 381 3678 436 222

410 482 653 539 τοιοῦτον
695 486 830 559 αὐτῇ
883 488 1309 561 περιϐεϐλῆσθαι
1342 490 1547 561 σχῆμα·
1602 490 1684 544 διὸ
1735 491 1995 560 ἐπιλέγει·

2106 508 2212 562 que
2244 500 2355 547 tota
2386 502 2441 548 et
2474 494 2528 549 in
2586 492 2846 550 omnibus
2872 494 2958 549 sui
2992 494 3265 565 partibus,
3310 485 3427 551 laevi
3448 498 3681 568 aequabi-

412 577 521 630 Καὶ
556 578 657 631 ἐπὶ
705 579 987 650 ποταμῶν
1039 582 1371 650 ἡτοίμασεν
1414 582 1627 651 αὑτήν.
1670 584 1731 636 Εἰ
1769 585 1867 654 μὲν
1894 585 2002 656 γὰρ

411 670 507 741 ὅλη
536 672 605 723 δι’
637 670 760 725 ὅλου
787 671 908 725 λεία
932 672 1027 726 καὶ
1054 674 1231 745 ὁμαλὴ
1293 673 1433 727 κατὰ
1481 675 1581 746 τὴν
1638 678 1872 747 σφαῖραν
1892 677 2002 730 τῶν

423 761 691 834 Ἐλλήνων
714 763 979 835 ὑπῆρχεν,
1014 762 1114 817 οὐκ
1163 765 1227 820 ἀν
1259 783 1388 819 ποτε
1433 767 1532 839 τῆς
1577 767 1683 820 τῶν
1742 768 2002 839 ποταμῶν

415 858 727 923 συστάσεως
767 861 989 933 δεκτικὴ
1026 862 1289 931 ἐγεγόνει·
1342 864 1452 916 οὐδ’
1481 862 1546 919 ἂν
1598 867 1677 929 εἰς
1724 866 2000 936 γεωργίαν

412 952 717 1023 ἐπιτηδεία,
762 954 1064 1024 ἐκρεόντων
1116 956 1491 1025 ἁπανταχόθεν
1540 957 1649 1011 τῶν
1702 962 1783 1022 εἰς
1830 960 1999 1031 αὐτὴν

412 1044 729 1115 φερομένων
761 1045 1006 1117 ὄμϐρων·
1032 1046 1109 1110 ώς
1158 1045 1225 1101 αὖ
1253 1048 1415 1102 πάλιν
1445 1050 1510 1103 ἐκ
1533 1049 1628 1102 τοῦ
1651 1052 1916 1117 ἐναντίου,
1950 1053 1999 1105 εἰ

413 1135 554 1202 πλάξ
587 1131 657 1207 ἦν
690 1138 788 1207 μία
834 1138 1133 1210 ὴπλωμένη
1179 1141 1272 1193 καί⁹
1324 1142 1580 1215 ἀνειμένη
1618 1146 1697 1206 εἰς
1743 1144 2000 1208 πεδιάδας

411 1226 619 1301 χώρας,
653 1228 763 1282 οὐδ’
797 1228 971 1293 οὕτως
1020 1232 1355 1303 συνέστησαν
1395 1234 1454 1289 ἐν
1490 1235 1625 1305 αὐτῇ
1658 1236 1913 1307 ποταμοί·
1948 1238 2003 1289 οῖ

409 1322 459 1373 τ’
486 1320 547 1388 ἐξ
572 1321 814 1375 ἀεννάων
844 1322 1037 1393 πηγῶν
1084 1325 1393 1395 φερόμενοι,
1425 1326 1480 1378 οἴ
1507 1344 1565 1380 τε
1588 1328 1651 1380 ἐκ
1680 1325 1787 1379 τῶν
1814 1344 1999 1398 χειμε-

416 1412 576 1485 ρινῶν
598 1415 819 1485 ὄμϐρων
872 1417 1270 1487 συνιστάμενοι·
1301 1418 1464 1472 πάλαι
1501 1418 1546 1470 δ’
1578 1418 1643 1472 ἂν
1672 1419 1998 1474 ἐπικλύσανέ

412 1526 503 1571 τες
529 1510 729 1574 πᾶσαν,
757 1506 884 1561 οὕτε
924 1510 1256 1582 σπέρμασιν,
1287 1511 1409 1565 οὔτε
1434 1516 1642 1581 φυτοῖς,
1673 1512 1797 1567 οὔτε
1824 1532 1998 1585 γεωρ-

410 1601 561 1669 γίαις
584 1602 897 1672 ἐπιτηδείαν
928 1603 1096 1675 αὐτὴν
1144 1608 1424 1675 παρεῖχον·
1484 1605 1599 1658 ἀλλ’
1647 1606 1768 1660 οὐδὲ
1814 1608 1998 1672 αὐτοῖς

411 1695 528 1756 τοῖς
563 1694 875 1765 οἰκήτορσιν
920 1696 1132 1765 γεγόνει
1184 1696 1250 1750 ἂν
1282 1699 1570 1769 χρήσιμος,
1632 1700 1850 1754 πάντων
1880 1703 1997 1755 ἐπι-

413 1786 759 1858 κλυζομὲνων
803 1788 899 1841 καὶ
936 1790 1396 1861 κατασυρομένων
1453 1792 1559 1844 ὑπὸ
1601 1793 1701 1863 τῆς
1731 1792 1838 1846 τῶν
1868 1795 1995 1848 ύδά-

408 1897 518 1933 των
548 1878 907 1954 πλημμύρας.
945 1880 1130 1934 Ταῦτα
1160 1883 1258 1952 μὲν
1286 1878 1380 1937 οὖν
1417 1879 1507 1954 ἦν,
1544 1887 1591 1937 εἰ
1619 1886 1693 1956 μὴ
1728 1886 1885 1955 λόγος
1915 1904 1997 1951 τις

409 1970 799 2042 δημιουργικὸς
834 1973 929 2025 καὶ
955 1970 1090 2025 Θεοῦ
1119 1973 1280 2041 σοφία
1315 1975 1577 2044 τεχνικῶς
1630 1977 1767 2047 αὐτῇ
1798 1977 1996 2030 τοιόνδε

413 2064 602 2133 σχῆμα
640 2062 1050 2136 περιϐεϐλήκει·
1095 2066 1213 2119 νυνὶ
1246 2066 1304 2119 δὲ
1355 2066 1529 2131 οὕτως
1561 2070 1995 2139 κατεσκευάσθη,

407 2155 482 2219 ώς
513 2158 593 2219 εἰς
625 2155 727 2227 ὅρη
758 2155 852 2211 καὶ
906 2156 1105 2223 νάπας,
1162 2156 1384 2226 βουνούς
1447 2175 1507 2211 τε
1563 2160 1657 2213 καὶ
1708 2160 1998 2232 φάραγγας

408 2248 830 2319 ἐσχηματίσθαι·
850 2250 925 2311 ώς
950 2248 1045 2301 καὶ
1071 2251 1349 2320 ποταμοὺς
1374 2250 1474 2314 τὰς
1503 2252 1713 2307 ἑαυτῶν
1735 2254 1997 2321 διεξόδους

409 2339 705 2403 ἀκωλύτως
732 2340 1022 2393 ποιεῖσθαι·
1055 2341 1154 2413 ὅρη
1182 2358 1241 2393 τε
1270 2342 1363 2395 καὶ⁸
1393 2341 1531 2414 ἄλση
1552 2345 1645 2398 καί
1675 2345 1815 2413 φυτά
1838 2345 1999 2412 ζώοις

408 2431 800 2504 ἀπονέμεσθαι·
842 2433 1024 2505 χώρας
1057 2451 1116 2486 τε
1146 2435 1241 2487 καὶ
1264 2434 1521 2500 πεδιάδας
1540 2439 1619 2501 εἰς
1637 2439 1880 2510 οἰκήσεις
1904 2442 1998 2495 καὶ

408 2527 680 2598 γεωργίας
707 2525 1015 2597 ἀνθρώποις
1063 2526 1392 2598 ἀφωρίσθαι.
1435 2527 1533 2592 Τίς
1576 2531 1756 2585 τοίνυν
1804 2534 1905 2586 οὐκ
1932 2533 1997 2587 ἂν

408 2620 796 2691 ὁμολογήσειεν
818 2619 1033 2688 ἀληθῶς
1057 2619 1227 2689 σοφῆς
1246 2616 1386 2673 εἶναι
1410 2624 1754 2694 προμηθείας
1787 2625 1960 2679 ταῦτα
1980 2644 1995 2692 ;

406 2713 466 2784 ἡ,
506 2712 852 2784 προλαϐοῦσα
882 2714 941 2767 τὸ
992 2716 1184 2785 μέλλον
1230 2718 1337 2789 πρὸ
1388 2716 1480 2770 τοῦ
1509 2716 1876 2789 πληρώματος
1902 2720 1998 2789 τῆς

406 2806 536 2876 γῆς,
571 2806 665 2860 καὶ
698 2807 806 2879 πρὸ
834 2807 929 2861 τοῦ
960 2808 1226 2880 συστῆναι
1257 2810 1326 2863 τά
1355 2811 1412 2862 ἐν
1459 2810 1623 2880 αὐτῇ,
1666 2810 1875 2864 τοιάνδε
1903 2811 1999 2864 αύ-

403 2897 506 2970 τὴν
533 2900 888 2970 ἐσχημάτισε,
917 2901 1238 2972 καταλλήλῳ
1268 2901 1671 2955 διαπλάττουσα
1698 2902 1876 2972 τύπῳ,
1922 2902 1999 2967 ώς

406 2992 475 3046 ἂν
500 2996 612 3058 τοῖς
637 2995 770 3049 πᾶσι
792 2995 1001 3063 γένοιτο
1028 2994 1328 3065 ἐπιτηδεία.
1354 2994 1774 3065 Μυστικώτερον
1798 2995 1855 3048 δὲ
1904 2994 1998 3049 τοῦ

406 3084 615 3155 Κυρίου
638 3086 864 3155 γέγονεν
887 3087 920 3156 ἡ
950 3085 1044 3156 γῆ.

483 3180 579 3246 Τίς
608 3179 975 3248 ἀναϐήσεται
1032 3182 1121 3247 εἰς
1158 3179 1226 3234 τὸ
1273 3178 1412 3249 ὄρος
1476 3180 1584 3236 τοῦ
1645 3181 1911 3250 Κυρίουξ
1957 3181 1996 3251 ἢ
2025 3210 2067 3268 ο

406 3272 499 3338 τίς
526 3273 819 3342 στήσεται
873 3274 944 3328 ἐν
992 3275 1152 3341 τόπῳ
1210 3273 1626 3344 ἀγίῳαὺτοιᾙ
1674 3273 1734 3329 τὸ
1780 3273 1993 3330 τελικὸν

406 3365 610 3435 ἀγαθὸν
650 3366 746 3421 καὶ¹
773 3366 865 3420 τὸν
897 3366 1029 3420 Θεὸν
1063 3366 1236 3435 Λόγον
1266 3365 1507 3431 λεκτέον,
1540 3365 1626 3435 ἐφ’
1658 3364 1686 3418 ὃ
1714 3366 1992 3420 ἀναϐαίνει

405 3460 435 3510 ὁ
462 3458 549 3511 διὰ
580 3459 863 3530 προκοπῆς
913 3460 1005 3513 ἐπὶ
1056 3460 1155 3531 τὴν
1207 3458 1518 3531 ἀκρώρειαν
1575 3458 1736 3512 αὐτοῦ
1789 3458 1992 3528 φθάσαι

344 3566 347 3573 '
406 3552 748 3623 γλιχόμενος.
785 3553 1018 3616 Σπάνιος
1046 3553 1103 3607 δὲ
1133 3553 1163 3604 ὁ
1214 3550 1477 3615 τοιοῦτος’
1514 3550 1594 3602 διὸ
1617 3550 1850 3622 εἴρηται·
1898 3553 1992 3618 Τίς

405 3644 770 3711 ἀναϐήσεται
790 3646 877 3711 είς
904 3646 968 3698 τὸ
1006 3644 1144 3712 ὄρος
1165 3642 1271 3696 τοῦ
1309 3641 1566 3709 Κυρίου;
1588 3640 1626 3708 ἢ
1654 3641 1745 3707 τίς
1768 3643 1989 3709 στήσε-

406 3757 502 3793 ται
535 3740 604 3794 ἐν
642 3741 803 3807 τόπῳ
820 3740 965 3809 ἁγίῳ
998 3738 1221 3803 αὺτοῦὶ

489 3830 697 3898 Ἆθῶος
744 3830 915 3902 χερσὶ
960 3832 1060 3886 καὶ
1102 3833 1361 3902 καθαρὸς
1394 3834 1471 3903 τῇ
1519 3836 1753 3904 καρδίᾳ,
1789 3835 1857 3901 ὃς
1879 3836 1989 3889 οὐκ

406 3924 624 3978 ἐλαϐεν
651 3924 750 3978 ἐπὶ
796 3926 1027 3994 ματαίῳ
1058 3924 1175 3993 τὴν
1233 3926 1448 3996 ψυχὴν
1474 3928 1680 3991 αὑτοῦ,
1733 3927 1832 3981 καὶ
1878 3930 1990 3981 οὐκ

406 4017 647 4086 ὤμοσεν
673 4017 770 4070 ἐπὶ
804 4016 963 4081 δόλῳ
998 4016 1077 4083 τῷ
1105 4019 1376 4085 πλησίον
1396 4020 1603 4074 αὐτοῦ.
1637 4016 1826 4087 Οὗτος
1876 4019 1987 4087 λή-

410 4110 586 4175 ψεται
630 4107 917 4176 εὐλογίαν
943 4107 1103 4175 παρὰ
1132 4109 1375 4184 Κυρίου,
1422 4109 1522 4162 καί
1571 4108 1990 4179 ἐλεημοσύνην

409 4200 571 4269 παρὰ
620 4200 767 4254 Θεοῦ
831 4199 1103 4269 σωτῆρος
1149 4200 1356 4254 αὑτοῦ,
1410 4202 1569 4270 Αὕτη
1607 4204 1645 4270 ἡ
1692 4200 1865 4271 γενεὰ
1892 4201 1987 4269 ζη-

408 4291 676 4345 τούντων
716 4290 901 4345 αὐτὸν
925 4330 939 4354 ,
1002 4288 1333 4359 ζητούντων
1396 4291 1463 4346 τὸ
1508 4294 1828 4361 πρόσωπον
1883 4292 1988 4347 τοῦ

413 4380 562 4435 Θεοῦ
621 4380 845 4437 Ἰακώϐ.
916 4382 1249 4451 Διάψαλμα.
1303 4383 1507 4451 Ἄρατε
1546 4386 1764 4449 πύλας,
1814 4387 1867 4437 οἱ
1895 4383 1989 4453 ἅρ-

412 4489 647 4541 χοντες,
669 4474 858 4543 ὑμῶν,
896 4473 996 4526 καί
1028 4471 1345 4541 ἐπάρθητε,
1380 4474 1568 4527 πύλαι
1612 4474 1861 4538 αἰώνιοι,
1889 4473 1989 4527 καὶ

2104 586 2253 655 lique
2286 586 2595 656 superﬁcie,
2628 587 2930 643 secundum
2963 588 3113 641 illam
3146 586 3463 644 Grazcorum
3498 589 3678 659 sphae-

2102 694 2243 741 ram,
2280 678 2497 745 fuisset,
2541 696 2819 750 nunquam
2869 678 3152 735 ﬂuminum
3192 683 3675 754 congregationem

2101 771 2448 836 admisisset;
2481 788 2656 841 neque
2684 774 3036 843 agriculturae
3076 784 3202 844 apta
3231 774 3394 840 foret,
3430 775 3679 832 diﬁluen-

2102 864 2255 918 tibus
2297 865 2660 935 undequaque
2701 865 2934 934 pluviis:
2978 874 3037 920 ut
3082 882 3113 921 e
3145 882 3415 923 converso
3450 870 3676 935 iterum,

2102 956 2147 1010 si
2172 956 2335 1025 plana
2363 965 2532 1021 esset,
2560 972 2779 1028 unaque
2809 958 3150 1027 superﬁcies,
3197 968 3427 1015 extensa
3466 962 3523 1015 in
3559 962 3678 1031 pla-

2100 1048 2265 1103 nities
2326 1059 2382 1103 et
2416 1064 2619 1120 agros;
2662 1065 3008 1119 nequaquam
3061 1049 3284 1105 ﬁumina
3323 1066 3389 1106 ex
3422 1053 3678 1123 perenni-

2100 1140 2205 1196 bus
2261 1140 2506 1197 fontibus
2568 1143 2845 1197 manantia
2908 1142 3020 1197 illic
3075 1143 3436 1211 exsisterent;
3496 1159 3679 1214 neque

2099 1231 2250 1288 ﬂuvii
2278 1235 2372 1304 qui
2390 1250 2456 1289 ex
2482 1235 2731 1290 hibernis
2761 1235 3028 1291 imbribus
3049 1236 3403 1303 coalescunt;
3432 1237 3524 1292 sed
3540 1237 3679 1306 jam-

2099 1326 2193 1381 diu
2228 1334 2397 1381 totam
2419 1336 2623 1382 terram
2651 1329 3033 1395 inundassent,
3062 1329 3137 1383 ila
3168 1336 3225 1383 ut
3255 1344 3433 1398 neque
3454 1329 3675 1393 sationi,

2098 1432 2279 1488 neque
2310 1418 2515 1488 plantis
2547 1427 2601 1474 et
2628 1420 2941 1483 arboribus,
2978 1436 3154 1490 neque
3186 1420 3538 1490 agricultura:
3559 1420 3677 1475 idoo

2099 1521 2261 1560 neam
2314 1508 2641 1576 praberent.
2698 1509 2885 1579 Neque
2944 1511 3062 1579 ipsa
3129 1510 3324 1564 incolis
3376 1511 3493 1566 suis
3551 1517 3677 1581 apta

2101 1599 2362 1668 utilisque
2413 1599 2631 1665 fuisset,
2684 1616 2809 1655 cum
2875 1617 3141 1672 aquarum
3195 1601 3433 1656 colluvie
3492 1602 3679 1656 omnia

2098 1694 2503 1750 inundarentur
2529 1710 2593 1749 ac
2617 1695 2944 1751 dillluerent.
3005 1694 3132 1751 Haec
3160 1711 3295 1751 sane
3321 1694 3675 1760 accidissent,

2102 1787 2213 1842 nisi
2258 1788 2488 1843 verbum
2538 1788 2835 1858 quodpiam
2889 1789 3067 1858 Opifex
3117 1804 3327 1854 rerum,
3360 1804 3423 1842 ac
3452 1786 3549 1843 Dei
3583 1804 3674 1843 sa-

2098 1878 2326 1950 pientia,
2357 1879 2590 1933 artiﬁcio
2617 1894 2816 1950 magno
2839 1879 3001 1934 talem
3034 1879 3138 1949 ipsi
3166 1879 3410 1950 undique
3443 1878 3675 1934 formam

2100 1968 2412 2024 indidisset.
2443 1967 2562 2023 Jam
2588 1984 2718 2022 vero
2743 1970 2823 2023 sic
2857 1970 3162 2039 composita
3191 1977 3297 2035 est,
3334 1977 3394 2023 ut
3426 1969 3483 2023 in
3516 1985 3679 2024 mon-

2102 2068 2182 2116 tes
2212 2068 2266 2115 et
2300 2061 2493 2125 clivos,
2544 2054 2714 2116 colles
2744 2068 2798 2114 et
2845 2063 3013 2117 valles
3062 2062 3455 2125 distribuatur,
3506 2070 3679 2133 utque

2100 2155 2349 2218 ﬁumina,
2378 2156 2532 2210 nullo
2566 2156 2741 2219 obice,
2771 2172 2902 2211 suos
2924 2156 3027 2212 sibi
3052 2157 3234 2212 exitus
3263 2164 3493 2225 parent;
3524 2172 3677 2212 mon-

2098 2256 2205 2311 tes,
2240 2248 2391 2302 silva
2443 2253 2498 2302 et
2536 2247 2764 2302 arbores
2790 2248 3120 2303 animalibus
3153 2248 3521 2318 deputentur;
3559 2249 3675 2319 agri

2099 2345 2154 2394 et
2186 2338 2443 2408 planities
2471 2330 2791 2394 hominibus
2814 2338 2882 2392 ad
2913 2339 3253 2393 domicilium
3280 2348 3334 2394 et
3372 2340 3678 2409 agricultu-

2099 2446 2215 2485 ram
2250 2428 2527 2484 destinata
2558 2431 2691 2485 sint.
2728 2431 2865 2497 Quis
2897 2446 3030 2501 ergo
3064 2446 3174 2485 non
3202 2430 3532 2486 conﬁteatur
3560 2431 3677 2486 haac

2098 2536 2129 2575 a
2179 2522 2410 2591 sapienti
2470 2522 2706 2592 quadam
2750 2522 3095 2593 providentia
3169 2523 3495 2593 proﬁcisci?
3545 2522 3679 2589 Quae

2101 2613 2285 2668 futura
2346 2616 2692 2685 prospiciens
2738 2623 3033 2685 antequam
3091 2616 3374 2685 plenitudo
3419 2625 3577 2671 terrae
3623 2625 3679 2670 et

2098 2722 2221 2777 quae
2264 2707 2319 2760 in
2351 2723 2415 2761 ea
2448 2715 2575 2761 sunt
2606 2708 2995 2769 consisterent.
3026 2708 3123 2761 tali
3156 2723 3276 2762 eam
3303 2708 3477 2763 forma
3508 2723 3676 2764 exor-
3763 2762 3771 2775 ,

2099 2798 2270 2863 navit,
2301 2798 2736 2868 congruentibus
2757 2796 3075 2868 mutuisque
3114 2798 3262 2851 illam
3305 2798 3485 2852 modis
3518 2797 3678 2853 οσον-

2098 2902 2279 2953 mans,
2343 2895 2404 2943 ut
2463 2888 2721 2943 omnibus
2763 2888 3053 2943 commoda
3104 2888 3382 2944 evaderet.
3445 2888 3678 2960 Mystico

2100 2986 2284 3034 autem
2312 2994 2470 3034 more
2499 2979 2614 3035 haec
2643 2987 2791 3035 terra
2822 2979 3038 3035 Domini
3075 2978 3242 3035 fuerit
3296 2979 3381 3053 [ea
3410 2981 3676 3037 nimirum

2100 3087 2222 3142 qua:
2251 3087 2374 3126 mox
2411 3070 2711 3144 indicatur]
2726 3112 2740 3125 .

2172 3162 2342 3219 Vsus.
2372 3165 2425 3219 '5.
2469 3163 2602 3230 Quis
2632 3162 2878 3218 ascendet
2907 3164 2962 3217 in
3004 3172 3231 3219 montem
3272 3163 3534 3222 Domini?
3582 3174 3678 3220 aut

2100 3256 2216 3325 quis
2250 3255 2418 3309 stabit
2447 3255 2501 3307 in
2532 3254 2647 3308 loco
2674 3264 2860 3308 sancto
2884 3254 3037 3323 ejus?
3067 3252 3125 3309 Id
3168 3254 3235 3310 de
3266 3255 3509 3325 perfecto
3528 3256 3676 3312 bono

2102 3362 2166 3401 ac
2194 3346 2262 3401 de
2292 3344 2403 3400 Deo
2433 3344 2614 3401 Verbo
2670 3345 3075 3415 explicandum,
3129 3346 3199 3400 ad
3243 3347 3391 3416 quod
3430 3348 3677 3404 ascendit

2100 3436 2357 3507 quisquis
2388 3451 2719 3508 progressus
2762 3450 3027 3490 cacumen
3057 3436 3177 3507 ejus
3215 3438 3483 3507 attingere
3508 3454 3674 3509 cxpe-

2098 3531 2184 3584 tit.
2233 3525 2340 3583 Sed
2372 3529 2483 3583 rari
2526 3527 2839 3598 hujusmodi
2874 3536 3041 3594 sunt;
3076 3544 3249 3598 quare
3275 3529 3511 3583 dicitur:
3540 3528 3673 3596 Quis

2098 3622 2339 3676 ascendet
2369 3622 2426 3676 in
2456 3632 2681 3676 montem
2717 3620 2925 3675 Domini
2952 3624 2977 3676 Ρ
3014 3632 3105 3674 aut
3134 3623 3251 3691 quis
3280 3620 3442 3676 stabit
3480 3622 3673 3676 inloco

2097 3724 2280 3770 sancto
2308 3715 2420 3785 ejus
2439 3717 2466 3771 7

2193 3806 2361 3864 Vsus.
2410 3806 2528 3861 4-8.
2580 3804 2841 3861 Innocens
2885 3804 3128 3859 manibus
3207 3812 3259 3859 et
3308 3804 3503 3859 mund‘o
3553 3822 3674 3858 cor-

2095 3901 2179 3965 de,
2211 3902 2298 3971 qui
2330 3918 2431 3954 non
2462 3901 2657 3967 accepit
2698 3900 2750 3952 in
2782 3915 2915 3953 vano
2944 3899 3174 3951 animam
3206 3914 3379 3962 suam,
3406 3914 3497 3951 nec
3513 3897 3673 3966 jura-

2096 3994 2167 4045 vit
2208 3992 2261 4045 in
2305 3991 2427 4045 doto
2480 3994 2722 4067 proximo
2762 4006 2879 4044 suo.
2926 3988 3028 4042 Hic
3083 3989 3301 4057 accipiet
3354 3978 3671 4042 benedictio-

2094 4102 2212 4139 nem
2254 4101 2287 4137 a
2336 4083 2586 4149 Domino,
2647 4074 2696 4137 et
2727 4082 3147 4137 misericordiam
3211 4099 3245 4135 a
3281 4081 3392 4136 Deo
3438 4082 3670 4137 salutari

2097 4191 2216 4230 suo.
2251 4173 2381 4229 ch
2431 4183 2508 4229 est
2541 4176 2811 4245 generatio
2854 4176 3201 4245 quwrentium
3246 4190 3385 4236 eum,
3432 4190 3671 4244 quaeren-

2096 4271 2227 4323 tium
2261 4269 2451 4339 faciem
2482 4268 2581 4322 Dei
2630 4266 2820 4323 Iacob.
2878 4265 3215 4334 Diapsalma.
3264 4265 3507 4320 Attollite
3544 4281 3669 4336 por-

2097 4372 2201 4425 tas,
2263 4362 2544 4431 principes,
2582 4370 2825 4426 vestras;
2858 4369 2907 4413 et
2954 4359 3251 4424 elevamini,
3278 4368 3447 4428 portae
3514 4369 3671 4414 (Βίεν-

2094 4456 2264 4520 nales,
2331 4465 2380 4510 et
2462 4454 2706 4508 introibit
2764 4452 2873 4507 Rea:
2936 4454 3141 4524 gloriw.
3239 4452 3371 4519 Quis
3435 4461 3516 4507 est
3572 4453 3668 4507 iste

408 4568 818 4621 εἰσελεύσεται
859 4569 892 4620 ό
936 4566 1237 4633 ,ϐασιλεὺς
1266 4567 1379 4635 τῆς
1417 4567 1619 4636 δόξης.
1677 4570 1770 4634 Τίς
1822 4569 1993 4623 ἐστιν

2099 4547 2207 4602 Rex
2256 4548 2488 4619 gloriw?
2561 4546 2822 4600 Dominus
2876 4545 3030 4613 fortis
3098 4554 3146 4598 et
3215 4553 3419 4614 potens,
3481 4544 3667 4598 Domi-

412 4652 590 4723 οὗτος
618 4661 651 4710 ό
676 4656 977 4723 ,ϐασιλεὺς
1022 4656 1132 4726 τῆς
1182 4657 1405 4725 δόξης;
1453 4660 1668 4726 Κύριος
1716 4659 1991 4726 κραταιὸς

411 4748 811 4816 καίδυνατὸς,
842 4751 1058 4818 Κύριος
1099 4748 1357 4815 δυνατός
1410 4750 1479 4803 ὲν
1526 4752 1787 4820 πολέμῳ.
1832 4753 1991 4815 Ἴσως

409 4839 469 4893 δὲ
494 4840 582 4894 διὰ
608 4843 709 4912 τῆς
737 4840 983 4904 πεύσεως
1012 4841 1106 4895 καὶ
1142 4841 1485 4911 ἀποκρίσεως
1512 4841 1818 4895 διδάσκουσι
1853 4842 1989 4895 πάν-

410 4950 513 4997 τας
568 4932 887 5007 ἀνθρώπους
925 4933 1022 5005 τὴν
1072 4934 1390 4987 δεσποτείαν
1440 4932 1535 4986 τοῦ
1597 4934 1802 5006 Κυρίου
1832 4933 1991 5005 ἡμῶν

425 5024 603 5096 Ἰησοῦ
632 5023 889 5096 Χριστοῦ·
920 5026 972 5077 εί
1000 5042 1063 5093 γε
1092 5026 1176 5087 τίς
1208 5025 1252 5077 δ’
1281 5026 1365 5096 οἵῃ
1413 5024 1616 5088 ταύτας
1646 5026 1721 5095 μὴ
1757 5026 1988 5093 ἀγνοεῖν.

410 5117 569 5181 Τινὲς
592 5117 649 5171 δὲ
670 5118 767 5189 τὴν
787 5118 1043 5189 δευτέραν
1088 5117 1281 5171 πεῦσιν
1315 5118 1409 5171 καὶ
1438 5118 1746 5189 ἀπόκρισιν,
1782 5119 1842 5170 ού
1873 5120 1991 5183 ταῖς

410 5210 493 5263 ἔτι
531 5210 786 5282 ἀνωτέρω
832 5210 1125 5281 δυνάμεσιν
1158 5209 1408 5281 εἰρῆσθαι
1462 5211 1642 5277 φασὶν,
1686 5209 1822 5263 ἀλλὰ
1873 5212 1991 5275 ταῖς

412 5302 622 5365 αὐταῖς.
663 5303 737 5355 Τό
764 5319 824 5355 τε
856 5302 1135 5373 διάψαλμα
1158 5302 1398 5372 προτοῦ·
1434 5304 1638 5370 Ἄρατε
1668 5302 1885 5367 πύλας,
1938 5305 1990 5355 οἱ

409 5394 722 5464 ἄρχοντες,
759 5392 948 5464 ὑμῶν,
974 5394 1247 5465 κείμενον,
1272 5393 1371 5462 τῆς
1406 5392 1669 5464 μελῳδίας
1722 5392 1863 5444 ἔοικε
1893 5409 1989 5462 με-

409 5485 644 5558 ταϐολὴν
666 5485 1016 5556 πεποιῆσθαι·
1047 5486 1170 5539 ἐπεὶ
1224 5486 1318 5542 καί¹
1374 5484 1475 5554 τῆς
1532 5484 1771 5547 διανοίας
1799 5483 1987 5549 αὐτῆς.

423 5578 512 5632 Ἔν
536 5577 593 5631 δὲ
616 5577 696 5648 τῷ
719 5578 899 5646 λέγειν
925 5576 1323 5631 εἰσελεύσεσθαι
1344 5576 1526 5640 αὑτὸν,
1566 5574 1864 5647 λεληθότως
1898 5577 1989 5629 καὶ

412 5669 589 5735 ἔξοδον
622 5669 785 5723 αὐτοῦ
844 5668 1081 5741 ᾐνίξατο.
1108 5664 1220 5722 Εἶτ’
1267 5668 1390 5721 ἐπεὶ
1427 5667 1503 5739 μὴ
1559 5667 1715 5736 μόνος
1760 5666 1989 5737 ἤμελλεν

411 5762 636 5816 εἰσιέναι
663 5765 743 5826 εἰς
786 5762 885 5833 τὴν
911 5762 1074 5816 αὑτοῦ
1137 5762 1438 5832 βασιλείαν,
1492 5761 1671 5824 πάσας
1718 5761 1990 5814 ἀναπετα-

414 5856 606 5926 σθῆναι
638 5855 733 5919 τάς
761 5855 985 5921 πύλαςὸ
1034 5857 1189 5929 λόγος
1236 5854 1660 5931 παρακελεύεται
1720 5854 1807 5909 διὰ
1865 5854 1987 5919 τοὺς

2096 4658 2194 4695 nus
2238 4651 2419 4711 potens
2478 4641 2533 4693 in
2584 4640 2790 4709 prwlio.
2832 4638 3091 4694 Fortasse
3126 4637 3163 4690 ii
3214 4652 3310 4706 per
3358 4637 3666 4706 interroga-

2091 4733 2294 4786 tionem
2355 4739 2409 4786 et
2456 4730 2871 4800 responsionem
2923 4742 3116 4781 omnes
3159 4726 3406 4780 homines
3459 4724 3525 4778 de
3568 4724 3666 4777 do~

2093 4823 2303 4876 minatu
2360 4820 2577 4876 Domini
2636 4819 2811 4874 nostri
2886 4818 3015 4872 Jesu
3070 4817 3275 4871 Christi
3327 4816 3661 4872 instituunt:

2094 4916 2140 4969 si
2176 4923 2398 4984 putetur
2447 4923 2633 4967 tamen
2673 4927 2767 4966 eas
2808 4912 2957 4981 ipsas
3002 4908 3279 4981 [caelestes
3337 4906 3664 4978 potestates]

2094 5007 2148 5061 id
2179 5023 2288 5061 non
2336 5006 2613 5076 ignorare.
2677 5002 2817 5057 Sunt
2865 5002 2959 5071 qui
2995 4987 3334 5055 arbitrentur
3366 4999 3663 5054 secundam

2093 5098 2583 5169 interrogationem
2622 5103 2678 5151 et
2716 5094 3133 5165 responsionem
3178 5106 3289 5145 non
3322 5090 3662 5145 sublimiori~

2092 5201 2195 5258 bus
2224 5200 2587 5271 potestatibus
2620 5197 2841 5261 factam,
2873 5195 2968 5249 sed
2999 5192 3193 5247 iisdem
3216 5198 3377 5261 atque
3400 5190 3659 5259 priorem.

2092 5294 2402 5364 Diapsalma
2445 5307 2570 5346 vero
2601 5300 2726 5345 ante
2760 5289 2915 5351 illud,
2953 5286 3195 5341 Attollite
3219 5294 3425 5350 portas,
3465 5283 3659 5352 primi.

2092 5405 2201 5458 pes,
2238 5397 2461 5448 vestras,
2499 5384 2762 5455 positum,
2812 5381 3029 5436 videtur
3069 5379 3316 5433 melodiae
3347 5377 3525 5432 solum
3559 5374 3664 5428 im-

2093 5479 2451 5534 mutationem
2481 5477 2761 5538 inducere,
2817 5473 2947 5543 quia
2976 5471 3166 5525 eadem
3211 5472 3263 5525 in
3305 5469 3663 5540 sequentibus

2092 5572 2385 5628 sententia.
2431 5570 2567 5624 Cum
2603 5576 2783 5623 autem
2818 5567 3173 5620 introiturum
3194 5564 3382 5633 «ipsum
3444 5561 3540 5629 ait,
3574 5577 3662 5616 ex-

2092 5666 2230 5721 itum
2264 5664 2429 5719 etiam
2464 5662 2583 5732 ejus
2610 5662 2844 5714 latenter
2877 5655 3242 5715 adumbravit.
3292 5654 3496 5710 Deinde
3532 5666 3661 5708 νεα)

2091 5758 2219 5828 quia
2252 5770 2364 5811 non
2395 5755 2515 5825 ipse
2562 5753 2713 5807 solus
2762 5751 3070 5805 intraturus
3123 5749 3179 5803 in
3227 5762 3455 5819 regnum
3499 5762 3659 5802 suum

2092 5859 2229 5918 erat,
2267 5858 2453 5922 portas
2485 5863 2673 5906 omnes
2703 5845 2869 5916 pandi
2896 5852 2947 5903 et
2973 5843 3171 5914 aperiri
3200 5843 3448 5915 iubetur,
3469 5852 3664 5899 eorum
