4138 6380
470 378 578 434 225

1091 379 1360 436 EUSEBII
1400 379 1884 437 CIESARIENSIS
1921 381 2068 438 OPP.
2114 381 2294 437 PARS
2333 381 2419 438 Ill.
2462 413 2532 424 --—
2571 381 2985 439 EXEGETICA.

3635 387 3742 444 224

472 493 684 550 scilicet
713 508 881 550 causa
912 495 1006 565 qui
1045 509 1171 549 cum
1209 493 1305 549 Dei
1346 494 1488 552 Filio
1519 513 1748 569 regnum
1787 499 2043 553 caelorum

2162 498 2458 570 μέλλοντας
2513 498 2868 571 κληρονομεῖν
2913 499 3011 570 τὴν
3041 499 3318 570 βασιλείαν
3359 499 3466 554 τῶν
3495 500 3742 574 οὐρανῶν

470 587 828 643 consecuturi
875 594 1053 642 erant.
1110 585 1313 642 Multas
1353 587 1557 659 quippe
1593 604 1657 643 ac
1687 588 1936 646 diversas
1985 590 2052 643 ad

469 681 625 752 regni
677 681 943 736 caelorum
995 680 1203 735 aditum
1243 689 1434 752 portas
1462 684 1706 752 aperuit:
1745 699 1870 738 nam
1910 683 2052 754 apud

471 771 685 827 Patrem
744 772 1060 828 mansiones
1106 775 1294 829 multae
1346 777 1559 831 sunt".
1622 777 1702 830 Ac
1754 776 2050 847 perpende,

471 878 680 935 inlaeso,
738 880 870 919 num
931 865 1021 919 hic
1088 867 1336 922 solvatur
1393 869 1625 938 quaestio
1679 871 1900 941 psalmi,
1956 869 2050 940 qui

470 957 554 1013 sic
613 956 808 1012 habet:
865 958 1119 1013 Ascendit
1172 960 1312 1015 Deus
1369 961 1423 1015 in
1466 952 1815 1031 jubilatione,
1863 961 2053 1015 Domi-

469 1066 565 1104 nus
591 1051 645 1104 in
678 1067 798 1105 voce
828 1051 969 1107 tuba:
988 1053 1054 1108 ’⁸.
1126 1050 1228 1107 Hic
1270 1050 1509 1123 Spiritus
1575 1065 1800 1109 sanctus
1849 1054 2052 1125 jubila-

467 1143 673 1199 tionem
735 1159 798 1198 ac
838 1160 1024 1199 vocem
1081 1147 1229 1202 tubae
1287 1146 1458 1203 dedit.
1517 1145 1654 1201 Nam
1703 1148 1759 1202 in
1803 1162 2043 1202 ascensu

470 1233 591 1289 Filii
627 1234 720 1290 Dei
757 1237 810 1290 in
839 1237 1035 1302 cmlos,
1082 1255 1178 1308 par
1209 1238 1311 1293 fuit
1351 1240 1455 1310 ipsi
1487 1239 1703 1294 obviam
1737 1239 1847 1296 issc
1883 1255 2050 1310 ange-

471 1327 576 1390 los,
634 1343 746 1382 suae
792 1343 890 1396 pro
943 1329 1261 1385 hominibus
1314 1330 1640 1385 ceconomiaz
1667 1333 2046 1396 administros,

468 1430 634 1491 atque
683 1421 991 1475 ccelestium
1027 1435 1310 1493 portarum
1366 1423 1512 1479 fores
1569 1423 1674 1494 ipsi
1742 1417 2046 1494 aperuisse,

465 1530 630 1569 voces
659 1515 1048 1586 angelicosque
1079 1517 1370 1581 clamores,
1405 1519 1498 1588 qui
1530 1517 1584 1571 in
1603 1517 1818 1588 psalmo
1855 1516 2048 1573 ferun-

466 1617 576 1672 tur,
629 1609 918 1664 emisisse:
952 1625 1091 1680 quos
1123 1610 1506 1680 jubilationem
1558 1617 1612 1665 et
1649 1625 1838 1665 vocem
1896 1611 2043 1666 tubae

464 1706 748 1768 nuncupat
782 1698 972 1755 dicens
1002 1717 1016 1754 :
1047 1701 1293 1755 Ascendit
1317 1700 1458 1755 Deus
1491 1700 1547 1754 in
1565 1699 1912 1770 jubilatione,
1946 1701 2048 1756 Do-

467 1790 644 1844 minus
671 1792 726 1845 in
755 1807 872 1845 voce
901 1790 1060 1846 tubw.

2156 592 2253 645 σὺν
2282 589 2358 661 τῷ
2381 590 2495 662 Υίῷ
2525 591 2620 644 τοῦ
2652 592 2809 646 Θεοῦ.
2845 591 3055 655 Πολλὰς
3081 592 3189 664 γὰρ
3211 592 3413 663 ἀνέῳξε
3440 593 3534 647 xui
3555 594 3743 664 διαφό-

2156 702 2285 757 ρους
2318 683 2492 749 πύλας
2512 685 2610 756 τῆς
2647 687 2728 750 εἰς
2759 687 2884 749 τοὺς
2905 687 3167 756 οὐρανοὺς
3192 687 3425 740 εἰσόδου·
3480 688 3603 742 ἐπεὶ
3649 690 3743 744 καὶ

2155 776 2344 830 πολλαί
2381 776 2542 848 μοναὶ
2575 777 2726 850 παρά
2750 777 2827 849 τῷ
2852 779 3048 850 Πατρί.
3079 780 3218 850 Ὅρα
3243 779 3300 831 δὲ
3332 780 3380 832 εἰ
3417 779 3492 852 μὴ
3525 782 3585 834 ἐν
3616 782 3742 835 τού-

2151 886 2264 934 τοις
2290 868 2474 940 λυθείη
2505 867 2570 922 ἂν
2598 868 2658 922 τὸ
2693 868 3023 941 ζητούμενον
3057 871 3115 923 ἐν
3136 869 3215 941 τῷ
3240 869 3736 943 φάσκοντιψαλμῷ·

2164 963 2362 1030 Ἀνέϐη
2395 965 2427 1016 d
2454 961 2598 1028 Θεὸς
2662 961 2733 1015 ἐν
2781 961 3128 1032 ἀλαλαγμῷ,
3181 963 3398 1030 Κύριος
3455 964 3525 1016 ἐν
3568 964 3742 1033 φωνῇ

2149 1051 2505 1124 σάλπιγγος.
2560 1053 2826 1108 Ἐνταῦθα
2855 1053 2963 1125 γὰρ
3011 1053 3072 1107 τὸ
3117 1054 3343 1126 Πνεῦμα
3373 1056 3433 1108 τὸ
3459 1055 3613 1126 ἅγιον
3647 1058 3743 1112 xui

2148 1145 2240 1199 τὸν
2263 1144 2578 1217 ἀλαλαγμὸν
2604 1145 2698 1200 xui
2731 1145 2830 1216 τὴν
2860 1145 3043 1217 φωνὴν
3096 1146 3198 1216 τῆς
3227 1147 3526 1216 σάλπιγγος
3551 1148 3743 1203 ἀποδί-

2149 1237 2331 1291 δωσιν.
2380 1239 2468 1292 Ἐν
2487 1237 2596 1310 γὰρ
2620 1240 2685 1309 τῇ
2732 1238 2812 1300 εἰς
2831 1237 3096 1308 οὐρανοὺς
3140 1237 3402 1292 ἀναϐάσει
3453 1238 3548 1292 τοῦ
3606 1239 3740 1293 Υἰοῦ

2146 1325 2241 1380 τοῦ
2271 1325 2429 1390 Θεοῦ,
2460 1328 2586 1390 τοὺς
2614 1325 3112 1397 διακονησαμένους
3157 1326 3304 1398 αὐτῷ
3335 1327 3599 1396 ἀγγέλους
3639 1327 3739 1399 τὴν

2147 1418 2227 1480 εἰς
2257 1415 2578 1488 ἀνθρώπους
2633 1417 2947 1487 οἰκονομίαν
2998 1416 3325 1488 προτρέχειν
3374 1416 3522 1487 αὐτῷ
3569 1419 3735 1482 εἰκὸς,

2148 1505 2368 1565 καὶτὰς
2398 1507 2684 1578 οὐρανίους
2723 1505 2897 1570 πύλας
2931 1505 3081 1576 αὐτῷ
3128 1500 3591 1577 παρασκευάζειν,
3628 1525 3739 1576 φω-

2146 1599 2244 1662 νάς
2271 1615 2332 1651 τε
2358 1599 2578 1668 ἀφιέναι
2605 1600 2699 1652 xui
2731 1598 2860 1668 βοὰς
2886 1597 3203 1667 ἀγγελικὰς,
3225 1597 3325 1661 τὰς
3345 1599 3402 1653 ἐν
3430 1599 3510 1670 τῷ
3537 1599 3736 1670 ψαλμῷ

2146 1690 2472 1762 φερομένας·
2501 1690 2568 1754 ἃς
2586 1691 2650 1762 δὴ
2683 1690 2999 1762 ἀλαλαγμὸν
3055 1691 3148 1743 xui
3203 1691 3387 1763 φωνὴν
3439 1691 3739 1760 σάλπιγγος

2145 1782 2397 1854 ὠνόμασε
2420 1783 2620 1854 φήσας·
2663 1783 2861 1852 Ἀνέϐη
2891 1787 2924 1838 ό
2957 1781 3103 1850 Θεὸς
3136 1782 3207 1836 ἐν
3232 1783 3580 1856 ἀλαλαγμῷ,
3621 1785 3742 1838 Κύ-

2079 1915 2122 1970 B
2141 1894 2272 1946 ριος
2303 1877 2373 1930 ὲν
2401 1873 2572 1945 φωνῇ
2599 1875 2950 1947 σάλπιγγυς.

1011 1987 1244 2043 DAVIDI
1285 1987 1478 2044 XXIV.

533 2082 670 2137 Cum
692 2097 868 2152 neque
898 2082 1162 2153 psalmus,
1187 2099 1364 2154 neque
1392 2083 1690 2150 canticum,
1716 2099 1893 2154 neque
1913 2083 2043 2154 quid

464 2174 644 2230 simile
680 2174 1034 2238 inscribatur,
1065 2189 1243 2244 neque
1275 2174 1330 2227 in
1368 2174 1528 2228 linem
1560 2161 1674 2228 haec
1704 2173 2041 2242 referantur;

464 2283 528 2322 ac
553 2267 773 2337 quidam
796 2281 1077 2324 sermones
1104 2267 1214 2322 sint
1243 2266 1295 2320 in
1321 2264 1528 2338 Spiritu
1556 2277 1749 2322 sancto
1779 2283 1807 2320 a
1843 2265 2045 2322 Davide

464 2359 788 2429 conscripti,
820 2359 944 2414 ideo
973 2374 1002 2412 a
1035 2359 1260 2430 reliquis
1291 2359 1684 2430 interpretibus
1708 2360 1927 2414 Davidis
1960 2361 2046 2414 in-

463 2451 743 2508 scribitur.
767 2450 900 2506 Jure
929 2451 1180 2506 dicamus
1210 2451 1388 2522 ipsum
1415 2451 1721 2506 doctrinam
1757 2453 2042 2523 complecti

460 2544 829 2599 confessionis
860 2543 972 2598 Deo
1005 2543 1256 2610 emissae;
1290 2559 1396 2614 qua
1436 2543 1585 2615 prior
1616 2545 1834 2615 quidem
1876 2543 2044 2598 David

464 2651 600 2693 usus
635 2637 727 2702 sit,
760 2634 958 2692 deinde
987 2635 1148 2690 nobis
1175 2636 1420 2690 eamdem
1448 2635 1622 2707 ipsam
1645 2635 1956 2704 tradiderit,
1987 2644 2048 2691 ut

460 2729 684 2783 doceret
715 2743 825 2799 quo
854 2737 1014 2797 pacto
1058 2727 1333 2780 inﬁrmum
1366 2743 1640 2798 quemque
1673 2730 1911 2783 aniu‘nam
1949 2745 2046 2784 cu-

461 2837 584 2876 rare
617 2836 772 2878 suam
805 2835 902 2892 per
931 2818 1340 2876 confessionem
1366 2828 1638 2891 Oportcat.

537 2998 699 3055 Vens.
730 2999 786 3065 2,
818 3000 870 3055 5.
911 2999 991 3052 Ad
1014 3009 1082 3064 te,
1115 3000 1356 3065 Domine,
1387 3002 1553 3055 levavi
1592 3002 1826 3056 animam
1853 3019 2043 3074 meam;

461 3089 606 3144 Deus
637 3108 802 3155 meus,
832 3092 886 3145 in
915 3101 962 3144 te
985 3091 1216 3161 conﬁdo,
1245 3109 1346 3165 non
1370 3093 1671 3147 erubescam
1697 3110 1715 3146 :
1737 3111 1897 3164 neque
1920 3095 2046 3147 irri-

459 3180 616 3235 deant
644 3198 724 3236 me
749 3182 951 3236 inimici
977 3183 1100 3247 mei,
1123 3184 1313 3236 etenim
1343 3185 1574 3238 universi
1602 3186 1693 3255 qui
1715 3186 1972 3240 sustinent
1999 3195 2047 3240 te

460 3291 562 3331 non
600 3273 1008 3344 confundantur.
1043 3273 1168 3330 liazc
1199 3276 1296 3341 ait,
1331 3279 1488 3346 quasi
1533 3277 1587 3332 in
1615 3279 1784 3332 altum
1818 3288 2039 3336 evectus
2069 3261 2111 3318 δ

457 3382 509 3422 et
540 3369 878 3436 translatus;
925 3377 984 3423 ut
1019 3371 1109 3440 qui
1151 3372 1387 3426 animam
1424 3387 1579 3426 suam
1621 3371 1688 3427 ab
1718 3373 1921 3430 inlimis
1951 3389 2038 3428 re-

461 3461 564 3518 lms
593 3461 922 3516 abstractam
955 3463 1242 3518 sublimem
1275 3464 1468 3535 egerit,
1501 3473 1663 3534 atque
1691 3464 1887 3520 aﬂ‘ectu
1917 3480 2036 3520 eam

455 3569 677 3611 sursum
717 3569 782 3608 ac
824 3553 936 3609 Deo
968 3555 1206 3609 vicinam
1258 3557 1630 3623 constituerit,
1683 3564 1739 3611 et
1785 3557 2036 3611 mortalia

457 3647 808 3717 humanaque
839 3656 1148 3713 aversatus,
1201 3647 1270 3701 ad
1313 3647 1482 3704 Deum
1525 3663 1584 3704 se
1616 3648 1834 3706 sincero
1873 3649 2039 3704 corde

456 3743 809 3797 converterit.
842 3740 1156 3812 Deindequc
1190 3742 1302 3795 ait:
1329 3738 1446 3796 Non
1481 3742 1636 3806 mihi,
1675 3741 1770 3798 sed
1803 3741 1902 3796 tibi
1927 3740 2038 3797 Deo

457 3850 577 3890 meo
598 3834 860 3901 conﬁsus,
890 3835 1170 3904 multaque
1191 3849 1323 3889 usus
1355 3834 1574 3898 ﬁducia,
1605 3833 1768 3888 talem
1804 3849 1917 3889 rem
1951 3848 2040 3904 ag-

456 3942 680 3998 gressus
719 3941 860 3982 sum.
895 3925 996 3992 Qui
1028 3927 1212 3981 omnia
1247 3941 1368 3996 qua:
1397 3926 1499 3981 sub
1520 3934 1800 3996 aspectum
1830 3932 1883 3979 et
1911 3941 2040 3980 sen-

459 4035 580 4074 sum
611 4019 816 4074 cadunt
849 4019 1200 4088 contempsit,
1232 4026 1285 4074 et
1312 4019 1375 4072 ad
1408 4019 1794 4088 incorporeum
1832 4017 2038 4071 invisi-

455 4112 729 4182 liilemque
764 4111 933 4166 Deum
969 4111 1207 4165 animam
1239 4111 1435 4175 erexit,
1481 4110 1672 4179 Deum,
1718 4121 1778 4166 ut
1816 4125 2036 4182 posses-
2082 4176 2090 4182 ,

457 4220 578 4260 sum
615 4205 714 4260 abs
753 4219 812 4259 se
855 4204 1080 4268 bonum,
1127 4203 1355 4257 ﬁdenter
1396 4203 1654 4272 invocat;
1703 4213 2037 4278 quapropter

455 4296 590 4350 dicit
631 4317 644 4350 :
680 4295 820 4350 Deus
853 4312 1020 4357 meus,
1072 4298 1125 4350 in
1163 4306 1208 4350 te
1239 4295 1467 4365 conﬁdo.
1518 4296 1651 4363 Qua:
1687 4297 1754 4351 ad
1789 4315 1876 4354 me
1903 4300 2034 4352 atti-

456 4393 606 4450 nent,
641 4386 838 4454 inquit,
877 4386 950 4439 ita
981 4402 1040 4440 se
1073 4387 1296 4440 habent.
1324 4387 1590 4441 Caeterum
1617 4389 1874 4459 precibus
1901 4391 2035 4444 mihi

455 4479 748 4548 divinaque
783 4485 879 4532 tuo
909 4478 1115 4531 auxilio
1146 4493 1284 4547 opus
1308 4486 1414 4543 est,
1440 4487 1499 4531 ut
1522 4495 1589 4533 ne
1613 4494 1643 4532 a
1678 4495 1846 4551 scopo
1877 4481 2034 4536 aber—

455 4586 591 4635 rem,
637 4586 773 4625 neve
815 4585 915 4624 ceu
949 4585 979 4622 a
1007 4570 1233 4639 praealto
1271 4571 1553 4625 cacumine
1585 4571 1771 4643 lapsus
1805 4579 2027 4628 atterar.

455 4662 636 4730 Quare
666 4661 898 4716 obsecro
926 4677 1188 4731 rogoque,
1219 4677 1288 4717 ne
1311 4661 1380 4718 ab
1402 4662 1640 4718 inimicis
1667 4665 1803 4721 meis
1827 4665 2033 4736 pudore

455 4755 742 4812 sull‘undar
771 4762 826 4809 et
856 4753 1089 4809 irridear
1122 4773 1134 4808 :
1166 4753 1313 4824 quod
1344 4771 1475 4811 sane
1501 4763 1594 4810 tuo
1623 4756 1718 4812 Dei
1749 4759 1852 4813 mei
1877 4761 2034 4816 auxi-

454 4848 528 4902 lio
556 4847 836 4902 obtinebo.
875 4845 1009 4900 Nam
1035 4847 1268 4917 pristina
1300 4839 1519 4917 quidem
1561 4864 1627 4904 ex
1671 4851 1892 4920 pr0prio
1938 4868 2035 4906 vo-

452 4940 681 4995 luntatis
708 4939 919 4994 delectu
944 4939 1453 5010 proﬁciscebantur,
1480 4948 1539 4994 ut
1562 4940 1771 4997 scilicet
1793 4943 2030 4998 animam

452 5047 628 5087 meam
673 5029 941 5084 arbitratu
991 5046 1114 5085 meo
1160 5047 1256 5086 sus
1300 5031 1475 5101 deque
1505 5047 1762 5104 agerem:
1795 5034 2036 5090 secunda

453 5120 763 5192 patrocinio
793 5127 848 5175 et
881 5120 1130 5176 subsidio
1163 5129 1327 5192 egent
1365 5129 1486 5178 tuo.

2069 4625 2109 4678 D

532 5382 692 5440 Vens.
726 5386 776 5441 4.
816 5385 1230 5457 Confundantur
1251 5389 1432 5461 iniqua
1457 5399 1665 5461 agentes
1693 5408 2028 5461 supervacue.

458 5475 744 5548 PrOposito
775 5481 1031 5537 insistere
1061 5483 1238 5538 solum
1281 5485 1560 5550 convenit,
1609 5501 1787 5557 neque
1817 5498 2032 5544 mut-are

458 5571 805 5640 sententiam,
836 5573 922 5627 vel
951 5589 982 5628 a
1022 5574 1128 5631 ﬁde
1156 5575 1410 5632 deﬁcere.
1442 5575 1578 5632 Nam
1609 5581 1705 5650 qui
1742 5582 2032 5640 instabiles

458 5660 792 5733 mobilesque
824 5672 973 5732 sunt,
1024 5681 1087 5722 ac
1114 5669 1262 5723 omni
1292 5677 1454 5725 vento
1479 5671 1963 5744 circumferuntur,
1995 5677 2029 5732 ii

529 5817 571 5850 '7
611 5816 766 5876 Joan.
802 5823 1008 5896 xn',_2.
1085 5825 1130 5860 “
1167 5823 1313 5882 Psal.
1355 5842 1514 5898 nvi,
1551 5829 1603 5884 6.

2694 1992 2783 2044 ΤΩ
2819 1992 3018 2044 ΔΑΥΙΔ
3057 1993 3193 2046 KA'.

2228 2080 2382 2135 Ἐπεί
2413 2081 2554 2153 μήτε
2578 2079 2790 2152 ψαλμὸς
2815 2081 3235 2153 ἐπιγέγραπται,
3265 2083 3400 2155 μήτε
3429 2082 3560 2154 ᾠδὴ,
3597 2083 3742 2156 μήτε

2144 2189 2197 2225 τι
2229 2170 2338 2225 τῶν
2385 2170 2805 2242 παραπλησίων,
2859 2171 2976 2224 ἀλλ’
3033 2172 3142 2225 οὐδ’
3191 2174 3272 2237 είς
3329 2174 3390 2226 τὸ
3424 2172 3576 2236 τέλος
3607 2173 3747 2226 ἀνα-

2146 2265 2422 2336 πέμπεται
2453 2263 2522 2317 τὰ
2542 2263 2895 2335 προκείμενα·
2925 2263 3072 2332 λόγοι
3091 2263 3146 2317 δέ
3164 2266 3298 2318 εἰσιν
3326 2265 3383 2318 ἐν
3404 2266 3543 2336 ἀγίῳ
3566 2265 3749 2318 Πνεῦ-

2148 2375 2278 2430 ματι
2301 2356 2380 2428 τῷ
2405 2355 2567 2410 Δαυῗδ
2591 2356 3092 2428 συγγεγραμμένοι·
3112 2357 3192 2410 διὸ
3222 2356 3372 2429 παρὰ
3395 2359 3507 2420 τοῖς
3528 2357 3749 2422 λοιποῖς

2146 2452 2506 2523 ἐρμηνευταῖς
2540 2450 2645 2503 τοῦ
2671 2449 2852 2502 Δαυῒδ
2900 2450 3341 2522 προγέγραπται·
3377 2450 3601 2514 εἰκότως
3633 2453 3747 2522 φή-

2149 2560 2312 2614 σομεν
2336 2541 2682 2596 διδασκαλίαν
2717 2543 2993 2614 περιέχειν
3018 2542 3118 2613 τῆς
3167 2543 3303 2614 πρὸς
3336 2542 3428 2595 τὸν
3452 2541 3584 2595 Θεὸν
3617 2543 3743 2608 ἐξο-

2149 2635 2516 2706 μολογήσεως,
2616 2633 2832 2704 πρῶτος
2869 2633 2967 2704 μὲν
2991 2634 3153 2698 αὐτὸς
3182 2636 3210 2687 ό
3238 2633 3401 2687 Δαυῒδ
3439 2635 3740 2706 ἐχρήσατο,

2147 2724 2337 2778 ἔπειτα
2393 2723 2450 2776 δὲ
2504 2724 2597 2777 καὶ
2660 2725 2790 2794 ἡμῖν
2851 2723 3226 2796 παραδέδωκε,
3287 2724 3558 2778 παιδεύων
3585 2724 3744 2791 ὅπως

2145 2816 2251 2890 χρὴ
2286 2816 2588 2888 νοσήσαντα
2617 2816 2714 2888 τὴν
2741 2816 2949 2870 ἑαυτῶν
2975 2816 3301 2887 θεραπεύειν
3325 2817 3503 2890 ψυχὴν
3522 2816 3587 2871 δι’
3620 2819 3744 2888 ἐξο-

2150 2909 2351 2981 μολογή
2361 2926 2516 2972 σεως.

2216 3001 2375 3070 Πρός
2403 3001 2497 3065 σὲ,
2528 3001 2724 3070 Κύριε,
2761 2995 2878 3072 ᾖρα
2919 3000 3033 3070 τὴν
3075 3001 3288 3071 ψυχήν
3325 3019 3465 3071 μου·
3510 3003 3544 3056 ὀ
3587 3003 3746 3070 Θεός

2141 3111 2282 3164 μου,
2324 3091 2422 3146 ἐπὶ
2453 3092 2554 3146 σοί
2599 3093 2872 3157 πέποιθα,
2894 3093 2978 3163 μὴ
3027 3095 3532 3163 κατασχυνθείην·
3576 3095 3748 3165 μηδὲ

2148 3184 2736 3253 καταπλασάτωσάν
2755 3204 2831 3255 με
2858 3189 2911 3240 οἱ
2944 3187 3145 3256 ἐχθροί
3162 3203 3302 3256 μου·
3327 3186 3427 3239 καὶ
3455 3187 3563 3257 γὰρ
3586 3187 3749 3242 πάν-

2145 3294 2244 3343 τες
2272 3281 2326 3332 οἱ
2374 3277 2784 3348 ὑπομένοντές
2829 3295 2904 3333 σε
2946 3281 3017 3332 οὐ
3063 3278 3149 3348 μὴ
3220 3281 3744 3348 καταισχυνθῶσι.

2146 3367 2333 3421 Ταῦτά
2359 3385 2544 3440 φησιν,
2602 3369 2802 3422 ὡσανεί
2855 3370 3062 3440 ἐπάρας
3101 3372 3180 3434 εἰς
3227 3369 3360 3439 ῦψος
3391 3371 3652 3442 μεταθεῖς
3682 3390 3748 3427 τε

2145 3461 2237 3512 xui
2271 3459 2607 3533 μετεωρίσας
2634 3460 2744 3514 τῶν
2778 3461 2906 3533 τῇδε
2930 3463 3270 3534 πραγμάτων
3285 3463 3384 3536 τὴν
3415 3464 3613 3518 ἑαυτοῦ
3636 3466 3748 3536 ψυ-

2145 3553 2265 3624 χήν·
2303 3552 2414 3607 ἀνω
2435 3570 2495 3606 τε
2528 3554 2754 3625 πλησίον
2779 3555 2948 3625 αὐτὴν
2979 3553 3070 3607 τοῦ
3102 3555 3236 3608 Θεοῦ
3269 3559 3334 3627 τῇ
3361 3555 3599 3610 διαθέσει
3635 3576 3746 3612 κα-

2144 3649 2420 3718 ταστήσας
2446 3649 2515 3702 δι’
2555 3649 2906 3719 ἀποστροφῆς
2948 3649 3045 3721 μὲν
3079 3647 3185 3702 τῶν
3237 3648 3448 3720 θνητῶν
3495 3649 3592 3701 xui
3645 3650 3748 3703 ἁν-

2145 3739 2452 3812 θρωπίνων,
2484 3742 2818 3813 ἐπιστροφῆς
2865 3743 2921 3795 δέ
2952 3741 3180 3813 γνησίας
3211 3742 3308 3813 τῆς
3358 3741 3495 3813 πρὸς
3544 3741 3743 3799 αὐτόν.

2145 3835 2386 3888 Ἐπειτὰ
2409 3853 2562 3907 φησι·
2584 3835 2754 3889 Τοῦτο
2782 3834 3080 3905 πεποίηκα,
3109 3833 3208 3886 οὐκ
3238 3832 3459 3903 ἐμαυτῷ
3489 3831 3746 3903 θαρρῶν,

2145 3926 2257 3980 ἀλλ’
2285 3927 2377 3980 ἐπὶ
2413 3928 2496 3980 σοὶ
2524 3925 2602 3998 τῷ
2623 3926 2742 3998 Θεῷ
2768 3943 2868 3997 μου
2897 3924 3192 3988 πεποιθὼς,
3252 3923 3417 3996 πολλῇ
3449 3925 3753 3998 παρρησίᾳ

2144 4019 2443 4091 χρώμενος.
2492 4019 2551 4072 Ὁ
2575 4021 2790 4073 πάντων
2822 4018 2921 4089 μὲν
2973 4017 3081 4070 τῶν
3132 4017 3402 4088 αἰσθητῶν
3442 4018 3540 4070 xui
3601 4019 3755 4088 ὁρω-

2147 4109 2323 4179 μένων
2353 4110 2790 4180 καταφρονήσας,
2825 4109 2917 4162 ἐπί
2935 4108 2990 4161 δέ
3016 4108 3107 4160 τὸν
3131 4107 3418 4178 ἀσώματον
3445 4107 3546 4161 xui
3577 4108 3757 4182 ἀόρα-

2141 4217 2232 4252 τον
2260 4199 2391 4252 Θεὸν
2429 4199 2524 4270 τὴν
2548 4200 2742 4254 ἑαυτοῦ
2764 4200 2941 4272 ψυχὴν
2967 4199 3196 4271 ἐπάρας,
3257 4199 3332 4262 ὡς
3360 4198 3426 4253 ἂν
3452 4199 3594 4253 ἴδιον
3623 4202 3760 4256 ἐαυ-

2141 4291 2234 4345 τοῦ
2273 4293 2460 4364 κτῆμα
2503 4295 2792 4365 γενόμενον
2833 4293 2924 4346 τὸν
2957 4293 3086 4348 Θεὸν
3117 4292 3492 4347 ἐπικαλεῖσθαι
3528 4292 3756 4368 θαρρεῖ·

2141 4384 2220 4437 διὸ
2246 4384 2413 4454 λέγει·
2475 4385 2538 4439 '0
2591 4387 2734 4452 Θεός
2756 4404 2899 4455 μου,
2927 4385 3022 4438 ἐπὶ
3054 4385 3152 4438 σοὶ
3213 4384 3486 4439 πέποιθα.
3533 4385 3653 4441 Καὶ
3683 4391 3758 4445 τὰ

2143 4478 2272 4549 παρ’
2295 4477 2428 4549 ἐμοῦ
2464 4478 2582 4549 μὲν,
2607 4478 2761 4549 φησὶ,
2792 4478 2984 4533 ταῦτα.
3020 4478 3216 4531 Λοιπὸν
3248 4478 3301 4530 δὲ
3323 4479 3488 4548 εὐχῆς
3525 4497 3622 4551 μοι
3642 4482 3749 4548 δεῖ,
3852 4519 3854 4521 -

2142 4569 2236 4622 xui
2268 4568 2366 4638 τῆς
2400 4570 2553 4641 παρὰ
2575 4568 2669 4622 σοῦ
2709 4569 2802 4624 τοῦ
2858 4569 2994 4622 Θεοῦ
3025 4569 3362 4639 συνεργείας,
3394 4569 3534 4640 πρὸς
3573 4573 3638 4626 τὸ
3669 4577 3751 4648 μὴ

2139 4661 2399 4716 ἐκπεσεῖν
2452 4660 2545 4713 τοῦ
2573 4660 2800 4725 σκοποῦ,
2835 4661 2956 4732 μηδ’
2985 4659 3172 4731 ὥσπερ
3204 4661 3297 4730 ἀφ’
3319 4659 3532 4732 ὑψηλῆς
3561 4665 3754 4736 ἀκρω.

2143 4752 2296 4824 ρείας
2329 4751 2566 4806 πεσόντα
2595 4753 2999 4824 ἀπορραγῆναι.
3032 4752 3120 4804 Διὸ
3155 4751 3346 4823 δέομαι
3376 4753 3471 4805 xui
3506 4753 3752 4812 ἱκετεύω

2145 4847 2218 4918 μὴ
2251 4846 2732 4918 καταισχυνθῆναι,
2779 4845 2912 4916 μηδὲ
2954 4844 3428 4916 καταγελασθῆναι
3480 4846 3596 4901 ὑπὸ
3637 4850 3752 4902 τῶν

2141 4941 2349 5014 ἐχθρῶν
2375 4957 2497 5012 μου·
2535 4939 2705 4994 ταῦτα
2725 4939 2781 4992 δέ
2815 4956 2905 5009 μοι
2937 4937 3087 4989 ἔσται
3131 4937 3196 4989 ὲκ
3222 4936 3321 5006 τῆς
3348 4936 3449 5006 σῆς
3471 4939 3574 4991 τοῦ
3605 4940 3747 4993 Θεοῦ

2144 5051 2244 5106 μου
2278 5032 2548 5104 βοηθείας.
2583 5031 2662 5084 Τά
2689 5032 2786 5102 μὲν
2816 5029 2925 5100 γάρ
2953 5028 3145 5101 πρῶτα
3185 5028 3244 5094 ἐξ
3273 5028 3416 5100 ἐμῆς
3449 5024 3522 5100 ἦν
3545 5047 3752 5101 προαι-

2143 5127 2366 5198 ρέσεως,
2393 5127 2454 5180 τὸ
2491 5126 2644 5194 ἄγειν
2669 5124 2763 5185 xui
2805 5125 2990 5194 φέρειν
3015 5123 3112 5192 τὴν
3144 5119 3380 5192 ἐμαυτοῦ
3419 5118 3609 5190 ψυχὴν
3633 5123 3744 5192 ὅπη

2137 5221 2232 5274 καὶ
2259 5219 2541 5292 βούλομαι·
2568 5217 2637 5271 τὰ
2663 5217 2720 5270 δὲ
2745 5216 2972 5286 δεύτερα
3005 5218 3105 5287 τῆς
3137 5214 3236 5285 σῆς
3263 5211 3615 5284 ἀντιλήψεως
3647 5216 3748 5267 καὶ

2138 5312 2454 5386 συνεργείας
2476 5311 2666 5364 δεῖται.

2206 5400 2722 5471 Λίσχυνθήτωσαν
2750 5402 2803 5453 οἱ
2832 5398 3197 5468 ἀνομοῦντες
3225 5391 3528 5461 διακενῆς.
3556 5395 3748 5450 Μόνον

2138 5493 2426 5565 ὑπομένειν
2451 5495 2517 5564 τῇ
2552 5491 2830 5564 προθέσει,
2864 5491 2998 5562 μηδὲ
3030 5487 3403 5561 μεταϐάλλειν,
3434 5487 3535 5539 καὶ
3581 5490 3747 5559 μεθί..

2141 5585 2370 5642 στασθαι
2415 5586 2511 5658 τῆς
2541 5585 2795 5648 πίστεως.
2823 5585 2887 5636 Oi
2934 5582 3042 5654 γὰρ
3075 5581 3373 5651 εὑρίπιστοι
3410 5577 3512 5630 xui
3567 5586 3743 5639 παντὶ

2140 5679 2325 5752 ἀνέμῳ
2354 5677 2776 5752 περιφερόμενοι
2806 5674 3022 5736 πάθοιεν
3051 5672 3114 5729 ἀν
3144 5687 3272 5724 ποτε
3301 5667 3366 5722 τὰ
3390 5669 3496 5741 τῆς
3528 5673 3742 5750 αἰσχύ.
