4138 6380
424 295 531 349 225
1553 304 2056 364 COMMENTARIA
2096 308 2162 365 IN
2200 310 2541 369 PSALMOS.
3570 326 3678 381 226

416 426 531 509 mg:
557 410 619 463 οὐ
648 412 757 483 μὴν
782 414 875 469 καὶ
902 414 951 469 oi.
991 417 1171 487 λέγειν
1216 420 1612 494 μεμαθηκότες·
1659 427 2004 497 ’Υπομένων
2030 437 2050 487 Δ

2039 437 2075 487 Α
2103 438 2250 485 certe
2299 431 2356 487 in
2407 434 2787 491 confusionem
2837 445 2892 492 et
2925 439 3281 509 opprobrium
3317 441 3673 502 delabentnr:

413 498 703 570 ὑπέμεινα
733 504 841 558 τὸν
889 508 1124 576 Κύριον.
1163 512 1311 565 Ἀντὶ
1342 514 1399 566 δὲ
1452 516 1568 582 τοῦ,
1612 518 2000 589 ἀνομοῦντες,

2101 522 2194 576 sed
2223 538 2334 577 non
2365 526 2589 594 perinde
2618 527 2654 581 ii
2676 529 2769 598 qui
2799 529 2915 584 hinc
2940 498 3092 585 enisuri
3118 498 3678 607 (Ῐίιιίοοιηιιιι,Εαςιςρεζ

406 594 455 644 οξ
484 592 664 647 λοιποὶ⁹
690 597 784 650 καὶ
815 600 848 669 ἠ
877 600 1098 674 πέμπτη
1132 603 1362 669 ἔκδοσις,
1406 611 1460 661 οἱ
1516 610 2001 680 ἁποστατοῦντες

2102 624 2254 667 etans
2309 620 2606 686 exspectavi
2658 619 3031 678 Dominum".
3079 622 3254 695 Hujus
3302 633 3481 680 autem
3530 627 3670 692 loco,

404 687 841 757 ἡρμηνεύκασιν·
881 693 1069 762 σαφῶς
1118 697 1244 759 τοὺς
1292 699 1633 769 παραϐάτας,
1665 702 1759 755 καὶ
1792 704 1865 775 μὴ
1918 704 1999 775 τῷ

2099 705 2281 775 iniqua
2322 719 2552 777 agentes,
2590 711 2783 781 reliqui
2827 715 3147 785 interpretes
3162 687 3244 770 vae
3274 714 3472 782 Quinta
3505 718 3672 774 editio

404 778 659 849 προτέρῳ
689 782 898 837 ἑαυτῶν
932 787 1118 857 σκοπῷ
1163 790 1499 861 ἐμμένοντας
1536 794 1999 866 καταισχυνθήσε-

2098 798 2396 867 deﬁcientes
2447 778 2787 872 interpretati
2829 814 2957 861 sunt
3002 827 3013 860 :
3047 823 3157 877 quo
3200 810 3667 877 praevaricatores,

404 867 530 922 σθαι
575 871 1011 947 ἀποφηνάμενοι.
1077 881 1188 951 Τῆς
1235 882 1343 954 γὰρ
1394 885 1731 950 ἀποστασίας
1788 887 1996 941 ἑαυτῶν

2098 907 2311 947 necnon
2360 908 2455 950 eos
2493 898 2587 965 qui
2620 896 2674 949 in
2708 897 2941 967 pristino
2989 915 3155 971 scopo
3202 917 3267 955 ac
3300 904 3531 957 consilio
3559 918 3667 957 non

404 960 617 1031 καρπὸν
649 964 913 1020 ὑπόκενον
940 969 1211 1039 εὑρόντες,
1240 973 1315 1036 ὡς
1345 973 1410 1027 ἂν
1453 974 1707 1047 διακενῆς
1754 976 1989 1029 ἀποστα-

2097 994 2541 1051 perseverarunt,
2570 987 2776 1056 pudore
2803 988 3113 1046 alliciendos
3132 1007 3253 1047 esse
3277 1002 3460 1062 aperte
3485 992 3666 1047 decla—

402 1053 667 1121 τήσαντες
689 1056 785 1110 τοῦ
819 1058 975 1125 Θεοῦ,
1010 1064 1583 1137 καταισχυνθήσονται.

2096 1083 2241 1128 rant.
2266 1074 2561 1147 Postquam
2592 1078 2737 1132 enim
2764 1096 2963 1135 vanum
2992 1082 3315 1153 irritumque
3342 1084 3665 1140 defectionis

401 1161 517 1202 sua:
551 1148 791 1206 fructum
836 1154 1317 1225 deprehenderint,
1358 1167 1544 1231 utpote
1573 1162 1667 1232 qui
1700 1161 1904 1218 frustra
1938 1178 1966 1217 a
2009 1162 2119 1219 Deo
2158 1169 2507 1237 desciverint,
2543 1172 2597 1226 in
2631 1173 2892 1243 pudorem
2928 1190 2992 1229 ac
3058 1148 3450 1246 turpitudinem
3510 1178 3662 1233 dela-

400 1238 623 1293 bentur.

451 1248 623 1296 antur.

473 1353 585 1419 Τὰς
617 1353 796 1423 ὁδούς
824 1374 961 1425 σου,
987 1363 1185 1431 Κύριε,
1222 1365 1523 1435 ’γη-ὡρισόν
1549 1385 1671 1436 μοι,
1726 1369 1823 1423 καὶ
1874 1368 1983 1435 τὰς

2155 1345 2322 1404 Vens.
2359 1350 2410 1404 5.
2454 1351 2580 1406 Vias
2614 1361 2753 1420 tuas,
2796 1354 3040 1421 Domine,
3085 1358 3391 1416 demonstra
3426 1365 3573 1430 mihi,
3607 1377 3656 1422 et

397 1445 634 1511 τρίϐους
667 1463 784 1503 σου
812 1450 1064 1518 δίδαξον
1081 1473 1177 1525 με.
1240 1455 1567 1526 Ὀδήγησόν
1605 1476 1683 1529 με
1729 1460 1829 1513 ἐπὶ
1867 1462 1983 1529 τὴν

2083 1441 2297 1495 semitas
2339 1451 2460 1496 tuas
2491 1445 2646 1499 edoce
2682 1463 2778 1500 me.
2809 1446 2989 1517 Dirige
3026 1465 3105 1503 me
3146 1451 3200 1504 in
3238 1454 3453 1508 veritate
3487 1464 3577 1510 tua
3608 1468 3656 1513 et

393 1535 685 1602 ἀλήθειάν
707 1557 823 1595 σου
852 1545 952 1599 καὶ
981 1545 1229 1612 δίδαξόν
1269 1566 1365 1618 με,
1410 1550 1499 1603 ὅτι
1558 1551 1641 1605 σὺ
1670 1548 1731 1606 εἴ
1762 1556 1794 1607 ὀ
1836 1553 1981 1619 Θεὸς

2082 1530 2207 1585 doce
2230 1549 2329 1597 me,
2360 1530 2485 1605 quia
2517 1545 2571 1589 tu
2607 1555 2660 1592 es
2698 1538 2835 1593 Deus
2860 1538 3110 1595 Salvator
3139 1560 3303 1610 meus,
3340 1555 3391 1599 et
3422 1557 3470 1601 te
3491 1553 3652 1605 susti-

392 1632 425 1679 d
454 1629 657 1698 Σωτήρ
688 1650 830 1701 μου,
863 1638 961 1691 καὶ
1016 1638 1093 1691 σὲ
1143 1638 1430 1710 ὑπέμεινα
1468 1641 1622 1710 ὅλην
1674 1642 1789 1712 τὴν
1837 1644 1981 1714 ἡμέ-

2082 1625 2174 1677 nui
2205 1634 2316 1679 tota
2352 1626 2455 1682 die.
2508 1627 2647 1683 Sunt
2694 1646 2858 1700 porro
2902 1632 3001 1686 via:
3030 1631 3266 1697 Domini,
3304 1639 3651 1706 providentia?

390 1735 521 1782 ραν.
556 1722 675 1774 Εἰσὶ
703 1723 759 1777 δὲ
791 1726 900 1779 ὁδοὶ
937 1726 1029 1780 τοῦ
1058 1730 1263 1800 Κυρίου
1295 1733 1349 1784 αἱ
1386 1733 1484 1803 τῆς
1522 1732 1778 1805 προνοίας
1809 1736 1973 1790 αὑτοῦ
2009 1789 2024 1805 ,

2013 1789 2047 1805 ἢ
2078 1717 2253 1787 ipsius
2305 1719 2830 1789 administrationes,
2889 1727 3045 1795 queis
3095 1729 3277 1782 omnia
3334 1731 3647 1801 gubernat:

388 1808 698 1901 διοικήσεις,
727 1816 849 1869 καθ’
878 1817 943 1882 ἃς
1006 1819 1073 1873 τὰ
1128 1789 1418 1892 σύμπαντα
1441 1789 1809 1898 ’διακυϐερνῷ
1843 1830 1970 1901 περὶ
2005 1789 2022 1844 1

2014 1789 2047 1844 Β
2077 1824 2213 1878 quas
2246 1826 2347 1867 nos
2393 1813 2612 1869 divinus
2659 1815 2851 1871 edocet
2886 1789 3181 1887 Apostolus
3216 1821 3300 1876 his
3334 1789 3521 1880 verbis
3554 1847 3566 1882 :

386 1893 460 1954 ὧν
497 1904 526 1955 ό
560 1903 703 1969 θεῖος
757 1908 1075 1975 Ἀπόστολος
1120 1912 1383 1969 διδάσκων
1434 1914 1637 1985 ἔλεγεν
1676 1893 1743 1971 ’Ὦ
1766 1893 1969 1986 ἰβάθος

2076 1902 2305 1956 altitudo
2334 1904 2643 1961 divitiarum
2671 1909 2946 1978 sapientia:
2978 1920 3027 1965 et
3064 1914 3299 1967 scientia:
3332 1915 3469 1969 Dei!
3492 1934 3646 1988 quam

385 1995 653 2050 πλούτου
678 1999 778 2051 καὶ
799 2004 1019 2070 σοφίας
1054 2003 1152 2057 καὶ
1186 2004 1459 2074 γνώσεως
1480 2007 1647 2061 Θεοῦ’
1679 2010 1758 2076 ὡς
1789 2012 1967 2077 ἀνεξ-

2073 1994 2621 2063 incomprehensibilia
2649 2008 2773 2053 sunt
2793 1999 3004 2068 judicia
3036 2002 3151 2071 ejus
3184 2012 3232 2057 et
3264 2005 3645 2077 investigabiles

383 2089 673 2157 ερεύνητα
721 2091 793 2145 τὰ
851 2096 1108 2165 κρίματα
1152 2098 1337 2152 αὐτοῦ
1378 2100 1478 2153 καὶ
1521 2102 1966 2172 ἀνεξιχνίαστοι

2072 2088 2169 2138 via:
2203 2085 2325 2153 ejus
2347 2087 2427 2139 ³⁰.¹
2462 2087 2663 2144 Eadem
2700 2106 2829 2145 vero
2872 2092 3084 2147 ratione
3122 2094 3329 2148 semitae
3357 2096 3497 2165 ejus,
3534 2100 3638 2153 sin-

381 2180 439 2229 al
470 2178 598 2232 ὁδοὶ
626 2182 834 2237 αὐτοῦ.
870 2184 1025 2239 Οὕτω
1070 2187 1126 2239 δὲ
1180 2188 1271 2241 καὶ
1306 2189 1480 2260 τρίϐοι
1534 2191 1699 2245 αὐτοῦ
1755 2188 1864 2246 εἷεν
1908 2196 1963 2247 αξ

2070 2177 2209 2247 gulae
2240 2178 2621 2236 universorum
2654 2182 3157 2240 administrationes
3188 2184 3411 2252 fuerint,
3445 2190 3640 2259 quibus

380 2268 521 2321 κατὰ
558 2272 726 2343 μέρος
762 2274 1057 2347 διοικήσεις
1122 2279 1230 2332 τῶν
1281 2281 1438 2344 ὅλων,
1498 2283 1621 2336 καθ’
1659 2284 1727 2347 ἃς
1774 2284 1962 2357 ῶσπερ

2069 2268 2316 2322 cmlestia
2347 2275 2674 2340 terrenaque
2701 2287 2799 2326 ceu
2827 2288 3175 2345 percurrens,
3213 2274 3525 2333 hominibus
3559 2280 3626 2333 in-

380 2361 839 2434 ἐπιπορευόμενος
868 2367 937 2420 τά
965 2386 1023 2421 τε
1067 2372 1188 2424 κατ’
1222 2372 1449 2443 οὐρανὸν
1493 2375 1587 2427 καὶ
1625 2374 1692 2428 τά
1720 2376 1811 2428 ἐπὶ
1858 2377 1961 2448 γῆς

2070 2359 2363 2427 te'lligentia
2403 2362 2644 2431 praeditis
2685 2364 2907 2419 semitas
2955 2380 3387 2437 progressusque
3415 2369 3635 2425 demon-

379 2454 439 2522 τῇ
472 2460 805 2528 προνοητικῇ
836 2457 1081 2532 δυνάμει,
1107 2462 1325 2532 τρίϐους
1373 2464 1563 2519 ἑαυτοῦ
1607 2466 1700 2519 καὶ
1736 2470 1961 2539 πορείας

2068 2457 2206 2505 strat
2248 2466 2411 2519 suos;
2448 2454 2826 2522 quamobrem,
2878 2457 3179 2511 secundum
3227 2457 3634 2529 Symmachum,

376 2545 485 2607 τοῖς
517 2548 656 2600 νοεῖν
680 2546 993 2619 δυναμένοις
1050 2550 1308 2606 δείκνυσιο
1365 2554 1444 2607 διὸ
1487 2555 1625 2619 κατὰ
1664 2558 1758 2610 τὸν
1810 2558 1958 2629 Σύμ-

2066 2541 2286 2607 (icitur,
2321 2553 2371 2597 et
2406 2560 2709 2615 progressus
2746 2555 2861 2599 tuos
2885 2546 3040 2603 edoce
3074 2566 3172 2604 me.
3200 2549 3313 2605 Hac
3339 2560 3521 2607 autem
3551 2570 3632 2611 me

375 2647 568 2701 μαχον,
601 2634 835 2707 εἴρηται,
889 2639 989 2692 καὶ
1023 2640 1128 2705 τὰς
1170 2644 1411 2710 πορείας
1432 2632 1549 2700 σου
1588 2645 1837 2711 δίδαξον
1857 2665 1952 2717 με.

2064 2634 2315 2689 doctrina
2350 2636 2664 2699 instituens,
2713 2639 2945 2693 veritate
2986 2648 3078 2694 tua
3122 2644 3384 2701 contirma
3420 2663 3537 2714 me;
3568 2664 3630 2704 ne

372 2721 558 2779 Ταῦτα
585 2726 641 2779 δέ
674 2744 741 2798 με
767 2728 1050 2795 διδάσκων,
1086 2735 1377 2807 ὲπίστησὸν
1400 2755 1466 2808 με
1490 2741 1554 2810 τῇ
1587 2736 1812 2813 ἀληθείᾳ
1837 2759 1952 2807 σου,

2064 2725 2215 2779 labar
2248 2724 2402 2782 falsis
2432 2728 2805 2796 opinionibus,
2851 2744 2957 2784 neu
2994 2731 3048 2783 in
3081 2734 3409 2789 naturalium
3451 2752 3630 2793 rerum

369 2815 510 2880 πρὸς
551 2818 613 2871 τὸ
640 2819 716 2892 μὴ
779 2823 1106 2892 σφάλλεσθαι
1150 2827 1587 2898 ψευδοδοξοὼτα,
1643 2833 1739 2886 καὶ
1792 2834 1955 2906 ἕτερα

2063 2816 2436 2886 speculatione
2468 2819 2574 2871 alia
2606 2820 2869 2874 aestimem
2900 2836 2998 2890 pro
3023 2822 3166 2886 aliis,
3193 2826 3376 2894 qualia
3406 2828 3472 2883 iis
3492 2830 3623 2885 acci-

369 2906 487 2959 ἀνθ’
523 2910 721 2982 ἐτέρων
763 2916 821 2968 ὲν
872 2919 937 2988 τῇ
992 2917 1101 2971 τῶν
1154 2920 1398 2989 φυσικῶν
1433 2922 1635 2995 θεωρίᾳ
1686 2923 1951 2991 δοξάζειν,

2060 2908 2258 2963 derunt
2286 2906 2381 2979 qui
2408 2916 2461 2964 te
2491 2907 2602 2965 Deo
2636 2911 2898 2981 magistro
2928 2928 3037 2967 non
3066 2922 3195 2969 sunt
3221 2916 3326 2979 usi,
3364 2918 3456 2971 sed
3488 2934 3631 2975 mor-

368 2998 529 3053 ὁποῖα
558 3003 890 3060 πεπόνθασιν
918 3011 965 3061 οἱ
992 3010 1085 3063 σοῦ
1110 3011 1203 3064 τοῦ
1248 3012 1383 3065 Θεοῦ
1435 3013 1508 3085 μὴ
1536 3016 1787 3085 τυχόντες
1810 3014 1953 3069 διδα-

2061 3003 2260 3057 talibus
2316 3002 2681 3073 humanisque
2743 3004 3052 3061 ratiociniis
3110 3021 3142 3059 a
3198 3022 3382 3061 rerum
3441 3011 3630 3064 notitia

367 3090 591 3159 σκάλου,
636 3094 918 3169 λογισμοῖς
940 3102 996 3154 δὲ
1032 3103 1245 3174 θνητοῖς
1264 3098 1367 3158 καὶ
1400 3106 1762 3175 ἀνθρωπίνοις
1788 3127 1951 3165 κατα·
1979 3151 2001 3175 ,

1996 3151 2018 3171 η
2059 3095 2404 3160 aberrarunt,
2439 3102 2492 3151 et
2531 3095 2721 3165 procul
2754 3110 2783 3148 a
2814 3097 3044 3152 veritate
3075 3098 3288 3167 disjecti
3324 3108 3474 3155 sunt.
3520 3103 3630 3156 Abs

578 3151 589 3159 ,
709 3151 720 3166 ,
796 3151 915 3169 ,νη
947 3151 993 3154 -_
1037 3151 1242 3174 “1---,
1276 3151 1367 3158 --ω
1401 3151 1759 3175 νην-..-πη
1790 3151 1928 3165 ...πα

366 3184 761 3256 στοχασάμενοι
810 3189 917 3246 τῶν
982 3195 1359 3265 πραγμάτων,
1412 3198 1507 3250 καὶ
1580 3200 1797 3271 μακρὰν
1851 3152 2000 3273 τῆς(

1993 3151 2021 3207 3
2055 3194 2108 3241 te
2142 3188 2221 3243 sic
2255 3188 2504 3251 edoctus,
2548 3195 2602 3241 te
2638 3202 2751 3241 non
2791 3196 3096 3244 creatorem
3132 3190 3314 3254 modo,
3379 3190 3627 3258 opilicem

364 3267 626 3340 ἀληθείας
663 3274 1157 3344 ὲξακοντισθέντες.
1218 3281 1495 3352 Διδαχθεὶς
1522 3267 1591 3336 δὲῖ
1630 3267 1782 3356 παρά
1831 3267 1946 3353 coit,

2051 3277 2243 3345 Deum,
2308 3279 2402 3335 sed
2449 3280 2611 3334 etiam
2650 3279 2993 3335 Servatorem
3031 3295 3151 3337 esse
3193 3298 3393 3346 meum,
3418 3284 3543 3352 jure
3575 3292 3625 3336 te

362 3360 445 3413 ὅτι
478 3364 553 3435 μὴ
587 3366 749 3435 μόνον
783 3369 1004 3441 κτίστης
1046 3373 1140 3425 καὶ
1190 3373 1519 3445 δημιουργὸς
1548 3376 1642 3429 καὶ
1687 3377 1819 3442 Θεός
1846 3396 1947 3449 μου

2049 3371 2280 3424 sustinui
2315 3380 2425 3425 tota
2459 3371 2564 3440 die,
2615 3371 2668 3425 id
2716 3378 2821 3435 est,
2870 3387 2970 3441 per
3006 3380 3177 3427 totum
3210 3374 3335 3430 vitae
3375 3384 3617 3446 tempus,

362 3455 673 3526 τυγχάνεις,
704 3458 841 3513 ἀλλά
868 3461 960 3514 καὶ
1012 3463 1203 3535 Σωτήρ
1250 3482 1374 3535 μου,
1432 3467 1658 3531 εἰκότως
1710 3469 1787 3522 σὲ
1830 3472 1945 3523 ὐπ-

2047 3477 2249 3534 gnarus
2278 3463 2488 3519 scilicet
2531 3464 2699 3529 illius,
2735 3466 2964 3519 universi
2997 3467 3086 3536 qui
3123 3468 3381 3522 sustinent
3419 3477 3487 3530 te.
3520 3484 3624 3525 non

360 3549 564 3617 έμεινα
584 3550 737 3618 ὅλην
764 3552 880 3622 τὴν
914 3552 1162 3623 ἡμέραν,
1190 3557 1433 3611 τουτέστι
1463 3562 1643 3615 πᾶσαν
1672 3561 1770 3634 τὴν
1800 3561 1945 3634 ζωήν

819 3553 880 3622 ἣν
914 3552 1162 3623 ἡμέραν,
1190 3557 1433 3611 τουτέστι
1463 3562 1643 3615 πᾶσαν
1672 3561 1770 3634 τὴν
1800 3561 1945 3634 ζωήν
2047 3555 2453 3626 confundantur.

361 3657 486 3709 μου,
520 3642 877 3715 μεμαθηκὼς,
920 3646 1002 3698 ὅτι
1052 3645 1275 3714 πάντες
1320 3653 1373 3704 οί
1428 3650 1836 3722 ὑπομένοντες
1870 3668 1945 3709 σε

358 3733 429 3785 οὐ
452 3732 540 3802 μὴ
576 3736 1117 3805 καταισχυνθῶσιν.

425 3826 743 3897 Μνήσθητι
770 3829 888 3883 τῶν
934 3831 1247 3902 οἰκτιρμῶν
1300 3848 1437 3899 σου,
1469 3833 1669 3904 Κύριε,
1717 3837 1817 3891 καὶ
1868 3841 1942 3893 τὰ

2110 3824 2279 3881 Vens.
2332 3824 2389 3892 6,
2437 3826 2488 3881 7.
2538 3824 2888 3880 Reminiscere
2933 3823 3333 3879 miserationum
3379 3833 3607 3883 tua-nun.

355 3916 497 3986 ἐλέη
530 3932 669 3984 σου,
697 3920 787 3974 ὅτι
840 3921 958 3976 ἀπὸ
1007 3924 1113 3977 τοῦ
1156 3923 1364 3991 αἰῶνός
1405 3927 1581 3980 εἰσιν.
1628 3926 1940 3997 Ἀμαρτίας

2040 3917 2280 3982 Domine,
2319 3927 2366 3971 et
2416 3916 2904 3972 misericordiarum
2952 3925 3164 3969 tuarum
3197 3933 3315 3987 qua:
3347 3933 3381 3971 a
3420 3922 3607 3973 sarcula

355 4011 636 4078 νεότητός
663 4030 804 4082 μου,
834 4014 932 4067 καὶ
979 4014 1225 4083 ἀγνοίας
1243 4033 1362 4084 μου
1391 4015 1477 4085 μὴ
1498 4016 1800 4086 μνησθῇς.
1825 4019 1937 4090 Οὐχ

2037 4018 2181 4062 sunt.
2212 4008 2415 4061 Delicta
2441 4008 2737 4077 juventutis
2777 4024 2904 4062 mea:
2932 4017 2981 4061 et
3019 4008 3352 4077 ignorantias
3382 4026 3524 4063 meas
3550 4028 3606 4064 ne

359 4102 595 4174 ἠγοῦμαι
630 4104 804 4158 ταῦτα
857 4104 936 4177 τῷ
986 4105 1148 4159 Δαυῒδ
1200 4108 1450 4161 τοσοῦτον
1499 4108 1778 4179 ἁρμόζειν,
1812 4110 1935 4163 ὅσον

2036 4101 2356 4155 memineris.
2380 4099 2504 4154 Haac
2527 4114 2637 4155 non
2662 4108 2771 4153 tam
2798 4099 2990 4154 Davidi
3021 4115 3323 4171 congruere
3350 4102 3606 4167 arbitror,

355 4196 465 4255 τοῖς
489 4192 925 4263 ἐξομολογεῖσθαι
976 4197 1068 4248 ἐπὶ
1114 4198 1228 4259 τοῖς
1257 4196 1521 4267 πρότερον
1546 4198 1934 4270 ἁμαρτήμασιν

2035 4205 2197 4259 quam
2239 4190 2306 4244 iis
2341 4190 2433 4259 qui
2486 4190 2798 4245 didicerunt
2843 4190 3075 4259 pristina
3108 4199 3329 4260 peccata
3362 4192 3604 4248 conﬁteri

352 4285 561 4339 ἑαυτῶν
593 4286 1017 4358 διδασκομένοις.
1044 4288 1118 4341 Οὐ
1150 4288 1256 4360 γὰρ
1290 4289 1614 4361 εὑρίσκομεν
1656 4289 1749 4343 τὸν
1772 4290 1934 4343 Δαυῒδ

2035 4299 2155 4339 sua.
2187 4282 2307 4337 Non
2328 4283 2474 4338 enim
2509 4284 2815 4353 reperimus
2857 4282 3113 4339 Davidem
3152 4283 3206 4337 in
3242 4284 3602 4341 adolescentia

350 4377 408 4428 ὲν
432 4380 501 4448 τῇ
533 4378 746 4448 νεότητι
775 4376 941 4431 αὑτοῦ
975 4379 1352 4451 ἡμαρτηκότα,
1386 4378 1492 4432 οὐδ’
1520 4381 1577 4431 ὲν
1602 4381 1667 4450 τῇ
1706 4380 1928 4453 παιδικῇ

2035 4390 2133 4431 sua
2159 4390 2336 4444 neque
2360 4376 2414 4429 in
2439 4375 2665 4445 juvenili
2692 4383 2850 4430 aetate
2874 4390 3167 4444 peccasse;
3192 4375 3286 4430 sed
3314 4391 3488 4445 neque
3511 4394 3599 4447 per

349 4468 557 4539 ἡλικία·
594 4469 707 4522 ἀλλ’
730 4470 841 4523 οὐδ’
865 4473 924 4524 ὲν
953 4471 1143 4542 ἀγνοίᾳ
1180 4471 1565 4542 γεγενημένον.
1595 4472 1809 4542 Μήποτ’
1833 4470 1927 4526 οὖν
1960 4497 1983 4551 ί

1963 4497 2003 4551 D
2035 4466 2398 4537 ignorantiam
2428 4466 2745 4535 deliquisse.
2780 4464 2920 4520 Num
2951 4465 3118 4537 igitur
3138 4465 3389 4521 doctrina
3418 4468 3597 4523 istbm

349 4559 384 4628 ὴ
416 4558 730 4613 διδασκαλία
755 4561 831 4624 ὡς
863 4562 1010 4632 παρὰ
1067 4560 1251 4633 ἰατροῦ
1285 4565 1398 4624 τοῖς
1450 4561 1784 4630 νενοσηκόσι,
1829 4565 1923 4617 καὶ

2031 4573 2131 4614 ceu
2172 4574 2202 4613 a
2242 4559 2454 4614 medico
2493 4559 2674 4628 aegris,
2710 4568 2765 4615 et
2808 4558 2875 4613 iis
2907 4559 3000 4628 qui
3040 4558 3095 4612 in
3128 4560 3304 4614 aetatis
3338 4558 3469 4615 ﬂore
3508 4559 3596 4615 Dei

348 4651 409 4703 ὲν
429 4653 496 4721 τῇ
519 4650 618 4719 τῆς
644 4651 858 4721 ἡλικίας
899 4653 1051 4723 ἀκμῇ
1106 4653 1255 4714 ἐντὸς
1274 4653 1585 4722 γενομένοις
1624 4652 1757 4704 Θεοῦ
1784 4652 1924 4720 γνώ-

2030 4650 2221 4704 notitia
2257 4649 2451 4704 imbuti
2493 4655 2645 4713 sunt,
2682 4656 2844 4718 atque
2888 4648 2944 4702 in
2984 4649 3316 4716 juvenilibus
3362 4654 3589 4718 peccati:

349 4758 507 4806 σεως,
532 4748 873 4815 νεωτερικοῖς
906 4746 1298 4816 ἁμαρτήμασιν
1330 4743 1812 4815 ὲγκαλινδηθεῖσιν,
1843 4744 1921 4798 δί-

2027 4742 2277 4807 volutati,
2327 4741 2487 4811 quasi
2537 4728 2809 4821 medicina
2860 4740 3057 4795 tradita
3107 4741 3224 4794 est?
3265 4746 3322 4793 ut
3374 4741 3591 4806 eruditi,

348 4852 451 4904 κην
488 4837 779 4907 φαρμάκου
810 4837 1195 4910 παραδέδοται;
1222 4837 1296 4901 ὠς
1340 4837 1405 4891 ἂν
1438 4836 1698 4909 μαθόντες
1731 4837 1922 4909 ἐξομο-

2027 4843 2250 4905 peccata
2278 4850 2377 4891 sua
2408 4849 2505 4904 per
2545 4834 2908 4905 ignorantiam
2942 4832 3181 4887 admissa
3212 4831 3589 4896 conﬁteantur,

347 4930 588 4993 λογοῖντο
608 4927 676 4981 τά
704 4930 763 4983 ὲν
792 4928 985 5000 ἀγνοίᾳ
1023 4931 1204 4992 αὐτοῖς
1246 4928 1608 4999 πεπλημμελη
1619 4928 1774 4999 μένα,
1798 4930 1924 4983 ἀνα-

2026 4929 2253 4999 ipsaqne
2300 4927 2412 4983 Deo
2459 4928 2722 4989 revelent,
2768 4943 2832 4981 ac
2872 4936 3128 4995 tanquam
3174 4933 3356 4981 vetera
3401 4927 3587 4981 anima

348 5015 714 5083 καλύπτοντες
740 5019 819 5091 τῷ
844 5019 981 5090 Θεῷ,
1013 5020 1108 5073 καὶ
1151 5020 1340 5090 ὥσπερ
1389 5018 1591 5072 παλαιά
1630 5018 1920 5091 τραύματα

2027 5036 2140 5076 suae
2165 5021 2390 5075 vulnera
2419 5020 2525 5089 ipsi
2556 5019 2829 5089 detegant,
2859 5016 3185 5072 medicinam
3218 5024 3271 5068 et
3302 5017 3585 5071 incolumi-

344 5106 444 5177 τῆς
475 5107 680 5161 ἑαυτῶν
710 5108 889 5180 ψυχῆς
908 5109 1346 5180 ἀπογυμνοῦντες
1387 5107 1555 5177 αὐτῷ,
1592 5108 1833 5178 δεόμενοί
1858 5125 1918 5161 τε

2025 5122 2188 5169 tatem
2217 5118 2470 5182 rogantes
2502 5126 2598 5180 per
2626 5110 3057 5166 misericordiam
3080 5109 3222 5178 ejus,
3255 5118 3468 5179 propter
3496 5108 3581 5161 bo-

350 5197 545 5263 ἰάσεως
573 5202 667 5255 καὶ
695 5201 989 5273 θεραπείας
1044 5204 1225 5272 τυχεῖν
1266 5200 1353 5254 διὰ
1376 5200 1469 5255 τοῦ
1499 5201 1681 5265 ἐλέους
1731 5199 1915 5267 αὑτοῦ,

1081 5204 1225 5272 υχείν
1266 5200 1353 5254 διὰ
1376 5200 1469 5255 τοῦ
1499 5201 1681 5265 ἐλέους
1731 5199 1915 5267 αὑτοῦ,
2022 5207 2241 5259 nitatem
2270 5212 2437 5269 tuam,
2469 5202 2710 5258 Domine.

344 5288 556 5344 ἕνεκεν
578 5296 690 5358 τῆς
726 5294 1133 5363 χρηστότητος
1158 5308 1295 5355 σου,
1332 5294 1529 5361 Κύριε.

421 5378 689 5450 Χρηστὸς
731 5384 833 5437 καὶ
881 5384 1060 5449 εὐθὺς
1086 5387 1117 5438 ὀ
1143 5386 1376 5452 Κύριος,
1409 5383 1505 5437 διὰ
1533 5381 1708 5437 τοῦτο
1736 5400 1914 5452 νομο-

2093 5380 2261 5439 Vnus.
2288 5379 2341 5447 8,
2369 5380 2422 5435 9.
2452 5380 2638 5435 Dulcis
2668 5388 2716 5434 et
2747 5386 2918 5432 rectus
2946 5374 3225 5436 Dominus,
3253 5382 3463 5442 propter
3492 5373 3587 5427 hoc

348 5474 585 5541 θετήσει
612 5474 1055 5544 ἁμαρτάνοντας
1082 5477 1151 5529 ἐν
1180 5474 1314 5541 ὀδῷ.
1358 5474 1665 5544 Ὁδητήσει
1710 5475 1918 5543 πραεῖς

2024 5476 2184 5546 legem
2209 5474 2356 5528 dabit
2382 5472 2799 5543 delinquentibus
2835 5471 2892 5523 in
2924 5468 3025 5524 cia.
3049 5465 3254 5533 Diriget
3283 5472 3577 5517 mansuetos

347 5564 417 5617 ἐν
438 5565 653 5633 κρίσει,
688 5564 914 5632 διδάξει
951 5565 1157 5635 πραεῖς
1182 5566 1288 5632 τὰς
1309 5566 1487 5633 ὀδοὺς
1520 5566 1724 5621 αὐτοῦ.
1761 5567 1915 5638 Χρη-

2022 5567 2079 5621 in
2092 5566 2322 5637 judicio,
2348 5566 2550 5622 docebit
2591 5565 2742 5619 mites
2783 5563 2896 5617 vias
2926 5577 3072 5617 suas.
3125 5556 3306 5612 Dulcis
3328 5595 3347 5625 ,
3381 5555 3575 5627 inquit,

418 5726 462 5757 ’θ
502 5722 646 5780 Psal.
684 5741 886 5785 xxxrx,
919 5724 972 5779 2.
1050 5727 1094 5758 '°
1136 5725 1294 5780 Rom.
1333 5741 1423 5787 xl,
1460 5727 1546 5781 5'5.
