4094 6378
477 347 578 402 εει

1213 343 1478 399 EUSEBII
1516 340 1991 399 CASSARIENSIS
2027 340 2177 397 OPP.
2204 341 2382 397 PARS
2419 342 2510 400 111.
2553 374 2624 383 -
2659 342 3063 398 EXEGETICA.

3614 346 3716 401 228

477 476 528 523 et
560 474 740 522 rectus
774 465 1035 521 Dominus
1069 471 1174 529 est,
1206 463 1299 533 qui
1326 463 1496 533 probe
1534 462 1718 517 omnia
1743 462 2037 531 dispensat,

2149 459 2271 521 στός
2301 461 2449 512 ἐστιν
2492 460 2585 513 καὶ
2649 460 2828 527 εὑθὶς,
2865 461 3047 531 φησὶν,
3074 462 3102 514 6
3144 458 3367 530 Κύριος,
3399 455 3457 514 εὖ
3490 460 3724 516 διατιθέ-

476 566 791 626 rectumque
822 555 999 625 diligit
1026 554 1191 618 viam,
1222 568 1286 607 ac
1316 560 1565 606 tortuosa
1599 553 1655 605 in
1697 558 1904 605 rectum
1931 551 2043 604 cal-

477 649 579 703 lem
607 646 848 701 deducit.
879 644 1221 714 Quapropter
1247 650 1565 710 peccatores
1597 654 1708 694 non
1734 647 2039 703 aversatur,

477 755 653 809 neque
677 736 902 807 negligit
933 736 1131 791 sinitve
1171 749 1265 788 eos
1303 732 1543 800 peccatis
1573 732 1850 801 corrumpi
1885 732 2000 787 suis
2027 750 2038 783 :

476 831 568 885 sed
601 830 757 900 quasi
784 829 1156 898 perhumanus
1185 826 1471 895 bonusque
1513 823 1771 879 Servator
1800 824 2044 877 infirmo-

477 937 595 975 rum
660 922 784 991 plus
847 935 1011 989 quam
1063 920 1202 973 bene
1258 917 1575 971 habentium
1622 930 1809 969 curam
1868 916 2039 984 gerit,

477 1025 636 1084 atque
678 1015 812 1084 ipsis
842 1015 1012 1082 legem
1067 1013 1194 1075 dat,
1249 1008 1584 1079 pmnitentia:
1605 1007 1721 1064 vias
1769 1007 2038 1070 indicans,

476 1113 727 1179 legesque
748 1123 955 1171 ponens
990 1106 1124 1175 ipsis
1148 1108 1215 1159 ad
1247 1106 1475 1159 salutem
1503 1111 1885 1172 congruentes.
1905 1102 2041 1156 Nam

476 1202 556 1256 vel
593 1201 660 1255 iis
688 1201 778 1270 qui
825 1206 1054 1268 peccant
1080 1198 1167 1252 via
1197 1197 1441 1267 quaedam
1493 1196 1686 1251 salutis
1712 1196 2037 1261 ostenditur,

476 1292 724 1346 videlicet
759 1290 1171 1354 conversionis,
1222 1288 1555 1359 poenitentiae
1579 1327 1594 1351 ,
1645 1287 2037 1352 confessionis,

475 1400 591 1454 quae
628 1384 845 1453 quidem
892 1384 994 1435 alia
1027 1390 1111 1437 est
1142 1397 1173 1434 a
1216 1382 1303 1435 via
1344 1380 1600 1450 perfectis
1638 1380 1771 1435 viris
1816 1379 2036 1433 tradita.

475 1478 605 1532 Nam
629 1492 753 1532 cum
788 1477 959 1546 legem
985 1476 1078 1530 dat
1108 1474 1268 1539 Deus,
1304 1475 1445 1527 viam
1476 1473 1831 1542 peccantibus
1854 1472 2037 1533 aliam,

475 1572 631 1624 aliam
663 1585 693 1623 a
723 1576 945 1640 peccato
981 1584 1039 1624 se
1079 1569 1543 1632 convertentihus,
1576 1568 1736 1620 aliam
1767 1566 1833 1619 iis
1856 1564 1949 1635 qui
1984 1563 2040 1617 in

476 1666 673 1719 virtute
699 1663 1009 1734 proﬁciunt,
1039 1664 1198 1717 aliam
1231 1663 1447 1717 demum
1479 1660 1894 1731 perfectioribus
1930 1668 2041 1711 tra-

475 1756 569 1809 dit.
601 1754 966 1820 Quamobrem
1011 1754 1366 1822 peccantibus
1413 1753 1631 1824 quidem
1673 1751 1817 1804 viam
1854 1756 2040 1804 osten-

2150 570 2308 623 μενος
2333 551 2400 605 τὰ
2434 552 2632 617 πάντα,
2681 554 2775 605 καὶ
2811 552 2908 623 τὴν
2958 554 3169 608 εὐθεῖαν
3201 553 3317 608 ὁδὸν
3363 552 3611 622 ἀγαπῶν,
3654 555 3723 609 τά

2145 661 2202 697 τε
2227 644 2414 697 σκολιὰ
2441 646 2520 709 είς
2556 643 2767 699 εὑθείαν
2799 644 2967 713 ἄγων.
3012 646 3111 699 Διὰ
3141 646 3299 700 τοῦτο
3325 647 3426 699 οὐκ
3448 647 3704 720 ἀποστρέ-

2146 755 2323 805 φεται,
2358 737 2477 791 οὐδὲ
2508 739 2722 810 παρορᾷ
2750 738 3169 808 καταλιμπάνων
3188 739 3386 803 αὑτοὺς
3402 738 3716 811 φθείρεσθαι

2144 833 2262 893 ταῖς
2310 830 2515 883 ἑαυτῶν
2547 829 2874 901 ἁμαρτ¹αις·
2930 832 3041 884 ἀλλ’
3078 826 3165 884 οἷα
3210 830 3590 902 φιλάνθρωπος
3625 831 3716 885 καὶ

2143 920 2344 989 ἁγαθὸς
2381 921 2570 992 Σωτὴρ
2614 922 2907 975 νοσούντων
2944 921 3139 992 μᾶλλον
3171 922 3204 991 ἢ
3238 922 3586 990 ὑγιαινόντων
3618 923 3716 993 τὴν

2143 1013 2398 1084 φροντίδα
2430 1017 2692 1066 ποιεῖται·
2729 1014 2824 1067 καὶ
2849 1014 3059 1079 τούτοις
3096 1015 3395 1085 νομοθετεῖ,
3434 1015 3715 1085 μετανοίας

2142 1106 2294 1169 ὁδοὺς
2328 1106 2643 1169 ὑποδεικνὺς
2674 1106 2874 1172 αὑτοῖς,
2894 1106 2990 1183 καὶ
3020 1104 3214 1176 νόμους
3231 1108 3356 1171 τοὺς
3381 1106 3715 1178 ἁρμόζοντας

2142 1198 2324 1261 αὐτοῖς
2353 1199 2489 1268 πρὸς
2517 1197 2785 1269 σωτηρίαν
2833 1196 3283 1268 παρατιθέμενος.
3323 1199 3479 1250 Ἐστι
3506 1197 3613 1269 γάρ
3632 1214 3714 1262 τις

2141 1289 2235 1342 καὶ
2259 1289 2376 1351 ὁδὸς
2397 1291 2508 1351 τοῖς
2547 1289 2945 1360 ἁμαρτάνουσιν
2978 1289 3382 1361 ὲπιδεδειγμένη
3425 1289 3714 1360 σωτηρίας,

2140 1380 2173 1449 ἡ
2203 1377 2306 1449 τῆς
2332 1378 2666 1450 ἐπιστροφῆς
2700 1378 2795 1431 καὶ
2827 1377 3111 1447 μετανοίας
3140 1377 3233 1430 καὶ
3255 1377 3711 1449 ὲξομολογήσεως,

2140 1472 2217 1532 ὡς
2253 1471 2416 1543 ἑτέρα
2471 1469 2605 1524 οὖσα
2656 1472 2805 1541 παρὰ
2846 1470 2945 1541 τὴν
2988 1472 3099 1533 τοῖς
3139 1469 3363 1533 τελείοις
3406 1470 3713 1541 δεδομένην.

2140 1563 2467 1634 Νομοθετῶν
2531 1563 2641 1634 γὰρ
2683 1566 2712 1616 6
2762 1562 2913 1626 Θεὸς,
2956 1562 3123 1633 ἄλλην
3169 1562 3266 1633 μὲν
3313 1562 3716 1634 ἁμαρτάνουσιν

2139 1654 2257 1707 ὁδὸν
2285 1654 2572 1717 δείκνυσιν,
2605 1655 2797 1725 ἑτέραν
2812 1654 2866 1707 δὲ
2892 1656 3005 1718 τοῖς
3032 1654 3446 1725 ἐπιστρέφουσιν
3462 1654 3520 1719 ἐξ
3541 1656 3710 1727 ἁμαρ-

2141 1747 2283 1811 τίας,
2337 1747 2430 1800 καὶ
2482 1746 2648 1817 ἁλλην
2681 1746 2840 1800 πάλιν
2873 1748 2985 1809 τοῖς
3014 1748 3072 1799 ὲν
3118 1747 3285 1818 ἀρετῇ
3324 1748 3713 1817 προκόπτουσι,

475 1850 582 1915 dit;
619 1855 939 1901 mansuetos
991 1860 1114 1899 cum
1152 1846 1360 1915 judicio
1424 1846 1656 1915 diriget,
1702 1856 2037 1912 eorumque,

2144 1838 2237 1891 καὶ
2281 1839 2473 1909 ἑτέραν
2510 1843 2623 1902 τοῖς
2678 1838 3049 1910 τελειοτέροις.
3080 1838 3171 1891 Διὸ
3200 1842 3313 1902 τοῖς
3344 1839 3442 1910 μὲν
3472 1839 3691 1910 ἁμαρτά

476 1951 659 2013 utpote
693 1941 1077 2013 perfectiorum
1102 1981 1116 2003 ,
1163 1956 1349 1995 curam
1407 1947 1591 2012 geret:
1636 1953 1805 2009 quare
1846 1937 2041 2008 dignos

475 2048 566 2088 eos
601 2032 693 2102 qui
725 2032 867 2085 beati
919 2030 1351 2100 praedicarentur
1391 2028 1701 2091 aestimavit,
1739 2026 2038 2081 secundum

475 2125 643 2180 Illud:
695 2123 848 2178 Beati
907 2124 1095 2186 mites,
1126 2122 1373 2192 quoniam
1420 2121 1520 2189 ipsi
1558 2120 1894 2188 possidebunt
1934 2126 2040 2172 ter-

474 2234 586 2270 ram
631 2216 695 2270 ".
738 2214 849 2270 Hos
898 2215 1061 2269 etiam
1115 2214 1275 2267 docet
1300 2214 1418 2267 vias
1463 2227 1610 2267 suas.
1664 2211 1807 2266 Loco
1858 2219 2038 2265 autem

474 2310 642 2374 illius,
676 2310 785 2362 vias
817 2322 941 2362 suas
968 2322 986 2359 :
1015 2306 1207 2376 Aquila
1236 2313 1289 2360 et
1320 2304 1701 2376 Symmachus,
1726 2305 1863 2358 viam
1888 2320 2040 2358 suam

474 2402 751 2457 dixerunt.
788 2400 923 2453 Nam
953 2415 1015 2455 ea
1051 2399 1166 2468 ipsa
1189 2398 1276 2451 via
1319 2398 1571 2452 Salvator
1602 2398 1848 2462 incessit,
1879 2405 2042 2466 prout

474 2493 713 2546 dicitur:
760 2490 960 2544 Discite
1007 2506 1040 2541 α
1082 2506 1162 2542 me
1207 2490 1333 2559 quia
1372 2489 1516 2542 mitis
1566 2506 1683 2543 sum
1725 2497 1776 2543 et
1824 2480 2040 2541 humilis

474 2582 625 2636 corde
648 2582 715 2637 “.
762 2580 960 2635 Eadem
1016 2580 1182 2650 igitur
1240 2581 1359 2649 ipsa
1413 2579 1502 2633 via
1559 2580 1681 2634 illos
1724 2578 1945 2634 deducit
1987 2585 2041 2634 et

474 2674 629 2743 quasi
669 2688 831 2726 manu
866 2671 1073 2741 dirigit.
1124 2669 1333 2725 idcirco
1369 2678 1429 2725 ut
1473 2672 1691 2740 sapiens
1740 2671 2034 2743 legislator,

457 2767 632 2821 aliam
666 2765 1083 2832 peccatoribus,
1127 2764 1352 2818 mitibus
1400 2768 1626 2818 alteram
1668 2763 1812 2817 viam
1854 2771 2041 2818 osten-

474 2858 571 2912 dit.

541 3118 707 3174 Vens.
745 3119 833 3173 10.
881 3117 1146 3173 Πηὶυενεω
1181 3118 1279 3173 via:
1315 3116 1553 3183 Domini,
1579 3117 1947 3172 misericordia
1990 3125 2038 3171 et

475 3214 661 3268 veritas
706 3212 1090 3282 requirentibus
1120 3219 1487 3266 testamentum
1515 3211 1629 3280 ejus
1651 3220 1701 3265 et
1738 3210 2039 3264 testimonia

473 3306 601 3374 ejus.
633 3303 834 3369 Multae,
867 3304 1065 3373 inquit,
1087 3304 1188 3358 vite
1216 3303 1434 3357 Domini
1468 3310 1617 3365 sunt,
1647 3318 1833 3357 verum
1863 3303 2040 3358 omni-

474 3399 575 3453 bus
608 3398 894 3469 praecurrit
920 3396 1301 3450 misericordia
1324 3396 1443 3465 ejus
1467 3411 1479 3445 :
1517 3410 1641 3449 cum
1662 3392 2040 3449 misericordia

474 3505 637 3560 porro
674 3489 877 3544 veritas
915 3504 1023 3542 una
1054 3489 1338 3558 procedit,
1365 3489 1658 3543 miseretur
1694 3489 1894 3558 quippe
1920 3502 2037 3541 om-

473 3578 619 3631 nium
650 3584 705 3631 et
742 3577 877 3631 nihil
916 3576 1031 3631 odit
1053 3592 1240 3631 eorum
1268 3592 1388 3647 quae
1416 3576 1544 3632 fecit
1566 3576 1611 3608 ³³
1639 3597 1650 3631 :
1685 3592 1861 3646 neque
1892 3577 2039 3631 enim

473 3668 677 3738 aliquid
708 3668 954 3723 condidit
974 3669 1120 3738 quod
1148 3669 1274 3724 odio
1312 3669 1555 3724 haberet.
1591 3667 1833 3739 Singulis
1874 3668 2040 3737 igitur

472 3761 668 3815 divinae
706 3759 1200 3815 administrationis
1242 3769 1296 3815 et
1332 3758 1687 3826 providentiae
1725 3759 1830 3814 viis
1874 3761 2039 3814 mise-

475 3852 710 3906 ricordia
743 3852 1061 3921 prtecurrit,
1112 3852 1546 3906 misericordiam
1580 3852 1782 3905 veritas
1841 3851 2037 3906 subse-

473 3940 676 4009 quitur.
710 3939 781 3993 Iis
813 3948 993 3994 autem
1026 3940 1119 4009 qui
1164 3940 1394 3995 sollicite
1433 3941 1741 4010 requirunt,
1780 3941 2038 4010 quaestio-

473 4046 603 4085 num
634 4046 817 4086 veram
851 4033 1099 4086 notitiam
1131 4032 1512 4089 subministrat
1530 4032 1715 4102 quiait
1749 4032 2037 4097 :Quazrite,

472 4131 521 4177 et
550 4123 841 4187 invenietis,
860 4125 1089 4192 pulsate,
1107 4132 1155 4177 et
1172 4125 1438 4192 aperietur
1461 4124 1603 4178 vobis
1627 4124 1692 4175 ³⁸.
1720 4123 2040 4180 Testamen-

473 4225 587 4269 tum
623 4230 753 4270 vero
785 4216 904 4284 ejus
942 4217 997 4269 in
1032 4231 1229 4286 genere
1268 4225 1572 4286 acceptum,
1607 4224 1834 4271 vocatur
1859 4217 2039 4271 omnis

472 4306 736 4361 divinitus
777 4307 1047 4377 inspirata
1097 4305 1379 4376 Scriptura
1439 4308 1754 4364 hominibus
1810 4308 2034 4362 tradita.

472 4398 806 4455 Testimonia
832 4407 960 4454 sunt
992 4406 1261 4469 quotquot
1288 4401 1342 4454 in
1382 4398 1684 4470 Scripturis
1735 4401 1936 4456 divinis
1970 4402 2037 4456 de

2141 1948 2323 1985 νουσιν
2349 1931 2723 1984 ὑποδείκνυσιν
2746 1930 2862 1983 ὁδόν
2886 1948 2898 1960 ο
2929 1930 3053 1993 τοὺς
3084 1930 3139 1983 δὲ
3166 1933 3359 2001 πραεῖς
3378 1931 3630 2001 ὁδηγήσει
3659 1933 3716 1983 ὲν

2141 2025 2317 2097 κρίσει
2362 2024 2718 2094 κεκριμένως,
2764 2022 2858 2076 καὶ
2909 2023 3085 2075 αὐτῶν
3118 2022 3371 2092 πρόνοιαν
3399 2020 3716 2091 ποιούμενος

2141 2116 2217 2181 ὡς
2248 2117 2561 2187 βελτιόνων’
2631 2115 2711 2168 διὸ
2764 2115 2857 2167 καὶ
2912 2115 3273 2186 μακαρισμῶν
3313 2114 3509 2178 αὑτοὺς
3552 2112 3712 2180 ἀξιοῖ,

2141 2210 2381 2273 κατὰτὸ,
2418 2208 2707 2277 Μακάριοι
2754 2210 2810 2262 οὶ
2847 2207 3071 2275 πραεῖς,
3107 2207 3197 2261 ὅτι
3230 2207 3399 2261 αὐτοὶ
3428 2209 3715 2274 κληρονο-

2136 2302 2409 2372 μήσουσι
2454 2302 2569 2369 τὴν
2613 2300 2749 2372 γῆν.
2784 2300 3018 2364 Τούτους
3058 2300 3115 2353 δὲ
3160 2300 3255 2354 καὶ
3283 2300 3521 2353 διδάσκει
3563 2298 3714 2361 όδοὺς

2141 2393 2328 2447 αὑτοῦ.
2376 2393 2522 2447 Ἀντὶ
2566 2392 2622 2446 δὲ
2666 2390 2779 2457 τοῦ,
2815 2391 2994 2458 ὀδοὺς
3026 2391 3232 2454 αὐτοῦ,
3274 2392 3303 2444 6
3348 2389 3579 2452 Ἀκύλας
3619 2390 3712 2441 καὶ

2141 2488 2169 2539 6
2195 2485 2509 2557 Σύμμαχος,
2539 2485 2681 2539 ὀδόν
2694 2483 2932 2548 ἑαυτοῦ,
2954 2484 3172 2556 ἔφησεν.
3196 2482 3533 2553 Ταύτηνγὰρ
3554 2482 3711 2544 αὑτὸς

2140 2580 2169 2631 6
2197 2579 2389 2649 Σωτὴρ
2435 2577 2637 2631 ὥδευσε
2671 2577 2768 2648 τὴν
2808 2577 2925 2630 ὁδὸν
2957 2576 3098 2630 κατὰ
3124 2576 3184 2629 τὸ
3218 2575 3537 2645 λελεγμένον
3563 2589 3577 2605 ·
3598 2573 3713 2627 Μά-

2142 2671 2271 2722 θετε
2300 2668 2400 2723 ἀπ’
2422 2669 2568 2738 ἐμοῦ
2602 2667 2691 2722 ὅτι
2712 2668 2899 2737 πρᾶός
2924 2671 3040 2738 ειμι
3060 2669 3159 2722 καὶ
3175 2667 3452 2734 ταπεινὸς
3475 2666 3552 2736 τῇ
3570 2683 3712 2734 καρ-

2140 2754 2260 2823 δίᾳ.
2286 2756 2445 2809 Κατὰ
2474 2755 2683 2827 ταύτην
2706 2752 2798 2811 οὖν
2847 2757 2993 2827 ἄγων
3035 2759 3251 2823 αὐτοὺς,
3302 2758 3492 2828 όδηγδς
3533 2755 3711 2811 αὑτῶν

2142 2846 2235 2900 καὶ
2260 2849 2597 2917 χειραγωγὸς
2621 2849 2859 2918 γίνεται·
2897 2850 3083 2921 διόπερ
3110 2850 3186 2914 ὡς
3211 2850 3371 2920 σοφὸς
3396 2849 3708 2922 νομοθέτης,

2142 2939 2307 3010 ἄλλην
2338 2942 2438 3012 μὲν
2482 2943 2598 2996 ὁδὸν
2652 2942 2982 2996 ἐπιδείκνυσι
3009 2944 3119 3007 τοῖς
3137 2944 3558 3014 ἁμαρτάνουσιν,
3590 2940 3709 2994 ἑτέ-

2146 3047 2244 3100 ραν
2266 3032 2324 3085 δὲ
2349 3034 2460 3096 τοῖς
2478 3034 2692 3103 πράοις.

2210 3122 2409 3177 Πᾶσαι
2455 3126 2516 3178 at
2558 3124 2685 3178 ὁδοὶ
2717 3125 2938 3193 Κυρίου
2973 3125 3146 3191 ἕλεος
3176 3124 3274 3179 καὶ
3315 3122 3563 3191 ἀλήθεια
3587 3123 3711 3189 τοῖς

2137 3211 2449 3282 ἐκζητοῦσι
2497 3214 2613 3283 τὴν
2647 3216 2941 3285 Διαθήκην
2985 3216 3170 3270 αὑτοῦ
3200 3215 3297 3271 καί
3333 3216 3404 3270 τὰ
3420 3217 3711 3285 μαρτύρια

2137 3304 2342 3359 αὐτοῦ.
2368 3305 2568 3359 Πολλαὶ
2599 3306 2719 3377 μὲν,
2755 3308 2937 3378 φησιν,
2970 3310 3022 3362 αἱ
3054 3308 3161 3362 ὁδοὶ
3185 3307 3278 3362 τοῦ
3309 3308 3533 3381 Κυρίου,
3573 3307 3711 3379 πλὴν

2139 3394 2252 3447 ἀλλ’
2273 3397 2331 3448 ὲν
2359 3396 2561 3461 πάσαις
2587 3396 2647 3451 τὸ
2675 3398 2822 3462 ἕλεος
2851 3398 3015 3451 αὑτοῦ
3044 3400 3360 3471 προτρέχει·
3386 3399 3463 3471 τῷ
3489 3417 3549 3451 τε
3572 3398 3711 3452 ἐλέει

2141 3485 2513 3555 συμπαρορμᾷ
2534 3487 2566 3556 ἡ
2591 3485 2815 3557 ἀλήθεια
2838 3504 2852 3517 ·
2894 3487 3035 3540 ἐλεεῖ
3067 3488 3172 3561 γὰρ
3197 3488 3265 3541 τὰ
3294 3488 3421 3541 ὅντα
3442 3489 3537 3541 καὶ
3557 3488 3708 3541 οὐδὲν

2140 3571 2481 3641 βδελύσσεται
2540 3570 2613 3629 ὧν
2649 3578 2927 3647 ἐποίησεν·
2979 3578 3096 3631 οὑδὲ
3138 3577 3244 3651 γὰρ
3306 3576 3475 3649 μισῶν
3498 3596 3550 3630 τι
3579 3595 3710 3631 κατ-

2139 3668 2418 3722 εσκεύασε.
2438 3670 2576 3722 Καθ’
2599 3671 2834 3742 ἑκάστην
2850 3672 3024 3725 τοίνυν
3053 3672 3167 3726 ὁδὸν
3185 3673 3285 3742 τῆς
3306 3672 3398 3739 τοῦ
3420 3672 3553 3725 Θεοῦ
3582 3673 3708 3726 διοι-

2139 3763 2351 3834 κήσεώς
2388 3782 2447 3816 τε
2488 3766 2581 3817 καὶ
2628 3766 2882 3836 προνοίας
2912 3767 2970 3819 τὸ
3008 3767 3153 3830 έλεος
3196 3767 3361 3821 αὑτοῦ
3396 3767 3708 3839 προτρέχει,

2138 3854 2329 3909 ἕπεται
2374 3856 2433 3908 δὲ
2480 3858 2556 3928 τῷ
2588 3858 2787 3929 ὲλέῳή
2833 3859 3075 3930 ἀλήθεια.
3115 3862 3241 3924 Τοῖς
3288 3860 3332 3912 δ’
3371 3858 3706 3930 ἐκζητοῦσιν,

2138 3946 2576 4018 ἀσχολουμένοις,
2622 3950 2651 4001 ὁ
2691 3948 2890 4002 εἰπών·
2935 3951 3193 4018 Ζητεῖτε,
3224 3951 3322 4005 καὶ
3383 3950 3707 4019 εὑρήσετε,

2138 4042 2399 4107 κρούετε,
2462 4043 2561 4095 καὶ
2590 4044 2971 4114 ἀνοιγήσεται
2988 4047 3149 4116 ὑμῖν,
3184 4047 3287 4119 τὴν
3312 4048 3441 4119 περὶ
3475 4047 3585 4101 τῶν
3609 4046 3707 4117 ζη-

2138 4131 2415 4202 τουμένων
2465 4134 2720 4206 ἀλήθειαν
2777 4138 3158 4209 παραδίδωσιν.
3186 4139 3428 4210 Διαθήκη
3457 4138 3512 4192 δὲ
3542 4138 3707 4192 αὑτοῦ

2139 4222 2367 4289 γενικῶς
2397 4226 2489 4278 καὶ
2518 4227 2638 4280 καθ’
2660 4228 2780 4281 ὅλου
2817 4228 3126 4298 ὠνόμασται
3157 4231 3306 4282 πᾶσα
3338 4231 3371 4300 ή
3402 4229 3709 4300 ἀνθρώποις

2139 4314 2501 4385 παραδοθεῖσα
2532 4316 2881 4382 θεόπνευστος
2902 4320 3112 4391 Γραφή.
3136 4319 3424 4391 Μαρτύρια
3451 4319 3508 4371 δὲ
3544 4319 3705 4372 αὑτοῦ

2138 4406 2394 4476 τυγχάνει
2430 4409 2635 4480 ἡτοιτὰ
2660 4410 3008 4482 προφητικῶς
3036 4414 3163 4483 περὶ
3197 4411 3359 4464 αὑτοῦ
3400 4411 3457 4463 ὲν
3497 4415 3563 4483 τῇ
3589 4411 3706 4481 θεία

476 4492 569 4546 illo
603 4491 919 4561 prophetice
968 4492 1254 4556 feruntur,
1306 4501 1401 4547 aut
1432 4509 1553 4563 quae
1581 4494 1650 4548 ab
1697 4493 1815 4562 ipso
1844 4495 1912 4549 iis
1941 4495 2033 4564 qui

2140 4502 2327 4573 Γραφῇ
2385 4502 2870 4573 μεμαρτυρημένα,
2929 4503 2961 4574 ἢ
3014 4502 3083 4557 τὰ
3128 4503 3270 4557 κατὰ
3313 4504 3707 4575 διαμαρτυρίαν

476 4585 530 4640 in
548 4585 711 4640 rebus
726 4584 926 4639 divinis
956 4583 1336 4649 instituuntur,
1354 4585 1737 4642 testificatione
1768 4584 2032 4652 adhibita,

470 4685 737 4751 pracepta
769 4685 916 4734 sunt.

500 4768 509 4779 ’
538 4786 705 4845 Vens.
733 4789 821 4854 12,
856 4791 942 4844 i5.
987 4790 1118 4857 Quis
1150 4801 1228 4845 est
1253 4790 1405 4844 homo
1429 4792 1519 4861 qui
1549 4792 1694 4845 timet
1715 4790 2037 4847 Dominum?

468 4883 630 4953 legem
659 4890 853 4936 statuet
881 4882 929 4935 ei
952 4882 1007 4935 in
1036 4882 1148 4943 via,
1176 4898 1334 4951 quam
1370 4883 1542 4953 elegit.
1593 4883 1788 4936 Anima
1822 4884 1934 4951 ejus
1980 4884 2035 4937 in

468 4976 614 5030 bonis
649 4972 1027 5039 demorabitur,
1049 4983 1097 5027 et
1121 4990 1294 5027 semen
1322 4974 1435 5043 ejus
1463 4974 1791 5029 htereditabit
1816 4984 2033 5031 terram.

468 5067 689 5133 Audiat,
724 5067 932 5137 inquit,
962 5067 1211 5136 quisquis
1242 5067 1395 5123 timet
1424 5067 1732 5135 Dominum,
1766 5080 1927 5138 atque
1978 5069 2035 5122 in

470 5172 598 5220 una,
635 5171 797 5226 quam
826 5155 1007 5226 elegit,
1043 5156 1132 5209 via
1174 5156 1398 5221 incedit,
1440 5156 1699 5226 quidnam
1735 5158 1836 5226 ipsi
1874 5173 2037 5213 even-

470 5258 652 5303 turum
685 5249 777 5302 sit.
812 5246 877 5299 Et
911 5263 1058 5302 nunc
1091 5247 1309 5318 quidem
1338 5249 1430 5303 ille
1465 5248 1622 5303 malis
1657 5246 1938 5311 aﬂicietur,
1975 5257 2037 5302 ut

470 5355 569 5410 par
594 5348 699 5403 est,
731 5340 932 5410 quippe
963 5340 1057 5411 qui
1102 5339 1383 5410 religionis
1428 5352 1492 5392 ac
1518 5325 1738 5408 pictatis
1779 5338 2037 5392 certami-

471 5431 634 5486 nibus
664 5440 1003 5487 exerceatur.
1051 5433 1122 5487 At
1151 5433 1255 5487 erit
1285 5440 1497 5500 tempus
1538 5445 1646 5500 quo
1692 5430 1873 5483 anima
1913 5430 2032 5498 ejus

471 5527 527 5579 in
559 5525 716 5579 bonis
758 5525 1162 5580 demorabitur:
1212 5525 1536 5595 quibusnam
1596 5524 1651 5577 in
1709 5522 1889 5585 bonis,
1926 5522 2033 5577 nisi

469 5618 537 5673 de
564 5616 763 5687 quibus
800 5617 1008 5672 dictum
1045 5625 1165 5672 est:
1202 5616 1333 5683 Qua:
1365 5616 1545 5669 oculus
1582 5631 1684 5669 non
1720 5613 1846 5669 vidit
1879 5613 1944 5678 ³⁵,
1978 5620 2031 5668 et

2144 4595 2234 4647 ὑπ’
2281 4592 2446 4647 αὐτοῦ
2496 4597 2609 4657 τοῖς
2644 4594 2713 4648 τὰ
2759 4593 2877 4646 θεῖα
2928 4594 3332 4665 παιδευομένοις
3396 4596 3708 4669 παρηγγελ-

2145 4684 2300 4755 μένα.

2217 4798 2312 4862 Τίς
2341 4798 2513 4851 ἐστιν
2538 4797 2846 4866 ἅνθρωπος
2874 4802 2906 4853 ὁ
2930 4800 3298 4870 φοϐούμενος
3322 4802 3429 4855 τὸν
3452 4803 3707 4871 Κύριονς

2139 4889 2526 4958 νομοθετήσει
2554 4889 2714 4954 αὐτῷ
2731 4889 2801 4942 ὲν
2822 4888 2959 4955 ὀδῷ,
2980 4884 3020 4960 ᾖ
3050 4891 3387 4957 ᾐρετίσατο.
3431 4892 3503 4947 Ἡ
3533 4890 3705 4961 ψυχὴ

2136 4980 2325 5034 αὐτοῦ
2354 4980 2425 5033 ἐν
2458 4980 2698 5049 ἀγαθοῖς
2747 4979 3203 5047 αὐλισθήσεται,
3232 4982 3331 5035 καὶ
3368 4981 3434 5035 τὸ
3473 4984 3710 5049 σπέρμα

2136 5072 2324 5127 αὐτοῦ
2366 5062 2810 5141 κληρωοιιήάει
2840 5072 2976 5141 γῆν.
3035 5070 3324 5131 Ἀκουέτω,
3361 5074 3516 5143 φησὶ,
3552 5074 3709 5135 πᾶςό

2139 5162 2473 5235 φοϐούμενος
2520 5164 2611 5217 τὸν
2654 5164 2877 5233 Κύριον,
2926 5163 3052 5234 μίαν
3078 5180 3138 5215 τε
3158 5162 3272 5216 ὁδὸν
3300 5164 3365 5234 ἢν
3424 5163 3490 5218 ἂν
3537 5164 3708 5218 ἕλοιτο

2134 5254 2607 5326 διαπορευόμενος,
2641 5253 2693 5305 τί
2728 5254 2889 5306 αὐτὸν
2928 5252 3233 5323 περιμένει.
3271 5254 3384 5307 Νῦν
3419 5254 3517 5324 μὲν
3544 5271 3708 5308 κακο-

2142 5346 2395 5417 παθήσει,
2427 5343 2515 5399 οἶα
2559 5346 2724 5409 εἰκὸς,
2775 5342 3244 5415 ὲγγυμναζόμενος
3264 5348 3374 5409 τοῖς
3393 5346 3492 5414 τῆς
3525 5346 3707 5399 θεοσε-

2141 5436 2290 5500 ϐείας
2314 5436 2492 5499 ἄθλοις
2514 5453 2526 5465 ·
2560 5436 2711 5489 ἔσται
2740 5436 2795 5488 δὲ
2832 5436 3021 5506 καιρὸς
3048 5436 3285 5506 ὁπηνίκα
3317 5438 3349 5507 ἡ
3372 5435 3516 5509 ψυχὴ
3542 5435 3707 5490 αὑτοῦ

2139 5527 2196 5580 ὲν
2234 5526 2453 5595 ἀγαθοῖς
2490 5525 2868 5596 αὑλισθήσεται
2893 5542 2905 5553 ·
2960 5525 3133 5588 ποίοις
3165 5526 3220 5578 δὲ
3252 5512 3482 5594 ἀγαθοῖς
3510 5525 3544 5597 ἦ
3578 5526 3706 5597 περὶ

2138 5610 2212 5670 ὧν
2232 5616 2481 5689 εἴρηται·
2530 5620 2589 5673 ’Ἀ
2637 5616 2941 5687 ὀφθαλμὸς
2968 5619 3080 5672 οὐκ
3124 5613 3277 5684 εἶδε,
3319 5618 3410 5671 καὶ
3444 5617 3512 5671 τὰ
3544 5617 3705 5689 έξῆς;

542 5772 583 5804 ³³
618 5770 808 5825 Matth.
844 5787 876 5826 v
900 5812 913 5832 ,
951 5771 1004 5826 4.
1081 5772 1123 5803 ³²
1164 5771 1351 5828 Matth.
1394 5789 1479 5836 χι,
1512 5771 1600 5826 29.
1682 5770 1896 5847 “,Sap.
1933 5787 2021 5837 Il,
2058 5770 2148 5828 25.
2227 5772 2272 5805 “
2310 5771 2501 5829 Matth.
2538 5790 2636 5838 vn,
2679 5774 2731 5831 '7.
2808 5774 2851 5807 ³⁵
2892 5773 2913 5827 l
2946 5774 3073 5831 Cor.
3111 5789 3148 5830 ll
3176 5814 3189 5837 ,
3229 5774 3280 5828 9.
