4094 6378
344 373 458 427 Ξὲθ

1474 367 1979 423 COMMENTARIA
2014 367 2083 421 ΙΝ
2124 365 2458 422 PSALMOS.

3406 387 3412 395 ·
3487 368 3594 424 9.30

329 490 407 543 Τό
433 505 497 557 γε
522 488 619 558 μὲν
648 486 870 558 σπέρμα
896 528 910 551 ,
956 487 1092 558 ὅπερ
1126 485 1453 539 κατεϐάλετο
1502 490 1560 541 ὲν
1587 490 1653 559 τῇ
1686 491 1755 559 γῇ
1790 489 1911 543 καθ’

2019 486 2250 542 caetera?
2299 485 2497 541 Semen
2530 499 2699 555 porro
2730 486 2882 556 ejus,
2927 485 3073 556 quod
3116 485 3170 540 in
3218 494 3423 541 terram
3464 487 3596 556 jecit

328 583 389 632 ὃν
418 578 763 631 ἐπολιτεύετο
794 578 889 630 ἐπὶ
926 579 1029 649 γῆς
1072 578 1283 648 χρόνον,
1316 577 1541 641 πολλοὺς
1572 579 1673 650 κλη
1685 581 1915 652 ρονομή-

330 689 437 733 σει,
469 669 741 741 σωτηρίας
777 670 949 722 αἴτιον
1002 669 1287 739 γινόμενον
1322 670 1556 733 πολλοῖς.
1600 671 1829 742 Σπέρμα
1859 672 1916 725 δὲ

326 764 381 815 τί
410 763 479 815 ἂν
512 762 686 825 εἴποις
725 762 758 831 ἢ
802 761 901 831 τὴν
942 760 1289 813 διδασκαλίαν
1322 762 1414 813 καὶ
1446 763 1575 824 τοὺς
1606 761 1797 830 λόγους
1825 762 1918 814 καὶ

325 856 399 908 τὰ
455 857 887 927 συγγράμματα,
948 856 981 926 ἢ
1037 856 1162 919 τοὺς
1193 855 1335 908 κατὰ
1380 856 1511 909 Θεὸν
1553 857 1701 927 αὐτῷ
1727 874 1918 928 γεννη-

328 948 529 1010 θέντας
571 949 665 1000 καὶ
716 946 1152 1018 μαθητευθέντας
1180 948 1417 1019 ἄνδρας
1460 947 1526 999 δι’
1551 944 1625 1004 ὧν
1656 950 1750 1002 καὶ
1780 949 1918 1019 μετὰ

325 1040 429 1111 τὴν
446 1043 505 1093 ἐν
528 1042 753 1105 ἀγαθοῖς
782 1043 1086 1095 ἀνάπαυσιν
1131 1042 1295 1095 αὐτοῦ
1332 1044 1514 1115 μυρίοι
1538 1045 1636 1115 τῆς
1666 1045 1815 1117 παρὰ
1838 1045 1917 1116 τῷ

326 1132 452 1202 Θεῷ
509 1133 876 1204 κληρονομίας
943 1133 1257 1198 τεύξονται,
1322 1136 1416 1188 ἆτε
1473 1136 1693 1205 ἀγαθῶν
1745 1156 1915 1209 σπερ-

329 1225 523 1294 μάτων
551 1228 801 1297 τυχόντες
856 1228 947 1279 καὶ
1002 1227 1339 1300 ὼφελημένοι
1373 1228 1470 1299 τὴν
1499 1229 1678 1283 ἔνθεον
1711 1248 1918 1301 καρπο-

328 1317 547 1389 φορίαν.
1688 1330 1695 1337 °

401 1410 753 1479 Κραταίωμα
783 1411 998 1477 Κύριος
1028 1410 1144 1463 τῶν
1168 1411 1552 1480 φοϐουμένων
1583 1413 1790 1478 αὐτὸν,
1816 1415 1916 1470 καὶ

326 1499 368 1564 ἡ
417 1500 678 1567 Διαθήκη
727 1500 915 1554 αὐτοῦ
970 1501 1076 1554 τοῦ
1126 1501 1396 1570 δηλῶσαι
1440 1505 1663 1571 αὐτοῖς.
1717 1506 1774 1558 '0
1817 1506 1915 1575 μὲν

339 1592 597 1657 Ἀκύλας,
619 1595 958 1662 ἀπόρῤητον
980 1597 1200 1663 Κυρίου
1227 1596 1303 1667 (1)
1325 1597 1603 1664 ἐξέδωκεν·
1638 1601 1666 1651 ὁ
1686 1600 1743 1653 δὲ
1766 1603 1836 1654 Σύ
1844 1621 1913 1673 μ-

328 1701 527 1754 μαχος,
565 1686 769 1754 ὁμιλία
782 1687 1023 1754 Κυρίου·
1054 1689 1157 1741 ὁδὲ
1186 1689 1477 1744 Θεοδοτίων
1499 1692 1593 1744 καὶ
1620 1694 1652 1763 ἡ
1689 1693 1912 1765 πέμπτη

323 1776 561 1842 ἔκδοσις,
588 1778 929 1847 μυστήριον
950 1781 1190 1849 Κυρίου.
1226 1781 1505 1836 Ἐντεῦθεν
1538 1782 1644 1854 γὰρ
1678 1785 1757 1848 εἰς
1791 1802 1913 1838 τοσ-

2023 583 2152 636 dum
2188 580 2244 635 in
2273 595 2337 634 ea
2380 588 2726 643 versaretur,
2760 579 2963 634 multos
3000 579 3317 634 haereditate
3343 582 3592 650 accipiet,

2021 671 2220 742 quibus
2252 684 2419 725 causa
2446 669 2640 724 salutis
2675 668 2889 724 evadet.
2929 666 3127 723 Semen
3150 684 3280 723 vero
3318 668 3593 739 quodnam

2021 778 2144 818 esse
2174 762 2401 822 dixeris.
2428 762 2536 817 nisi
2564 762 2905 826 doctrinam,
2943 776 3225 817 sermones
3244 802 3259 826 ,
3306 763 3512 832 scripta
3541 771 3595 817 et

2023 856 2275 911 homines
2314 857 2408 926 qui
2459 854 2761 911 secundum
2814 854 2983 909 Deum
3022 854 3125 923 ipsi
3173 855 3289 908 nati
3330 862 3494 925 atque
3527 856 3596 909 ab

2023 962 2088 1001 eo
2117 949 2352 1004 instituti
2400 948 2563 1003 sunt?
2598 946 2704 1013 Qui
2738 963 2969 1002 numero
3016 963 3169 1018 paene
3216 946 3437 1011 inﬁniti,
3471 956 3596 1017 post

2022 1042 2195 1112 ipsius
2225 1042 2268 1096 ir
2335 1043 2492 1097 bonis
2522 1040 2772 1111 adeptam
2814 1040 3079 1111 requiem,
3128 1048 3315 1109 utpote
3353 1056 3421 1095 ex
3453 1042 3596 1095 bono

2023 1137 2128 1190 orti.
2182 1138 2425 1201 semine,
2462 1150 2526 1189 ac
2553 1135 2736 1189 divina
2787 1135 2878 1188 illa
2920 1134 3148 1203 utilique
3188 1134 3293 1188 sibi
3339 1133 3596 1204 prosapia

2022 1228 2314 1299 progeniti,
2345 1227 2713 1283 haareditatem
2738 1243 2767 1281 a
2799 1226 2909 1282 Deo
2938 1237 3363 1296 consequentur.

2091 1405 2258 1461 Vsus.
2294 1406 2377 1460 14.
2427 1406 2850 1460 Firmamentum
2882 1413 2959 1458 est
2992 1404 3253 1458 Dominus
3292 1403 3593 1458 timentibus

2021 1514 2159 1562 eum,
2196 1508 2246 1553 et
2304 1506 2673 1553 testamentum
2717 1498 2881 1565 ipsius
2928 1507 2986 1550 ut
3032 1497 3399 1564 manifestétur
3460 1495 3592 1550 illis.

2021 1591 2238 1661 Aquila,
2267 1599 2522 1644 secretum
2539 1589 2776 1653 Domini,
2802 1589 3004 1654 edidit;
3032 1587 3412 1659 Symmachus,
3430 1588 3596 1642 collo-

2019 1685 2200 1753 quium
2236 1682 2483 1746 Domini;
2519 1670 2820 1738 TheOdotio
2850 1690 2906 1736 et
2931 1680 3131 1747 Quinta
3164 1680 3352 1746 editio,
3394 1690 3584 1750 myste-

2020 1780 2158 1830 rium
2190 1777 2446 1832 Domini:
2479 1776 2605 1832 inde
2648 1777 2793 1832 enim
2833 1777 2923 1832 ille
2963 1777 3215 1845 superius
3252 1784 3589 1832 memoratus

324 1868 505 1942 diem:
574 1870 743 1941 ἧλασε
788 1872 1161 1942 μακαριότητα
1209 1872 1238 1924 ὁ
1281 1873 1537 1946 ἀνωτέρω
1602 1875 1917 1947 προλεχθεὶς

2020 1870 2112 1941 qui
2142 1870 2296 1924 timet
2319 1869 2628 1935 Dominum,
2656 1869 2725 1924 ad
2755 1880 2959 1924 tantam
2989 1869 3297 1925 felicitatem
3326 1871 3590 1939 pervenit,

325 1962 671 2033 φοϐούμενος
699 1961 905 2033 Κύριον
951 1963 1015 2016 ὲκ
1048 1960 1140 2016 τοῦ
1184 1962 1400 2033 ὁμιλίαν
1438 1964 1531 2017 τοῦ
1566 1966 1792 2037 Κυρίου,
1825 1969 1918 2021 καὶ

327 2054 647 2124 ἀπόρρητον
680 2052 876 2118 αὑτοῦ,
918 2054 1012 2106 καὶ
1054 2053 1116 2106 τὸ
1150 2057 1444 2126 μυστήριον
1476 2055 1638 2109 αὑτοῦ
1677 2058 1917 2125 γνωστὸν

326 2141 481 2212 αύτῷ
500 2144 807 2211 γεγονέναι,
857 2145 953 2196 καὶ
980 2143 1049 2195 τὰ
1077 2144 1134 2195 ἐν
1172 2147 1241 2215 τῇ
1286 2145 1529 2219 Διαθήκῃ
1558 2147 1743 2212 αὐτοῦ,
1773 2149 1916 2201 τοῦτ’

324 2236 477 2289 ἐστιν
509 2238 568 2288 ὲν
591 2240 658 2307 τῇ
695 2236 814 2308 θείᾳ
838 2236 1051 2309 Γραφῇ,
1084 2236 1447 2307 περιεχόμενα
1478 2238 1773 2309 μυστήρια.

400 2332 467 2381 Οἱ
498 2328 798 2397 ὀφθαλμοί
818 2345 938 2396 μου
966 2325 1063 2379 διὰ
1107 2326 1335 2392 παντὸς
1362 2328 1513 2394 πρὸς
1547 2326 1652 2380 τὸν
1676 2328 1914 2396 Κύριον,

326 2422 418 2475 ὅτι
452 2421 643 2487 αὐτὸς
676 2420 976 2475 ἐκσπάσει
1006 2420 1076 2473 ἐκ
1107 2420 1361 2490 παγίδος
1394 2419 1536 2487 τοὺς
1563 2420 1753 2486 πόδας
1774 2439 1913 2490 μου.

337 2518 711 2585 Ἐπίϐλεψον
746 2515 839 2568 ἐπ’
866 2513 973 2584 ἐμὲ
998 2515 1096 2569 καὶ
1142 2512 1406 2582 ἐλέησόν
1427 2530 1525 2583 με,
1556 2514 1647 2567 ὅτι
1671 2532 1918 2585 μονογε-

323 2610 444 2678 νὴς
466 2609 568 2663 καὶ
591 2609 828 2678 πτωχός
854 2612 971 2677 εἰμι
1000 2607 1133 2677 ἐγώ.
1174 2610 1245 2663 Al
1271 2608 1508 2676 θλίψεις
1531 2606 1641 2676 τῆς
1668 2608 1920 2677 καρδίας

316 2719 443 2772 μου
471 2702 973 2770 ἐπληθύνθησαν,
1003 2702 1071 2755 ἐκ
1092 2700 1210 2755 τῶν
1222 2699 1504 2769 ἀναγκῶν
1518 2717 1640 2769 μου
1665 2700 1919 2772 ἐξάγαγέ

318 2811 417 2863 με.
459 2795 535 2848 Οὐ
569 2793 657 2847 διὰ
677 2794 745 2847 τά
769 2792 1169 2865 κατορθώματα
1212 2792 1401 2864 ὥσπερ
1432 2792 1787 2864 ὀφειλομένην
1818 2795 1919 2865 τὴν

328 2887 613 2957 σωτηρίαν
659 2884 844 2956 αὐτῷ’
878 2881 996 2938 οἶδα
1045 2884 1175 2953 γὰρ,
1218 2885 1321 2950 ὅτι,
1375 2884 1551 2938 πάντα
1591 2886 1823 2957 ποιήσας
1850 2886 1919 2940 τά

326 2980 462 3051 παρ’
519 2978 780 3049 ἐμαυτοῦ,
840 2977 920 3031 ἔτι
953 2977 1045 3031 τοῦ
1078 2977 1170 3030 σοῦ
1210 2977 1391 3040 ἐλέους
1426 2977 1637 3047 δέομαι.
1672 2978 1762 3031 Διὸ
1791 2977 1919 3031 ἐπί-

326 3075 567 3140 ϐλεψον
619 3072 711 3125 ἐπ’
757 3070 884 3140 ἐμὲ,
923 3070 1020 3124 καὶ
1079 3070 1342 3138 ἐλέησόν
1388 3087 1483 3139 με.
1546 3070 1771 3125 Σύνοιδα
1809 3070 1919 3142 γὰρ

325 3163 559 3234 ἐμαυτῷ
607 3163 809 3234 πτωχῷ
841 3163 936 3216 καὶ
987 3161 1274 3232 ἁδοηθήτῳ
1316 3162 1407 3215 καὶ
1460 3161 1535 3233 μὴ
1589 3163 1919 3233 ὲπαρκοῦντι
1947 3203 1988 3260 C

326 3274 467 3334 προς
496 3258 795 3329 σωτηρίαν.
841 3256 1000 3309 Ἰδιόν
1025 3257 1083 3308 τέ
1126 3257 1243 3308 ἐστι
1287 3255 1502 3308 πάντων
1523 3254 1630 3308 τῶν
1656 3254 1918 3325 θεοφιλῶν

325 3354 390 3403 τὸ
417 3350 651 3412 ἑαυτούς
689 3348 894 3402 κακοῦν
934 3350 991 3401 ὲν
1018 3347 1279 3416 θλίψεσιν,
1303 3348 1360 3400 ὲν
1396 3346 1683 3415 ἀνάγκαις,
1714 3348 1772 3399 ὲν
1802 3364 1920 3399 στε-

325 3444 645 3514 νοχωρίαις,
674 3442 770 3494 καὶ
793 3442 1051 3511 διωγμοῖς
1069 3457 1084 3472 ο
1113 3439 1224 3492 ἀλλ’
1242 3439 1301 3492 ού
1326 3440 1419 3493 καὶ
1441 3437 1693 3507 ἀγνοοῦσι
1723 3438 1783 3491 τὸ
1796 3437 1918 3491 τού-

327 3553 443 3588 των
470 3536 663 3599 τέλος·
700 3534 781 3586 διὸ
826 3534 1010 3603 τυχεῖν
1066 3530 1230 3583 αὐτοῦ
1296 3530 1447 3601 παρὰ
1502 3529 1592 3583 τοῦ
1639 3529 1773 3582 Θεοῦ
1811 3530 1920 3582 ἰκε-

327 3627 552 3681 τεύουσι
576 3627 827 3695 λέγοντες
853 3644 866 3656 ·
908 3626 1003 3677 Ἐκ
1054 3623 1174 3677 τῶν
1218 3621 1496 3692 ἀναγκῶν
1522 3639 1641 3691 μου
1667 3620 1921 3691 ἐξάγαγέ

321 3736 401 3787 με
420 3736 434 3748 ·
468 3717 547 3781 ὡς
576 3718 642 3771 ἂν
670 3716 969 3778 διελθόντες
996 3715 1094 3777 τὰς
1131 3712 1226 3767 τοῦ
1267 3713 1380 3784 βίου
1424 3714 1690 3781 ἀνάγκας,
1715 3712 1816 3775 τὰς
1859 3711 1918 3764 δὲ

330 3810 626 3881 συμφορὰς
678 3810 772 3861 καὶ
827 3808 927 3871 τὰς
987 3807 1354 3878 περιστάσεις,
1395 3808 1566 3858 εἰπεῖν
1596 3822 1724 3857 ποτε
1755 3804 1916 3874 δυνη-

328 3901 475 3953 θεῖεν
499 3918 513 3929 ·
554 3900 883 3968 Διήλθομεν
911 3898 1007 3952 διὰ
1035 3896 1217 3966 πυρὸς
1241 3896 1341 3951 καὶ
1372 3896 1608 3962 ὕδατος,
1647 3896 1744 3950 καὶ
1776 3895 1916 3963 ἐξή-

328 4004 514 4055 γαγες
549 3986 709 4055 ἡμᾶς
740 3989 828 4052 εὶς
860 3985 1205 4056 ἀναψυχήν.

406 4079 526 4133 Ἴδε
557 4079 675 4146 τὴν
701 4079 1065 4131 ταπείνωσιν
1095 4096 1211 4147 μου
1252 4077 1353 4132 καὶ
1408 4078 1515 4131 τὸν
1562 4080 1751 4132 κόπον
1773 4095 1913 4147 μου,

328 4173 431 4227 καὶ
495 4172 647 4239 ἄρερ
700 4170 903 4236 πάσας
952 4169 1055 4235 τὰς
1095 4171 1383 4239 ἁμαρτίας
1428 4188 1567 4240 μου.
1611 4171 1723 4224 Ἴδε
1778 4169 1917 4236 τοὺς

327 4266 589 4334 ἐχθρούς
608 4281 747 4333 μου,
770 4263 858 4315 ὅτι
877 4263 1367 4329 ἐπληθύνθησαν,
1390 4263 1489 4315 καὶ
1506 4262 1687 4332 μῖσος
1708 4263 1918 4318 ἄδικον

326 4353 642 4425 ἐμίσησαν
671 4370 761 4423 με,
796 4353 1077 4416 Φύλαξον
1124 4352 1239 4421 τὴν
1264 4352 1478 4422 ψυχήν
1516 4372 1635 4423 μου
1680 4356 1779 4410 καὶ
1806 4356 1917 4424 ps-

329 4448 440 4502 σαί
466 4463 577 4516 με’
616 4444 701 4515 μὴ
742 4445 1274 4514 καταισχυνθείην,
1311 4445 1401 4499 ὅτι
1428 4444 1661 4513 ἤλπισα
1687 4447 1785 4500 ἐπὶ
1819 4446 1912 4502 σέ.

2022 1964 2148 2033 quia
2192 1964 2523 2034 colloquium
2574 1962 2807 2031 Domini,
2840 1970 3110 2018 secretum
3167 1978 3231 2017 ac
3277 1965 3596 2034 mysterium

2020 2054 2163 2123 ejus,
2192 2063 2381 2109 notum
2412 2054 2514 2125 ipsi
2545 2065 2683 2119 erat,
2716 2062 2845 2109 nota
2888 2056 3017 2109 item
3051 2071 3114 2109 ea
3147 2070 3269 2125 quae
3310 2056 3364 2111 in
3399 2054 3594 2111 Testa-

2020 2153 2205 2201 mento
2234 2147 2375 2216 ejus,
2396 2146 2449 2201 id
2473 2154 2583 2213 est,
2609 2146 2662 2200 in
2690 2147 2890 2202 divinis
2917 2146 3219 2217 Scripturis
3242 2149 3599 2204 continentur

2020 2239 2300 2309 mysteria.

2098 2327 2263 2385 Vsus.
2302 2330 2484 2385 15-17.
2541 2329 2696 2385 Oculi
2722 2331 2823 2384 mei
2893 2347 3093 2400 semper
3160 2330 3228 2383 ad
3283 2329 3591 2397 Dominum,

2020 2423 2269 2491 quoniam
2298 2424 2407 2492 ipse
2440 2423 2620 2478 evellet
2656 2424 2719 2477 de
2761 2424 2945 2494 laqueo
2978 2424 3130 2493 pedes
3175 2441 3337 2479 meos.
3378 2423 3600 2493 Respice

2022 2513 2074 2565 in
2105 2530 2185 2567 me
2224 2525 2270 2567 et
2319 2516 2563 2569 miserere
2612 2516 2734 2579 mei,
2781 2516 2905 2585 quia
2952 2516 3139 2570 unicus
3161 2525 3211 2569 et
3246 2531 3444 2585 pauper
3478 2533 3595 2570 sum

2020 2623 2131 2677 ego.
2175 2606 2565 2663 Tribulationes
2596 2608 2771 2663 cordis
2819 2609 2922 2664 mei
2961 2611 3330 2679 nmltiplicataz
3360 2621 3504 2677 sunt,
3530 2610 3597 2665 de

2022 2699 2420 2754 necessitatibus
2468 2700 2595 2755 meis
2639 2717 2761 2755 erue
2808 2718 2909 2755 me.
2965 2700 3083 2757 Non
3128 2703 3199 2758 ob
3251 2711 3401 2758 recte
3450 2702 3597 2759 facta

2020 2805 2185 2859 opera
2223 2793 2382 2860 quasi
2415 2791 2654 2847 debitam
2713 2794 2947 2851 salutem
2995 2796 3126 2849 mihi
3178 2798 3433 2867 postulo;
3468 2797 3597 2852 novi

2020 2880 2166 2936 enim
2196 2897 2302 2947 me,
2338 2884 2588 2952 quamvis
2614 2885 2796 2939 omnia
2827 2900 2926 2957 pro
2960 2885 3219 2942 facultate
3249 2890 3473 2959 egerim,
3498 2896 3599 2946 tuo

2021 2981 2206 3029 tamen
2252 2990 2413 3043 egere
2444 2977 2670 3033 auxilio.
2703 2976 3066 3042 Quamobrem
3095 2981 3288 3048 respice
3324 2982 3379 3036 in
3414 2999 3512 3046 me,
3544 2992 3597 3037 et

2021 3067 2266 3121 miserere
2282 3070 2400 3121 mei.
2420 3067 2550 3122 Nam
2571 3084 2655 3123 me
2672 3084 2984 3139 pauperem,
3008 3072 3158 3125 nulla
3173 3073 3367 3127 fultum
3382 3088 3505 3145 ope,
3528 3090 3593 3131 ac

2022 3160 2183 3214 saluti
2204 3159 2337 3213 mihi
2363 3160 2721 3230 procurandae
2744 3161 3005 3230 imparem
3024 3163 3159 3217 scio.
3178 3162 3463 3234 Proprium
3496 3181 3594 3220 au-

2022 3258 2133 3306 tem
2176 3250 2435 3307 omnibus
2485 3252 2594 3321 piis
2641 3267 2706 3307 ac
2737 3251 2847 3307 Deo
2898 3253 3093 3308 amicis
3136 3254 3270 3310 viris
3322 3264 3426 3318 est,
3472 3271 3596 3313 sese

2019 3344 2278 3399 aerumnis
2310 3344 2565 3415 alIligere,
2604 3346 2658 3399 in
2707 3347 3157 3411 necessitatibus,
3201 3348 3259 3402 in
3297 3352 3591 3418 angustiis,

2020 3436 2077 3491 in
2107 3437 2584 3507 persecutionibus
2609 3439 2855 3504 versari;
2888 3439 2984 3494 sed
3019 3439 3113 3512 qui
3141 3443 3214 3495 sit
3243 3457 3432 3498 eorum
3466 3445 3595 3501 ﬁnis

2020 3544 2129 3583 non
2175 3530 2427 3599 ignorant
2472 3545 2688 3599 :quare
2739 3530 2886 3585 illius
2928 3533 3256 3603 assequendi
3305 3550 3435 3605 ergo
3481 3535 3593 3592 Deo

2020 3624 2328 3693 supplicant
2374 3623 2458 3678 bis
2489 3624 2703 3686 verbis,
2745 3622 2809 3677 de
2849 3625 3246 3680 necessitatibus
3290 3629 3417 3681 meis
3467 3644 3595 3683 erue

2020 3732 2136 3782 me;
2171 3722 2245 3776 ut,
2272 3717 2543 3786 superatis
2576 3717 2693 3769 vitae
2712 3717 3589 3785 necessitatibus,calamitatibus,

2017 3808 2311 3872 aerumnis,
2357 3809 2541 3863 dicere
2595 3807 2888 3877 aliquando
2933 3809 3183 3879 possint:
3230 3813 3590 3867 Transivimus

2015 3914 2107 3968 per
2155 3902 2324 3970 ignem
2366 3909 2415 3954 et
2464 3916 2689 3970 aquam,
2736 3909 2784 3954 ct
2832 3899 3062 3955 eduxisti
3118 3919 3211 3956 nos
3265 3905 3318 3958 in
3367 3905 3588 3976 refrige-

2017 3994 2157 4047 rium
2183 3994 2251 4048 ³⁸.

2090 4084 2253 4140 Vens.
2304 4085 2488 4140 18-20.
2567 4086 2694 4141 Vide
2758 4089 3107 4143 humilitatem
3167 4106 3338 4144 meam
3392 4101 3443 4145 et
3503 4093 3589 4146 la-

2018 4176 2194 4231 borem
2222 4194 2414 4242 meum,
2432 4188 2480 4231 et
2503 4177 2711 4232 dimitte
2740 4180 2985 4233 universa
3007 4179 3199 4233 delicta
3223 4197 3359 4237 mea.
3376 4180 3594 4252 Respice

2018 4267 2258 4322 inimicos
2292 4284 2432 4321 meos
2485 4270 2736 4337 quoniam
2786 4269 3127 4338 multiplicati
3170 4281 3323 4337 sunt,
3367 4284 3417 4326 et
3469 4273 3590 4327 odio

2016 4362 2195 4431 iniquo
2229 4360 2451 4415 oderunt
2490 4378 2589 4415 me.
2635 4360 2858 4416 Custodi
2900 4363 3132 4416 animam
3168 4380 3337 4417 meam
3388 4375 3437 4419 et
3468 4382 3595 4421 erue

2016 4469 2136 4507 me:
2169 4468 2275 4506 non
2308 4454 2613 4507 erubescam
2636 4454 2885 4522 quoniam
2916 4454 3119 4520 speravi
3148 4455 3203 4507 in
3236 4464 3304 4509 te.
3332 4454 3486 4522 Quod
3520 4456 3589 4510 ad

328 4540 412 4593 Τὰ
442 4540 542 4611 μὲν
575 4540 705 4609 παρ’
736 4538 871 4608 ἐμοῦ
904 4535 1280 4602 σπουδάζεται,
1312 4537 1381 4590 τὰ
1410 4538 1466 4590 δὲ
1504 4537 1656 4609 παρὰ
1699 4537 1793 4591 σοῦ
1818 4556 1914 4592 τυ-

2020 4559 2107 4599 me
2161 4551 2392 4614 spectat,
2447 4546 2875 4601 sollicitudinem
2922 4546 3028 4601 mci
3060 4562 3226 4617 gero;
3278 4547 3373 4603 sed
3428 4563 3586 4618 opem

326 4636 447 4701 νεῖν
472 4629 631 4695 ἀξιῶ.
675 4628 813 4698 Ἐγὼ
835 4629 933 4699 μὲν
953 4625 1046 4681 οὖν
1077 4628 1309 4699 ἐμαυτὸν
1341 4628 1574 4693 κολάζω,
1607 4630 1701 4682 καὶ
1725 4630 1914 4702 ὧσπερ

326 4725 488 4793 δίκην
533 4722 1028 4792 είσπρατττόμενος
1077 4714 1153 4774 ὧν
1186 4720 1449 4792 πρότερον
1494 4720 1913 4793 ὲπλημμέλησα,

328 4815 570 4887 ἐμαυτὸν
588 4813 955 4885 τιμωροῦμαι,
985 4812 1255 4867 ταπεινῶν
1284 4813 1518 4883 ἐμαυτὸν
1533 4815 1588 4866 ἐν
1602 4814 1789 4879 κόποις
1822 4816 1917 4869 καὶ

328 4908 623 4971 πόνοις·σὺ
662 4907 744 4971 δὲ,
775 4908 804 4959 ὁ
827 4906 982 4971 Θεὸς,
1011 4900 1099 4959 οἷά
1132 4922 1217 4968 τις
1259 4905 1743 4975 ἀγωνοθέτης,οτὸν
1785 4908 1917 4978 ἐμὸν

328 4999 521 5067 ἀγῶνα
532 4997 754 5068 θεωρῶν
773 4998 1005 5060 καὶτοὺς
1021 4997 1185 5067 εμοὺς
1198 4995 1497 5065 καμάτους,
1513 4996 1654 5049 δίδου
1670 4996 1766 5068 τὴν
1786 4997 1917 5067 ἄφε-

330 5108 419 5144 σιν
445 5090 559 5143 τῶν
591 5087 1131 5159 ἁμαρτημάτων,καὶ
1171 5084 1557 5156 συγχώρειόσα
1574 5084 1794 5141 πώποτε
1810 5087 1917 5140 διε-

330 5180 634 5254 πραξάμην
666 5182 723 5233 ὲν
752 5179 1066 5251 ἁμαρτίαις.
1110 5178 1269 5231 Ἀλλὰ
1302 5177 1394 5230 καὶ
1423 5176 1756 5247 θεασάμενος
1788 5179 1915 5243 τοὺς

330 5276 503 5345 ἐμοὺς
530 5274 759 5345 ἐχθροὺς
802 5273 989 5327 ὁπόσοι
1014 5272 1165 5334 ὄντες
1196 5270 1569 5333 ἐπεϐούλευον,
1602 5273 1694 5323 καὶ
1723 5272 1797 5335 ὡς
1827 5275 1915 5343 μῖ-

330 5386 424 5431 σος
450 5368 641 5422 ἄδικον
665 5365 932 5437 ὲμίσησάν
960 5382 1048 5436 με,
1067 5363 1240 5433 φύλαξ
1261 5362 1419 5433 γενϋῦ
1434 5361 1532 5432 τῆς
1561 5362 1698 5433 ὲμῆς
1717 5363 1923 5435 ψυχῆς,

400 5524 449 5554 ³⁸
504 5519 653 5576 Psal.
686 5537 829 5585 va,
869 5520 955 5574 1‘2.

401 5680 481 5747 (i)
525 5676 795 5747 Hebraica
828 5683 955 5732 sunt
1020 5684 1139 5735 mn,
1161 5684 1254 5734 ἠε
1277 5716 1290 5737 ,
1346 5689 1375 5727 a
1410 5672 1753 5728 Theodoreto
1785 5687 1907 5747 _au-

332 5744 442 5805 tem
464 5744 655 5804 lectio
707 5746 1018 5818 Symmachi
1050 5749 1130 5801 sic
1157 5748 1413 5806 atl'ertur,
1443 5747 1736 5818 μυστήριον
1785 5744 1899 5794 Κυ-

336 5824 474 5893 ρίου.
513 5818 652 5887 Quae.
682 5811 885 5890 pariter
906 5816 1294 5874 Theodotionis
1324 5811 1454 5871 esse
1476 5811 1675 5869 ibidem
1712 5811 1903 5869 fertur.

2017 4636 2251 4705 imploro
2277 4644 2446 4691 tuam.
2476 4636 2590 4707 Ego
2618 4632 3243 4709 quidem'memctipsum
3275 4641 3501 4711 castigo,
3533 4649 3589 4695 et

2017 4726 2175 4796 quasi
2231 4728 2559 4799 supplicium
2623 4730 2692 4784 de
2748 4731 2994 4800 pristinis
3047 4732 3262 4787 delictis
3325 4748 3584 4796 sumens,

2020 4820 2259 4875 ulciscor
2292 4822 2596 4892 meipsum,
2650 4838 2738 4877 me
2779 4823 3050 4891 abjectum
3098 4823 3378 4878 laboribus
3425 4815 3589 4893 atque

2019 4910 2279 4965 aerumnis
2315 4912 2611 4967 constituo.
2641 4911 2724 4966 Tu
2744 4928 2894 4978 vero,
2919 4913 3083 4976 Deus,
3115 4930 3216 4970 ceu
3252 4915 3377 4983 quis
3411 4924 3588 4969 certa-

2023 5003 2230 5058 minum
2260 5004 2574 5075 praefectus,
2607 5011 2661 5060 et
2690 5021 2928 5075 pugnam
2958 5014 3011 5061 et
3034 5008 3247 5063 labores
3274 5021 3424 5062 meos
3454 5022 3590 5060 con-

2016 5093 2343 5162 templatus,
2374 5095 2590 5149 veniam
2622 5110 2840 5164 quaaso,
2883 5096 3150 5150 scelerum
3199 5095 3505 5161 concedito,
3534 5104 3588 5151 et

2016 5196 2358 5252 quascunque
2386 5183 2442 5236 in
2482 5185 2724 5253 peccatis
2769 5184 2913 5238 edidi
2956 5184 3238 5237 remittilo.
3272 5181 3379 5237 Sed
3420 5184 3584 5238 etiam

2019 5273 2273 5329 inimicos
2324 5289 2474 5329 meos
2508 5274 2880 5344 conspicatus,
2914 5282 3046 5344 quot
3082 5273 3330 5328 videlicet
3358 5290 3587 5330 numero

2016 5365 2246 5421 insidias
2270 5365 2405 5419 mihi
2437 5373 2649 5436 parent,
2685 5372 2740 5421 et
2775 5366 2920 5436 quod
2955 5381 3041 5421 me
3072 5365 3199 5420 odio
3234 5365 3421 5437 iniquo
3464 5382 3584 5438 per-

2014 5671 2124 5727 Nos
2149 5673 2417 5727 saniorem
2444 5673 2729 5729 lectionem
2758 5689 2823 5729 ex
2854 5692 2987 5734 mss.
3020 5680 3295 5749 omnibus,
3358 5700 3469 5739 uno
3492 5700 3591 5742 ex-

2002 5752 2198 5813 cepto,
2240 5750 2574 5797 mutuamur.
