  <div class='ocr_page' id='page_1' title='image "/cluster/home/n/w/nwhite01/storage/ocr_20150623/23/nnc1.0046978313/131.png"; bbox 0 0 4094 6378; ppageno 0'>
   <div class='ocr_carea' id='block_1_1' title="bbox 440 336 540 390">
    <p class='ocr_par' dir='ltr' id='par_1_1' title="bbox 440 336 540 390">
     <span class='ocr_line' id='line_1_1' title="bbox 440 336 540 390; baseline 0.01 -1"><span class='ocrx_word' id='word_1_1' title='bbox 440 336 540 390; x_wconf 70' lang='lat'><strong>231</strong></span> 
     </span>
    </p>
   </div>
   <div class='ocr_carea' id='block_1_2' title="bbox 1151 326 2991 387">
    <p class='ocr_par' dir='ltr' id='par_1_2' title="bbox 1151 326 2991 387">
     <span class='ocr_line' id='line_1_2' title="bbox 1151 326 2991 387; baseline 0.001 -4"><span class='ocrx_word' id='word_1_2' title='bbox 1151 328 1418 387; x_wconf 78' lang='lat' dir='ltr'><strong>EUSEBII</strong></span> <span class='ocrx_word' id='word_1_3' title='bbox 1451 326 1931 385; x_wconf 69' lang='lat' dir='ltr'><strong>CAESARIENSIS</strong></span> <span class='ocrx_word' id='word_1_4' title='bbox 1963 327 2116 385; x_wconf 88' lang='lat' dir='ltr'><strong>OPP.</strong></span> <span class='ocrx_word' id='word_1_5' title='bbox 2157 327 2337 384; x_wconf 81' lang='lat' dir='ltr'><strong>PARS</strong></span> <span class='ocrx_word' id='word_1_6' title='bbox 2374 327 2541 384; x_wconf 85' lang='lat' dir='ltr'><strong>lll.—-</strong></span> <span class='ocrx_word' id='word_1_7' title='bbox 2577 326 2991 384; x_wconf 77' lang='lat' dir='ltr'><strong>EXEGETICA.</strong></span> 
     </span>
    </p>
   </div>
   <div class='ocr_carea' id='block_1_3' title="bbox 3593 328 3700 382">
    <p class='ocr_par' dir='ltr' id='par_1_3' title="bbox 3593 328 3700 382">
     <span class='ocr_line' id='line_1_3' title="bbox 3593 328 3700 382; baseline -0.019 1"><span class='ocrx_word' id='word_1_8' title='bbox 3593 328 3700 382; x_wconf 67' lang='lat'><strong>232</strong></span> 
     </span>
    </p>
   </div>
   <div class='ocr_carea' id='block_1_4' title="bbox 455 443 2031 521">
    <p class='ocr_par' dir='ltr' id='par_1_4' title="bbox 455 446 2025 521">
     <span class='ocr_line' id='line_1_4' title="bbox 455 446 2025 521; baseline -0.002 -16"><span class='ocrx_word' id='word_1_9' title='bbox 455 459 782 521; x_wconf 73' lang='lat' dir='ltr'><strong>sequantur,</strong></span> <span class='ocrx_word' id='word_1_10' title='bbox 812 454 1001 505; x_wconf 90' lang='lat' dir='ltr'><strong>custos</strong></span> <span class='ocrx_word' id='word_1_11' title='bbox 1032 456 1149 503; x_wconf 89' lang='lat' dir='ltr'><strong>esto</strong></span> <span class='ocrx_word' id='word_1_12' title='bbox 1181 448 1377 502; x_wconf 73' lang='lat' dir='ltr'><strong>animae</strong></span> <span class='ocrx_word' id='word_1_13' title='bbox 1424 462 1578 513; x_wconf 74' lang='lat' dir='ltr'><strong>meae,</strong></span> <span class='ocrx_word' id='word_1_14' title='bbox 1619 454 1675 503; x_wconf 88' lang='lat' dir='ltr'><strong>et</strong></span> <span class='ocrx_word' id='word_1_15' title='bbox 1722 446 1793 502; x_wconf 88' lang='lat' dir='ltr'><strong>ab</strong></span> <span class='ocrx_word' id='word_1_16' title='bbox 1840 447 2025 502; x_wconf 87' lang='lat' dir='ltr'><strong>inimi-</strong></span> 
     </span>
    </p>
   </div>
   <div class='ocr_carea' id='block_1_5' title="bbox 2133 443 3703 521">
    <p class='ocr_par' dir='ltr' id='par_1_5' title="bbox 2133 443 3703 519">
     <span class='ocr_line' id='line_1_5' title="bbox 2133 443 3703 519; baseline -0.003 -18"><span class='ocrx_word' id='word_1_17' title='bbox 2133 448 2220 501; x_wconf 79' lang='grc' dir='ltr'><strong>καὶ</strong></span> <span class='ocrx_word' id='word_1_18' title='bbox 2247 447 2408 519; x_wconf 79' lang='grc' dir='ltr'>ῥῦσαί</span> <span class='ocrx_word' id='word_1_19' title='bbox 2440 464 2508 518; x_wconf 90' lang='grc' dir='ltr'><strong>με</strong></span> <span class='ocrx_word' id='word_1_20' title='bbox 2544 448 2644 518; x_wconf 83' lang='grc' dir='ltr'><strong>τῆς</strong></span> <span class='ocrx_word' id='word_1_21' title='bbox 2664 448 2772 501; x_wconf 83' lang='grc' dir='ltr'><strong>τῶν</strong></span> <span class='ocrx_word' id='word_1_22' title='bbox 2803 448 3079 519; x_wconf 81' lang='grc' dir='ltr'>πολεμίων</span> <span class='ocrx_word' id='word_1_23' title='bbox 3107 446 3417 516; x_wconf 84' lang='grc' dir='ltr'>ἐπιϐουλῆς.</span> <span class='ocrx_word' id='word_1_24' title='bbox 3453 443 3703 497; x_wconf 75' lang='grc' dir='ltr'><strong>Τοσαῦτα</strong></span> 
     </span>
    </p>
   </div>
   <div class='ocr_carea' id='block_1_6' title="bbox 446 540 2017 611">
    <p class='ocr_par' dir='ltr' id='par_1_6' title="bbox 446 540 2017 611">
     <span class='ocr_line' id='line_1_6' title="bbox 446 540 2017 611; baseline -0.002 -13"><span class='ocrx_word' id='word_1_25' title='bbox 446 559 639 598; x_wconf 85' lang='lat' dir='ltr'><strong>eorum</strong></span> <span class='ocrx_word' id='word_1_26' title='bbox 694 543 910 597; x_wconf 85' lang='lat' dir='ltr'><strong>insidiis</strong></span> <span class='ocrx_word' id='word_1_27' title='bbox 955 557 1086 597; x_wconf 90' lang='lat' dir='ltr'><strong>erue</strong></span> <span class='ocrx_word' id='word_1_28' title='bbox 1134 555 1241 597; x_wconf 92' lang='lat' dir='ltr'><strong>me.</strong></span> <span class='ocrx_word' id='word_1_29' title='bbox 1281 540 1378 596; x_wconf 90' lang='lat' dir='ltr'><strong>His</strong></span> <span class='ocrx_word' id='word_1_30' title='bbox 1424 555 1591 611; x_wconf 87' lang='lat' dir='ltr'><strong>porro</strong></span> <span class='ocrx_word' id='word_1_31' title='bbox 1637 545 1838 611; x_wconf 90' lang='lat' dir='ltr'><strong>gestis,</strong></span> <span class='ocrx_word' id='word_1_32' title='bbox 1888 541 2017 595; x_wconf 85' lang='lat' dir='ltr'><strong>tali-</strong></span> 
     </span>
    </p>
   </div>
   <div class='ocr_carea' id='block_1_7' title="bbox 447 630 2015 705">
    <p class='ocr_par' dir='ltr' id='par_1_7' title="bbox 447 630 2015 705">
     <span class='ocr_line' id='line_1_7' title="bbox 447 630 2015 705; baseline -0.002 -15"><span class='ocrx_word' id='word_1_33' title='bbox 447 636 662 705; x_wconf 82' lang='lat' dir='ltr'><strong>busque</strong></span> <span class='ocrx_word' id='word_1_34' title='bbox 693 634 949 704; x_wconf 84' lang='lat' dir='ltr'><strong>precibus</strong></span> <span class='ocrx_word' id='word_1_35' title='bbox 989 632 1241 697; x_wconf 86' lang='lat' dir='ltr'><strong>emissis,</strong></span> <span class='ocrx_word' id='word_1_36' title='bbox 1289 647 1358 687; x_wconf 90' lang='lat' dir='ltr'><strong>ne</strong></span> <span class='ocrx_word' id='word_1_37' title='bbox 1407 631 1714 686; x_wconf 81' lang='lat' dir='ltr'><strong>confundar</strong></span> <span class='ocrx_word' id='word_1_38' title='bbox 1760 630 2015 702; x_wconf 76' lang='lat' dir='ltr'><strong>elﬂagito.</strong></span> 
     </span>
    </p>
   </div>
   <div class='ocr_carea' id='block_1_8' title="bbox 443 725 2017 797">
    <p class='ocr_par' dir='ltr' id='par_1_8' title="bbox 443 725 2017 797">
     <span class='ocr_line' id='line_1_8' title="bbox 443 725 2017 797; baseline -0.003 -14"><span class='ocrx_word' id='word_1_39' title='bbox 443 726 583 783; x_wconf 88' lang='lat' dir='ltr'><strong>Cum</strong></span> <span class='ocrx_word' id='word_1_40' title='bbox 615 728 760 783; x_wconf 90' lang='lat' dir='ltr'><strong>enim</strong></span> <span class='ocrx_word' id='word_1_41' title='bbox 791 735 844 782; x_wconf 90' lang='lat' dir='ltr'><strong>te</strong></span> <span class='ocrx_word' id='word_1_42' title='bbox 874 741 1025 797; x_wconf 86' lang='lat' dir='ltr'><strong>spem</strong></span> <span class='ocrx_word' id='word_1_43' title='bbox 1058 740 1236 779; x_wconf 86' lang='lat' dir='ltr'><strong>meam</strong></span> <span class='ocrx_word' id='word_1_44' title='bbox 1268 726 1669 789; x_wconf 89' lang='lat' dir='ltr'><strong>constituerim,</strong></span> <span class='ocrx_word' id='word_1_45' title='bbox 1701 726 1870 793; x_wconf 89' lang='lat' dir='ltr'><strong>probe</strong></span> <span class='ocrx_word' id='word_1_46' title='bbox 1902 725 2017 779; x_wconf 89' lang='lat' dir='ltr'><strong>scio</strong></span> 
     </span>
    </p>
   </div>
   <div class='ocr_carea' id='block_1_9' title="bbox 447 820 1953 892">
    <p class='ocr_par' dir='ltr' id='par_1_9' title="bbox 447 820 1953 892">
     <span class='ocr_line' id='line_1_9' title="bbox 447 820 1953 892; baseline -0.001 -17"><span class='ocrx_word' id='word_1_47' title='bbox 447 837 511 875; x_wconf 88' lang='lat' dir='ltr'><strong>ac</strong></span> <span class='ocrx_word' id='word_1_48' title='bbox 540 837 862 892; x_wconf 87' lang='lat' dir='ltr'><strong>persuasum</strong></span> <span class='ocrx_word' id='word_1_49' title='bbox 894 821 1088 882; x_wconf 88' lang='lat' dir='ltr'><strong>habeo,</strong></span> <span class='ocrx_word' id='word_1_50' title='bbox 1124 820 1269 889; x_wconf 90' lang='lat' dir='ltr'><strong>quod</strong></span> <span class='ocrx_word' id='word_1_51' title='bbox 1309 837 1435 891; x_wconf 93' lang='lat' dir='ltr'><strong>spes</strong></span> <span class='ocrx_word' id='word_1_52' title='bbox 1460 836 1567 875; x_wconf 91' lang='lat' dir='ltr'><strong>non</strong></span> <span class='ocrx_word' id='word_1_53' title='bbox 1632 820 1953 874; x_wconf 83' lang='lat' dir='ltr'><strong>confundat.</strong></span> 
     </span>
    </p>
   </div>
   <div class='ocr_carea' id='block_1_10' title="bbox 519 911 2020 978">
    <p class='ocr_par' dir='ltr' id='par_1_10' title="bbox 519 911 2020 978">
     <span class='ocr_line' id='line_1_10' title="bbox 519 911 2020 978; baseline -0.003 -10"><span class='ocrx_word' id='word_1_54' title='bbox 519 914 685 968; x_wconf 70' lang='lat' dir='ltr'><strong>Vens.</strong></span> <span class='ocrx_word' id='word_1_55' title='bbox 738 914 802 967; x_wconf 75' lang='lat' dir='ltr'><strong>2i</strong></span> <span class='ocrx_word' id='word_1_56' title='bbox 834 953 848 978; x_wconf 94' lang='lat'><strong>,</strong></span> <span class='ocrx_word' id='word_1_57' title='bbox 896 912 988 968; x_wconf 73' lang='grc'><strong>22.</strong></span> <span class='ocrx_word' id='word_1_58' title='bbox 1040 911 1349 966; x_wconf 84' lang='lat' dir='ltr'><strong>Innocenles</strong></span> <span class='ocrx_word' id='word_1_59' title='bbox 1406 921 1455 966; x_wconf 89' lang='lat' dir='ltr'><strong>et</strong></span> <span class='ocrx_word' id='word_1_60' title='bbox 1506 912 1634 965; x_wconf 86' lang='lat' dir='ltr'><strong>recti</strong></span> <span class='ocrx_word' id='word_1_61' title='bbox 1686 912 2020 965; x_wconf 72' lang='lat' dir='ltr'><strong>adhwserunt</strong></span> 
     </span>
    </p>
   </div>
   <div class='ocr_carea' id='block_1_11' title="bbox 450 1003 2024 1076">
    <p class='ocr_par' dir='ltr' id='par_1_11' title="bbox 450 1003 2024 1076">
     <span class='ocr_line' id='line_1_11' title="bbox 450 1003 2024 1076; baseline -0.003 -16"><span class='ocrx_word' id='word_1_62' title='bbox 450 1008 595 1071; x_wconf 79' lang='lat' dir='ltr'><strong>mihi,</strong></span> <span class='ocrx_word' id='word_1_63' title='bbox 630 1008 755 1076; x_wconf 84' lang='lat' dir='ltr'><strong>quia</strong></span> <span class='ocrx_word' id='word_1_64' title='bbox 790 1008 1019 1061; x_wconf 77' lang='lat' dir='ltr'><strong>sustinui</strong></span> <span class='ocrx_word' id='word_1_65' title='bbox 1065 1016 1128 1060; x_wconf 91' lang='lat' dir='ltr'><strong>te.</strong></span> <span class='ocrx_word' id='word_1_66' title='bbox 1168 1005 1381 1069; x_wconf 87' lang='lat' dir='ltr'><strong>Libera,</strong></span> <span class='ocrx_word' id='word_1_67' title='bbox 1415 1004 1577 1069; x_wconf 88' lang='lat' dir='ltr'><strong>Deus,</strong></span> <span class='ocrx_word' id='word_1_68' title='bbox 1614 1003 1788 1059; x_wconf 79' lang='lat' dir='ltr'><strong>Israel</strong></span> <span class='ocrx_word' id='word_1_69' title='bbox 1817 1019 1881 1058; x_wconf 76' lang='lat' dir='ltr'><strong>ea:</strong></span> <span class='ocrx_word' id='word_1_70' title='bbox 1910 1020 2024 1058; x_wconf 92' lang='lat' dir='ltr'><strong>om-</strong></span> 
     </span>
    </p>
   </div>
   <div class='ocr_carea' id='block_1_12' title="bbox 449 1096 2021 1167">
    <p class='ocr_par' dir='ltr' id='par_1_12' title="bbox 449 1096 2021 1167">
     <span class='ocr_line' id='line_1_12' title="bbox 449 1096 2021 1167; baseline -0.003 -13"><span class='ocrx_word' id='word_1_71' title='bbox 449 1099 602 1154; x_wconf 91' lang='lat' dir='ltr'><strong>nibus</strong></span> <span class='ocrx_word' id='word_1_72' title='bbox 633 1099 1068 1152; x_wconf 78' lang='lat' dir='ltr'><strong>tribulationibus</strong></span> <span class='ocrx_word' id='word_1_73' title='bbox 1102 1099 1233 1151; x_wconf 84' lang='lat' dir='ltr'><strong>suis.</strong></span> <span class='ocrx_word' id='word_1_74' title='bbox 1268 1096 1382 1153; x_wconf 90' lang='lat' dir='ltr'><strong>lloc</strong></span> <span class='ocrx_word' id='word_1_75' title='bbox 1415 1112 1445 1150; x_wconf 92' lang='lat' dir='ltr'><strong>a</strong></span> <span class='ocrx_word' id='word_1_76' title='bbox 1476 1113 1563 1152; x_wconf 90' lang='lat' dir='ltr'><strong>me</strong></span> <span class='ocrx_word' id='word_1_77' title='bbox 1605 1105 1817 1167; x_wconf 85' lang='lat' dir='ltr'><strong>gestum</strong></span> <span class='ocrx_word' id='word_1_78' title='bbox 1860 1111 2021 1166; x_wconf 90' lang='lat' dir='ltr'><strong>opus,</strong></span> 
     </span>
    </p>
   </div>
   <div class='ocr_carea' id='block_1_13' title="bbox 450 1188 2024 1261">
    <p class='ocr_par' dir='ltr' id='par_1_13' title="bbox 450 1188 2024 1261">
     <span class='ocr_line' id='line_1_13' title="bbox 450 1188 2024 1261; baseline -0.003 -14"><span class='ocrx_word' id='word_1_79' title='bbox 450 1207 575 1247; x_wconf 89' lang='lat' dir='ltr'><strong>cum</strong></span> <span class='ocrx_word' id='word_1_80' title='bbox 620 1192 830 1246; x_wconf 72' lang='lat' dir='ltr'><strong>caeteris</strong></span> <span class='ocrx_word' id='word_1_81' title='bbox 886 1191 1166 1254; x_wconf 88' lang='lat' dir='ltr'><strong>collatum,</strong></span> <span class='ocrx_word' id='word_1_82' title='bbox 1220 1204 1577 1261; x_wconf 89' lang='lat' dir='ltr'><strong>permagnum</strong></span> <span class='ocrx_word' id='word_1_83' title='bbox 1629 1188 1754 1252; x_wconf 81' lang='lat' dir='ltr'><strong>fuit,</strong></span> <span class='ocrx_word' id='word_1_84' title='bbox 1814 1188 2024 1258; x_wconf 84' lang='lat' dir='ltr'><strong>tibique</strong></span> 
     </span>
    </p>
   </div>
   <div class='ocr_carea' id='block_1_14' title="bbox 451 1281 2021 1354">
    <p class='ocr_par' dir='ltr' id='par_1_14' title="bbox 451 1281 2021 1354">
     <span class='ocr_line' id='line_1_14' title="bbox 451 1281 2021 1354; baseline -0.002 -17"><span class='ocrx_word' id='word_1_85' title='bbox 451 1284 562 1341; x_wconf 91' lang='lat' dir='ltr'><strong>Deo</strong></span> <span class='ocrx_word' id='word_1_86' title='bbox 594 1292 877 1354; x_wconf 89' lang='lat' dir='ltr'><strong>acceptum</strong></span> <span class='ocrx_word' id='word_1_87' title='bbox 903 1301 917 1349; x_wconf 92' lang='lat'><strong>;</strong></span> <span class='ocrx_word' id='word_1_88' title='bbox 953 1283 1138 1337; x_wconf 91' lang='lat' dir='ltr'><strong>multis</strong></span> <span class='ocrx_word' id='word_1_89' title='bbox 1168 1282 1314 1335; x_wconf 89' lang='lat' dir='ltr'><strong>enim</strong></span> <span class='ocrx_word' id='word_1_90' title='bbox 1343 1281 1653 1350; x_wconf 78' lang='lat' dir='ltr'><strong>exemplum</strong></span> <span class='ocrx_word' id='word_1_91' title='bbox 1697 1282 2021 1346; x_wconf 45' lang='lat' dir='ltr'><strong>tolerantiae,</strong></span> 
     </span>
    </p>
   </div>
   <div class='ocr_carea' id='block_1_15' title="bbox 451 1372 2021 1446">
    <p class='ocr_par' dir='ltr' id='par_1_15' title="bbox 451 1372 2021 1446">
     <span class='ocr_line' id='line_1_15' title="bbox 451 1372 2021 1446; baseline -0.004 -13"><span class='ocrx_word' id='word_1_92' title='bbox 451 1379 575 1433; x_wconf 66' lang='lat' dir='ltr'><strong>vita:</strong></span> <span class='ocrx_word' id='word_1_93' title='bbox 617 1376 823 1446; x_wconf 81' lang='lat' dir='ltr'><strong>probae,</strong></span> <span class='ocrx_word' id='word_1_94' title='bbox 872 1374 1208 1445; x_wconf 76' lang='lat' dir='ltr'><strong>pwnitentiae</strong></span> <span class='ocrx_word' id='word_1_95' title='bbox 1262 1381 1317 1427; x_wconf 90' lang='lat' dir='ltr'><strong>et</strong></span> <span class='ocrx_word' id='word_1_96' title='bbox 1372 1372 1740 1428; x_wconf 79' lang='lat' dir='ltr'><strong>confessionis</strong></span> <span class='ocrx_word' id='word_1_97' title='bbox 1794 1373 2021 1428; x_wconf 81' lang='lat' dir='ltr'><strong>exstiti:</strong></span> 
     </span>
    </p>
   </div>
   <div class='ocr_carea' id='block_1_16' title="bbox 453 1463 2025 1536">
    <p class='ocr_par' dir='ltr' id='par_1_16' title="bbox 453 1463 2025 1536">
     <span class='ocr_line' id='line_1_16' title="bbox 453 1463 2025 1536; baseline -0.001 -17"><span class='ocrx_word' id='word_1_98' title='bbox 453 1474 784 1536; x_wconf 84' lang='lat' dir='ltr'><strong>quapropter</strong></span> <span class='ocrx_word' id='word_1_99' title='bbox 827 1466 1148 1519; x_wconf 86' lang='lat' dir='ltr'><strong>innocentes</strong></span> <span class='ocrx_word' id='word_1_100' title='bbox 1183 1472 1235 1517; x_wconf 91' lang='lat' dir='ltr'><strong>ct</strong></span> <span class='ocrx_word' id='word_1_101' title='bbox 1280 1465 1413 1517; x_wconf 88' lang='lat' dir='ltr'><strong>recti</strong></span> <span class='ocrx_word' id='word_1_102' title='bbox 1464 1463 1569 1516; x_wconf 86' lang='lat' dir='ltr'><strong>viri</strong></span> <span class='ocrx_word' id='word_1_103' title='bbox 1602 1463 1735 1517; x_wconf 88' lang='lat' dir='ltr'><strong>mihi</strong></span> <span class='ocrx_word' id='word_1_104' title='bbox 1770 1479 1870 1517; x_wconf 93' lang='lat' dir='ltr'><strong>ceu</strong></span> <span class='ocrx_word' id='word_1_105' title='bbox 1901 1463 2025 1533; x_wconf 84' lang='lat' dir='ltr'><strong>glu-</strong></span> 
     </span>
    </p>
   </div>
   <div class='ocr_carea' id='block_1_17' title="bbox 452 1555 2026 1624">
    <p class='ocr_par' dir='ltr' id='par_1_17' title="bbox 452 1555 2026 1624">
     <span class='ocr_line' id='line_1_17' title="bbox 452 1555 2026 1624; baseline -0.002 -14"><span class='ocrx_word' id='word_1_106' title='bbox 452 1558 567 1610; x_wconf 90' lang='lat' dir='ltr'><strong>tine</strong></span> <span class='ocrx_word' id='word_1_107' title='bbox 618 1555 899 1624; x_wconf 83' lang='lat' dir='ltr'><strong>conjuncti</strong></span> <span class='ocrx_word' id='word_1_108' title='bbox 943 1555 1309 1619; x_wconf 63' lang='lat' dir='ltr'><strong>adhaeserunt,</strong></span> <span class='ocrx_word' id='word_1_109' title='bbox 1357 1569 1647 1624; x_wconf 91' lang='lat' dir='ltr'><strong>meumque</strong></span> <span class='ocrx_word' id='word_1_110' title='bbox 1690 1555 2026 1608; x_wconf 88' lang='lat' dir='ltr'><strong>consortium</strong></span> 
     </span>
    </p>
   </div>
   <div class='ocr_carea' id='block_1_18' title="bbox 454 1643 2027 1716">
    <p class='ocr_par' dir='ltr' id='par_1_18' title="bbox 454 1643 2027 1716">
     <span class='ocr_line' id='line_1_18' title="bbox 454 1643 2027 1716; baseline -0.002 -14"><span class='ocrx_word' id='word_1_111' title='bbox 454 1647 869 1716; x_wconf 79' lang='lat' dir='ltr'><strong>expetiverunt;</strong></span> <span class='ocrx_word' id='word_1_112' title='bbox 897 1647 1046 1700; x_wconf 85' lang='lat' dir='ltr'><strong>nulla</strong></span> <span class='ocrx_word' id='word_1_113' title='bbox 1077 1660 1209 1700; x_wconf 91' lang='lat' dir='ltr'><strong>sane</strong></span> <span class='ocrx_word' id='word_1_114' title='bbox 1239 1646 1342 1698; x_wconf 88' lang='lat' dir='ltr'><strong>alia</strong></span> <span class='ocrx_word' id='word_1_115' title='bbox 1372 1643 1439 1699; x_wconf 91' lang='lat' dir='ltr'><strong>de</strong></span> <span class='ocrx_word' id='word_1_116' title='bbox 1472 1660 1661 1709; x_wconf 87' lang='lat' dir='ltr'><strong>causa,</strong></span> <span class='ocrx_word' id='word_1_117' title='bbox 1706 1660 1868 1715; x_wconf 84' lang='lat' dir='ltr'><strong>quam</strong></span> <span class='ocrx_word' id='word_1_118' title='bbox 1899 1644 2027 1714; x_wconf 90' lang='lat' dir='ltr'><strong>quia</strong></span> 
     </span>
    </p>
   </div>
   <div class='ocr_carea' id='block_1_19' title="bbox 462 1736 2026 1811">
    <p class='ocr_par' dir='ltr' id='par_1_19' title="bbox 462 1736 2026 1811">
     <span class='ocr_line' id='line_1_19' title="bbox 462 1736 2026 1811; baseline -0.004 -18"><span class='ocrx_word' id='word_1_119' title='bbox 462 1740 866 1811; x_wconf 87' lang='lat' dir='ltr'><strong>perseverando</strong></span> <span class='ocrx_word' id='word_1_120' title='bbox 897 1738 1156 1803; x_wconf 87' lang='lat' dir='ltr'><strong>sustinui,</strong></span> <span class='ocrx_word' id='word_1_121' title='bbox 1189 1746 1243 1791; x_wconf 90' lang='lat' dir='ltr'><strong>et</strong></span> <span class='ocrx_word' id='word_1_122' title='bbox 1274 1736 1405 1789; x_wconf 80' lang='lat' dir='ltr'><strong>nihil</strong></span> <span class='ocrx_word' id='word_1_123' title='bbox 1429 1752 1536 1790; x_wconf 91' lang='lat' dir='ltr'><strong>non</strong></span> <span class='ocrx_word' id='word_1_124' title='bbox 1561 1750 1855 1804; x_wconf 87' lang='lat' dir='ltr'><strong>perpessus</strong></span> <span class='ocrx_word' id='word_1_125' title='bbox 1883 1750 2026 1798; x_wconf 91' lang='lat' dir='ltr'><strong>sum,</strong></span> 
     </span>
    </p>
   </div>
   <div class='ocr_carea' id='block_1_20' title="bbox 2122 537 3701 611">
    <p class='ocr_par' dir='ltr' id='par_1_20' title="bbox 2122 537 3701 611">
     <span class='ocr_line' id='line_1_20' title="bbox 2122 537 3701 611; baseline -0.003 -18"><span class='ocrx_word' id='word_1_126' title='bbox 2122 541 2180 593; x_wconf 81' lang='grc' dir='ltr'>δὲ</span> <span class='ocrx_word' id='word_1_127' title='bbox 2211 540 2426 611; x_wconf 80' lang='grc' dir='ltr'>πράξας</span> <span class='ocrx_word' id='word_1_128' title='bbox 2481 541 2575 594; x_wconf 70' lang='grc' dir='ltr'><strong>καὶ</strong></span> <span class='ocrx_word' id='word_1_129' title='bbox 2616 540 2852 594; x_wconf 86' lang='grc' dir='ltr'>τοσαῦτα</span> <span class='ocrx_word' id='word_1_130' title='bbox 2877 540 3109 610; x_wconf 72' lang='grc' dir='ltr'>δεηθεὶς,</span> <span class='ocrx_word' id='word_1_131' title='bbox 3136 540 3209 611; x_wconf 83' lang='grc' dir='ltr'>μὴ</span> <span class='ocrx_word' id='word_1_132' title='bbox 3242 537 3701 608; x_wconf 65' lang='grc' dir='ltr'>καταισχυνθῐψσι</span> 
     </span>
    </p>
   </div>
   <div class='ocr_carea' id='block_1_21' title="bbox 2124 625 3704 705">
    <p class='ocr_par' dir='ltr' id='par_1_21' title="bbox 2124 625 3704 705">
     <span class='ocr_line' id='line_1_21' title="bbox 2124 625 3704 705; baseline -0.003 -17"><span class='ocrx_word' id='word_1_133' title='bbox 2124 633 2278 699; x_wconf 83' lang='grc' dir='ltr'>ἀξιῶ.</span> <span class='ocrx_word' id='word_1_134' title='bbox 2312 634 2379 686; x_wconf 84' lang='grc' dir='ltr'><strong>Σὲ</strong></span> <span class='ocrx_word' id='word_1_135' title='bbox 2406 634 2514 704; x_wconf 81' lang='grc' dir='ltr'>γὰρ</span> <span class='ocrx_word' id='word_1_136' title='bbox 2538 633 2725 686; x_wconf 80' lang='grc' dir='ltr'><strong>ἐλπίδα</strong></span> <span class='ocrx_word' id='word_1_137' title='bbox 2770 634 3007 704; x_wconf 78' lang='grc' dir='ltr'><strong>ἐμαυτοῦ</strong></span> <span class='ocrx_word' id='word_1_138' title='bbox 3031 634 3275 705; x_wconf 81' lang='grc' dir='ltr'><strong>θέμενος,</strong></span> <span class='ocrx_word' id='word_1_139' title='bbox 3313 630 3556 701; x_wconf 88' lang='grc' dir='ltr'>ἀκριϐῶς</span> <span class='ocrx_word' id='word_1_140' title='bbox 3587 625 3704 684; x_wconf 80' lang='grc' dir='ltr'>οἶδα</span> 
     </span>
    </p>
   </div>
   <div class='ocr_carea' id='block_1_22' title="bbox 2125 724 3419 797">
    <p class='ocr_par' dir='ltr' id='par_1_22' title="bbox 2125 724 3419 797">
     <span class='ocr_line' id='line_1_22' title="bbox 2125 724 3419 797; baseline -0.002 -19"><span class='ocrx_word' id='word_1_141' title='bbox 2125 726 2218 778; x_wconf 86' lang='grc' dir='ltr'><strong>καὶ</strong></span> <span class='ocrx_word' id='word_1_142' title='bbox 2240 725 2565 797; x_wconf 75' lang='grc' dir='ltr'><strong>πέπεισμαι,</strong></span> <span class='ocrx_word' id='word_1_143' title='bbox 2590 726 2671 778; x_wconf 84' lang='grc' dir='ltr'><strong>ὅτι</strong></span> <span class='ocrx_word' id='word_1_144' title='bbox 2704 727 2737 797; x_wconf 81' lang='grc' dir='ltr'>ἡ</span> <span class='ocrx_word' id='word_1_145' title='bbox 2775 726 2928 790; x_wconf 68' lang='grc' dir='ltr'>ἐλπὶς</span> <span class='ocrx_word' id='word_1_146' title='bbox 2956 726 3017 779; x_wconf 84' lang='grc' dir='ltr'><strong>οὐ</strong></span> <span class='ocrx_word' id='word_1_147' title='bbox 3048 724 3419 796; x_wconf 82' lang='grc' dir='ltr'>καταισχύνει.</span> 
     </span>
    </p>
   </div>
   <div class='ocr_carea' id='block_1_23' title="bbox 2200 906 3705 979">
    <p class='ocr_par' dir='ltr' id='par_1_23' title="bbox 2200 906 3705 979">
     <span class='ocr_line' id='line_1_23' title="bbox 2200 906 3705 979; baseline 0.001 -16"><span class='ocrx_word' id='word_1_148' title='bbox 2200 911 2435 964; x_wconf 59' lang='lat' dir='ltr'><strong>&quot;Arcano:</strong></span> <span class='ocrx_word' id='word_1_149' title='bbox 2460 907 2557 962; x_wconf 80' lang='grc' dir='ltr'>καὶ</span> <span class='ocrx_word' id='word_1_150' title='bbox 2574 908 2769 975; x_wconf 86' lang='grc' dir='ltr'>εὐθεῖς</span> <span class='ocrx_word' id='word_1_151' title='bbox 2798 906 3143 962; x_wconf 77' lang='grc' dir='ltr'>ἐκολλῶντό</span> <span class='ocrx_word' id='word_1_152' title='bbox 3155 926 3277 978; x_wconf 85' lang='grc' dir='ltr'>μοι,</span> <span class='ocrx_word' id='word_1_153' title='bbox 3300 909 3389 963; x_wconf 81' lang='grc' dir='ltr'>ὅτι</span> <span class='ocrx_word' id='word_1_154' title='bbox 3413 909 3705 979; x_wconf 80' lang='grc' dir='ltr'>ὑπέμεινά</span> 
     </span>
    </p>
   </div>
   <div class='ocr_carea' id='block_1_24' title="bbox 2125 1001 3705 1070">
    <p class='ocr_par' dir='ltr' id='par_1_24' title="bbox 2125 1001 3705 1070">
     <span class='ocr_line' id='line_1_24' title="bbox 2125 1001 3705 1070; baseline 0 -14"><span class='ocrx_word' id='word_1_155' title='bbox 2125 1017 2218 1056; x_wconf 86' lang='grc' dir='ltr'><strong>σε.</strong></span> <span class='ocrx_word' id='word_1_156' title='bbox 2273 1004 2605 1070; x_wconf 84' lang='grc' dir='ltr'>Λύτρωσαι,</span> <span class='ocrx_word' id='word_1_157' title='bbox 2652 1005 2686 1055; x_wconf 81' lang='grc' dir='ltr'><strong>ό</strong></span> <span class='ocrx_word' id='word_1_158' title='bbox 2727 1001 2891 1067; x_wconf 81' lang='grc' dir='ltr'>Θεὸς,</span> <span class='ocrx_word' id='word_1_159' title='bbox 2932 1001 3040 1055; x_wconf 78' lang='grc' dir='ltr'><strong>τὸν</strong></span> <span class='ocrx_word' id='word_1_160' title='bbox 3093 1001 3331 1069; x_wconf 74' lang='grc' dir='ltr'>Ἰσραὴλ</span> <span class='ocrx_word' id='word_1_161' title='bbox 3375 1003 3445 1055; x_wconf 78' lang='grc' dir='ltr'>ἐκ</span> <span class='ocrx_word' id='word_1_162' title='bbox 3492 1002 3705 1056; x_wconf 79' lang='grc' dir='ltr'>πασῶν</span> 
     </span>
    </p>
   </div>
   <div class='ocr_carea' id='block_1_25' title="bbox 2125 1094 3705 1169">
    <p class='ocr_par' dir='ltr' id='par_1_25' title="bbox 2125 1094 3705 1169">
     <span class='ocr_line' id='line_1_25' title="bbox 2125 1094 3705 1169; baseline 0.001 -20"><span class='ocrx_word' id='word_1_163' title='bbox 2125 1094 2244 1149; x_wconf 74' lang='grc' dir='ltr'>τῶν</span> <span class='ocrx_word' id='word_1_164' title='bbox 2264 1096 2530 1163; x_wconf 74' lang='grc' dir='ltr'>θλίψεων</span> <span class='ocrx_word' id='word_1_165' title='bbox 2549 1095 2755 1149; x_wconf 83' lang='grc' dir='ltr'>αὐτοῦ.</span> <span class='ocrx_word' id='word_1_166' title='bbox 2785 1096 2895 1148; x_wconf 67' lang='grc' dir='ltr'><strong>Καὶ</strong></span> <span class='ocrx_word' id='word_1_167' title='bbox 2921 1095 3080 1148; x_wconf 85' lang='grc' dir='ltr'>τοῦτὸ</span> <span class='ocrx_word' id='word_1_168' title='bbox 3110 1114 3197 1166; x_wconf 90' lang='grc' dir='ltr'><strong>μοι</strong></span> <span class='ocrx_word' id='word_1_169' title='bbox 3226 1098 3362 1169; x_wconf 86' lang='grc' dir='ltr'>πρὸς</span> <span class='ocrx_word' id='word_1_170' title='bbox 3389 1100 3502 1161; x_wconf 89' lang='grc' dir='ltr'>τοῖς</span> <span class='ocrx_word' id='word_1_171' title='bbox 3527 1099 3705 1162; x_wconf 74' lang='grc' dir='ltr'>ἄλλοις</span> 
     </span>
    </p>
   </div>
   <div class='ocr_carea' id='block_1_26' title="bbox 2127 1185 3701 1260">
    <p class='ocr_par' dir='ltr' id='par_1_26' title="bbox 2127 1185 3701 1260">
     <span class='ocr_line' id='line_1_26' title="bbox 2127 1185 3701 1260; baseline 0.001 -19"><span class='ocrx_word' id='word_1_172' title='bbox 2127 1185 2512 1257; x_wconf 80' lang='grc' dir='ltr'>κατορθώμασι</span> <span class='ocrx_word' id='word_1_173' title='bbox 2568 1187 2713 1256; x_wconf 85' lang='grc' dir='ltr'>μέγα</span> <span class='ocrx_word' id='word_1_174' title='bbox 2762 1186 2991 1257; x_wconf 81' lang='grc' dir='ltr'>ὑπῆρξε,</span> <span class='ocrx_word' id='word_1_175' title='bbox 3030 1188 3124 1240; x_wconf 78' lang='grc' dir='ltr'>καὶ</span> <span class='ocrx_word' id='word_1_176' title='bbox 3156 1188 3238 1241; x_wconf 74' lang='grc' dir='ltr'><strong>σοὶ</strong></span> <span class='ocrx_word' id='word_1_177' title='bbox 3266 1188 3343 1259; x_wconf 81' lang='grc' dir='ltr'>τῷ</span> <span class='ocrx_word' id='word_1_178' title='bbox 3367 1189 3485 1260; x_wconf 83' lang='grc' dir='ltr'><strong>Θεῷ</strong></span> <span class='ocrx_word' id='word_1_179' title='bbox 3518 1190 3701 1259; x_wconf 80' lang='grc' dir='ltr'>φίλον’</span> 
     </span>
    </p>
   </div>
   <div class='ocr_carea' id='block_1_27' title="bbox 2130 1278 3704 1352">
    <p class='ocr_par' dir='ltr' id='par_1_27' title="bbox 2130 1278 3704 1352">
     <span class='ocr_line' id='line_1_27' title="bbox 2130 1278 3704 1352; baseline 0 -19"><span class='ocrx_word' id='word_1_180' title='bbox 2130 1280 2347 1343; x_wconf 84' lang='grc' dir='ltr'>πολλοῖς</span> <span class='ocrx_word' id='word_1_181' title='bbox 2386 1279 2494 1350; x_wconf 85' lang='grc' dir='ltr'>γὰρ</span> <span class='ocrx_word' id='word_1_182' title='bbox 2548 1279 2809 1348; x_wconf 78' lang='grc' dir='ltr'><strong>ἐγινόμην</strong></span> <span class='ocrx_word' id='word_1_183' title='bbox 2846 1278 3207 1350; x_wconf 73' lang='grc' dir='ltr'>ὑπογραμμὸς</span> <span class='ocrx_word' id='word_1_184' title='bbox 3244 1281 3559 1352; x_wconf 87' lang='grc' dir='ltr'>καρτερίας,</span> <span class='ocrx_word' id='word_1_185' title='bbox 3590 1281 3704 1351; x_wconf 83' lang='grc' dir='ltr'>βίου</span> 
     </span>
    </p>
   </div>
   <div class='ocr_carea' id='block_1_28' title="bbox 2128 1372 3704 1445">
    <p class='ocr_par' dir='ltr' id='par_1_28' title="bbox 2128 1372 3704 1445">
     <span class='ocr_line' id='line_1_28' title="bbox 2128 1372 3704 1445; baseline 0.001 -19"><span class='ocrx_word' id='word_1_186' title='bbox 2128 1390 2188 1426; x_wconf 91' lang='grc' dir='ltr'><strong>τε</strong></span> <span class='ocrx_word' id='word_1_187' title='bbox 2254 1372 2449 1443; x_wconf 79' lang='grc' dir='ltr'>σεμνοῦ</span> <span class='ocrx_word' id='word_1_188' title='bbox 2501 1373 2595 1425; x_wconf 77' lang='grc' dir='ltr'><strong>καὶ</strong></span> <span class='ocrx_word' id='word_1_189' title='bbox 2637 1373 2922 1441; x_wconf 84' lang='grc' dir='ltr'>μετανοίας</span> <span class='ocrx_word' id='word_1_190' title='bbox 2976 1373 3069 1425; x_wconf 81' lang='grc' dir='ltr'><strong>καὶ</strong></span> <span class='ocrx_word' id='word_1_191' title='bbox 3117 1372 3585 1445; x_wconf 82' lang='grc' dir='ltr'>ἐξομολογήσεως·</span> <span class='ocrx_word' id='word_1_192' title='bbox 3626 1374 3704 1427; x_wconf 84' lang='grc' dir='ltr'><strong>διὸ</strong></span> 
     </span>
    </p>
   </div>
   <div class='ocr_carea' id='block_1_29' title="bbox 2128 1466 3705 1537">
    <p class='ocr_par' dir='ltr' id='par_1_29' title="bbox 2128 1466 3705 1537">
     <span class='ocr_line' id='line_1_29' title="bbox 2128 1466 3705 1537; baseline -0.001 -16"><span class='ocrx_word' id='word_1_193' title='bbox 2128 1468 2324 1522; x_wconf 83' lang='grc' dir='ltr'>ἄκακοι</span> <span class='ocrx_word' id='word_1_194' title='bbox 2355 1466 2543 1537; x_wconf 83' lang='grc' dir='ltr'>ἄνδρες</span> <span class='ocrx_word' id='word_1_195' title='bbox 2569 1467 2661 1518; x_wconf 74' lang='grc' dir='ltr'><strong>καὶ</strong></span> <span class='ocrx_word' id='word_1_196' title='bbox 2687 1466 2863 1530; x_wconf 82' lang='grc' dir='ltr'>εύθεῖς</span> <span class='ocrx_word' id='word_1_197' title='bbox 2889 1467 3221 1537; x_wconf 77' lang='grc' dir='ltr'>συνήπτοντο</span> <span class='ocrx_word' id='word_1_198' title='bbox 3244 1484 3333 1536; x_wconf 89' lang='grc' dir='ltr'><strong>μοι</strong></span> <span class='ocrx_word' id='word_1_199' title='bbox 3357 1467 3705 1537; x_wconf 78' lang='grc' dir='ltr'>κολλώμενοι,</span> 
     </span>
    </p>
   </div>
   <div class='ocr_carea' id='block_1_30' title="bbox 2130 1556 3705 1629">
    <p class='ocr_par' dir='ltr' id='par_1_30' title="bbox 2130 1556 3705 1629">
     <span class='ocr_line' id='line_1_30' title="bbox 2130 1556 3705 1629; baseline -0.001 -17"><span class='ocrx_word' id='word_1_200' title='bbox 2130 1559 2224 1612; x_wconf 77' lang='grc' dir='ltr'>καὶ</span> <span class='ocrx_word' id='word_1_201' title='bbox 2253 1558 2512 1629; x_wconf 90' lang='grc' dir='ltr'>συμϐιοῦν</span> <span class='ocrx_word' id='word_1_202' title='bbox 2538 1556 2832 1621; x_wconf 78' lang='grc' dir='ltr'>ἀξιοῦντες,</span> <span class='ocrx_word' id='word_1_203' title='bbox 2859 1557 2922 1610; x_wconf 86' lang='grc' dir='ltr'>δι’</span> <span class='ocrx_word' id='word_1_204' title='bbox 2950 1558 3099 1611; x_wconf 80' lang='grc' dir='ltr'>οὐδὲν</span> <span class='ocrx_word' id='word_1_205' title='bbox 3128 1557 3314 1628; x_wconf 79' lang='grc' dir='ltr'>’έτερον</span> <span class='ocrx_word' id='word_1_206' title='bbox 3336 1558 3367 1628; x_wconf 86' lang='grc' dir='ltr'>ἢ</span> <span class='ocrx_word' id='word_1_207' title='bbox 3389 1560 3471 1611; x_wconf 82' lang='grc' dir='ltr'><strong>ὅτι</strong></span> <span class='ocrx_word' id='word_1_208' title='bbox 3500 1560 3705 1629; x_wconf 82' lang='grc' dir='ltr'>ὑπέμε-</span> 
     </span>
    </p>
   </div>
   <div class='ocr_carea' id='block_1_31' title="bbox 2132 1652 3705 1723">
    <p class='ocr_par' dir='ltr' id='par_1_31' title="bbox 2132 1652 3705 1723">
     <span class='ocr_line' id='line_1_31' title="bbox 2132 1652 3705 1723; baseline -0.001 -16"><span class='ocrx_word' id='word_1_209' title='bbox 2132 1671 2220 1707; x_wconf 91' lang='grc' dir='ltr'><strong>νον</strong></span> <span class='ocrx_word' id='word_1_210' title='bbox 2245 1652 2548 1723; x_wconf 84' lang='grc' dir='ltr'>καρτερῶν,</span> <span class='ocrx_word' id='word_1_211' title='bbox 2589 1652 2682 1704; x_wconf 81' lang='grc' dir='ltr'><strong>καὶ</strong></span> <span class='ocrx_word' id='word_1_212' title='bbox 2714 1652 2892 1705; x_wconf 87' lang='grc' dir='ltr'>πάντα</span> <span class='ocrx_word' id='word_1_213' title='bbox 2915 1652 3206 1722; x_wconf 78' lang='grc' dir='ltr'>ὑπέφερον,</span> <span class='ocrx_word' id='word_1_214' title='bbox 3242 1652 3299 1704; x_wconf 87' lang='grc' dir='ltr'>σὲ</span> <span class='ocrx_word' id='word_1_215' title='bbox 3338 1652 3435 1723; x_wconf 78' lang='grc' dir='ltr'><strong>τὴν</strong></span> <span class='ocrx_word' id='word_1_216' title='bbox 3469 1653 3705 1722; x_wconf 83' lang='grc' dir='ltr'>ἐμαυτοῦ</span> 
     </span>
    </p>
   </div>
   <div class='ocr_carea' id='block_1_32' title="bbox 2132 1743 3704 1815">
    <p class='ocr_par' dir='ltr' id='par_1_32' title="bbox 2132 1743 3704 1815">
     <span class='ocr_line' id='line_1_32' title="bbox 2132 1743 3704 1815; baseline -0.001 -16"><span class='ocrx_word' id='word_1_217' title='bbox 2132 1746 2320 1799; x_wconf 81' lang='grc' dir='ltr'>ἐλπίδα</span> <span class='ocrx_word' id='word_1_218' title='bbox 2372 1743 2830 1815; x_wconf 87' lang='grc' dir='ltr'>προϐεϐλημένος.</span> <span class='ocrx_word' id='word_1_219' title='bbox 2896 1744 3118 1806; x_wconf 79' lang='grc' dir='ltr'>Τούτοις</span> <span class='ocrx_word' id='word_1_220' title='bbox 3180 1743 3382 1798; x_wconf 77' lang='grc' dir='ltr'>ἅπασιν</span> <span class='ocrx_word' id='word_1_221' title='bbox 3435 1745 3704 1813; x_wconf 71' lang='grc' dir='ltr'>ἐπιλέγειο</span> 
     </span>
    </p>
   </div>
   <div class='ocr_carea' id='block_1_33' title="bbox 455 1823 2031 1907">
    <p class='ocr_par' dir='ltr' id='par_1_33' title="bbox 455 1826 2025 1902">
     <span class='ocr_line' id='line_1_33' title="bbox 455 1826 2025 1902; baseline -0.002 -17"><span class='ocrx_word' id='word_1_222' title='bbox 455 1832 600 1902; x_wconf 91' lang='lat' dir='ltr'><strong>quod</strong></span> <span class='ocrx_word' id='word_1_223' title='bbox 631 1839 684 1885; x_wconf 88' lang='lat' dir='ltr'><strong>te</strong></span> <span class='ocrx_word' id='word_1_224' title='bbox 716 1845 865 1900; x_wconf 87' lang='lat' dir='ltr'><strong>spem</strong></span> <span class='ocrx_word' id='word_1_225' title='bbox 898 1845 1073 1883; x_wconf 85' lang='lat' dir='ltr'><strong>meam</strong></span> <span class='ocrx_word' id='word_1_226' title='bbox 1104 1829 1503 1884; x_wconf 86' lang='lat' dir='ltr'><strong>constituerim.</strong></span> <span class='ocrx_word' id='word_1_227' title='bbox 1538 1826 1634 1883; x_wconf 82' lang='lat' dir='ltr'><strong>llis</strong></span> <span class='ocrx_word' id='word_1_228' title='bbox 1671 1828 1786 1882; x_wconf 73' lang='lat' dir='ltr'><strong>haec</strong></span> <span class='ocrx_word' id='word_1_229' title='bbox 1821 1828 2025 1882; x_wconf 71' lang='lat' dir='ltr'><strong>subne-</strong></span> 
     </span>
    </p>
   </div>
   <div class='ocr_carea' id='block_1_34' title="bbox 2133 1823 3705 1907">
    <p class='ocr_par' dir='ltr' id='par_1_34' title="bbox 2133 1835 3705 1907">
     <span class='ocr_line' id='line_1_34' title="bbox 2133 1835 3705 1907; baseline -0.002 -13"><span class='ocrx_word' id='word_1_230' title='bbox 2133 1841 2454 1907; x_wconf 81' lang='grc' dir='ltr'>Λύτρωσαι,</span> <span class='ocrx_word' id='word_1_231' title='bbox 2502 1841 2533 1891; x_wconf 88' lang='grc' dir='ltr'><strong>ό</strong></span> <span class='ocrx_word' id='word_1_232' title='bbox 2595 1837 2757 1903; x_wconf 86' lang='grc' dir='ltr'>Θεὸς,</span> <span class='ocrx_word' id='word_1_233' title='bbox 2802 1836 2911 1890; x_wconf 81' lang='grc' dir='ltr'><strong>τὸν</strong></span> <span class='ocrx_word' id='word_1_234' title='bbox 2955 1835 3192 1904; x_wconf 75' lang='grc' dir='ltr'>Ἰσραὴλ</span> <span class='ocrx_word' id='word_1_235' title='bbox 3231 1838 3299 1890; x_wconf 79' lang='grc' dir='ltr'>ἐκ</span> <span class='ocrx_word' id='word_1_236' title='bbox 3342 1837 3555 1892; x_wconf 76' lang='grc' dir='ltr'>πασῶν</span> <span class='ocrx_word' id='word_1_237' title='bbox 3591 1837 3705 1891; x_wconf 77' lang='grc' dir='ltr'>τῶν</span> 
     </span>
    </p>
   </div>
   <div class='ocr_carea' id='block_1_35' title="bbox 456 1918 2024 1988">
    <p class='ocr_par' dir='ltr' id='par_1_35' title="bbox 456 1918 2024 1988">
     <span class='ocr_line' id='line_1_35' title="bbox 456 1918 2024 1988; baseline -0.003 -10"><span class='ocrx_word' id='word_1_238' title='bbox 456 1926 576 1987; x_wconf 88' lang='lat' dir='ltr'><strong>ctit,</strong></span> <span class='ocrx_word' id='word_1_239' title='bbox 594 1921 800 1988; x_wconf 86' lang='lat' dir='ltr'><strong>Libera,</strong></span> <span class='ocrx_word' id='word_1_240' title='bbox 835 1922 996 1988; x_wconf 87' lang='lat' dir='ltr'><strong>Deus,</strong></span> <span class='ocrx_word' id='word_1_241' title='bbox 1033 1920 1207 1975; x_wconf 81' lang='lat' dir='ltr'><strong>Israel</strong></span> <span class='ocrx_word' id='word_1_242' title='bbox 1233 1937 1297 1975; x_wconf 74' lang='lat' dir='ltr'><strong>ex</strong></span> <span class='ocrx_word' id='word_1_243' title='bbox 1326 1920 1566 1975; x_wconf 87' lang='lat' dir='ltr'><strong>omnibus</strong></span> <span class='ocrx_word' id='word_1_244' title='bbox 1598 1918 2024 1974; x_wconf 80' lang='lat' dir='ltr'><strong>tribulationibus</strong></span> 
     </span>
    </p>
   </div>
   <div class='ocr_carea' id='block_1_36' title="bbox 455 2012 2027 2081">
    <p class='ocr_par' dir='ltr' id='par_1_36' title="bbox 455 2012 2027 2081">
     <span class='ocr_line' id='line_1_36' title="bbox 455 2012 2027 2081; baseline -0.004 -11"><span class='ocrx_word' id='word_1_245' title='bbox 455 2018 597 2070; x_wconf 85' lang='lat' dir='ltr'><strong>suis:</strong></span> <span class='ocrx_word' id='word_1_246' title='bbox 629 2031 749 2069; x_wconf 90' lang='lat' dir='ltr'><strong>sese</strong></span> <span class='ocrx_word' id='word_1_247' title='bbox 784 2014 993 2069; x_wconf 90' lang='lat' dir='ltr'><strong>scilicet</strong></span> <span class='ocrx_word' id='word_1_248' title='bbox 1034 2013 1291 2067; x_wconf 85' lang='lat' dir='ltr'><strong>lsraelem</strong></span> <span class='ocrx_word' id='word_1_249' title='bbox 1323 2012 1393 2066; x_wconf 89' lang='lat' dir='ltr'><strong>ob</strong></span> <span class='ocrx_word' id='word_1_250' title='bbox 1428 2013 1681 2081; x_wconf 87' lang='lat' dir='ltr'><strong>superius</strong></span> <span class='ocrx_word' id='word_1_251' title='bbox 1727 2017 2027 2066; x_wconf 89' lang='lat' dir='ltr'><strong>memorata</strong></span> 
     </span>
    </p>
   </div>
   <div class='ocr_carea' id='block_1_37' title="bbox 466 2102 2030 2176">
    <p class='ocr_par' dir='ltr' id='par_1_37' title="bbox 466 2102 2030 2176">
     <span class='ocr_line' id='line_1_37' title="bbox 466 2102 2030 2176; baseline -0.004 -14"><span class='ocrx_word' id='word_1_252' title='bbox 466 2114 620 2176; x_wconf 85' lang='lat' dir='ltr'><strong>gesta</strong></span> <span class='ocrx_word' id='word_1_253' title='bbox 646 2113 949 2174; x_wconf 84' lang='lat' dir='ltr'><strong>nuncupat.</strong></span> <span class='ocrx_word' id='word_1_254' title='bbox 982 2102 1132 2157; x_wconf 80' lang='lat' dir='ltr'><strong>Talis</strong></span> <span class='ocrx_word' id='word_1_255' title='bbox 1171 2104 1316 2158; x_wconf 91' lang='lat' dir='ltr'><strong>cnim</strong></span> <span class='ocrx_word' id='word_1_256' title='bbox 1343 2109 1428 2157; x_wconf 88' lang='lat' dir='ltr'><strong>est</strong></span> <span class='ocrx_word' id='word_1_257' title='bbox 1454 2103 1705 2172; x_wconf 85' lang='lat' dir='ltr'><strong>quisquis</strong></span> <span class='ocrx_word' id='word_1_258' title='bbox 1733 2102 1801 2156; x_wconf 92' lang='lat' dir='ltr'><strong>ab</strong></span> <span class='ocrx_word' id='word_1_259' title='bbox 1835 2103 2030 2155; x_wconf 68' lang='lat' dir='ltr'><strong>animae</strong></span> 
     </span>
    </p>
   </div>
   <div class='ocr_carea' id='block_1_38' title="bbox 457 2192 2030 2255">
    <p class='ocr_par' dir='ltr' id='par_1_38' title="bbox 457 2192 2030 2255">
     <span class='ocr_line' id='line_1_38' title="bbox 457 2192 2030 2255; baseline -0.006 -1"><span class='ocrx_word' id='word_1_260' title='bbox 457 2216 569 2255; x_wconf 68' lang='lat' dir='ltr'><strong>suae</strong></span> <span class='ocrx_word' id='word_1_261' title='bbox 616 2196 929 2252; x_wconf 86' lang='lat' dir='ltr'><strong>conditione</strong></span> <span class='ocrx_word' id='word_1_262' title='bbox 981 2196 1195 2250; x_wconf 86' lang='lat' dir='ltr'><strong>Israelis</strong></span> <span class='ocrx_word' id='word_1_263' title='bbox 1229 2209 1428 2248; x_wconf 87' lang='lat' dir='ltr'><strong>nomen</strong></span> <span class='ocrx_word' id='word_1_264' title='bbox 1490 2194 1718 2248; x_wconf 85' lang='lat' dir='ltr'><strong>obtinet.</strong></span> <span class='ocrx_word' id='word_1_265' title='bbox 1766 2192 1876 2247; x_wconf 82' lang='lat' dir='ltr'><strong>Aut</strong></span> <span class='ocrx_word' id='word_1_266' title='bbox 1922 2192 2030 2245; x_wconf 81' lang='lat' dir='ltr'><strong>alia</strong></span> 
     </span>
    </p>
   </div>
   <div class='ocr_carea' id='block_1_39' title="bbox 456 2281 2029 2354">
    <p class='ocr_par' dir='ltr' id='par_1_39' title="bbox 456 2281 2029 2354">
     <span class='ocr_line' id='line_1_39' title="bbox 456 2281 2029 2354; baseline -0.003 -12"><span class='ocrx_word' id='word_1_267' title='bbox 456 2289 686 2354; x_wconf 84' lang='lat' dir='ltr'><strong>ratione,</strong></span> <span class='ocrx_word' id='word_1_268' title='bbox 721 2301 844 2341; x_wconf 90' lang='lat' dir='ltr'><strong>cum</strong></span> <span class='ocrx_word' id='word_1_269' title='bbox 895 2287 970 2339; x_wconf 90' lang='lat' dir='ltr'><strong>ita</strong></span> <span class='ocrx_word' id='word_1_270' title='bbox 1000 2285 1287 2339; x_wconf 86' lang='lat' dir='ltr'><strong>institutus</strong></span> <span class='ocrx_word' id='word_1_271' title='bbox 1320 2284 1413 2349; x_wconf 86' lang='lat' dir='ltr'><strong>sit,</strong></span> <span class='ocrx_word' id='word_1_272' title='bbox 1470 2290 1531 2337; x_wconf 89' lang='lat' dir='ltr'><strong>ut</strong></span> <span class='ocrx_word' id='word_1_273' title='bbox 1572 2298 1685 2337; x_wconf 88' lang='lat' dir='ltr'><strong>non</strong></span> <span class='ocrx_word' id='word_1_274' title='bbox 1730 2283 1817 2338; x_wconf 87' lang='lat' dir='ltr'><strong>sui</strong></span> <span class='ocrx_word' id='word_1_275' title='bbox 1856 2281 2029 2337; x_wconf 89' lang='lat' dir='ltr'><strong>solius</strong></span> 
     </span>
    </p>
   </div>
   <div class='ocr_carea' id='block_1_40' title="bbox 457 2378 2031 2450">
    <p class='ocr_par' dir='ltr' id='par_1_40' title="bbox 457 2378 2031 2450">
     <span class='ocr_line' id='line_1_40' title="bbox 457 2378 2031 2450; baseline -0.003 -13"><span class='ocrx_word' id='word_1_276' title='bbox 457 2382 761 2437; x_wconf 89' lang='lat' dir='ltr'><strong>custodiam</strong></span> <span class='ocrx_word' id='word_1_277' title='bbox 792 2387 967 2450; x_wconf 83' lang='lat' dir='ltr'><strong>gerat,</strong></span> <span class='ocrx_word' id='word_1_278' title='bbox 1000 2386 1092 2431; x_wconf 90' lang='lat' dir='ltr'><strong>aut</strong></span> <span class='ocrx_word' id='word_1_279' title='bbox 1139 2378 1225 2433; x_wconf 91' lang='lat' dir='ltr'><strong>sui</strong></span> <span class='ocrx_word' id='word_1_280' title='bbox 1264 2386 1478 2431; x_wconf 89' lang='lat' dir='ltr'><strong>tantum</strong></span> <span class='ocrx_word' id='word_1_281' title='bbox 1511 2378 1800 2441; x_wconf 92' lang='lat' dir='ltr'><strong>sollicitus,</strong></span> <span class='ocrx_word' id='word_1_282' title='bbox 1843 2392 1943 2447; x_wconf 90' lang='lat' dir='ltr'><strong>pro</strong></span> <span class='ocrx_word' id='word_1_283' title='bbox 1971 2391 2031 2433; x_wconf 87' lang='lat' dir='ltr'><strong>se</strong></span> 
     </span>
    </p>
   </div>
   <div class='ocr_carea' id='block_1_41' title="bbox 458 2468 2031 2542">
    <p class='ocr_par' dir='ltr' id='par_1_41' title="bbox 458 2468 2031 2542">
     <span class='ocr_line' id='line_1_41' title="bbox 458 2468 2031 2542; baseline -0.007 -12"><span class='ocrx_word' id='word_1_284' title='bbox 458 2476 575 2530; x_wconf 89' lang='lat' dir='ltr'><strong>solo</strong></span> <span class='ocrx_word' id='word_1_285' title='bbox 606 2473 774 2527; x_wconf 85' lang='lat' dir='ltr'><strong>Deum</strong></span> <span class='ocrx_word' id='word_1_286' title='bbox 808 2480 1093 2542; x_wconf 87' lang='lat' dir='ltr'><strong>precetur;</strong></span> <span class='ocrx_word' id='word_1_287' title='bbox 1121 2479 1242 2538; x_wconf 90' lang='lat' dir='ltr'><strong>post</strong></span> <span class='ocrx_word' id='word_1_288' title='bbox 1286 2484 1399 2522; x_wconf 90' lang='lat' dir='ltr'><strong>rem</strong></span> <span class='ocrx_word' id='word_1_289' title='bbox 1432 2468 1569 2522; x_wconf 85' lang='lat' dir='ltr'><strong>bene</strong></span> <span class='ocrx_word' id='word_1_290' title='bbox 1597 2478 1829 2538; x_wconf 83' lang='lat' dir='ltr'><strong>gestam,</strong></span> <span class='ocrx_word' id='word_1_291' title='bbox 1877 2474 2031 2537; x_wconf 90' lang='lat' dir='ltr'><strong>post-</strong></span> 
     </span>
    </p>
   </div>
   <div class='ocr_carea' id='block_1_42' title="bbox 457 2559 2032 2634">
    <p class='ocr_par' dir='ltr' id='par_1_42' title="bbox 457 2559 2032 2634">
     <span class='ocr_line' id='line_1_42' title="bbox 457 2559 2032 2634; baseline -0.003 -16"><span class='ocrx_word' id='word_1_292' title='bbox 457 2580 619 2634; x_wconf 89' lang='lat' dir='ltr'><strong>quam</strong></span> <span class='ocrx_word' id='word_1_293' title='bbox 670 2577 769 2617; x_wconf 88' lang='lat' dir='ltr'><strong>sua</strong></span> <span class='ocrx_word' id='word_1_294' title='bbox 814 2568 963 2615; x_wconf 89' lang='lat' dir='ltr'><strong>recte</strong></span> <span class='ocrx_word' id='word_1_295' title='bbox 1016 2559 1348 2629; x_wconf 89' lang='lat' dir='ltr'><strong>composuit,</strong></span> <span class='ocrx_word' id='word_1_296' title='bbox 1389 2574 1489 2628; x_wconf 92' lang='lat' dir='ltr'><strong>pro</strong></span> <span class='ocrx_word' id='word_1_297' title='bbox 1534 2559 1791 2613; x_wconf 85' lang='lat' dir='ltr'><strong>universo</strong></span> <span class='ocrx_word' id='word_1_298' title='bbox 1829 2559 2032 2629; x_wconf 91' lang='lat' dir='ltr'><strong>populo</strong></span> 
     </span>
    </p>
   </div>
   <div class='ocr_carea' id='block_1_43' title="bbox 458 2650 2032 2721">
    <p class='ocr_par' dir='ltr' id='par_1_43' title="bbox 458 2650 2032 2721">
     <span class='ocr_line' id='line_1_43' title="bbox 458 2650 2032 2721; baseline -0.001 -15"><span class='ocrx_word' id='word_1_299' title='bbox 458 2653 552 2709; x_wconf 84' lang='lat' dir='ltr'><strong>Dei</strong></span> <span class='ocrx_word' id='word_1_300' title='bbox 589 2652 1014 2721; x_wconf 85' lang='lat' dir='ltr'><strong>supplicationes</strong></span> <span class='ocrx_word' id='word_1_301' title='bbox 1053 2650 1274 2714; x_wconf 87' lang='lat' dir='ltr'><strong>emittit,</strong></span> <span class='ocrx_word' id='word_1_302' title='bbox 1317 2657 1605 2719; x_wconf 84' lang='lat' dir='ltr'><strong>rogatque,</strong></span> <span class='ocrx_word' id='word_1_303' title='bbox 1649 2659 1733 2714; x_wconf 90' lang='lat' dir='ltr'><strong>ut,</strong></span> <span class='ocrx_word' id='word_1_304' title='bbox 1769 2650 2032 2719; x_wconf 87' lang='lat' dir='ltr'><strong>quemad-</strong></span> 
     </span>
    </p>
   </div>
   <div class='ocr_carea' id='block_1_44' title="bbox 459 2743 2030 2813">
    <p class='ocr_par' dir='ltr' id='par_1_44' title="bbox 459 2743 2030 2813">
     <span class='ocr_line' id='line_1_44' title="bbox 459 2743 2030 2813; baseline -0.003 -12"><span class='ocrx_word' id='word_1_305' title='bbox 459 2746 681 2801; x_wconf 90' lang='lat' dir='ltr'><strong>modum</strong></span> <span class='ocrx_word' id='word_1_306' title='bbox 729 2759 788 2798; x_wconf 89' lang='lat' dir='ltr'><strong>se</strong></span> <span class='ocrx_word' id='word_1_307' title='bbox 823 2744 1055 2798; x_wconf 84' lang='lat' dir='ltr'><strong>antehac</strong></span> <span class='ocrx_word' id='word_1_308' title='bbox 1103 2758 1171 2797; x_wconf 80' lang='lat' dir='ltr'><strong>ex</strong></span> <span class='ocrx_word' id='word_1_309' title='bbox 1204 2744 1465 2797; x_wconf 80' lang='lat' dir='ltr'><strong>aerumnis</strong></span> <span class='ocrx_word' id='word_1_310' title='bbox 1507 2751 1563 2797; x_wconf 91' lang='lat' dir='ltr'><strong>et</strong></span> <span class='ocrx_word' id='word_1_311' title='bbox 1610 2744 1877 2813; x_wconf 85' lang='lat' dir='ltr'><strong>angustiis</strong></span> <span class='ocrx_word' id='word_1_312' title='bbox 1921 2743 2030 2799; x_wconf 83' lang='lat' dir='ltr'><strong>eri-</strong></span> 
     </span>
    </p>
   </div>
   <div class='ocr_carea' id='block_1_45' title="bbox 459 2832 2032 2908">
    <p class='ocr_par' dir='ltr' id='par_1_45' title="bbox 459 2832 2032 2908">
     <span class='ocr_line' id='line_1_45' title="bbox 459 2832 2032 2908; baseline -0.004 -15"><span class='ocrx_word' id='word_1_313' title='bbox 459 2853 587 2908; x_wconf 91' lang='lat' dir='ltr'><strong>pere</strong></span> <span class='ocrx_word' id='word_1_314' title='bbox 636 2836 890 2906; x_wconf 85' lang='lat' dir='ltr'><strong>dignatus</strong></span> <span class='ocrx_word' id='word_1_315' title='bbox 938 2844 1043 2897; x_wconf 88' lang='lat' dir='ltr'><strong>est,</strong></span> <span class='ocrx_word' id='word_1_316' title='bbox 1093 2832 1147 2885; x_wconf 91' lang='lat' dir='ltr'><strong>id</strong></span> <span class='ocrx_word' id='word_1_317' title='bbox 1188 2832 1368 2901; x_wconf 91' lang='lat' dir='ltr'><strong>ipsum</strong></span> <span class='ocrx_word' id='word_1_318' title='bbox 1406 2842 1530 2902; x_wconf 83' lang='lat' dir='ltr'><strong>agat</strong></span> <span class='ocrx_word' id='word_1_319' title='bbox 1558 2848 1688 2904; x_wconf 84' lang='lat' dir='ltr'><strong>erga</strong></span> <span class='ocrx_word' id='word_1_320' title='bbox 1720 2840 1899 2887; x_wconf 92' lang='lat' dir='ltr'><strong>totum</strong></span> <span class='ocrx_word' id='word_1_321' title='bbox 1938 2833 2032 2889; x_wconf 89' lang='lat' dir='ltr'><strong>Dei</strong></span> 
     </span>
    </p>
   </div>
   <div class='ocr_carea' id='block_1_46' title="bbox 458 2926 2034 3005">
    <p class='ocr_par' dir='ltr' id='par_1_46' title="bbox 458 2926 2034 3005">
     <span class='ocr_line' id='line_1_46' title="bbox 458 2926 2034 3005; baseline -0.002 -16"><span class='ocrx_word' id='word_1_322' title='bbox 458 2932 743 3005; x_wconf 80' lang='lat' dir='ltr'><strong>papulum,</strong></span> <span class='ocrx_word' id='word_1_323' title='bbox 794 2930 891 2999; x_wconf 89' lang='lat' dir='ltr'><strong>qui</strong></span> <span class='ocrx_word' id='word_1_324' title='bbox 938 2926 1275 2998; x_wconf 78' lang='lat' dir='ltr'><strong>intelligendi</strong></span> <span class='ocrx_word' id='word_1_325' title='bbox 1324 2927 1564 2997; x_wconf 87' lang='lat' dir='ltr'><strong>quadam</strong></span> <span class='ocrx_word' id='word_1_326' title='bbox 1614 2928 1827 2985; x_wconf 88' lang='lat' dir='ltr'><strong>ratione</strong></span> <span class='ocrx_word' id='word_1_327' title='bbox 1864 2928 2034 2986; x_wconf 82' lang='lat' dir='ltr'><strong>Israel</strong></span> 
     </span>
    </p>
   </div>
   <div class='ocr_carea' id='block_1_47' title="bbox 463 3030 833 3093">
    <p class='ocr_par' dir='ltr' id='par_1_47' title="bbox 463 3030 833 3093">
     <span class='ocr_line' id='line_1_47' title="bbox 463 3030 833 3093; baseline -0.014 -14"><span class='ocrx_word' id='word_1_328' title='bbox 463 3030 833 3093; x_wconf 88' lang='lat' dir='ltr'><strong>nuncupatur.</strong></span> 
     </span>
    </p>
   </div>
   <div class='ocr_carea' id='block_1_48' title="bbox 865 3130 1620 3188">
    <p class='ocr_par' dir='ltr' id='par_1_48' title="bbox 865 3130 1620 3188">
     <span class='ocr_line' id='line_1_48' title="bbox 865 3130 1620 3188; baseline 0.001 -2"><span class='ocrx_word' id='word_1_329' title='bbox 865 3131 1191 3188; x_wconf 84' lang='lat' dir='ltr'><strong>PSALMUS</strong></span> <span class='ocrx_word' id='word_1_330' title='bbox 1223 3131 1431 3185; x_wconf 83' lang='lat' dir='ltr'><strong>DAVID</strong></span> <span class='ocrx_word' id='word_1_331' title='bbox 1454 3130 1620 3187; x_wconf 78' lang='lat' dir='ltr'><strong>XXV.</strong></span> 
     </span>
    </p>
   </div>
   <div class='ocr_carea' id='block_1_49' title="bbox 2128 1928 3705 2002">
    <p class='ocr_par' dir='ltr' id='par_1_49' title="bbox 2128 1928 3705 2002">
     <span class='ocr_line' id='line_1_49' title="bbox 2128 1928 3705 2002; baseline -0.003 -15"><span class='ocrx_word' id='word_1_332' title='bbox 2128 1933 2393 2001; x_wconf 73' lang='grc' dir='ltr'>θλίψεων</span> <span class='ocrx_word' id='word_1_333' title='bbox 2414 1931 2600 1985; x_wconf 85' lang='grc' dir='ltr'>αὑτοῦ</span> <span class='ocrx_word' id='word_1_334' title='bbox 2619 1948 2632 1961; x_wconf 80' lang='grc'><strong><em>⁸</em></strong></span> <span class='ocrx_word' id='word_1_335' title='bbox 2662 1933 2779 2002; x_wconf 73' lang='grc' dir='ltr'>ἦτοι</span> <span class='ocrx_word' id='word_1_336' title='bbox 2814 1929 2975 1992; x_wconf 83' lang='grc' dir='ltr'>αὐτὸς</span> <span class='ocrx_word' id='word_1_337' title='bbox 2994 1929 3187 1982; x_wconf 84' lang='grc' dir='ltr'>ἐαυτὸν</span> <span class='ocrx_word' id='word_1_338' title='bbox 3219 1928 3705 2001; x_wconf 73' lang='grc' dir='ltr'>ἐξομολογούμενος</span> 
     </span>
    </p>
   </div>
   <div class='ocr_carea' id='block_1_50' title="bbox 2137 2022 3707 2097">
    <p class='ocr_par' dir='ltr' id='par_1_50' title="bbox 2137 2022 3707 2097">
     <span class='ocr_line' id='line_1_50' title="bbox 2137 2022 3707 2097; baseline -0.001 -19"><span class='ocrx_word' id='word_1_339' title='bbox 2137 2026 2351 2097; x_wconf 84' lang='grc' dir='ltr'>Ἰσραὴλ</span> <span class='ocrx_word' id='word_1_340' title='bbox 2377 2024 2656 2095; x_wconf 80' lang='grc' dir='ltr'>ὀνομάζων</span> <span class='ocrx_word' id='word_1_341' title='bbox 2688 2024 2776 2078; x_wconf 79' lang='grc' dir='ltr'><strong>διὰ</strong></span> <span class='ocrx_word' id='word_1_342' title='bbox 2799 2022 2868 2076; x_wconf 83' lang='grc' dir='ltr'>τὰ</span> <span class='ocrx_word' id='word_1_343' title='bbox 2898 2022 3266 2093; x_wconf 87' lang='grc' dir='ltr'>προλεχθέντα</span> <span class='ocrx_word' id='word_1_344' title='bbox 3304 2022 3468 2077; x_wconf 85' lang='grc' dir='ltr'>αὐτοῦ</span> <span class='ocrx_word' id='word_1_345' title='bbox 3507 2041 3707 2095; x_wconf 86' lang='grc' dir='ltr'>κατορ-</span> 
     </span>
    </p>
   </div>
   <div class='ocr_carea' id='block_1_51' title="bbox 2130 2113 3705 2187">
    <p class='ocr_par' dir='ltr' id='par_1_51' title="bbox 2130 2113 3705 2187">
     <span class='ocr_line' id='line_1_51' title="bbox 2130 2113 3705 2187; baseline -0.003 -18"><span class='ocrx_word' id='word_1_346' title='bbox 2130 2114 2356 2187; x_wconf 84' lang='grc' dir='ltr'>θώματα</span> <span class='ocrx_word' id='word_1_347' title='bbox 2378 2132 2391 2146; x_wconf 90' lang='grc'><strong>·</strong></span> <span class='ocrx_word' id='word_1_348' title='bbox 2418 2116 2658 2179; x_wconf 87' lang='grc' dir='ltr'>τοιοῦτος</span> <span class='ocrx_word' id='word_1_349' title='bbox 2679 2116 2787 2185; x_wconf 90' lang='grc' dir='ltr'><strong>γάρ</strong></span> <span class='ocrx_word' id='word_1_350' title='bbox 2825 2117 2971 2167; x_wconf 88' lang='grc' dir='ltr'>ἐστιν</span> <span class='ocrx_word' id='word_1_351' title='bbox 3009 2116 3037 2166; x_wconf 90' lang='lat'><strong>6</strong></span> <span class='ocrx_word' id='word_1_352' title='bbox 3083 2113 3223 2166; x_wconf 90' lang='grc' dir='ltr'><strong>κατά</strong></span> <span class='ocrx_word' id='word_1_353' title='bbox 3264 2113 3441 2183; x_wconf 75' lang='grc' dir='ltr'>ψυχὴν</span> <span class='ocrx_word' id='word_1_354' title='bbox 3471 2114 3705 2185; x_wconf 83' lang='grc' dir='ltr'>Ἰσραήλ.</span> 
     </span>
    </p>
   </div>
   <div class='ocr_carea' id='block_1_52' title="bbox 2133 2203 3707 2275">
    <p class='ocr_par' dir='ltr' id='par_1_52' title="bbox 2133 2203 3707 2275">
     <span class='ocr_line' id='line_1_52' title="bbox 2133 2203 3707 2275; baseline -0.002 -15"><span class='ocrx_word' id='word_1_355' title='bbox 2133 2206 2207 2259; x_wconf 89' lang='grc' dir='ltr'><em>Ἢ</em></span> <span class='ocrx_word' id='word_1_356' title='bbox 2238 2206 2432 2270; x_wconf 83' lang='grc' dir='ltr'>ἄλλως,</span> <span class='ocrx_word' id='word_1_357' title='bbox 2460 2205 2845 2275; x_wconf 89' lang='grc' dir='ltr'>διδασκόμενος</span> <span class='ocrx_word' id='word_1_358' title='bbox 2886 2203 2961 2275; x_wconf 88' lang='grc' dir='ltr'>μὴ</span> <span class='ocrx_word' id='word_1_359' title='bbox 2992 2205 3183 2257; x_wconf 79' lang='grc' dir='ltr'>ἑαυτὸν</span> <span class='ocrx_word' id='word_1_360' title='bbox 3217 2205 3374 2273; x_wconf 91' lang='grc' dir='ltr'>μόνον</span> <span class='ocrx_word' id='word_1_361' title='bbox 3401 2203 3707 2272; x_wconf 73' lang='grc' dir='ltr'>φυλάττειν,</span> 
     </span>
    </p>
   </div>
   <div class='ocr_carea' id='block_1_53' title="bbox 2133 2295 3709 2371">
    <p class='ocr_par' dir='ltr' id='par_1_53' title="bbox 2133 2295 3709 2371">
     <span class='ocr_line' id='line_1_53' title="bbox 2133 2295 3709 2371; baseline -0.002 -19"><span class='ocrx_word' id='word_1_362' title='bbox 2133 2299 2267 2371; x_wconf 78' lang='grc' dir='ltr'><strong>μηδέ</strong></span> <span class='ocrx_word' id='word_1_363' title='bbox 2304 2296 2453 2368; x_wconf 81' lang='grc' dir='ltr'>αὐτῷ</span> <span class='ocrx_word' id='word_1_364' title='bbox 2482 2297 2626 2368; x_wconf 86' lang='grc' dir='ltr'>μόνῳ</span> <span class='ocrx_word' id='word_1_365' title='bbox 2673 2296 3012 2359; x_wconf 78' lang='grc' dir='ltr'>σπουδάζειν,</span> <span class='ocrx_word' id='word_1_366' title='bbox 3041 2297 3135 2349; x_wconf 68' lang='grc' dir='ltr'><strong>καλ⁸</strong></span> <span class='ocrx_word' id='word_1_367' title='bbox 3165 2295 3294 2365; x_wconf 71' lang='grc' dir='ltr'>περὶ</span> <span class='ocrx_word' id='word_1_368' title='bbox 3335 2296 3492 2365; x_wconf 87' lang='grc' dir='ltr'>μόνου</span> <span class='ocrx_word' id='word_1_369' title='bbox 3520 2296 3709 2349; x_wconf 80' lang='grc' dir='ltr'>ἑαυτοῦ</span> 
     </span>
    </p>
   </div>
   <div class='ocr_carea' id='block_1_54' title="bbox 2129 2384 3708 2461">
    <p class='ocr_par' dir='ltr' id='par_1_54' title="bbox 2129 2384 3708 2461">
     <span class='ocr_line' id='line_1_54' title="bbox 2129 2384 3708 2461; baseline -0.002 -15"><span class='ocrx_word' id='word_1_370' title='bbox 2129 2395 2220 2446; x_wconf 80' lang='grc' dir='ltr'><strong>τὸν</strong></span> <span class='ocrx_word' id='word_1_371' title='bbox 2269 2392 2400 2445; x_wconf 84' lang='grc' dir='ltr'>Θεὸν</span> <span class='ocrx_word' id='word_1_372' title='bbox 2454 2390 2713 2443; x_wconf 82' lang='grc' dir='ltr'>ἱκετεύειν</span> <span class='ocrx_word' id='word_1_373' title='bbox 2738 2406 2751 2419; x_wconf 88' lang='grc'><strong>·</strong></span> <span class='ocrx_word' id='word_1_374' title='bbox 2789 2389 2925 2461; x_wconf 84' lang='grc' dir='ltr'>μετὰ</span> <span class='ocrx_word' id='word_1_375' title='bbox 2960 2388 3018 2441; x_wconf 84' lang='grc' dir='ltr'><strong>δὲ</strong></span> <span class='ocrx_word' id='word_1_376' title='bbox 3056 2388 3117 2441; x_wconf 88' lang='grc' dir='ltr'><strong>τὸ</strong></span> <span class='ocrx_word' id='word_1_377' title='bbox 3145 2387 3488 2459; x_wconf 88' lang='grc' dir='ltr'>κατορθῶσαι</span> <span class='ocrx_word' id='word_1_378' title='bbox 3520 2389 3614 2441; x_wconf 72' lang='grc' dir='ltr'><strong>καὶ</strong></span> <span class='ocrx_word' id='word_1_379' title='bbox 3647 2384 3708 2443; x_wconf 85' lang='grc' dir='ltr'><strong>εὖ</strong></span> 
     </span>
    </p>
   </div>
   <div class='ocr_carea' id='block_1_55' title="bbox 2130 2476 3708 2548">
    <p class='ocr_par' dir='ltr' id='par_1_55' title="bbox 2130 2476 3708 2548">
     <span class='ocr_line' id='line_1_55' title="bbox 2130 2476 3708 2548; baseline -0.003 -12"><span class='ocrx_word' id='word_1_380' title='bbox 2130 2482 2198 2536; x_wconf 83' lang='grc' dir='ltr'>τὰ</span> <span class='ocrx_word' id='word_1_381' title='bbox 2227 2482 2347 2536; x_wconf 81' lang='grc' dir='ltr'>καθ’</span> <span class='ocrx_word' id='word_1_382' title='bbox 2371 2481 2562 2534; x_wconf 86' lang='grc' dir='ltr'>ἐαυτὸν</span> <span class='ocrx_word' id='word_1_383' title='bbox 2604 2479 2899 2544; x_wconf 83' lang='grc' dir='ltr'>διαθέσθαι,</span> <span class='ocrx_word' id='word_1_384' title='bbox 2936 2478 3076 2548; x_wconf 81' lang='grc' dir='ltr'>ὑπὲρ</span> <span class='ocrx_word' id='word_1_385' title='bbox 3104 2476 3198 2529; x_wconf 87' lang='grc' dir='ltr'><strong>τοῦ</strong></span> <span class='ocrx_word' id='word_1_386' title='bbox 3236 2478 3434 2540; x_wconf 87' lang='grc' dir='ltr'>παντὸς</span> <span class='ocrx_word' id='word_1_387' title='bbox 3460 2477 3588 2530; x_wconf 92' lang='grc' dir='ltr'>λαοῦ</span> <span class='ocrx_word' id='word_1_388' title='bbox 3613 2478 3708 2532; x_wconf 85' lang='grc' dir='ltr'><strong>τοῦ</strong></span> 
     </span>
    </p>
   </div>
   <div class='ocr_carea' id='block_1_56' title="bbox 2130 2568 3709 2641">
    <p class='ocr_par' dir='ltr' id='par_1_56' title="bbox 2130 2568 3709 2641">
     <span class='ocr_line' id='line_1_56' title="bbox 2130 2568 3709 2641; baseline -0.001 -16"><span class='ocrx_word' id='word_1_389' title='bbox 2130 2572 2266 2625; x_wconf 89' lang='grc' dir='ltr'>Θεοῦ</span> <span class='ocrx_word' id='word_1_390' title='bbox 2316 2572 2414 2635; x_wconf 83' lang='grc' dir='ltr'>τὰς</span> <span class='ocrx_word' id='word_1_391' title='bbox 2460 2570 2831 2641; x_wconf 79' lang='grc' dir='ltr'>παρακλήσεις</span> <span class='ocrx_word' id='word_1_392' title='bbox 2861 2568 3208 2639; x_wconf 87' lang='grc' dir='ltr'>ἀναπέμπει·</span> <span class='ocrx_word' id='word_1_393' title='bbox 3266 2568 3495 2621; x_wconf 84' lang='grc' dir='ltr'>ἱκετεύει</span> <span class='ocrx_word' id='word_1_394' title='bbox 3530 2586 3610 2633; x_wconf 91' lang='grc' dir='ltr'><strong>τε,</strong></span> <span class='ocrx_word' id='word_1_395' title='bbox 3643 2570 3709 2624; x_wconf 85' lang='grc' dir='ltr'><strong>ἶν’</strong></span> 
     </span>
    </p>
   </div>
   <div class='ocr_carea' id='block_1_57' title="bbox 2131 2662 3708 2739">
    <p class='ocr_par' dir='ltr' id='par_1_57' title="bbox 2131 2662 3708 2739">
     <span class='ocr_line' id='line_1_57' title="bbox 2131 2662 3708 2739; baseline -0.001 -20"><span class='ocrx_word' id='word_1_396' title='bbox 2131 2665 2279 2719; x_wconf 86' lang='grc' dir='ltr'>ὥσπε</span> <span class='ocrx_word' id='word_1_397' title='bbox 2289 2683 2319 2739; x_wconf 92' lang='grc' dir='ltr'><strong>ρ</strong></span> <span class='ocrx_word' id='word_1_398' title='bbox 2345 2665 2600 2736; x_wconf 83' lang='grc' dir='ltr'>ἀνωτέρω</span> <span class='ocrx_word' id='word_1_399' title='bbox 2631 2664 2821 2718; x_wconf 85' lang='grc' dir='ltr'>ἐαυτὸν</span> <span class='ocrx_word' id='word_1_400' title='bbox 2842 2662 2993 2733; x_wconf 71' lang='grc' dir='ltr'>ἠξίου</span> <span class='ocrx_word' id='word_1_401' title='bbox 3027 2663 3286 2734; x_wconf 81' lang='grc' dir='ltr'>ρυσθῆναι</span> <span class='ocrx_word' id='word_1_402' title='bbox 3320 2664 3427 2716; x_wconf 88' lang='grc' dir='ltr'><strong>ἀπὸ</strong></span> <span class='ocrx_word' id='word_1_403' title='bbox 3450 2664 3558 2717; x_wconf 91' lang='grc' dir='ltr'><strong>τῶν</strong></span> <span class='ocrx_word' id='word_1_404' title='bbox 3582 2666 3708 2718; x_wconf 84' lang='grc' dir='ltr'>ἐαυ-</span> 
     </span>
    </p>
   </div>
   <div class='ocr_carea' id='block_1_58' title="bbox 2131 2761 3707 2835">
    <p class='ocr_par' dir='ltr' id='par_1_58' title="bbox 2131 2761 3707 2835">
     <span class='ocr_line' id='line_1_58' title="bbox 2131 2761 3707 2835; baseline -0.004 -16"><span class='ocrx_word' id='word_1_405' title='bbox 2131 2766 2226 2819; x_wconf 90' lang='grc' dir='ltr'><strong>τοῦ</strong></span> <span class='ocrx_word' id='word_1_406' title='bbox 2278 2764 2546 2835; x_wconf 82' lang='grc' dir='ltr'>θλίψεων,</span> <span class='ocrx_word' id='word_1_407' title='bbox 2592 2765 2733 2818; x_wconf 69' lang='grc' dir='ltr'>οὕτω</span> <span class='ocrx_word' id='word_1_408' title='bbox 2786 2765 2881 2818; x_wconf 75' lang='grc' dir='ltr'><strong>καὶ</strong></span> <span class='ocrx_word' id='word_1_409' title='bbox 2940 2764 3117 2818; x_wconf 86' lang='grc' dir='ltr'>πάντα</span> <span class='ocrx_word' id='word_1_410' title='bbox 3158 2765 3251 2818; x_wconf 86' lang='grc' dir='ltr'><strong>τὸν</strong></span> <span class='ocrx_word' id='word_1_411' title='bbox 3282 2764 3379 2818; x_wconf 90' lang='grc' dir='ltr'><strong>τοῦ</strong></span> <span class='ocrx_word' id='word_1_412' title='bbox 3412 2763 3549 2817; x_wconf 86' lang='grc' dir='ltr'>Θεοῦ</span> <span class='ocrx_word' id='word_1_413' title='bbox 3581 2761 3707 2815; x_wconf 84' lang='grc' dir='ltr'>λαὸν</span> 
     </span>
    </p>
   </div>
   <div class='ocr_carea' id='block_1_59' title="bbox 2133 2856 3254 2929">
    <p class='ocr_par' dir='ltr' id='par_1_59' title="bbox 2133 2856 3254 2929">
     <span class='ocr_line' id='line_1_59' title="bbox 2133 2856 3254 2929; baseline 0.001 -18"><span class='ocrx_word' id='word_1_414' title='bbox 2133 2856 2277 2911; x_wconf 90' lang='grc' dir='ltr'><strong>κατά</strong></span> <span class='ocrx_word' id='word_1_415' title='bbox 2307 2857 2545 2911; x_wconf 88' lang='grc' dir='ltr'>διάνοιαν</span> <span class='ocrx_word' id='word_1_416' title='bbox 2591 2856 2805 2929; x_wconf 77' lang='grc' dir='ltr'>Ἰσραήλ</span> <span class='ocrx_word' id='word_1_417' title='bbox 2836 2856 3254 2929; x_wconf 79' lang='grc' dir='ltr'>ὀνομαζόμενον.</span> 
     </span>
    </p>
   </div>
   <div class='ocr_carea' id='block_1_60' title="bbox 2522 3108 3324 3163">
    <p class='ocr_par' dir='ltr' id='par_1_60' title="bbox 2522 3108 3324 3163">
     <span class='ocr_line' id='line_1_60' title="bbox 2522 3108 3324 3163; baseline 0 -1"><span class='ocrx_word' id='word_1_418' title='bbox 2522 3109 2819 3163; x_wconf 81' lang='grc' dir='ltr'><strong>ΨΔΛΜΟΣ</strong></span> <span class='ocrx_word' id='word_1_419' title='bbox 2843 3109 2929 3162; x_wconf 86' lang='grc' dir='ltr'>ΤΩ</span> <span class='ocrx_word' id='word_1_420' title='bbox 2963 3108 3163 3161; x_wconf 79' lang='grc' dir='ltr'><strong>ΔΑΥΙΔ</strong></span> <span class='ocrx_word' id='word_1_421' title='bbox 3193 3109 3324 3162; x_wconf 86' lang='grc' dir='ltr'><strong>ΚΕ¹.</strong></span> 
     </span>
    </p>
   </div>
   <div class='ocr_carea' id='block_1_61' title="bbox 532 3197 2031 3294">
    <p class='ocr_par' dir='ltr' id='par_1_61' title="bbox 532 3221 2031 3291">
     <span class='ocr_line' id='line_1_61' title="bbox 532 3221 2031 3291; baseline -0.004 -10"><span class='ocrx_word' id='word_1_422' title='bbox 532 3225 699 3281; x_wconf 68' lang='lat' dir='ltr'><strong>Vsus.</strong></span> <span class='ocrx_word' id='word_1_423' title='bbox 719 3225 769 3277; x_wconf 77' lang='grc'>1.</span> <span class='ocrx_word' id='word_1_424' title='bbox 794 3222 991 3276; x_wconf 84' lang='lat' dir='ltr'><strong>Judica</strong></span> <span class='ocrx_word' id='word_1_425' title='bbox 1040 3238 1140 3287; x_wconf 88' lang='lat' dir='ltr'><strong>me,</strong></span> <span class='ocrx_word' id='word_1_426' title='bbox 1191 3221 1429 3286; x_wconf 81' lang='lat' dir='ltr'><strong>Domine,</strong></span> <span class='ocrx_word' id='word_1_427' title='bbox 1469 3221 1718 3290; x_wconf 88' lang='lat' dir='ltr'><strong>quoniam</strong></span> <span class='ocrx_word' id='word_1_428' title='bbox 1748 3236 1841 3291; x_wconf 88' lang='lat' dir='ltr'><strong>ego</strong></span> <span class='ocrx_word' id='word_1_429' title='bbox 1868 3221 1923 3275; x_wconf 89' lang='lat' dir='ltr'><strong>in</strong></span> <span class='ocrx_word' id='word_1_430' title='bbox 1955 3222 2031 3275; x_wconf 85' lang='lat' dir='ltr'><strong>in-</strong></span> 
     </span>
    </p>
   </div>
   <div class='ocr_carea' id='block_1_62' title="bbox 2133 3197 3710 3294">
    <p class='ocr_par' dir='ltr' id='par_1_62' title="bbox 2207 3197 3710 3272">
     <span class='ocr_line' id='line_1_62' title="bbox 2207 3197 3710 3272; baseline -0.003 -14"><span class='ocrx_word' id='word_1_431' title='bbox 2207 3204 2426 3272; x_wconf 76' lang='grc' dir='ltr'><strong>Κρῖνόν</strong></span> <span class='ocrx_word' id='word_1_432' title='bbox 2445 3219 2542 3272; x_wconf 82' lang='grc' dir='ltr'><strong>με,</strong></span> <span class='ocrx_word' id='word_1_433' title='bbox 2577 3204 2773 3270; x_wconf 81' lang='grc' dir='ltr'>Κύριε,</span> <span class='ocrx_word' id='word_1_434' title='bbox 2803 3201 2889 3255; x_wconf 83' lang='grc' dir='ltr'>ὅτι</span> <span class='ocrx_word' id='word_1_435' title='bbox 2914 3200 3028 3269; x_wconf 79' lang='grc' dir='ltr'><strong>ἐγὼ</strong></span> <span class='ocrx_word' id='word_1_436' title='bbox 3061 3201 3130 3254; x_wconf 82' lang='grc' dir='ltr'><strong>ἐν</strong></span> <span class='ocrx_word' id='word_1_437' title='bbox 3165 3200 3385 3268; x_wconf 69' lang='grc' dir='ltr'>ἀκακία</span> <span class='ocrx_word' id='word_1_438' title='bbox 3416 3217 3535 3269; x_wconf 82' lang='grc' dir='ltr'><strong>μου</strong></span> <span class='ocrx_word' id='word_1_439' title='bbox 3576 3197 3710 3254; x_wconf 78' lang='grc' dir='ltr'>ἐπο-</span> 
     </span>
    </p>
   </div>
   <div class='ocr_carea' id='block_1_63' title="bbox 460 3308 2037 3382">
    <p class='ocr_par' dir='ltr' id='par_1_63' title="bbox 460 3308 2037 3382">
     <span class='ocr_line' id='line_1_63' title="bbox 460 3308 2037 3382; baseline -0.006 -9"><span class='ocrx_word' id='word_1_440' title='bbox 460 3317 703 3373; x_wconf 81' lang='lat' dir='ltr'><strong>uocentia</strong></span> <span class='ocrx_word' id='word_1_441' title='bbox 729 3329 845 3367; x_wconf 88' lang='lat' dir='ltr'><strong>mea</strong></span> <span class='ocrx_word' id='word_1_442' title='bbox 882 3328 1190 3382; x_wconf 82' lang='lat' dir='ltr'><strong>progressus</strong></span> <span class='ocrx_word' id='word_1_443' title='bbox 1224 3327 1361 3375; x_wconf 80' lang='lat' dir='ltr'><strong>sum,</strong></span> <span class='ocrx_word' id='word_1_444' title='bbox 1393 3319 1442 3363; x_wconf 87' lang='lat' dir='ltr'><strong>et</strong></span> <span class='ocrx_word' id='word_1_445' title='bbox 1470 3310 1525 3363; x_wconf 89' lang='lat' dir='ltr'><strong>in</strong></span> <span class='ocrx_word' id='word_1_446' title='bbox 1566 3308 1792 3363; x_wconf 87' lang='lat' dir='ltr'><strong>Domino</strong></span> <span class='ocrx_word' id='word_1_447' title='bbox 1822 3324 2037 3377; x_wconf 87' lang='lat' dir='ltr'><strong>sperans</strong></span> 
     </span>
    </p>
   </div>
   <div class='ocr_carea' id='block_1_64' title="bbox 463 3402 2038 3474">
    <p class='ocr_par' dir='ltr' id='par_1_64' title="bbox 463 3402 2038 3474">
     <span class='ocr_line' id='line_1_64' title="bbox 463 3402 2038 3474; baseline -0.006 -7"><span class='ocrx_word' id='word_1_448' title='bbox 463 3427 569 3467; x_wconf 87' lang='lat' dir='ltr'><strong>non</strong></span> <span class='ocrx_word' id='word_1_449' title='bbox 584 3407 961 3464; x_wconf 83' lang='lat' dir='ltr'><strong>commovebar.</strong></span> <span class='ocrx_word' id='word_1_450' title='bbox 983 3405 1238 3460; x_wconf 89' lang='lat' dir='ltr'><strong>Fortasse</strong></span> <span class='ocrx_word' id='word_1_451' title='bbox 1266 3404 1537 3474; x_wconf 76' lang='lat' dir='ltr'><strong>quispiam</strong></span> <span class='ocrx_word' id='word_1_452' title='bbox 1563 3403 1677 3457; x_wconf 83' lang='lat' dir='ltr'><strong>haec</strong></span> <span class='ocrx_word' id='word_1_453' title='bbox 1691 3402 1834 3455; x_wconf 89' lang='lat' dir='ltr'><strong>dicta</strong></span> <span class='ocrx_word' id='word_1_454' title='bbox 1848 3402 2038 3457; x_wconf 80' lang='lat' dir='ltr'><strong>Davidi</strong></span> 
     </span>
    </p>
   </div>
   <div class='ocr_carea' id='block_1_65' title="bbox 462 3493 2037 3573">
    <p class='ocr_par' dir='ltr' id='par_1_65' title="bbox 462 3493 2037 3573">
     <span class='ocr_line' id='line_1_65' title="bbox 462 3493 2037 3573; baseline -0.008 -12"><span class='ocrx_word' id='word_1_455' title='bbox 462 3504 708 3561; x_wconf 78' lang='lat' dir='ltr'><strong>referens</strong></span> <span class='ocrx_word' id='word_1_456' title='bbox 739 3502 985 3573; x_wconf 87' lang='lat' dir='ltr'><strong>apposite</strong></span> <span class='ocrx_word' id='word_1_457' title='bbox 1016 3499 1235 3561; x_wconf 82' lang='lat' dir='ltr'><strong>dixerit,</strong></span> <span class='ocrx_word' id='word_1_458' title='bbox 1265 3498 1447 3568; x_wconf 88' lang='lat' dir='ltr'><strong>ipsum</strong></span> <span class='ocrx_word' id='word_1_459' title='bbox 1473 3496 1748 3566; x_wconf 91' lang='lat' dir='ltr'><strong>supplices</strong></span> <span class='ocrx_word' id='word_1_460' title='bbox 1775 3493 1886 3548; x_wconf 90' lang='lat' dir='ltr'><strong>Deo</strong></span> <span class='ocrx_word' id='word_1_461' title='bbox 1909 3510 2037 3565; x_wconf 90' lang='lat' dir='ltr'><strong>pre-</strong></span> 
     </span>
    </p>
   </div>
   <div class='ocr_carea' id='block_1_66' title="bbox 462 3587 2039 3662">
    <p class='ocr_par' dir='ltr' id='par_1_66' title="bbox 462 3587 2039 3662">
     <span class='ocr_line' id='line_1_66' title="bbox 462 3587 2039 3662; baseline -0.007 -9"><span class='ocrx_word' id='word_1_462' title='bbox 462 3612 556 3654; x_wconf 74' lang='lat' dir='ltr'><strong>ces</strong></span> <span class='ocrx_word' id='word_1_463' title='bbox 578 3594 855 3651; x_wconf 79' lang='lat' dir='ltr'><strong>eﬂ‘undere</strong></span> <span class='ocrx_word' id='word_1_464' title='bbox 884 3607 985 3662; x_wconf 92' lang='lat' dir='ltr'><strong>pro</strong></span> <span class='ocrx_word' id='word_1_465' title='bbox 1012 3594 1123 3646; x_wconf 87' lang='lat' dir='ltr'><strong>vita</strong></span> <span class='ocrx_word' id='word_1_466' title='bbox 1152 3604 1269 3645; x_wconf 89' lang='lat' dir='ltr'><strong>sua.</strong></span> <span class='ocrx_word' id='word_1_467' title='bbox 1310 3587 1448 3642; x_wconf 88' lang='lat' dir='ltr'><strong>Nam</strong></span> <span class='ocrx_word' id='word_1_468' title='bbox 1477 3604 1603 3643; x_wconf 90' lang='lat' dir='ltr'><strong>cum</strong></span> <span class='ocrx_word' id='word_1_469' title='bbox 1641 3596 1867 3643; x_wconf 83' lang='lat' dir='ltr'><strong>sanctus</strong></span> <span class='ocrx_word' id='word_1_470' title='bbox 1892 3589 2039 3659; x_wconf 90' lang='lat' dir='ltr'><strong>Apo-</strong></span> 
     </span>
    </p>
   </div>
   <div class='ocr_carea' id='block_1_67' title="bbox 465 3680 2039 3752">
    <p class='ocr_par' dir='ltr' id='par_1_67' title="bbox 465 3680 2039 3752">
     <span class='ocr_line' id='line_1_67' title="bbox 465 3680 2039 3752; baseline -0.006 -9"><span class='ocrx_word' id='word_1_471' title='bbox 465 3688 640 3744; x_wconf 88' lang='lat' dir='ltr'><strong>stolus</strong></span> <span class='ocrx_word' id='word_1_472' title='bbox 669 3686 816 3740; x_wconf 87' lang='lat' dir='ltr'><strong>dicat</strong></span> <span class='ocrx_word' id='word_1_473' title='bbox 843 3704 856 3739; x_wconf 89' lang='lat'><strong>:</strong></span> <span class='ocrx_word' id='word_1_474' title='bbox 887 3682 1103 3752; x_wconf 86' lang='lat' dir='ltr'><strong>Oportet</strong></span> <span class='ocrx_word' id='word_1_475' title='bbox 1124 3683 1355 3751; x_wconf 85' lang='lat' dir='ltr'><strong>primum</strong></span> <span class='ocrx_word' id='word_1_476' title='bbox 1384 3680 1619 3734; x_wconf 90' lang='lat' dir='ltr'><strong>omnium</strong></span> <span class='ocrx_word' id='word_1_477' title='bbox 1647 3680 1767 3749; x_wconf 77' lang='lat' dir='ltr'><strong>ﬁeri</strong></span> <span class='ocrx_word' id='word_1_478' title='bbox 1797 3680 2039 3734; x_wconf 86' lang='lat' dir='ltr'><strong>obsecra-</strong></span> 
     </span>
    </p>
   </div>
   <div class='ocr_carea' id='block_1_68' title="bbox 465 3772 2033 3843">
    <p class='ocr_par' dir='ltr' id='par_1_68' title="bbox 465 3772 2033 3843">
     <span class='ocr_line' id='line_1_68' title="bbox 465 3772 2033 3843; baseline -0.006 -10"><span class='ocrx_word' id='word_1_479' title='bbox 465 3780 650 3840; x_wconf 81' lang='lat' dir='ltr'><strong>tiones,</strong></span> <span class='ocrx_word' id='word_1_480' title='bbox 673 3776 959 3838; x_wconf 86' lang='lat' dir='ltr'><strong>orationes,</strong></span> <span class='ocrx_word' id='word_1_481' title='bbox 977 3773 1378 3843; x_wconf 83' lang='lat' dir='ltr'><strong>postulationes,</strong></span> <span class='ocrx_word' id='word_1_482' title='bbox 1401 3772 1698 3841; x_wconf 86' lang='lat' dir='ltr'><strong>gratiarum</strong></span> <span class='ocrx_word' id='word_1_483' title='bbox 1711 3772 1943 3825; x_wconf 73' lang='lat' dir='ltr'><strong>actiones</strong></span> <span class='ocrx_word' id='word_1_484' title='bbox 1957 3773 1999 3804; x_wconf 89' lang='grc'><strong>³⁷</strong></span> <span class='ocrx_word' id='word_1_485' title='bbox 2019 3790 2033 3840; x_wconf 88' lang='grc'><strong>;</strong></span> 
     </span>
    </p>
   </div>
   <div class='ocr_carea' id='block_1_69' title="bbox 465 3862 2039 3939">
    <p class='ocr_par' dir='ltr' id='par_1_69' title="bbox 465 3862 2039 3939">
     <span class='ocr_line' id='line_1_69' title="bbox 465 3862 2039 3939; baseline -0.006 -15"><span class='ocrx_word' id='word_1_486' title='bbox 465 3885 531 3923; x_wconf 91' lang='lat' dir='ltr'><strong>ac</strong></span> <span class='ocrx_word' id='word_1_487' title='bbox 581 3868 842 3939; x_wconf 61' lang='lat' dir='ltr'><strong>praedicta</strong></span> <span class='ocrx_word' id='word_1_488' title='bbox 890 3867 945 3921; x_wconf 90' lang='lat' dir='ltr'><strong>in</strong></span> <span class='ocrx_word' id='word_1_489' title='bbox 994 3872 1230 3935; x_wconf 88' lang='lat' dir='ltr'><strong>quatuor</strong></span> <span class='ocrx_word' id='word_1_490' title='bbox 1266 3864 1479 3933; x_wconf 90' lang='lat' dir='ltr'><strong>species</strong></span> <span class='ocrx_word' id='word_1_491' title='bbox 1524 3862 1888 3927; x_wconf 89' lang='lat' dir='ltr'><strong>distribuerit,</strong></span> <span class='ocrx_word' id='word_1_492' title='bbox 1941 3877 2039 3932; x_wconf 92' lang='lat' dir='ltr'><strong>par</strong></span> 
     </span>
    </p>
   </div>
   <div class='ocr_carea' id='block_1_70' title="bbox 464 3952 2038 4029">
    <p class='ocr_par' dir='ltr' id='par_1_70' title="bbox 464 3952 2038 4029">
     <span class='ocr_line' id='line_1_70' title="bbox 464 3952 2038 4029; baseline -0.005 -12"><span class='ocrx_word' id='word_1_493' title='bbox 464 3970 550 4018; x_wconf 90' lang='lat' dir='ltr'><strong>est</strong></span> <span class='ocrx_word' id='word_1_494' title='bbox 578 3976 678 4016; x_wconf 92' lang='lat' dir='ltr'><strong>nos</strong></span> <span class='ocrx_word' id='word_1_495' title='bbox 713 3975 774 4014; x_wconf 89' lang='lat' dir='ltr'><strong>ea</strong></span> <span class='ocrx_word' id='word_1_496' title='bbox 798 3973 918 4029; x_wconf 72' lang='lat' dir='ltr'><strong>qua:</strong></span> <span class='ocrx_word' id='word_1_497' title='bbox 946 3957 1001 4010; x_wconf 91' lang='lat' dir='ltr'><strong>in</strong></span> <span class='ocrx_word' id='word_1_498' title='bbox 1026 3956 1360 4026; x_wconf 85' lang='lat' dir='ltr'><strong>psalmorum</strong></span> <span class='ocrx_word' id='word_1_499' title='bbox 1400 3954 1542 4008; x_wconf 92' lang='lat' dir='ltr'><strong>libro</strong></span> <span class='ocrx_word' id='word_1_500' title='bbox 1580 3952 1833 4009; x_wconf 70' lang='lat' dir='ltr'><strong>feruntur</strong></span> <span class='ocrx_word' id='word_1_501' title='bbox 1856 3963 2038 4009; x_wconf 88' lang='lat' dir='ltr'><strong>mente</strong></span> 
     </span>
    </p>
   </div>
   <div class='ocr_carea' id='block_1_71' title="bbox 467 4047 2038 4125">
    <p class='ocr_par' dir='ltr' id='par_1_71' title="bbox 467 4047 2038 4125">
     <span class='ocr_line' id='line_1_71' title="bbox 467 4047 2038 4125; baseline -0.003 -18"><span class='ocrx_word' id='word_1_502' title='bbox 467 4052 831 4125; x_wconf 85' lang='lat' dir='ltr'><strong>perpendere,</strong></span> <span class='ocrx_word' id='word_1_503' title='bbox 882 4057 1046 4119; x_wconf 85' lang='lat' dir='ltr'><strong>atque</strong></span> <span class='ocrx_word' id='word_1_504' title='bbox 1086 4047 1333 4103; x_wconf 91' lang='lat' dir='ltr'><strong>indicare</strong></span> <span class='ocrx_word' id='word_1_505' title='bbox 1360 4047 1586 4117; x_wconf 90' lang='lat' dir='ltr'><strong>quinam</strong></span> <span class='ocrx_word' id='word_1_506' title='bbox 1637 4062 1829 4102; x_wconf 90' lang='lat' dir='ltr'><strong>eorum</strong></span> <span class='ocrx_word' id='word_1_507' title='bbox 1877 4047 2038 4103; x_wconf 82' lang='lat' dir='ltr'><strong>obse-</strong></span> 
     </span>
    </p>
   </div>
   <div class='ocr_carea' id='block_1_72' title="bbox 466 4140 2038 4219">
    <p class='ocr_par' dir='ltr' id='par_1_72' title="bbox 466 4140 2038 4219">
     <span class='ocr_line' id='line_1_72' title="bbox 466 4140 2038 4219; baseline -0.004 -19"><span class='ocrx_word' id='word_1_508' title='bbox 466 4147 763 4208; x_wconf 89' lang='lat' dir='ltr'><strong>crationes,</strong></span> <span class='ocrx_word' id='word_1_509' title='bbox 796 4144 890 4214; x_wconf 92' lang='lat' dir='ltr'><strong>qui</strong></span> <span class='ocrx_word' id='word_1_510' title='bbox 933 4142 1233 4204; x_wconf 89' lang='lat' dir='ltr'><strong>orationes,</strong></span> <span class='ocrx_word' id='word_1_511' title='bbox 1265 4140 1357 4210; x_wconf 93' lang='lat' dir='ltr'><strong>qui</strong></span> <span class='ocrx_word' id='word_1_512' title='bbox 1402 4141 1824 4219; x_wconf 81' lang='lat' dir='ltr'><strong>postulationes,</strong></span> <span class='ocrx_word' id='word_1_513' title='bbox 1857 4144 2038 4196; x_wconf 82' lang='lat' dir='ltr'><strong>maxi-</strong></span> 
     </span>
    </p>
   </div>
   <div class='ocr_carea' id='block_1_73' title="bbox 466 4231 2038 4307">
    <p class='ocr_par' dir='ltr' id='par_1_73' title="bbox 466 4231 2038 4307">
     <span class='ocr_line' id='line_1_73' title="bbox 466 4231 2038 4307; baseline -0.004 -13"><span class='ocrx_word' id='word_1_514' title='bbox 466 4252 663 4307; x_wconf 89' lang='lat' dir='ltr'><strong>meque</strong></span> <span class='ocrx_word' id='word_1_515' title='bbox 703 4236 797 4306; x_wconf 91' lang='lat' dir='ltr'><strong>qui</strong></span> <span class='ocrx_word' id='word_1_516' title='bbox 845 4236 1144 4305; x_wconf 88' lang='lat' dir='ltr'><strong>gratiarum</strong></span> <span class='ocrx_word' id='word_1_517' title='bbox 1180 4233 1425 4287; x_wconf 87' lang='lat' dir='ltr'><strong>actiones</strong></span> <span class='ocrx_word' id='word_1_518' title='bbox 1474 4231 1806 4302; x_wconf 78' lang='lat' dir='ltr'><strong>praeferant:</strong></span> <span class='ocrx_word' id='word_1_519' title='bbox 1838 4232 2038 4302; x_wconf 86' lang='lat' dir='ltr'><strong>quidve</strong></span> 
     </span>
    </p>
   </div>
   <div class='ocr_carea' id='block_1_74' title="bbox 468 4325 2038 4395">
    <p class='ocr_par' dir='ltr' id='par_1_74' title="bbox 468 4325 2038 4395">
     <span class='ocr_line' id='line_1_74' title="bbox 468 4325 2038 4395; baseline -0.005 -9"><span class='ocrx_word' id='word_1_520' title='bbox 468 4331 617 4386; x_wconf 87' lang='lat' dir='ltr'><strong>aliud</strong></span> <span class='ocrx_word' id='word_1_521' title='bbox 654 4331 723 4383; x_wconf 93' lang='lat' dir='ltr'><strong>ab</strong></span> <span class='ocrx_word' id='word_1_522' title='bbox 758 4328 866 4382; x_wconf 90' lang='lat' dir='ltr'><strong>alio</strong></span> <span class='ocrx_word' id='word_1_523' title='bbox 899 4325 1136 4392; x_wconf 72' lang='lat' dir='ltr'><strong>differat,</strong></span> <span class='ocrx_word' id='word_1_524' title='bbox 1164 4335 1326 4395; x_wconf 88' lang='lat' dir='ltr'><strong>atque</strong></span> <span class='ocrx_word' id='word_1_525' title='bbox 1356 4340 1420 4379; x_wconf 82' lang='lat' dir='ltr'><strong>ex</strong></span> <span class='ocrx_word' id='word_1_526' title='bbox 1460 4331 1571 4378; x_wconf 93' lang='lat' dir='ltr'><strong>toto</strong></span> <span class='ocrx_word' id='word_1_527' title='bbox 1604 4325 1937 4394; x_wconf 89' lang='lat' dir='ltr'><strong>psalmorum</strong></span> <span class='ocrx_word' id='word_1_528' title='bbox 1974 4325 2038 4379; x_wconf 91' lang='lat' dir='ltr'><strong>li-</strong></span> 
     </span>
    </p>
   </div>
   <div class='ocr_carea' id='block_1_75' title="bbox 468 4416 2035 4491">
    <p class='ocr_par' dir='ltr' id='par_1_75' title="bbox 468 4416 2035 4491">
     <span class='ocr_line' id='line_1_75' title="bbox 468 4416 2035 4491; baseline -0.005 -13"><span class='ocrx_word' id='word_1_529' title='bbox 468 4424 569 4479; x_wconf 88' lang='lat' dir='ltr'><strong>bro</strong></span> <span class='ocrx_word' id='word_1_530' title='bbox 599 4434 762 4491; x_wconf 89' lang='lat' dir='ltr'><strong>supra</strong></span> <span class='ocrx_word' id='word_1_531' title='bbox 792 4418 1065 4473; x_wconf 91' lang='lat' dir='ltr'><strong>dictorum</strong></span> <span class='ocrx_word' id='word_1_532' title='bbox 1097 4417 1456 4487; x_wconf 89' lang='lat' dir='ltr'><strong>proprietates</strong></span> <span class='ocrx_word' id='word_1_533' title='bbox 1486 4416 1747 4486; x_wconf 83' lang='lat' dir='ltr'><strong>seligere;</strong></span> <span class='ocrx_word' id='word_1_534' title='bbox 1777 4424 1858 4479; x_wconf 92' lang='lat' dir='ltr'><strong>ut,</strong></span> <span class='ocrx_word' id='word_1_535' title='bbox 1885 4416 2035 4471; x_wconf 83' lang='lat' dir='ltr'><strong>verbi</strong></span> 
     </span>
    </p>
   </div>
   <div class='ocr_carea' id='block_1_76' title="bbox 468 4509 2038 4581">
    <p class='ocr_par' dir='ltr' id='par_1_76' title="bbox 468 4509 2038 4581">
     <span class='ocr_line' id='line_1_76' title="bbox 468 4509 2038 4581; baseline -0.006 -10"><span class='ocrx_word' id='word_1_536' title='bbox 468 4528 655 4581; x_wconf 86' lang='lat' dir='ltr'><strong>causa,</strong></span> <span class='ocrx_word' id='word_1_537' title='bbox 684 4511 1116 4575; x_wconf 78' lang='lat' dir='ltr'><strong>obsecrationes,</strong></span> <span class='ocrx_word' id='word_1_538' title='bbox 1146 4526 1215 4563; x_wconf 77' lang='lat' dir='ltr'><strong>ex</strong></span> <span class='ocrx_word' id='word_1_539' title='bbox 1244 4509 1311 4563; x_wconf 89' lang='lat' dir='ltr'><strong>iis</strong></span> <span class='ocrx_word' id='word_1_540' title='bbox 1340 4509 1569 4579; x_wconf 89' lang='lat' dir='ltr'><strong>psalmis</strong></span> <span class='ocrx_word' id='word_1_541' title='bbox 1600 4509 1693 4579; x_wconf 85' lang='lat' dir='ltr'><strong>qui</strong></span> <span class='ocrx_word' id='word_1_542' title='bbox 1733 4509 2038 4563; x_wconf 80' lang='lat' dir='ltr'><strong>invocatio-</strong></span> 
     </span>
    </p>
   </div>
   <div class='ocr_carea' id='block_1_77' title="bbox 466 4603 2036 4675">
    <p class='ocr_par' dir='ltr' id='par_1_77' title="bbox 466 4603 2036 4675">
     <span class='ocr_line' id='line_1_77' title="bbox 466 4603 2036 4675; baseline -0.004 -10"><span class='ocrx_word' id='word_1_543' title='bbox 466 4624 565 4665; x_wconf 88' lang='lat' dir='ltr'><strong>nes</strong></span> <span class='ocrx_word' id='word_1_544' title='bbox 609 4616 663 4663; x_wconf 89' lang='lat' dir='ltr'><strong>et</strong></span> <span class='ocrx_word' id='word_1_545' title='bbox 719 4604 1146 4675; x_wconf 89' lang='lat' dir='ltr'><strong>supplicationes</strong></span> <span class='ocrx_word' id='word_1_546' title='bbox 1205 4603 1665 4673; x_wconf 88' lang='lat' dir='ltr'><strong>complectuntur,</strong></span> <span class='ocrx_word' id='word_1_547' title='bbox 1727 4603 1782 4656; x_wconf 87' lang='lat' dir='ltr'><strong>in</strong></span> <span class='ocrx_word' id='word_1_548' title='bbox 1837 4603 2036 4672; x_wconf 90' lang='lat' dir='ltr'><strong>quibus</strong></span> 
     </span>
    </p>
   </div>
   <div class='ocr_carea' id='block_1_78' title="bbox 466 4695 2035 4765">
    <p class='ocr_par' dir='ltr' id='par_1_78' title="bbox 466 4695 2035 4765">
     <span class='ocr_line' id='line_1_78' title="bbox 466 4695 2035 4765; baseline -0.004 -8"><span class='ocrx_word' id='word_1_549' title='bbox 466 4709 685 4757; x_wconf 78' lang='lat' dir='ltr'><strong>exstant</strong></span> <span class='ocrx_word' id='word_1_550' title='bbox 721 4700 884 4754; x_wconf 91' lang='lat' dir='ltr'><strong>etiam</strong></span> <span class='ocrx_word' id='word_1_551' title='bbox 926 4695 1336 4760; x_wconf 77' lang='lat' dir='ltr'><strong>confessiones;</strong></span> <span class='ocrx_word' id='word_1_552' title='bbox 1387 4695 1565 4765; x_wconf 88' lang='lat' dir='ltr'><strong>qualis</strong></span> <span class='ocrx_word' id='word_1_553' title='bbox 1617 4704 1700 4751; x_wconf 90' lang='lat' dir='ltr'><strong>est</strong></span> <span class='ocrx_word' id='word_1_554' title='bbox 1739 4695 2035 4763; x_wconf 84' lang='lat' dir='ltr'><strong>vigesimus</strong></span> 
     </span>
    </p>
   </div>
   <div class='ocr_carea' id='block_1_79' title="bbox 465 4784 2036 4864">
    <p class='ocr_par' dir='ltr' id='par_1_79' title="bbox 465 4784 2036 4864">
     <span class='ocr_line' id='line_1_79' title="bbox 465 4784 2036 4864; baseline -0.006 -18"><span class='ocrx_word' id='word_1_555' title='bbox 465 4798 715 4864; x_wconf 63' lang='lat' dir='ltr'><strong>quartus.</strong></span> <span class='ocrx_word' id='word_1_556' title='bbox 734 4788 997 4860; x_wconf 83' lang='lat' dir='ltr'><strong>psalmus,</strong></span> <span class='ocrx_word' id='word_1_557' title='bbox 1030 4788 1123 4857; x_wconf 93' lang='lat' dir='ltr'><strong>qui</strong></span> <span class='ocrx_word' id='word_1_558' title='bbox 1154 4801 1328 4856; x_wconf 88' lang='lat' dir='ltr'><strong>neque</strong></span> <span class='ocrx_word' id='word_1_559' title='bbox 1370 4785 1667 4847; x_wconf 83' lang='lat' dir='ltr'><strong>canticum,</strong></span> <span class='ocrx_word' id='word_1_560' title='bbox 1694 4800 1870 4853; x_wconf 87' lang='lat' dir='ltr'><strong>neque</strong></span> <span class='ocrx_word' id='word_1_561' title='bbox 1890 4784 2036 4853; x_wconf 85' lang='lat' dir='ltr'><strong>psal-</strong></span> 
     </span>
    </p>
   </div>
   <div class='ocr_carea' id='block_1_80' title="bbox 467 4875 2032 4952">
    <p class='ocr_par' dir='ltr' id='par_1_80' title="bbox 467 4875 2032 4952">
     <span class='ocr_line' id='line_1_80' title="bbox 467 4875 2032 4952; baseline -0.006 -13"><span class='ocrx_word' id='word_1_562' title='bbox 467 4900 610 4949; x_wconf 92' lang='lat' dir='ltr'><strong>mus,</strong></span> <span class='ocrx_word' id='word_1_563' title='bbox 648 4896 823 4952; x_wconf 88' lang='lat' dir='ltr'><strong>neque</strong></span> <span class='ocrx_word' id='word_1_564' title='bbox 853 4881 1110 4951; x_wconf 86' lang='lat' dir='ltr'><strong>hymnus,</strong></span> <span class='ocrx_word' id='word_1_565' title='bbox 1152 4892 1330 4948; x_wconf 89' lang='lat' dir='ltr'><strong>neque</strong></span> <span class='ocrx_word' id='word_1_566' title='bbox 1373 4876 1551 4932; x_wconf 91' lang='lat' dir='ltr'><strong>simile</strong></span> <span class='ocrx_word' id='word_1_567' title='bbox 1588 4875 1891 4947; x_wconf 89' lang='lat' dir='ltr'><strong>quidpiam,</strong></span> <span class='ocrx_word' id='word_1_568' title='bbox 1933 4876 2032 4930; x_wconf 89' lang='lat' dir='ltr'><strong>sed</strong></span> 
     </span>
    </p>
   </div>
   <div class='ocr_carea' id='block_1_81' title="bbox 466 4970 2034 5039">
    <p class='ocr_par' dir='ltr' id='par_1_81' title="bbox 466 4970 2034 5039">
     <span class='ocr_line' id='line_1_81' title="bbox 466 4970 2034 5039; baseline -0.004 -10"><span class='ocrx_word' id='word_1_569' title='bbox 466 4975 655 5031; x_wconf 87' lang='lat' dir='ltr'><strong>Davidi</strong></span> <span class='ocrx_word' id='word_1_570' title='bbox 685 4976 863 5031; x_wconf 91' lang='lat' dir='ltr'><strong>solum</strong></span> <span class='ocrx_word' id='word_1_571' title='bbox 891 4973 1227 5029; x_wconf 87' lang='lat' dir='ltr'><strong>inscribitur.</strong></span> <span class='ocrx_word' id='word_1_572' title='bbox 1259 4970 1549 5026; x_wconf 89' lang='lat' dir='ltr'><strong>Orationes</strong></span> <span class='ocrx_word' id='word_1_573' title='bbox 1578 4976 1729 5033; x_wconf 90' lang='lat' dir='ltr'><strong>sunt,</strong></span> <span class='ocrx_word' id='word_1_574' title='bbox 1766 4976 2034 5039; x_wconf 88' lang='lat' dir='ltr'><strong>quotquot</strong></span> 
     </span>
    </p>
   </div>
   <div class='ocr_carea' id='block_1_82' title="bbox 467 5061 2037 5139">
    <p class='ocr_par' dir='ltr' id='par_1_82' title="bbox 467 5061 2037 5139">
     <span class='ocr_line' id='line_1_82' title="bbox 467 5061 2037 5139; baseline -0.004 -17"><span class='ocrx_word' id='word_1_575' title='bbox 467 5068 661 5139; x_wconf 88' lang='lat' dir='ltr'><strong>psalmi</strong></span> <span class='ocrx_word' id='word_1_576' title='bbox 695 5069 749 5121; x_wconf 89' lang='lat' dir='ltr'><strong>in</strong></span> <span class='ocrx_word' id='word_1_577' title='bbox 779 5066 938 5121; x_wconf 87' lang='lat' dir='ltr'><strong>titulo</strong></span> <span class='ocrx_word' id='word_1_578' title='bbox 967 5065 1246 5119; x_wconf 90' lang='lat' dir='ltr'><strong>orationes</strong></span> <span class='ocrx_word' id='word_1_579' title='bbox 1275 5063 1568 5125; x_wconf 90' lang='lat' dir='ltr'><strong>dicuntur;</strong></span> <span class='ocrx_word' id='word_1_580' title='bbox 1602 5061 1913 5132; x_wconf 72' lang='lat' dir='ltr'><strong>cuiusmodi</strong></span> <span class='ocrx_word' id='word_1_581' title='bbox 1954 5069 2037 5116; x_wconf 90' lang='lat' dir='ltr'><strong>est</strong></span> 
     </span>
    </p>
   </div>
   <div class='ocr_carea' id='block_1_83' title="bbox 467 5154 2036 5227">
    <p class='ocr_par' dir='ltr' id='par_1_83' title="bbox 467 5154 2036 5227">
     <span class='ocr_line' id='line_1_83' title="bbox 467 5154 2036 5227; baseline -0.003 -13"><span class='ocrx_word' id='word_1_582' title='bbox 467 5159 712 5215; x_wconf 90' lang='lat' dir='ltr'><strong>decimus</strong></span> <span class='ocrx_word' id='word_1_583' title='bbox 742 5168 952 5223; x_wconf 81' lang='lat' dir='ltr'><strong>sextus,</strong></span> <span class='ocrx_word' id='word_1_584' title='bbox 985 5156 1350 5227; x_wconf 88' lang='lat' dir='ltr'><strong>octogesimus</strong></span> <span class='ocrx_word' id='word_1_585' title='bbox 1383 5156 1632 5224; x_wconf 87' lang='lat' dir='ltr'><strong>quintus,</strong></span> <span class='ocrx_word' id='word_1_586' title='bbox 1664 5154 2036 5223; x_wconf 86' lang='lat' dir='ltr'><strong>octogesimus</strong></span> 
     </span>
    </p>
   </div>
   <div class='ocr_carea' id='block_1_84' title="bbox 468 5247 2036 5319">
    <p class='ocr_par' dir='ltr' id='par_1_84' title="bbox 468 5247 2036 5319">
     <span class='ocr_line' id='line_1_84' title="bbox 468 5247 2036 5319; baseline -0.004 -12"><span class='ocrx_word' id='word_1_587' title='bbox 468 5268 669 5317; x_wconf 90' lang='lat' dir='ltr'><strong>nonus,</strong></span> <span class='ocrx_word' id='word_1_588' title='bbox 717 5252 1050 5308; x_wconf 90' lang='lat' dir='ltr'><strong>centesimus</strong></span> <span class='ocrx_word' id='word_1_589' title='bbox 1093 5250 1325 5319; x_wconf 92' lang='lat' dir='ltr'><strong>primus,</strong></span> <span class='ocrx_word' id='word_1_590' title='bbox 1369 5247 1701 5303; x_wconf 87' lang='lat' dir='ltr'><strong>centesimus</strong></span> <span class='ocrx_word' id='word_1_591' title='bbox 1732 5250 2036 5317; x_wconf 84' lang='lat' dir='ltr'><strong>quadrage-</strong></span> 
     </span>
    </p>
   </div>
   <div class='ocr_carea' id='block_1_85' title="bbox 470 5338 2034 5413">
    <p class='ocr_par' dir='ltr' id='par_1_85' title="bbox 470 5338 2034 5413">
     <span class='ocr_line' id='line_1_85' title="bbox 470 5338 2034 5413; baseline -0.005 -13"><span class='ocrx_word' id='word_1_592' title='bbox 470 5345 641 5404; x_wconf 88' lang='lat' dir='ltr'><strong>simus</strong></span> <span class='ocrx_word' id='word_1_593' title='bbox 680 5343 912 5413; x_wconf 89' lang='lat' dir='ltr'><strong>primus.</strong></span> <span class='ocrx_word' id='word_1_594' title='bbox 960 5342 1272 5397; x_wconf 86' lang='lat' dir='ltr'><strong>Gratiarum</strong></span> <span class='ocrx_word' id='word_1_595' title='bbox 1314 5340 1559 5395; x_wconf 89' lang='lat' dir='ltr'><strong>actiones</strong></span> <span class='ocrx_word' id='word_1_596' title='bbox 1607 5349 1755 5405; x_wconf 92' lang='lat' dir='ltr'><strong>sunt,</strong></span> <span class='ocrx_word' id='word_1_597' title='bbox 1787 5340 1881 5408; x_wconf 88' lang='lat' dir='ltr'><strong>qui</strong></span> <span class='ocrx_word' id='word_1_598' title='bbox 1914 5338 2034 5408; x_wconf 73' lang='lat' dir='ltr'><strong>pani</strong></span> 
     </span>
    </p>
   </div>
   <div class='ocr_carea' id='block_1_86' title="bbox 468 5429 2033 5499">
    <p class='ocr_par' dir='ltr' id='par_1_86' title="bbox 468 5429 2033 5499">
     <span class='ocr_line' id='line_1_86' title="bbox 468 5429 2033 5499; baseline -0.005 -10"><span class='ocrx_word' id='word_1_599' title='bbox 468 5437 682 5491; x_wconf 89' lang='lat' dir='ltr'><strong>ratione</strong></span> <span class='ocrx_word' id='word_1_600' title='bbox 710 5450 773 5489; x_wconf 91' lang='lat' dir='ltr'><strong>ac</strong></span> <span class='ocrx_word' id='word_1_601' title='bbox 803 5434 1136 5489; x_wconf 91' lang='lat' dir='ltr'><strong>centesimus</strong></span> <span class='ocrx_word' id='word_1_602' title='bbox 1167 5431 1441 5489; x_wconf 90' lang='lat' dir='ltr'><strong>secundus</strong></span> <span class='ocrx_word' id='word_1_603' title='bbox 1464 5430 1760 5499; x_wconf 89' lang='lat' dir='ltr'><strong>conscripti</strong></span> <span class='ocrx_word' id='word_1_604' title='bbox 1797 5438 1948 5493; x_wconf 89' lang='lat' dir='ltr'><strong>sunt,</strong></span> <span class='ocrx_word' id='word_1_605' title='bbox 1977 5429 2033 5482; x_wconf 90' lang='lat' dir='ltr'><strong>in</strong></span> 
     </span>
    </p>
   </div>
   <div class='ocr_carea' id='block_1_87' title="bbox 469 5519 2033 5596">
    <p class='ocr_par' dir='ltr' id='par_1_87' title="bbox 469 5519 2033 5596">
     <span class='ocr_line' id='line_1_87' title="bbox 469 5519 2033 5596; baseline -0.004 -16"><span class='ocrx_word' id='word_1_606' title='bbox 469 5543 576 5596; x_wconf 89' lang='lat' dir='ltr'><strong>quo</strong></span> <span class='ocrx_word' id='word_1_607' title='bbox 616 5528 698 5583; x_wconf 89' lang='lat' dir='ltr'><strong>sic</strong></span> <span class='ocrx_word' id='word_1_608' title='bbox 740 5527 978 5595; x_wconf 85' lang='lat' dir='ltr'><strong>legitur:</strong></span> <span class='ocrx_word' id='word_1_609' title='bbox 1004 5524 1250 5587; x_wconf 81' lang='lat' dir='ltr'><strong>Benedic,</strong></span> <span class='ocrx_word' id='word_1_610' title='bbox 1299 5523 1481 5577; x_wconf 89' lang='lat' dir='ltr'><strong>anima</strong></span> <span class='ocrx_word' id='word_1_611' title='bbox 1514 5537 1650 5589; x_wconf 83' lang='lat' dir='ltr'><strong>mea,</strong></span> <span class='ocrx_word' id='word_1_612' title='bbox 1702 5519 1954 5583; x_wconf 87' lang='lat' dir='ltr'><strong>Domino,</strong></span> <span class='ocrx_word' id='word_1_613' title='bbox 1982 5528 2033 5573; x_wconf 78' lang='lat' dir='ltr'><strong>et</strong></span> 
     </span>
    </p>
   </div>
   <div class='ocr_carea' id='block_1_88' title="bbox 468 5614 2029 5684">
    <p class='ocr_par' dir='ltr' id='par_1_88' title="bbox 468 5614 2029 5684">
     <span class='ocr_line' id='line_1_88' title="bbox 468 5614 2029 5684; baseline -0.005 -11"><span class='ocrx_word' id='word_1_614' title='bbox 468 5620 577 5673; x_wconf 89' lang='lat' dir='ltr'><strong>noli</strong></span> <span class='ocrx_word' id='word_1_615' title='bbox 633 5618 870 5673; x_wconf 83' lang='lat' dir='ltr'><strong>oblivisci</strong></span> <span class='ocrx_word' id='word_1_616' title='bbox 911 5633 1088 5672; x_wconf 86' lang='lat' dir='ltr'><strong>omnes</strong></span> <span class='ocrx_word' id='word_1_617' title='bbox 1130 5614 1499 5671; x_wconf 82' lang='lat' dir='ltr'><strong>retributiones</strong></span> <span class='ocrx_word' id='word_1_618' title='bbox 1532 5614 1680 5684; x_wconf 84' lang='lat' dir='ltr'><strong>ejus,</strong></span> <span class='ocrx_word' id='word_1_619' title='bbox 1725 5620 1780 5667; x_wconf 88' lang='lat' dir='ltr'><strong>et</strong></span> <span class='ocrx_word' id='word_1_620' title='bbox 1814 5618 2029 5667; x_wconf 68' lang='lat' dir='ltr'><strong>caetera.</strong></span> 
     </span>
    </p>
   </div>
   <div class='ocr_carea' id='block_1_89' title="bbox 537 5764 1953 5839">
    <p class='ocr_par' dir='ltr' id='par_1_89' title="bbox 537 5764 1953 5839">
     <span class='ocr_line' id='line_1_89' title="bbox 537 5764 1953 5839; baseline -0.006 -11"><span class='ocrx_word' id='word_1_621' title='bbox 537 5776 581 5811; x_wconf 73' lang='grc'><strong>³⁷</strong></span> <span class='ocrx_word' id='word_1_622' title='bbox 623 5774 642 5828; x_wconf 92' lang='lat' dir='ltr'><strong>l</strong></span> <span class='ocrx_word' id='word_1_623' title='bbox 676 5773 817 5828; x_wconf 85' lang='lat' dir='ltr'><strong>Tim.</strong></span> <span class='ocrx_word' id='word_1_624' title='bbox 855 5790 931 5834; x_wconf 81' lang='grc' dir='ltr'><strong>ιι.</strong></span> <span class='ocrx_word' id='word_1_625' title='bbox 970 5773 1020 5828; x_wconf 78' lang='grc'>1.</span> <span class='ocrx_word' id='word_1_626' title='bbox 1062 5770 1197 5828; x_wconf 77' lang='lat' dir='ltr'><strong>Vide</strong></span> <span class='ocrx_word' id='word_1_627' title='bbox 1230 5786 1389 5838; x_wconf 88' lang='lat' dir='ltr'><strong>supra</strong></span> <span class='ocrx_word' id='word_1_628' title='bbox 1422 5771 1617 5839; x_wconf 86' lang='lat' dir='ltr'><strong>psalm.</strong></span> <span class='ocrx_word' id='word_1_629' title='bbox 1655 5783 1766 5835; x_wconf 84' lang='lat' dir='ltr'><strong>vn,</strong></span> <span class='ocrx_word' id='word_1_630' title='bbox 1801 5767 1863 5835; x_wconf 78' lang='grc'>1,</span> <span class='ocrx_word' id='word_1_631' title='bbox 1902 5764 1953 5821; x_wconf 83' lang='grc'>5.</span> 
     </span>
    </p>
   </div>
   <div class='ocr_carea' id='block_1_90' title="bbox 2130 3288 3709 3364">
    <p class='ocr_par' dir='ltr' id='par_1_90' title="bbox 2130 3288 3709 3364">
     <span class='ocr_line' id='line_1_90' title="bbox 2130 3288 3709 3364; baseline -0.007 -14"><span class='ocrx_word' id='word_1_632' title='bbox 2130 3298 2378 3364; x_wconf 75' lang='grc' dir='ltr'>ρεύθην,</span> <span class='ocrx_word' id='word_1_633' title='bbox 2401 3294 2501 3348; x_wconf 80' lang='grc' dir='ltr'>καὶ</span> <span class='ocrx_word' id='word_1_634' title='bbox 2520 3294 2619 3347; x_wconf 81' lang='grc' dir='ltr'><strong>ἐπὶ</strong></span> <span class='ocrx_word' id='word_1_635' title='bbox 2638 3292 2718 3359; x_wconf 86' lang='grc' dir='ltr'>τῷ</span> <span class='ocrx_word' id='word_1_636' title='bbox 2734 3294 2925 3361; x_wconf 82' lang='grc' dir='ltr'>Κυρίῳ</span> <span class='ocrx_word' id='word_1_637' title='bbox 2940 3290 3195 3352; x_wconf 79' lang='grc' dir='ltr'>ἐλπίζων</span> <span class='ocrx_word' id='word_1_638' title='bbox 3211 3294 3283 3344; x_wconf 85' lang='grc' dir='ltr'>οὐ</span> <span class='ocrx_word' id='word_1_639' title='bbox 3306 3290 3392 3360; x_wconf 82' lang='grc' dir='ltr'>μὴ</span> <span class='ocrx_word' id='word_1_640' title='bbox 3410 3288 3709 3345; x_wconf 77' lang='grc' dir='ltr'>σαλευθῶ.</span> 
     </span>
    </p>
   </div>
   <div class='ocr_carea' id='block_1_91' title="bbox 2151 3383 3712 3455">
    <p class='ocr_par' dir='ltr' id='par_1_91' title="bbox 2151 3383 3712 3455">
     <span class='ocr_line' id='line_1_91' title="bbox 2151 3383 3712 3455; baseline -0.004 -14"><span class='ocrx_word' id='word_1_641' title='bbox 2151 3388 2317 3451; x_wconf 86' lang='grc' dir='ltr'>Ἰδίως</span> <span class='ocrx_word' id='word_1_642' title='bbox 2352 3387 2417 3441; x_wconf 80' lang='grc' dir='ltr'>ἄν</span> <span class='ocrx_word' id='word_1_643' title='bbox 2444 3404 2528 3450; x_wconf 88' lang='grc' dir='ltr'><strong>τις</strong></span> <span class='ocrx_word' id='word_1_644' title='bbox 2567 3386 2662 3439; x_wconf 70' lang='grc' dir='ltr'><strong>ἐπὶ</strong></span> <span class='ocrx_word' id='word_1_645' title='bbox 2704 3385 2794 3438; x_wconf 85' lang='grc' dir='ltr'><strong>τὸν</strong></span> <span class='ocrx_word' id='word_1_646' title='bbox 2821 3383 2983 3437; x_wconf 78' lang='grc' dir='ltr'><strong>Δαυῖδ</strong></span> <span class='ocrx_word' id='word_1_647' title='bbox 3030 3384 3314 3453; x_wconf 72' lang='grc' dir='ltr'>ἀναφέρων</span> <span class='ocrx_word' id='word_1_648' title='bbox 3337 3384 3462 3446; x_wconf 84' lang='grc' dir='ltr'>τοὺς</span> <span class='ocrx_word' id='word_1_649' title='bbox 3494 3400 3712 3455; x_wconf 68' lang='grc' dir='ltr'>προκειυ</span> 
     </span>
    </p>
   </div>
   <div class='ocr_carea' id='block_1_92' title="bbox 2141 3473 3711 3550">
    <p class='ocr_par' dir='ltr' id='par_1_92' title="bbox 2141 3473 3711 3550">
     <span class='ocr_line' id='line_1_92' title="bbox 2141 3473 3711 3550; baseline -0.006 -17"><span class='ocrx_word' id='word_1_650' title='bbox 2141 3480 2334 3550; x_wconf 85' lang='grc' dir='ltr'>μένους</span> <span class='ocrx_word' id='word_1_651' title='bbox 2362 3478 2571 3547; x_wconf 82' lang='grc' dir='ltr'>λόγους,</span> <span class='ocrx_word' id='word_1_652' title='bbox 2596 3477 2736 3530; x_wconf 77' lang='grc' dir='ltr'>εἴποι</span> <span class='ocrx_word' id='word_1_653' title='bbox 2758 3475 2823 3529; x_wconf 86' lang='grc' dir='ltr'>ἂν</span> <span class='ocrx_word' id='word_1_654' title='bbox 2844 3475 3092 3544; x_wconf 87' lang='grc' dir='ltr'>ἐντυχίαν</span> <span class='ocrx_word' id='word_1_655' title='bbox 3106 3475 3268 3527; x_wconf 75' lang='grc' dir='ltr'>αὑτὸν</span> <span class='ocrx_word' id='word_1_656' title='bbox 3288 3474 3556 3527; x_wconf 85' lang='grc' dir='ltr'>ποιεῖσθαι</span> <span class='ocrx_word' id='word_1_657' title='bbox 3578 3473 3711 3544; x_wconf 79' lang='grc' dir='ltr'>πρὸς</span> 
     </span>
    </p>
   </div>
   <div class='ocr_carea' id='block_1_93' title="bbox 2136 3565 3711 3639">
    <p class='ocr_par' dir='ltr' id='par_1_93' title="bbox 2136 3565 3711 3639">
     <span class='ocr_line' id='line_1_93' title="bbox 2136 3565 3711 3639; baseline -0.003 -17"><span class='ocrx_word' id='word_1_658' title='bbox 2136 3571 2226 3623; x_wconf 89' lang='grc' dir='ltr'><strong>τὸν</strong></span> <span class='ocrx_word' id='word_1_659' title='bbox 2252 3569 2383 3622; x_wconf 80' lang='grc' dir='ltr'>Θεὸν</span> <span class='ocrx_word' id='word_1_660' title='bbox 2416 3568 2544 3639; x_wconf 73' lang='grc' dir='ltr'>περὶ</span> <span class='ocrx_word' id='word_1_661' title='bbox 2568 3567 2661 3621; x_wconf 89' lang='grc' dir='ltr'><strong>τοῦ</strong></span> <span class='ocrx_word' id='word_1_662' title='bbox 2691 3566 2817 3620; x_wconf 82' lang='grc' dir='ltr'>ἱδίου</span> <span class='ocrx_word' id='word_1_663' title='bbox 2850 3566 2983 3637; x_wconf 84' lang='grc' dir='ltr'>βίου.</span> <span class='ocrx_word' id='word_1_664' title='bbox 3015 3565 3121 3618; x_wconf 89' lang='grc' dir='ltr'>Τοῦ</span> <span class='ocrx_word' id='word_1_665' title='bbox 3139 3566 3247 3638; x_wconf 79' lang='grc' dir='ltr'>γὰρ</span> <span class='ocrx_word' id='word_1_666' title='bbox 3270 3565 3416 3637; x_wconf 87' lang='grc' dir='ltr'>ἱεροῦ</span> <span class='ocrx_word' id='word_1_667' title='bbox 3455 3565 3711 3618; x_wconf 84' lang='grc' dir='ltr'>Ἀποστό-</span> 
     </span>
    </p>
   </div>
   <div class='ocr_carea' id='block_1_94' title="bbox 2137 3655 3713 3731">
    <p class='ocr_par' dir='ltr' id='par_1_94' title="bbox 2137 3655 3713 3731">
     <span class='ocr_line' id='line_1_94' title="bbox 2137 3655 3713 3731; baseline -0.002 -19"><span class='ocrx_word' id='word_1_668' title='bbox 2137 3659 2230 3713; x_wconf 86' lang='grc' dir='ltr'><strong>λου</strong></span> <span class='ocrx_word' id='word_1_669' title='bbox 2262 3661 2560 3731; x_wconf 74' lang='grc' dir='ltr'>φήσαντοςο</span> <span class='ocrx_word' id='word_1_670' title='bbox 2605 3657 2844 3727; x_wconf 79' lang='grc' dir='ltr'>Πρῶτον</span> <span class='ocrx_word' id='word_1_671' title='bbox 2882 3657 3118 3711; x_wconf 76' lang='grc' dir='ltr'>πάντων</span> <span class='ocrx_word' id='word_1_672' title='bbox 3144 3659 3239 3711; x_wconf 83' lang='grc' dir='ltr'>δεῖ</span> <span class='ocrx_word' id='word_1_673' title='bbox 3257 3658 3551 3711; x_wconf 81' lang='grc' dir='ltr'>ποιεῖσθαι</span> <span class='ocrx_word' id='word_1_674' title='bbox 3578 3655 3713 3724; x_wconf 81' lang='grc' dir='ltr'>δεή-</span> 
     </span>
    </p>
   </div>
   <div class='ocr_carea' id='block_1_95' title="bbox 2138 3748 3714 3821">
    <p class='ocr_par' dir='ltr' id='par_1_95' title="bbox 2138 3748 3714 3821">
     <span class='ocr_line' id='line_1_95' title="bbox 2138 3748 3714 3821; baseline -0.003 -16"><span class='ocrx_word' id='word_1_675' title='bbox 2138 3767 2289 3818; x_wconf 86' lang='grc' dir='ltr'>σεις,</span> <span class='ocrx_word' id='word_1_676' title='bbox 2340 3751 2718 3821; x_wconf 84' lang='grc' dir='ltr'>προσευχὰς,</span> <span class='ocrx_word' id='word_1_677' title='bbox 2752 3751 3089 3817; x_wconf 75' lang='grc' dir='ltr'>ἐντεύξεις,</span> <span class='ocrx_word' id='word_1_678' title='bbox 3128 3750 3545 3819; x_wconf 77' lang='grc' dir='ltr'>εὐχαριστίας·</span> <span class='ocrx_word' id='word_1_679' title='bbox 3618 3748 3714 3800; x_wconf 76' lang='grc' dir='ltr'>καὶ</span> 
     </span>
    </p>
   </div>
   <div class='ocr_carea' id='block_1_96' title="bbox 2136 3843 3711 3916">
    <p class='ocr_par' dir='ltr' id='par_1_96' title="bbox 2136 3843 3711 3916">
     <span class='ocr_line' id='line_1_96' title="bbox 2136 3843 3711 3916; baseline -0.003 -17"><span class='ocrx_word' id='word_1_680' title='bbox 2136 3844 2399 3907; x_wconf 87' lang='grc' dir='ltr'>διελόντος</span> <span class='ocrx_word' id='word_1_681' title='bbox 2443 3845 2512 3898; x_wconf 83' lang='grc' dir='ltr'>τὰ</span> <span class='ocrx_word' id='word_1_682' title='bbox 2558 3843 2924 3916; x_wconf 85' lang='grc' dir='ltr'>προλεχθέντα</span> <span class='ocrx_word' id='word_1_683' title='bbox 2971 3845 3049 3907; x_wconf 84' lang='grc' dir='ltr'><strong>εἰς</strong></span> <span class='ocrx_word' id='word_1_684' title='bbox 3103 3844 3217 3914; x_wconf 82' lang='grc' dir='ltr'>εἴδη</span> <span class='ocrx_word' id='word_1_685' title='bbox 3261 3844 3521 3914; x_wconf 91' lang='grc' dir='ltr'>τέσσαρα,</span> <span class='ocrx_word' id='word_1_686' title='bbox 3561 3843 3711 3912; x_wconf 81' lang='grc' dir='ltr'>ἡμᾶς</span> 
     </span>
    </p>
   </div>
   <div class='ocr_carea' id='block_1_97' title="bbox 2138 3934 3712 4011">
    <p class='ocr_par' dir='ltr' id='par_1_97' title="bbox 2138 3934 3712 4011">
     <span class='ocr_line' id='line_1_97' title="bbox 2138 3934 3712 4011; baseline -0.002 -20"><span class='ocrx_word' id='word_1_687' title='bbox 2138 3940 2404 4011; x_wconf 86' lang='grc' dir='ltr'>προσήκει</span> <span class='ocrx_word' id='word_1_688' title='bbox 2430 3938 2530 4010; x_wconf 81' lang='grc' dir='ltr'>τὴν</span> <span class='ocrx_word' id='word_1_689' title='bbox 2560 3938 2795 3991; x_wconf 86' lang='grc' dir='ltr'>διάνοιαν</span> <span class='ocrx_word' id='word_1_690' title='bbox 2822 3940 2934 4000; x_wconf 83' lang='grc' dir='ltr'>τοῖς</span> <span class='ocrx_word' id='word_1_691' title='bbox 2969 3939 3026 3990; x_wconf 90' lang='grc' dir='ltr'><strong>ἐν</strong></span> <span class='ocrx_word' id='word_1_692' title='bbox 3051 3940 3118 4007; x_wconf 81' lang='grc' dir='ltr'>τῇ</span> <span class='ocrx_word' id='word_1_693' title='bbox 3146 3937 3312 4007; x_wconf 83' lang='grc' dir='ltr'>βίϐλῳ</span> <span class='ocrx_word' id='word_1_694' title='bbox 3345 3936 3452 3989; x_wconf 88' lang='grc' dir='ltr'><strong>τῶν</strong></span> <span class='ocrx_word' id='word_1_695' title='bbox 3467 3934 3712 4005; x_wconf 80' lang='grc' dir='ltr'>Ψαλμῶν</span> 
     </span>
    </p>
   </div>
   <div class='ocr_carea' id='block_1_98' title="bbox 2138 4026 3711 4101">
    <p class='ocr_par' dir='ltr' id='par_1_98' title="bbox 2138 4026 3711 4101">
     <span class='ocr_line' id='line_1_98' title="bbox 2138 4026 3711 4101; baseline -0.003 -19"><span class='ocrx_word' id='word_1_696' title='bbox 2138 4029 2533 4101; x_wconf 83' lang='grc' dir='ltr'>ἐμφερομένοις</span> <span class='ocrx_word' id='word_1_697' title='bbox 2580 4030 2805 4100; x_wconf 82' lang='grc' dir='ltr'>ἐφιστᾷν</span> <span class='ocrx_word' id='word_1_698' title='bbox 2849 4029 2940 4081; x_wconf 77' lang='grc' dir='ltr'><strong>τὸν</strong></span> <span class='ocrx_word' id='word_1_699' title='bbox 2987 4028 3130 4095; x_wconf 88' lang='grc' dir='ltr'>νοῦν,</span> <span class='ocrx_word' id='word_1_700' title='bbox 3186 4026 3711 4098; x_wconf 83' lang='grc' dir='ltr'>ἐπισημαινομένους</span> 
     </span>
    </p>
   </div>
   <div class='ocr_carea' id='block_1_99' title="bbox 2137 4120 3712 4194">
    <p class='ocr_par' dir='ltr' id='par_1_99' title="bbox 2137 4120 3712 4194">
     <span class='ocr_line' id='line_1_99' title="bbox 2137 4120 3712 4194; baseline -0.003 -19"><span class='ocrx_word' id='word_1_701' title='bbox 2137 4123 2279 4185; x_wconf 88' lang='grc' dir='ltr'>τίνες</span> <span class='ocrx_word' id='word_1_702' title='bbox 2307 4123 2401 4194; x_wconf 79' lang='grc' dir='ltr'><strong>μὲν</strong></span> <span class='ocrx_word' id='word_1_703' title='bbox 2427 4122 2604 4177; x_wconf 77' lang='grc' dir='ltr'>αὐτῶν</span> <span class='ocrx_word' id='word_1_704' title='bbox 2632 4121 2961 4193; x_wconf 88' lang='grc' dir='ltr'>’περιέχουσι</span> <span class='ocrx_word' id='word_1_705' title='bbox 2984 4121 3217 4192; x_wconf 86' lang='grc' dir='ltr'>δεήσεις,</span> <span class='ocrx_word' id='word_1_706' title='bbox 3248 4120 3342 4174; x_wconf 77' lang='grc' dir='ltr'>καὶ</span> <span class='ocrx_word' id='word_1_707' title='bbox 3369 4120 3513 4183; x_wconf 87' lang='grc' dir='ltr'>τίνες</span> <span class='ocrx_word' id='word_1_708' title='bbox 3543 4136 3712 4191; x_wconf 87' lang='grc' dir='ltr'>προσ-</span> 
     </span>
    </p>
   </div>
   <div class='ocr_carea' id='block_1_100' title="bbox 2137 4213 3714 4283">
    <p class='ocr_par' dir='ltr' id='par_1_100' title="bbox 2137 4213 3714 4283">
     <span class='ocr_line' id='line_1_100' title="bbox 2137 4213 3714 4283; baseline 0 -17"><span class='ocrx_word' id='word_1_709' title='bbox 2137 4213 2320 4283; x_wconf 86' lang='grc' dir='ltr'>ευχάς,</span> <span class='ocrx_word' id='word_1_710' title='bbox 2372 4214 2465 4267; x_wconf 76' lang='grc' dir='ltr'><strong>καὶ</strong></span> <span class='ocrx_word' id='word_1_711' title='bbox 2501 4214 2646 4278; x_wconf 88' lang='grc' dir='ltr'>τίνες</span> <span class='ocrx_word' id='word_1_712' title='bbox 2689 4213 2979 4279; x_wconf 82' lang='grc' dir='ltr'>ἐντεύξεις,</span> <span class='ocrx_word' id='word_1_713' title='bbox 3010 4214 3102 4266; x_wconf 78' lang='grc' dir='ltr'><strong>καὶ</strong></span> <span class='ocrx_word' id='word_1_714' title='bbox 3128 4215 3221 4266; x_wconf 74' lang='grc' dir='ltr'><strong>ἐπὶ</strong></span> <span class='ocrx_word' id='word_1_715' title='bbox 3263 4215 3395 4267; x_wconf 82' lang='grc' dir='ltr'>πᾶσι</span> <span class='ocrx_word' id='word_1_716' title='bbox 3428 4214 3572 4276; x_wconf 90' lang='grc' dir='ltr'>τίνες</span> <span class='ocrx_word' id='word_1_717' title='bbox 3623 4214 3714 4266; x_wconf 86' lang='grc' dir='ltr'>εὐ-</span> 
     </span>
    </p>
   </div>
   <div class='ocr_carea' id='block_1_101' title="bbox 2137 4304 3715 4378">
    <p class='ocr_par' dir='ltr' id='par_1_101' title="bbox 2137 4304 3715 4378">
     <span class='ocr_line' id='line_1_101' title="bbox 2137 4304 3715 4378; baseline -0.001 -20"><span class='ocrx_word' id='word_1_718' title='bbox 2137 4307 2453 4377; x_wconf 74' lang='grc' dir='ltr'>χαριστίαςο</span> <span class='ocrx_word' id='word_1_719' title='bbox 2489 4305 2541 4359; x_wconf 88' lang='grc' dir='ltr'><strong>τί</strong></span> <span class='ocrx_word' id='word_1_720' title='bbox 2567 4324 2625 4359; x_wconf 89' lang='grc' dir='ltr'><strong>τε</strong></span> <span class='ocrx_word' id='word_1_721' title='bbox 2670 4306 2917 4378; x_wconf 78' lang='grc' dir='ltr'>διαφέρει</span> <span class='ocrx_word' id='word_1_722' title='bbox 2974 4305 3199 4377; x_wconf 88' lang='grc' dir='ltr'>θάτερον</span> <span class='ocrx_word' id='word_1_723' title='bbox 3230 4305 3482 4377; x_wconf 90' lang='grc' dir='ltr'>θατέρου,</span> <span class='ocrx_word' id='word_1_724' title='bbox 3523 4304 3715 4358; x_wconf 88' lang='grc' dir='ltr'>ἀναλέ-</span> 
     </span>
    </p>
   </div>
   <div class='ocr_carea' id='block_1_102' title="bbox 2137 4396 3713 4469">
    <p class='ocr_par' dir='ltr' id='par_1_102' title="bbox 2137 4396 3713 4469">
     <span class='ocr_line' id='line_1_102' title="bbox 2137 4396 3713 4469; baseline -0.001 -18"><span class='ocrx_word' id='word_1_725' title='bbox 2137 4399 2328 4468; x_wconf 80' lang='grc' dir='ltr'>γεσθαί</span> <span class='ocrx_word' id='word_1_726' title='bbox 2384 4416 2445 4451; x_wconf 90' lang='grc' dir='ltr'><strong>τε</strong></span> <span class='ocrx_word' id='word_1_727' title='bbox 2496 4400 2604 4451; x_wconf 84' lang='grc' dir='ltr'><strong>ἀπὸ</strong></span> <span class='ocrx_word' id='word_1_728' title='bbox 2644 4400 2824 4469; x_wconf 86' lang='grc' dir='ltr'>πάσης</span> <span class='ocrx_word' id='word_1_729' title='bbox 2870 4399 2969 4469; x_wconf 85' lang='grc' dir='ltr'>τῆς</span> <span class='ocrx_word' id='word_1_730' title='bbox 3011 4399 3193 4468; x_wconf 88' lang='grc' dir='ltr'>βίϐλου</span> <span class='ocrx_word' id='word_1_731' title='bbox 3225 4398 3333 4451; x_wconf 90' lang='grc' dir='ltr'><strong>τῶν</strong></span> <span class='ocrx_word' id='word_1_732' title='bbox 3372 4397 3616 4468; x_wconf 80' lang='grc' dir='ltr'>Ψαλμῶν</span> <span class='ocrx_word' id='word_1_733' title='bbox 3643 4396 3713 4450; x_wconf 78' lang='grc' dir='ltr'><strong>τά</strong></span> 
     </span>
    </p>
   </div>
   <div class='ocr_carea' id='block_1_103' title="bbox 2142 4488 3714 4564">
    <p class='ocr_par' dir='ltr' id='par_1_103' title="bbox 2142 4488 3714 4564">
     <span class='ocr_line' id='line_1_103' title="bbox 2142 4488 3714 4564; baseline -0.001 -20"><span class='ocrx_word' id='word_1_734' title='bbox 2142 4493 2406 4563; x_wconf 83' lang='grc' dir='ltr'>ἰδιώματα</span> <span class='ocrx_word' id='word_1_735' title='bbox 2437 4492 2546 4546; x_wconf 91' lang='grc' dir='ltr'><strong>τῶν</strong></span> <span class='ocrx_word' id='word_1_736' title='bbox 2571 4493 2877 4564; x_wconf 80' lang='grc' dir='ltr'>εἰρημένων</span> <span class='ocrx_word' id='word_1_737' title='bbox 2905 4510 2917 4522; x_wconf 90' lang='grc'>·</span> <span class='ocrx_word' id='word_1_738' title='bbox 2953 4488 3063 4546; x_wconf 79' lang='grc' dir='ltr'>οἷον</span> <span class='ocrx_word' id='word_1_739' title='bbox 3109 4493 3209 4555; x_wconf 79' lang='grc' dir='ltr'>τὰς</span> <span class='ocrx_word' id='word_1_740' title='bbox 3241 4493 3338 4563; x_wconf 87' lang='grc' dir='ltr'><strong>μὲν</strong></span> <span class='ocrx_word' id='word_1_741' title='bbox 3370 4493 3582 4563; x_wconf 86' lang='grc' dir='ltr'>δεήσεις</span> <span class='ocrx_word' id='word_1_742' title='bbox 3606 4490 3714 4545; x_wconf 84' lang='grc' dir='ltr'><strong>ἀπὸ</strong></span> 
     </span>
    </p>
   </div>
   <div class='ocr_carea' id='block_1_104' title="bbox 2070 4579 3714 4657">
    <p class='ocr_par' dir='ltr' id='par_1_104' title="bbox 2070 4579 3714 4657">
     <span class='ocr_line' id='line_1_104' title="bbox 2070 4579 3714 4657; baseline 0.001 -23"><span class='ocrx_word' id='word_1_743' title='bbox 2070 4580 2111 4634; x_wconf 83' lang='lat' dir='ltr'>D</span> <span class='ocrx_word' id='word_1_744' title='bbox 2138 4586 2249 4639; x_wconf 89' lang='grc' dir='ltr'><strong>τῶν</strong></span> <span class='ocrx_word' id='word_1_745' title='bbox 2282 4586 2643 4657; x_wconf 87' lang='grc' dir='ltr'>περιεχόντων</span> <span class='ocrx_word' id='word_1_746' title='bbox 2672 4584 3069 4657; x_wconf 86' lang='grc' dir='ltr'>παρακλήσεις,</span> <span class='ocrx_word' id='word_1_747' title='bbox 3098 4586 3192 4639; x_wconf 78' lang='grc' dir='ltr'><strong>καὶ</strong></span> <span class='ocrx_word' id='word_1_748' title='bbox 3212 4586 3513 4657; x_wconf 81' lang='grc' dir='ltr'>ἱκετηρίας,</span> <span class='ocrx_word' id='word_1_749' title='bbox 3548 4587 3605 4639; x_wconf 82' lang='grc' dir='ltr'><strong>ἐν</strong></span> <span class='ocrx_word' id='word_1_750' title='bbox 3626 4579 3714 4647; x_wconf 80' lang='grc' dir='ltr'>αἶς</span> 
     </span>
    </p>
   </div>
   <div class='ocr_carea' id='block_1_105' title="bbox 2141 4674 3712 4747">
    <p class='ocr_par' dir='ltr' id='par_1_105' title="bbox 2141 4674 3712 4747">
     <span class='ocr_line' id='line_1_105' title="bbox 2141 4674 3712 4747; baseline 0 -19"><span class='ocrx_word' id='word_1_751' title='bbox 2141 4674 2314 4728; x_wconf 67' lang='grc' dir='ltr'>δὲκκαὶ</span> <span class='ocrx_word' id='word_1_752' title='bbox 2337 4675 2750 4747; x_wconf 80' lang='grc' dir='ltr'>ἐξομολογήσεις</span> <span class='ocrx_word' id='word_1_753' title='bbox 2787 4676 3043 4747; x_wconf 84' lang='grc' dir='ltr'>φέρονται</span> <span class='ocrx_word' id='word_1_754' title='bbox 3067 4693 3080 4706; x_wconf 89' lang='grc'><strong>·</strong></span> <span class='ocrx_word' id='word_1_755' title='bbox 3113 4677 3295 4738; x_wconf 89' lang='grc' dir='ltr'>ὁποῖός</span> <span class='ocrx_word' id='word_1_756' title='bbox 3326 4678 3474 4729; x_wconf 82' lang='grc' dir='ltr'>ἐστιν</span> <span class='ocrx_word' id='word_1_757' title='bbox 3500 4679 3528 4729; x_wconf 97' lang='lat'><strong>6</strong></span> <span class='ocrx_word' id='word_1_758' title='bbox 3565 4679 3712 4729; x_wconf 86' lang='grc' dir='ltr'>εἰκο-</span> 
     </span>
    </p>
   </div>
   <div class='ocr_carea' id='block_1_106' title="bbox 2144 4767 3713 4840">
    <p class='ocr_par' dir='ltr' id='par_1_106' title="bbox 2144 4767 3713 4840">
     <span class='ocr_line' id='line_1_106' title="bbox 2144 4767 3713 4840; baseline 0.001 -21"><span class='ocrx_word' id='word_1_759' title='bbox 2144 4768 2267 4830; x_wconf 82' lang='grc' dir='ltr'>στὸς</span> <span class='ocrx_word' id='word_1_760' title='bbox 2284 4767 2556 4839; x_wconf 60' lang='grc' dir='ltr'>’τέταρτος</span> <span class='ocrx_word' id='word_1_761' title='bbox 2601 4768 2834 4839; x_wconf 80' lang='grc' dir='ltr'>ψαλμὸς,</span> <span class='ocrx_word' id='word_1_762' title='bbox 2870 4768 2991 4822; x_wconf 76' lang='grc' dir='ltr'>οὔτε</span> <span class='ocrx_word' id='word_1_763' title='bbox 3017 4768 3149 4840; x_wconf 81' lang='grc' dir='ltr'>ᾠδὴ,</span> <span class='ocrx_word' id='word_1_764' title='bbox 3178 4768 3303 4822; x_wconf 75' lang='grc' dir='ltr'>οὔτε</span> <span class='ocrx_word' id='word_1_765' title='bbox 3325 4768 3561 4839; x_wconf 72' lang='grc' dir='ltr'>ψαλμὸς,</span> <span class='ocrx_word' id='word_1_766' title='bbox 3592 4768 3713 4822; x_wconf 75' lang='grc' dir='ltr'>οὔτε</span> 
     </span>
    </p>
   </div>
   <div class='ocr_carea' id='block_1_107' title="bbox 2142 4862 3717 4934">
    <p class='ocr_par' dir='ltr' id='par_1_107' title="bbox 2142 4862 3717 4934">
     <span class='ocr_line' id='line_1_107' title="bbox 2142 4862 3717 4934; baseline -0.001 -18"><span class='ocrx_word' id='word_1_767' title='bbox 2142 4862 2328 4934; x_wconf 77' lang='grc' dir='ltr'>ὕμνος,</span> <span class='ocrx_word' id='word_1_768' title='bbox 2361 4862 2484 4916; x_wconf 72' lang='grc' dir='ltr'>οὔτε</span> <span class='ocrx_word' id='word_1_769' title='bbox 2512 4881 2564 4916; x_wconf 88' lang='grc' dir='ltr'><strong>τι</strong></span> <span class='ocrx_word' id='word_1_770' title='bbox 2604 4863 2872 4916; x_wconf 86' lang='grc' dir='ltr'>τοιοῦτον·</span> <span class='ocrx_word' id='word_1_771' title='bbox 2921 4862 3037 4916; x_wconf 80' lang='grc' dir='ltr'>ἀλλ’</span> <span class='ocrx_word' id='word_1_772' title='bbox 3073 4862 3258 4927; x_wconf 85' lang='grc' dir='ltr'>ἁπλῶς</span> <span class='ocrx_word' id='word_1_773' title='bbox 3290 4862 3368 4933; x_wconf 78' lang='grc' dir='ltr'>τῷ</span> <span class='ocrx_word' id='word_1_774' title='bbox 3397 4862 3561 4916; x_wconf 79' lang='grc' dir='ltr'>Δαυῖδ</span> <span class='ocrx_word' id='word_1_775' title='bbox 3593 4866 3717 4916; x_wconf 89' lang='grc' dir='ltr'>ἐπι-</span> 
     </span>
    </p>
   </div>
   <div class='ocr_carea' id='block_1_108' title="bbox 2139 4959 3717 5031">
    <p class='ocr_par' dir='ltr' id='par_1_108' title="bbox 2139 4959 3717 5031">
     <span class='ocr_line' id='line_1_108' title="bbox 2139 4959 3717 5031; baseline -0.001 -20"><span class='ocrx_word' id='word_1_776' title='bbox 2139 4959 2542 5031; x_wconf 86' lang='grc' dir='ltr'>γεγραμμένος.</span> <span class='ocrx_word' id='word_1_777' title='bbox 2610 4961 2918 5031; x_wconf 81' lang='grc' dir='ltr'>Προσευχαὶ</span> <span class='ocrx_word' id='word_1_778' title='bbox 2954 4959 3012 5012; x_wconf 88' lang='grc' dir='ltr'><strong>δέ</strong></span> <span class='ocrx_word' id='word_1_779' title='bbox 3061 4962 3220 5023; x_wconf 83' lang='grc' dir='ltr'>εἰσιν,</span> <span class='ocrx_word' id='word_1_780' title='bbox 3247 4960 3361 5013; x_wconf 85' lang='grc' dir='ltr'>ὅσοι</span> <span class='ocrx_word' id='word_1_781' title='bbox 3391 4960 3449 5013; x_wconf 85' lang='grc' dir='ltr'><strong>ἐν</strong></span> <span class='ocrx_word' id='word_1_782' title='bbox 3475 4962 3543 5030; x_wconf 81' lang='grc' dir='ltr'>τῇ</span> <span class='ocrx_word' id='word_1_783' title='bbox 3585 4976 3717 5028; x_wconf 84' lang='grc' dir='ltr'>προ-</span> 
     </span>
    </p>
   </div>
   <div class='ocr_carea' id='block_1_109' title="bbox 2139 5046 3717 5124">
    <p class='ocr_par' dir='ltr' id='par_1_109' title="bbox 2139 5046 3717 5124">
     <span class='ocr_line' id='line_1_109' title="bbox 2139 5046 3717 5124; baseline -0.001 -19"><span class='ocrx_word' id='word_1_784' title='bbox 2139 5055 2323 5123; x_wconf 84' lang='grc' dir='ltr'>γραφῇ</span> <span class='ocrx_word' id='word_1_785' title='bbox 2380 5052 2696 5123; x_wconf 88' lang='grc' dir='ltr'>προσευχῶν</span> <span class='ocrx_word' id='word_1_786' title='bbox 2745 5052 3169 5124; x_wconf 73' lang='grc' dir='ltr'>ἐπιγράφουσιν*</span> <span class='ocrx_word' id='word_1_787' title='bbox 3200 5046 3314 5105; x_wconf 84' lang='grc' dir='ltr'>οἷον</span> <span class='ocrx_word' id='word_1_788' title='bbox 3350 5054 3379 5105; x_wconf 92' lang='lat'><strong>6</strong></span> <span class='ocrx_word' id='word_1_789' title='bbox 3410 5051 3469 5116; x_wconf 82' lang='grc' dir='ltr'><strong>ἐξ</strong></span> <span class='ocrx_word' id='word_1_790' title='bbox 3517 5052 3611 5105; x_wconf 78' lang='grc' dir='ltr'>καὶ</span> <span class='ocrx_word' id='word_1_791' title='bbox 3632 5051 3717 5104; x_wconf 85' lang='grc' dir='ltr'>δέ-</span> 
     </span>
    </p>
   </div>
   <div class='ocr_carea' id='block_1_110' title="bbox 2138 5142 3717 5214">
    <p class='ocr_par' dir='ltr' id='par_1_110' title="bbox 2138 5142 3717 5214">
     <span class='ocr_line' id='line_1_110' title="bbox 2138 5142 3717 5214; baseline -0.001 -19"><span class='ocrx_word' id='word_1_792' title='bbox 2138 5159 2323 5206; x_wconf 89' lang='grc' dir='ltr'>κατος,</span> <span class='ocrx_word' id='word_1_793' title='bbox 2355 5142 2449 5195; x_wconf 77' lang='grc' dir='ltr'>καὶ</span> <span class='ocrx_word' id='word_1_794' title='bbox 2474 5144 2503 5195; x_wconf 90' lang='lat'><strong>6</strong></span> <span class='ocrx_word' id='word_1_795' title='bbox 2533 5142 2887 5213; x_wconf 70' lang='grc' dir='ltr'>ὀγδοηκοστὸς</span> <span class='ocrx_word' id='word_1_796' title='bbox 2927 5142 3198 5213; x_wconf 84' lang='grc' dir='ltr'>πέμπτος,</span> <span class='ocrx_word' id='word_1_797' title='bbox 3233 5144 3326 5196; x_wconf 74' lang='grc' dir='ltr'>καὶ</span> <span class='ocrx_word' id='word_1_798' title='bbox 3358 5143 3717 5214; x_wconf 76' lang='grc' dir='ltr'>ὀγδοηκοστὸς</span> 
     </span>
    </p>
   </div>
   <div class='ocr_carea' id='block_1_111' title="bbox 2136 5232 3715 5305">
    <p class='ocr_par' dir='ltr' id='par_1_111' title="bbox 2136 5232 3715 5305">
     <span class='ocr_line' id='line_1_111' title="bbox 2136 5232 3715 5305; baseline 0 -21"><span class='ocrx_word' id='word_1_799' title='bbox 2136 5233 2371 5296; x_wconf 83' lang='grc' dir='ltr'>έννατος,</span> <span class='ocrx_word' id='word_1_800' title='bbox 2413 5232 2507 5285; x_wconf 70' lang='grc' dir='ltr'><strong>καὶ</strong></span> <span class='ocrx_word' id='word_1_801' title='bbox 2552 5232 2841 5296; x_wconf 85' lang='grc' dir='ltr'>ἐκατοστὺς</span> <span class='ocrx_word' id='word_1_802' title='bbox 2872 5233 3107 5305; x_wconf 89' lang='grc' dir='ltr'>πρῶτος,</span> <span class='ocrx_word' id='word_1_803' title='bbox 3143 5235 3239 5287; x_wconf 72' lang='grc' dir='ltr'>καὶ</span> <span class='ocrx_word' id='word_1_804' title='bbox 3269 5233 3557 5295; x_wconf 82' lang='grc' dir='ltr'>ὲκατοστὺς</span> <span class='ocrx_word' id='word_1_805' title='bbox 3588 5248 3715 5285; x_wconf 85' lang='grc' dir='ltr'>τεσ-</span> 
     </span>
    </p>
   </div>
   <div class='ocr_carea' id='block_1_112' title="bbox 2137 5324 3714 5400">
    <p class='ocr_par' dir='ltr' id='par_1_112' title="bbox 2137 5324 3714 5400">
     <span class='ocr_line' id='line_1_112' title="bbox 2137 5324 3714 5400; baseline -0.003 -20"><span class='ocrx_word' id='word_1_806' title='bbox 2137 5330 2470 5400; x_wconf 83' lang='grc' dir='ltr'>σαρακοστὸς</span> <span class='ocrx_word' id='word_1_807' title='bbox 2514 5325 2747 5399; x_wconf 85' lang='grc' dir='ltr'>πρῶτος.</span> <span class='ocrx_word' id='word_1_808' title='bbox 2782 5325 3133 5397; x_wconf 85' lang='grc' dir='ltr'>Εὐχαριστίαι</span> <span class='ocrx_word' id='word_1_809' title='bbox 3157 5327 3217 5379; x_wconf 89' lang='grc' dir='ltr'><strong>δέ</strong></span> <span class='ocrx_word' id='word_1_810' title='bbox 3256 5327 3392 5379; x_wconf 84' lang='grc' dir='ltr'>εἰσιν</span> <span class='ocrx_word' id='word_1_811' title='bbox 3424 5328 3473 5378; x_wconf 87' lang='grc' dir='ltr'><strong>οἱ</strong></span> <span class='ocrx_word' id='word_1_812' title='bbox 3515 5324 3714 5396; x_wconf 87' lang='grc' dir='ltr'>ὁμοίως</span> 
     </span>
    </p>
   </div>
   <div class='ocr_carea' id='block_1_113' title="bbox 2138 5415 3711 5496">
    <p class='ocr_par' dir='ltr' id='par_1_113' title="bbox 2138 5415 3711 5496">
     <span class='ocr_line' id='line_1_113' title="bbox 2138 5415 3711 5496; baseline -0.005 -19"><span class='ocrx_word' id='word_1_813' title='bbox 2138 5425 2350 5496; x_wconf 75' lang='grc' dir='ltr'>ἔχοντες</span> <span class='ocrx_word' id='word_1_814' title='bbox 2365 5424 2442 5496; x_wconf 83' lang='grc' dir='ltr'>τῷ</span> <span class='ocrx_word' id='word_1_815' title='bbox 2456 5422 2730 5492; x_wconf 77' lang='grc' dir='ltr'>ἑκατοστῷ</span> <span class='ocrx_word' id='word_1_816' title='bbox 2745 5422 3001 5494; x_wconf 83' lang='grc' dir='ltr'>δευτέρῳ,</span> <span class='ocrx_word' id='word_1_817' title='bbox 3020 5425 3077 5475; x_wconf 89' lang='grc' dir='ltr'><strong>ἐν</strong></span> <span class='ocrx_word' id='word_1_818' title='bbox 3168 5421 3381 5493; x_wconf 78' lang='grc' dir='ltr'>εἴρηται</span> <span class='ocrx_word' id='word_1_819' title='bbox 3398 5437 3412 5452; x_wconf 78' lang='grc'><em>’</em></span> <span class='ocrx_word' id='word_1_820' title='bbox 3438 5422 3711 5488; x_wconf 78' lang='grc' dir='ltr'>Εὺλόγει,</span> 
     </span>
    </p>
   </div>
   <div class='ocr_carea' id='block_1_114' title="bbox 2138 5511 3711 5588">
    <p class='ocr_par' dir='ltr' id='par_1_114' title="bbox 2138 5511 3711 5588">
     <span class='ocr_line' id='line_1_114' title="bbox 2138 5511 3711 5588; baseline -0.009 -11"><span class='ocrx_word' id='word_1_821' title='bbox 2138 5518 2365 5587; x_wconf 67' lang='grc' dir='ltr'><strong>’ἡψυχὴ</strong></span> <span class='ocrx_word' id='word_1_822' title='bbox 2384 5534 2525 5588; x_wconf 75' lang='grc' dir='ltr'>μου,</span> <span class='ocrx_word' id='word_1_823' title='bbox 2575 5517 2682 5571; x_wconf 73' lang='grc' dir='ltr'><strong>τὸν</strong></span> <span class='ocrx_word' id='word_1_824' title='bbox 2734 5518 2974 5584; x_wconf 78' lang='grc' dir='ltr'>Κύριον,</span> <span class='ocrx_word' id='word_1_825' title='bbox 3039 5516 3140 5569; x_wconf 77' lang='grc' dir='ltr'>καὶ</span> <span class='ocrx_word' id='word_1_826' title='bbox 3172 5515 3259 5585; x_wconf 81' lang='grc' dir='ltr'>μὴ</span> <span class='ocrx_word' id='word_1_827' title='bbox 3308 5511 3711 5568; x_wconf 75' lang='grc' dir='ltr'>ἐπιλανθάνου</span> 
     </span>
    </p>
   </div>
   <div class='ocr_carea' id='block_1_115' title="bbox 2139 5602 3707 5677">
    <p class='ocr_par' dir='ltr' id='par_1_115' title="bbox 2139 5602 3707 5677">
     <span class='ocr_line' id='line_1_115' title="bbox 2139 5602 3707 5677; baseline -0.005 -14"><span class='ocrx_word' id='word_1_828' title='bbox 2139 5609 2340 5677; x_wconf 80' lang='grc' dir='ltr'>πάσας</span> <span class='ocrx_word' id='word_1_829' title='bbox 2388 5610 2495 5677; x_wconf 85' lang='grc' dir='ltr'>τὰς</span> <span class='ocrx_word' id='word_1_830' title='bbox 2527 5607 2964 5674; x_wconf 75' lang='grc' dir='ltr'>ἀνταποδόσεις</span> <span class='ocrx_word' id='word_1_831' title='bbox 3023 5607 3245 5673; x_wconf 85' lang='grc' dir='ltr'>αὐτοῦ,</span> <span class='ocrx_word' id='word_1_832' title='bbox 3301 5607 3394 5661; x_wconf 76' lang='grc' dir='ltr'><strong>καὶ</strong></span> <span class='ocrx_word' id='word_1_833' title='bbox 3449 5604 3517 5659; x_wconf 87' lang='grc' dir='ltr'>τὰ</span> <span class='ocrx_word' id='word_1_834' title='bbox 3565 5602 3707 5673; x_wconf 79' lang='grc' dir='ltr'>ἑξῆς.</span> 
     </span>
    </p>
   </div>
  </div>
