4094 6378
339 332 413 385 233
1412 323 1914 381 COMMENTARIA
1955 324 2022 379 IN
2060 324 2393 380 PSALMOS.

3421 320 3529 373 2M

339 443 567 509 Ἐντευξιν
586 443 645 498 δὲ
674 442 963 514 περιέχειὸ
993 442 1130 513 μετά
1153 444 1358 514 χεῖρας,
1378 445 1438 495 ὲν
1454 436 1497 511 ᾧ
1522 443 1831 513 γέγραπται
1848 459 1864 474 ·

1982 442 2367 498 Postulationes
2412 440 2653 495 continet
2696 454 2939 510 praesens
2991 439 3278 510 psalmus,
3328 439 3387 492 in
3427 455 3537 510 quo

335 535 508 605 Κρῖνόν
548 551 646 602 με,
703 534 899 597 Κύριε,
932 534 1025 586 ὅτι
1077 533 1192 603 ἐγὼ
1224 534 1295 587 ἐν
1336 535 1553 600 ἀκακία
1578 551 1697 603 μου
1723 534 1864 586 ἐπο-

1982 538 2234 607 ;criptum
2270 546 2352 592 est
2381 555 2393 589 :
2419 534 2616 588 Judica
2648 551 2749 599 me,
2798 533 3045 598 Domine,
3075 534 3325 605 quoniam
3363 548 3456 603 ego
3480 534 3535 586 in

333 629 527 697 ρεύθην,
560 625 657 677 καὶ
697 624 765 677 τὰ
797 624 945 693 ἑξῆς.

397 718 548 787 Ἐρεῖς
580 710 695 779 οὖν,
749 715 939 786 ἐπειδὴ
994 714 1165 777 ὅντως
1202 714 1406 786 ἤρξατο
1440 718 1469 768 ὁ
1506 715 1691 780 Δαυῖδ,
1721 716 1796 778 ὡς
1817 717 1865 769 οἱ

334 808 551 878 θεοφιλεῖς
594 807 788 878 ἄνδρες
819 810 876 860 ἐν
926 810 1037 871 τοῖς
1066 808 1273 861 ἑαυτῶν
1304 806 1397 859 τοῦ
1433 806 1548 877 βίου
1592 806 1867 879 κατορθώ-

335 919 458 973 μασιν
502 896 648 970 εἶχόν
690 917 814 952 τινα
856 899 1307 969 πλεονεκτήματα
1353 898 1628 970 ἐξαίρετα,
1678 900 1738 952 ὲν
1786 894 1867 962 οἷς

332 994 514 1055 ἕκαστος
561 990 742 1045 αὑτῶν
795 990 937 1053 ἰδίως
986 989 1297 1062 διαπρεπὴς
1344 990 1593 1059 γέγονεν’
1630 984 1740 1043 οἷον
1790 990 1868 1053 ὼς

332 1085 402 1137 ἐπὶ
424 1083 869 1154 παραδείγματος,
927 1085 1126 1154 Ἰωσὴφ
1166 1084 1224 1136 ὲν
1257 1084 1603 1155 σωφροσύνῃ,
1655 1081 1770 1134 Ἰὼϐ
1798 1085 1864 1154 τῇ

333 1175 411 1227 τῶν
430 1173 602 1226 δεινῶν
631 1175 899 1245 ὑπομονῇ,
926 1173 1175 1245 Σολομὼν
1203 1176 1260 1228 ὲν
1284 1174 1447 1245 σοφίᾳ
1471 1174 1564 1226 καὶ
1585 1174 1863 1243 φρονήσει·

342 1266 547 1336 Ἀϐραὰμ
566 1265 654 1318 διά
682 1266 783 1336 τῆς
816 1266 1047 1330 πίστεως
1073 1265 1453 1321 δεδικαιῶσθαι
1491 1265 1737 1334 λέγεται·
1772 1265 1869 1319 καὶ

329 1358 452 1421 ἄλλος
478 1357 637 1410 πάλιν
678 1360 737 1411 ὲν
772 1357 917 1429 ἄλλῳ
971 1359 1170 1430 ἀρετῆς
1219 1358 1393 1427 ἀγῶνι
1442 1358 1866 1429 μεμαρτύρηται

328 1450 611 1520 summa;
660 1450 885 1513 Τούτοις
930 1446 1023 1504 οὑν
1070 1451 1273 1521 ὁμοίως
1299 1451 1395 1503 καὶ
1422 1452 1450 1504 ὁ
1470 1449 1631 1504 Δαυῖδ
1659 1449 1870 1520 ἐξαίρε-

326 1555 398 1589 τον
427 1538 615 1608 ἀρετὴν
658 1538 1000 1609 κτησάμενος
1049 1539 1464 1611 ἀναγέγραπται
1489 1540 1588 1612 τὴν
1615 1539 1868 1604 ἀνεξικα-

330 1629 452 1683 κίαν·
478 1630 535 1682 δι’
552 1633 622 1701 ἦν
653 1631 749 1683 καὶ
778 1631 870 1683 τὸν
896 1632 1071 1685 Σαοὺλ
1093 1632 1317 1703 ἤνεγκε,
1355 1631 1526 1705 μυρία
1556 1634 1676 1686 κατ’
1703 1632 1867 1686 αὑτοῦ

323 1719 597 1789 δεδρακότα,
637 1719 782 1793 ἅπερ
814 1720 1005 1792 πράως
1044 1724 1136 1775 καὶ
1179 1722 1516 1787 ἀνεξικάκως
1562 1724 1869 1795 ὑπομείνας

1967 630 2267 683 innocentia
2297 645 2412 682 mea
2434 642 2742 697 progressus
2767 641 2905 689 sum,
2941 631 3047 679 etc.

2037 722 2199 777 Dicas
2225 723 2390 792 igitur
2415 723 2543 792 quia
2575 719 2742 774 David
2782 734 2849 775 eo
2882 734 2943 775 se
2976 718 3140 772 modo
3165 731 3356 788 gerere
3390 716 3538 769 ince-

1968 813 2067 883 pit,
2097 813 2384 883 religiosos
2415 813 2565 867 viros
2598 812 2652 865 in
2683 810 2943 880 operibus
2970 809 3068 864 abs
3100 823 3159 863 se
3186 808 3369 868 editis,
3401 820 3539 875 quo-

1969 905 2095 959 dam
2128 904 2387 958 virtutum
2421 918 2616 973 genere
2647 903 3037 973 prazcelluisse,
3071 901 3128 955 in
3162 915 3272 971 quo
3301 899 3539 970 quisque

1970 994 2214 1063 ipsorum
2247 994 2543 1064 praeclarus
2570 994 2779 1059 evasit;
2826 1000 2908 1055 ut,
2946 991 3180 1062 exempli
3217 1005 3405 1053 causa,
3437 986 3535 1043 Jo-

1967 1088 2099 1158 seph
2122 1087 2477 1151 continentia,
2496 1084 2598 1140 Job
2620 1085 2875 1155 patientia
2899 1085 2952 1138 in
2977 1084 3254 1149 adversis;
3278 1082 3534 1137 Salomon

1968 1180 2232 1249 sapientia
2255 1188 2309 1233 et
2326 1178 2641 1247 prudentia;
2660 1176 2930 1231 Abraham
2952 1176 3055 1230 ﬁde
3072 1174 3400 1244 iustiﬁcatus
3416 1191 3537 1229 esse

1966 1273 2164 1327 dicitur
2189 1287 2202 1322 :
2230 1280 2283 1325 et
2310 1271 2450 1324 alius
2480 1271 2675 1324 iterum
2703 1269 2809 1323 alio
2838 1268 3055 1323 virtutis
3078 1267 3373 1321 certamine
3395 1268 3533 1321 emi-

1967 1364 2148 1420 cuisse
2169 1362 2512 1433 praedicatur.
2537 1361 2910 1430 Similiterque
2931 1358 3096 1413 David
3118 1358 3385 1428 praecipua
3409 1374 3539 1427 qua-

1965 1458 2089 1512 dam
2111 1457 2332 1519 virtute,
2366 1454 2571 1509 scilicet
2588 1454 2910 1523 injuriarum
2928 1451 3221 1516 oblivione,
3244 1450 3538 1505 emicuisse

1972 1545 2181 1616 scripto
2222 1544 2493 1609 traditur;
2549 1557 2659 1613 qua
2690 1539 2913 1595 Saulem
2942 1539 3218 1610 patienter
3248 1537 3397 1600 tulit,
3450 1536 3545 1607 qui

1972 1638 2246 1695 sexcentis
2269 1652 2394 1693 eum
2420 1636 2576 1691 malis
2601 1635 2875 1701 affecerat,
2907 1643 2959 1688 et
2983 1633 3099 1688 haec
3123 1633 3239 1702 ipse
3262 1632 3543 1686 moderate

1974 1746 2039 1785 ac
2077 1731 2198 1786 sine
2237 1728 2612 1799 indignatione
2645 1728 2837 1782 tulisse
2873 1727 2930 1781 in
2959 1725 3242 1795 Scriptura
3268 1730 3545 1778 narratur.

326 1808 718 1877 ἀναγέγραπται.
772 1813 925 1866 Ἐπεὶ
983 1814 1163 1867 τοίνυν
1236 1814 1513 1886 ἐξαίρετος
1589 1811 1658 1886 ἦν
1730 1814 1869 1886 αὕτη

1982 1821 2115 1889 Quia
2141 1822 2308 1893 igitur
2338 1821 2455 1875 haec
2485 1819 2710 1875 Davidis
2732 1819 3008 1889 praecipua
3031 1818 3207 1872 virtus
3235 1822 3376 1874 erat.
3402 1828 3551 1868 man—

322 1902 396 1955 τοῦ
419 1903 563 1956 Δαυῖδ
590 1905 785 1976 ἀρετὴ,
828 1905 972 1975 λέγω
1008 1907 1065 1960 δὲ
1094 1909 1127 1978 ἡ
1156 1908 1254 1978 τῆς
1290 1907 1598 1979 πραότητος
1624 1909 1720 1962 καὶ
1765 1924 1867 1961 τας-ξ

324 1995 716 2066 πεινοφροσύνης
742 1997 837 2050 καὶ
880 1997 1251 2063 ἀνεξικακίας,
1298 1998 1472 2052 ταῦτα
1506 1998 1686 2053 πάντα
1729 1998 1865 2069 ὁμοῦ

322 2083 591 2154 περιλαϐὼν
625 2086 863 2142 ἀκακίαν
889 2088 1027 2142 αὐτὰ
1064 2088 1347 2161 ὠνόμασεο
1383 2091 1479 2144 καὶ
1504 2091 1579 2154 ὡς
1607 2092 1663 2145 ὲν
1693 2090 1868 2161 τούτῳ

320 2176 517 2245 μάλιστα
548 2179 631 2249 τῷ
677 2180 834 2252 μέρει
875 2181 1247 2254 κατορθώσας,
1275 2187 1335 2240 ὲν
1360 2188 1427 2257 τῇ
1461 2186 1599 2257 πρὸς
1624 2186 1715 2239 τὸν
1736 2186 1868 2239 Θεὸν

318 2268 519 2334 ἐντεύξει
536 2272 675 2342 φησί
693 2289 705 2301 ·
742 2272 965 2340 Κρῒνόν
982 2291 1083 2343 με,
1112 2277 1311 2345 Κύριε,
1335 2276 1555 2347 ὅτιὲγὼ
1575 2278 1871 2345 ὲνάκακίᾳ

314 2376 409 2426 μου
460 2362 810 2431 ἐπορεύθην.
852 2365 1003 2419 Ἐπεὶ
1049 2366 1107 2421 δὲ
1151 2368 1297 2438 μέγα
1341 2369 1472 2441 περὶ
1512 2369 1704 2422 ἑαυτοῦ
1741 2370 1872 2423 ἀπε-

316 2452 509 2522 φήνατο,
539 2454 735 2526 ὥσπερ
775 2458 1259 2531 ὲγκαυχησάμενος
1282 2460 1360 2531 τῷ
1380 2462 1643 2534 ἐξαιρέτῳ
1676 2461 1869 2515 ἑαυτοῦ

314 2544 675 2617 κατορθώματι
698 2547 803 2617 τῆς
843 2548 1079 2615 ἀκακίας
1099 2552 1133 2621 ἢ
1156 2552 1257 2622 τῆς
1287 2553 1609 2625 ἁπλότητος,
1646 2554 1873 2626 ἐπιλαμ-

314 2635 504 2693 6ἀνεται
527 2642 695 2705 αὐτὸς
730 2644 924 2699 ἑαυτοῦ
958 2645 1050 2699 καὶ
1076 2645 1320 2712 ἐπιλέγει
1343 2648 1657 2716 ἀναγκαίως
1710 2648 1868 2719 ἑξῆςο

315 2729 405 2781 Καὶ
420 2732 506 2783 ἐπὶ
525 2734 605 2800 τῷ
622 2738 823 2804 Κυρίῳ
850 2736 1103 2798 ἐλπίζων
1116 2741 1187 2793 οὐ
1202 2739 1288 2808 μὴ
1311 2740 1648 2811 ἀσθενήσω.
1683 2742 1875 2811 Ἀναγ-

312 2820 456 2885 uim;
470 2820 556 2877 οὖν
578 2828 909 2893 συνέπλεξεν
922 2831 1110 2884 ἑαυτὸν
1134 2834 1199 2903 τῇ
1235 2833 1329 2886 ἐπὶ
1349 2831 1441 2886 τὸν
1457 2833 1661 2904 Κύριον
1676 2835 1871 2901 ἑλπίδι,

309 2913 386 2964 καὶ
405 2914 589 2970 ἑαυτοῦ
641 2925 960 2992 κατηγορεῖ,
996 2925 1071 2986 ὡς
1097 2922 1393 2994 δυναμένου
1429 2926 1757 2998 σαλευθῆναι
1781 2928 1875 2980 καὶ

307 3004 623 3080 ἐκτραπῆναι
662 3013 758 3065 καὶ
794 3014 1175 3086 ὲξασθενῆσαι.
1215 3016 1361 3088 Πλὴν
1404 3019 1557 3072 οὐδὲν
1592 3020 1876 3074 πείσεσθαι

305 3096 381 3150 διὰ
392 3100 483 3171 τὴν
501 3105 579 3167 εἰς
598 3104 738 3158 Θεὸν
761 3106 951 3160 ἐλπίδα
968 3107 1185 3180 θαρρῶν
1207 3109 1591 3164 διεϐεϐαιοῦτο·
1613 3111 1728 3183 ᾔδει
1744 3111 1873 3184 γὰρ,

303 3191 369 3243 ὅτι
391 3194 421 3264 ή
446 3195 599 3261 ἐλπὶς
616 3200 686 3250 ού
707 3200 1083 3270 καταισχύνει,
1121 3201 1262 3255 κατὰ
1288 3202 1378 3257 τὸν
1424 3203 1769 3259 Ἀπόστολον.

358 3288 698 3356 Δοκίμασόν
720 3309 818 3359 με,
855 3294 1049 3360 Κύριε,
1088 3294 1188 3347 καὶ
1218 3295 1512 3363 πείρασόν
1541 3313 1620 3364 με
1639 3313 1652 3325 ·
1682 3297 1883 3365 πύρω-

301 3390 399 3428 cor
424 3380 564 3447 τοὺς
586 3384 859 3451 νεφρούς
878 3401 998 3452 μου
1031 3386 1129 3438 καὶ
1158 3384 1275 3453 τὴν
1306 3386 1560 3454 καρδίαν
1590 3405 1737 3457 μου.
1761 3389 1883 3442 Ὅτι

300 3467 356 3519 τὸ
379 3470 544 3539 ἔλεός
572 3492 702 3528 σου
731 3474 1048 3529 κατέναντι
1079 3476 1200 3530 τῶν
1229 3476 1556 3547 ὀφθαλμῶν
1581 3496 1701 3548 μου
1725 3479 1880 3543 ἐστὶ,

299 3562 383 3613 καὶ
417 3565 817 3632 εὺηρέστυησα
849 3566 921 3619 ἐν
949 3566 1022 3635 τῇ
1051 3569 1305 3636 ἀληθείᾳ
1332 3586 1469 3623 σου.
1507 3570 1619 3640 Οὐχ
1650 3570 1725 3634 ὡς
1747 3570 1882 3624 ἀλα-

297 3651 656 3727 ζονευόμενος,
690 3658 799 3711 οὐδ’
827 3659 1184 3729 ἐπαιρόμενος
1222 3658 1378 3729 ἔλεγε
1407 3659 1499 3713 τό·
1537 3662 1885 3729 Δοκίμασόν

295 3762 372 3811 με,
404 3750 604 3816 Κύριε,
649 3751 757 3803 καὶ
791 3750 1085 3818 πείρασόν
1120 3767 1232 3821 με’
1280 3753 1566 3820 πυρώσον
1608 3752 1752 3817 τοὺς
1784 3768 1882 3806 νε-

292 3838 465 3903 φρούς
485 3856 613 3907 μου
651 3839 760 3892 καί
787 3839 903 3907 τὴν
930 3840 1182 3909 καρδίαν
1219 3858 1340 3911 μου
1360 3856 1374 3871 ⁶
1410 3841 1524 3895 ἀλλ’
1551 3841 1627 3905 ὡς
1658 3845 1716 3896 ὲν
1750 3843 1883 3913 εὗχῇ

294 3929 615 3998 παρακαλῶν
650 3931 766 3985 ὑπὸ
793 3931 888 3985 τοῦ
914 3931 1048 3986 Θεοῦ
1082 3933 1426 4007 καθαρθῆναι
1458 3933 1548 3988 διὰ
1574 3935 1675 4005 τῆς
1708 3933 1886 4007 πυρώ-

291 4035 433 4086 σεως,
465 4024 516 4075 εί
565 4022 755 4077 δέοιτο
787 4024 1125 4097 καθάρσεως.
1162 4027 1479 4099 Παρακαλεῖ
1516 4028 1696 4081 τοίνυν
1740 4028 1887 4082 δοκι-

293 4113 555 4183 μασθῆναι
590 4117 697 4170 aceti.
747 4117 1106 4189 πειρασθῆναι
1138 4118 1236 4190 τὴν
1284 4118 1678 4191 προλεχθεῖσαν
1718 4120 1885 4174 αὑτοῦ

288 4206 493 4278 ἀρετὴν,
546 4209 683 4263 καθ’
737 4209 804 4280 ἣν
856 4210 1162 4282 διαπρέψας
1214 4211 1616 4276 ἀποδέδεικται,
1652 4212 1755 4266 οὑκ
1799 4216 1885 4282 ἐφ’

287 4299 450 4371 ἑαυτῷ
493 4301 818 4364 πεποιθὼς,
843 4302 957 4356 ἀλλ’
995 4303 1088 4357 ἐπὶ
1119 4302 1196 4373 τῷ
1237 4302 1330 4356 τοῦ
1364 4303 1501 4356 Θεοῦ
1538 4303 1697 4374 ὲλέῳ.
1730 4303 1888 4357 Οὑτω

283 4391 420 4457 γοῦν,
456 4396 622 4465 φησὶ,
647 4394 750 4448 διὰ
777 4394 978 4458 παντὸς
1025 4396 1084 4448 σὲ
1110 4395 1200 4449 τὸν
1232 4396 1363 4449 Θεὸν
1390 4398 1483 4450 καὶ
1507 4396 1599 4451 τὸν
1628 4396 1718 4449 σὸν
1741 4396 1889 4449 ἔλεον

285 4485 380 4556 πρὸ
405 4487 721 4559 ὀφθαλμῶν
751 4486 911 4558 ἔχων,
938 4488 1116 4541 πάντα
1144 4487 1234 4541 τὸν
1257 4488 1497 4558 ἐμαυτοῦ
1524 4488 1637 4559 βίον
1664 4489 1759 4542 καὶ
1783 4488 1888 4542 πά-

1974 1913 2208 1971 suetudo
2242 1928 2459 1983 nempe,
2489 1911 2793 1979 humilitas,
2827 1917 2882 1966 et
2912 1909 3203 1965 tolerantia
3234 1928 3246 1961 :
3274 1908 3390 1961 haec
3430 1921 3550 1960 om-

1978 2008 2071 2063 nia
2114 2021 2222 2062 una
2254 2005 2648 2075 complectens,
2690 2003 3068 2058 innocentiam
3100 2000 3336 2055 vocavit.
3370 1997 3437 2052 Et
3464 2004 3553 2051 ut-

1976 2106 2104 2169 pote
2133 2099 2227 2169 qui
2258 2099 2363 2153 hac
2388 2098 2659 2168 praecipue
2688 2096 2744 2150 in
2778 2106 2933 2165 parte
2963 2109 3023 2150 se
3055 2093 3317 2163 praeclare
3348 2090 3553 2161 gessis-

1979 2199 2083 2255 set,
2115 2192 2172 2245 in
2201 2190 2570 2261 postulatione
2595 2202 2694 2244 sua
2721 2188 2796 2241 ita
2821 2185 2988 2242 Deum
3020 2185 3310 2253 compellat
3328 2201 3340 2237 :
3358 2181 3553 2235 Judica

1977 2300 2080 2350 me,
2114 2283 2359 2350 Domine,
2394 2282 2639 2353 quoniam
2685 2297 2777 2350 ego
2821 2280 2877 2332 in
2922 2278 3221 2331 innocentia
3262 2290 3378 2328 mea
3429 2288 3553 2341 pro-

1978 2393 2188 2449 gressus
2218 2393 2356 2431 sum.
2404 2373 2856 2444 Quandoquidem
2902 2385 3159 2442 magnum
3184 2368 3252 2423 de
3291 2383 3350 2422 se
3393 2366 3555 2437 quid-

1980 2470 2124 2541 piam
2160 2470 2566 2541 pronuntiarat,
2600 2467 2758 2538 quasi
2786 2462 3157 2534 iactabundus
3187 2461 3256 2516 de
3293 2460 3556 2530 praeclara

1982 2575 2084 2615 sua
2116 2560 2448 2614 innocentize
2473 2565 2528 2613 et
2561 2554 2932 2627 simplicitatis
2965 2552 3191 2615 virtute,
3231 2566 3354 2605 sese
3381 2548 3558 2617 repri-

1981 2653 2083 2706 mit
2113 2660 2168 2707 et
2196 2651 2356 2721 quasi
2391 2649 2718 2705 necessitate
2748 2646 3009 2701 inductus
3039 2643 3249 2712 adjicit,
3282 2649 3332 2695 et
3361 2643 3417 2694 in
3445 2638 3559 2695 Do-

1982 2746 2128 2801 mino
2167 2760 2387 2813 sperans
2433 2759 2539 2796 non
2588 2738 2969 2795 commovebar.
3017 2735 3344 2792 Necessario
3391 2733 3560 2803 igitur

1983 2852 2082 2909 spe
2118 2853 2173 2891 in
2204 2835 2373 2891 Deum
2410 2851 2470 2891 se
2499 2833 2770 2897 munivit,
2823 2844 3055 2900 seseque
3088 2829 3324 2893 incusat,
3358 2832 3417 2879 ut
3464 2823 3559 2893 qui

1983 2928 2341 2992 commoveri,
2388 2926 2579 2990 everti,
2615 2940 2679 2980 ac
2711 2922 2978 2978 inﬁrmari
3018 2920 3215 2975 valeat.
3253 2917 3449 2973 Verum
3492 2917 3559 2969 li-

1985 3021 2177 3076 denter
2199 3036 2278 3085 se,
2312 3020 2384 3075 ob
2414 3033 2566 3090 spem
2600 3018 2655 3071 in
2687 3017 2878 3078 Deum,
2928 3013 3064 3070 nihil
3116 3012 3243 3066 mali
3267 3023 3558 3081 passurum

1988 3113 2338 3170 asseverabat
2371 3131 2385 3167 τ
2422 3117 2653 3165 noverat
2675 3108 2823 3164 enim
2853 3122 3005 3179 spem
3055 3121 3164 3160 non
3197 3102 3560 3166 confundere,

1911 3192 1954 3250 Ο
1989 3203 2288 3261 secundum
2317 3202 2638 3272 Apostolum
2662 3201 2737 3254 ³⁸.

2051 3298 2221 3353 Vens.
2252 3295 2308 3356 2.
2336 3297 2392 3350 '5.
2426 3295 2607 3350 Proba
2628 3311 2728 3358 me,
2760 3292 3003 3359 Domine,
3034 3300 3083 3346 et
3124 3298 3271 3345 tenta
3306 3304 3387 3342 me
3413 3303 3433 3340 :
3463 3301 3561 3339 ure

1982 3406 2130 3445 renes
2158 3405 2298 3443 meos
2338 3396 2388 3442 et
2421 3404 2512 3441 cor
2537 3400 2730 3440 meum.
2762 3383 3027 3450 Quoniam
3069 3378 3438 3435 misericordia
3469 3385 3563 3428 tua

1983 3492 2105 3537 ante
2131 3480 2311 3535 oculos
2344 3495 2485 3533 meos
2513 3487 2613 3543 est,
2662 3487 2714 3531 et
2752 3475 3049 3545 complacui
3096 3474 3155 3526 in
3193 3471 3411 3526 veritate
3444 3476 3559 3520 tua.

1982 3570 2103 3628 Non
2149 3570 2308 3642 quasi
2351 3568 2721 3639 iactabundus
2770 3575 2826 3621 et
2873 3566 3053 3620 elatus
3087 3561 3273 3616 animo
3321 3559 3430 3613 hoc
3455 3556 3556 3619 ait,

1986 3664 2165 3719 Proba
2212 3680 2313 3727 me,
2349 3662 2593 3726 Domine,
2622 3671 2670 3715 et
2701 3667 2845 3714 tenta
2870 3675 2952 3712 me
2984 3673 3003 3711 :
3043 3671 3138 3709 ure
3168 3669 3314 3707 renes
3339 3666 3483 3706 meos
3513 3658 3565 3703 et

1985 3776 2075 3815 cor
2104 3775 2298 3823 meum,
2336 3757 2431 3812 sed
2460 3755 2620 3827 quasi
2671 3755 2727 3809 in
2780 3752 3032 3808 oratione
3060 3746 3391 3819 postulando
3445 3758 3505 3797 se
3533 3756 3564 3795 a

1987 3852 2100 3907 Deo
2121 3854 2247 3923 igne
2268 3849 2511 3921 purgari.
2541 3848 2589 3903 si
2622 3846 2841 3917 quidem
2873 3841 3199 3914 purgatione
3225 3845 3404 3908 egeat.
3448 3834 3567 3889 Ro-

1986 3955 2078 4018 gat
2107 3944 2273 4014 igitur
2302 3940 2528 4013 probari
2561 3949 2616 3994 et
2640 3934 2943 3992 examinari
2993 3947 3160 4002 supra
3203 3936 3565 3985 memoratam

1989 4053 2146 4094 suam
2167 4038 2450 4098 virtutem,
2470 4047 2577 4101 qua
2602 4029 2900 4101 prtcclarus
2924 4030 3395 4081 commonstratus
3438 4026 3523 4074 est
3548 4036 3566 4086 ;

1988 4146 2099 4187 non
2135 4128 2261 4195 sibi,
2295 4126 2392 4182 sed
2436 4124 2532 4179 Dei
2565 4118 2960 4178 misericordiae
3010 4116 3275 4173 conﬁsus.
3330 4112 3429 4177 Ita,
3488 4110 3570 4164 in-

1990 4222 2130 4292 quit,
2166 4228 2219 4275 te
2249 4218 2440 4283 Deum,
2471 4224 2737 4285 tuamque
2767 4208 3203 4269 misericordiam
3231 4220 3346 4277 prae
3390 4204 3570 4260 oculis

1991 4328 2209 4383 semper
2243 4310 2472 4372 habens,
2501 4309 2670 4362 vitam
2699 4319 2877 4361 meam
2907 4301 3274 4369 universaque
3298 4310 3465 4367 opera
3490 4294 3571 4349 sic

1990 4406 2226 4468 institui,
2274 4412 2334 4459 ut
2362 4401 2761 4472 complacerem
2814 4397 2872 4451 in
2930 4394 3155 4450 veritate
3213 4398 3327 4446 tua.
3382 4388 3572 4457 Neque

1990 4500 2138 4554 enim
2177 4513 2302 4553 cum
2325 4495 2677 4552 simulatione
2696 4490 2958 4562 quadam,
2993 4486 3089 4545 sed
3116 4488 3173 4541 in
3201 4484 3435 4540 veritate
3455 4495 3573 4533 am-

286 4593 373 4642 σας
401 4599 505 4651 μου
540 4582 653 4644 τὰς
684 4580 923 4652 πράξεις
956 4580 1391 4649 ἐπαιδαγώγουν,
1420 4581 1495 4644 ὡς
1526 4582 1879 4653 εὐαρεστῆσαι

1996 4589 2180 4644 bulavi
2210 4603 2274 4643 ac
2306 4592 2562 4643 versatus
2619 4598 2762 4650 sum,
2818 4580 3026 4649 unique
3066 4575 3179 4632 Deo
3206 4574 3424 4645 placere
3455 4576 3572 4622 stu-

283 4668 335 4721 ὲν
360 4675 423 4743 τῇ
452 4674 705 4745 ἀληθείᾳ
744 4690 860 4727 σου.
886 4674 960 4726 Oti
1000 4673 1107 4745 γὰρ
1141 4674 1259 4743 μεθ’
1290 4673 1650 4744 ὑποκρίσεως,
1677 4673 1793 4728 ἀλλ’
1828 4677 1887 4727 ἐν

285 4764 500 4837 ἀληθεία
533 4766 942 4839 περιεπάτησα
972 4767 1065 4819 καὶ
1097 4766 1463 4837 ἀνεστράφην,
1499 4766 1646 4837 μόνῳ
1668 4765 1746 4837 τῷ
1770 4765 1889 4834 Θεῴ

284 4856 654 4929 εὐαρεστῆσαι
689 4857 1036 4922 σπουδάζων.

348 4973 468 5025 Οὐκ
495 4972 785 5026 ἐκάθισα
808 4970 959 5041 μετὰ
990 4972 1311 5042 συνεδρίου
1344 4974 1759 5041 ματαιότητος,
1792 4971 1890 5025 καί

283 5062 415 5127 μετὰ
459 5064 1003 5134 παρανομούντων
1037 5068 1108 5119 οὐ
1145 5064 1231 5135 μὴ
1273 5066 1543 5120 εἰσέλθω.
1593 5064 1890 5133 Ἐμίσησα

282 5152 619 5224 ἐκκλησίαν
662 5155 1192 5225 πονηρευομένων,
1237 5160 1335 5211 καὶ
1360 5156 1510 5227 μετὰ
1557 5154 1794 5211 ἀσεϐῶν
1821 5157 1891 5209 οὐ

278 5245 355 5311 μὴ
388 5250 651 5302 καθίσω.
691 5247 772 5300 Et
796 5265 897 5300 που
924 5248 1102 5301 τοίνυν
1136 5251 1463 5321 συνήρχοντο
1495 5246 1637 5301 κατὰ
1667 5247 1728 5299 τὸ
1762 5245 1894 5299 αὐτὸ

284 5332 465 5403 ἄνδρες
508 5337 579 5391 οὑ
632 5337 952 5401 σπουδαῖοι,
982 5337 1090 5390 οὐδ’
1121 5339 1214 5392 ἐπὶ
1255 5339 1566 5402 σπουδαίοις
1604 5338 1893 5412 πράγμασι

288 5428 717 5501 οαηδρεύυντες
742 5469 757 5493 ,
795 5430 885 5482 ἐπὶ
932 5431 1182 5501 ματαίοις
1226 5432 1285 5485 δὲ
1311 5432 1405 5486 καὶ
1436 5432 1538 5485 οὐκ
1575 5431 1896 5499 ἀναγκαίοις

286 5521 596 5593 ποιούμενοι
623 5522 741 5592 τὴν
767 5521 999 5576 σύνοδον·
1028 5523 1269 5591 τούτους,
1294 5526 1478 5597 φησὶν,
1508 5524 1729 5594 ἔφυγον,
1755 5524 1898 5581 ὥστε

289 5613 352 5684 μὴ
386 5610 961 5685 συμπεριπλέκεσθαι
1004 5614 1180 5668 αὐτῶν
1223 5619 1291 5687 τῇ
1346 5616 1689 5688 ματαιότητι,
1717 5616 1777 5637 “’“
1822 5612 1899 5676 ὼς

348 5772 387 5801 ³⁸
425 5770 597 5827 Rom.
640 5786 715 5829 ν,
760 5766 816 5819 5.

568 5861 877 5922 ΡΑτιιοι..
910 5857 1027 5918 Gn.
1080 5853 1322 5919 XXIII.

1990 4678 2107 4733 dui.

2068 4957 2237 5013 Vens.
2272 4958 2327 5019 4,
2360 4958 2413 5010 5.
2452 4954 2578 5009 Non
2617 4952 2729 5008 sedi
2774 4966 2893 5004 cum
2941 4946 3165 5000 concilio
3213 4942 3489 5001 vanitatis,
3522 4948 3577 4994 et

1999 5069 2118 5106 cum
2144 5052 2329 5121 iniqua
2367 5046 2664 5119 gerentibus
2693 5061 2797 5098 non
2833 5038 3083 5095 introibo.
3114 5036 3267 5092 0divi
3298 5034 3578 5089 ecclesiam

1999 5142 2428 5214 malignantium,
2458 5148 2507 5195 et
2529 5156 2647 5193 cum
2668 5135 2843 5206 impiis
2877 5151 2981 5189 non
3003 5130 3207 5185 sedebo.
3246 5126 3432 5181 Sicubi
3466 5137 3575 5178 una

2000 5235 2357 5292 convenirent
2375 5233 2478 5287 viri
2504 5247 2614 5285 non
2647 5228 2810 5299 frugi,
2838 5240 3015 5295 neque
3036 5223 3106 5277 de
3133 5220 3291 5275 bonis
3317 5216 3578 5287 operibus

2002 5330 2295 5387 consilium
2333 5327 2626 5397 agitantes,
2663 5321 2759 5377 sed
2783 5320 2851 5375 de
2877 5318 3035 5373 vanis
3079 5330 3144 5370 ac
3173 5328 3284 5367 non
3317 5324 3575 5367 necessa-

2002 5428 2102 5482 riis
2130 5424 2297 5479 rebus
2326 5422 2383 5474 in
2410 5426 2557 5475 coetu
2582 5431 2683 5473 suo
2708 5417 3137 5483 pertractantes;
3166 5408 3235 5461 ab
3258 5406 3346 5468 iis,
3372 5402 3576 5472 inquit,

2002 5515 2362 5587 relugiebam,
2397 5521 2456 5565 ut
2484 5527 2555 5565 ne
2602 5508 2793 5561 talium
2841 5504 3125 5559 hominum
3165 5496 3393 5554 vanitati
3426 5510 3575 5550 com-

2006 5586 2288 5675 miscerer,
2319 5608 2385 5629 "'
2420 5610 2481 5657 ut
2508 5599 2637 5671 quid
2669 5605 2867 5669 praeter
2888 5595 3126 5651 divinam
3152 5594 3325 5662 legem
3359 5586 3582 5659 aggredi

3208 5852 3211 5857 ’
3230 5844 3268 5901 8
