4094 6378
494 291 600 350 235

1231 297 1497 354 EUSEBII
1534 296 2011 355 CESARIENSIS
2048 297 2202 353 OPP.
2244 298 2425 350 PARS
2463 298 2622 349 lll.—-
2656 298 3065 347 blbhb’ltbA.

3630 298 3735 348 230

492 414 778 483 auderent,
807 419 979 474 multo
1011 420 1185 491 magis
1234 422 1304 477 ab
1353 422 1422 479 iis
1453 422 1816 485 declinabam,
1845 422 2045 478 erroris

2154 422 2245 474 καὶ
2268 421 2417 491 παρά
2442 420 2532 472 τὸν
2559 418 2697 471 θεῖον
2722 418 2882 488 νόμον
2916 418 3117 487 τολμᾷν
3143 417 3266 469 τινὰ
3289 417 3421 487 δρᾷν
3444 434 3456 445 ·
3492 417 3584 472 καὶ
3609 419 3731 470 τού-

493 524 605 564 una
633 524 755 564 cum
778 511 845 567 iis
878 512 1272 567 adeundiviam
1295 513 1591 585 refugiens.
1627 516 1781 580 Quod
1809 516 1857 570 si
1878 531 2052 585 quan-

492 599 565 655 do
587 599 825 656 viderem
848 603 1059 674 aliquos
1084 611 1284 659 coetum
1308 614 1551 678 agentes,
1578 608 1669 677 qui
1695 622 1800 661 non
1837 623 1935 676 pro
1960 624 2052 661 va-

491 694 662 749 nitate
702 709 803 749 nec
829 710 926 764 pro
960 698 1223 767 improbis
1256 701 1514 769 Operibus
1540 701 1918 765 convenirent,
1955 701 2051 755 sed

492 799 590 855 pro
620 791 802 854 pravis
821 795 874 842 et
901 788 1084 859 impiis
1104 790 1449 861 dogmatibus
1477 793 1532 846 in
1571 793 1806 848 ecclesia
1831 808 2055 863 congre-

493 886 771 945 garentur,
807 879 908 934 hos
942 881 1232 953 plusquam
1284 898 1446 953 supra
1475 884 1653 939 dictos
1687 884 1814 939 odio
1856 884 2052 954 dignos

491 968 672 1023 rebar.
704 970 867 1025 Aliud
891 987 1022 1027 vero
1048 988 1077 1027 a
1101 989 1267 1044 supra
1293 976 1606 1031 memoratis
1644 975 1927 1030 hominum
1959 992 2053 1046 ge-

489 1075 594 1114 nus
627 1062 1000 1131 conspicatus,
1043 1064 1337 1134 impiorum
1376 1065 1649 1129 videlicet,
1682 1073 1735 1120 et
1761 1069 1853 1136 qui
1878 1067 2049 1122 Deum

488 1166 599 1206 non
627 1161 877 1219 nossent,
909 1170 973 1208 ac
1004 1156 1097 1225 qui
1128 1157 1183 1210 in
1206 1172 1393 1211 errore
1420 1165 1475 1212 et
1497 1157 1804 1213 idololatria
1836 1159 2048 1213 voluta-

488 1251 697 1309 rentur,
731 1244 800 1299 ab
830 1246 896 1301 iis
922 1247 1270 1315 secedebam;
1311 1249 1385 1302 ita
1413 1258 1472 1303 ut
1505 1266 1572 1305 ne
1605 1252 1795 1306 sedere
1828 1252 2050 1322 quidem

487 1350 611 1390 cum
642 1336 710 1393 iis
742 1336 961 1403 vellem,
991 1353 1091 1393 nec
1120 1339 1213 1393 diu
1263 1356 1386 1395 cum
1421 1341 1489 1396 iis
1542 1343 1765 1406 morari,
1815 1359 1884 1398 ne
1942 1360 2049 1413 qua

487 1425 620 1479 mihi
651 1441 715 1482 ex
747 1441 938 1481 eorum
987 1442 1284 1499 congressu
1329 1431 1625 1500 impietatis
1654 1434 1911 1506 contagio
1938 1435 2043 1490 bae-

488 1524 649 1573 reret.
683 1515 862 1582 Quare
885 1519 1010 1574 dico
1047 1539 1059 1573 :
1088 1528 1138 1573 et
1160 1536 1277 1574 cum
1308 1522 1486 1591 impiis
1515 1539 1619 1577 non
1642 1523 1847 1579 sedebo.

554 1820 716 1878 Vens.
791 1822 909 1880 6-8.
994 1824 1203 1879 Lavabo
1272 1827 1409 1880 inter
1486 1828 1780 1882 innocentes
1859 1844 2048 1884 manus

487 1929 648 1979 meas,
700 1924 753 1968 et
780 1915 1117 1970 circumdabo
1152 1919 1322 1971 altare
1350 1927 1519 1981 tuum,
1558 1918 1780 1973 Domine
1810 1936 1830 1973 :
1858 1930 1917 1973 ut
1951 1937 2050 1973 au-

486 2006 629 2061 diam
656 2024 828 2062 vocem
876 2009 1074 2073 laudis,
1128 2019 1179 2064 et
1233 2028 1471 2066 enarrem
1503 2014 1746 2067 universa
1774 2011 2048 2067 mirabilia

485 2106 596 2153 tua.
624 2096 874 2164 Domine,
904 2100 1070 2153 dilexi
1103 2100 1341 2155 decorem
1366 2100 1553 2157 domus
1598 2112 1722 2165 tute,
1769 2112 1820 2157 et
1875 2104 2047 2157 locum

485 2169 838 2245 habitationis.
862 2191 1046 2262 gloria:
1074 2202 1196 2247 tuae.
1230 2191 1291 2248 In
1324 2194 1560 2248 circuitu
1597 2194 1936 2249 tabernaculi
1965 2196 2045 2251 tui

484 2279 902 2343 obambulando,
938 2281 1169 2353 hymnos
1219 2284 1533 2339 emittebam
1582 2300 1683 2357 pro
1736 2284 2043 2350 sacriﬁciis,

484 2378 541 2423 ut
574 2370 642 2425 ab
667 2371 981 2429 hominibus
1016 2389 1047 2429 e
1102 2374 1287 2429 vicino
1322 2377 1517 2445 positis
1555 2376 1918 2446 audirentur,
1971 2378 2046 2432 ita

484 2467 544 2514 ut
574 2475 764 2518 omnes
815 2478 1007 2519 vocem
1054 2479 1230 2519 meam
1261 2473 1315 2521 te
1342 2466 1732 2533 celebrantem,
1792 2483 1857 2523 ac
1882 2484 2045 2524 enar-

484 2559 693 2607 rantem
725 2553 980 2609 universa
1012 2554 1283 2609 mirabilia
1340 2565 1433 2609 tua
1482 2557 1873 2612 auscultarent.
1909 2557 2045 2611 Nam

483 2643 539 2697 in
566 2642 783 2713 hymnis
836 2642 903 2697 ad
954 2644 1034 2698 tui
1064 2644 1277 2699 laudern
1324 2648 1688 2715 concinnatis,
1725 2648 2046 2703 admiranda

483 2744 631 2806 gesta
662 2742 755 2789 tua
788 2751 897 2790 una
926 2738 1345 2805 complectebar,
1401 2754 1523 2809 qua:
1570 2741 1790 2809 proavis
1840 2742 2047 2797 nostris

482 2825 797 2882 exhibuisti.
829 2826 1017 2898 Neque
1044 2828 1306 2884 duntaxat
1337 2830 1507 2887 altare
1529 2841 1683 2886 tuum
1717 2833 2042 2900 circuibam,

484 2916 575 2973 sed
604 2924 777 2972 totam
807 2934 1024 2989 quoque
1068 2920 1289 2976 domum
1346 2931 1495 2975 tuam
1546 2922 1731 2989 dilexi,
1792 2923 2041 2990 Domine,

484 3007 824 3078 maximeque
851 3007 1103 3068 decorem
1141 3009 1284 3080 ejus,
1322 3013 1415 3081 qui
1458 3012 1515 3067 in
1559 3013 1666 3083 piis
1695 3015 2044 3085 dogmatibus

2153 530 2276 575 τους
2341 512 2418 564 ἔτι
2477 509 2948 580 μᾶλλονιὲφυγον,
3003 509 3433 580 παραιτούμενος
3475 508 3572 581 τὴν
3619 511 3735 579 ἅμα

2153 605 2333 666 αὐτοῖς
2374 605 2453 666 είς
2498 604 2597 672 τὴν
2633 603 2837 672 πλάνην
2885 602 3105 655 εἴσοδον.
3151 603 3258 655 Καὶ
3291 601 3342 653 εἴ
3377 619 3504 654 ποτε
3542 602 3598 655 δὲ
3630 603 3731 655 ὲώ-

2157 713 2262 766 ρων
2318 694 2772 763 ὲκκλησιάζοντάς
2827 710 3011 757 τινας,
3069 694 3160 746 καὶ
3216 694 3315 746 οὐκ
3356 694 3447 745 ἐπὶ
3502 696 3731 763 ματαιό-

2151 802 2311 854 τητος
2350 786 2798 854 συνερχομένους,
2825 784 2939 837 ἀλλ’
2975 784 3080 836 οὐδ’
3124 785 3216 836 ἐπὶ
3269 786 3605 855 παρανόμοις
3644 787 3733 857 ἕρ-

2152 894 2305 946 γοις,
2344 876 2458 930 ἀλλ’
2505 877 2599 929 ἐπὶ
2634 880 2891 948 πονηροῖς
2938 878 3031 930 καὶ
3075 878 3295 931 ἀσεϐέσι
3340 878 3620 949 δόγμασιν,
3676 883 3731 931 ἐν

2152 966 2412 1038 ἐκκλησία
2456 966 2615 1037 δῆθεν
2662 969 3181 1039 συγκροτουμένους,
3248 968 3469 1032 τούτους
3519 971 3581 1041 δὴ
3628 971 3731 1041 μά-

2152 1057 2306 1108 λιστα
2338 1056 2488 1127 παρὰ
2532 1058 2657 1119 τοὺς
2699 1057 3095 1128 προλεχθέντας
3138 1059 3330 1128 μίσους
3359 1058 3541 1123 ἀξίους
3569 1062 3732 1131 ἡγού-

2155 1165 2281 1219 μην.
2310 1150 2419 1201 Καὶ
2459 1148 2645 1221 ἕτερον
2687 1149 2743 1202 δὲ
2788 1149 2973 1221 τάγμα
3024 1152 3175 1221 παρά
3213 1151 3283 1203 τὰ
3325 1152 3731 1223 προλελεγμένα

2153 1238 2323 1304 εἰδὼς,
2358 1242 2418 1294 τὸ
2450 1241 2557 1293 τῶν
2606 1242 2835 1306 ἀσεϐῶν,
2886 1242 2991 1295 τῶν
3035 1243 3125 1296 τὸν
3172 1242 3304 1295 Θεὸν
3364 1242 3437 1313 μὴ
3487 1245 3725 1311 εἰδότων,

2151 1332 2614 1405 είδωλολατρείαις
2638 1335 2732 1387 καὶ
2758 1334 2931 1407 πλάνῃ
2954 1334 3401 1404 καλινδουμένων,
3424 1335 3732 1406 ἀνεχώρουν

2150 1424 2348 1489 αὐτῶν,
2401 1425 2475 1489 ὡς
2527 1426 2661 1497 μηδὲ
2706 1426 2990 1497 βούλεσθαι
3041 1428 3220 1490 αὐτοῖς
3276 1428 3725 1495 συγκαθέζεσθαι,

2106 1578 2113 1593 δ
2154 1516 2276 1587 μηδ’
2319 1517 2411 1570 ἐπὶ
2461 1517 2592 1570 πολὺ
2632 1520 3021 1591 συγχρονίζειν,
3065 1520 3138 1590 μὴ
3184 1521 3290 1590 ἄρα
3325 1538 3408 1584 τις
3453 1522 3511 1587 ἐξ
3549 1524 3729 1577 αὐτῶν

2150 1610 2357 1679 γένοιτό
2389 1629 2480 1682 μοι
2510 1611 2791 1681 μετάδοσις
2815 1612 3067 1677 ἀσεϐείας
3087 1630 3100 1643 ο
3131 1612 3210 1666 διὸ
3236 1614 3377 1684 φημί
3401 1630 3413 1642 ·
3437 1614 3548 1669 Καὶ
3576 1615 3729 1685 μετὰ

2154 1704 2390 1759 ἀσεϐῶν
2417 1706 2488 1759 οὐ
2519 1704 2606 1774 μὴ
2643 1704 2885 1760 καθίσω.

2079 1789 2126 1850 Β
2219 1819 2482 1887 Νίψομαι
2510 1818 2579 1872 ἐν
2626 1817 2839 1885 ἀθώοις
2884 1818 2993 1885 τὰς
3040 1819 3243 1889 χεῖράς
3285 1838 3426 1890 μου,
3482 1823 3581 1876 καὶ
3621 1841 3727 1877 κυ-

2148 1908 2363 1962 κλώσω
2392 1909 2459 1962 τὸ
2483 1909 2917 1978 θυσιαστήριόν
2956 1928 3094 1975 σου,
3122 1914 3316 1980 Κύριε,
3338 1913 3443 1967 τοῦ
3469 1913 3725 1969 ἀκοῦσαι

2146 2000 2351 2070 φωνῆς
2373 2001 2681 2069 αἰνέσεως,
2715 2003 2811 2056 καὶ
2840 2002 3240 2073 διηγήσασθαι
3266 2005 3462 2059 πάντα
3492 2006 3563 2060 τὰ
3585 2010 3726 2061 θαυ-

2140 2092 2333 2162 μάσιά
2378 2109 2513 2148 σου.
2563 2096 2763 2163 Κύριε,
2815 2095 3103 2166 ἠγάπησα
3150 2098 3507 2166 εὐπρέπειαν
3546 2100 3721 2154 οἴκου

2146 2201 2283 2250 σου,
2327 2186 2426 2240 καὶ
2457 2190 2644 2242 τόπον
2670 2188 3061 2258 σκηνώματος
3088 2190 3272 2258 δόξης
3312 2208 3450 2245 σου.
3492 2193 3725 2246 Κυκλῶν

2149 2294 2242 2330 σου
2275 2276 2337 2331 τὸ
2361 2278 2763 2351 θυσιαστήριον,
2792 2280 2992 2352 ὕμνους
3024 2283 3334 2353 ἀνέπεμπον
3368 2284 3485 2337 ἀντὶ
3508 2284 3718 2349 θυσίας,

2146 2370 2239 2423 καὶ
2261 2370 2360 2439 τὴν
2382 2370 2519 2441 ὲμὴν
2545 2371 2724 2443 φωνὴν
2748 2372 3016 2443 ἀκουστὴν
3042 2374 3258 2426 ἐποίουν
3273 2376 3383 2437 τοῖς
3404 2374 3723 2444 πλησιάζου-

2148 2475 2252 2524 σιν,
2288 2457 2427 2512 ὥστε
2462 2460 2667 2524 πάντας
2694 2460 2912 2513 ἀκούειν
2951 2461 3049 2531 τῆς
3078 2461 3216 2530 ὲμῆς
3257 2461 3438 2530 φωνῆς
3467 2460 3723 2532 αίνούσης

2148 2567 2207 2603 σε
2254 2551 2344 2604 τὸν
2388 2551 2515 2605 Θεὸν
2561 2553 2655 2605 καὶ
2701 2552 3059 2623 διηγουμένης
3106 2553 3283 2606 πάντα
3325 2551 3395 2605 τά
3442 2552 3720 2623 θαυμάσιά

2147 2659 2259 2697 σου.
2317 2643 2402 2695 Ἐν
2434 2643 2541 2713 γὰρ
2574 2646 2686 2707 τοῖς
2743 2646 2820 2708 είς
2854 2644 2913 2697 σὲ
2956 2643 3144 2715 ὕμνοις
3194 2645 3719 2717 συμπαρελάμϐανον

2143 2734 2243 2798 τὰς
2271 2734 2578 2806 θαυμασίας
2612 2753 2704 2788 σου
2738 2736 2983 2806 πράξεις,
3010 2737 3075 2799 ἃς
3103 2736 3349 2803 ἐνεδείξω
3372 2741 3483 2801 τοῖς
3522 2735 3717 2809 ἡμετέ-

2151 2844 2263 2898 ροις
2297 2828 2685 2899 προπάτορσιν.
2722 2829 2794 2881 Ού
2846 2830 3006 2899 μόνον
3031 2830 3086 2882 δὲ
3113 2830 3173 2883 τὸ
3220 2830 3596 2902 θυσιαστήριόν
3623 2847 3716 2882 σου

2149 2916 2430 2981 ὲκύκλουν,
2476 2917 2610 2970 ἀλλά
2650 2919 2745 2971 καὶ
2790 2918 2968 2971 πάντα
3000 2918 3089 2971 τὸν
3120 2915 3265 2973 οἶκόν
3311 2937 3402 2971 σου
3434 2920 3713 2989 ὴγάπησα,

2144 3009 2316 3079 Κύριε
2340 3026 2353 3039 ⁶
2390 3010 2485 3063 καὶ
2515 3010 2701 3063 τούτου
2745 3010 2977 3080 μάλιστα
3004 3010 3100 3082 τὴν
3126 3011 3456 3082 εὐπρέπειαν
3484 3010 3718 3082 θεωρου-

483 3106 535 3153 et
569 3099 934 3164 sermonibus,
966 3115 1181 3156 necnon
1215 3103 1273 3156 in
1296 3101 1559 3160 divinitus
1590 3105 1807 3161 traditis
1853 3107 2045 3161 lectio-

2149 3102 2316 3173 μένην
2343 3103 2400 3155 ὲν
2425 3102 2671 3155 εὐσεϐέσι
2695 3101 2926 3173 δόγμασι
2948 3103 3041 3155 καὶ
3065 3101 3260 3170 λόγοις,
3295 3101 3351 3154 ἕν
3373 3119 3430 3155 τε
3460 3105 3570 3165 τοῖς
3600 3102 3718 3155 θεο-

482 3190 644 3245 nibus
675 3198 972 3261 spectatur.
1006 3191 1180 3248 Decor
1229 3201 1411 3249 autem
1452 3195 1653 3252 domus
1704 3196 1798 3252 Dei
1854 3197 2041 3264 fuerit,

482 3281 922 3337 convenientium
951 3292 1202 3350 ornatus,
1240 3285 1518 3358 inculpata
1556 3288 1687 3355 vita,
1739 3289 2046 3344 multitudi—

481 3371 567 3427 nis
598 3371 876 3439 bonestas,
924 3384 1226 3432 concentus
1276 3384 1332 3431 et
1377 3377 1669 3432 concordia
1709 3394 2046 3435 concurren-

481 3464 640 3519 tium.
668 3462 773 3520 Sed
806 3465 1065 3535 quoniam
1102 3468 1189 3523 vel
1215 3468 1346 3537 ipsae
1375 3468 1571 3525 domus
1599 3470 1777 3535 sedes,
1805 3472 1874 3526 ob
1896 3488 2048 3526 amo-

481 3555 556 3611 ris
586 3570 714 3627 erga
744 3555 914 3613 Deum
939 3560 1333 3628 praestantiam,
1364 3560 1636 3630 religiosis
1665 3562 1862 3617 animis
1895 3577 2049 3617 ama-

482 3645 619 3702 biles
672 3654 823 3713 sunt,
870 3648 1082 3704 etiamsi
1125 3648 1354 3704 diversae
1400 3649 1510 3706 sint
1557 3664 1588 3704 a
1620 3650 1821 3705 tradito
1850 3652 2046 3708 domus

482 3734 575 3790 Dei
607 3737 824 3804 decore,
865 3739 1060 3795 merito
1106 3739 1326 3812 adjecit,
1376 3749 1430 3796 et
1481 3741 1657 3796 locum
1701 3743 2046 3800 habitationis

472 3828 662 3899 'qloria:
691 3840 816 3886 tute.

550 3941 716 3998 Vens.
746 3943 835 4010 Η,
885 3944 973 3999 i2.
1014 3942 1126 4016 Ego
1170 3956 1347 4002 autem
1392 3948 1448 4002 in
1477 3948 1779 4004 innocentia
1813 3966 1930 4004 mea
1962 3950 2047 4004 in-

480 4048 688 4101 gressus
718 4050 836 4088 sum
875 4049 894 4087 :
937 4036 1135 4091 redime
1162 4054 1263 4105 me,
1295 4037 1539 4106 Domine,
1571 4048 1621 4094 et
1649 4041 1893 4095 miserere
1923 4041 2044 4095 mei.

481 4123 581 4179 Pes
606 4141 750 4179 meus
782 4127 923 4179 stetit
951 4128 1009 4180 in
1042 4126 1260 4195 directo,
1288 4130 1343 4183 in
1369 4130 1606 4186 ecclesiis
1641 4131 1940 4188 benedicam
1976 4143 2044 4199 te,

482 4215 721 4271 Domine.
757 4217 1207 4289 Quandoquidem
1248 4221 1417 4291 igitur
1449 4238 1555 4293 qua
1600 4239 1858 4281 mensura
1886 4226 2047 4280 meti-

478 4323 621 4372 mur,
650 4311 951 4365 remetietur
977 4312 1147 4375 nobis,
1179 4322 1233 4368 et
1266 4314 1321 4367 in
1348 4330 1457 4384 quo
1476 4315 1686 4385 judicio
1708 4316 2043 4385 iudicamus,

2146 3192 2432 3256 πνεύστοις
2456 3191 2893 3264 ἀναγνώσμασιν.
2919 3192 3236 3264 Εύπρέπεια
3258 3193 3312 3244 δὲ
3340 3192 3423 3263 εἴη
3447 3192 3541 3245 τοῦ
3567 3194 3715 3246 οἴκου

2144 3283 2239 3337 τοῦ
2265 3284 2398 3337 Θεοῦ
2432 3286 2525 3338 καὶ
2546 3287 2575 3338 ὁ
2595 3285 2703 3338 τῶν
2730 3284 3132 3355 συνερχομένων
3156 3285 3377 3355 κόσμος,
3413 3285 3440 3336 ὅ
3466 3302 3523 3337 τε
3553 3284 3664 3353 βίος
3686 3286 3715 3338 ὁ

2146 3376 2510 3447 ἀνεπίληπτος
2533 3376 2627 3429 καὶ
2654 3375 2714 3428 τὸ
2745 3376 2969 3446 κόσμιον
2998 3375 3091 3429 τοῦ
3119 3376 3374 3447 πλήθους,
3400 3377 3494 3428 καὶ
3526 3378 3557 3447 ή
3584 3379 3715 3445 ὀμο-

2147 3466 2386 3538 φροσύνη
2442 3467 2552 3522 τῶν
2594 3470 3017 3541 συνερχομένων.
3075 3468 3210 3521 Ἀλλ’
3269 3469 3389 3520 ἐπεὶ
3442 3468 3535 3520 καὶ
3585 3468 3717 3520 αὐτὸ

2146 3562 2340 3631 ἔδαφος
2372 3563 2437 3615 δι’
2463 3564 2766 3636 ὑπερϐολὴν
2792 3565 2891 3634 τῆς
2920 3564 3055 3634 πρὸς
3081 3562 3213 3615 Θεὸν
3246 3562 3465 3631 ἀγάπης
3498 3562 3716 3631 ἀγαπη-

2145 3652 2236 3707 τὸν
2259 3653 2513 3723 τυγχάνει
2532 3654 2651 3716 ταῖς
2685 3652 2948 3720 φιλοθέοις
2985 3650 3203 3721 ψυχαῖς,
3231 3649 3414 3719 ἕτερον
3460 3647 3518 3700 ὃν
3565 3645 3716 3717 παρὰ

2144 3744 2242 3816 τὴν
2273 3744 2620 3798 ἀποδοθεῖσαν
2645 3744 2774 3814 ἡμῖν
2797 3744 3123 3815 εὐπρέπειαν
3145 3740 3238 3793 τοῦ
3262 3741 3411 3793 οἴκου
3435 3739 3527 3791 τοῦ
3555 3737 3713 3802 Θεοῦ,

2146 3835 2367 3900 εἰκότως
2384 3835 2642 3904 ὲπιλέγει’
2666 3834 2774 3889 Καὶ
2791 3835 2974 3888 τόπον
2984 3831 3364 3901 σκηνώματος
3379 3828 3562 3897 δόξης
3576 3842 3713 3882 σου.

2232 3947 2375 4017 Ἐγὼ
2410 3946 2477 4001 δὲ
2514 3947 2583 4001 ἐν
2612 3948 2829 4013 ἀκακία
2863 3964 2982 4016 μου
3022 3946 3383 4013 ἐπορεύθην
3414 3943 3718 4011 λύτρωσαί

2144 4058 2239 4112 με,
2273 4042 2471 4107 Κύριε,
2500 4040 2597 4092 καὶ
2627 4038 2885 4106 ἐλέησόν
2915 4054 3011 4108 με,
3056 4039 3109 4090 Ὁ
3144 4036 3298 4102 ποῦς
3319 4052 3437 4105 μιγυ
3468 4035 3615 4102 ἔστη
3646 4036 3718 4088 ἐν

2147 4134 2444 4200 εὐρύτητι,
2496 4132 2567 4184 ἐν
2607 4130 2960 4197 ἐκκλησίαις
3003 4128 3319 4197 εὐλογήσω
3366 4142 3460 4190 σε,
3517 4129 3710 4194 Κύριε.

2160 4226 2313 4280 Ἐπεὶ
2336 4225 2514 4277 τοίνυν
2550 4217 2594 4291 ᾧ
2629 4222 2809 4294 μέτρῳ
2834 4210 3716 4288 μετροῦμνάντιμετρηθήσεται

2151 4311 2311 4381 ἡμῖν,
2338 4311 2431 4365 καὶ
2475 4312 2533 4365 ὲν
2647 4310 2871 4382 κρίματι
2901 4308 3179 4378 κρίνομεν,
3209 4305 3603 4378 κριθησόμεθα,
3629 4303 3718 4357 διὰ

478 4402 533 4456 in
563 4401 752 4458 eodem
772 4402 1144 4473 judicabimur
1167 4406 1247 4474 ³⁹;
1279 4406 1402 4461 ideo
1441 4406 1755 4477 frequenter
1780 4409 2045 4463 innocen-

2146 4403 2304 4458 τοῦτο
2348 4402 2584 4473 συνεχῶς
2624 4404 2723 4473 τὴν
2764 4401 2997 4455 ἀκακίαν
3040 4400 3418 4473 προϐάλλεται,
3472 4397 3719 4453 τουτέστι

476 4491 607 4545 tiam
639 4493 912 4563 proponit,
945 4493 998 4548 id
1023 4502 1128 4559 est,
1160 4495 1429 4550 malorum
1457 4475 1807 4562 oblivionem,
1833 4504 1890 4551 et
1907 4499 2045 4552 tole-

2150 4498 2247 4568 τὴν
2273 4495 2575 4567 ἀμνηστίαν
2611 4493 2819 4559 κακῶν,
2862 4494 2957 4547 καὶ
2986 4493 3085 4563 τὴν
3117 4492 3252 4564 πρὸς
3291 4493 3416 4555 τοὺς
3448 4494 3529 4556 εἰς
3556 4492 3717 4545 αὐτὸν

478 4585 713 4640 rantiam
759 4587 1347 4658 mansuetudinemque
1376 4604 1504 4660 erga
1536 4604 1632 4644 eos
1664 4590 1758 4659 qui
1813 4590 1868 4643 in
1935 4589 2047 4645 sei-

476 4691 633 4747 psum
669 4686 1064 4747 peccaverant,
1124 4687 1185 4733 ut
1208 4695 1392 4748 parem
1429 4689 1484 4735 et
1528 4681 1646 4751 ipse
1676 4696 1775 4750 pro
1805 4680 2044 4737 admisso

475 4777 658 4821 errato
690 4766 1081 4838 indulgentiam
1134 4767 1229 4823 Dei
1283 4771 1659 4825 nanciscatur.
1714 4769 1807 4824 Sic
1845 4786 2042 4840 preca-

474 4868 587 4921 tus,
634 4858 823 4913 divino
872 4861 1050 4915 sancti
1079 4867 1141 4916 et
1191 4861 1493 4930 prophetici
1536 4859 1773 4931 Spiritus
1816 4863 2043 4918 numine

474 4949 707 5016 amatus,
751 4952 828 5005 ita
879 4952 1072 5023 pergit,
1108 4968 1196 5022 pes
1223 4970 1366 5008 meus
1405 4957 1549 5010 stetit
1590 4957 1646 5010 in
1680 4956 1879 5012 directo
1921 4974 1940 5013 :
1988 4959 2043 5012 in

474 5043 704 5099 ecclesiis
735 5044 1033 5100 benedicam
1058 5056 1127 5110 te,
1151 5046 1393 5102 Domine.
1418 5047 1763 5104 Vaticinatur
1782 5050 1928 5107 enim
1958 5066 2040 5117 se,

474 5136 577 5190 etsi
634 5136 869 5205 pedibus
925 5153 1320 5209 nonnunquam
1370 5141 1727 5206 vacillaverit,
1760 5158 1825 5197 ac
1859 5151 2043 5199 motus

474 5243 882 5299 succussusque
915 5230 1102 5295 fuerit,
1126 5246 1405 5301 nunquam
1436 5234 1617 5288 ta’men
1646 5233 1701 5287 in
1738 5234 1823 5288 bis
1853 5234 2043 5303 lapsu-

475 5332 617 5388 rum,
667 5319 761 5374 sed
791 5322 1158 5376 constiturum
1207 5324 1262 5376 in
1295 5323 1528 5386 directo,
1577 5331 1741 5393 atque
1791 5323 2039 5377 futurum

474 5424 596 5464 esse
622 5418 680 5464 ut
704 5410 759 5464 in
789 5412 1040 5468 ecclesiis
1060 5413 1343 5469 benedicat
1372 5413 1635 5480 Domino;
1670 5414 1757 5470 his
1785 5429 2042 5485 praenun-

476 5499 613 5558 tians
660 5501 903 5558 futuram
953 5505 1042 5561 sui
1094 5507 1153 5563 in
1201 5507 1450 5564 ecclesiis
1501 5506 1595 5563 Dei
1650 5508 1971 5564 memoriam
2024 5526 2036 5561 :

543 5705 589 5737 ³⁹
629 5704 815 5763 Matth.
848 5725 922 5764 vu
944 5751 961 5781 ,
992 5710 1047 5765 2.

2145 4589 2531 4663 ἡμαρτηκότας
2558 4586 2905 4653 ἀνεξικακίαν
2924 4603 2937 4617 ·
2973 4586 3047 4650 ώς
3069 4586 3134 4639 ἂν
3162 4587 3253 4639 καὶ
3276 4586 3433 4648 αὐτὸς
3466 4587 3564 4655 τῆς
3597 4587 3717 4657 ῐσης

2146 4686 2297 4758 παρά
2322 4686 2417 4739 τοῦ
2461 4685 2595 4738 Θεοῦ
2622 4684 2773 4754 τύχοι
2800 4684 3102 4755 ἀμνηστίας
3131 4685 3222 4736 ἐπὶ
3246 4683 3323 4753 τῷ
3354 4684 3718 4754 συμϐεϐηκότι

2144 4777 2293 4849 αὐτῷ
2328 4777 2619 4848 σφάλματι.
2648 4776 2759 4829 Καὶ
2798 4774 2968 4829 ταῦτα
3006 4774 3284 4838 ἱκετεύσας
3318 4774 3613 4839 ὲπιθειάζει
3642 4776 3720 4846 τῷ

2145 4868 2287 4937 ἁγίῳ
2318 4867 2413 4919 καὶ
2439 4864 2762 4936 προφητικῷ
2778 4862 3056 4933 Πνεύματι
3090 4861 3263 4930 λέγων
3287 4861 3412 4932 ἑξῆς
3430 4879 3443 4891 ·
3487 4862 3540 4913 '0
3566 4860 3720 4926 ποῦς

2145 4976 2263 5027 μου
2291 4958 2440 5025 ἔστη
2475 4958 2545 5010 ἐν
2580 4958 2874 5024 εὐθύτητι,
2919 4956 2990 5008 ἐν
3017 4954 3370 5021 ἐκκλησίαις
3408 4950 3721 5020 εὐλογήσω

2148 5064 2245 5114 σε,
2283 5050 2478 5116 Κύριε.
2511 5046 2852 5120 Προφητεύει
2892 5045 3022 5117 γὰρ,
3061 5046 3164 5108 ὅτι,
3194 5046 3243 5096 εἱ
3274 5044 3366 5111 καί
3401 5060 3530 5096 ποτε
3561 5043 3720 5110 γέγοο

2149 5158 2236 5194 νεν
2263 5144 2320 5195 ὲν
2351 5144 2465 5204 τοῖς
2502 5140 2659 5196 ποσὶν
2694 5138 2857 5191 αὑτοῦ
2894 5136 3054 5200 σάλος
3086 5136 3180 5189 καὶ
3209 5134 3395 5197 κλόνος
3433 5134 3528 5187 καὶ
3571 5132 3719 5200 κίνηο

2150 5251 2268 5297 σις’
2313 5232 2425 5285 ἀλλ’
2458 5232 2517 5284 οὐ
2563 5235 2809 5283 πεσεῖται
2853 5229 2945 5281 ἐπὶ
2987 5227 3217 5290 τούτοις,
3269 5225 3526 5294 στήσεται
3571 5221 3627 5274 δὲ
3664 5224 3720 5273 ἐν

2149 5325 2420 5396 εὐθύτητι,
2468 5322 2675 5395 μέλλων
2720 5324 2778 5374 ὲν
2812 5318 3127 5391 ἐκκλησίαις
3161 5317 3399 5384 εὐλογεῖν
3440 5315 3530 5367 τὸν
3567 5313 3719 5376 Θεὸν,

2147 5417 2245 5488 τὴν
2276 5416 2364 5470 διὰ
2394 5413 2582 5469 πασῶν
2607 5413 2716 5466 τῶν
2740 5412 3043 5483 ἐκκλησιῶν
3072 5410 3164 5463 τοῦ
3189 5409 3324 5463 Θεοῦ
3360 5412 3575 5479 μνήμην
3598 5404 3723 5457 ἑαυ-

2147 5506 2242 5563 τοῦ
2273 5507 2739 5579 προαναφωνήσας
2762 5521 2776 5535 ο
2819 5505 2899 5568 εις
2924 5503 3004 5557 ἔτι
3031 5502 3158 5572 γοῦν
3188 5502 3283 5555 καὶ
3324 5501 3563 5572 σήμερον
3600 5494 3721 5549 καθ’
