4094 6378
400 347 505 403 2ὖῖ

1523 348 2022 405 COMMENTARIA
2055 348 2123 403 IN
2158 346 2491 405 PSALMOS.

3539 348 3648 405 238

398 463 529 534 ὅλης
554 463 657 534 τῆς
700 462 1026 534 οἰκουμένης
1066 463 1124 516 ὲν
1155 465 1274 528 ταῖς
1323 465 1557 536 Χριστοῦ
1597 467 1912 538 ἐκκλησίαις
1952 470 1971 521 ἐ

2082 481 2208 519 nam
2262 466 2330 520 ad
2382 463 2708 518 hodiernum
2771 476 2944 532 usque
3005 460 3142 517 diem
3201 476 3297 533 per
3336 461 3643 518 universam

399 550 563 609 Δαυῖδ
588 555 799 623 εὐλογεῖ
818 555 907 608 τὸν
945 554 1169 627 Κύριον.

934 768 1020 821 Tn
1056 769 1255 822 ΔΑΥιΔ
1300 771 1442 837 KG".

402 932 405 935 _
468 859 685 927 Κύριος
730 862 1033 928 φωτισμός
1078 879 1219 929 μου,
1271 862 1368 915 καὶ
1417 863 1616 930 σωτήρ
1665 879 1804 931 μου,
1842 863 1975 915 τίνα

392 950 853 1020 ζφοϐηθήοόέιαις
895 952 1112 1019 Κύριος
1162 954 1621 1020 ὑπερασπιστὴς
1669 953 1779 1022 τῆς
1829 952 1974 1019 ζωῆς

390 1058 533 1109 μου,
563 1042 681 1095 ἀπὸ
725 1043 889 1109 τίνος
931 1042 1248 1108 dentrice);
1278 1046 1388 1098 Καὶ
1428 1044 1515 1099 διὰ
1546 1044 1703 1099 τοῦτο
1750 1046 1802 1098 τί
1834 1046 1975 1100 διδά-

394 1149 520 1187 σκει
545 1134 607 1185 τὺ
640 1132 865 1205 Πνεῦμα
888 1136 947 1188 τὸ
974 1137 1309 1207 προφητικόν
1332 1154 1346 1202 ;
1378 1138 1564 1201 Ὅπως
1597 1139 1860 1208 προσήκει
1886 1138 1977 1189 τὸν

390 1222 474 1293 τῷ
521 1224 641 1295 Θεῷ
691 1225 1050 1295 ἀνακείμενον
1093 1228 1432 1298 εὐχαριστεῖν
1475 1228 1640 1298 αὐτῷ,
1676 1229 1770 1282 καὶ
1818 1231 1976 1282 ὁποῖα

392 1313 551 1384 παρὰ
588 1314 682 1367 τοῦ
716 1315 850 1368 Θεοῦ
899 1319 1089 1370 αἰτεῖν.
1134 1318 1383 1388 Περιέχει
1420 1319 1476 1372 δὲ
1501 1321 1530 1371 6
1568 1319 1722 1388 λόγος
1755 1321 1968 1391 εὐχαρι-

394 1406 572 1459 στίαν.
608 1406 846 1471 Εἰκότως
887 1409 1065 1463 τοίνυν
1093 1408 1216 1463 οὔτε
1258 1408 1489 1481 ψαλμδς,
1521 1411 1641 1464 οὔτε
1674 1412 1804 1483 ᾠδὴ,
1848 1412 1971 1465 οὔτε

392 1516 446 1551 τι
481 1498 589 1551 τῶν
634 1500 1029 1569 παραπλησίων
1073 1502 1506 1573 ἐπιγέγραπταιο
1549 1505 1763 1573 Κύριος
1795 1522 1971 1573 φωτι-

391 1592 552 1659 σμός
578 1608 697 1659 μου
726 1592 824 1644 καὶ
862 1591 1062 1660 σωτήρ
1088 1611 1228 1661 μου,
1262 1595 1398 1646 τίνα
1422 1593 1869 1664 φοϐηθήσομαυ
1913 1596 1970 1647 Ὀ

395 1682 497 1752 μὲν
542 1682 641 1751 τὴν
671 1681 847 1752 ψυχὴν
891 1684 949 1735 ὲν
999 1686 1152 1737 νυκτὶ
1186 1686 1281 1737 καὶ
1319 1687 1493 1756 σκότῳ
1539 1686 1968 1757 καλινδούμενος,

391 1774 494 1825 οὐκ
516 1774 671 1839 εἰδὼς
701 1777 824 1829 ’ὁποι
860 1774 1088 1848 φέρεται
1121 1778 1215 1830 καὶ
1241 1778 1389 1840 ὅπως
1415 1779 1768 1848 προσκόπτει,
1802 1780 1970 1851 μυρία

391 1866 541 1918 κακὰ
582 1867 970 1939 φοϐηθήσεται,
1014 1869 1088 1933 ὡς
1126 1869 1192 1922 ἂν
1234 1870 1509 1935 παντελῶς
1558 1871 1970 1943 ἐπισπώμενος

392 1955 515 2008 ὅθεν
544 1957 717 2009 πᾶντα
761 1958 926 2026 φόϐον
968 1960 1285 2030 ὑπιδόμενος
1321 1964 1718 2033 καταπτήσσει.
1750 1966 1842 2016 καὶ
1878 1966 1975 2035 τῆς

391 2048 473 2111 εἰς
498 2046 590 2101 τὸν
614 2048 745 2102 Θεὸν
771 2050 1061 2120 ὁμολογίας
1086 2051 1305 2119 ἔξαρνος
1325 2054 1548 2120 γίνεται.
1581 2055 1637 2107 Ὀ
1659 2054 1716 2107 δὲ
1743 2055 1843 2124 τῆς
1871 2055 1969 2125 ψυ-

390 2139 498 2208 χῆς
521 2141 649 2203 τοὺς
681 2141 996 2212 ὀφθαλμοὺς
1021 2143 1125 2195 ὑπὸ
1154 2144 1252 2213 τῆς
1276 2144 1479 2215 Κυρίου
1512 2144 1829 2215 ὲλλάμψεως
1864 2164 1976 2215 φω-

388 2233 603 2297 τισθεὶς
636 2234 852 2305 πρῶτον
898 2237 995 2305 μὲν
1024 2238 1274 2291 ἁπάντων
1318 2238 1479 2290 αὐτὸν
1516 2238 1606 2290 τὸν
1640 2238 1804 2291 αὐτοῦ
1845 2239 1977 2309 πρὸ-

393 2345 570 2396 μαχον
598 2327 693 2380 καὶ
716 2329 942 2399 σωτῆρα
970 2329 1163 2393 ὁπόσος
1185 2330 1268 2392 τίς
1303 2331 1416 2381 ἐστι
1442 2330 1637 2400 θεωρεὶ⁹
1654 2346 1665 2358 ·
1706 2325 1804 2382 εἴτ’
1831 2330 1974 2400 ἔργῳ

392 2418 750 2489 παραλαϐὼν,
774 2419 851 2482 ὡς
877 2422 906 2472 ὁ
936 2419 1043 2473 τῶν
1061 2421 1315 2474 ἁπάντων
1340 2420 1605 2489 δεσπότης
1634 2422 1727 2473 καὶ⁸
1747 2421 1971 2492 Κὺριος,

393 2508 591 2579 θυρεὸς
628 2510 792 2563 αὑτοῦ
840 2511 937 2564 καὶ
976 2511 1135 2564 ὅπλον
1177 2512 1387 2583 ἄμαχον
1421 2512 1513 2565 καὶ
1564 2513 1975 2584 ὑπερασπιστὴς

392 2601 755 2673 καθέστηκεν,
790 2604 1035 2674 ἀτρεμὴς
1078 2605 1305 2671 γίνεται,
1349 2606 1443 2657 καὶ
1486 2605 1580 2658 ἆτε
1618 2606 1744 2669 τοὺς
1776 2606 1974 2674 ὀφθαλ-

398 2693 538 2763 μοὺς
563 2695 661 2763 τῆς
686 2694 861 2764 ψυχῆς
893 2696 1150 2765 ἀτρεμεῖς
1176 2694 1334 2765 ἔχων,
1379 2698 1475 2749 καὶ
1508 2697 1971 2767 πεφωτισμένους,

396 2785 611 2847 πάντας
632 2786 757 2849 τοὺς
782 2785 975 2839 ἑαυτοῦ
1002 2786 1249 2858 ἐχθροὺς,
1278 2787 1385 2840 εἴτε
1406 2788 1531 2852 τοὺς
1553 2789 1643 2841 τὸν
1670 2788 1801 2841 Θεὸν
1824 2789 1975 2857 ἀγνο-

391 2875 592 2939 οῦντας
633 2876 969 2948 ἀνθρώπους,
1002 2877 1112 2931 εἴτε
1159 2878 1260 2942 τὰς
1290 2879 1555 2951 ἀοράτους
1595 2880 1690 2933 καὶ
1732 2880 1975 2952 πονηρὰς

391 2968 676 3037 δυνάμεις,
717 2970 958 3041 ἐρήμους
996 2971 1098 3043 ὁρᾷ
1133 2971 1230 3024 τοῦ
1279 2972 1534 3025 τοσούτου
1582 2972 1828 3045 σωτῆρος
1879 2973 1973 3027 καὶ

393 3053 619 3125 βοηθοῦ,
648 3056 743 3109 καὶ
774 3057 848 3120 ὼς
883 3058 985 3127 ἤδη
1020 3061 1374 3124 πεπτωκότας
1411 3060 1605 3133 θεωρεῖ
1628 3079 1640 3090 ·
1675 3062 1754 3115 διὸ
1793 3063 1973 3133 πάσης

2078 564 2282 611 terram
2338 556 2395 609 in
2439 550 2684 610 ecclesiis
2730 552 2938 608 Christi
2997 551 3169 607 David
3216 552 3489 625 benedlgi:
3534 552 3648 610 Do-

2081 663 2249 704 mmo.

2636 764 2844 819 DAVID
2872 761 3065 818 XXVI.

2152 857 2320 913 Vens.
2358 858 2411 919 1,
2440 856 2495 910 2.
2537 856 2796 910 Dominus
2826 855 3147 909 illuminatio
3173 869 3311 915 mea,
3339 862 3389 907 et
3412 853 3646 908 salvator

2080 968 2245 1011 meus,
2268 966 2416 1019 quem
2443 950 2673 1003 timebo?
2713 948 2967 1001 Dominus
2994 956 3254 1015 protector
3284 947 3404 1000 vita,
3435 962 3582 1006 mete,
3613 962 3647 998 a

2078 1060 2177 1113 quo
2204 1040 2512 1109 trepidabo?
2544 1038 2641 1094 His
2672 1054 2835 1108 porro
2863 1038 2995 1108 quid
3029 1036 3264 1107 Spiritus
3295 1036 3645 1106 propheticus

2077 1138 2273 1191 docet?
2304 1136 2589 1202 Quomodo
2616 1142 2863 1205 Oporteat
2900 1134 3173 1188 hominem
3223 1133 3333 1188 Deo
3370 1132 3644 1186 addictum

2079 1228 2181 1296 ipsi
2221 1228 2425 1297 gratias
2482 1242 2663 1297 agere,
2693 1235 2749 1282 et
2777 1226 2957 1295 qualia
2986 1241 3081 1295 par
3109 1226 3181 1280 sit
3209 1226 3277 1280 ab
3306 1226 3425 1295 ipso
3456 1232 3648 1295 postu-

2078 1320 2210 1374 lare.
2243 1319 2343 1373 Hic
2372 1334 2502 1373 sane
2532 1334 2711 1373 sermo
2741 1319 3035 1388 gratiarum
3074 1318 3341 1371 actionem
3383 1317 3644 1371 continet.

2078 1411 2257 1476 Quare
2280 1411 2403 1481 jure
2426 1424 2491 1463 ac
2532 1409 2728 1464 merito
2756 1425 2932 1478 neque
2957 1409 3202 1479 psalmus
3221 1450 3235 1473 ,
3267 1423 3443 1479 neque
3470 1409 3647 1463 canti—

2077 1520 2222 1568 cum,
2248 1519 2424 1573 neque
2452 1502 2729 1573 quidpiam
2773 1503 2949 1558 simile
2997 1501 3317 1557 inscribitur
3349 1519 3362 1554 τ
3390 1500 3645 1555 Dominus

2076 1596 2543 1649 illuminatio'mea
2594 1602 2644 1648 et
2699 1594 2935 1648 salvator
2982 1610 3161 1656 meus,
3212 1610 3362 1663 quem
3417 1591 3648 1647 timebo?

2077 1689 2181 1755 Qui
2204 1691 2255 1742 in
2277 1698 2434 1743 nocte
2463 1702 2528 1742 ac
2564 1687 2809 1742 tenebris
2853 1686 3036 1740 animo
3057 1686 3334 1739 volutatur
3361 1724 3377 1749 ,
3427 1685 3647 1741 nescius

2081 1794 2188 1849 quo
2212 1781 2436 1843 feratur,
2463 1778 2607 1834 etin
2654 1775 2799 1847 quod
2838 1776 3137 1846 impingat.
3198 1785 3453 1831 sexcenta
3504 1776 3648 1830 mala

2082 1871 2438 1942 pertimescit,
2467 1877 2657 1940 utpote
2687 1868 2782 1939 qui
2815 1868 2922 1922 huc
2954 1868 3083 1922 illuc
3108 1867 3323 1938 penitus
3355 1868 3646 1936 trahatur;

2076 1979 2246 2034 quare
2300 1964 2510 2017 nullum
2562 1977 2675 2017 non
2730 1959 3034 2015 formidinis
3089 1975 3261 2030 genus
3313 1961 3645 2032 suspicatus,

2075 2054 2436 2117 exhorrescit,
2465 2060 2628 2123 atque
2682 2050 3081 2106 confessionem
3128 2049 3239 2106 Deo
3292 2052 3541 2123 abnegat.
3574 2052 3648 2107 At

2076 2144 2169 2214 qui
2204 2144 2401 2199 mentis
2431 2143 2606 2213 oculis
2638 2159 2668 2196 a
2696 2141 2909 2196 Domini
2954 2142 3242 2213 splendore
3274 2143 3644 2210 illuminatur,

2079 2233 2254 2303 primo
2286 2233 2504 2303 quidem
2535 2248 2600 2287 ac
2631 2248 2742 2302 prae
2786 2234 3040 2289 omnibus
3085 2241 3540 2305 propugnatorem
3582 2250 3647 2290 ac

2078 2327 2419 2383 Servatorem
2454 2343 2652 2390 suum,
2710 2334 2949 2397 quantus
2976 2329 3224 2384 videlicet
3260 2329 3369 2394 sit,
3401 2338 3647 2383 contem-

2076 2422 2283 2491 platur;
2337 2419 2534 2474 deinde
2564 2434 2695 2474 vero
2728 2430 3016 2490 postquam
3069 2420 3153 2475 vel
3182 2435 3248 2474 ex
3293 2419 3427 2489 ipsis
3474 2420 3644 2490 gestis

2075 2511 2241 2566 rebus
2274 2510 2539 2574 edidicit,
2586 2511 2968 2566 universorum
3016 2510 3304 2565 Dominum
3350 2518 3405 2565 et
3458 2519 3646 2581 patro-

2075 2618 2228 2667 num,
2259 2603 2510 2673 clypeum
2542 2602 2673 2668 sibi,
2718 2611 3050 2657 armaturam
3085 2602 3555 2673 inexpugnabilem
3577 2616 3646 2658 ac

2075 2704 2439 2766 protectorem
2468 2710 2623 2761 esse;
2652 2701 2786 2750 tunc
2836 2694 3149 2750 formidinis
3191 2710 3420 2766 expers,
3452 2710 3517 2751 ac
3555 2700 3646 2751 ut-

2076 2797 2203 2859 pote
2253 2788 2450 2843 mentis
2477 2788 2666 2843 oculos
2715 2787 3019 2857 intrepidos
3073 2788 3516 2858 illuminatosque
3545 2788 3645 2843 ha-

2074 2880 2232 2940 bens.
2267 2894 2456 2961 omnes
2487 2878 2740 2941 inimicos
2794 2892 2959 2944 suos,
3008 2879 3123 2934 sive
3174 2878 3426 2933 homines
3472 2878 3641 2933 Deum

2075 2970 2409 3040 ignorantes,
2448 2971 2561 3025 sive
2591 2970 2892 3026 invisibiles
2924 2971 3296 3041 maligniusque
3325 2978 3642 3041 potestates,

2075 3062 2389 3132 hujusmodi
2418 3070 2695 3117 servatore
2745 3062 3099 3132 adjutoreque
3148 3078 3373 3128 vacuos,
3405 3064 3641 3134 aspicit,

389 3147 579 3201 αὐτῶν
627 3147 728 3216 τῆς
765 3148 1056 3220 ἐπιϐουλῆς
1094 3152 1368 3223 καταγελᾷ
1401 3152 1616 3224 θαρσῶν
1657 3153 1735 3224 τῷ
1779 3154 1971 3208 ἑαυτοῦ

2077 3166 2130 3209 et
2158 3154 2315 3225 quasi
2336 3154 2447 3224 jam
2472 3155 2655 3224 lapsos
2686 3154 2961 3219 intuetur;
2995 3169 3166 3225 quare
3208 3153 3480 3211 defensori
3512 3170 3645 3210 con-

391 3237 743 3308 ὑπερμάχῳ·
788 3238 868 3291 διό
923 3257 1117 3310 φησιν·
1158 3242 1221 3293 Εἰ
1263 3242 1361 3312 μὲν
1403 3244 1475 3314 μή
1515 3261 1606 3313 μοι
1647 3246 1675 3297 6
1720 3245 1972 3308 τοσοῦτος

390 3329 848 3401 παρῆν.βοηθὸς,
897 3331 1146 3398 φωτίζων
1197 3351 1298 3403 μου
1333 3335 1433 3404 τὴν
1464 3336 1638 3406 ψυχὴν
1670 3338 1765 3390 καὶ
1805 3338 1973 3409 ὑπερ-

389 3419 645 3484 ασπίζων
684 3439 784 3492 μου
807 3422 904 3493 τῆς
919 3421 1085 3493 ζωῆς,
1112 3425 1335 3489 εἰκότως
1350 3427 1624 3499 ἐφοϐήθην
1640 3428 1705 3481 ἂν
1733 3428 1839 3495 τὰς
1869 3430 1973 3497 ἀρ-

390 3511 512 3579 χὰς
559 3511 659 3565 καὶ
705 3514 813 3580 τὰς
848 3514 1136 3583 ἐξουσίας
1173 3517 1272 3570 καὶ
1308 3519 1452 3585 τοὺς
1493 3520 1973 3589 κοσμοκράτορας

386 3601 502 3655 τοῦ
555 3603 818 3669 σκότους
870 3606 1105 3669 τούτου,
1170 3608 1268 3660 καὶ
1321 3608 1394 3662 τὰ
1444 3612 1813 3680 πνευματικὰ
1861 3611 1973 3681 τῆς

388 3696 711 3759 ποντῳίας,
751 3694 876 3757 τούς
920 3714 977 3749 τε
1023 3697 1125 3750 ὑπὸ
1158 3698 1361 3753 τούτων
1402 3702 1844 3773 ἐνεργουμένους,
1879 3706 1973 3758 καὶ

387 3785 537 3837 κατὰ
560 3784 670 3838 τῶν
693 3786 787 3838 τοῦ
813 3787 948 3840 Θεοῦ
979 3789 1223 3859 ἀθλητῶν
1249 3793 1729 3864 ἐπανισταμένους.
1778 3798 1973 3851 Ἱκανοὶ

388 3876 503 3947 γὰρ
536 3872 679 3947 ἦσαν
704 3870 848 3931 οὗτοι
884 3879 1179 3951 θορυϐῆσαι
1210 3883 1308 3954 τὴν
1332 3884 1510 3955 ψυχήν
1547 3904 1648 3956 μου
1682 3888 1755 3960 μὴ
1786 3907 1973 3959 πεφω-

386 3969 659 4038 τισμὲνην
682 3986 696 4000 ·
732 3970 854 4023 ἐπεὶ
878 3971 934 4024 δὲ
957 3973 1116 4037 αὐτὸς
1147 3976 1176 4027 6
1202 3975 1310 4028 τῶν
1342 3976 1477 4029 ὅλων
1504 3978 1792 4052 δεσπότης,
1824 3984 1852 4035 6
1879 3982 1970 4036 τοῦ

385 4061 527 4115 Θεοῦ
552 4062 702 4127 Υἱὸς,
731 4063 1007 4133 φωτισμὺς
1034 4068 1317 4148 τυγχάνει,
1333 4070 1362 4121 6
1393 4069 1555 4133 αὐτὸς
1580 4070 1634 4123 δὲ
1674 4074 1765 4125 καὶ
1790 4076 1973 4146 σωτήρ

393 4170 498 4223 μου
536 4155 708 4217 ἐστὶν,
738 4153 963 4218 εἰκότως
988 4158 1216 4227 φήσαιμ’
1241 4157 1325 4220 ἄν,
1365 4160 1504 4213 Τίνα
1528 4162 1973 4232 φοϐηθήσομακ

388 4246 601 4299 Οὐδένα
642 4245 753 4318 γὰρ
795 4248 1267 4319 ὲπιστραιρήσομαι
1297 4248 1405 4303 τῶν
1428 4252 1694 4305 τοσούτων
1742 4256 1971 4326 ἐχθρῶν,

387 4337 515 4390 οὐδὲ
566 4336 675 4390 ἀπό
715 4355 858 4401 τινος
888 4338 1091 4393 τούτων
1121 4341 1394 4406 δειλιάσω,
1443 4342 1658 4415 θαρσῶν
1696 4346 1775 4416 τῷ
1806 4348 1976 4421 ὑπερ-

386 4428 637 4495 ασπιστῇ
668 4427 767 4495 τῆς
802 4424 949 4497 ζωῆς
982 4446 1103 4497 μου.
1140 4429 1321 4483 ’Πάλιν
1353 4432 1397 4484 δ’
1426 4432 1660 4487 ἐνταῦθα
1689 4437 1970 4507 τηρήσεις,

2074 3245 2210 3300 ﬁsus
2237 3261 2338 3301 suo
2373 3246 2643 3315 quaslibet
2673 3246 2916 3315 ipsorum
2947 3245 3158 3301 deridet
3187 3246 3434 3310 insidi-as,
3493 3246 3646 3302 ideo-

2074 3355 2181 3409 que
2204 3340 2279 3393 ait
2307 3358 2319 3393 :
2369 3339 2486 3395 Nisi
2520 3340 2653 3393 mihi
2685 3340 2811 3395 talis
2852 3339 3069 3407 adjutor
3098 3339 3334 3402 adesset,
3362 3339 3640 3393 illumina-

2077 3440 2162 3486 tor
2195 3432 2407 3492 animae,
2442 3447 2505 3486 ac
2537 3440 2816 3502 protector
2842 3431 2986 3494 vitae,
3008 3430 3200 3485 merito
3230 3428 3643 3484 reformidarem

2074 3524 2398 3593 principatus
2444 3533 2494 3576 et
2532 3532 2812 3591 potestates
2867 3531 2916 3575 et
2944 3520 3126 3574 mundi
3149 3529 3373 3574 rectores
3404 3518 3643 3572 tenebra»

2075 3633 2194 3670 rum
2223 3616 2431 3679 harum,
2455 3624 2504 3669 et
2531 3615 2834 3680 spiritualia
2883 3614 3128 3684 nequitia:
3173 3614 3219 3646 “
3242 3653 3257 3677 ,
3301 3626 3517 3667 necnon
3548 3626 3647 3667 eos

2076 3708 2169 3778 qui
2202 3708 2354 3763 hisce
2380 3707 2606 3761 interius
2656 3707 2949 3777 agitantur,
2979 3712 3035 3760 et
3067 3712 3259 3758 contra
3288 3703 3383 3759 Dei
3412 3704 3646 3760 athletas

2074 3802 2386 3870 insurgunt.
2417 3799 2552 3853 Nam
2582 3799 2619 3852 ii
2661 3798 2800 3853 tales
2845 3805 2999 3852 erant
3031 3797 3125 3867 qui
3176 3797 3414 3850 animam
3466 3812 3641 3851 meam

2075 3893 2402 3947 conturbare
2429 3896 2676 3961 possent,
2708 3889 2755 3943 si
2805 3904 2914 3943 non
2966 3889 3265 3943 illuminata
3310 3887 3542 3954 fuisset;
3591 3896 3647 3941 at

2076 3985 2331 4053 quoniam
2366 3984 2481 4052 ipse
2510 3982 2889 4036 universorum
2915 3980 3176 4035 Dominus
3200 3980 3294 4036 Dei
3321 3979 3493 4035 Filius
3520 3980 3646 4033 illu-

2073 4077 2303 4131 minatio
2336 4091 2454 4131 mea
2478 4082 2582 4139 est,
2614 4076 2838 4145 ipseque
2872 4072 3128 4129 Servatur
3146 4090 3320 4137 meus,
3340 4074 3465 4143 jure
3490 4073 3647 4128 dixe-

2072 4169 2200 4229 rim,
2229 4167 2395 4232 Quem
2426 4166 2656 4222 timebo?
2684 4165 2766 4220 Ex
2796 4172 2876 4219 tot
2894 4166 3092 4236 quippe
3123 4166 3361 4220 inimicis
3385 4181 3454 4220 ne
3475 4181 3646 4221 unum

2076 4258 2293 4327 quidem
2325 4257 2726 4326 pertimescam,
2760 4272 2936 4327 neque
2984 4257 3219 4326 aliquem
3249 4272 3438 4312 eorum
3470 4258 3646 4313 refor~

2075 4346 2314 4409 midabo,
2340 4349 2632 4416 protectori
2662 4348 2786 4401 vitae
2817 4362 2949 4401 mea:
2975 4346 3236 4401 confisus.
3293 4346 3393 4402 Hic
3449 4348 3647 4403 iterum

2075 4441 2334 4495 observes
2362 4440 2547 4502 velim,
2580 4440 2735 4504 illud,
2769 4438 3017 4494 Salvator
3049 4458 3191 4495 meus
3211 4483 3225 4505 ,
3281 4440 3337 4494 in
3380 4439 3649 4495 Hebraico

384 4517 465 4580 ὡς
519 4517 604 4579 τὸ,
658 4518 859 4586 Σωτήρ
898 4536 1041 4587 μου,
1098 4522 1157 4574 ἐν
1210 4521 1289 4591 τῷ
1343 4523 1633 4595 Ἐϐραῖκῷ,
1686 4528 1748 4582 τὸ
1800 4529 1971 4601 ὄνομα

2077 4533 2392 4602 exemplari,
2423 4532 2720 4587 Salvator-is
2773 4533 2950 4587 nostri
2998 4532 3126 4588 Jesu
3170 4533 3373 4588 Christi
3415 4548 3645 4597 nomen,

389 4608 485 4661 τοῦ
518 4608 773 4680 Σωτῆρος
795 4609 951 4680 ἡμῶν
985 4612 1155 4681 Ἰησοῦ
1177 4614 1413 4684 Χριστοῦ
1448 4617 1628 4682 αὐτοῖς
1656 4622 1971 4694 χαρακτῆρι

385 4722 477 4756 σιν
519 4703 828 4776 Ἑϐραϊκοῖς
871 4707 1132 4777 περιέχει,
1166 4710 1224 4761 ὲν
1265 4704 1346 4774 οἷς
1389 4709 1455 4764 ἄν
1486 4723 1567 4768 τις
1597 4708 1703 4775 ,τὸν
1736 4712 1972 4781 Ἰησοῦν

387 4796 674 4868 γράψειεν.

471 4890 530 4944 Ὀ
560 4889 620 4942 δὲ
656 4889 827 4943 ταῦτα
868 4890 1040 4959 λέγων
1077 4893 1311 4946 διδάσκει
1349 4896 1532 4948 ὁποίου
1566 4897 1849 4971 πειραθεὶς
1874 4898 1969 4952 τοῦ

385 4982 586 5035 ἑαυτοῦ
624 4984 886 5055 σωτῆρος,
919 4983 1021 5054 τῆς
1054 4985 1160 5039 τῶν
1184 4984 1393 5055 ἐχθρῶν
1419 4988 1707 5059 ἐπιϐουλῆς
1733 4990 1966 5058 κατεγέα

386 5084 551 5127 uer
578 5073 661 5127 διό
694 5091 856 5144 φησιν
879 5092 893 5105 θ
932 5078 1034 5130 Ἐν
1062 5077 1142 5142 τῷ
1168 5079 1415 5149 ἐγγίζειν
1442 5081 1536 5134 ἐπ’
1568 5081 1673 5147 ἐμὲ
1714 5083 1969 5136 κακοῦν-

386 5183 517 5231 τας,
559 5165 668 5218 τοῦ
711 5167 922 5235 φαγεῖν
960 5169 1067 5234 τὰς
1111 5170 1344 5238 σάρκας
1389 5191 1528 5241 μου,
1570 5177 1624 5227 οἱ
1664 5176 1969 5242 θλίϐοντες

385 5257 487 5309 καὶ
524 5258 581 5310 οι
623 5257 827 5325 ἐχθροί
840 5276 981 5326 μου,
1006 5262 1175 5315 αὐτοὶ
1198 5261 1550 5331 ἠσθένησαν
1588 5264 1689 5317 καὶ
1718 5266 1965 5320 ἔπεσαν.

384 5350 445 5400 Οἱ
485 5349 589 5420 μὲν
619 5348 841 5403 ὲπίεσάν
877 5368 966 5421 μοι
993 5352 1197 5424 θηρίων
1223 5355 1528 5408 ἀτιθάσσων
1555 5356 1731 5427 δίκην,
1780 5375 1971 5428 μονονιι

383 5440 508 5509 ουχὶ
542 5444 829 5494 καταπιεῖν
877 5460 944 5511 με
984 5442 1293 5515 βουλόμενοι
1322 5448 1413 5501 καὶ
1444 5449 1614 5512 αὐτάς
1656 5466 1756 5520 μου
1801 5467 1968 5505 κατα-

386 5531 743 5601 μασήσασθαι
761 5532 861 5596 τὰς
882 5534 1106 5605 σάρκας.
1135 5538 1227 5591 Διὸ
1257 5538 1503 5593 λέλεκται
1545 5540 1697 5612 παρὰ
1717 5540 1795 5611 τῷ
1825 5543 1968 5612 Συμ-

388 5624 581 5693 μάχῳ·
634 5623 739 5677 Ἐν
781 5623 861 5690 τῷ
907 5625 1152 5695 ἐγγίζειν
1191 5630 1284 5684 ἐπ’
1318 5631 1423 5700 ἐμὲ
1467 5634 1835 5704 κακούργους
1880 5636 1967 5701 εἰς

493 5778 542 5809 δ’
588 5775 794 5841 Euhoe.
828 5796 919 5841 vi,
958 5781 1042 5835 12.

2071 4625 2365 4694 ipsissimis
2411 4624 2779 4679 caracteribus
2812 4621 3096 4679 Hebraicis
3147 4623 3471 4694 exprimere,
3490 4622 3646 4692 queis

2073 4730 2271 4771 nomen
2301 4714 2455 4770 Iesus
2489 4713 2837 4770 describitur.

2147 4892 2253 4958 Qui
2291 4892 2407 4947 haec
2456 4890 2733 4961 loquitur,
2781 4895 3001 4945 enarrat
3044 4887 3256 4957 qualem
3311 4891 3644 4941 servatorem

2070 4994 2327 5056 expertus
2351 4985 2699 5039 inimicorum
2726 4982 2957 5047 insidias
2993 4980 3267 5044 deriserit,
3292 4979 3647 5050 quamobrem

2068 5077 2180 5131 ait:
2216 5076 2358 5130 Dum
2388 5076 2702 5145 appropiant
2723 5090 2878 5143 super
2904 5090 2983 5128 me
3025 5082 3263 5126 nocentes
3291 5110 3305 5133 ,
3364 5080 3424 5123 ut
3486 5070 3646 5125 edant

2069 5182 2254 5221 carnes
2285 5181 2462 5229 meas;
2490 5165 2579 5232 qui
2612 5163 2871 5217 tribulant
2904 5179 2985 5215 me
3026 5161 3228 5214 inimici
3259 5160 3380 5226 mei,
3408 5159 3511 5229 ipsi
3562 5160 3646 5211 in-

2072 5259 2274 5325 ﬁrmati
2302 5266 2426 5311 sunt
2465 5266 2515 5313 et
2558 5257 2874 5312 ceciderunt.
2920 5253 3002 5308 llli
3031 5252 3248 5324 quidem
3295 5252 3469 5307 instar
3504 5251 3647 5307 fera-

2070 5370 2192 5408 rum
2234 5352 2662 5408 intractabilium
2703 5365 2791 5404 me
2823 5346 3035 5402 adorati
3065 5351 3237 5410 sunt,
3276 5352 3491 5399 tantum
3536 5360 3651 5398 non

2075 5446 2318 5517 aggressi
2347 5452 2407 5498 ut
2424 5444 2750 5499 devorarent
2779 5451 2832 5496 et
2863 5441 3012 5510 ipsas
3040 5452 3235 5493 carnes
3272 5437 3645 5493 comederent.

2075 5539 2255 5605 Quare
2307 5538 2450 5609 apud
2499 5530 2884 5608 Symmachum
2914 5531 3114 5587 dicitur
3143 5551 3156 5585 :
3191 5531 3333 5585 Dum
3372 5531 3651 5604 appropin-

2072 5644 2239 5703 quant
2292 5631 2419 5686 mihi
2466 5628 2794 5697 facinerosi,
2853 5635 2914 5680 ut
2971 5624 3212 5681 devorent
3262 5640 3445 5680 carnes
3476 5639 3651 5688 meas.
