4094 6378
422 358 531 436 2'59

1164 371 1433 429 EUSEBII
1469 362 1945 427 CAESARIENSIS
1983 365 2136 423 OPP.
2176 365 2356 422 PARS
2396 366 2481 421 Ill.
2523 400 2592 409 -—
2627 366 3037 422 EXEGETICA.

3570 368 3674 419 240

425 495 625 551 Verum
668 491 759 563 qui
814 490 944 545 talia
978 497 1169 545 contra
1222 504 1309 545 me
1342 487 1638 543 machinati
1675 492 1839 550 sunt,
1879 498 1979 539 eun

2108 483 2174 535 τὸ
2221 484 2582 555 καταφαγεῖν
2622 485 2727 551 τὰς
2773 484 3005 553 σάρκας
3044 500 3181 552 μου.
3223 479 3361 536 Ἀλλ’
3406 483 3455 536 οἱ
3502 481 3675 535 ταῦτα

420 586 532 657 jam
565 582 801 655 proximi
840 581 1098 637 carnibus
1131 582 1269 638 meis
1303 582 1572 637 instarent
1600 620 1615 646 ,
1670 578 1859 634 nescio
1889 591 1998 647 quo

425 686 585 749 pacto
613 693 732 748 qua:
761 678 818 732 in
854 692 943 732 me
979 684 1293 748 perpetrare
1335 674 1580 731 meditati
1624 673 1878 736 fuerant,
1932 685 1997 724 ea

424 772 541 841 ipsa
564 770 808 842 perpessi
836 777 982 825 sunt.
1011 767 1148 823 Nam
1195 783 1301 833 me,
1330 767 1528 838 inquit,
1557 779 1747 823 contra
1781 780 1878 821 eos
1906 765 1996 819 ni—

424 863 500 917 hil
531 862 912 934 aggrediente,
945 862 1045 931 ipsi
1084 862 1343 930 inﬁrmati
1376 869 1527 925 sunt,
1580 868 1631 914 et
1676 858 1992 913 ceciderunt.

422 953 737 1021 Enimvero,
779 965 839 1010 ut
870 961 1054 1025 aperte
1084 955 1282 1025 liquet,
1318 954 1458 1010 lueis
1485 969 1619 1009 meae
1672 952 1997 1008 servatoris-

420 1063 525 1117 que
554 1049 659 1104 mei
702 1063 902 1104 arcana
942 1048 1234 1119 divinaque
1275 1048 1475 1103 virtute
1516 1045 1770 1102 debellati
1803 1051 1859 1100 et
1900 1044 1997 1100 de-

420 1140 563 1208 pulsi
596 1150 756 1207 sunt,
788 1148 848 1197 ut
879 1157 985 1196 una
1015 1157 1114 1213 ego
1154 1144 1222 1198 ab
1252 1140 1468 1196 insidiis
1497 1153 1688 1195 eorum
1714 1139 1992 1208 eriperer;

419 1234 663 1305 nihilque
692 1236 877 1290 damni
907 1234 1231 1305 acciperem,
1263 1243 1315 1290 et
1348 1235 1458 1291 illis
1489 1248 1707 1305 quoque
1740 1232 1995 1288 utilitatis

419 1325 697 1395 quidpiam
719 1326 1030 1394 obveniret;
1065 1342 1129 1380 ac
1159 1326 1441 1381 debilitata
1460 1326 1775 1381 eorumdem
1805 1325 1995 1395 nequi-

422 1416 519 1480 tia,
545 1416 601 1470 id
627 1417 819 1472 saltem
849 1417 987 1472 lucri
1036 1418 1410 1488 perciperent,
1460 1425 1521 1471 ut
1569 1432 1638 1473 ne
1680 1417 1751 1473 ob
1781 1417 1991 1471 illatum

420 1509 553 1563 mihi
606 1508 1026 1575 detrimentum,
1079 1526 1270 1566 eorum
1326 1511 1645 1582 improbitas
1709 1525 1993 1565 accresce-

417 1605 521 1652 ret.
556 1595 615 1651 ιη
643 1598 970 1669 quibusdam
993 1600 1396 1670 exemplaribus
1430 1602 1790 1657 inscribitur:
1824 1601 1993 1655 Psal-

418 1708 531 1745 mus
562 1691 782 1747 Davidis
812 1696 1118 1765 priusquam
1151 1695 1412 1750 (iniretur.

486 1782 651 1840 Vens.
690 1786 745 1841 4.
795 1784 967 1840 Unam
996 1788 1174 1856 petiia
1199 1787 1426 1841 Domino
1449 1827 1464 1853 ,
1500 1788 1636 1842 hanc
1684 1788 1948 1859 requiram
1972 1828 1987 1854 ,

413 1885 472 1929 ut
503 1877 786 1932 inhabilem
815 1880 870 1932 in
899 1880 1054 1935 domo
1103 1879 1318 1934 Domini
1357 1882 1598 1935 omnibus
1631 1880 1813 1935 diebus
1868 1881 1987 1935 vita:

413 1985 575 2032 mew,
623 1978 682 2023 ut
722 1969 928 2025 videam
986 1970 1304 2040 voluptatem
1357 1971 1613 2037 Domini,
1675 1982 1725 2027 et
1782 1973 1986 2026 visilem

414 2059 664 2129 templum
707 2060 844 2129 ejus.
882 2059 1095 2115 Domini
1141 2061 1512 2131 pulchritudo,
1546 2078 1609 2117 ac
1636 2062 1801 2117 decor
1826 2062 1986 2116 volu-

410 2157 677 2222 ptasque,
729 2152 787 2206 in
838 2152 1001 2209 domo
1052 2152 1149 2208 Dei
1181 2154 1559 2224 conspicitur,
1623 2153 1874 2209 videlicet
1927 2152 1984 2206 in

410 2242 651 2300 Ecclesia
684 2244 836 2314 ejus;
895 2244 1059 2315 idque
1090 2254 1312 2315 propter
1343 2244 1604 2300 divinitus
1632 2245 1864 2299 traditas
1882 2259 1985 2330 .sa-

408 2349 643 2404 crasque
691 2333 1050 2404 disciplinas,
1105 2334 1303 2403 quibus
1333 2348 1462 2388 vera
1516 2332 1658 2387 inest
1712 2330 1984 2387 sermonis

408 2426 776 2496 pulchritudo,
807 2442 968 2482 verus
999 2426 1184 2491 decor,
1211 2426 1267 2481 in
1306 2442 1413 2496 quo
1442 2425 1527 2481 vel
1566 2430 1684 2495 ipse
1714 2423 1858 2480 Deus
1887 2423 1983 2478 de-

408 2517 640 2573 lectatur
679 2533 743 2573 ac
792 2530 1063 2574 versatur.
1094 2516 1281 2588 Neque
1314 2533 1345 2571 a
1376 2531 1504 2573 vero
1536 2516 1906 2579 aberraveris,
1932 2514 1980 2569 si

406 2606 658 2663 decorem
691 2607 845 2662 illum
876 2607 1082 2663 dixeris
1104 2623 1226 2663 esse
1259 2614 1613 2677 temperatam
1641 2606 1981 2676 probamque

408 2699 593 2764 vitam,
630 2713 696 2754 ac
730 2706 980 2754 sanctum
1029 2700 1340 2755 institutum
1377 2700 1657 2756 hominum
1711 2699 1803 2769 qui
1852 2698 1979 2752 reli-

402 2792 565 2864 gione
598 2807 663 2847 ac
693 2793 894 2863 pietate
918 2801 1275 2851 exornantur.

472 2967 640 3025 Vens.
681 2970 736 3033 5,
773 2969 828 3026 6.
871 2970 1134 3039 Quoniam
1184 2971 1459 3026 abscondit
1504 2987 1585 3025 me
1630 2972 1685 3025 in
1733 2971 1980 3026 taberna-

404 3062 522 3117 culo
547 3079 567 3118 :
596 3063 651 3117 in
675 3063 759 3118 die
780 3063 1040 3119 malorum
1082 3065 1310 3135 protexit
1350 3080 1429 3118 me
1459 3064 1514 3119 in
1548 3063 1856 3119 abscondito
1893 3073 1977 3118 ta-

407 3152 675 3208 bernaculi
703 3156 809 3209 sui.
856 3154 923 3209 In
955 3164 1106 3225 petra
1158 3155 1413 3209 exaltavit
1463 3171 1563 3210 me.
1616 3153 1745 3210 Haec
1792 3154 1976 3208 omnia

404 3245 536 3301 mihi
584 3245 834 3304 Salvator
866 3263 1022 3304 meus
1062 3248 1287 3319 largitus
1318 3255 1439 3313 est,
1484 3248 1613 3301 dum
1663 3249 1978 3316 appropiant

403 3352 559 3406 super
586 3354 667 3392 me
691 3346 950 3405 nocentes,
979 3348 1037 3393 ut
1076 3340 1236 3393 edant
1267 3354 1450 3393 carnes
1480 3354 1646 3392 meas.
1684 3336 1793 3407 Ipsi
1825 3352 1981 3391 nam-

402 3446 511 3501 que
531 3431 791 3486 inﬁrmati
821 3439 952 3487 sunt
989 3440 1043 3488 et
1070 3432 1387 3488 ceciderunt
1418 3450 1431 3486 :
1468 3446 1569 3501 ego
1599 3436 1779 3485 autem
1812 3429 1867 3483 in
1896 3436 1979 3482 ta-

404 3523 703 3580 bernaculo
732 3524 987 3581 habitans
1012 3524 1240 3579 dextera
1286 3524 1407 3595 ejus
1447 3522 1778 3594 contegebat
1801 3562 1815 3586 ,
1851 3522 1978 3592 quia

403 3617 614 3674 scilicet
661 3617 720 3673 in
763 3617 998 3674 desertis
1050 3617 1186 3672 locis
1219 3623 1351 3671 tunc
1385 3615 1647 3687 temporis
1679 3614 1973 3678 versabar,

401 3710 549 3781 quod
581 3710 825 3766 nondum
854 3710 1087 3767 excitata
1115 3708 1313 3765 domus
1345 3707 1560 3764 Domini
1586 3714 1771 3771 esset,
1800 3721 1979 3776 neque

401 3802 665 3873 templum
686 3802 806 3873 ejus
835 3808 1094 3859 exstaret.
1125 3799 1231 3858 Sed
1272 3802 1391 3872 ipse
1430 3800 1667 3872 protexit
1692 3815 1778 3854 me
1810 3800 1864 3853 in
1889 3796 1977 3854 die

400 3895 691 3961 malorum,
735 3893 792 3950 id
819 3904 923 3959 est,
958 3901 1206 3965 tempore
1234 3894 1680 3965 persecutionum
1714 3901 1768 3948 et
1798 3898 1977 3946 tenta-

400 3987 641 4055 tionum;
699 4001 809 4042 non
852 3986 961 4041 alio
1009 3986 1063 4041 in
1093 3987 1235 4052 loco,
1268 4000 1429 4056 quam
1462 3986 1516 4040 in
1542 3984 1867 4041 abscondito
1896 3991 1978 4037 ta-

401 4078 683 4134 bernaculi
713 4079 821 4136 sui.
855 4078 1096 4149 Hujusce
1125 4095 1290 4149 porro
1308 4079 1440 4134 dicti
1468 4078 1974 4148 interpretationem

402 4167 743 4225 mutuaberis
795 4184 863 4225 ex
926 4169 996 4225 iis
1049 4185 1171 4240 qua:
1225 4169 1437 4241 Moyses
1496 4169 1564 4225 de
1621 4168 1975 4224 tabernaculo

399 4258 768 4331 conscripsit,
826 4275 1042 4316 necnon
1090 4261 1159 4317 de
1215 4262 1554 4317 tabernaculi
1607 4261 1814 4317 intimis
1855 4276 1975 4332 par-

398 4350 575 4416 tibus,
607 4367 728 4422 quae
764 4352 1022 4408 omnibus
1048 4353 1600 4420 inaccessae,Sancta
1656 4362 1970 4410 sanctorum

396 4444 755 4499 vocabantur.
830 4443 956 4501 Haec
1016 4453 1174 4501 erant
1233 4446 1550 4503 absCondita
1610 4444 1967 4501 tabernaculi.

2099 577 2219 627 κατ’
2255 576 2386 645 ἐμοῦ
2430 575 2822 645 διανοηθέντες,
2853 575 2948 628 καὶ
2990 573 3090 644 ἢδη
3133 573 3358 643 πλησίον
3395 573 3675 642 γενόμενοι

2096 664 2203 717 τῶν
2236 666 2382 736 ἐμῶν
2418 666 2655 736 σαρκῶν,
2692 667 2793 718 οὐκ
2832 662 2926 718 οἷδ’
2956 666 3103 727 ὅπως
3143 663 3286 734 ἅπερ
3318 663 3520 735 πρᾶξαι
3552 665 3673 717 κατ’

2098 758 2233 828 ἐμοῦ
2282 759 2638 831 διανενόηντο,
2685 758 2858 812 ταῦτα
2903 758 3265 812 πεπόνθασιν⁸
3322 756 3503 811 Αὐτοὶ
3542 758 3669 828 γὰρ,

2095 849 2280 920 φησὶν,
2327 850 2709 919 ἠσθένησαν,
2740 851 2838 905 καὶ
2877 850 3126 915 ἔπεσαν,
3180 850 3328 904 οὐδὲν
3372 850 3506 921 ἐμοῦ
3553 839 3674 905 κατ’

2094 942 2271 998 αὐτῶν
2313 945 2674 1016 ἐνηργηκότος
2698 962 2711 975 ·
2754 944 2890 998 ἀλλὰ
2930 944 3129 1015 δηλαδὴ
3175 943 3268 997 τοῦ
3318 943 3450 1013 ἐμοῦ
3500 945 3673 1013 φωτὸς

2094 1038 2188 1090 καὶ
2223 1036 2318 1090 τοῦ
2362 1036 2496 1108 ἐμοῦ
2542 1038 2782 1109 σωτῆρος
2810 1038 3105 1109 ἀπορρήτῳ
3131 1037 3224 1090 καὶ
3255 1037 3406 1107 θεῐκῇ
3447 1036 3670 1108 δυνάμει

2094 1129 2216 1181 κατ’
2260 1127 2439 1181 αὐτῶν
2489 1129 2959 1200 στρατευσαμένου
3010 1129 3104 1182 καὶ
3146 1128 3540 1191 καταϐαλόντος
3581 1128 3671 1180 αὐ-

2093 1217 2237 1280 τοὺς,
2276 1218 2339 1271 ἵν’
2364 1217 2475 1286 ἐγώ
2506 1236 2564 1270 τε
2592 1219 2845 1290 ρυσθείην
2870 1219 2969 1289 τῆς
3011 1218 3190 1271 αὐτῶν
3236 1218 3545 1290 ἐπιϐουλῆς,
3579 1220 3670 1272 καὶ

2097 1308 2263 1379 μηδὲν
2307 1308 2580 1380 βλαϐείην,
2624 1311 2779 1363 αὐτοί
2824 1328 2883 1363 τε
2931 1310 3281 1382 ὡφεληθεῖεν,
3319 1312 3419 1380 τῆς
3465 1312 3669 1365 ἐαυτῶν

2094 1400 2288 1463 κακίας
2318 1399 2793 1471 ἐξασθενήσαντες,
2830 1402 3185 1472 κερδάναντες
3208 1400 3287 1471 τῷ
3321 1402 3395 1472 μὴ
3422 1401 3519 1473 τὴν
3547 1405 3667 1455 ἐαυ-

2091 1492 2200 1547 τῶν
2234 1492 2465 1564 αὐξῆσαι
2506 1493 2805 1565 μοχθηρίαν
2835 1493 2923 1546 διὰ
2966 1493 3068 1563 τῆς
3098 1496 3217 1546 κατ’
3267 1493 3399 1564 ἐμοῦ
3446 1494 3666 1566 βλάϐης.

2098 1586 2194 1639 Ἔν
2238 1602 2377 1638 τισιν
2420 1585 2843 1656 ἐπιγέγραπται,
2894 1585 3141 1655 Ψαλμὸς
3180 1586 3286 1640 τοῦ
3328 1586 3506 1640 Δαυῒδ
3555 1588 3671 1656 πρὸ

2094 1677 2198 1731 τοῦ
2228 1677 2570 1747 χωσθῆναι.

2166 1769 2325 1823 Μίαν
2372 1770 2692 1840 ᾐτησάμην
2730 1769 2889 1839 παρὰ
2937 1770 3180 1838 Κυρίου,
3232 1771 3457 1839 ταύτην
3501 1770 3649 1841 ἐκζη·

2091 1862 2289 1929 τήσω’
2327 1863 2435 1917 τοῦ
2480 1863 2779 1917 κατοικεῖν
2816 1881 2893 1933 με
2918 1864 2987 1917 ἐν
3024 1863 3168 1927 οἴκῳ
3214 1865 3435 1932 Κυρίου
3466 1863 3660 1932 πάσας

2090 1955 2199 2022 τὰς
2239 1956 2463 2025 ἡμέρας
2508 1956 2619 2026 τῆς
2662 1956 2809 2025 ζωῆς
2845 1975 2986 2027 μου,
3035 1958 3141 2012 τοῦ
3171 1958 3407 2027 θεωρεῖν
3444 1976 3522 2027 με
3552 1957 3663 2026 τὴν

2091 2050 2460 2118 τερπνότητα
2490 2048 2735 2118 Κυρίου,
2768 2049 2866 2103 καὶ
2900 2050 3365 2104 ἐπισκέπτεσθαι
3389 2050 3495 2104 τὸν
3516 2051 3663 2104 ναὸν

2089 2141 2294 2195 αὑτοῦ.
2321 2142 2532 2205 Κάλλος
2562 2143 2767 2213 Κυρίου
2789 2143 2884 2196 καὶ
2913 2142 3213 2214 εὐπρέπεια
3243 2143 3336 2195 καὶ
3364 2142 3661 2215 τερπνότης

2091 2235 2149 2287 ἐν
2178 2233 2254 2304 τῷ
2297 2236 2431 2305 οἴκῳ
2462 2233 2552 2287 τοῦ
2601 2234 2734 2290 Θεοῦ
2766 2234 3073 2306 θεωρεῖται,
3104 2233 3299 2305 δηλαδὴ
3335 2235 3393 2285 ἐν
3425 2235 3490 2304 τῇ
3536 2234 3659 2287 Ἐκ-

2090 2326 2287 2397 κλησίᾳ
2320 2324 2507 2391 αὐτοῦ,
2552 2325 2638 2379 διὰ
2677 2326 2785 2378 τῶν
2825 2325 3193 2379 θεοπνεύστων
3238 2327 3330 2379 καὶ
3365 2326 3523 2397 ἱερῶν
3557 2342 3659 2394 μα·

2090 2415 2154 2487 θη
2165 2418 2367 2487 μάτων,
2399 2419 2457 2471 ἐν
2489 2410 2571 2480 οἷς
2600 2415 2660 2469 τὸ
2696 2415 2944 2488 ἀληθινὸν
2976 2415 3068 2469 τοῦ
3102 2416 3259 2485 λόγου
3304 2415 3518 2479 κάλλος,
3567 2417 3659 2469 καὶ

2087 2511 2119 2580 ἡ
2166 2509 2370 2580 ἀληθὴς
2421 2510 2743 2580 εὐπρέπεια,
2874 2511 2966 2563 καὶ
3020 2509 3182 2572 αὐτὸς
3229 2510 3582 2579 ἐπιτέρπεται
3623 2515 3650 2564 ὁ

2086 2600 2219 2665 Θεὸς
2246 2601 2340 2654 καὶ
2365 2601 2796 2671 ἐμπολιτεύεται.
2844 2601 2957 2653 Οὐκ
2982 2600 3046 2654 ἂν
3076 2600 3132 2654 δὲ
3178 2599 3440 2670 ἁμάρτοις
3468 2598 3635 2671 εὐπρέ

2087 2712 2247 2749 πειαν
2295 2694 2468 2764 λέγων
2515 2696 2607 2747 καὶ
2654 2695 2743 2748 τὸν
2786 2692 3037 2765 σώφρονα
3075 2694 3170 2747 καὶ
3200 2692 3393 2763 σεμνὸν
3428 2692 3540 2762 βίον
3568 2693 3658 2744 καὶ

2087 2790 2264 2842 πᾶσαν
2303 2787 2400 2860 τὴν
2434 2789 2685 2860 ἐνάρετον
2711 2787 2980 2840 πολιτείαν
3007 2786 3115 2840 τῶν
3152 2788 3210 2840 ἐν
3240 2785 3514 2857 θεοσεϐείᾳ
3541 2785 3653 2839 δια⁹

2086 2884 2419 2953 πρεπόντων.

2158 2981 2277 3033 Ὅτι
2319 2978 2547 3049 ἔκρυψέ
2590 2995 2666 3047 με
2705 2979 2776 3031 ἐν
2826 2974 3059 3045 σκηνῇ·
3107 2974 3177 3029 ἐν
3221 2974 3410 3044 ἡμέρᾳ
3459 2972 3654 3028 κακῶν

2082 3072 2387 3127 ἐσκέπασέ
2427 3089 2504 3141 με
2544 3073 2613 3125 ἐν
2655 3072 2979 3139 ἀποκρύφῳ
3024 3066 3133 3136 τῆς
3171 3065 3406 3135 σκηνῆς
3447 3065 3653 3119 αὑτοῦ.

2096 3168 2193 3220 Ἐν
2217 3166 2401 3234 πέτρᾳ
2432 3165 2642 3235 ὕψωσέ
2664 3183 2759 3235 με.
2789 3163 2972 3219 Ταῦτά
3002 3180 3089 3234 μοι
3125 3162 3302 3215 πάντα
3332 3160 3602 3231 παρέσχεν
3626 3159 3652 3211 t‘

2082 3256 2272 3327 Σωτήρ
2305 3273 2406 3327 μου
2430 3256 2500 3309 ἐν
2524 3254 2603 3321 τῷ
2632 3253 2878 3324 ἐγγίζειν
2902 3249 2994 3307 ἐπ’
3032 3252 3138 3321 ἐμὲ
3165 3251 3524 3315 κακοῦντας,
3549 3247 3651 3302 τοῦ

2080 3348 2293 3418 φαγεῖν
2319 3347 2427 3414 τὰς
2469 3348 2701 3414 σάρκας
2734 3365 2875 3416 μου.
2908 3349 2968 3399 Oi
3007 3346 3102 3417 μέν
3133 3345 3242 3413 γὰρ
3272 3342 3530 3413 ἠσθένουν
3560 3340 3648 3393 καὶ

2080 3438 2304 3492 ἔπιπτον
2325 3456 2337 3468 ·
2387 3437 2499 3506 ἐγὼ
2526 3438 2582 3490 δὲ
2624 3437 2728 3489 ὑπὸ
2770 3437 2870 3505 τῆς
2908 3435 3068 3489 αὐτοῦ
3097 3434 3272 3498 δεξιᾶς,
3301 3432 3649 3504 ἐκρυπτόμην

2078 3529 2136 3583 ἐν
2163 3531 2333 3600 σκηνῇ
2358 3529 2645 3593 κατοικῶν,
2672 3528 2758 3582 διὰ
2786 3528 2847 3580 τὸ
2874 3530 2931 3580 ἐν
2958 3526 3213 3599 ἐρημίαις
3247 3526 3346 3588 τὰς
3376 3524 3649 3595 διατριϐὰς

2078 3620 2366 3683 ποιεῖσθαι,
2395 3622 2486 3673 καὶ
2513 3620 2587 3691 μὴ
2614 3619 2753 3689 ἔχειν
2779 3619 2896 3671 τότε
2923 3618 3012 3671 τὸν
3039 3613 3186 3670 οἶκον
3212 3615 3305 3668 τοῦ
3333 3614 3489 3679 Θεοῦ,
3517 3614 3653 3684 μηδὲ

2076 3714 2165 3767 τὸν
2198 3713 2323 3768 ναὸν
2361 3712 2547 3767 αὑτοῦ.
2584 3711 2741 3765 Ἀλλὰ
2784 3712 2878 3765 καὶ
2917 3710 3191 3764 ἐσκέπατὲ
3238 3726 3306 3780 με
3352 3709 3410 3760 ἐν
3442 3711 3506 3779 τῇ
3540 3706 3653 3759 τῶν

2050 3807 2262 3873 ,κακῶν
2293 3806 2495 3878 ἡμέρᾳ,
2530 3806 2803 3859 τουτέστιν
2838 3806 2896 3857 ἐν
2922 3802 3096 3875 καιρῷ
3137 3802 3240 3855 τῶν
3272 3795 3522 3872 διωγμῶν
3556 3800 3653 3853 καὶ

2075 3898 2183 3952 τῶν
2214 3900 2581 3972 πειρατηρίων
2599 3916 2611 3929 ·
2641 3900 2742 3952 οὐκ
2769 3896 3000 3968 ἀλλαχοῦ
3031 3914 3154 3961 που,
3180 3895 3292 3948 ἀλλ’
3327 3897 3384 3947 ἐν
3408 3893 3484 3965 τῷ
3510 3894 3644 3946 ἀπο-

2078 3991 2270 4063 κρύφῳ
2296 3991 2398 4062 τῆς
2426 3991 2630 4062 σκηνῆς
2668 3989 2853 4043 αὐτοῦ.
2888 3989 3118 4059 Νοήσεις
3150 3987 3207 4040 δὲ
3233 3986 3294 4039 τὸ
3326 3985 3647 4054 λελεγμένον

2076 4084 2184 4137 ἀπὸ
2209 4084 2315 4137 τῶν
2350 4084 2501 4155 παρὰ
2524 4084 2747 4137 Μωῦσεῖ
2771 4081 2897 4153 περί
2928 4080 3028 4150 τῆς
3058 4079 3261 4150 σκηνῆς
3294 4080 3643 4147 ἀναγεγραμ-

2078 4176 2275 4247 μένων,
2312 4177 2404 4230 κα¹ι
2431 4176 2557 4248 περὶ
2596 4175 2705 4228 τῶν
2744 4173 2999 4227 ἐσωτάτω
3037 4172 3138 4242 τῆς
3171 4170 3371 4240 σκηνῆς
3404 4168 3508 4221 τῶν
3535 4170 3645 4230 τοῖς

2077 4271 2242 4322 πᾶσιν
2285 4268 2521 4332 ἀϐάτων,
2558 4268 2702 4338 ἆπερ
2746 4266 2972 4320 ἐκάλουν
3014 4265 3177 4334 Ἀγια
3223 4262 3414 4331 ἁγίων.
3461 4259 3643 4313 Ταῦτα

2074 4362 2182 4434 γὰρ
2207 4357 2276 4431 ἦν
2314 4360 2385 4414 τὰ
2430 4359 2725 4429 ἀπόκρυφα
2760 4358 2857 4428 τῆς
2893 4354 3117 4426 σκηνῆς.
3152 4352 3308 4406 Οῦτω
3345 4353 3523 4404 τοίνυν
3551 4351 3645 4405 καὶ

2075 4455 2133 4507 ἐν
2179 4453 2258 4523 τῷ
2299 4451 2473 4523 καιρῷ
2517 4450 2625 4504 τῶν
2670 4447 3036 4519 πειρατηρίων
3076 4446 3237 4509 αὐτὸς
3278 4446 3407 4515 ἐμὸς
3442 4444 3646 4516 Κύριος

394 4534 492 4593 Sic
544 4537 729 4609 itaque
784 4538 841 4592 in
909 4546 1153 4609 tempore
1202 4539 1567 4594 tentationum
1600 4578 1615 4603 ,
1646 4559 1658 4571 -
1688 4539 1807 4608 ipse
1862 4537 1969 4592 Do-

2081 4548 2166 4600 καὶ
2195 4544 2386 4616 Σωτὴρ
2417 4544 2688 4598 ἐσκέπασε
2713 4540 2807 4594 καὶ
2827 4539 3109 4611 ἁπέκρυψέ
3127 4553 3195 4609 με
3217 4537 3277 4590 ἐν
3296 4534 3374 4605 τῷ
3390 4538 3644 4608 ἐσωτάτῳ

398 4633 580 4689 minus
632 4640 688 4688 et
727 4631 985 4689 Servator
1050 4622 1206 4688 meus
1275 4632 1514 4703 protexit
1574 4646 1662 4686 me
1719 4638 1775 4686 et
1842 4632 1970 4687 abs-

395 4724 585 4780 condit
658 4725 716 4780 in
771 4726 979 4781 intimis
1053 4725 1396 4781 tabernaculi
1458 4725 1544 4780 sui
1589 4745 1603 4780 :
1658 4740 1768 4779 non
1823 4725 1969 4796 quod

393 4832 588 4874 revera
629 4818 706 4873 ibi
751 4834 837 4874 me
892 4818 1283 4884 eolloeaverit,
1340 4817 1437 4873 sed
1485 4818 1542 4872 in
1582 4817 1777 4873 anima:
1822 4826 1967 4873 statu

394 4909 762 4975 sanetiﬁcato,
807 4917 862 4967 et
905 4926 936 4964 a
990 4910 1164 4965 turbae
1210 4909 1511 4981 frequentia
1559 4918 1863 4981 segregato.
1902 4908 1969 4964 Et

394 5002 532 5069 haec,
566 5004 766 5074 inquit,
798 5002 935 5057 mihi
961 5003 1254 5068 obvenere,
1288 5003 1596 5073 usquedum
1628 5003 1746 5058 dies
1789 5007 1964 5058 malo-

392 5112 514 5150 rum
544 5104 980 5167 perseverarent,
1014 5097 1311 5152 secundum
1348 5096 1481 5151 illud
1511 5099 1617 5152 alio
1646 5098 1702 5151 in
1737 5098 1859 5152 loco
1884 5098 1967 5151 di-

391 5196 540 5242 ctum
579 5206 593 5243 :
635 5187 798 5255 Vade,
829 5188 1050 5257 populus
1084 5205 1250 5253 meus,
1284 5189 1426 5241 intra
1475 5190 1530 5242 in
1573 5189 1815 5242 cubicula
1851 5197 1963 5255 tua,

392 5279 579 5333 claude
598 5280 825 5350 januam
867 5289 1035 5346 tuam,
1064 5281 1324 5336 absconde
1354 5282 1617 5336 modicum
1644 5283 1711 5336 ad
1740 5300 1968 5337 momen-

393 5390 526 5436 tum,
560 5373 723 5428 donec
759 5384 1089 5443 pertranseat
1116 5376 1201 5431 ira
1243 5374 1453 5430 Domini
1485 5376 1553 5432 δι.
1583 5377 1689 5431 Sed
1717 5393 1841 5433 eum
1880 5393 1965 5433 me

395 5479 500 5516 non
533 5479 747 5535 semper
774 5466 1064 5533 occultari,
1105 5482 1283 5537 neque
1328 5468 1383 5521 in
1422 5467 1743 5523 abscondito
1776 5469 1961 5524 taber-

394 5554 573 5608 naculi
609 5557 693 5609 sui
737 5556 956 5613 latitare
982 5558 1165 5623 vellet,
1198 5573 1261 5611 ac
1311 5558 1485 5614 solum
1536 5576 1621 5615 me
1676 5559 1962 5614 utilitatem

391 5659 617 5715 capere;
648 5661 883 5703 cumque
926 5649 1262 5709 decrevisset
1305 5666 1393 5707 me
1426 5651 1547 5709 aliis
1580 5668 1796 5723 quoque
1842 5651 1961 5708 fru-

464 5826 506 5855 '"
548 5822 653 5878 lsa.
690 5840 835 5892 xxvi,
869 5826 959 5883 9.0.

2073 4638 2171 4707 τῆς
2198 4635 2362 4689 αὑτοῦ
2396 4635 2629 4705 σκηνῆς·
2664 4633 2725 4686 οὐ
2758 4634 2972 4697 πάντως
3000 4634 3058 4685 ἐν
3091 4632 3242 4702 τόπῳ
3266 4633 3396 4701 τοίῳ
3437 4631 3499 4702 δὴ
3545 4648 3645 4683 κα·-

2069 4730 2365 4799 ταστήσας,
2396 4725 2509 4778 ἀλλ’
2556 4726 2613 4779 ἐν
2646 4723 2823 4795 ψυχῆς
2848 4724 3177 4778 καταστάσει
3215 4722 3518 4794 ἡγιασμένη
3549 4723 3642 4774 καὶ

2068 4824 2168 4894 τῆς
2212 4822 2320 4875 τῶν
2366 4820 2574 4874 πολλῶν
2621 4819 2926 4890 κοινότητος
2970 4818 3479 4889 ἀποκεχωρισμένῃ.
3533 4818 3641 4870 Καὶ

2068 4916 2261 4979 ταῦτα,
2283 4914 2436 4987 φησὶ,
2456 4915 2584 4985 περὶ
2614 4913 2712 4983 ἐμὲ
2743 4913 2969 4979 ἐγίνετο,
3001 4911 3162 4983 μέχρι
3187 4910 3376 4983 καιροῦ
3412 4910 3510 4977 τῆς
3535 4909 3641 4961 τῶν

2070 5008 2257 5062 κακῶν
2287 5008 2520 5079 ἡμέρας,
2553 5006 2695 5059 κατὰ
2716 5005 2778 5057 τὸ
2815 5004 3137 5074 λελεγμένον
3170 5006 3225 5057 ἐν
3253 5002 3458 5073 ἑτέροις
3480 5019 3493 5032 ’
3524 5001 3641 5054 Βά-

2067 5103 2202 5167 διζε,
2235 5105 2267 5156 ό
2283 5104 2431 5168 λαός
2454 5119 2595 5171 μου,
2624 5102 2861 5155 εἴσελθε
2891 5103 2977 5165 είς
3002 5099 3075 5152 τὰ
3103 5096 3309 5166 ταμεῖά
3337 5113 3473 5160 σου,
3499 5094 3642 5147 ἀπό-

2068 5200 2318 5250 κλεισον
2336 5196 2451 5265 τὴν
2477 5198 2663 5265 θύραν
2687 5210 2824 5259 σου,
2846 5194 3213 5262 ἀποκρύϐηθι
3227 5188 3445 5260 μικρὸν
3466 5189 3636 5249 ὅσον,

2065 5289 2177 5355 ἕως
2203 5288 2279 5343 ἂν
2322 5288 2587 5356 παρέλθῃ
2621 5290 2659 5356 ἡ
2689 5288 2833 5356 ὀργὴ
2874 5287 3113 5355 Κυρίου.
3160 5283 3297 5337 Ἀλλ’
3336 5283 3435 5336 οὐκ
3475 5283 3553 5343 εἰς
3578 5278 3638 5331 τὸ

2067 5382 2324 5445 παντελὲς
2355 5381 2691 5454 κρύπτεσθαι
2725 5398 2790 5451 με
2834 5379 3130 5451 βουληθεὶς,
3158 5377 3264 5430 οὐδ’
3291 5379 3349 5429 ἐν
3395 5373 3473 5444 τῷ
3498 5374 3638 5425 ἀπο-

2065 5476 2258 5546 κρύφῳ
2288 5476 2387 5547 τῆς
2420 5475 2624 5545 σκηνῆς
2652 5473 2813 5527 αὐτοῦ
2855 5473 3155 5529 λανθάνειν.
3183 5471 3277 5524 καὶ
3307 5469 3463 5539 μόνον
3489 5468 3634 5535 ὠφε-

2064 5568 2291 5634 λεῖσθαι,
2324 5569 2591 5639 χρήσιμον
2620 5566 2675 5618 δὲ
2714 5567 2807 5619 καὶ
2840 5568 3023 5637 ἕτερον
3052 5564 3383 5633 καταστῆναι
3422 5560 3637 5633 κρίνας,

2064 5661 2157 5713 ἐπὶ
2192 5661 2335 5714 τέλει
2376 5660 2476 5725 τῆς
2505 5658 2613 5713 τῶν
2638 5658 2824 5715 κακῶν
2857 5660 3069 5730 ἡμέρας
3098 5659 3168 5713 ἐν
3208 5657 3391 5726 πέτρᾳ
3426 5651 3641 5724 ὕψι-ισέ
