4094 6378
375 468 473 522 25‘

1542 467 2050 525 COMMENTARIA
2087 468 2153 524 ΙΝ
2206 467 2552 526 PSALMOS.

3518 476 3626 532 962

369 598 460 649 με.
497 578 562 633 Ἦ
584 578 768 647 πέτρα
797 580 865 633 δὲ
886 576 984 650 ἦν,
1018 581 1183 652 φησὶν
1208 582 1237 635 6
1265 582 1603 645 Ἀπόστολος,
1623 585 1655 636 ὁ
1675 583 1929 650 Χριστός

2057 591 2203 639 ctum
2239 585 2530 638 allaturum
2564 600 2707 648 esse,
2737 590 2927 639 exacta
2954 584 3042 639 die
3065 580 3354 651 malorum,
3392 587 3447 640 in
3478 600 3625 658 petra

379 672 470 722 Ἐν
507 669 615 737 γὰρ
646 670 725 739 τῷ
774 672 938 724 αὑτοῦ
980 672 1143 742 λόγῳ,
1189 673 1281 725 καὶ
1311 676 1375 744 τῇ
1412 672 1576 725 αὑτοῦ
1628 673 1811 742 σοφίᾳ,
1856 673 1949 725 καὶ

366 766 432 832 τῇ
475 762 699 832 δυνάμει
732 766 797 833 τῇ
840 765 1090 834 σωτηρίῳ
1122 764 1306 835 ῦψωσέ
1350 783 1417 835 με
1444 766 1473 817 6
1507 764 1672 817 πάλαι
1709 764 1951 836 ἀποκρύ-

362 854 474 922 ψας
502 856 560 907 ἐν
590 857 653 925 τῇ
700 858 870 925 σκηνῇ
905 856 1089 921 αὐτοῦ,
1121 857 1215 910 καὶ
1252 859 1529 921 σκεπάσας
1569 859 1626 910 ἐν
1649 856 1951 928 ἀποκρύφῳ

363 947 468 1016 τῆς
495 948 701 1018 σκηνῆς
728 947 894 1001 αὑτοῦ
928 950 985 1001 ἐν
1012 948 1191 1021 ἡμέρα
1228 950 1434 1003 κακῶν.
1463 950 1810 1022 Παραγαγὼν
1841 949 1950 1021 γὰρ

362 1040 433 1090 τὰ
474 1040 621 1092 κακὰ
665 1041 759 1093 καὶ
788 1041 879 1094 τὸν
927 1042 1119 1113 καιρὸν
1156 1040 1265 1094 τῶν
1305 1042 1513 1113 ἐχθρῶν
1562 1042 1655 1095 καὶ
1688 1042 1795 1095 τῶν
1837 1041 1951 1094 θλι-

362 1131 572 1185 ϐόντων
603 1150 669 1202 με
696 1133 990 1204 πολεμίων,
1018 1137 1097 1197 είς
1138 1134 1310 1189 εὗδιον
1338 1138 1429 1190 καὶ
1456 1131 1726 1208 είρηναῖον
1754 1135 1948 1207 λιμένα

362 1222 720 1291 κατέστησεν,
764 1222 986 1290 ἀγαγών
1033 1242 1090 1277 τε
1133 1226 1213 1288 είς
1263 1225 1325 1278 τὸ
1363 1226 1603 1296 ἐμφανὲς
1642 1226 1732 1279 τὸν
1783 1226 1947 1279 πάλαι

362 1314 833 1384 κρυπταζόμενον,
865 1316 1139 1387 μετέωρον
1160 1318 1330 1388 ἐπῆρε
1352 1318 1443 1370 καὶ
1469 1316 1668 1388 ὑψηλὸν
1699 1316 1944 1388 ἔστησεν,

358 1406 441 1469 ὼς
475 1408 641 1459 πᾶσιν
685 1407 915 1478 ὁρᾶσθαι
945 1409 1037 1461 καὶ
1075 1408 1227 1481 παρὰ
1265 1412 1378 1473 τοῖς
1421 1411 1556 1463 πᾶσι
1605 1408 1943 1474 δοξάζεσθαι,

358 1499 705 1569 ἡδρασμένον
747 1500 844 1553 κα)⁵
883 1499 1344 1571 τεθεμελιωμένον
1385 1502 1442 1553 ἐν
1471 1504 1538 1573 τῇ
1572 1502 1811 1573 ἁρῤαγεῖ
1852 1502 1946 1555 καὶ

357 1591 743 1662 ἀσφαλεστάτη
774 1590 941 1645 αὐτοῦ
970 1591 1166 1662 πέτρᾳ,

430 1811 545 1864 Καὶ
568 1812 685 1865 νῦν
707 1812 920 1881 ῦψωσε
947 1810 1221 1881 κεφαλήν
1242 1830 1361 1881 μου
1397 1813 1490 1866 ἐπ’
1518 1813 1771 1883 ἐχθρούς
1794 1830 1934 1883 μου.

356 1905 471 1975 Nor,
482 1922 592 1968 σεις
617 1906 917 1977 ἐπιστήσας
936 1906 1085 1969 ὅπως
1107 1907 1318 1977 εῐρηται
1344 1907 1493 1977 παρὰ
1516 1906 1593 1977 τῷ
1633 1905 1942 1977 Ἀποστόλῳ

2057 674 2309 727 exultavit
2340 691 2439 729 me.
2487 674 2652 728 Petra
2692 685 2889 737 autem,
2938 674 3115 745 inquit
3154 676 3470 745 Apostolus,
3510 694 3627 735 erat

2054 764 2297 819 Christus
2332 766 2398 820 δ’.
2436 764 2570 819 Nam
2609 766 2773 821 verbo
2821 781 2943 830 suo,
2988 767 3255 836 sapientia
3302 775 3357 822 et
3401 770 3626 828 salutari

2052 856 2255 912 virtute
2300 872 2399 912 sua
2442 860 2702 913 exaltavit
2732 875 2837 921 me,
2871 860 2963 929 qui
3012 861 3139 914 olim
3172 862 3539 920 absconderat
3570 867 3624 921 in

2052 950 2408 1005 tabernaculo
2436 966 2557 1013 suo,
2593 960 2645 1006 et
2678 953 2771 1021 qui
2805 953 2859 1006 in
2888 952 2976 1007 die
3020 953 3289 1007 malorum
3320 938 3651 1024 protexerat

2052 1039 2107 1093 in
2138 1040 2460 1097 abscondito
2489 1043 2825 1098 tabernaculi
2852 1044 2959 1099 sui.
2992 1042 3129 1097 Cum
3162 1050 3304 1102 enim
3332 1048 3627 1103 amovisset

2050 1134 2215 1200 mala,
2253 1142 2308 1189 et
2338 1150 2403 1190 ea
2428 1151 2549 1206 quae
2583 1143 2828 1206 tempore
2880 1136 3228 1192 inimicorum
3277 1146 3333 1194 et
3384 1139 3624 1196 hostium

2018 1240 2135 1305 ‘me
2162 1225 2569 1280 molestantium
2596 1227 2933 1292 acciderant,
2978 1228 3034 1282 in
3073 1228 3373 1299 tranquillo
3412 1238 3465 1286 et
3504 1232 3626 1301 pla-

2048 1316 2172 1371 cido
2204 1328 2369 1385 portu
2399 1333 2485 1374 me
2518 1320 2804 1375 constituit
2841 1339 2855 1375 :
2889 1336 3082 1391 meque
3115 1322 3242 1376 olim
3295 1322 3623 1387 latitantem,

2047 1406 2104 1460 in
2139 1408 2499 1477 conspicuum
2539 1409 2719 1465 locum
2762 1411 3080 1479 deductum,
3115 1413 3404 1469 sublimem
3427 1415 3622 1480 erexit,

2046 1505 2098 1552 et
2128 1499 2409 1554 excelsum
2443 1501 2657 1562 statuit,
2699 1509 2759 1555 ut
2798 1502 3043 1556 omnium
3098 1505 3419 1574 conspectui
3471 1512 3625 1575 pate-

2046 1604 2183 1653 rem,
2221 1590 2290 1645 ab
2318 1590 2576 1646 omnibus
2606 1592 2883 1657 laudarer,
2922 1600 3107 1664 utpote
3136 1595 3193 1649 in
3226 1595 3541 1653 ﬁrmissima
3568 1605 3623 1653 et

2047 1681 2278 1737 infracta
2310 1683 2486 1754 ipsius
2514 1693 2667 1754 petra
2697 1687 2910 1755 positus
2940 1694 2996 1741 et
3024 1686 3306 1744 fundatus.

2118 1796 2186 1851 Et
2206 1814 2343 1852 nunc
2367 1798 2623 1853 exaltavit
2644 1807 2801 1869 caput
2823 1816 2995 1855 meum
3018 1817 3171 1870 super
3192 1802 3431 1857 inimicos
3454 1818 3615 1858 meos.

2042 1892 2359 1964 Perpendas
2384 1893 2545 1949 velim
2571 1908 2679 1964 qua
2711 1896 2981 1950 sententia
3014 1896 3083 1952 ab
3111 1895 3374 1967 Apostolo
3402 1897 3619 1953 dicatur

354 1998 437 2051 τό·
479 2000 627 2063 Ἕως
657 1994 727 2053 οὗ
760 1998 823 2050 τὸ
853 1999 1123 2067 σήμερον
1150 1998 1435 2052 καλεῖται.
1475 1997 1631 2051 Οὕτω
1660 1998 1768 2071 γὰρ
1798 2000 1931 2069 ἐρεῖς

2046 1985 2180 2039 illud
2211 2004 2224 2040 :
2254 1985 2432 2039 Donec
2477 1984 2631 2039 hodie
2682 1988 3082 2056 cognominatur
3113 1987 3181 2043 “.
3236 1986 3372 2043 Nam
3427 1990 3617 2047 eadem

353 2092 451 2144 καὶ
490 2092 583 2143 ἐπί
618 2091 710 2144 τοῦ
749 2092 1014 2162 παρόντος
1050 2092 1110 2145 τὸ
1141 2092 1359 2167 διαρκὲς
1386 2090 1481 2145 τοῦ
1513 2092 1706 2164 χρόνου
1738 2090 1931 2164 σημαί-

2044 2094 2271 2149 prorsus
2290 2080 2506 2135 ratione
2540 2080 2596 2133 in
2628 2079 2881 2150 praesenti
2928 2079 3191 2150 temporis
3232 2080 3615 2139 assiduitatem

350 2182 561 2235 νεσθαι.
624 2182 681 2235 Ὁ
721 2181 830 2253 γὰρ
881 2182 973 2235 τοῦ
1017 2182 1151 2239 Θεοῦ
1195 2182 1501 2254 ἄνθρωπος,
1548 2183 1617 2237 τὰ
1652 2186 1941 2255 νικητήρια

349 2273 496 2326 κατὰ
527 2273 635 2325 τῶν
666 2272 877 2345 ἐχθρῶν
906 2272 1163 2343 εἰληφὼς,
1210 2275 1297 2327 ἀεὶ
1328 2276 1428 2346 τῆς
1465 2274 1573 2328 τῶν
1608 2275 1816 2347 ἐχθρῶν
1850 2293 1940 2328 κε-

348 2367 528 2436 φαλῆς
579 2366 850 2436 ἀνώτερος
892 2368 1119 2435 γίνεται·
1158 2366 1329 2431 οὕτως
1375 2368 1468 2421 καὶ
1514 2366 1675 2431 αὐτὸς
1714 2370 1743 2420 6
1783 2366 1941 2421 Δαυῒδ

351 2460 518 2531 μέχρι
558 2459 654 2513 τοῦ
690 2460 952 2532 παρόντος
990 2460 1184 2531 χρόνου
1219 2460 1506 2529 ἐπαίρεται
1555 2460 1649 2513 καί⁸
1687 2459 1936 2529 ὑψοῦται,

347 2550 473 2602 καθ’
522 2549 651 2619 ὅλης
704 2550 802 2621 τῆς
854 2552 1182 2622 οἰκουμένης
1232 2550 1488 2622 ᾁδόμενος
1540 2552 1633 2605 καὶ
1668 2550 1939 2622 βοώμενος

348 2638 506 2710 παρὰ
538 2642 671 2693 πᾶσι
704 2643 815 2703 τοῖς
845 2640 1042 2704 ἔθνεσι,
1079 2642 1174 2696 καὶ
1202 2641 1410 2711 ὓψωταί
1440 2660 1503 2712 γε
1530 2643 1745 2714 ἀληθῶς
1779 2647 1811 2715 ἡ
1846 2662 1938 2697 κε-

349 2728 498 2797 φαλὴ
520 2728 684 2781 αὑτοῦ
702 2729 797 2782 ἐπὶ
811 2730 938 2793 τοὺς
957 2729 1124 2783 πάλαι
1150 2730 1473 2802 γενομένους
1495 2732 1660 2785 αὑτοῦ
1686 2732 1935 2803 ἐχθροὺς,

345 2821 450 2882 τὰς
494 2820 756 2891 ἀοράτους
793 2820 1071 2892 δυνάμεις.
1131 2823 1189 2876 Ὀ
1235 2823 1293 2875 δὲ
1336 2822 1427 2875 τοῦ
1463 2822 1597 2875 Θεοῦ
1632 2824 1935 2896 ἅνθρωπος,

343 2912 539 2965 τοῦτον
573 2913 807 2983 ὑψωθεὶς
838 2914 927 2967 τὸν
955 2916 1174 2988 τρόπον,
1209 2916 1309 2968 οὐκ
1342 2916 1511 2987 ἀργίᾳ
1554 2917 1743 2970 ἐαυτὸν
1769 2917 1937 2986 [666m—

345 3024 456 3068 σιν,
488 3007 611 3062 οὐδὲ
644 3007 907 3079 ἀπραξίᾳ,
940 3007 1158 3061 πλείονα
1181 3009 1238 3061 δέ
1263 3008 1497 3079 σπουδὴν
1538 3009 1665 3080 περὶ
1704 3007 1802 3080 τὴν
1842 3009 1936 3063 τοῦ

342 3099 486 3151 Θεοῦ
529 3098 787 3170 λατρείαν
835 3100 1098 3171 εἰσφέρει.
1146 3100 1238 3153 Διὸ
1288 3100 1553 3168 ἐπιλέγει·
1594 3102 1938 3155 Ἐκύκλωσα

342 3190 445 3244 καὶ
470 3191 663 3243 ἔθυσα
686 3191 747 3243 ἐν
780 3189 856 3259 τῇ
877 3191 1080 3261 σκηνῇ
1104 3192 1289 3246 αὑτοῦ
1312 3193 1535 3247 θυσίαν
1558 3193 1931 3262 ἀλαλαγμοῦ.

340 3278 517 3336 Αῦται
543 3283 601 3336 δὲ
630 3279 769 3354 ἦσαν
805 3285 861 3336 αί
887 3284 973 3336 διᾶι
1006 3285 1191 3354 φωνῆς
1225 3288 1317 3339 καὶ
1347 3286 1625 3355 θεολογίας
1655 3285 1841 3357 ὕμνων
1872 3303 1933 3341 τε

2043 2172 2343 2244 signiﬁcari
2376 2171 2655 2228 fateberis.
2690 2171 2971 2242 Siquidem
3000 2170 3095 2226 Dei
3126 2172 3290 2227 homo
3317 2174 3413 2244 qui
3442 2174 3618 2231 victo-

2042 2265 2135 2321 ria:
2158 2264 2225 2320 de
2251 2264 2488 2319 inimicis
2520 2271 2690 2335 partae
2731 2264 2953 2335 pramia
2982 2265 3214 2334 accepit,
3246 2280 3463 2336 semper
3504 2267 3613 2321 ini-

2040 2359 2310 2413 micorum
2341 2358 2507 2427 capiti
2543 2358 2797 2428 superior
2825 2358 3049 2422 eminet,
3086 2358 3167 2412 sic
3195 2365 3249 2414 et
3284 2358 3401 2429 ipse
3441 2362 3612 2417 David

2039 2464 2215 2518 usque
2247 2448 2315 2503 ad
2365 2462 2604 2518 praesens
2642 2455 2860 2518 tempus
2895 2448 3175 2503 extollitur
3220 2460 3276 2504 et
3318 2449 3610 2513 exaltatur,

2039 2556 2137 2611 per
2169 2539 2481 2594 universam
2511 2549 2712 2593 terram
2744 2539 3071 2594 decantatus
3100 2540 3453 2612 omniumque
3477 2557 3611 2612 gen-

2040 2632 2176 2686 tium
2211 2631 2441 2687 vocibus
2472 2630 2803 2694 celebratus,
2834 2636 2887 2685 et
2909 2630 3211 2700 caputeius
3239 2646 3429 2687 revera
3458 2633 3614 2688 exal-

2039 2730 2211 2778 tatum
2260 2729 2345 2778 est
2385 2736 2552 2793 super
2583 2736 2775 2776 omnes
2815 2722 2907 2792 qui
2938 2721 3212 2792 quondam
3253 2723 3460 2779 inimici
3490 2724 3613 2795 ejus

2038 2817 2276 2885 fuerant,
2313 2817 2654 2873 adversarias
2690 2816 2954 2871 nimirum
2994 2824 3319 2887 potestates.
3345 2816 3416 2873 At
3446 2818 3616 2874 homo

2037 2910 2131 2965 Dei
2159 2926 2223 2966 ea
2253 2912 2466 2966 ratione
2492 2910 2787 2975 exaltatus,
2824 2924 2934 2963 non
2965 2923 3025 2964 se
3056 2909 3286 2979 ignaviae
3315 2922 3409 2966 aut
3438 2913 3613 2984 segni-

2036 3001 2129 3056 tiei
2152 3000 2340 3065 tradit,
2367 3000 2459 3056 sed
2488 2998 2683 3069 majori
2710 2997 2891 3053 studio
2910 2998 3098 3054 divino
3119 3000 3289 3055 cultui
3318 3001 3608 3062 incumbit.

2035 3090 2217 3158 Quare
2250 3090 2553 3161 subiungit,
2587 3087 2819 3145 Circuivi
2864 3096 2914 3142 et
2948 3088 3221 3143 immolavi
3265 3091 3320 3144 in
3362 3090 3611 3147 taberna-

2034 3186 2155 3241 culo
2190 3184 2304 3255 ejus
2336 3186 2562 3240 hostiam
2604 3187 2968 3256 jubilationis.
3021 3186 3115 3242 Ha:
3148 3202 3282 3243 sane
3313 3192 3472 3241 erant
3508 3185 3609 3240 bo-

2036 3279 2155 3334 stiae
2186 3278 2431 3344 vocibus,
2457 3279 2658 3335 divinis
2710 3280 2966 3351 eloquiis,
3017 3279 3256 3351 hymnis,
3303 3278 3603 3349 gratiarum

339 3378 439 3430 καὶ
478 3376 829 3447 εὐχαριστίας
856 3377 1332 3448 ἀναπεμπόμεναι.
1378 3380 1465 3432 Ἐν
1495 3378 1592 3449 μὲν
1616 3373 1709 3432 οὖν
1728 3378 1806 3451 τῷ
1830 3379 1931 3450 πρὸ

2037 3374 2349 3430 actionibus
2376 3376 2612 3430 emissae.
2644 3375 2705 3429 In
2732 3376 3057 3446 praecedenti
3093 3377 3327 3445 psalmo,
3358 3374 3443 3429 vir
3468 3373 3607 3428 divi-

336 3468 534 3520 τούτου
571 3465 772 3538 ψαλμῷ
825 3468 1161 3540 μελλητικῶς
1213 3470 1521 3523 ἐδιδάσκετο
1572 3470 1749 3540 λέγειν
1791 3470 1820 3521 6
1863 3470 1931 3524 τὰ

338 3562 461 3613 θεῖα
491 3560 896 3631 παιδευόμενος
943 3563 1200 3631 [VIp-opai
1235 3563 1307 3615 ἐν
1342 3562 1552 3629 ἀθώοις
1587 3561 1693 3628 τὰς
1731 3561 1932 3631 χεῖράς

328 3671 479 3723 μου,
525 3654 624 3705 καὶ
666 3654 957 3707 κυκνίώσω
990 3654 1056 3707 τὸ
1100 3654 1534 3723 θυσιαστήριόν
1568 3672 1705 3719 σου,
1730 3654 1927 3721 Κύριε⁶

338 3745 576 3798 ἐνταῦθα
610 3746 665 3798 δὲ
698 3745 772 3808 ὡς
792 3746 891 3816 ἤδη
924 3746 1208 3817 προκύψας
1239 3747 1332 3800 καὶ
1354 3745 1531 3817 τυχὼν
1551 3746 1651 3816 τῆς
1680 3746 1844 3817 εὐχῆς
1870 3746 1929 3799 τὸ

336 3837 696 3907 ἀποτέλεσμα
744 3838 843 3907 τῆς
894 3839 1245 3906 ἐπαγγελίας,
1288 3839 1484 3907 ἐπάγει
1531 3839 1723 3907 λέγων’
1765 3838 1929 3891 Ἑκύ-

335 3935 551 3985 κλωσα
601 3931 699 3984 καὶ
743 3932 934 3985 ἔθυσα
970 3934 1041 3985 ἐν
1088 3931 1162 4001 τῇ
1217 3931 1420 4001 σκηνῇ
1473 3932 1661 3985 αὐτοῦ
1706 3933 1928 3985 θυσίαν

333 4022 723 4092 ἀλαλαγμοῦ·
772 4024 868 4077 καὶ
917 4026 973 4077 ἐν
1028 4025 1128 4095 μὲν
1171 4027 1286 4088 τοῖς
1335 4024 1645 4097 ἔμπροσθεν
1685 4023 1920 4093 ἐλέγετοο

340 4114 452 4167 Τοῦ
482 4115 746 4169 ἀκοῦσαι
783 4114 995 4184 φωνὴν
1029 4115 1334 4184 αἱνέσεωςυ
1380 4115 1614 4171 ἐνταῦθα
1646 4113 1723 4167 δέ·
1762 4117 1924 4186 ’ᾼσω

333 4203 432 4258 καὶ
464 4204 648 4273 ψαλῶ
684 4205 765 4271 τῷ
791 4207 1002 4275 Κυρίῳ.

406 4340 817 4406 Εἱσὰκουσον,
863 4344 1058 4417 Κύριε,
1100 4340 1207 4410 τῆς
1241 4341 1447 4411 φωνῆς
1487 4360 1627 4411 μου,
1674 4337 1750 4412 ἧς
1792 4340 1922 4395 ἐκέ-

331 4434 551 4500 κραξα·
596 4435 887 4502 Ἐλέησόν
909 4452 986 4504 με
1020 4433 1121 4487 καὶ
1148 4433 1518 4488 εὶσάκουσόν
1546 4451 1689 4503 μου.
1717 4434 1817 4488 Σοὶ
1847 4430 1922 4487 εἷ-

330 4541 448 4577 πεν
470 4526 509 4592 ἡ
536 4524 748 4593 καρδία
774 4524 1193 4595 μουοἘζήτησέ
1224 4543 1299 4580 σε
1330 4525 1397 4579 τὸ
1427 4528 1753 4594 πρόσωπόν
1774 4544 1916 4595 μου·

329 4616 395 4668 τὸ
427 4618 759 4684 πρόσωπόν
796 4630 933 4683 σου,
969 4619 1163 4685 Κύριε,
1205 4616 1452 4685 ζητήσω.
1512 4618 1656 4670 Ἀντί
1698 4618 1755 4670 δὲ
1800 4617 1914 4671 τοῦ·

330 4710 429 4761 Σοὶ
453 4705 625 4761 εἶπεν
644 4710 682 4776 ἡ
710 4710 922 4777 καρδία
945 4727 1085 4778 μου,
1122 4708 1403 4778 Ἐζήτησέ
1425 4727 1497 4764 σε
1515 4710 1579 4763 τὸ
1593 4714 1919 4780 πρόσωπόν
1950 4748 1994 4803 D

321 4820 467 4871 μου,
508 4804 539 4854 6
578 4802 871 4873 Σύμμαχος
907 4803 1234 4874 σαφέστερον
1277 4803 1538 4868 ἐξέδωκεν
1577 4803 1764 4859 εἰπών’
1815 4805 1917 4858 Σοὶ

328 4893 701 4961 προσελάλει
728 4897 767 4963 ἠ
793 4894 1009 4963 καρδία
1030 4913 1169 4964 μου·
1191 4895 1267 4949 σὲ
1284 4894 1471 4961 ἐζήτει
1494 4895 1559 4950 τὸ
1591 4898 1918 4964 πρόσωπόν

320 5004 459 5053 μου.
498 4985 575 5038 Τὸ
601 4987 710 5055 γὰρ
736 4987 837 5057 τῆς
863 4986 1041 5056 ψυχῆς
1076 4988 1369 5057 πρόσωπον
1402 4989 1499 5059 τὴν
1544 4988 1914 5060 ἁρμόττουσαν

322 5079 456 5132 θέαν
489 5079 695 5131 ἐπόθει.
729 5078 931 5133 Τούτου
950 5080 1007 5133 δέ
1026 5082 1119 5133 καὶ
1138 5080 1376 5150 Μωῦσῆς
1402 5097 1530 5133 ποτε
1552 5084 1733 5151 τυχεῖν
1757 5079 1908 5149 ἠξίου

321 5170 497 5238 λέγων
528 5169 610 5239 τῷ
636 5170 774 5240 Θεῷο
822 5170 967 5226 Ἰδοὺ
1005 5172 1233 5241 εῦρηκα
1264 5172 1440 5242 χάριν
1472 5172 1727 5227 ἐνώπιόν
1758 5190 1895 5227 σου·

320 5262 663 5331 ἐμφάνισόν
686 5280 785 5331 μοι
828 5266 1107 5317 σεαυτόν·
1148 5265 1429 5333 τννωστῶς
1467 5265 1571 5319 ἴδω
1612 5280 1705 5320 σε·
1752 5266 1901 5330 ὅπως

320 5354 834 5425 ἀνακεκαλυμμένῳ
860 5356 1135 5427 προσώπῳ
1176 5358 1278 5428 τὴν
1322 5358 1478 5422 δόξαν
1536 5358 1743 5429 Κυρίου
1776 5375 1907 5411 κατ-

318 5448 655 5520 οπτρίζοιτο.
684 5450 774 5500 Διό
805 5466 958 5519 φησι·
982 5450 1049 5502 Τὸ
1078 5451 1404 5518 πρόσωπόν
1433 5468 1570 5514 σου,
1595 5453 1790 5517 Κύριε.
1820 5450 1912 5518 ζη-

318 5538 503 5603 τήσω*
527 5540 619 5607 μὴ
644 5541 1035 5609 ἀποστρέψῃς
1052 5542 1115 5595 τὸ
1139 5544 1462 5609 πρόσωπόν
1481 5560 1598 5597 σου
1614 5544 1714 5597 ἀπ’
1739 5541 1904 5611 ἐμοῦ.

318 5632 376 5684 Et
406 5632 519 5700 γὰρ
547 5635 632 5694 είς
660 5632 825 5701 ἄκρον
849 5633 1141 5705 τελειότης,
1178 5636 1272 5687 καὶ
1303 5637 1335 5705 ή
1372 5634 1510 5689 κατά
1538 5634 1669 5689 Θεὸν
1700 5635 1905 5705 ὑστάτη

382 5942 427 5972 ⁸³
490 5938 674 5995 lCor.
714 5956 767 6005 ι,
797 5940 851 5995 4.
930 5940 975 5973 ⁵³
1026 5938 1189 5996 Hebr.
1227 5957 1310 6005 ut,
1357 5942 1441 5996 15.

1554 5942 1596 5973 δι
1636 5938 1782 5996 Psal.
1815 5956 1943 6006 xxv,
1975 5938 2028 5993 6.

2037 3468 2125 3523 nis
2156 3467 2210 3521 in
2244 3467 2407 3525 rebus
2435 3469 2722 3524 institutus
2748 3469 2864 3522 haec
2889 3468 2955 3522 de
2989 3468 3171 3521 futuro
3198 3466 3383 3521 dicere
3409 3463 3609 3521 edoce-

2033 3554 2426 3615 batur:Lavabo
2440 3560 2575 3614 inter
2595 3562 2892 3614 innocentes
2916 3576 3102 3613 manus
3127 3570 3295 3623 meas,
3315 3566 3363 3611 et
3384 3558 3607 3611 circum—

2032 3651 2166 3705 dabo
2194 3652 2364 3706 altare
2392 3661 2558 3718 tuum,
2600 3652 2823 3707 Domine
2852 3654 2899 3685 ⁴¹⁶
2929 3670 2943 3705 :
2982 3653 3072 3707 hic
3097 3666 3247 3713 vero,
3285 3658 3345 3704 ut
3372 3649 3467 3720 qui
3490 3648 3605 3717 jam

2031 3746 2325 3815 profecerit
2348 3758 2402 3801 et
2433 3748 2690 3817 precibus
2714 3748 2982 3818 promissa
3013 3753 3347 3801 consecutus
3369 3744 3459 3811 sit,
3490 3743 3606 3797 haec

2031 3836 2555 3908 loquitur:Circuivi
2603 3850 2651 3893 et
2694 3840 2963 3894 immolavi
3010 3840 3065 3891 in
3116 3835 3451 3891 tabernaculo
3489 3836 3604 3903 ejus

2028 3929 2254 3983 hostiam
2284 3931 2623 4000 jubilationis
2657 3946 2674 3983 :
2705 3938 2758 3985 et
2802 3930 2856 3984 in
2890 3930 3161 4000 superiori
3196 3929 3359 3984 etiam
3391 3927 3606 3998 psalmo

2028 4022 2235 4076 dictum
2263 4030 2367 4090 est,
2398 4022 2466 4077 Ut
2496 4022 2714 4076 audiam
2744 4038 2917 4077 vocem
2951 4020 3129 4076 laudis
3159 4022 3241 4085 ";
3287 4020 3378 4075 hic
3418 4026 3601 4074 autem

2026 4110 2497 4181 dicitur,Cantabo
2520 4126 2570 4169 et
2598 4116 2866 4187 psalmum
2890 4115 3067 4168 dicam
3098 4114 3344 4169 Domino.

2095 4336 2260 4393 Vsus.
2314 4338 2470 4394 7-10.
2514 4336 2748 4404 Exaudi,
2795 4337 3037 4399 Domine,
3079 4352 3253 4391 vocem
3281 4352 3473 4399 meam,
3498 4351 3602 4406 qua

2022 4426 2245 4482 clamavi
2260 4427 2328 4480 ad
2350 4437 2397 4482 te
2416 4445 2433 4481 :
2453 4429 2695 4483 miserere
2713 4431 2811 4482 mei
2827 4439 2874 4482 et
2891 4427 3084 4482 exaudi
3104 4444 3203 4482 me.
3228 4425 3345 4481 Tibi
3362 4428 3496 4480 dixit
3513 4442 3603 4480 cor

2021 4536 2213 4583 meum,
2236 4519 2531 4590 Exquisivit
2557 4530 2602 4574 te
2613 4520 2774 4590 facies
2796 4536 2942 4574 mea:
2964 4519 3151 4588 faciem
3173 4515 3597 4580 tuam,Domine,

2020 4614 2303 4682 requiram.
2323 4612 2454 4682 Ejus
2478 4614 2616 4676 loco,
2637 4613 2730 4665 tibi
2750 4612 2883 4671 dixit
2910 4628 2999 4665 cor
3028 4626 3221 4676 meum,
3246 4607 3525 4677 exquisiuit
3551 4616 3599 4658 te

2023 4707 2184 4776 facies
2222 4723 2359 4770 mea,
2390 4707 2631 4775 apertius
2662 4704 3027 4776 Symmachus
3068 4706 3148 4758 sic
3188 4702 3597 4768 interpretatur.

2024 4800 2117 4852 tibi
2145 4798 2453 4868 loquebatur
2496 4815 2586 4851 cor
2616 4814 2810 4859 meum,
2847 4806 2892 4851 te
2918 4794 3185 4867 quwrebat
3215 4792 3389 4846 vultus
3432 4804 3597 4842 meus.

2016 4892 2224 4945 Animae
2254 4891 2453 4961 quippe
2494 4891 2673 4944 vultus
2705 4897 3098 4959 congruentem
3144 4883 3248 4940 sibi
3298 4878 3597 4951 inspectio-

2016 5001 2138 5040 nem
2173 4984 2545 5039 desiderabat.
2580 4984 2691 5037 lloc
2743 4984 2922 5054 ipsum
2952 4980 3166 5051 Moyses
3203 4976 3283 5031 sic
3313 4973 3485 5029 Deum
3521 4972 3601 5025 al-

2010 5079 2238 5149 loquens
2261 5076 2524 5147 consequi
2556 5076 2867 5147 postulabat
2912 5094 2923 5129 :
2969 5072 3102 5127 Ecce
3149 5070 3320 5123 inveni
3368 5067 3589 5138 gratiam

2008 5171 2066 5237 in
2104 5180 2385 5238 conspectu
2434 5178 2522 5223 tuo
2559 5185 2574 5220 :
2607 5168 2819 5223 ostende
2853 5165 2981 5219 mihi
3018 5164 3261 5231 teipsum,
3302 5169 3349 5213 te
3378 5159 3593 5211 scientir

2009 5260 2215 5317 videam
2248 5261 2329 5327 u3;
2362 5267 2421 5315 ut
2455 5260 2689 5315 revelata
2722 5258 2860 5312 facie
2899 5258 3129 5327 gloriam
3163 5248 3377 5305 Domini
3418 5250 3571 5302 inluc
3638 5270 3641 5271 ν

2015 5364 2185 5411 retur.
2222 5352 2590 5418 Quamobrem
2642 5352 2737 5417 ait,
2781 5351 2971 5418 faciem
3014 5357 3183 5411 tuam,
3218 5343 3466 5407 Domine,
3508 5359 3593 5395 re-

2019 5448 2263 5518 quiram;
2301 5462 2362 5499 ne
2396 5455 2599 5500 avertas
2653 5444 2841 5513 faciem
2888 5453 3029 5495 tuam
3063 5458 3095 5493 a
3127 5456 3228 5493 me.
3261 5436 3319 5492 Si
3347 5438 3493 5493 enim
3529 5436 3595 5491 ad

2018 5554 2332 5610 supremum
2359 5538 2622 5608 perfectio
2651 5537 2948 5597 devenerit,
2986 5549 3119 5591 sane
3139 5533 3365 5587 ultimus
3398 5545 3594 5587 secun-

2017 5634 2145 5688 dum
2174 5632 2341 5687 Deum
2372 5629 2648 5702 profectus
2675 5628 2766 5682 ille
2801 5626 2985 5691 fuerit,
3018 5627 3112 5697 qui
3146 5624 3357 5681 scilicet
3396 5623 3465 5679 ad
3497 5620 3590 5676 Dei

2140 5938 2184 5970 ”
2227 5935 2357 5994 ibid.
2406 5936 2455 5990 7.
2486 5933 2581 6008 λη
2613 5931 2784 5989 Exod.
2819 5950 3016 6001 xmu,
3065 5934 3145 5988 l3.
