4094 6378
446 507 556 568 143

1190 509 1474 568 EUSEBll'
1494 481 1970 568 CESARIENSIS

2099 507 2156 563 P.
2197 504 2377 562 PARS
2411 498 2497 560 111.
2541 533 2608 542 -
2645 493 3053 554 EXEGETICA.

3580 488 3678 542 τυ

449 629 658 684 vultum
681 622 934 689 deducit,
965 634 1039 679 ita
1067 632 1126 677 ut
1147 626 1271 695 quis
1295 623 1406 682 Deo
1429 641 1671 698 praesens
1692 627 1852 692 adsit,
1877 627 1996 697 ejus

2120 621 2369 692 προκοπὴ
2399 617 2538 686 αὓτη
2565 616 2629 669 ἂν
2655 615 2882 682 γένοιτο,
2906 614 2940 682 ἡ
2969 609 3063 662 ἐπὶ
3089 608 3150 660 τὸ
3172 607 3458 678 πρόσωπον
3481 604 3682 698 ἄγουσα

448 734 554 788 que
575 717 795 773 deitatis
822 716 992 772 radiis
1016 714 1251 771 fruatur.

515 892 728 949 Gnarus
761 903 939 950 autem
970 909 1210 966 persaepe
1255 895 1425 952 Deum
1461 898 1529 952 ab
1566 897 1636 952 iis
1670 897 1765 968 qui
1803 897 2013 952 vultum

443 985 564 1054 ejus
585 985 859 1040 sustinere
880 999 986 1042 non
1014 987 1218 1052 valent,
1245 1003 1420 1058 neque
1445 988 1502 1042 in
1525 1002 1753 1042 nurnero
1780 987 2013 1041 ﬁliorum

443 1080 564 1149 ejus
595 1087 1002 1150 computantur,
1043 1090 1286 1136 avertere
1330 1097 1410 1144 se,
1465 1096 1528 1136 ac
1557 1089 1710 1151 terga
1754 1082 1824 1136 iis
1857 1096 2013 1141 mon-

443 1181 638 1237 strare,
669 1173 1127 1242 quemadmodum
1165 1172 1336 1243 Moysi
1367 1173 1502 1227 dixit
1530 1193 1542 1227 ε
1584 1171 1790 1226 Videbis
1834 1183 2007 1240 poste-

442 1265 586 1318 riora
615 1282 753 1329 mea,
785 1266 986 1319 vultum
1029 1251 1204 1318 autem
1249 1281 1419 1318 meum
1467 1282 1797 1335 nequaquam
1842 1266 2012 1334 inspi—

442 1358 546 1411 cies
575 1355 652 1425 ἰτς
687 1368 746 1413 υι
776 1374 844 1414 ne
873 1359 927 1412 in
958 1359 1188 1413 similem
1233 1373 1419 1412 casum
1479 1357 1683 1412 incidat
1717 1358 1764 1412 is
1803 1357 1870 1412 de
1901 1373 2011 1427 quo

437 1449 551 1518 jam
588 1467 790 1513 sermo,
837 1451 920 1507 his
953 1453 1135 1509 verbis
1169 1452 1438 1522 supplicat
1479 1451 1842 1520 obsecratque
1875 1469 1887 1503 :
1928 1448 2012 1504 Ne

442 1548 648 1597 avertas
695 1541 882 1612 faciem
913 1551 1060 1597 tuam
1100 1560 1131 1597 a
1176 1560 1256 1597 me
1288 1558 1307 1595 :
1348 1559 1409 1596 ne
1463 1542 1694 1595 declines
1752 1541 1806 1594 in
1857 1543 1940 1593 ira
1975 1557 2007 1594 a

439 1649 587 1689 servo
624 1644 732 1688 tuo.
765 1634 992 1703 Adjutor
1011 1651 1156 1688 meus
1192 1643 1323 1700 esto,
1358 1650 1421 1687 ne
1461 1633 1683 1702 abjicias
1717 1649 1818 1696 me,
1848 1650 2010 1703 neque

437 1724 649 1780 deseras
698 1744 798 1790 me,
840 1727 982 1782 Deus
1026 1728 1272 1782 Salvator
1321 1744 1484 1782 meus.
1540 1727 1807 1792 Quoniam
1857 1735 2008 1794 pater

437 1833 584 1872 meus
611 1827 660 1873 et
699 1829 867 1873 mater
912 1837 1028 1874 mea
1073 1820 1459 1891 dereliquerunt
1493 1835 1594 1882 me,
1623 1818 1878 1871 Dominus
1909 1835 2007 1870 au-

439 1919 540 1964 tem
565 1913 850 1982 assumpsit
888 1930 990 1969 me.
1020 1912 1098 1968 Ne
1139 1929 1225 1968 me
1269 1927 1484 1968 servum
1515 1921 1690 1975 tuum,
1733 1910 1878 1981 quod
1917 1919 2004 1964 ta-

2112 714 2208 768 τοῦ
2231 710 2388 773 Θεοῦ,
2411 709 2486 772 ὡς
2512 704 2846 778 παρεστάναι
2879 699 3028 771 αὑτῷ
3055 699 3148 753 καὶ
3173 698 3282 751 τῶν
3312 695 3677 768 μαρμαρυγῶτ

2114 804 2211 876 τῆς
2244 799 2410 855 αὑτοῦ
2441 799 2692 869 θεότητος
2721 793 3031 849 ἀπολαύειν.

2185 889 2466 954 Εἰδὼςδὲ,
2487 890 2568 941 ὅτι
2589 886 2847 948 πολλάκις
2873 886 2902 937 6
2924 884 3056 946 Θεὸς
3084 881 3192 936 ἀπὸ
3219 881 3328 934 τῶν
3359 881 3432 951 μὴ
3454 879 3664 952 χωρούν

2110 1001 2218 1038 των
2232 983 2294 1036 τὸ
2307 980 2469 1035 αὐτοῦ
2486 979 2772 1052 πρόσωπον
2791 976 2923 1048 μηδὲ
2939 974 3094 1039 ἐξιων
3110 973 3235 1045 (sic)
3253 972 3333 1045 [ἐξ
3345 972 3498 1044 υἱῶν]
3515 973 3678 1025 αὑτοῦ

2111 1077 2300 1140 ὄντων,
2339 1074 2674 1145 ἀποστρέφει
2708 1071 2919 1133 ἑαυτὸν,
2951 1069 3020 1122 τά
3051 1068 3194 1122 νῶτα
3225 1065 3416 1122 ἑαυτοῦ
3445 1066 3678 1129 δεικνὺς,

2111 1167 2300 1240 ὥσπερ
2330 1164 2424 1220 οῦν
2451 1166 2529 1236 τῷ
2561 1166 2787 1219 Μωῦσεῖ
2814 1163 3017 1232 ἔλεγεν·
3051 1164 3217 1230 Ὄψει
3241 1159 3313 1213 τὰ
3335 1160 3527 1213 ὀπίσω
3536 1177 3676 1228 μου,

2109 1258 2176 1311 τὸ
2206 1257 2274 1311 δὲ
2302 1257 2626 1325 πρόσωπόν
2647 1273 2768 1324 μου
2802 1256 2914 1316 οὐκ
2949 1251 3276 1321 ὀφθήσεταί
3320 1265 3438 1304 σοι·
3480 1250 3545 1302 ἵν’
3586 1245 3678 1301 οὖν

2114 1350 2188 1420 μὴ
2215 1349 2370 1402 τοῦτο
2404 1347 2567 1401 πάθοι
2603 1347 2632 1398 6
2665 1345 2755 1402 διὰ
2793 1345 2899 1398 τῶν
2932 1343 3304 1414 προκειμένων
3329 1341 3674 1412 δηλούμενος,

2111 1440 2340 1493 ἱκετεύει
2391 1440 2485 1492 καὶ
2539 1439 2715 1491 δέεται
2763 1437 2972 1504 λέγων·
3021 1435 3119 1502 Μὴ
3165 1432 3554 1501 ἀποστρέψῃς
3607 1432 3676 1484 τὸ

2108 1532 2431 1601 πρόσωπόν
2467 1545 2583 1584 σου
2631 1531 2733 1584 ἀπ’
2778 1528 2954 1598 ἐμοῦ·
2986 1526 3072 1595 μὴ
3105 1525 3394 1592 ἐκκλίνῃς
3423 1526 3494 1578 ἐν
3531 1523 3675 1592 ὀργῇ

2107 1622 2224 1677 ἀπὸ
2258 1621 2364 1675 τοῦ
2395 1621 2618 1674 δούλου
2646 1635 2781 1673 σου.
2804 1619 3029 1684 Βοηθός
3051 1634 3169 1686 μου
3197 1616 3394 1686 γενοῦ,
3423 1615 3509 1684 μὴ
3532 1616 3676 1668 ἀπο-

2106 1713 2478 1780 σκορακίσῃς
2516 1728 2614 1781 με,
2660 1710 2758 1763 καὶ
2792 1708 2872 1777 μὴ
2901 1707 3303 1776 ὲγκαταλίπῃς
3324 1722 3419 1774 με,
3469 1707 3501 1758 ό
3532 1703 3676 1770 Θεὸς

2107 1806 2140 1858 ὁ
2170 1802 2372 1871 Σωτήρ
2397 1820 2537 1872 μου.
2570 1803 2688 1855 ’Ὁτι
2717 1805 2749 1854 ό
2772 1800 2966 1868 πατὴρ
2985 1817 3103 1869 μου
3129 1799 3225 1851 καὶ
3256 1800 3295 1866 ἡ
3319 1796 3515 1865 μήτηρ
3555 1814 3675 1865 μου

2104 1896 2455 1964 ἐγκατέλιπέ
2486 1912 2582 1964 με·
2629 1897 2662 1948 ό
2702 1893 2770 1946 δὲ
2813 1894 3029 1960 Κύριος
3073 1888 3480 1959 προσελάϐετό
3532 1906 3670 1957 μου.

437 2001 510 2054 lia
538 2017 829 2072 aggressus
860 2003 983 2063 sim.
1014 2004 1306 2058 averseris.
1348 2001 1532 2072 Neque
1570 2003 1714 2057 enim
1749 2002 1875 2057 licet
1908 2002 1996 2056 ho-

2107 1988 2220 2058 Μὴ,
2251 1989 2333 2042 ὅτι
2361 1988 2585 2041 τοιαῦτα
2608 1987 2933 2058 τετόλμηκα,
2967 1983 3324 2055 ἀποστράφῃς
3355 2000 3420 2052 με
3441 1981 3530 2033 τὸν
3555 1979 3674 2034 δοῦ-

437 2093 569 2147 mini
593 2108 754 2150 carne
777 2094 966 2148 induto
983 2094 1294 2164 hujusmodi
1316 2094 1679 2164 dignationem
1703 2093 2001 2165 attingere;

436 2201 604 2256 quare
632 2185 800 2257 Moysi
827 2187 1048 2242 dicebas
1082 2204 1096 2240 :
1135 2185 1304 2240 Nemo
1331 2184 1521 2239 uidebit
1565 2185 1768 2238 vultum
1807 2201 2000 2250 meum,

435 2285 485 2331 et
517 2277 648 2331 vivet
675 2277 742 2332 ⁸³.
791 2275 978 2347 Neque
1007 2277 1152 2332 enim
1198 2276 1414 2330 mortali
1445 2275 1570 2330 vita:
1612 2276 1664 2329 id
1696 2283 2006 2344 competere

435 2368 599 2433 valet,
647 2376 708 2423 ut
741 2370 950 2425 vultum
981 2369 1384 2440 contempletur
1425 2376 1600 2423 tuum.
1636 2367 1999 2434 Quamobrem

433 2455 646 2520 adjutor
680 2470 824 2508 meus
864 2467 1010 2519 esto,
1042 2465 1100 2509 ut
1130 2458 1402 2526 postulata
1435 2474 1758 2530 consequar.
1794 2460 1877 2516 Ne
1903 2464 2009 2516 ab-

421 2545 584 2614 jicias
624 2562 724 2610 me,
773 2561 871 2616 pro
911 2563 1019 2617 quo
1062 2549 1456 2620 Symmachus,
1497 2550 1582 2606 Ne
1625 2554 1834 2622 rejicias
1882 2571 1998 2620 me;

429 2634 627 2702 Aquila
662 2651 811 2702 vero,
846 2635 931 2690 Ne
958 2636 1166 2693 deseras
1191 2657 1291 2708 me,
1322 2642 1509 2696 edidit.
1535 2641 1739 2698 Deinde
1764 2645 1950 2712 adjicit
1981 2666 1995 2702 :

433 2726 616 2798 Neque
642 2730 853 2786 deseras
884 2749 985 2799 me,
1017 2731 1160 2786 Deus
1187 2730 1438 2786 Salvator
1469 2747 1633 2784 meus.
1667 2729 1744 2785 Te
1767 2745 2003 2802 namque

432 2820 808 2888 patrocinante
841 2835 906 2876 ac
946 2821 1225 2876 dexteram
1259 2823 1593 2892 porrigente,
1637 2838 1762 2892 spes
1800 2837 1884 2879 εει
1911 2841 1999 2881 me

431 2910 571 2963 bona
613 2911 796 2964 omnia
829 2919 1278 2966 consecuturum.
1309 2910 1449 2977 Quia
1480 2912 1666 2966 nullus
1695 2912 1838 2968 alius
1864 2914 1998 2968 mihi

429 2999 646 3070 adjutor
677 3001 832 3058 adest
863 3022 876 3058 :
907 3018 1085 3074 neque
1119 3004 1263 3058 enim
1289 3004 1472 3073 aliqua
1508 3004 1713 3058 arctior
1752 3004 2000 3059 charior—

429 3107 556 3160 que,
583 3107 748 3162 quam
796 3096 969 3164 patris
1019 3106 1075 3151 et
1129 3098 1344 3161 matris,
1393 3097 1742 3152 necessitudo
1791 3097 1995 3166 fuerit;

430 3182 534 3252 ipsi
561 3198 693 3238 vero
721 3184 1128 3255 dereliquerunt
1159 3201 1268 3251 me,
1307 3185 1434 3256 quia
1479 3186 1548 3240 ab
1575 3186 1686 3242 illis
1717 3187 1993 3252 omnibus,

428 3283 488 3329 ut
512 3274 607 3330 tibi
652 3275 756 3331 soli
799 3275 910 3332 Deo
937 3291 1210 3340 vacarem,
1251 3277 1473 3332 recessi.
1509 3276 1688 3344 Quare
1732 3278 1831 3333 tibi
1865 3294 1989 3349 gra-

2104 2083 2194 2136 λόν
2225 2099 2338 2135 σου.
2367 2083 2441 2135 Οὐ
2473 2081 2581 2151 γὰρ
2609 2081 2815 2150 ἐφεῖται
2846 2077 3116 2149 ἀνθρώπῳ
3147 2077 3324 2148 σάρκα
3353 2075 3673 2146 περιϐεϐλη-

2111 2173 2260 2244 μένῳ
2285 2172 2392 2226 τῶν
2417 2171 2670 2225 τοιούτων
2691 2168 2986 2235 ἀξιοῦσθαι·
3018 2169 3096 2222 διὸ
3124 2168 3306 2237 ἔλεγες
3329 2165 3406 2237 τῷ
3431 2169 3667 2221 Μωῦσεῗ·

2106 2264 2315 2331 Οὐδεὶς
2348 2264 2556 2333 ὄψεται
2603 2263 2669 2316 τὸ
2716 2263 3043 2331 πρόσωπόν
3079 2279 3220 2330 μου,
3263 2261 3361 2313 καὶ
3409 2259 3666 2327 ζήσεται.

2115 2355 2388 2410 Ἀδυνατεῖ
2417 2356 2525 2427 γὰρ
2550 2357 2584 2426 ἡ
2608 2353 2778 2426 θνητὴ
2807 2354 2917 2425 ζωὴ
2947 2353 3082 2425 πρὸς
3103 2351 3200 2423 τὴν
3228 2351 3356 2405 θέαν
3381 2352 3473 2404 τοῦ
3501 2370 3670 2423 προσ-

2097 2445 2250 2502 ώπου
2289 2464 2402 2501 σου·
2438 2447 2518 2500 διὸ
2555 2447 2751 2517 μᾶλλον
2767 2447 2994 2512 ,ϐοηθός
3001 2448 3312 2516 μοι’νενοῦ
3329 2449 3466 2520 πρὸς
3486 2444 3546 2496 τό
3576 2460 3670 2498 τυ-

2098 2539 2212 2606 χεῖν
2242 2535 2352 2589 τῶν
2375 2535 2676 2608 ᾑτημένων.
2710 2534 2805 2602 Μὴ
2837 2534 3330 2602 ἀποσκορακίσῃς
3344 2551 3438 2603 με·
3466 2533 3580 2587 ἀνθ’
3605 2528 3666 2585 οὗ

2098 2631 2127 2681 6
2172 2630 2499 2700 Σύμμαχος,
2537 2628 2634 2697 Μὴ
2677 2628 3020 2696 ἀπορῤίψῃς
3065 2643 3170 2696 με,
3207 2625 3496 2692 ἐξέδωκεν·
3547 2629 3575 2680 ό
3608 2625 3665 2679 δὲ

2111 2721 2382 2784 Ἀκύλας·
2419 2721 2515 2790 Μὴ
2567 2720 2756 2790 ἐάσῃς
2789 2738 2885 2790 με.
2942 2717 3054 2774 Εἶτ’
3103 2719 3374 2788 ἐπιλέγει·
3429 2720 3536 2772 Καὶ
3578 2719 3663 2788 μὴ

2097 2813 2538 2882 ἐγκαταλείπῃς
2563 2830 2660 2882 με,
2692 2815 2724 2866 ό
2760 2811 2903 2878 Θεὸς
2936 2814 2969 2865 ὁ
2997 2810 3200 2877 Σωτήρ
3231 2828 3370 2880 μου.
3413 2808 3514 2863 Σοῦ
3557 2811 3666 2882 γὰρ

2097 2901 2649 2974 ἀντιλαμϐανομένου,
2706 2901 2797 2955 καὶ
2862 2900 3040 2965 δεξιὰν
3092 2900 3395 2973 ὀρέγοντος,
3449 2902 3665 2954 πάντων

2096 2995 2251 3059 ἐλπὶς
2290 2997 2470 3066 τυχεῖν
2511 2993 2617 3048 τῶν
2649 2993 2890 3063 ἀγαθῶν.
2947 2994 3098 3046 Ἐπεὶ
3139 2994 3326 3064 μηδεὶς
3361 2993 3544 3064 ἕτερός
3575 3010 3662 3063 μοι

2097 3086 2328 3157 πάρεστι
2355 3085 2562 3157 βοηθός·
2595 3087 2702 3138 τῶν
2729 3085 2838 3157 γὰρ
2871 3085 2928 3138 ὲν
2957 3085 3264 3158 ἀνθρώποις
3294 3085 3545 3153 ἀναγκῶν
3577 3087 3667 3138 ού-

2093 3179 2201 3244 δεὶς
2221 3179 2287 3234 ἂν
2311 3180 2518 3249 γένοιτο
2537 3180 2741 3252 πατρὸς
2765 3180 2858 3233 καὶ
2886 3180 3090 3250 μητρὸς
3119 3179 3315 3250 μᾶλλον
3340 3180 3660 3252 προσφιλής·

2094 3266 2240 3327 οῦτοι
2269 3273 2326 3326 δὲ
2349 3275 2501 3328 αὐτοὶ
2524 3273 2942 3327 καταλελοίπασὶ
2967 3291 3032 3344 με
3051 3273 3138 3326 διὰ
3157 3272 3217 3326 τὸ
3245 3272 3460 3327 πάντων
3484 3273 3666 3325 αὐτῶν

427 3365 556 3420 tiam
589 3367 866 3439 proﬁteor,
904 3369 1034 3439 quia
1074 3369 1142 3423 ab
1187 3370 1444 3426 onmibus
1474 3368 1725 3426 desertus
1768 3386 1833 3426 ac
1872 3371 1996 3426 reli-

2099 3363 2598 3436 ἀνακεχωρηκέναι,
2639 3365 2733 3417 καὶ
2776 3365 2858 3417 σοὶ
2912 3365 3056 3435 μόνῳ
3089 3365 3366 3434 σχολάζειν
3408 3363 3484 3435 τῷ
3523 3365 3660 3435 Θεῷ.

425 3464 568 3523 ctus,
604 3459 704 3518 abs
737 3469 788 3519 te
819 3462 936 3520 solo
967 3473 1282 3535 assumptus
1310 3481 1453 3522 sum.

499 3636 662 3695 Vens.
701 3640 790 3703 11,
827 3641 913 3698 12.
959 3641 1145 3714 Legem
1189 3659 1323 3715 pone
1376 3645 1504 3699 mihi
1544 3646 1598 3700 in
1637 3648 1724 3702 via
1755 3657 1849 3702 tua
1885 3668 1903 3704 :
1941 3661 1991 3707 et

423 3728 588 3799 dirige
622 3746 702 3784 me
735 3724 790 3785 in
817 3733 1060 3786 semitam
1090 3743 1288 3788 rectam
1315 3743 1528 3806 propter
1562 3737 1801 3791 inimicos
1827 3755 1988 3794 meos.

424 3821 512 3876 Ne
563 3821 851 3879 tradideris
931 3841 1012 3879 me
1072 3825 1130 3879 in
1188 3827 1396 3881 animas
1457 3827 1822 3884 tribulantium
1889 3848 1989 3897 me,

422 3913 670 3980 quoniam
752 3915 1152 3983 insurrexerunt
1229 3918 1284 3971 in
1360 3937 1441 3974 me
1521 3931 1673 3975 testes
1784 3924 1988 3992 iniqui,

421 4009 472 4054 et
536 4005 756 4058 mentita
827 4013 906 4059 est
979 4007 1232 4078 iniquitas
1307 4008 1428 4064 sibi.
1500 4008 1636 4064 Cum
1716 4013 1992 4070 multoties

421 4092 489 4147 de
531 4109 590 4148 se
637 4094 856 4152 divinus
903 4097 1197 4169 Apostolus
1245 4100 1360 4156 hac
1417 4102 1748 4158 declarasset
1799 4119 1863 4159 ac
1907 4106 1992 4160 di-

421 4183 591 4238 xisset
615 4202 630 4240 :
658 4183 811 4239 Nihil
839 4189 978 4241 enim
1011 4190 1184 4243 minus
1223 4190 1303 4258 fui
1342 4190 1406 4243 ab
1439 4193 1506 4246 iis
1542 4195 1633 4262 qui
1673 4203 1795 4247 sunt
1827 4211 1988 4264 supra

420 4269 635 4323 modum
683 4275 988 4342 apostoli";
1021 4277 1089 4332 iis
1121 4277 1236 4331 luet:
1273 4267 1458 4348 adjicit
1486 4299 1497 4334 :
1529 4267 1653 4336 Non
1696 4283 1834 4354 quod
1871 4287 1991 4354 jam

420 4363 726 4429 acceperim,
761 4375 854 4418 aut
887 4366 1003 4436 jam
1037 4369 1298 4438 perfectus
1343 4372 1443 4425 sint
1466 4388 1484 4424 :
1513 4389 1699 4444 sequor
1729 4387 1902 4430 autem
1943 4379 1991 4432 si

418 4471 520 4526 quo
561 4455 714 4511 modo
757 4461 1189 4527 comprehendam
1208 4464 1253 4495 ⁸ο
1282 4480 1299 4516 :
1331 4451 1394 4518 ac
1426 4480 1644 4519 rursum
1687 4468 1815 4521 alibi
1841 4488 1855 4522 :
1886 4469 1991 4524 Ca-

417 4548 553 4616 stigo
579 4564 766 4616 corpus
799 4567 988 4617 meum,
1023 4563 1072 4607 et
1099 4555 1153 4607 in
1182 4556 1480 4609 servitutem
1509 4557 1706 4626 redigo,
1761 4575 1827 4612 ne
1855 4560 1991 4628 forte

415 4655 535 4694 cum
560 4641 680 4695 aliis
706 4644 1117 4710 prazdicaverim,
1138 4647 1246 4716 ipse
1270 4648 1517 4718 reprobus
1545 4649 1822 4718 efﬁciar“.
1852 4650 1987 4706 Nam

2101 3453 2261 3507 Ὅθεν
2288 3455 2381 3508 καὶ
2407 3455 2564 3526 χάριν
2587 3454 2850 3525 ὁμολογῶ,
2882 3456 2963 3508 ὅτι
2989 3456 3203 3510 πάντων
3233 3455 3434 3528 ἕρημος
3456 3457 3551 3510 καὶ
3575 3474 3665 3509 και

2095 3545 2402 3616 ταλειφθεὶς
2434 3547 2538 3600 ὑπὸ
2566 3546 2658 3599 σοῦ
2693 3547 3087 3620 προσελήφθην.

2167 3639 2586 3707 Νομοθέτηονόν
2611 3657 2688 3709 με
2721 3641 2793 3694 ἐν
2822 3639 2898 3708 τῇ
2928 3639 3045 3706 ὀδῷ
3068 3657 3204 3705 σου,
3235 3639 3333 3694 καὶ
3360 3640 3665 3711 όδήγησόν

2090 3750 2167 3802 με
2190 3733 2260 3786 ἐν
2289 3735 2460 3801 τρίϐῳ
2496 3736 2698 3804 εὐθείᾳ
2745 3735 2922 3791 ἕνεκα
2969 3734 3088 3789 τῶν
3115 3736 3354 3806 ’ἐχθρῶν
3396 3756 3533 3808 μου.
3565 3738 3662 3807 Μὴ

2096 3820 2374 3891 παραδῷς
2395 3840 2471 3892 με
2499 3827 2586 3889 εἱς
2623 3825 2826 3893 ψυχὰς
2857 3827 3180 3879 θλιϐόντων
3207 3844 3302 3895 με,
3336 3826 3424 3880 ὅτι
3454 3827 3666 3882 ἐπανέ-

2096 3914 2340 3982 στησάν
2357 3933 2459 3984 μοι
2482 3915 2776 3984 μάρτυρες
2803 3914 3014 3984 ἄδικοι,
3039 3917 3137 3971 καὶ
3154 3918 3452 3986 ἐψεύσατο
3475 3920 3513 3987 ἠ
3542 3920 3664 3973 ἀδι-

2096 4006 2196 4058 κία
2223 4005 2427 4075 ἑαυτῇ.
2451 4005 2714 4069 Πολλάκις
2742 4025 2806 4059 πε
2818 4009 2869 4078 ρ).
2900 4008 3093 4061 ἑαυτοῦ
3127 4010 3154 4060 6
3185 4008 3324 4074 θεῖος
3349 4010 3664 4073 Ἀπόστολος

2095 4097 2313 4165 διδάξας
2348 4098 2442 4152 καὶ
2470 4098 2658 4153 εἰπών·
2691 4099 2882 4154 Οὐδὲν
2912 4099 3019 4169 γὰρ
3047 4101 3348 4169 ὑστέρηκα
3375 4103 3492 4156 τῶν
3515 4104 3664 4172 ὑπὲρ

2094 4192 2238 4244 λίαν
2251 4192 2625 4245 ἀποστόλων·
2651 4191 2856 4255 τούτοις
2877 4193 3048 4263 ἐπῆγε
3074 4191 3264 4262 λέγων·
3293 4196 3413 4264 Οὐχ
3437 4195 3523 4248 ὅτι
3545 4194 3662 4264 ἤδη

2095 4283 2318 4339 ἔλαϐον
2346 4285 2384 4353 ἢ
2411 4284 2526 4354 ἤδη
2562 4286 2954 4354 τετελείωμαι·
2983 4283 3170 4339 διώκω
3198 4285 3266 4340 δὲ
3291 4289 3341 4340 εὶ
3370 4288 3464 4340 καὶ
3491 4304 3665 4340 κατα-

2095 4375 2275 4429 λάϐω·
2305 4379 2398 4431 καὶ
2421 4377 2582 4430 πάλιν
2605 4377 2857 4447 ἀλλαχοῦ·
2899 4376 3224 4439 Ὑπωπιὰζω
3244 4395 3362 4446 μου
3389 4377 3453 4430 τὸ
3472 4376 3661 4446 σῶμα,

2096 4469 2193 4520 καὶ
2237 4467 2611 4538 δουλαγωγῶ·
2642 4469 2876 4539 μήπως,
2916 4468 3127 4535 ἄλλοις
3163 4469 3446 4538 κηρύξας,
3483 4469 3664 4533 αὐτὸς

2095 4560 2378 4630 ἀδόκιμος
2395 4561 2669 4630 γένωμαι.
2692 4563 2854 4614 Ὅσον
2875 4561 2972 4630 μὲν
2995 4559 3103 4630 γὰρ
3119 4560 3193 4623 ὡς
3209 4561 3344 4631 πρὸς
3365 4559 3662 4630 ἀνθρώπων

2099 4650 2405 4720 σύγκρισιν,
2447 4651 2658 4722 συνῄδει
2710 4651 2887 4722 ἐαυτῷ
2928 4651 3311 4722 προκεκοφότι,
3357 4652 3450 4705 καὶ
3477 4651 3576 4722 τὴν
3604 4652 3662 4703 ἐν

415 4741 679 4802 quantum
727 4735 794 4790 ad
837 4735 1118 4792 hominum
1171 4743 1639 4809 comparationem
1669 4744 1984 4797 aestimatio-

2099 4741 2397 4812 ἀνθρώποις
2441 4742 2753 4812 τελειότητα
2801 4743 3132 4813 ἀνειληφότι·
3177 4742 3299 4794 ὅσον
3342 4741 3400 4794 δὲ
3450 4742 3542 4794 ἐπὶ
3587 4741 3664 4810 τῷ

415 4839 647 4896 nemque
673 4828 999 4898 pertinebat,
1035 4845 1094 4886 se
1125 4832 1422 4902 profecisse
1457 4849 1518 4888 ac
1546 4835 1838 4888 humanam
1866 4853 1990 4905 per-

413 4917 704 4975 fectionem
750 4923 996 4992 attigisse
1051 4923 1156 4978 sibi
1208 4927 1466 4981 conscius
1515 4937 1667 4992 erat;
1723 4935 1986 4996 quantum

412 5019 594 5066 autem
629 5013 699 5066 ad
723 5012 801 5067 rei
832 5015 1136 5079 veritatem,
1173 5033 1232 5072 se
1277 5018 1333 5071 in
1365 5019 1555 5074 multis
1592 5020 1823 5075 deﬁcere
1852 5020 1992 5074 scie-

413 5100 530 5167 bat,
576 5105 649 5160 ob
695 5105 860 5176 idque
890 5122 1012 5163 sese
1047 5108 1429 5179 imperfectum
1459 5110 1749 5167 fatebatur.
1785 5111 1989 5166 Eadem

369 5251 380 5262 ,
413 5211 640 5265 prorsus
671 5204 871 5263 mente,
904 5199 951 5254 is
984 5200 1076 5269 qui
1109 5201 1164 5255 in
1191 5201 1446 5271 praesenti
1476 5201 1738 5271 loquitur,
1772 5203 1989 5258 videtur

411 5289 544 5343 mihi
578 5289 792 5346 debitas
820 5289 930 5346 Deo
977 5291 1044 5348 de
1089 5293 1378 5363 prteteritis
1407 5294 1568 5348 bonis
1597 5296 1803 5364 gratias
1831 5303 1984 5350 retu-

411 5380 560 5444 lisse,
594 5396 679 5443 ac,
709 5389 894 5452 utpote
919 5384 1101 5448 homo,
1128 5385 1462 5440 inﬁrmitatis
1489 5386 1741 5441 humana:
1771 5387 1985 5457 lapsum

411 5472 724 5540 suspicatus
749 5489 893 5532 esse.
926 5474 1267 5547 Quapropter
1311 5477 1378 5532 de
1415 5477 1598 5534 futuro
1626 5479 1794 5534 Deum
1826 5495 1989 5548 roga-

413 5561 525 5624 bat,
559 5570 621 5616 ut
653 5563 771 5632 ipse
803 5565 904 5621 sibi
934 5567 1212 5637 legislalor
1244 5578 1410 5624 esset.
1433 5569 1619 5640 Neque
1650 5571 1794 5626 enim
1828 5570 1982 5634 mihi,

412 5650 610 5722 inquit,
644 5664 772 5711 sunt
803 5658 997 5729 legalia
1043 5661 1244 5734 Moysis
1296 5664 1449 5720 satis.
1484 5663 1597 5719 Lex
1623 5664 1822 5734 quippe
1869 5664 1982 5729 illa,

414 5762 523 5800 non
557 5747 744 5818 justts,
779 5753 875 5806 scd
924 5753 1122 5823 iniquis
1167 5761 1221 5809 et
1262 5755 1765 5826 inobsequentihus,
1804 5755 1984 5824 impiis

486 5903 529 5938 "
571 5905 738 5961 Exod.
775 5923 964 5974 xxxm,
999 5910 1088 5966 ‘25.

2089 4833 2299 4903 ἀληθεῖ,
2331 4834 2390 4886 ὲν
2411 4833 2623 4896 πολλοῖς
2646 4833 2854 4886 ἑαυτῶν
2888 4835 3131 4905 ὑστερεῖν
3161 4834 3475 4902 ἐγίνωσκεν,
3499 4833 3663 4903 ἀτελῆ

2088 4942 2148 4976 τε
2188 4921 2327 4978 εἶναι
2357 4926 2547 4978 ἑαυτὸν
2573 4925 2660 4979 διά
2690 4925 2833 4978 τοῦθ’
2861 4925 3146 4996 ὡμολόγει.
3177 4925 3361 4996 Ταύτῃ
3398 4943 3486 4996 μαι
3519 4926 3664 4978 δοκεῖ

2094 5019 2160 5088 τῇ
2190 5017 2400 5089 διανοίᾳ
2427 5019 2521 5071 καὶ
2556 5019 2584 5070 6
2618 5019 2688 5071 τὰ
2719 5017 3053 5089 προκείμενα
3092 5016 3373 5083 διεξελθὼν
3404 5019 3531 5088 περὶ
3565 5018 3662 5088 μὲν

2087 5108 2197 5161 τῶν
2233 5110 2636 5180 παρῳχηκότων
2675 5109 2772 5180 τὴν
2801 5111 3119 5182 πρέπουσαν
3145 5111 3494 5181 εὐχαριστίαν
3525 5112 3663 5164 ἀποο

2088 5201 2380 5254 δεδωκέναι
2411 5201 2488 5272 τῷ
2515 5201 2652 5272 Θεῷ,
2683 5197 2770 5255 οἶα
2801 5202 2858 5254 δὲ
2901 5201 3184 5273 ἄνθρωπος
3209 5203 3298 5256 τὸν
3327 5202 3536 5255 ὄλισθον
3566 5205 3664 5272 τῆς

2090 5296 2437 5367 ἀνθρωπίνης
2466 5295 2748 5359 ἀσθενείας
2776 5296 3100 5367 ὑφορᾶσθαι.
3137 5297 3228 5348 Διὸ
3257 5297 3387 5367 περὶ
3414 5295 3506 5348 τοῦ
3541 5295 3669 5365 μέλ-

2089 5387 2272 5451 λοντος
2300 5388 2493 5460 χρόνου
2529 5387 2830 5457 παρεκάλει
2850 5388 2940 5440 τὸν
2969 5387 3122 5451 Θεὸν,
3150 5387 3296 5450 ὅπως
3324 5387 3487 5450 αὐτὸς
3519 5385 3668 5456 αὐτῷ

2091 5479 2300 5547 γένοιτο
2337 5479 2653 5549 νομοθέτης.
2699 5480 2772 5533 Ού
2819 5478 2927 5551 γὰρ
2970 5479 3210 5551 ἀπαρκεῖ
3255 5497 3365 5550 μοι,
3412 5481 3565 5550 φησι,
3600 5479 3668 5532 τά

2093 5573 2244 5643 παρά
2287 5574 2510 5626 Μωῦσεῖ
2549 5572 2773 5642 νόμιμα·
2807 5572 3039 5634 δικαίοις
3069 5573 3238 5645 γὰροὸ
3265 5572 3429 5643 νόμος
3462 5575 3668 5635 ἐκεῖνος

2091 5663 2153 5716 οὐ
2178 5663 2584 5734 νενομοθέτητω
2605 5664 2718 5717 ἀλλ’
2748 5664 2968 5734 ἀνόμοις
2989 5665 3084 5717 καὶ
3111 5665 3519 5729 ἀνυποτάκτοις,
3548 5666 3668 5718 ἀσε-

2093 5751 2214 5806 ϐέσι
2238 5753 2328 5806 καὶ
2362 5752 2702 5824 ἁμαρτωλοῖς
2728 5753 2822 5807 καὶ
2846 5757 2956 5817 τοῖς
2980 5753 3404 5826 παραπλησίοις.
3440 5755 3662 5816 Τυύτοις

1163 5912 1206 5943 ⁸⁸
1247 5910 1376 5967 ibid.
1457 5913 1496 5944 δ’
1538 5911 1581 5965 ll
1611 5912 1735 5967 Cor.
1773 5926 1868 5978 xu,
1905 5910 1989 5965 11.
2071 5911 2113 5943 ⁵ο
2155 5909 2385 5982 Philipp.
2425 5928 2506 5978 ιιι,
2544 5911 2623 5965 12.
2701 5911 2739 5941 ⁸³
2787 5909 2804 5962 l
2837 5911 2960 5966 Cor.
2999 5926 3074 5977 Ix,
3103 5909 3194 5965 27.
