4138 6380
473 417 581 476 2ίό

1637 417 2144 477 COMMENTARIA
2178 419 2246 476 IN
2283 417 2622 477 PSALMOS.

3616 414 3724 470 2w

473 533 584 606 γὰρ
623 533 652 586 ὁ
688 529 929 603 Μωῦσῆς
962 528 1289 602 ἐνομοθέτει,
1322 530 1462 585 κατά
1488 532 1588 604 τὴν
1622 533 2053 608 σκληροκαρδίαν

2157 537 2209 594 et
2239 537 2613 609 peccatoribus
2638 533 2814 606 iisque
2844 533 3116 590 similibus
3145 533 3270 589 data
3289 538 3396 592 est.
3422 532 3547 592 Istis
3567 538 3727 608 quip-

469 624 652 681 αὐτῶν
699 624 1134 696 διαταττόμενος.
1183 625 1323 694 Ἐγὼ
1361 626 1440 691 δὲ,
1483 628 1667 697 φησὶν,
1701 629 1762 680 οὐ
1791 630 1858 700 τῇ
1888 631 2056 684 Μωῦ-

472 720 613 782 σέως
652 716 942 789 νομοθεσίᾳ
987 714 1334 787 ύποϐέϐληκα
1378 719 1630 788 ἐμαυτόν.
1675 719 1766 772 Διὸ
1803 720 1926 772 οὐδὲ
1957 721 2056 792 τὴν

467 811 557 864 διὰ
590 809 747 876 ζώων
772 809 989 880 σφαγῆς
1027 809 1214 863 Θυσίαν
1243 811 1678 883 ἐπηγγειλάμην,
1709 810 1845 866 ἀλλά
1866 811 2057 868 θυσίαν

468 902 813 974 ἀλαλαγμοῦ,
847 901 1158 974 καινότερον
1201 901 1402 974 τρόπον
1433 903 1465 974 ἦ
1495 903 1635 956 κατά
1673 903 1744 957 τά
1777 905 2056 969 Μωῦσέως

469 995 698 1067 νόμιμα.
748 994 950 1067 Διόπερ
999 993 1136 1062 ἀξιῶ
1169 995 1364 1065 καινῆς
1406 995 1727 1066 νομοθεσίας
1770 997 1921 1068 παρὰ
1960 995 2053 1051 σοῦ

468 1090 674 1160 τυχεῖν.
710 1089 884 1152 Αὐτὸς
917 1083 1010 1142 οὖν
1035 1087 1132 1159 τὴν
1162 1087 1260 1160 σὴν
1289 1087 1406 1141 ὁδὸν
1442 1088 1705 1155 ἐπίδειξόν
1743 1106 1852 1160 μοι·
1883 1089 1916 1160 ἢ
1939 1088 2056 1158 φώ-

467 1197 670 1246 τισον,
708 1180 849 1235 κατὰ
878 1180 968 1235 τὸν
1027 1181 1277 1235 Ἀκύλαν.
1325 1181 1418 1253 Μὴ
1467 1181 1625 1253 μόνον
1673 1182 1729 1235 δὲ
1771 1182 2054 1254 ὑποδείξῃς

471 1274 610 1346 μηδὲ
644 1272 1015 1346 νομοθετήσῃς
1045 1290 1155 1344 μοι,
1189 1267 1233 1326 ὦ
1269 1271 1460 1343 Κύριε,
1493 1271 1630 1326 ἀλλὰ
1659 1273 1754 1326 καὶ
1788 1273 2053 1343 ὁδήγησόν

469 1383 542 1433 με
572 1365 630 1418 ἐν
649 1362 820 1434 τρίϐῳ
840 1361 1046 1435 εὐθείᾳ,
1071 1361 1208 1434 πρὸς
1230 1361 1292 1414 τὸ
1314 1361 1388 1433 μὴ
1417 1359 1724 1433 προσκόψαι
1747 1359 1883 1432 πρὸς
1905 1359 2052 1413 λίθον

465 1457 559 1510 τὸν
596 1455 729 1510 πόδα
762 1472 885 1527 μου,
919 1453 1130 1538 ἕνεκεν
1160 1453 1280 1506 τῶν
1307 1450 1538 1522 ἐχθρῶν
1562 1470 1703 1522 μου.
1735 1451 1832 1519 Μὴ
1867 1465 2052 1518 παρα-

464 1548 587 1614 δῷς
609 1563 686 1617 με
721 1549 809 1613 είς
854 1545 1058 1616 ψυχὰς
1102 1545 1428 1599 θλιϐόντων
1453 1560 1548 1612 με.
1579 1544 1658 1596 Δι’
1691 1540 1898 1613 ὁμαλῆς
1941 1539 2050 1612 γὰρ

462 1644 588 1698 ὁδοῦ
627 1644 721 1697 καὶ
755 1642 1040 1715 εἰρηνικῆς
1077 1640 1224 1704 ὅπως
1261 1639 1528 1712 διαγάγῃς
1570 1655 1636 1709 με
1673 1635 1808 1701 ἀξιῶ
1834 1633 1923 1687 τὸν
1950 1633 2049 1703 τῆς

468 1734 616 1806 ζωῆς
652 1751 754 1806 μου
779 1734 992 1806 χρόνον.
1024 1731 1098 1785 Οὐ
1136 1730 1245 1804 γὰρ
1284 1731 1440 1802 μόνον
1475 1729 1724 1799 πολέμιοι
1751 1725 2047 1796 τυγχάνου-

467 1844 575 1890 σιν,
612 1825 747 1879 ἀλλὰ
777 1825 870 1878 καὶ
899 1823 1230 1892 συκοφάνται
1258 1821 1432 1876 ἄδικοι
1461 1821 1555 1874 καὶ
1581 1816 2043 1889 ψευδομάρτυρες,

2160 645 2228 701 pe
2256 629 2467 700 Moyses
2489 629 2662 699 legem
2691 627 2919 693 ferebat,
2943 625 3012 681 ad
3043 625 3298 681 duritiem
3331 626 3514 682 cordis
3537 641 3728 682 eorum

2159 720 2643 775 accommodatam.
2676 719 2746 772 At
2773 733 2892 788 ego,
2927 718 3124 788 inquit,
3156 732 3267 771 non
3296 731 3382 772 me
3415 715 3618 789 Moysis
3647 717 3730 773 le-

2157 808 2316 880 gibus
2363 809 2601 865 subdidi.
2647 807 2828 875 Quare
2875 823 2986 863 non
3040 815 3331 863 cruentum
3377 808 3729 875 sacriﬁcium,

2157 899 2252 953 sed
2304 898 2539 954 hostiam
2579 898 2922 968 jubilationis
2962 897 3242 968 pollicitus
3287 913 3431 965 sum,
3480 913 3622 954 novo
3669 912 3733 952 ac

2155 989 2313 1059 longe
2358 988 2575 1044 diverso
2605 1003 2635 1042 a
2669 987 2870 1059 Moysis
2916 988 3183 1059 legalibus
3232 988 3366 1044 ritu.
3393 987 3521 1045 ldeo
3563 1002 3733 1043 novas

2155 1081 2253 1136 abs
2278 1088 2332 1136 te
2365 1081 2582 1150 postulo
2613 1081 2778 1150 leges.
2809 1077 2891 1134 Tu
2938 1081 3078 1151 ipse,
3109 1094 3317 1151 quaero,
3346 1079 3492 1134 viam
3543 1087 3733 1136 osten-

2155 1171 2255 1227 das
2287 1173 2452 1240 mihi;
2479 1180 2574 1226 aut
2604 1173 2871 1237 illumina,
2911 1173 3213 1228 secundum
3241 1173 3514 1244 Aquilam.
3548 1170 3736 1242 Neque

2155 1265 2331 1319 solum
2366 1265 2627 1320 ostendas
2666 1278 2731 1318 ac
2757 1264 2930 1334 legem
2960 1278 3134 1334 ponas
3167 1264 3325 1331 mibi,
3354 1263 3601 1331 Domine,
3635 1264 3731 1320 sed

2152 1360 2315 1414 etiam
2345 1360 2516 1432 dirige
2546 1375 2632 1415 me
2667 1360 2720 1414 in
2755 1359 2948 1414 semita
2977 1366 3151 1423 recta,
3186 1366 3247 1414 ut
3275 1373 3343 1414 ne
3370 1357 3732 1414 offendamad

2152 1454 2384 1526 lapidem
2415 1453 2551 1526 pede
2583 1469 2724 1519 meo,
2753 1463 2963 1523 propter
2988 1453 3231 1508 inimicos
3258 1469 3396 1508 meos
3423 1469 3441 1507 :
3473 1470 3536 1508 ne
3561 1453 3734 1508 tradi.

2151 1543 2290 1600 deris
2336 1562 2416 1600 me
2446 1546 2501 1600 in
2531 1545 2739 1599 animas
2771 1543 3140 1598 tribulantium
3157 1561 3257 1599 me.
3290 1542 3394 1600 Per
3420 1545 3637 1615 planam
3668 1559 3734 1601 ac

2148 1639 2428 1709 paciﬁcum
2457 1639 2599 1694 viam
2635 1653 2721 1693 me
2762 1645 3009 1708 tempore
3035 1637 3161 1693 vita:
3189 1651 3324 1692 mete
3364 1636 3606 1694 deducas
3637 1653 3735 1708 po-

2149 1729 2314 1786 stulo.
2342 1727 2460 1784 Non
2491 1729 2666 1785 solum
2696 1730 2841 1784 enim
2876 1729 3106 1792 inimici,
3128 1729 3222 1785 sed
3249 1728 3412 1785 etiam
3446 1729 3617 1801 iniqui
3647 1745 3736 1802 sy-

2147 1822 2434 1894 cophantae
2478 1828 2533 1876 et
2579 1821 2702 1878 falsi
2729 1829 2906 1877 testes
2933 1823 3164 1888 instant,
3196 1821 3290 1892 qui
3313 1820 3498 1878 omnia
3542 1819 3726 1877 hostili

465 1919 562 1971 καὶ
594 1918 770 1971 πάντα
802 1916 871 1969 τὰ
903 1913 1112 1987 ἐχθρῶν
1155 1913 1505 1986 πράττοντες.
1552 1911 1686 1964 Τότε
1734 1911 1790 1964 δὲ
1833 1907 2050 1980 ἀληθῶς

2157 1931 2300 1970 more
2331 1931 2544 1971 mecum
2579 1924 2767 1986 agunt.
2795 1913 2951 1970 Tunc
2980 1929 3146 1986 porro
3182 1914 3286 1970 sibi
3316 1929 3444 1970 vere
3471 1914 3736 1969 mentitur

467 2012 634 2083 ἐαυτῇ
666 2009 916 2080 φεύδεται
959 2010 992 2080 ἡ
1021 2006 1224 2071 ἀδικία,
1254 2007 1382 2060 ὅταν
1432 2003 1507 2076 μὴ
1534 2002 1677 2058 κατὰ
1708 2002 2049 2074 πραγμάτων

470 2105 724 2176 φέρηται,
769 2100 901 2172 μηδὲ
927 2098 1196 2171 κατισχύῃ
1224 2096 1332 2149 τῶν
1364 2092 2014 2166 ψευδομαρτυρουμένων.

538 2192 810 2248 Πιστεύω
837 2190 943 2244 τοῦ
977 2189 1126 2243 ίδεῑν
1154 2189 1228 2242 τὰ
1259 2187 1449 2258 ἀγαθά
1472 2185 1693 2254 Κυρίου
1716 2185 1785 2238 ἐν
1804 2183 1882 2254 τῇ
1913 2181 2052 2244 ζών-

466 2295 606 2334 των.
645 2279 876 2351 Μήποτε
907 2277 963 2330 δὲ
1005 2277 1099 2330 καὶ
1143 2275 1236 2328 ἐπὶ
1275 2276 1373 2349 τὴν
1399 2275 1656 2346 ἀνωτέρω
1685 2275 1898 2345 αἴτησιν
1921 2275 2052 2327 ἀνα-

467 2373 697 2446 πέμπει·
727 2371 912 2441 ἀγαθά
932 2370 1138 2443 Κυρίου
1177 2370 1352 2438 λέγων
1383 2369 1442 2422 τὸ
1476 2369 1732 2440 ἀνωτέρω
1765 2369 2052 2440 εἰρημένον

468 2465 765 2538 πρόσωπον
812 2463 998 2528 αὐτοῦ,
1050 2462 1181 2535 περὶ
1225 2457 1286 2517 οὗ
1333 2462 1559 2532 ἔφασκε·
1611 2461 1682 2515 Τὸ
1729 2462 2054 2529 πρόσωπόν

467 2574 608 2623 σου,
643 2557 843 2625 Κύριε,
888 2554 1144 2624 ζητήσω.
1182 2552 1279 2622 Μὴ
1314 2552 1707 2622 ἁποστρέψῃς
1735 2552 1801 2606 τὸ
1824 2553 2055 2620 πρόσω-

467 2650 589 2702 πόν
616 2664 731 2701 σου
775 2646 876 2700 ἀπ’
911 2645 1078 2714 ἐμοῦ.
1119 2645 1210 2698 Διὸ
1244 2644 1388 2698 κατά
1424 2643 1516 2699 τὸν
1559 2643 1789 2697 Ἀκύλαν
1818 2643 2054 2715 εἴρηταιο

482 2740 852 2795 Ἐπίστευσα
877 2737 984 2792 τοῦ
1028 2736 1177 2791 ἰδεῖν
1213 2737 1283 2790 ἐν
1313 2733 1512 2806 ἀγαθῷ
1549 2737 1792 2806 Kvplov'
1824 2736 1962 2792 κατὰ
1998 2737 2055 2796 δὲ

468 2832 561 2886 τὸν
587 2831 901 2904 Σύμμαχον-
941 2829 1289 2884 Ἐπίστευον
1315 2828 1464 2883 ίδεῖν
1495 2828 1610 2898 τὴν
1662 2829 2052 2898 ἀγαθωσύνην

470 2925 717 2994 Κυρίου.
763 2922 900 2976 Ἀλλ’
929 2922 1117 2993 ὄψεταί
1132 2940 1197 2993 γε
1224 2921 1318 2975 τοῦ
1335 2921 1539 2993 Κυρίου
1563 2921 1624 2974 τὸ
1648 2921 1938 2994 πρόσωπον
1961 2923 2058 2975 καὶ

469 3017 542 3072 τὰ
572 3013 755 3085 ἀγαθὰ
796 3012 1154 3086 Κυρίου,οὑίκ
1197 3013 1256 3065 ἐν
1296 3011 1376 3083 τῷ
1417 3011 1681 3082 περιγείῳ
1723 3011 1894 3082 τόπῳ,
1942 3011 2056 3064 ἀλλ’

470 3108 594 3162 ούὃέ
625 3109 684 3161 ἐν
726 3105 805 3177 τῷ
843 3105 952 3158 τῶν
989 3104 1196 3176 θνητῶν
1230 3103 1436 3175 χωρίῳ,
1469 3103 1581 3155 ἀλλ’
1610 3103 1669 3155 ἐν
1709 3104 1778 3173 γῇ
1818 3101 2055 3168 ζώντων,

2149 2005 2433 2076 iniquitas,
2466 2005 2688 2077 quando
2719 2020 2810 2060 res
2844 2005 2948 2076 ipsi
2992 2021 3106 2062 non
3147 2006 3286 2062 bene
3309 2005 3528 2072 cedunt,
3555 2020 3734 2076 neque

2151 2096 2291 2154 falsa
2319 2099 2640 2154 testimonia
2667 2099 2989 2170 praevalent.

2222 2189 2390 2246 Vsus.
2424 2191 2516 2245 15.
2557 2189 2727 2246 Credo
2757 2190 2928 2246 videre
2965 2189 3103 2244 bona
3133 2187 3349 2244 Domini
3381 2189 3437 2244 in
3477 2198 3620 2244 terra
3657 2189 3736 2244 vi-

2150 2283 2400 2338 ventium.
2435 2281 2577 2336 Num
2622 2282 2689 2337 ad
2721 2282 3060 2353 superiorem
3091 2280 3514 2352 postulationem
3545 2281 3735 2336 remit-

2150 2377 2238 2440 tit,
2270 2390 2333 2430 ac
2379 2375 2523 2430 bona
2572 2373 2785 2430 Domini
2829 2375 3034 2430 vocitat
3061 2375 3274 2429 vultum
3316 2371 3534 2428 Domini
3566 2387 3733 2442 supra

2152 2473 2534 2530 memoratum,
2569 2465 2637 2521 de
2684 2479 2794 2536 quo
2845 2465 2965 2520 ait:
3011 2464 3228 2520 Vultum
3269 2473 3452 2529 tuum,
3486 2463 3732 2527 Domine.

2154 2557 2438 2628 requiram.
2468 2553 2551 2611 Ne
2576 2564 2784 2610 avertas
2815 2555 3006 2626 [aciem
3035 2565 3183 2610 tuam
3205 2573 3239 2610 a
3269 2554 3389 2610 me?
3425 2553 3611 2622 Quare
3646 2569 3736 2610 se-

2152 2648 2392 2704 cundum
2440 2647 2694 2718 Aquilam
2741 2647 2984 2702 dicitur:
3018 2644 3233 2702 Credidi
3287 2662 3368 2701 me
3417 2645 3738 2704 visurum-ia

2157 2736 2288 2790 bono
2316 2735 2567 2799 Domini;
2599 2735 2897 2792 secundum
2923 2751 3053 2791 vero
3085 2735 3472 2807 Symmachum
3502 2754 3515 2790 :
3545 2734 3740 2791 Crede-

2157 2829 2278 2884 bam
2307 2829 2478 2884 videre
2527 2829 2811 2884 bonitatem
2861 2828 3095 2884 Domini.
3132 2827 3238 2884 Sed
3279 2828 3486 2885 videbit
3517 2827 3734 2884 Domini

2162 2934 2372 2989 vultum
2415 2942 2469 2991 et
2502 2931 2642 2988 bona
2685 2931 2933 2997 Domini,
2961 2945 3070 2985 non
3115 2930 3172 2984 in
3208 2938 3422 2985 terreno
3448 2929 3601 2992 loco,
3633 2927 3730 2984 sed

2162 3040 2340 3096 neque
2380 3025 2436 3079 in
2475 3035 2816 3079 mortuorum
2849 3023 3088 3094 regione,
3121 3022 3214 3078 sed
3257 3021 3313 3076 in
3355 3031 3498 3078 terra
3541 3021 3728 3077 viven-

2159 3117 2298 3172 tium
2328 3155 2343 3181 ,
2394 3131 2558 3186 quam
2604 3117 2880 3186 pollicitus
2935 3124 3018 3172 est
3067 3114 3318 3170 Salvator
3363 3114 3448 3170 bis
3499 3111 3726 3176 verbis:

471 3201 538 3270 ῆν
577 3199 670 3253 καὶ
718 3199 748 3251 ὁ
789 3198 980 3270 Σωτὴρ
1021 3196 1383 3268 ἐπηγγείλατο
1425 3194 1616 3264 λέγων·
1673 3194 1960 3264 Μακάριοι
2001 3199 2056 3251 οί

2161 3207 2313 3263 Beati
2343 3209 2517 3276 mites,
2549 3209 2797 3278 quoniam
2829 3209 2928 3277 ipsi
2955 3207 3294 3277 possidebunt
3324 3214 3517 3261 terram
3537 3205 3607 3268 ⁸².

473 3291 701 3360 πραεῖς,
731 3289 822 3344 ὅτι
854 3288 1022 3343 αὐτοὶ
1055 3285 1589 3357 κληρονομήσουσι
1621 3285 1735 3354 τὴν
1757 3283 1891 3355 γῆν.

1020 3400 1107 3453 ΤΩ
1147 3399 1348 3452 ΔΑΥΙΔ
1380 3399 1508 3457 ΚΖ’.

545 3493 702 3562 Πρός
751 3492 846 3559 σὲ,
876 3493 1073 3561 Κύριε,
1104 3490 1484 3559 κεκράξομαι,
1530 3492 1579 3544 ό.
1611 3491 1756 3556 Θεός
1794 3506 1933 3558 μου,
1969 3484 2056 3557 μὴ

476 3583 956 3653 παρασιωπήσῃς
985 3584 1086 3635 ἀπ’
1116 3581 1283 3650 ἐμοῦ,
1315 3579 1550 3649 μήποτε
1581 3577 2059 3650 παρασιωπήσῃς

474 3675 568 3727 ἐπ’
603 3673 754 3742 ἐμοὶ,
800 3673 900 3725 καὶ
945 3669 1380 3740 ὀμοιωθήσομαι
1427 3667 1550 3734 τοῖς
1591 3667 2060 3722 καταϐαίνουσιν

477 3769 564 3832 είς
589 3764 838 3820 λάκκον.
871 3764 986 3818 Οὐκ
1019 3759 1435 3832 ἐπιλελησμένοι
1461 3757 1572 3811 τῶν
1599 3757 1908 3829 ἔμπροσθεν
1929 3759 2078 3846 ἡμῖν,

479 3855 818 3926 λελεγμένων
853 3853 991 3926 ,περὶ
1026 3851 1135 3906 τῶν
1171 3851 1301 3904 ἄνευ
1341 3848 1486 3912 τινὸς
1528 3849 1844 3922 προσθήκης
1873 3851 2060 3918 ἐπιγε-

477 3946 814 4020 γραμμένων
843 3942 924 4010 τῷ
969 3941 1171 4007 Δαυῒδ,
1219 3940 1390 4013 ἢτοῦ
1432 3939 1634 4004 Δαυῒδ,
1681 3939 2058 4010 προσθήσομεν

477 4040 705 4101 ἐκείνοις
751 4038 845 4092 ἐπὶ
885 4034 980 4089 τοῦ
1025 4034 1292 4106 παρόντος
1338 4032 1437 4104 τὴν
1483 4033 1563 4096 εἰς
1606 4033 1754 4103 ἡμᾶς
1799 4029 2058 4084 ἐλθοῦσαν

479 4129 797 4201 παράδοσιν.
844 4127 981 4182 Φασὶ
1027 4126 1206 4179 τοίνυν
1267 4123 1536 4195 Ἑϐραίων
1580 4123 1768 4186 παῖδες
1810 4122 1904 4175 ἐπὶ
1950 4121 2058 4174 τῶν

475 4221 732 4293 τοιαύτην
762 4220 996 4290 ἐχόντων
1023 4219 1261 4288 γραφὴν,
1302 4217 1414 4270 δεῖν
1452 4214 1770 4287 ἀνατρέχειν
1808 4215 1900 4266 ἐπὶ
1933 4213 2058 4276 τοὺς

478 4313 756 4384 ἀνωτέρω,
801 4312 897 4365 καὶ
937 4312 1159 4363 σκοπεῖν
1198 4311 1379 4371 ὁποῖος
1417 4303 1484 4378 ἦν
1526 4309 1554 4360 ό
1593 4310 1651 4360 ὲν
1691 4309 1834 4378 ἀρχῇ
1868 4323 2061 4378 προτε-

477 4405 749 4475 ταγμένος
789 4403 1003 4474 ψαλμὸς
1041 4401 1149 4453 τῶν
1194 4399 1330 4470 μετὰ
1375 4397 1569 4464 ταῦτα,
1613 4399 1730 4468 ἦτοι
1779 4397 2060 4461 παντελῶς

478 4497 888 4568 ἀνεπιγράφων,
919 4495 952 4567 ἦ
979 4493 1060 4559 τῷ
1078 4493 1259 4547 Δαυῒδ
1294 4493 1804 4565 ἐπιγεγραμμένων·
1838 4494 1932 4546 καὶ
1958 4511 2059 4565 μα-

2619 3397 2750 3453 lPSI
2783 3393 2992 3452 DAVID
3051 3393 3270 3451 XXVII.

2230 3491 2396 3551 Vens.
2431 3494 2484 3560 1,
2508 3491 2563 3547 2.
2604 3491 2688 3546 Ad
2723 3500 2791 3557 te,
2815 3489 3055 3554 Domine,
3099 3485 3366 3555 clamabo,
3402 3484 3545 3540 Deus
3569 3500 3734 3550 meus,

2161 3603 2226 3640 ne
2252 3585 2410 3640 sileas
2436 3602 2467 3638 a
2497 3601 2597 3648 me,
2623 3601 2685 3639 ne
2705 3582 2917 3655 quando
2946 3591 3121 3637 taceas
3152 3598 3185 3635 a
3210 3589 3374 3646 me,et
3402 3578 3740 3634 assimilabor

2159 3673 2588 3729 descendentibus
2612 3674 2668 3726 in
2693 3661 2896 3726 lacum.
2923 3670 3122 3725 Eorum
3153 3684 3274 3741 quae
3319 3668 3571 3737 superius
3600 3666 3742 3721 dixi-

2161 3784 2284 3824 mus
2330 3767 2396 3822 de
2445 3767 2671 3838 psalmis
2695 3765 2786 3835 qui
2829 3765 2947 3821 sine
2973 3763 3346 3818 additamento
3378 3760 3596 3826 Davidi,
3626 3759 3742 3815 sive

2160 3853 2382 3908 Davidis
2422 3853 2820 3919 inscribuntur,
2848 3868 2958 3907 non
2991 3853 3361 3916 immemores,
3391 3851 3498 3906 illis
3529 3851 3582 3904 in
3603 3865 3744 3920 prae-

2161 3946 2300 4000 senti
2329 3945 2701 4010 traditionem,
2740 3960 2861 4016 qua:
2897 3944 2964 4000 ad
3002 3959 3105 3999 nos
3138 3958 3314 4014 usque
3341 3942 3610 4014 pervenit,
3643 3941 3742 3996 ad-

2155 4037 2536 4109 jiciemus(l).
2568 4037 2660 4092 Sic
2709 4039 2863 4092 aiunt
2905 4039 3090 4108 itaque
3140 4035 3350 4093 Hebraei
3397 4035 3464 4091 de
3512 4034 3740 4108 psalmis

2161 4130 2252 4200 qui
2287 4131 2449 4184 talem
2472 4127 2766 4200 praeferunt
2795 4129 3206 4200 inscriptionem
3229 4170 3245 4195 ,
3273 4137 3527 4200 Oportere
3551 4127 3616 4182 ad
3644 4143 3740 4183 su-

2160 4223 2406 4292 periores
2439 4238 2747 4286 recurrere,
2786 4209 2950 4293 atque
3001 4223 3313 4285 observare,
3341 4222 3564 4293 quinam
3597 4231 3743 4277 esset

2161 4314 2405 4383 psalmus
2437 4313 2529 4384 qui
2562 4313 2779 4385 praeiret
2809 4314 2932 4369 aliis
2957 4314 3445 4386 subsequentibus,
3478 4313 3591 4368 sive
3614 4313 3740 4367 nul-

2160 4404 2268 4460 lam
2311 4421 2537 4476 prorsus
2583 4406 2996 4476 inscriptionem
3040 4406 3360 4472 ferentibus,
3401 4407 3516 4462 sive
3549 4402 3745 4458 Davidi

2161 4497 2440 4564 inscriptis
2457 4538 2471 4562 ,
2497 4507 2657 4568 atque
2679 4509 2898 4568 accepta
2925 4499 2992 4552 ab
3012 4499 3104 4553 illo
3128 4500 3337 4568 psalmo
3363 4496 3741 4567 inscriptione,

479 4587 664 4650 θόντες
692 4587 751 4650 ἐξ
780 4586 990 4638 ἐκείνου
1028 4584 1126 4654 τὴν
1165 4581 1508 4654 προγραφὴν,
1551 4581 1881 4654 ἐφαρμόζειν
1922 4584 2056 4653 αὐτῇ

2165 4592 2494 4646 sententiam
2527 4593 2978 4660 subsequentium
3009 4591 3345 4661 psalmorum
3382 4590 3485 4660 ipsi
3522 4604 3743 4646 accom-

481 4676 705 4729 καὶτῶν
729 4675 866 4746 μετά
887 4674 1057 4727 ταῦτα
1080 4673 1437 4744 συνημμένων
1461 4673 1560 4744 τὴν
1583 4672 1842 4729 διάνοιαν.
1877 4673 1934 4726 '0
1962 4673 2058 4744 μὲν

480 4763 574 4823 οὖν
603 4767 740 4838 μετὰ
769 4770 978 4838 χεῖρας,
1003 4766 1084 4829 κζ’
1105 4764 1200 4827 ὢν,
1231 4764 1433 4835 ταύτην
1457 4764 1569 4835 ἔχει
1593 4765 1689 4837 τὴν
1715 4765 2059 4837 προγραφὴν,

483 4860 576 4912 καὶ
609 4861 637 4911 ό
671 4866 761 4923 κς’
787 4860 883 4912 καὶ
915 4859 942 4910 ό
979 4864 1055 4912 κε’
1087 4856 1181 4911 καὶ
1215 4859 1242 4910 ό
1271 4856 1379 4910 κδ’·
1410 4857 1523 4910 ἀλλ’
1558 4859 1584 4910 ὁ
1614 4864 1698 4927 κγ’
1722 4859 1962 4927 ψαλμὸς
1993 4853 2063 4929 ἦν

483 4947 566 5014 τῷ
586 4949 784 5012 Δαυῖδ,
836 4949 1038 5019 ὁμοίως
1075 4949 1132 5001 δὲ
1173 4949 1266 5002 καὶ
1311 4950 1337 5000 ὁ
1380 4949 1483 5002 κδ’.
1534 4948 1744 5002 Ούκοῦν
1776 4948 2066 5002 ἀκόλουθόν

480 5041 619 5104 ἐστι,
651 5041 793 5094 κατὰ
812 5041 908 5112 τὴν
943 5041 1236 5112 Ἐὅραῖκῆν
1257 5041 1577 5114 παράδοσιν,
1605 5041 1840 5105 καὶτοὺς
1864 5041 2060 5112 ἐφεξῆς

480 5133 689 5198 πάντας
717 5133 968 5204 ψαλμοὺς
993 5131 1132 5188 εἶναι
1163 5135 1584 5206 ὑπολαμϐάνειν,
1619 5135 1718 5198 ὡς,
1756 5134 1899 5189 κατά
1939 5133 2060 5188 τοῦ-

480 5240 569 5276 τον
600 5224 692 5276 τὸν
719 5224 899 5291 λόγον,
943 5225 1037 5277 καὶ
1082 5225 1173 5278 τὸν
1219 5224 1355 5295 μετὰ
1394 5227 1581 5296 χεῖρας
1627 5225 1875 5295 ἡγεῖσθαι
1924 5221 2059 5278 εἶναι

478 5315 711 5386 ψαλμὸν,
746 5315 1070 5387 περιέχοντα
1107 5315 1310 5387 δέησιν.

550 5407 720 5460 Τοῦτο
756 5407 866 5479 γὰρ
909 5407 1237 5479 παρίστησιν
1280 5408 1444 5472 αὐτὸς
1484 5408 1688 5479 προῖὼν
1730 5410 1822 5463 καὶ
1863 5409 2057 5479 λέγων’

476 5499 865 5554 Εὶσάκουσον
896 5496 1004 5567 τῆς
1044 5497 1250 5568 φωνῆς
1293 5499 1405 5567 τῆς
1451 5498 1714 5567 δεήσεως
1741 5519 1858 5572 μου
1889 5502 1959 5557 ἐν
1984 5502 2065 5570 τῷ

551 5656 598 5686 "
640 5654 832 5711 Matth.
860 5671 914 5722 v,
950 5655 1004 5710 4.

2164 4683 2374 4737 modari
2407 4691 2680 4753 oportere.
2713 4681 2962 4738 Praesens
2990 4683 3173 4753 itaque
3203 4683 3445 4754 psalmus
3473 4681 3564 4752 qui
3594 4695 3744 4735 xxvtt

2164 4778 2270 4835 est,
2304 4771 2464 4827 istam
2511 4772 2673 4827 habet
2717 4773 3154 4842 inscriptionem,
3207 4772 3520 4841 pariterque
3573 4787 3700 4825 xxvi
3727 4813 3744 4837 ,

2166 4878 2272 4916 xxv
2299 4869 2355 4916 et
2385 4878 2515 4916 χχιιι
2547 4882 2560 4918 :
2595 4863 2690 4917 sed
2724 4879 2858 4917 χχιιι
2890 4863 3129 4933 psalmus
3159 4870 3278 4917 erat
3309 4859 3506 4915 Davidi
3551 4860 3747 4916 inscri-

2167 4959 2314 5025 ptus,
2349 4954 2712 5024 similiterque
2738 4972 2878 5020 nu,
2909 4955 3052 5010 unde
3088 4953 3390 5010 secundum
3419 4951 3746 5010 Hebraicam

2165 5043 2514 5099 traditionem
2567 5059 2909 5114 consequens
2955 5051 3070 5108 est,
3121 5043 3362 5114 reliquos
3411 5057 3599 5098 omnes
3647 5057 3746 5112 pro

2168 5137 2394 5208 psalmis
2446 5135 2512 5189 ad
2569 5136 2814 5190 eamdem
2845 5135 3111 5190 raticnem
3147 5131 3479 5204 reputandos
3509 5147 3651 5193 esse.
3683 5147 3748 5186 ac

2169 5235 2494 5298 praesentem
2525 5228 2778 5282 similiter
2807 5229 3074 5299 psalmum
3124 5225 3554 5297 supplicationes
3597 5239 3748 5280 com-

2169 5321 2519 5390 plectentem.

2242 5411 2382 5467 Illud
2422 5428 2521 5483 per
2566 5429 2626 5469 se
2674 5414 2916 5469 declarat
2949 5413 3030 5468 vel
3070 5411 3185 5480 ipse
3229 5410 3497 5481 psalmus,
3526 5399 3655 5464 dum
3692 5409 3748 5463 in

2172 5505 2527 5578 sequentibus
2557 5506 2638 5560 sic
2667 5505 2828 5560 habet
2856 5523 2870 5561 :
2898 5502 3112 5557 Exaudi
3147 5519 3322 5558 vocem
3365 5501 3749 5572 deprecationis

553 5814 630 5881 (l)
671 5813 726 5868 Ιιι
747 5815 1018 5890 opusculo
1039 5813 1303 5890 Origenis
1327 5831 1357 5871 a
1383 5815 1542 5873 nobis
1565 5816 1877 5887 propediem
1903 5815 2135 5887 edendo,
2171 5819 2314 5890 quod
2385 5817 2452 5875 ab
2481 5814 2814 5887 Hieronymo
2850 5814 3124 5880 laudatur.
3165 5815 3280 5870 hac
3321 5813 3438 5884 ipsa
3490 5809 3742 5869 lieme-

485 5901 602 5938 rum
641 5887 861 5940 traditio
891 5886 1134 5943 aﬂertur.
