4094 6378
431 351 537 407 247
1147 347 1413 405 EUSEBII
1451 347 1925 406 CESARIENSIS
1965 346 2116 403 OPP.
2157 344 2339 400 PARS
2378 343 2465 398 Ill.
2504 375 2575 385 ——
2614 342 3021 398 EXEGETICA.
3564 342 3671 397 948

431 483 556 523 mete
579 467 705 521 dum
726 483 818 521 ora
843 465 911 520 ad
944 473 1009 519 te.
1042 463 1217 531 Quam
1244 481 1377 520 vero
1403 472 1639 521 mentem
1665 463 2003 535 deprecatio-
2029 468 2048 524 Λ

2062 490 2075 525 ι
2103 461 2342 516 δέεσθαι
2365 478 2440 530 με
2464 459 2613 527 πρὸς
2633 458 2726 511 σέ.
2753 458 2883 510 Τίνα
2911 458 2968 510 δὲ
2995 457 3234 511 διάνοιαν
3264 458 3509 528 περιέχει
3537 463 3565 510 6
3584 460 3679 528 τῆς

427 562 515 616 nis
541 560 711 616 series
740 559 1013 630 praeferat,
1041 573 1138 628 age
1168 564 1424 613 accurate
1443 557 1860 628 perpendamus.
1881 557 2008 610 Cla-

2108 555 2348 624 δεήσεως
2375 553 2554 621 λόγος,
2577 551 2709 622 φέρε
2740 551 3179 620 κατανοήσωμεν.
3212 551 3350 620 Βοᾷν
3384 549 3517 619 φησὶ
3546 551 3681 621 πρὸς

426 666 576 707 mare
602 665 661 705 se
683 649 819 703 dicit
842 649 910 703 ad
936 648 1243 715 Dominum,
1278 656 1442 718 atque
1467 649 1620 702 illum
1649 656 1707 702 ut
1730 648 2007 718 pr0prium

2109 645 2331 717 Κύριον,
2361 641 2737 697 ἐπικαλεῖσθαί
2762 658 2819 694 τε
2857 641 3017 693 αὐτὸν
3076 641 3149 703 ὡς
3182 641 3309 694 ἴδιον
3337 638 3497 694 αὐτοῦ
3528 638 3676 693 Θεόν.

424 743 531 797 sibi
570 742 741 797 Deum
768 742 1047 797 invocare.
1082 739 1164 795 Tu
1193 740 1478 805 enim,ait,
1503 740 1761 811 dignatus
1786 756 1845 795 es
1875 755 2011 793 nun-

2109 739 2181 791 Σὺ
2214 737 2343 809 γὰρ,
2373 737 2557 807 φησὶν,
2587 736 2615 786 6
2645 731 2987 797 καταξιώσας
3017 733 3150 803 ἐμὸς
3174 731 3506 803 χρηματίσαι
3528 731 3678 794 Θεὸς,

423 833 613 902 cupari
662 831 806 887 Deus
852 846 1028 899 meus,
1056 839 1117 886 ut
1146 831 1565 902 promissionem
1599 831 1749 885 illam
1801 830 2008 886 sanctis

2109 828 2229 882 καθ’
2270 830 2338 900 ἢν
2375 828 2727 900 περιποιῆσαι
2773 824 2910 895 πρὸς
2953 823 3080 886 τοὺς
3122 823 3307 891 ἁγίους
3352 822 3682 890 ἐπαγγελίαν

424 925 554 980 viris
588 923 769 977 datam
800 937 1077 978 assereres
1106 943 1119 979 :
1160 921 1226 976 Et
1258 940 1347 977 ero
1372 922 1586 977 illorum
1617 922 1785 987 Deus,
1819 930 1869 975 et
1902 921 2008 989 ipsi

2108 920 2294 975 εἰπών·
2328 922 2435 975 Καὶ
2463 920 2675 988 ἔσομαι
2700 916 2897 971 αὐτῶν
2918 915 3083 980 Θεὸς,
3109 915 3210 968 καὶ
3233 916 3403 976 αὐτοὶ
3438 914 3684 967 ἔσονταί

425 998 578 1068 erunt
609 1009 737 1063 mihi
764 1007 986 1077 populus
1013 1007 1101 1058 δ”.
1128 1005 1324 1075 Excipe
1357 1004 1768 1074 deprecationem
1800 1015 1991 1067 meam,

2100 1031 2203 1083 μοι
2234 1013 2401 1078 λαός.
2430 1010 2767 1080 Παράδεξαί
2787 1027 2905 1079 μου
2934 1007 3050 1075 τὴν
3074 1007 3305 1075 δέησιν.
3337 1006 3448 1059 Καὶ
3467 1004 3552 1075 μὴ
3582 1022 3682 1058 πα·

429 1114 479 1161 et
514 1121 576 1158 ne
615 1103 772 1156 sileas
815 1119 847 1154 a
875 1117 975 1165 me,
1026 1099 1300 1171 nequando
1345 1109 1517 1152 taceas
1566 1114 1598 1151 a
1630 1113 1731 1161 me,
1777 1103 1827 1149 et
1856 1093 1997 1148 assi-

2100 1094 2501 1172 ρασιωπήσῃς
2550 1102 2652 1156 ἀπ’
2697 1100 2864 1170 ἐμοῦ,
2922 1098 3156 1168 μήποτε
3206 1097 3682 1166 παρασιωπήσῃς

432 1196 658 1251 milabor
698 1192 1125 1249 descendentibus
1168 1192 1220 1245 in
1270 1191 1463 1246 lacum.
1511 1189 1637 1245 Hac
1681 1189 1893 1244 dicebat
1941 1185 1996 1238 in

2106 1196 2206 1250 ἀπ’
2239 1195 2406 1264 ἐμοῦ,
2451 1193 2550 1250 καὶ
2588 1191 3026 1262 ὀμοιωθήσομαι
3058 1190 3184 1256 τοῖς
3219 1190 3684 1243 καταϐαίνουσιν

433 1287 732 1344 certamine
777 1285 1108 1340 constitutus
1154 1301 1168 1338 :
1210 1298 1280 1338 ne
1324 1282 1391 1337 iis
1439 1282 1532 1352 qui
1584 1289 1709 1351 post
1755 1278 2001 1334 mortalis

2105 1290 2193 1352 εὶς
2230 1285 2476 1340 λάκκον.
2507 1286 2691 1338 Ταῦτα
2718 1284 2763 1336 δ’
2797 1283 3037 1352 ἔφασκεν
3067 1285 3123 1335 ὲν
3146 1282 3353 1353 ἀγωνίᾳ
3385 1280 3680 1343 καθεστώςο

435 1378 665 1448 hujusce
696 1379 821 1431 vita:
859 1376 1065 1430 exitum
1111 1375 1167 1430 in
1211 1375 1405 1429 mortis
1439 1374 1615 1428 lacum
1646 1371 2000 1435 descendunt,

2110 1379 2183 1448 μή
2219 1395 2292 1448 πη
2324 1378 2431 1447 ἄρα
2467 1378 2580 1440 τοῖς
2612 1376 2747 1447 μετὰ
2784 1374 2881 1446 τὴν
2917 1374 3174 1428 ἀνάλυσιν
3197 1374 3292 1427 τοῦ
3330 1373 3525 1445 Θνητοῦ
3569 1372 3681 1442 βίου

436 1470 631 1524 similis
682 1469 853 1523 ﬁeret.
894 1465 1122 1523 Etiamsi
1175 1467 1321 1521 enim
1374 1467 1430 1521 in
1482 1464 1747 1535 superiori
1787 1462 2001 1541 psalmo

2105 1470 2520 1524 καταϐαίνουσιν
2543 1471 2623 1532 εἰς
2653 1469 2743 1521 τὸν
2771 1467 2863 1519 τοῦ
2896 1466 3125 1520 θανάτου
3154 1465 3354 1520 λάκκον
3376 1483 3682 1539 παρομοιω-

426 1553 626 1607 dixerit
659 1571 673 1607 :
703 1551 869 1607 Credo
892 1554 1061 1607 videre
1096 1552 1231 1606 bona
1277 1552 1491 1607 Domini
1536 1555 1591 1608 in
1639 1564 1781 1608 terra
1831 1556 2006 1609 viven-

2106 1561 2244 1631 Θείη.
2293 1562 2356 1613 Εἰ
2388 1561 2497 1633 γὰρ
2543 1560 2613 1613 τὰ
2663 1559 2895 1631 μάλιστα
2943 1561 3001 1611 ἐν
3047 1557 3123 1628 τῷ
3172 1558 3275 1630 πρὸ
3309 1558 3497 1611 τούτου
3531 1558 3682 1626 ἔλεγε

428 1646 559 1698 tium
575 1646 897 1710 l“‘;attamen
928 1654 989 1699 ιιι
1019 1645 1182 1700 homo
1206 1645 1384 1699 adhuc
1414 1662 1580 1701 carne
1604 1648 2002 1709 circumdatus,

2101 1652 2321 1725 ψαλμῷ·
2371 1653 2638 1706 Πιστεύω
2664 1653 2770 1705 τοῦ
2788 1650 2937 1705 ἰδεῖν
2961 1650 3030 1704 τὰ
3054 1650 3246 1720 ἀγαθά
3275 1651 3496 1719 Κυρίου
3516 1652 3585 1703 ἐν
3605 1649 3681 1720 γῇ

426 1737 498 1791 ob
521 1737 644 1791 vitae
675 1738 1007 1792 debilitatem
1039 1752 1103 1793 ac
1129 1738 1523 1793 volubilitatem
1556 1739 1888 1793 decertabat.
1918 1739 2006 1791 Si-
2039 1813 2043 1816 η

2068 1815 2071 1816 ν
2109 1743 2367 1805 ζώντων’
2413 1745 2526 1798 ἀλλ’
2555 1745 2704 1815 ὅμως
2745 1744 2821 1808 ὡς
2858 1744 3163 1816 ἄνθρωπος,
3209 1744 3288 1796 ἔτι
3325 1744 3502 1813 σάρκα
3532 1760 3685 1813 περι-

429 1828 646 1897 (Ιιιὶίίεηι
666 1838 719 1884 et
747 1830 861 1899 ipse
886 1829 1178 1899 Apostolus
1207 1830 1547 1896 decertabat,
1573 1846 1639 1885 ne
1663 1831 1785 1886 aliis
1810 1830 2007 1900 praedi-
2035 1812 2046 1870 1

2061 1814 2081 1868 δ
2106 1837 2377 1907 κείμενος,
2408 1812 2618 1906 ἠγωνία
2646 1835 2734 1888 διὰ
2761 1836 2821 1889 τὸ
2844 1812 3042 1908 σαθρὸν
3073 1836 3167 1888 καὶ
3200 1812 3556 1905 εὐμετάϐολον
3584 1812 3678 1886 τοῦ

428 1933 562 1975 cans
590 1918 705 1988 ipse
736 1921 999 1990 reprobus
1028 1922 1446 1979 inveniretur".
1478 1920 1682 1975 Lacum
1717 1928 1895 1975 autem
1919 1936 2008 1976 so-

2109 1928 2246 1998 βίου.
2288 1929 2440 1981 Ἐπεὶ
2467 1928 2563 1981 καὶ
2586 1929 2614 1980 6
2648 1928 2967 1990 Ἀπόστολος
2993 1927 3224 1997 ἠγωνία,
3255 1928 3473 1997 μήπως,
3505 1924 3685 1988 ἄλλοις

426 2011 541 2065 lent
570 2010 738 2065 divini
763 2011 888 2066 libri
921 2027 1235 2081 nuncupare
1259 2013 1563 2067 animarum
1585 2012 1925 2067 domicilium
1950 2013 2006 2067 in

2106 2016 2371 2088 κηρύξας,
2401 2016 2563 2079 αὐτὸς
2598 2016 2853 2086 ἀδόκιμος
2881 2015 3123 2087 γένηται.
3157 2016 3371 2069 Λάκκον
3399 2015 3455 2067 δὲ
3488 2012 3682 2065 εἰώθα-

426 2102 664 2168 inferno,
704 2112 761 2156 ut
809 2119 1007 2160 vocare
1056 2113 1479 2166 consueverunt.
1510 2104 1667 2170 Quod
1693 2106 1855 2159 etiam
1886 2105 2006 2175 ipse

2106 2125 2189 2161 σιν
2211 2111 2259 2160 οἱ
2283 2108 2415 2160 θεῖοι
2442 2107 2589 2175 λόγοι
2617 2108 2903 2178 ὀνομάζειν
2929 2107 2992 2160 τδ
3021 2106 3128 2160 τῶν
3154 2106 3342 2176 ψυχῶν
3369 2107 3681 2176 οἰκητήριον

426 2194 594 2248 David
627 2194 889 2259 declarat,
924 2196 1053 2249 dum
1091 2213 1199 2251 non
1236 2196 1395 2267 longe
1442 2196 1570 2249 hinc
1617 2196 1672 2249 in
1704 2212 1839 2250 nix
1866 2196 2007 2266 psal-

2103 2197 2164 2250 τὸ
2198 2199 2255 2250 ὲν
2293 2196 2371 2267 τῷ
2397 2196 2712 2267 καλουμένῳ
2745 2196 2871 2268 ᾅδῃ·
2909 2196 2938 2248 ὃ
2982 2195 3047 2266 δὴ
3089 2195 3418 2267 παρίστησιν
3459 2193 3619 2255 αὐτὸς
3657 2194 3685 2245 6

426 2300 517 2339 mo
550 2286 676 2339 talia
709 2285 851 2341 fatur
880 2307 893 2341 :
929 2287 1152 2342 Domine
1199 2287 1339 2342 Deus
1371 2303 1536 2353 meus,
1559 2288 1783 2342 clamavi
1813 2287 1881 2340 ad
1934 2295 2001 2350 te,

2102 2285 2265 2340 Δαυῖδ
2291 2287 2390 2339 οὐκ
2412 2288 2489 2349 εἰς
2513 2285 2727 2357 μακρὰν
2756 2287 2814 2338 ὲν
2840 2283 2917 2355 τῷ
2938 2284 3018 2337 κθ¹
3042 2284 3243 2355 ψαλμῷ
3277 2284 3472 2351 λέγων’
3506 2284 3683 2350 Κύριε

425 2389 476 2431 et
502 2378 709 2433 sanasti
739 2395 818 2433 me
840 2396 859 2433 :
900 2379 1145 2442 Domine,
1174 2379 1404 2433 eduxisti
1438 2395 1501 2434 ea:
1532 2379 1736 2448 inferno
1767 2378 2004 2435 animam

2107 2373 2138 2426 6
2168 2378 2311 2443 Θεός
2338 2395 2472 2442 μου,
2499 2376 2795 2448 ἐκέκραξα
2826 2376 2975 2444 πρὸς
3007 2376 3103 2441 σὲ,
3132 2376 3229 2430 καὶ
3265 2374 3413 2429 ἰάσω
3435 2392 3533 2444 με·
3562 2376 3681 2428 Κύ-

429 2484 640 2531 meam;
684 2471 904 2524 salvasti
934 2487 1014 2524 me
1044 2488 1077 2523 a
1106 2471 1532 2525 descendentibus
1570 2471 1625 2523 in
1665 2470 1860 2523 lacum.
1913 2468 2005 2523 Vi-

2094 2485 2207 2537 p/e,
2228 2467 2525 2537 ἀνήγαγες
2544 2467 2613 2531 ἐξ
2637 2467 2783 2534 ᾅδου
2812 2466 2927 2534 τὴν
2952 2466 3164 2535 ψυχήν
3187 2482 3325 2535 μου·
3353 2464 3589 2530 ἐαωσάς
3606 2482 3681 2533 με

425 2560 552 2615 den’
581 2562 853 2630 quomodo
878 2562 1065 2617 eodem
1092 2562 1145 2615 in
1176 2563 1295 2616 loco
1324 2561 1595 2637 infernum
1615 2570 1667 2616 et
1691 2562 1867 2614 lacum
1900 2575 2001 2614 una

2101 2558 2220 2611 ἀπὸ
2254 2557 2373 2611 τῶν
2401 2558 2880 2611 καταϐαινόντων
2903 2558 2990 2620 εἰς
3022 2554 3273 2610 λάκκον.
3328 2555 3492 2625 Ὁρᾷς
3534 2555 3684 2617 ὅπως

427 2653 743 2724 00pulavit?
790 2652 895 2708 Sed
923 2653 980 2706 in
1011 2655 1265 2722 praesenti
1301 2653 1519 2725 quidem
1553 2655 1764 2724 psalmo
1796 2654 2003 2708 clamo-

2099 2649 2189 2703 τὸν
2218 2649 2351 2721 ᾅδην
2380 2652 2475 2701 καὶ
2506 2648 2595 2702 τὸν
2624 2648 2825 2702 λάκκον
2851 2647 2908 2699 ὲν
2947 2645 3135 2716 ταύτῴ
3162 2646 3250 2698 διὰ
3287 2645 3489 2698 τούτων
3517 2646 3680 2715 συνῆ-

425 2762 539 2801 rem
571 2745 640 2801 ad
664 2744 832 2800 Deum
857 2745 1076 2806 emittit,
1108 2761 1306 2815 rogans
1331 2762 1439 2800 non
1462 2744 1755 2801 assimilari
1779 2745 2001 2801 descen-

2098 2743 2233 2814 ψενς
2264 2741 2402 2795 Ἀλλ’
2425 2743 2482 2794 ὲν
2508 2741 2606 2811 μὲν
2633 2738 2712 2810 τῷ
2739 2738 2877 2810 μετὰ
2896 2742 3085 2809 χεῖρας
3113 2737 3241 2807 βοάς
3274 2738 3408 2809 πρὸς
3432 2736 3525 2789 τὸν
3550 2733 3684 2788 Θεὸν

426 2838 680 2893 dentibus
718 2838 774 2891 in
804 2837 1015 2903 lacum;
1058 2846 1114 2891 at
1153 2838 1206 2891 in
1241 2854 1383 2893 nono
1414 2845 1471 2892 et
1500 2838 1763 2908 vigesimo
1794 2838 2001 2892 oratio-

2098 2836 2342 2905 ἀφίησιν,
2361 2832 2695 2905 παρακαλῶν
2714 2832 2788 2903 μὴ
2802 2831 3132 2902 ὁμοιωθῆναι
3146 2834 3255 2892 τοῖς
3270 2829 3595 2883 καταϐαίνου
3603 2844 3684 2881 σιν

428 2945 552 2985 nem
586 2930 687 2985 sibi
737 2929 875 2984 bene
905 2930 1141 2985 cessisse
1184 2931 1529 2992 testiﬁcatur,
1562 2931 1641 2984 sic
1674 2928 1860 2984 aiens:
1891 2928 2000 2983 Do-

2098 2928 2178 2990 ιίς
2205 2926 2422 2979 λάκκον·
2444 2928 2501 2978 ὲν
2525 2925 2580 2977 δὲ
2600 2923 2676 2994 τῷ
2698 2923 2902 2993 ὲννάτῳ
2928 2924 3023 2976 καὶ
3048 2923 3274 2993 εἰκοστῷ
3294 2921 3682 2994 κατωρθῶσθαι

432 3024 590 3085 mine,
623 3021 849 3075 clamavi
889 3022 957 3075 ad
991 3031 1059 3086 te,
1092 3032 1143 3076 et
1186 3023 1393 3076 sanasti
1432 3038 1548 3086 me;
1593 3021 1811 3076 salvasti
1849 3038 1928 3075 me
1964 3040 1999 3077 α

2098 3018 2248 3090 αὐτῷ
2269 3019 2336 3071 τὰ
2355 3019 2453 3088 τῆς
2480 3017 2646 3087 εὐχῆς
2666 3016 2905 3069 διδάσκει
2936 3014 3129 3084 λέγων’
3167 3016 3365 3085 Κύριε,
3393 3015 3685 3083 ἐκέκραξα

426 3113 854 3169 descendentibus
895 3114 950 3167 in
989 3114 1161 3167 lacum
1178 3115 1247 3167 ⁵⁸.
1281 3111 1595 3183 Opportune
1637 3122 1815 3167 autem
1843 3114 2000 3171 lacus
2029 3154 2043 3207 ‘

2068 3154 2069 3161 η
2103 3117 2253 3181 πρὸς
2279 3110 2374 3173 σὲ,
2413 3112 2512 3163 καὶ
2541 3109 2691 3164 ἰάσω
2717 3126 2815 3179 με·
2848 3109 3091 3177 ἓσωσάς
3112 3128 3189 3181 με
3213 3111 3328 3165 ἀπὸ
3360 3108 3479 3163 τῶν
3506 3124 3685 3162 κατα-

433 3206 636 3260 dicitur
673 3206 979 3261 animarum
1009 3207 1065 3260 in
1100 3205 1315 3261 inferno
1347 3207 1704 3261 domicilium.
1735 3205 2004 3272 Quemad-
2035 3201 2050 3209 ’

2067 3201 2070 3206 ’
2103 3205 2427 3260 ὅαινόντων
2461 3206 2548 3269 εἰς
2576 3202 2830 3259 λάκκον.
2867 3202 3171 3275 Προσφυῶς
3203 3204 3260 3257 δὲ
3305 3202 3504 3265 λάκκος
3552 3201 3684 3253 ὠνό-

430 3299 655 3353 modum
703 3300 845 3354 enim
879 3301 1028 3355 laeus
1060 3300 1461 3370 receptaculum
1498 3310 1581 3354 est
1610 3313 1875 3372 aquarum
1909 3298 2006 3356 de-

2107 3312 2309 3369 μασται
2347 3295 2407 3350 τὸ
2433 3297 2489 3350 ὲν
2518 3294 2597 3366 τῷ
2619 3297 2720 3368 ᾅδῃ
2742 3295 2851 3348 τῶν
2878 3294 3065 3365 ψυχῶν
3088 3295 3421 3365 οἰκητήριον.
3463 3294 3552 3355 Ὠς
3579 3293 3686 3364 γὰρ

429 3405 596 3459 super
625 3404 689 3444 ac
718 3405 749 3445 e
779 3391 998 3445 sublimi
1031 3392 1174 3445 istuc
1205 3390 1592 3458 decidentium,
1625 3396 1704 3449 sic
1735 3400 1790 3448 et
1812 3394 2005 3449 mortis

2102 3390 2132 3441 6
2166 3388 2366 3450 λάκκος
2399 3388 2603 3457 δοχεῖόν
2643 3389 2758 3439 ἐστι
2799 3387 2905 3440 τῶν
2947 3386 3152 3439 ἄνωθεν
3186 3386 3278 3439 καὶ
3317 3384 3377 3449 ἐξ
3411 3384 3575 3453 ὕψους
3605 3385 3684 3446 εἰς

426 3485 600 3554 regio,
636 3484 725 3538 cui
757 3500 953 3538 nomen
990 3484 1260 3547 infernus,
1299 3498 1392 3539 eas
1434 3500 1556 3557 quae
1593 3501 1622 3540 τι
1655 3487 1904 3556 supernis
1938 3503 2005 3541 ex

2104 3479 2264 3532 αὐτὸν
2298 3478 2757 3549 καταφερομένων
2789 3478 3015 3531 ὑδάτων⁸
3055 3476 3147 3529 τὸν
3174 3478 3336 3530 αὐτὸν
3367 3477 3565 3547 τρόπον
3593 3476 3685 3529 καὶ

428 3576 668 3631 humana
698 3577 809 3630 vita
845 3576 986 3631 istuc
1017 3576 1278 3631 decidunt
1311 3579 1523 3634 animas
1553 3579 1853 3649 excipiens,
1882 3578 2008 3647 jure

2104 3572 2133 3623 6
2161 3570 2255 3623 τοῦ
2286 3570 2517 3624 Θανάτου
2545 3570 2742 3641 χῶρος,
2771 3573 2800 3623 6
2830 3570 3165 3642 καλούμενος
3191 3569 3324 3639 ᾅδης
3352 3568 3447 3631 τὰς
3480 3567 3684 3621 ἄνωθεν

430 3668 579 3722 lacus
612 3668 941 3738 appellatur.
968 3666 1145 3739 Rogat
1166 3667 1351 3739 itaque
1376 3678 1434 3724 ut
1463 3685 1532 3724 ne
1554 3671 1611 3723 in
1646 3679 2004 3725 memoratum

2105 3663 2213 3717 ἀπὸ
2242 3662 2336 3715 τοῦ
2366 3662 2473 3715 τῶν
2501 3661 2804 3733 ἀνθρώπων
2845 3661 2961 3733 βίου
2996 3664 3075 3724 εἰς
3106 3660 3269 3714 αὐτὸν
3309 3658 3686 3730 καταφερομέ-

426 3759 606 3811 lacum
639 3774 743 3815 una
781 3773 904 3815 cum
946 3763 1068 3815 aliis
1102 3761 1442 3816 detrahatur.
1477 3759 1543 3813 Et
1572 3760 1677 3814 hoc
1706 3775 1839 3815 sane
1872 3760 2006 3815 mihi

2106 3772 2202 3817 νας
2226 3753 2403 3825 ψυχάς
2436 3753 2848 3823 ὑποδεχόμενος,
2895 3753 3190 3825 προσφυῶς
3232 3752 3434 3815 λάκκος
3467 3753 3683 3822 ὠνόμα-

427 3858 724 3923 continget,
749 3853 843 3918 ait,
870 3854 915 3908 si
950 3853 1185 3922 reliquis
1209 3852 1523 3907 hominibus
1554 3853 1749 3907 similis
1780 3851 2005 3906 evadam

2108 3862 2252 3899 σται.
2308 3844 2626 3917 Παρακαλεῖ
2669 3845 2849 3898 τοίνυν
2893 3846 2968 3916 μὴ
3020 3845 3446 3915 συνελκυσθῆναι
3480 3847 3559 3908 είς
3596 3845 3687 3900 τὸν

428 3947 521 4012 qui
563 3945 662 4000 abs
693 3953 746 3999 te
774 3960 882 3999 non
916 3945 1304 4006 exaudiuntur,
1335 3943 1479 4012 quod
1512 3950 1597 3997 est
1624 3943 1924 3998 aversionis
1955 3948 2010 3996 et

2106 3937 2471 4008 δεδηλωμένον
2496 3938 2718 3991 λάκκον.
2745 3938 2914 3993 Τοῦτο
2934 3938 3011 4001 δὲ,
3037 3938 3220 4007 φησὶν,
3244 3937 3418 4000 ἔσται,
3438 3939 3484 3990 εἰ
3504 3938 3686 4006 ὅμοιος

427 4036 537 4088 mlii
572 4037 649 4089 tui
679 4035 915 4105 signum.
939 4022 1085 4088 Loco
1115 4044 1300 4089 autem
1336 4034 1523 4103 hujus,
1562 4050 1623 4087 ne
1655 4035 1811 4087 sileas
1845 4050 1876 4086 a
1905 4048 2005 4096 me,

2108 4029 2367 4099 γενοίμην
2392 4031 2505 4093 τοῖς
2526 4030 2730 4092 λοιποῖς
2754 4028 3061 4100 ἀνθρώποις
3090 4032 3200 4092 τοῖς
3232 4030 3306 4099 μὴ
3338 4030 3687 4099 είσακουομέ-

430 4126 811 4193 Symmachus,
864 4142 925 4179 ne
966 4134 1140 4180 taceas
1172 4140 1239 4179 ea:
1274 4143 1374 4189 me,
1414 4127 1615 4191 habet;
1662 4141 1731 4179 ne
1772 4125 1911 4179 forte
1957 4135 2008 4179 te

2107 4138 2218 4185 νοις
2241 4122 2344 4174 ὑπὸ
2366 4122 2478 4174 σοῦ·
2503 4121 2531 4174 ὃ
2554 4122 2618 4191 δὴ
2643 4125 2866 4191 σημεῖον
2890 4122 3145 4190 τυγχάνει
3164 4122 3263 4191 τῆς
3297 4122 3394 4192 σῆς
3424 4123 3688 4191 ἀποστρο-

426 4216 620 4283 procul
662 4232 747 4271 me
791 4217 1132 4287 quiescente,
1178 4218 1375 4272 similis
1417 4219 1519 4272 sim
1551 4216 2008 4272 descendentibus

2110 4216 2237 4285 φῆς.
2281 4215 2424 4267 Ἀντὶ
2449 4215 2505 4267 δὲ
2542 4214 2657 4267 τοῦ·
2694 4214 2790 4282 Mh
2824 4214 3302 4282 παρασιωπήσῃς
3329 4215 3430 4268 ἀπ’
3458 4215 3624 4283 ἐμοῦ,
3658 4217 3686 4267 6

428 4308 483 4359 in
522 4306 725 4361 lacum.
2032 4366 2048 4373 ,
2111 4307 2426 4378 Σύμμαχος,
2444 4307 2529 4375 μὴ
2557 4306 2820 4378 σιγήσῃς
2844 4306 2912 4371 ἐξ
2936 4308 3100 4375 ἐμοῦ,
3128 4307 3277 4377 φησί’
3305 4309 3535 4377 μήποτε,
3561 4308 3687 4377 ήσυ-

2109 4400 2374 4469 χάσαντός
2404 4417 2496 4451 σου
2523 4399 2722 4453 ἄποθεν
2750 4416 2871 4469 μου,
2902 4398 3154 4470 ὁμοιωθῶ
3184 4401 3295 4463 τοῖς
3325 4399 3687 4453 καταϐαίνου-

2110 4506 2195 4542 σιν
2223 4492 2303 4553 εἰς
2327 4490 2547 4544 λάκκον.

497 4565 665 4624 Vens.
796 4570 1059 4637 Quoniam
1091 4590 1191 4638 non
1227 4574 1598 4628 intelfexcrunt
1634 4591 1791 4644 opera
1824 4576 2001 4630 Domi—
2031 4569 2075 4622 ἰ)

2070 4583 2075 4614 l
2176 4581 2297 4632 Ὅτι
2329 4582 2399 4633 οὺ
2433 4579 2711 4648 συνῆκαν
2736 4584 2824 4647 εἱς
2851 4583 2921 4635 τὰ
2947 4583 3091 4652 ἔργα
3119 4584 3358 4650 Κιιοίου,
3387 4582 3485 4636 καὶ
3511 4584 3597 4647 εἱς
3616 4581 3687 4634 τὰ

426 4660 504 4725 πε,
536 4671 585 4716 et
618 4664 671 4716 in
703 4680 860 4725 opera
906 4682 1159 4718 manuum
1201 4666 1335 4734 ejus,
1367 4664 1605 4720 destrues
1639 4668 1785 4732 illos,
1819 4676 1867 4721 et
1896 4685 1999 4721 non

2153 4687 2245 4739 >γα
2282 4669 2398 4723 τῶν
2430 4670 2646 4739 χειρῶν
2682 4673 2890 4736 αὑτοῦ,
2922 4674 3193 4740 καθειίεῖς
3223 4674 3463 4739 αὐτοὺς,
3488 4674 3585 4737 καὶ
3617 4675 3687 4727 οὐ
3764 4710 3770 4716 ~

427 4753 717 4825 adiﬁcabis
753 4774 859 4813 eos.
905 4755 1082 4827 Opera
1126 4759 1341 4814 Domini
1394 4759 1600 4815 dixeris
1656 4760 1999 4815 conditarum

2098 4760 2184 4829 μὴ
2222 4760 2637 4829 οἱκοδομήσεις
2672 4763 2911 4827 αὐτούς.
2965 4764 3141 4831 Ἔργα
3176 4763 3231 4814 δὲ
3276 4763 3484 4833 Κυρίου
3515 4761 3688 4823 εἴποις

428 4845 674 4901 omnium
712 4863 893 4902 rerum
936 4850 1323 4914 substantiam,
1358 4866 1521 4921 quam
1550 4868 1613 4905 ex
1643 4866 1751 4904 non
1782 4858 2005 4906 exstan-

2105 4853 2169 4906 ἂν
2209 4854 2308 4924 τὴν
2353 4853 2459 4906 τῶν
2490 4854 2731 4926 γενητῶν
2765 4856 2980 4909 πάντων
3014 4856 3330 4919 ὑπόστασιν,
3371 4855 3493 4908 καθ’
3523 4855 3591 4924 ἣν
3631 4854 3688 4919 ἐξ

431 4937 578 4993 libus
623 4938 689 4992 ad
731 4940 1107 4995 exsistentiam
1153 4942 1377 4997 deduxit
1410 4943 1789 4998 universorum
1821 4943 2001 5014 opifex

2106 4945 2207 4997 οὐκ
2231 4944 2400 4997 ὄντων
2432 4947 2511 5008 εἰς
2557 4947 2617 4998 τὸ
2657 4942 2794 4999 εἷναι
2839 4948 2906 4999 τὰ
2946 4948 3123 5000 πάντα
3154 4950 3472 5016 παρήγαγεν
3514 4947 3542 4997 6
3581 4945 3687 4997 τῶν

431 5028 573 5085 Deus
605 5049 616 5083 :
646 5046 810 5101 opera
846 5043 1025 5087 autem
1060 5050 1319 5089 manuum
1349 5035 1489 5104 ejus.
1523 5052 1704 5090 rerum
1735 5036 2004 5090 factarum

2111 5036 2326 5089 πάντων
2347 5037 2576 5108 ποιητὴς
2605 5038 2755 5102 Θεός·
2788 5038 2924 5109 ἔργα
2955 5039 3011 5091 δὲ
3036 5039 3235 5110 χειρῶν
3265 5038 3424 5091 αὑτοῦ
3456 5036 3554 5107 τὴν
3582 5036 3686 5089 τῶν

430 5122 977 5190 administrationem,
1010 5140 1114 5195 qua
1141 5127 1402 5197 prospicit
1430 5143 1495 5181 ac
1526 5128 1831 5196 dispensat,
1864 5127 1999 5183 Pro-

2109 5128 2415 5197 γενομένων
2460 5129 2744 5201 διοίκησιν,
2799 5132 2919 5183 καθ’
2968 5131 3035 5201 ἦν
3084 5134 3301 5202 προνοεῖ
3346 5131 3440 5183 καὶ
3492 5130 3665 5182 διέπει

429 5215 681 5270 videmiae
713 5233 825 5271 suae
856 5218 1151 5273 virtutibus
1181 5235 1281 5276 ceu
1314 5221 1566 5276 manibus
1593 5220 1776 5273 omnia
1806 5221 2006 5291 guber-

2109 5219 2350 5293 ὡσπερεὶ
2390 5221 2547 5292 χερσὶ
2581 5224 2702 5284 ταῖς
2753 5222 2945 5275 ἑαυτοῦ
2993 5226 3380 5295 προνοητικαῖς
3427 5223 3665 5293 δυνάμεσ

433 5326 588 5364 nans.

2108 5310 2475 5383 διακυϐερνῶν
2503 5312 2571 5365 τὰ
2596 5314 2792 5367 πάντα.

514 5400 669 5455 tiens.
701 5401 755 5465 6,
790 5403 843 5456 7.
887 5404 1201 5459 Benedictus
1244 5404 1406 5472 Deus,
1441 5406 1687 5475 quoniam
1727 5403 1999 5457 exaudivit

2180 5404 2523 5473 Εὐλογητὸς
2565 5407 2596 5459 ὁ
2635 5406 2797 5472 Θεὸς,
2844 5407 2933 5461 ὅτι
2974 5411 3302 5477 εὶσήκονσε
3345 5407 3453 5475 τῆς
3485 5406 3710 5477 φωνῆς·

434 5510 604 5546 vocem
636 5493 1015 5562 deprecationis
1043 5514 1189 5552 meas.
1232 5496 1490 5550 Dominus
1531 5497 1746 5566 adjutor
1775 5512 1918 5549 meus
1952 5502 2001 5548 et

2110 5495 2218 5565 τῆς
2243 5496 2507 5565 δεήσεως
2538 5516 2674 5566 μου.
2721 5501 2938 5567 Κύριος
2975 5502 3204 5567 ,ϐοηθός
3228 5520 3347 5570 μου
3382 5502 3480 5554 καὶ
3508 5504 3686 5566 ὑπερ-

434 5594 695 5655 jn'otector
720 5604 902 5642 meus:
930 5592 981 5643 in
1018 5590 1130 5659 ipso
1163 5592 1391 5660 speravit
1419 5608 1510 5645 cor
1542 5608 1733 5655 meum,
1775 5598 1823 5644 et
1853 5588 2007 5658 adju-

2108 5588 2418 5657 ασπιστής
2456 5607 2593 5659 μου·
2628 5591 2722 5644 ἐπ’
2750 5592 2910 5658 αὐτῷ
2939 5592 3205 5661 ἤλπισεν
3236 5595 3273 5661 ἡ
3312 5593 3521 5661 καρδία
3543 5608 3653 5662 μοι.

507 5768 571 5800 ⁵³·
601 5765 710 5824 Jer.
746 5786 841 5835 vn,
867 5769 954 5824 23.
1034 5768 1255 5825 HlPsal.
1298 5788 1444 5837 xxvi,
1480 5767 1564 5821 15.
1643 5769 1687 5800 ⁸³
1718 5766 1738 5821 l
1766 5770 1892 5823 Cor.
1924 5785 1997 5833 ix,
2036 5769 2123 5824 ‘27.
2208 5772 2251 5802 ⁵⁵
2281 5770 2420 5827 I‘sal.
2455 5790 2601 5841 xxrv,
2630 5776 2682 5829 ιί.
