4138 6380
408 382 515 438 249

1570 379 2076 437 COMMENTARIA
2115 380 2180 434 ΙΝ
2220 380 2558 438 PSALMOS.

3573 385 3678 444 250

407 495 508 548 καὶ
533 493 891 564 ἐϐοηθήθην.
927 493 1036 548 Kal
1066 493 1359 548 ἀνέθαλεν
1389 494 1428 562 ἡ
1457 493 1615 561 σάρξ
1637 512 1776 562 μου,
1809 491 1906 546 καὶ
1925 493 1985 545 ἐκ

2100 501 2182 547 tus
2220 509 2358 546 sum.
2400 491 2470 546 Et
2499 493 2740 560 reﬂoruit
2771 510 2896 548 caro
2929 513 3064 559 mea,
3098 505 3150 551 et
3173 513 3238 552 ea:
3267 497 3534 552 voluntate
3563 515 3676 554 mea

406 587 740 657 θελήματος
759 595 878 655 μου
903 583 1420 655 ἐξομολογηῖσομαι
1445 583 1624 650 αὐτῷ.
1662 585 1720 636 '0
1751 582 1985 654 ἀψευδὴς

407 679 562 742 Θεὸς,
609 677 970 748 πιστούμενος
1019 675 1214 730 ἑαυτοῦ
1263 677 1363 740 τὰς
1410 676 1766 748 ὑποσχέσεις,
1812 675 1880 728 δι’
1911 669 1986 752 ᾧν

409 768 743 840 ἐπήγγελται
777 767 970 837 λέγων·
1002 769 1124 822 Ἔτι
1160 768 1498 833 λαλοῦντός
1523 784 1638 820 σου
1664 765 1794 836 ἐρῶ·
1833 765 1987 821 Ἰδοὺ

408 861 666 928 πάρειμι·
697 859 772 923 ὡς
800 861 966 928 ἐγγὺς
996 859 1166 922 ἑστὼς
1193 859 1301 913 τῶν
1328 857 1587 930 καθαρῶς
1615 859 1774 911 αὑτὸν
1795 860 1987 912 ἐπικα-

407 952 708 1022 λουμένων,
748 951 844 1006 καὶ
883 951 960 1014 ὡς
997 953 1058 1004 οὐ
1097 952 1284 1023 πόρρω
1322 952 1602 1022 τυγχάνων
1625 951 1720 1004 τοῦ
1745 949 1815 1002 τὰ
1845 967 1988 1022 πρα-

406 1041 602 1112 χθέντα
653 1041 1066 1114 [προλεχθέντα]
1129 1041 1441 1112 δεηθέντος,
1503 1045 1738 1114 ἐπήκοον
1798 1043 1988 1096 ἑαυτὸν

406 1134 650 1205 παρέσχε
683 1137 802 1197 ταῖς
845 1135 1258 1206 προλεχθείσαις
1291 1135 1611 1206 ἱκετηρίαις.
1656 1130 1768 1188 Εἶθ’
1801 1133 1988 1204 ὥσπερ

407 1229 632 1298 σημεῖον
675 1227 862 1281 δίδωσι
909 1228 999 1282 διὰ
1047 1227 1140 1280 τοῦ
1188 1227 1526 1300 προφητικοῦ
1569 1225 1880 1296 πνεύματος
1919 1229 1984 1297 τῇ

403 1323 499 1376 τοῦ
519 1321 802 1392 δεηθέντος
820 1322 988 1394 ψυχῇ,
1026 1323 1156 1393 περ)⁹
1191 1321 1285 1374 τοῦ
1317 1317 1666 1390 είσηκοῦσθαι
1697 1319 1888 1389 αὐτήν.
1924 1319 1988 1370 Ἦ

403 1414 482 1478 δὲ,
538 1413 960 1484 συναισθομένη,
1013 1413 1336 1484 μεταϐάλλει
1393 1412 1490 1482 μὲν
1537 1409 1637 1474 τὰς
1683 1409 1988 1480 ἱκετηρίους

403 1509 590 1577 φωνάς
635 1509 716 1570 εἰς
757 1506 1126 1579 εὐχαριστίαν,
1175 1505 1471 1574 ἐγνωκέναι
1513 1503 1570 1556 δὲ
1610 1503 1861 1573 ὁμολογεῖ
1889 1502 1988 1573 τὴν

403 1597 706 1668 γενομένην
753 1597 890 1667 αὐτῇ
941 1595 1280 1666 εὐεργεσίαν·
1315 1595 1395 1648 διὸ
1429 1611 1610 1666 φησιν·
1641 1591 1988 1663 Εὐλογητὸς

403 1691 639 1757 Κύριος,
686 1687 776 1742 ὅτι
809 1687 1136 1756 είπήκουσε
1176 1685 1288 1754 τῆς
1325 1685 1529 1756 φωνῆς
1573 1685 1682 1756 τῆς
1723 1684 1987 1752 δεήσεως

401 1797 537 1850 μου·
593 1781 810 1850 Κύριος
856 1781 1088 1848 ,ϐοηθός
1105 1797 1224 1850 μου
1273 1781 1371 1833 καὶ
1417 1778 1810 1844 ὑπασπιστής
1842 1797 1983 1848 μου,

2091 583 2376 653 conﬁtebor
2419 585 2488 637 ei.
2541 583 2684 638 Deus
2727 585 2999 640 mendacii
3045 603 3264 658 expers,
3303 595 3364 642 ut
3405 589 3678 658 promissa

2091 688 2189 726 sua
2212 675 2496 728 conﬁrmet
2515 674 2601 728 his
2622 673 2807 730 verbis
2832 691 3117 745 expressa,
3152 679 3337 732 Adhuc
3361 689 3408 732 te
3439 679 3678 750 loquente

2090 762 2292 819 dicam:
2323 763 2456 817 Ecce
2486 763 2674 818 adsum
2703 765 2778 828 ⁸³,
2809 772 2995 835 utpote
3017 769 3110 836 qui
3143 785 3309 840 prope
3331 771 3402 824 sit
3425 772 3679 824 omnibus

2090 854 2184 922 qui
2209 869 2268 908 se
2293 869 2432 924 puro
2455 855 2620 909 corde
2645 857 2929 920 invocant,
2959 865 3013 912 et
3033 873 3144 912 non
3173 861 3368 928 procul
3393 861 3466 916 sit
3494 875 3560 915 eo
3581 862 3676 930 qui

2091 961 2257 1016 supra
2291 947 2438 1002 dicto
2471 953 2580 1002 ritu
2613 950 2921 1020 supplicat;
2945 953 3246 1028 praemissis
3278 955 3676 1024 deprecationi-

2090 1041 2194 1095 bus
2244 1055 2304 1095 se
2350 1042 2646 1110 propitium
2705 1043 2972 1096 exhibuit.
3005 1042 3212 1100 Deinde
3257 1062 3389 1100 vero
3422 1063 3518 1116 per
3543 1063 3674 1118 pro-

2089 1131 2364 1200 pheticum
2414 1133 2666 1202 spiritum
2721 1135 3054 1204 supplicanti
3099 1136 3295 1191 anima:
3327 1153 3426 1191 ceu
3461 1139 3674 1208 signum

2090 1223 2204 1288 dat,
2235 1239 2344 1294 quo
2375 1239 2435 1279 se
2465 1226 2778 1280 exauditam
2811 1227 2982 1282 fuisse
3017 1229 3248 1284 noverit.
3285 1227 3378 1282 illa
3409 1245 3538 1286 vero
3561 1231 3674 1286 hau:

2091 1315 2558 1384 animadvertens,
2591 1317 2866 1387 supplices
2893 1334 3057 1374 voces
3087 1319 3142 1372 in
3169 1320 3470 1389 gratiarum
3503 1323 3674 1375 actio-

2089 1423 2214 1462 nem
2245 1409 2536 1473 convertit,
2582 1423 2646 1463 ac
2695 1409 3020 1464 beneﬁcium
3075 1409 3181 1464 sibi
3214 1411 3474 1464 collatum
3509 1426 3672 1482 agno-

2091 1514 2246 1554 scere
2270 1514 2329 1554 se
2353 1499 2664 1554 conﬁtetur.
2697 1499 3064 1566 Quamobrem
3099 1501 3198 1564 ait,
3227 1500 3542 1556 Benedictus
3565 1502 3674 1558 Do-

2089 1589 2289 1658 minus,
2337 1591 2588 1661 quoniam
2620 1591 2888 1645 exaudiuit
2923 1607 3094 1644 uocem
3111 1591 3490 1660 deprecationis
3526 1611 3672 1648 metu.

2090 1682 2349 1736 Dominus
2400 1682 2616 1752 adjutor
2647 1699 2793 1736 meus
2847 1693 2894 1736 et
2939 1692 3206 1751 protector
3249 1699 3394 1737 meus
3428 1700 3446 1736 :
3477 1684 3532 1737 in
3565 1685 3676 1754 ipso

2091 1779 2317 1844 sperauit
2354 1793 2444 1830 cor
2473 1793 2666 1840 meum,
2699 1784 2748 1830 et
2776 1776 2993 1845 adjutus
3034 1793 3171 1830 sum.
3212 1773 3492 1831 Sentiebat
3530 1780 3674 1832 enim

401 1872 496 1926 ἐπ’
536 1871 698 1942 αὐτῷ
747 1871 1015 1940 ἤλπισεν
1067 1875 1106 1942 ἡ
1163 1871 1380 1940 καρδία
1421 1889 1564 1940 μου,
1603 1871 1702 1924 καὶ
1739 1869 1985 1938 ἐϐοηθή-

2088 1867 2368 1923 dexteram
2401 1867 2495 1923 Dei
2521 1875 2828 1938 porrectam
2858 1867 2982 1932 sibi,
3007 1869 3314 1938 patrocinio
3348 1885 3491 1933 esse,
3524 1877 3582 1922 ut
3611 1885 3676 1924 ne

401 1967 536 2031 θην.
571 1961 874 2034 Συνῄσθετο
901 1962 1008 2034 γὰρ
1041 1963 1140 2034 τῆς
1173 1961 1351 2027 δεξιᾶς
1377 1960 1472 2014 τοῦ
1496 1960 1629 2014 Θεοῦ
1661 1961 1982 2034 ὲκταθείσης

405 2053 598 2127 μέχρις
631 2053 802 2124 αὐτῆς
833 2054 927 2107 καὶ
965 2052 1508 2124 ἀντιλαμϐανομένης
1549 2052 1718 2124 αὐτῆς
1751 2053 1888 2124 πρὸς
1925 2054 1986 2107 τὺ

403 2145 480 2216 μὴ
521 2144 955 2216 καθελκυσθῆναι
1003 2145 1086 2208 είς
1133 2144 1226 2197 τὸν
1267 2143 1577 2214 δηλωθέντα
1615 2143 1838 2200 λάκκον.
1897 2145 1988 2210 Ἐξ

401 2236 852 2309 ὑπερϐαλλούσης
891 2237 950 2303 δὲ
993 2238 1169 2309 χαρᾶς
1213 2239 1241 2290 ὁ
1277 2237 1562 2308 προφήτης
1593 2238 1652 2290 οὐ
1683 2238 1780 2308 τὴν
1809 2237 1984 2309 ψυχὴν

402 2329 586 2401 μόνον,
619 2328 754 2384 ἀλλὰ
782 2331 879 2383 καὶ
901 2330 1000 2402 τὴν
1019 2329 1198 2400 σάρκα
1221 2328 1386 2383 αὐτοῦ
1415 2329 1551 2400 φησι¹
1573 2329 1866 2399 γεγηθέναι
1891 2329 1986 2382 καὶ

400 2421 737 2477 ἀνανεῶσθαι
767 2421 858 2476 διὰ
883 2423 984 2493 τὴν
1019 2422 1112 2474 καὶ
1151 2420 1300 2492 αὐτῷ
1327 2419 1538 2492 σώματι
1569 2420 1986 2492 ἐπηγγελμένην

399 2514 607 2586 ἀγαθὴν
643 2515 838 2570 ἐλπίδα
870 2515 1014 2568 κατὰ
1042 2513 1139 2585 τὴν
1165 2513 1276 2566 τῶν
1309 2513 1520 2585 νεκρῶν
1559 2513 1876 2566 ἀνάστασιν·
1907 2513 1986 2566 διὸ

399 2607 656 2676 ἐπιλέγει·
693 2607 804 2660 Kal
867 2605 1168 2662 ἁνέθαλεν
1193 2607 1232 2674 ’ἡ
1259 2605 1417 2673 σάρξ
1444 2623 1598 2675 μου·
1642 2600 1722 2668 οἷς
1759 2607 1986 2658 ἐπισυν-

400 2696 576 2750 άπτει·
595 2697 703 2750 Καὶ
719 2697 788 2750 ἐκ
802 2696 945 2764 θελή
946 2697 1134 2765 ματός
1139 2713 1258 2765 μου
1268 2693 1778 2764 ἐξομολογήσομαι
1804 2693 1984 2760 αὐτῷ·

401 2791 536 2860 ὅπερ
555 2791 740 2860 ὅμοιον
767 2785 904 2843 εἷναί
924 2806 1014 2860 μοι
1031 2789 1180 2842 δοκεῖ
1203 2787 1300 2858 τῷ·
1345 2787 1666 2853 Ἑκουσίως
1684 2788 1846 2842 θύσω
1863 2801 1982 2840 σοι.

409 2883 558 2935 Ἀντὶ
597 2880 656 2934 δὲ
697 2879 813 2945 τοῦ,
859 2880 956 2934 καὶ
995 2879 1292 2935 ἀνέθαλεν
1335 2881 1375 2949 ἠ
1423 2877 1582 2947 σάρξ
1634 2895 1775 2948 μου,
1815 2879 1844 2931 ὁ
1885 2879 1984 2947 μὲν

400 2972 718 3044 Σύμμαχος,
783 2973 1063 3040 ᾶνθησαι,
1113 2973 1297 3043 φησὶν,
1346 2973 1384 3041 ἡ
1428 2971 1642 3040 καρδία
1686 2985 1834 3038 μου·
1866 2972 1894 3022 ὁ
1925 2969 1984 3024 δὲ

407 3065 656 3128 Ἀκύλας,
692 3063 1086 3135 ἐγαυριὰσατο
1117 3067 1155 3133 η
1197 3063 1414 3132 καρδία
1465 3081 1586 3132 μου
1605 3080 1619 3094 ·
1649 3063 1677 3115 ὁ
1703 3061 1760 3114 δὲ
1792 3060 1984 3116 Θεοδο-

2055 2017 2068 2032 _
2089 1961 2144 2016 in
2175 1969 2536 2016 memoratum
2564 1962 2743 2014 laeum
2771 1959 3177 2014 detruderetur.
3205 1959 3280 2013 Ex
3307 1961 3488 2030 gaudii
3512 1977 3676 2030 porro

2089 2051 2430 2107 vehementia
2447 2051 2720 2122 Propheta
2743 2067 2852 2105 non
2876 2052 3113 2104 animam
3135 2059 3369 2118 tantum,
3397 2052 3489 2106 sed
3512 2053 3674 2106 etiam

2087 2157 2305 2197 carnem
2337 2157 2494 2197 suam
2525 2144 2768 2213 gavisam
2809 2151 2865 2198 et
2893 2149 3212 2196 renovatum
3254 2157 3377 2198 esse
3415 2144 3676 2199 testiﬁca-

2088 2245 2198 2300 tur,
2231 2235 2303 2290 ob
2338 2251 2494 2305 spem
2535 2235 2684 2288 illam
2726 2236 2926 2290 bonam
2959 2234 3044 2288 vel
3093 2235 3195 2304 ipsi
3246 2236 3465 2306 corpori
3501 2236 3558 2290 in
3589 2251 3673 2290 re-

2089 2329 2434 2382 surrectione
2487 2335 2831 2381 mortuorum
2887 2327 3136 2393 factam;
3169 2343 3340 2398 quare
3371 2328 3580 2391 subdit,
3623 2339 3674 2383 et

2087 2419 2326 2488 reﬂoruit
2361 2436 2487 2474 caro
2516 2437 2632 2474 mea
2663 2436 2680 2472 :
2715 2421 2913 2490 quibus
2948 2429 3002 2476 et
3027 2420 3298 2490 adjunxit,
3323 2429 3372 2475 et
3396 2437 3461 2475 ex
3489 2421 3674 2474 volun-

2089 2523 2194 2566 tate
2230 2529 2345 2566 mea
2381 2513 2669 2582 conﬁtebor
2701 2513 2770 2567 ei.
2809 2512 2967 2579 Quod
3015 2513 3148 2567 mihi
3200 2529 3460 2584 perquam
3497 2515 3675 2570 simile

2087 2604 2305 2658 videtur
2343 2603 2520 2659 huic:
2564 2604 2872 2658 Voluntaria
2919 2605 3236 2674 sacriﬁcabo
3292 2605 3386 2659 tibi
3405 2605 3474 2660 ⁸⁷.
3529 2605 3676 2660 Loco

2088 2705 2272 2751 autem
2305 2695 2438 2752 dicti
2479 2697 2651 2762 illius,
2702 2707 2750 2750 et
2787 2698 3028 2766 reﬂoruit
3075 2715 3200 2752 caro
3249 2715 3384 2766 mea,
3428 2698 3674 2769 Symma-

2086 2789 2245 2852 chus,
2275 2789 2552 2860 eﬂloresce,
2581 2790 2781 2860 inquit,
2815 2808 2905 2844 cor
2931 2808 3131 2856 meum;
3157 2793 3350 2862 Aquila
3385 2807 3534 2856 vero,
3561 2790 3675 2862 glo-

2086 2883 2284 2935 riatum
2305 2891 2382 2936 est
2433 2899 2524 2935 cor
2573 2899 2776 2946 meum;
2830 2881 3154 2948 Theodotio,
3197 2893 3246 2936 et
3291 2883 3530 2952 reﬂoruit
3580 2899 3671 2936 cor

2087 2991 2290 3036 meum;
2327 2973 2517 3044 quinta
2551 2973 2740 3038 editio,
2768 2975 3078 3028 roboratam
3103 2986 3178 3028 est
3202 2991 3292 3028 cor
3315 2991 3506 3028 meum.
3537 2973 3675 3027 Rur-

2085 3081 2318 3136 sumque
2347 3065 2496 3121 illius
2528 3067 2668 3130 loco,
2709 3082 2774 3120 ex
2807 3067 3074 3120 voluntate
3117 3084 3232 3121 mea
3271 3067 3555 3136 conﬁtebor
3583 3067 3630 3119 ei
3651 3107 3665 3128 ,

403 3157 550 3223 τίων,
587 3158 686 3212 καὶ
731 3157 1027 3212 ἀνέθαλεν
1067 3159 1106 3226 η
1153 3157 1368 3224 καρδία
1404 3173 1556 3226 μου·
1593 3157 1626 3226 ή
1662 3155 1720 3208 δὲ
1753 3154 1982 3226 πέμπτη

2088 3157 2472 3229 Symmachus,
2507 3160 2564 3212 in
2592 3160 2816 3212 canticis
2853 3161 2979 3212 meis
3013 3159 3284 3212 celebrabo
3317 3160 3510 3228 ipsum,
3552 3159 3670 3212 edi-

398 3219 624 3315 ἑκδοσις,
661 3250 996 3318 ἐκρατύνθη
1051 3219 1104 3318 ἡ.
1125 3219 1338 3318 καρδία
1359 3219 1500 3318 μου.
1532 3219 1644 3301 Καὶ
1675 3219 1842 3301 πάλιν
1863 3219 1984 3300 ἀντί

2087 3249 2201 3314 dit;
2231 3248 2428 3317 Aquila
2462 3263 2612 3311 vero,
2647 3257 2698 3302 et
2729 3267 2762 3302 a
2787 3252 2996 3303 cantico
3036 3267 3146 3303 meo
3177 3243 3467 3320 conﬁtebor
3495 3250 3562 3302 ei.

399 3343 512 3408 τοῦ,
559 3345 628 3398 ἐκ
669 3345 1006 3414 θελήματος
1043 3363 1162 3415 μου
1202 3341 1726 3414 ἐξομολογήσομαι
1794 3342 1975 3408 αὐτῷ,
2033 3345 2062 3395 ὁ
2099 3345 2198 3414 μὲν
2225 3345 2540 3416 Σύμμαχος·
2575 3345 2683 3399 Καὶ
2713 3346 2783 3398 ἐν
2817 3345 2996 3412 ᾠδαῖς
3031 3364 3152 3415 μου
3178 3346 3430 3416 ὑμνήσω
3463 3345 3670 3410 αὐτὸν,

398 3437 676 3502 ἐξέδωκεν·
707 3439 736 3490 ὁ
759 3437 816 3491 δὲ
858 3437 1118 3501 Ἀκύλας,
1145 3438 1245 3493 καί
1271 3436 1392 3492 ἀπὸ
1420 3436 1686 3504 ᾅσματος
1707 3453 1826 3506 μου
1850 3435 2367 3508 ἐξομολογήσομαι
2397 3436 2576 3502 αὐτῷ.

463 3531 680 3597 Κύριος
715 3529 1058 3599 κραταίωμα
1087 3529 1194 3584 τοῦ
1233 3527 1388 3584 λαοῦ
1421 3529 1629 3594 αὑτοῦ,
1662 3529 1760 3582 καί
1798 3531 1982 3596 ὑπερ-

398 3623 702 3692 ασπιστὴς
723 3622 842 3677 τῶν
867 3625 1176 3692 σωτηρίων
1199 3625 1306 3678 τοῦ
1335 3625 1594 3692 Χριστοῦ
1622 3623 1808 3678 αὑτοῦ
1827 3625 1978 3678 ἐστι.

399 3716 592 3786 Σαφῶς
617 3712 712 3770 οὖν
735 3716 1030 3798 ὲνκτούτοις
1049 3715 1144 3770 τοῦ
1174 3717 1412 3788 Χριστοῦ
1447 3717 1542 3772 καὶ
1565 3717 1673 3770 τῶν
1705 3717 1795 3771 ὑπ’
1817 3717 1981 3770 αὑτοῦ

397 3809 722 3880 σωζομένων
756 3809 1164 3880 ἐμνημόνευσεν
1193 3811 1227 3880 ἡ
1259 3809 1585 3881 προφητεία,
1623 3809 1896 3881 εὐκαίρως
1924 3807 1984 3874 ἐξ

398 3901 516 3965 ὲνὺς
539 3901 634 3954 τοῦ
665 3901 828 3954 Δαυῒδ
856 3901 984 3964 τοὺς
1013 3901 1224 3965 πάντας
1263 3901 1738 3974 χαρακτηρίσασα.
1771 3903 1982 3972 ’Ὠσπερ

397 3993 529 4066 γάρ,
568 3995 753 4064 φησὶν,
793 3995 998 4048 ἐκεῖνον
1029 3993 1290 4064 δεηθέντα
1315 3993 1540 4058 ἔσωσεν,
1568 3993 1760 4058 οὕτως,
1795 3994 1980 4064 φησὶν,

399 4087 496 4140 καὶ
525 4086 723 4150 παντὸς
748 4087 844 4139 τοῦ
879 4087 1012 4140 ἰδίου
1041 4085 1174 4140 λαοῦ
1205 4086 1534 4158 κραταίωμα
1557 4086 1728 4138 ἔσται.

469 4177 682 4230 Σῶσον
707 4177 815 4231 τὸν
844 4180 998 4232 λαόν
1025 4193 1162 4242 σου,
1194 4177 1294 4231 καὶ
1321 4178 1664 4246 εὐλόγησαν
1695 4175 1811 4244 τὴν
1837 4180 1984 4245 κλη-

397 4269 686 4338 ρονομίαν
704 4283 841 4330 σου,
865 4269 960 4322 καὶ
979 4269 1276 4335 ποίμανον
1289 4267 1510 4332 αὐτοὺς
1525 4267 1622 4320 καί
1639 4267 1864 4335 ἔπταρον
1881 4269 1990 4320 αὺ-

396 4358 542 4425 τοὺς
563 4358 672 4424 ἓως
688 4359 796 4411 τοῦ
819 4357 1056 4424 αἰῶνος.
1075 4357 1212 4410 Ποία
1226 4358 1284 4412 δὲ
1299 4357 1392 4411 τοῦ
1410 4357 1648 4428 Χριστοῦ
1669 4359 1702 4428 ἡ
1727 4358 1826 4428 κλη
1837 4375 1986 4429 povo-

403 4451 502 4522 μία
545 4450 814 4504 δείκνυται
855 4451 914 4503 ὲν
945 4449 1024 4520 τῷ
1053 4449 1290 4520 δευτέρῳ
1305 4448 1504 4522 ψαλμῷ
1525 4468 1536 4480 ·
1574 4451 1830 4518 Αἵτησαι
1853 4451 1982 4521 γὰρ,

400 4543 585 4613 φησὶν,
600 4543 696 4596 καὶ
718 4541 888 4596 δώσω
906 4555 1005 4595 σοι
1017 4541 1162 4610 ἔθνη
1177 4542 1292 4610 τὴν
1312 4543 1722 4612 κληρονομίαν
1744 4543 1986 4608 σου,καὶ

399 4636 518 4702 τὴν
536 4634 910 4705 κατάσχεσιν
941 4649 1058 4689 σου
1091 4636 1164 4688 τὰ
1195 4635 1423 4703 ,πέρατα
1444 4635 1554 4704 τῆς
1566 4635 1699 4704 γῆς.
1722 4636 1836 4688 Οὐκ
1849 4634 1914 4688 ἂν
1931 4634 1985 4687 δὲ

399 4727 668 4798 ἁμάρτοις
696 4729 792 4780 καὶ
823 4727 950 4791 τοὺς
981 4729 1040 4780 ἐν
1071 4727 1150 4797 τῷ
1180 4728 1432 4799 προτέρῳ
1461 4727 1576 4799 λαῷ
1606 4727 1871 4797 θεοφιλεῖς
1891 4728 1985 4780 καὶ

2159 3530 2326 3586 Vens.
2357 3530 2412 3584 8.
2445 3531 2703 3585 Dominus
2735 3530 2996 3600 fortitudo
3026 3531 3192 3600 plebis
3229 3548 3362 3595 suta,
3404 3545 3452 3585 et
3493 3544 3671 3602 proter

2088 3632 2201 3677 ctor
2230 3624 2588 3678 salvationum
2627 3623 2827 3678 Christi
2857 3625 2940 3676 sui
2971 3635 3068 3676 est.
3101 3622 3198 3676 llic
3225 3635 3410 3693 aperte
3439 3625 3672 3694 prophe-

2088 3717 2159 3770 tia
2193 3715 2473 3772 Christum
2504 3724 2556 3770 et
2595 3731 2690 3770 eos
2717 3715 2812 3784 qui
2844 3715 2992 3769 illius
3025 3731 3127 3784 ope
3158 3715 3392 3770 salutem
3423 3717 3672 3772 obtinent

2087 3811 2430 3872 memoravit,
2463 3817 2880 3879 opportuneque
2921 3823 3015 3877 per
3059 3824 3228 3862 unum
3261 3807 3518 3862 Davidem
3549 3811 3673 3864 uni-

2085 3919 2276 3958 versos
2325 3903 2601 3972 exprimit.
2653 3901 2808 3956 Sicut
2845 3901 3012 3960 enim,
3057 3902 3255 3969 inquit,
3287 3901 3669 3970 deprecantem

2086 3998 2264 4066 ipsum
2312 3997 2568 4056 servavit,
2605 3995 2682 4047 ita
2721 3997 2888 4048 totius
2921 3993 3026 4048 sibi
3062 3994 3264 4063 proprii
3295 3993 3480 4063 populi
3518 3993 3672 4048 forti-

2055 4165 2062 4170 .
2088 4089 2220 4142 tudo
2249 4087 2376 4143 erit.

2157 4180 2324 4236 Vens.
2357 4179 2408 4233 9.
2460 4177 2677 4233 Salvum
2721 4177 2809 4245 [ac
2855 4177 3107 4246 populum
3144 4187 3314 4240 tuum,
3369 4187 3418 4231 et
3454 4177 3668 4232 benedic

2088 4269 2386 4322 hmreditati
2417 4279 2542 4326 tuae.
2574 4279 2622 4320 et
2649 4285 2803 4338 pasce
2830 4285 2918 4322 eos
2953 4278 3001 4322 et
3027 4268 3220 4322 extolle
3253 4269 3374 4322 illos
3406 4285 3570 4339 usque
3615 4271 3670 4323 iu

2088 4377 2361 4418 aeternum.
2389 4361 2648 4428 Quaenam
2683 4363 2754 4416 sit
2783 4359 2986 4416 Christi
3021 4361 3310 4416 hatreditas
3342 4362 3396 4414 in
3425 4362 3671 4416 secundo

2089 4457 2298 4527 psalmo
2340 4455 2680 4519 declaratur;
2715 4469 2865 4516 nam,
2913 4452 3138 4506 Postulo
3181 4471 3214 4508 a
3251 4469 3348 4512 me.
3396 4453 3592 4524 inquit,
3619 4463 3668 4508 et

2087 4549 2224 4602 dabo
2256 4549 2349 4602 tibi
2397 4555 2570 4618 gentes
2605 4545 2966 4599 [nereditatem
3003 4555 3170 4608 tuam,
3209 4555 3256 4599 et
3291 4547 3670 4613 possessionem

2089 4653 2236 4695 tuam
2287 4641 2536 4695 terminos
2586 4648 2742 4692 terra:
2764 4639 2828 4690 ⁵⁸.
2869 4637 3055 4707 Neque
3084 4654 3111 4691 a
3141 4653 3270 4692 vero
3301 4639 3665 4700 aberraveris,

2089 4733 2136 4788 si
2170 4733 2456 4802 religiosos
2488 4731 2614 4786 illos
2641 4732 2695 4784 in
2730 4730 2896 4800 priori
2931 4730 3130 4798 populo
3155 4731 3324 4792 Viros,
3351 4728 3666 4798 pmphetas,

403 4820 684 4890 προφήτας
719 4805 815 4871 καὶ
847 4819 1090 4883 δικαίους
1127 4819 1328 4890 ἄνδρας
1363 4821 1465 4890 τῆς
1497 4821 1593 4874 τοῦ
1627 4821 1862 4892 Χριστοῦ
1890 4839 1984 4889 γε-

2088 4834 2142 4878 et
2171 4825 2374 4894 justos,
2409 4822 2474 4876 ad
2509 4822 2714 4876 Christi
2753 4820 3123 4874 hmreditatem
3155 4819 3486 4888 pertinuisse
3516 4817 3669 4882 dixe-

401 4909 618 4977 γονέναι
656 4909 1020 4982 κληρονομίας
1057 4911 1246 4975 είπὼν,
1282 4914 1377 4964 καὶ
1412 4911 1518 4966 τῶν
1549 4915 1858 4982 σωτηρίων
1887 4916 1986 4968 αύ-

399 4997 498 5051 τοῦ
549 4999 966 5070 μετεσχηκέναι.
996 5001 1130 5054 Οὐδὲ
1153 5002 1262 5074 γάρ
1289 5003 1357 5057 τά
1393 5003 1570 5074 πλήθη
1597 5006 1836 5068 καὶτοὺς
1858 5007 1988 5058 ἁνα-

401 5091 532 5158 ξίως
564 5093 978 5165 παραϐαλόντας
1005 5097 1070 5166 τῇ
1113 5095 1408 5168 Ἐκκλησία
1435 5096 1530 5150 τοῦ
1555 5097 1692 5152 Θεοῦ
1721 5101 1986 5170 προσήκει

399 5185 530 5239 λαὸν
563 5187 883 5256 ἀποφαίνειν
917 5187 1106 5252 αὑτοῦ,
1140 5187 1254 5240 ἀλλ’
1292 5189 1325 5260 ἢ
1359 5188 1536 5258 μόνως
1569 5190 1694 5254 τοὺς
1727 5191 1988 5262 ἀρεσκόν-

396 5294 512 5342 τως
539 5278 688 5349 αὐτῷ
719 5267 989 5349 βιοῦντας,
1034 5281 1162 5350 περὶ
1194 5273 1270 5334 ὧν
1307 5279 1450 5334 εἴποι
1493 5280 1586 5334 ἄν·
1615 5281 1728 5335 Καὶ
1767 5283 1982 5353 ἔσομαι

398 5367 603 5424 αὐτῶν
636 5368 798 5436 Θεὸς,
843 5369 941 5422 καὶ
973 5369 1142 5423 αὐτοὶ
1176 5370 1422 5424 ἔσονταί
1444 5388 1546 5439 μοι
1575 5374 1744 5436 λαός.
1770 5399 1836 5409 ——
1873 5373 1983 5426 Kal

399 5459 701 5529 ποίμανον
743 5461 986 5528 αὐτοὺς,
1045 5461 1142 5514 καὶ
1185 5461 1416 5532 ἐπαρον
1456 5463 1566 5530 ἕως
1602 5463 1708 5518 τοῦ
1746 5463 1982 5531 αἰῶνος.

401 5552 688 5621 Ποιμαίνει
706 5553 765 5605 δὲ
785 5554 980 5617 αὐτοὺς
1006 5551 1261 5616 ἐνταῦθα,
1286 5555 1384 5625 τὴν
1411 5553 1586 5624 ψυχὴν
1625 5554 1790 5606 αὐτοῦ
1813 5554 1982 5618 τιθεὶς

400 5641 548 5714 ὑπὲρ
577 5642 776 5710 αὐτῶν,
806 5645 880 5708 ὥς
910 5662 1072 5716 φησιν
1107 5647 1566 5715 ὲνἘὺαγγελίοις·
1613 5647 1666 5698 '0
1699 5647 1920 5717 ποιμὴν
1949 5651 1982 5700 ό

2087 4917 2184 4980 ris,
2213 4925 2375 4986 atque
2407 4915 2762 4969 salvationum
2791 4913 2912 4981 ejus
2939 4911 3233 4981 participes
3259 4909 3450 4966 fuisse.
3481 4909 3670 4980 Neque

2087 5008 2493 5062 multitudinem
2540 5006 2745 5076 populi,
2797 5021 2860 5059 ac
2891 5019 2987 5059 eos
3024 5005 3114 5072 qui
3149 5003 3374 5072 indigne
3408 5001 3670 5058 Ecclesia:

2085 5100 2180 5155 Dei
2234 5106 2610 5163 accesserunt,
2669 5097 2930 5168 populum
2987 5097 3109 5166 ejus
3163 5095 3522 5166 pronuntiare
3572 5111 3672 5164 par

2085 5193 2218 5256 fuit;
2250 5192 2342 5248 sed
2376 5193 2554 5248 solum
2589 5207 2684 5245 eos
2727 5190 2818 5259 qui
2871 5190 2976 5260 ipsi
3011 5187 3296 5259 probatam
3329 5195 3383 5240 et
3414 5186 3670 5255 placitam

2085 5285 2254 5338 vitam
2294 5282 2592 5344 duxerunt,
2618 5283 2687 5338 de
2713 5282 2918 5352 quibus
2953 5281 3071 5350 ipse
3101 5277 3302 5333 dixerit
3335 5296 3348 5332 :
3386 5277 3498 5330 Ero
3545 5276 3668 5329 illo-

2089 5397 2206 5432 rum
2223 5377 2386 5442 Deus,
2407 5385 2453 5430 et
2479 5377 2580 5444 ipsi
2601 5385 2756 5430 erunt
2768 5375 2894 5429 mihi
2908 5373 3133 5443 populus
3153 5373 3296 5426 ⁸⁹.--
3313 5369 3382 5423 Et
3403 5386 3560 5438 pasce
3580 5386 3664 5422 eos

2092 5481 2140 5526 et
2163 5469 2356 5524 extolle
2387 5469 2508 5522 illos
2542 5483 2705 5538 usque
2743 5469 2798 5520 in
2827 5475 3098 5522 wternum.
3134 5463 3234 5517 Hic
3267 5470 3448 5516 autem
3493 5462 3674 5531 pascit

2089 5563 2234 5626 illos,
2257 5560 2348 5630 qui
2377 5559 2616 5612 animam
2653 5573 2806 5612 suam
2843 5571 2942 5626 pro
2969 5557 3036 5610 iis
3063 5553 3266 5624 posuit,
3311 5561 3369 5606 ut
3398 5553 3454 5606 in
3488 5553 3670 5606 Evan-

2089 5647 2244 5716 geliis
2285 5646 2402 5700 ait:
2435 5645 2613 5698 Bonus
2663 5654 2848 5714 pastor
2898 5645 3131 5698 animum
3171 5659 3323 5698 suam
3377 5643 3523 5712 ponit
3572 5657 3668 5712 pro

511 5795 560 5830 ⁸⁸
587 5796 690 5854 lsa.
724 5813 880 5864 Lvm,
905 5799 956 5855 9.
1021 5802 1061 5834 ⁵⁷
1089 5799 1238 5858 Psal.
1265 5817 1382 5868 LIII,
1411 5801 1462 5856 8.
1541 5802 1586 5834 ⁵⁸
1610 5801 1754 5859 Psal.
1795 5819 1850 5870 ιι,
1883 5805 1935 5856 8.

2087 5800 2282 5856 Jerem.
2317 5818 2415 5870 vn,
2443 5801 2534 5856 ‘25.
