4094 6378
482 391 580 449 151

1186 387 1457 446 EUSEBII
1494 385 1975 446 CAESARIENSIS
2009 385 2163 442 OPP.
2197 382 2379 440 PARS
2417 382 2505 438 ill.
2544 412 2616 424 ——
2640 379 3047 437 EXEGETICA.

3612 379 3718 433 251

477 512 657 567 ovibus
681 513 753 581 ⁸⁰;
789 530 853 569 ac
882 530 1099 570 rursum
1137 534 1150 569 '.
1188 515 1319 570 Oves
1372 532 1501 569 mere
1546 531 1717 569 vocem
1752 530 1921 568 meam
1948 530 2047 567 au-

2153 510 2335 577 καλὸς
2369 509 2484 577 τὴν
2511 508 2724 578 ψυχὴν
2751 508 2936 563 αὑτοῦ
2975 507 3213 574 τίθησιν
3244 503 3397 573 ὑπὲρ
3428 503 3547 558 τῶν
3574 515 3718 570 προ-

473 598 631 658 dinnt
658 605 739 672 “;
788 606 1098 677 iterumque
1136 626 1148 660 :
1192 605 1300 661 Ero
1339 609 1605 662 vobiscum
1635 623 1797 677 usque
1826 607 1895 659 ad
1924 623 2050 660 con-

476 700 883 753 summationem
948 701 1131 755 swculi
1161 701 1228 755 ⁸³.
1287 700 1348 755 In
1410 707 1655 770 tempore
1715 708 1895 755 autem
1953 714 2050 769 op-

482 798 714 859 portuno
768 790 917 861 ipsas
966 792 1023 846 in
1076 790 1312 847 sublime
1355 790 1563 858 elatas,
1608 790 1820 845 caelesti
1882 804 2049 861 regno

482 881 731 941 donabit.

826 1012 1148 1070 PSALMUS
1177 1015 1386 1070 DAVID
1423 1014 1665 1071 XXVIII.

961 1127 1022 1181 In
1049 1129 1194 1182 exitu
1226 1128 1575 1183 tabernaculi.

544 1238 714 1296 Vens.
749 1240 803 1305 1,
833 1239 888 1295 2.
914 1240 1116 1310 Aﬁ'erte
1138 1241 1388 1306 Domino,
1438 1228 1540 1303 lilii
1574 1240 1693 1303 Dei,
1718 1240 1905 1309 afferte
1940 1238 2049 1292 Do-

480 1333 620 1384 mino
648 1331 791 1400 ﬁlios
814 1332 1062 1385 arietum.
1111 1332 1308 1401 Aﬂ‘erte
1339 1331 1569 1386 Domino
1612 1330 1839 1400 gloriam
1871 1337 1921 1383 et
1955 1330 2049 1383 ho-

480 1437 674 1481 norem,
709 1420 893 1489 a/ferle
917 1419 1141 1473 Domino
1171 1421 1398 1490 gloriam
1433 1420 1634 1474 nomini
1660 1419 1798 1487 ejus,
1830 1418 2050 1475 adorate

481 1511 764 1565 Dominum
799 1513 857 1565 in
896 1512 1038 1565 atrio
1087 1525 1271 1566 sancto
1300 1514 1434 1580 ejus.
1469 1512 1565 1568 llis
1599 1528 1825 1582 prorsus
1849 1512 2050 1568 similia

482 1602 655 1673 quoad
711 1604 1038 1659 sententiam
1093 1603 1332 1658 arbitror
1394 1618 1459 1659 ea
1518 1619 1641 1674 qua}
1693 1605 1749 1659 in
1807 1619 2050 1675 nonage-

476 1694 618 1747 simo
637 1695 831 1763 quinto
860 1695 1069 1764 psalmo
1085 1695 1153 1750 de
1185 1694 1473 1750 vocatione
1501 1699 1743 1765 gentium
1781 1695 2048 1760 feruntur,

2150 604 2357 658 6dtwr°
2387 604 2481 656 καὶ
2507 601 2687 655 πάλιν·
2720 600 2794 655 Τὰ
2821 602 2933 670 ἐμὰ
2962 603 3225 671 πρόϐατα
3249 596 3357 666 τῆς
3379 593 3584 667 φωνῆς
3603 611 3718 662 μου

2148 696 2381 749 ἀκούει·
2426 694 2521 746 καὶ
2562 692 2755 746 πάλιν·
2794 695 3050 761 Ἐσομαι
3077 690 3205 761 μεθ’
3251 687 3420 758 ὑμῶν
3461 686 3570 751 ἕως
3611 684 3719 752 τῆς

2147 785 2505 851 συντελείας
2534 783 2641 838 τοῦ
2668 782 2900 850 alin-or;-
2930 782 3106 855 καιρῷ
3126 782 3182 835 δὲ
3204 778 3492 849 ἐπιτηδείῳ
3513 777 3720 846 ἐπάρας

2147 876 2344 940 αὐτοὺς
2381 877 2460 940 εἰς
2489 874 2643 945 ὕψος,
2670 875 2770 945 τῆς
2789 872 3037 945 οὐρανίου
3069 870 3344 942 βασιλείας
3371 863 3717 932 καταξιώσει.

2538 1010 2826 1064 ΨΑΛΜΟΣ
2854 1009 2941 1061 ΤΩ
2968 1007 3167 1060 ΔΑΥΙΔ
3193 1007 3330 1059 KH'.

2593 1119 2859 1184 Ἐξοδίου
2892 1116 3131 1186 σκηνῆς
3171 1116 3270 1185 (1).

2232 1228 2537 1299 Ἐνέγκατε
2578 1228 2659 1295 τῷ
2703 1229 2917 1296 Κυρίῳ,
2956 1226 3072 1281 υἱοὶ
3117 1225 3285 1293 Θεοῦ,
3325 1223 3606 1293 ἐνέγκατε
3643 1219 3722 1286 τῷ

2150 1318 2342 1385 Κυρίῳ
2368 1318 2537 1384 υίοὺς
2572 1316 2770 1386 κριῶν.
2814 1315 3128 1385 Ἐνέγκατε
3177 1313 3256 1379 τῷ
3295 1314 3491 1380 Κυρίῳ
3535 1310 3724 1373 δόξαν

2148 1409 2247 1463 καὶ
2309 1407 2506 1477 τιμήν·
2575 1408 2882 1478 Ἐνέγκατε
2948 1405 3029 1472 τῷ
3091 1407 3286 1475 Κυρίῳ
3344 1404 3533 1470 δόξαν
3592 1404 3722 1457 ore.

2144 1517 2285 1569 ματι
2329 1500 2535 1554 αὑτοῦ.
2588 1497 3060 1566 Προσκυνήσατε
3096 1496 3177 1563 τῷ
3217 1498 3412 1565 Κυρίῳ
3449 1497 3519 1550 ἐν
3560 1495 3721 1565 αὐλῇ

2150 1592 2287 1661 ἁγίᾳ
2317 1591 2524 1645 αὐτοῦ.
2568 1590 2789 1654 Τούτοις
2820 1591 3156 1660 ἰσοδυναμεῖν
3179 1588 3417 1660 ἡγοῦμαι
3451 1588 3592 1642 κατὰ
3623 1589 3724 1658 τὴν

2149 1682 2383 1737 διάνοιαν
2419 1684 2486 1735 τὰ
2509 1685 2565 1735 ἐν
2595 1682 2830 1753 πέμπτῳ
2872 1684 2966 1736 καὶ
3006 1680 3342 1752 ἐνενηκοστῷ
3368 1681 3566 1753 ψαλμῷ
3594 1683 3723 1753 περὶ

483 1803 597 1858 quae
622 1788 726 1843 hoc
747 1787 909 1843 modo
940 1803 998 1842 se
1022 1788 1223 1842 habent
1254 1807 1268 1842 :
1294 1787 1518 1843 Cantate
1535 1787 1759 1841 Domino
1787 1788 2048 1841 canticum

2153 1774 2247 1845 τῆς
2275 1775 2383 1826 τῶν
2404 1772 2572 1826 ἐθνῶν
2596 1773 2838 1845 κλήσεως
2859 1773 3047 1827 τοῦτον
3067 1773 3369 1843 λελεγμένα
3385 1774 3477 1827 τὸν
3497 1774 3717 1844 τρόπον’

483 1896 685 1943 novum,
722 1887 931 1933 cantate
980 1878 1208 1933 Domino
1259 1880 1430 1934 omnis
1482 1891 1643 1934 terra.
1696 1879 1919 1934 Cantate
1941 1877 2051 1931 Do-

2161 1866 2383 1935 ’ᾼσατε
2413 1864 2493 1931 τῷ
2511 1866 2704 1932 Κυρίῳ
2738 1858 2902 1932 ᾆσμα
2926 1866 3135 1917 καινόν
3154 1879 3167 1893 '
3192 1862 3379 1931 ᾇσατε
3400 1861 3480 1927 τῷ
3501 1864 3723 1931 Κυρίῳ,

483 1969 641 2031 mino,
679 1969 961 2023 benedicite
1008 1970 1209 2023 nomini
1261 1969 1396 2038 ejus,
1421 1970 1728 2022 annuntiate
1766 1969 1829 2022 de
1864 1968 1948 2022 die
1996 1970 2052 2020 in

483 2061 615 2113 liem
640 2060 877 2115 salutare
903 2059 1038 2128 ejus.
1066 2059 1390 2113 Annuntiate
1425 2060 1480 2112 in
1537 2058 1775 2129 gentibus
1823 2059 2051 2129 gloriam

483 2168 614 2220 ejus,
650 2153 707 2205 iu
736 2152 978 2205 omnibus
1016 2153 1223 2222 populis
1284 2150 1557 2205 mirabilia
1600 2151 1735 2220 ejus.
1788 2149 2052 2215 Quoniam

482 2255 701 2308 magnus
734 2238 990 2293 Dominus
1042 2250 1091 2294 et
1127 2238 1415 2294 laudabilis
1443 2239 1615 2303 valde,
1686 2239 1935 2294 terribilis
1974 2250 2051 2295 est

482 2345 633 2398 super
661 2346 835 2384 omnes
858 2330 981 2385 deos
1008 2332 1079 2385 ”.
1119 2329 1386 2401 Deinceps
1415 2331 1489 2384 ita
1510 2332 1780 2386 subsumit
1811 2346 1825 2382 :
1859 2331 2053 2399 A/ferte

483 2420 706 2475 Domino
729 2422 955 2489 gloriam
985 2422 1184 2499 nomini
1208 2422 1345 2490 ejus.
1376 2420 1568 2475 Tollite
1620 2421 1823 2476 hostias
1873 2431 1923 2475 et
1976 2422 2054 2475 in-

481 2513 637 2567 troile
664 2513 718 2566 in
749 2513 891 2567 atria
911 2512 1048 2582 ejus,
1078 2512 1297 2567 adorate
1314 2510 1601 2566 Dominum
1628 2512 1685 2565 in
1707 2513 1834 2565 aula
1865 2522 2053 2566 sancta

481 2599 614 2669 ejus.
640 2598 847 2664 Quibus
868 2613 1002 2654 sane
1058 2599 1425 2668 evangelicam
1469 2598 1721 2668 gratiam,
1758 2599 1813 2653 in
1859 2614 2052 2656 omnes

481 2691 649 2746 totius
680 2691 832 2745 orbis
863 2690 1120 2746 nationes
1149 2690 1427 2753 dill‘usam,
1470 2691 1864 2761 praenuntians,
1896 2698 2051 2762 post—

483 2797 643 2853 quam
679 2781 953 2836 canticum
984 2797 1207 2846 novum,
1246 2781 1503 2837 videlicet
1532 2783 1659 2837 novi
1691 2781 2047 2850 Testamenti,

484 2871 827 2932 memoravit,
853 2870 1052 2927 deinde
1078 2870 1324 2941 praecipit
1349 2878 1410 2925 ut
1439 2869 1667 2925 afferant
1687 2870 1915 2926 Domino
1936 2873 2045 2943 glo-

484 2964 621 3017 riam
642 2969 696 3016 et
727 2962 1012 3027 honorem,
1061 2970 1115 3018 et
1166 2969 1388 3017 caetera.
1445 2961 1571 3018 llaec
1624 2970 1804 3018 autem
1858 2963 2054 3019 all'erre

484 3054 654 3123 iubet,
686 3069 796 3109 non
822 3051 1062 3120 Iudaeos,
1092 3052 1187 3109 sed
1244 3052 1478 3111 familias
1519 3056 1783 3127 gentium,
1831 3064 1925 3111 aut
1970 3073 2055 3114 se-

485 3143 720 3201 cundum
751 3145 992 3214 reliquos
1018 3146 1365 3214 interpretes,
1414 3161 1479 3201 ac
1510 3145 1831 3203 Hebraicam
1852 3149 2051 3204 verita-

486 3239 966 3308 tem,cognationes
994 3238 1326 3307 populorum.
1367 3237 1493 3294 Haec
1525 3240 1709 3311 itaque
1760 3242 1817 3296 in
1860 3243 2053 3312 quinto

485 3338 537 3386 et
576 3331 929 3402 nonagesimo
985 3332 1196 3402 psalmo
1226 3333 1294 3388 de
1317 3333 1568 3404 gentibus
1605 3333 1870 3391 divinitus
1914 3352 2055 3406 pra:-

486 3420 735 3474 nuntiata
783 3427 932 3475 sunt.
967 3417 1029 3474 ln
1068 3421 1326 3489 praesenti
1358 3435 1491 3475 vero
1533 3435 1597 3475 ea
1649 3420 1769 3490 ipsa
1793 3421 2056 3491 jubentur

486 3508 716 3564 Domino
768 3508 964 3565 aﬂ‘erre
1012 3510 1108 3564 lilii
1149 3512 1405 3575 arietum,
1470 3526 1611 3581 quos
1669 3511 1880 3567 aestimo
1918 3511 2055 3566 nihil

485 3600 700 3656 diﬂ'erre
733 3617 764 3655 a
797 3600 1019 3656 familiis
1041 3603 1303 3673 gentium,
1329 3610 1423 3657 aut
1444 3603 1859 3673 cognationibus
1882 3617 2056 3673 popu-

485 3701 682 3749 torum.
708 3692 895 3765 Neque
919 3695 1065 3749 enim
1098 3694 1205 3765 ipsi
1235 3695 1435 3750 arietes
1461 3694 1578 3749 haec
1594 3693 1823 3751 Domino
1859 3694 2055 3749 alierre

481 3779 761 3851 iubentur,
786 3786 882 3842 sed
911 3786 1005 3840 lilii
1048 3786 1303 3841 arietum.
1334 3784 1390 3840 id
1419 3801 1549 3841 vero
1584 3786 1711 3841 dico
1752 3785 2055 3841 secundum

486 3871 807 3928 Hebraicam
837 3876 1185 3938 sententiam,
1242 3875 1299 3928 in
1332 3890 1442 3944 qua
1491 3874 1805 3944 neutiquam
1835 3873 2056 3928 eilcrtur

486 3966 617 4020 illud
645 3964 879 4036 :A/fcrte
922 3968 1168 4032 Domino,
1200 3967 1302 4037 ﬁlii
1335 3965 1452 4022 Dei.
1510 3968 1690 4033 Quare
1722 3966 1837 4020 haec
1865 3966 1921 4020 in
1957 3965 2057 4021 Se-

486 4056 776 4126 ptuaginta
807 4057 1199 4128 interpretibus
1225 4058 1386 4114 obelo
1400 4066 1681 4122 notantur,
1703 4057 1848 4129 quod
1880 4073 2055 4127 neque

486 4150 544 4203 in
579 4149 847 4206 llebraico
892 4152 1209 4222 exemplari,
1270 4166 1374 4207 nec
1421 4151 1566 4222 apud
1603 4150 1842 4221 reliquos
1885 4150 2056 4205 inter-

487 4247 670 4309 pretes
723 4250 1096 4312 compareant.
1146 4241 1304 4308 Quod
1335 4243 1381 4297 si
1430 4243 1653 4298 omnino
1703 4240 2055 4312 Septuaginta

487 4330 853 4400 interpretum
884 4333 1044 4389 lectio
1068 4334 1364 4403 spectanda
1392 4335 1485 4398 sit,
1521 4334 1646 4389 dico
1688 4333 1905 4405 praecipi
1930 4332 2055 4388 [iliis

489 4417 635 4493 [Dei]
689 4428 748 4476 ut
782 4421 1011 4477 afferant
1065 4422 1319 4489 Domino,
1372 4440 1484 4479 non
1539 4426 1760 4489 arietes,
1795 4425 1891 4479 sed
1914 4423 2054 4479 ﬁlios

2153 1954 2321 2010 πᾶσα
2355 1957 2392 2025 ἡ
2426 1954 2521 2025 γῆ.
2556 1958 2777 2026 ’ᾼσατε
2796 1954 2877 2021 τῷ
2905 1955 3116 2023 Κυρίῳ,
3150 1952 3521 2023 εὐλογήσατε
3536 1954 3723 2024 ὄνομα

2150 2047 2357 2113 αὑτοῦ,
2399 2047 2875 2117 εὐαγγελίσασθε
2907 2047 3139 2115 ἡμέραν
3170 2044 3239 2111 ἐξ
3268 2044 3492 2115 ἡμέρας
3515 2045 3581 2098 τὸ
3607 2062 3725 2099 σω-

2151 2138 2357 2207 τήριον
2408 2138 2615 2193 αὐτοῦ.
2691 2140 3101 2209 Ἆναγγείλατε
3129 2139 3200 2191 ἐν
3229 2137 3355 2204 τοῖς
3386 2139 3587 2192 ἔθνεσι
3611 2135 3729 2202 τὴν

2152 2223 2338 2289 δόξαν
2357 2226 2565 2292 αὑτοῦ,
2592 2226 2663 2279 ἐν
2683 2224 2833 2280 πᾶσι
2863 2226 2988 2292 τοῖς
3018 2226 3189 2293 λαοῖς
3208 2225 3280 2280 τὰ
3302 2225 3599 2295 θαυμάσια
3621 2227 3723 2278 αὐ-

2155 2318 2285 2371 τοῦ.
2320 2319 2451 2371 Ὀτι
2476 2318 2663 2388 μέγας
2682 2320 2895 2386 Κύριος
2933 2319 3030 2373 καὶ
3071 2318 3306 2385 αίνετὸς
3337 2319 3592 2387 σφόδρα,
3623 2337 3723 2388 9:0-

2152 2411 2318 2478 ϐερός
2337 2411 2508 2464 ἐστιν
2530 2410 2629 2464 ἐπὶ
2658 2409 2888 2477 πάντας
2925 2411 3067 2476 τοὺς
3099 2412 3271 2476 θεούς
3290 2426 3305 2441 ·
3336 2405 3417 2474 οἷς
3444 2411 3573 2481 ἐξῆς
3603 2413 3731 2464 ἐπι-

2150 2500 2366 2570 λέγεται
2390 2515 2406 2531 '
2449 2500 2753 2572 Ἐνέγκατε
2781 2501 2871 2567 τῷ
2900 2504 3095 2570 Κυρίῳ
3120 2501 3309 2567 δόξαν
3346 2502 3589 2572 ὀνόματι
3613 2504 3730 2557 αὐ-

2151 2591 2279 2647 τοῦ.
2302 2594 2506 2662 Ἄρατε
2533 2594 2750 2660 θυσίας
2779 2594 2880 2647 καὶ
2929 2595 3355 2661 είσπορεύεσθε
3377 2596 3464 2660 είς
3487 2594 3593 2660 τὰς
3616 2595 3727 2648 αὐ·-

2151 2683 2265 2749 λὰς
2321 2683 2530 2741 αὐτοῦ.
2589 2685 3061 2752 Προσκυνήσατε
3110 2685 3191 2751 τῷ
3226 2686 3419 2754 Κυρίῳ
3454 2686 3526 2738 έν
3564 2684 3733 2755 αὐλῇ

2151 2775 2292 2845 ἁγίᾳ
2320 2776 2528 2831 αὐτοῦ.
2575 2776 2664 2829 Ἐν
2688 2771 2770 2839 οἷς
2793 2776 2821 2828 ὁ
2845 2776 3021 2844 λόγος,
3049 2777 3148 2848 τὴν
3184 2776 3545 2847 εὐαγγελικὴν
3568 2778 3733 2849 χάριν

2151 2864 2249 2937 τὴν
2278 2867 2357 2929 εἰς
2385 2866 2562 2919 πάντα
2587 2864 2842 2935 χυθεῖσαν
2864 2865 2932 2919 τὰ
2958 2866 3078 2920 καθ’
3101 2867 3228 2939 ὅλης
3268 2867 3372 2937 τῆς
3407 2868 3725 2939 οἰκουμένης

2152 2955 2281 3027 ἔθνη
2326 2957 2944 3029 προευαγγελισάμενος,
2992 2958 3207 3012 καὶτοῦ
3242 2958 3430 3011 καινοῦ
3462 2959 3725 3031 ᾅσματοςς

2149 3046 2349 3119 δηλαδὴ
2390 3048 2489 3119 τῆς
2563 3048 2755 3117 καινῆς
2811 3047 3085 3119 Διαθήκης
3139 3048 3547 3120 μνημονεύσας,
3598 3047 3727 3119 ἑξῆς

2154 3140 2476 3213 προστάττει
2510 3139 2754 3210 κομίζειν
2790 3138 2868 3210 τῷ
2907 3141 3095 3213 Κυρίῳ
3122 3139 3279 3207 δόξαν
3299 3142 3390 3194 καὶ
3414 3141 3600 3214 τιμὴν,
3627 3145 3729 3198 καὶ

2154 3229 2223 3285 τὰ
2258 3228 2402 3302 ἐξῆς.
2427 3229 2611 3283 Ταῦτά
2629 3247 2689 3282 τε
2718 3227 2963 3300 κομίζειν
2998 3230 3429 3302 παρακελεύεται
3451 3234 3551 3285 οὐκ
3598 3234 3729 3287 Ἰου-

2152 3323 2342 3387 δαίοις,
2368 3321 2503 3376 ἀλλὰ
2549 3325 2672 3383 ταῖς
2698 3323 2956 3394 πατριαίς
2983 3321 3090 3375 τῶν
3134 3322 3303 3377 ἐθνῶν
3326 3365 3340 3386 ,
3369 3324 3401 3395 ἢ
3427 3324 3569 3377 κατὰ
3595 3327 3727 3387 τοὺς

2155 3416 2373 3479 λοιποὺς
2408 3414 2767 3487 ἐρμηνευτὰς,
2800 3416 2896 3467 καὶ
2933 3413 3076 3468 κατὰ
3110 3414 3210 3485 τὴν
3251 3415 3542 3488 Ἑϐραῖκὴν
3563 3416 3737 3489 ἀκρίσ-

2156 3506 2329 3570 6ειαν,
2353 3505 2480 3572 ταῖς
2503 3506 2879 3576 συγγενείαις
2891 3506 3008 3562 τῶν
3019 3507 3390 3562 λαῶν.Ταῦτα
3416 3511 3515 3581 μὲν
3526 3506 3617 3564 οὗν
3631 3527 3728 3565 σα-

2156 3596 2271 3669 φῶς
2296 3599 2353 3652 ἐν
2381 3596 2458 3668 τῷ
2489 3598 2725 3669 πέμπτῳ
2757 3599 2852 3650 καὶ
2878 3599 3213 3670 ἐνενηκοστῷ
3240 3600 3440 3671 ψαλμῷ
3464 3602 3592 3673 περὶ
3616 3603 3739 3655 τῶνι

2164 3688 2334 3744 ἐθνῶν
2352 3687 2683 3754 ἐθεσπίζετο·
2701 3690 2758 3742 ἐν
2770 3688 2828 3742 δὲ
2843 3688 2919 3760 τῷ
2941 3690 3079 3761 μετὰ
3092 3693 3277 3762 χεῖρας
3299 3694 3326 3745 ὁ
3341 3692 3494 3761 λόγος
3505 3693 3574 3746 τὰ
3589 3693 3735 3748 αὐτὰ

2154 3779 2233 3851 τῷ
2245 3780 2431 3853 Κυρίῳ
2447 3786 2771 3853 προσφέρειν
2788 3785 2901 3846 τοῖς
2919 3783 3053 3846 υἱοῖς
3074 3782 3182 3836 τῶν
3199 3784 3367 3855 κριῶν
3384 3785 3613 3838 κελεύει’
3635 3785 3728 3850 οὓς

2156 3868 2361 3940 νομίζω
2401 3870 2565 3941 μηδὲν
2600 3869 2877 3943 διαφέρειν
2903 3872 3011 3925 τῶν
3054 3872 3295 3943 πατριῶν
3314 3872 3424 3926 τῶν
3467 3874 3655 3940 ἐθνῶν,
3691 3876 3725 3947 ἢ

2154 3961 2264 4015 τῶν
2286 3961 2613 4029 συΠενειῶν
2638 3960 2747 4014 τῶν
2762 3961 2925 4014 λαῶν.
2944 3963 3018 4016 Οὐ
3039 3962 3309 4034 γὰραύτοὶ
3324 3964 3373 4016 οἱ
3388 3966 3533 4035 κριοὶ
3559 3983 3727 4037 προσ-

2154 4053 2434 4106 τάττονται
2478 4053 2810 4125 προσφέρειν
2844 4053 2914 4106 τὰ
2944 4054 3367 4125 κεκελευσμένα,
3393 4055 3506 4109 ἀλλ’
3534 4058 3584 4109 οἱ
3619 4057 3730 4109 υἱοὶ⁸

2155 4147 2262 4200 τῶν
2302 4145 2488 4219 κριῶν.
2517 4148 2629 4200 Καὶ
2677 4147 2852 4200 ταῦτά
2888 4148 2964 4220 (2)
3000 4165 3141 4219 φημι
3174 4148 3311 4202 κατὰ
3332 4149 3430 4220 τὴν
3462 4150 3725 4220 Ἐϐραίων

2155 4238 2481 4309 ἀνάμνησιν,
2539 4238 2661 4292 καθ’
2692 4240 2760 4311 ἢν
2793 4241 2893 4294 οὐκ
2935 4241 3226 4312 ἐκφέρεται
3277 4241 3363 4293 τό·
3424 4241 3728 4311 Ἐνέγκατε

2155 4327 2236 4392 τῷ
2259 4328 2470 4395 Κυρίῳ,
2494 4328 2612 4382 υἱοὶ
2641 4329 2807 4382 Θεοῦ.
2853 4330 2943 4382 Διὸ
2967 4329 3059 4382 καὶ
3098 4330 3384 4384 ὠὸέλισται
3422 4331 3570 4401 παρὰ
3617 4334 3732 4394 τοῖς

2168 4419 2586 4490 Ἑϐδομήκοντα,
2623 4420 2698 4483 ὡς
2731 4421 2804 4491 μὴ
2830 4421 3077 4491 κείμενον
3108 4422 3243 4492 μήτε
3266 4422 3323 4474 ἐν
3352 4420 3429 4492 τῷ
3462 4421 3728 4493 Ἐϐραῖκῴ

488 4510 743 4576 arietum,
780 4512 1005 4582 gloriam
1028 4520 1083 4567 et
1106 4512 1367 4568 honorem
1409 4520 1713 4582 cazteraque
1748 4512 1834 4567 bis
1863 4511 2052 4581 adjun-

2162 4512 2298 4582 μήτε
2339 4511 2491 4583 παρὰ
2521 4514 2632 4576 τοῖς
2671 4512 2875 4575 λοιποῖς
2904 4514 3284 4584 ἐρμηνευταῖς.
3318 4514 3382 4566 Εἰ
3411 4513 3467 4565 δὲ
3493 4513 3597 4584 χρὴ
3636 4516 3732 4567 καὶ

488 4608 597 4658 cta.
628 4601 760 4669 Qua:
810 4618 943 4659 sane
982 4620 1047 4660 ex
1087 4607 1495 4676 comparatione
1535 4604 1711 4676 quinti
1737 4615 1791 4660 et
1817 4621 2055 4676 nonage-

488 4694 614 4747 simi
638 4695 854 4764 psalmi,
887 4696 955 4750 de
1011 4698 1369 4753 conversione
1419 4697 1661 4769 gentium
1702 4696 2053 4766 praenuntiari

486 4784 740 4841 dixerim.

2161 4606 2240 4666 εἰς
2269 4604 2366 4676 τὴν
2393 4604 2500 4658 τῶν
2558 4604 2959 4677 Ἑϐδομήκοντα
3007 4605 3277 4678 θεωρῆσαι
3319 4605 3549 4673 ἔκδοσιν,
3589 4607 3732 4677 φημὶ

2158 4696 2249 4748 τὸν
2277 4696 2433 4761 λόγον
2461 4698 2818 4771 προστάττειν
2853 4700 2963 4762 τοῖς
2990 4700 3127 4763 υἱοῖς
3159 4697 3253 4751 τοῦ
3293 4698 3480 4769 φέρειν
3509 4697 3586 4768 τῷ
3618 4700 3731 4751 Κν-

2161 4788 2262 4859 ρίῳ
2279 4790 2339 4842 οὐ
2357 4792 2562 4863 κριοὺς,
2583 4790 2716 4844 ἀλλὰ
2739 4791 2888 4855 υἱοὺς
2920 4790 3087 4862 κριῶν
3107 4806 3121 4820 ·
3149 4790 3244 4844 καὶ
3270 4790 3425 4857 δόξαν
3454 4792 3549 4844 καὶ
3568 4790 3730 4859 τιμὴν

489 4880 583 4933 καὶ
613 4879 684 4934 τὰ
715 4880 845 4952 ἑξῆς
880 4881 1241 4955 ἐπιλεγόμενα
1263 4900 1277 4914 θ
1304 4882 1341 4939 ἃ
1391 4883 1457 4957 δὴ
1504 4884 1613 4939 ἀπὸ
1644 4883 1747 4956 τῆς
1781 4883 2138 4955 παραθέσεως
2165 4884 2260 4939 τοῦ
2293 4885 2543 4957 πέμπτου
2578 4886 2673 4939 καὶ
2713 4884 3061 4957 ἐνενηκοστοῦ
3098 4883 3313 4956 ψαλμοῦ
3348 4884 3595 4956 περὶτῆς
3624 4881 3735 4935 τῶν

487 4975 658 5029 ἐθνῶν
685 4978 1020 5051 ἐπιστροφῆς
1049 4979 1258 5050 εἴποιμι
1297 4978 1362 5033 ἂν
1393 4979 1847 5052 προφητεύεσθαι.

557 5066 742 5137 Neque
769 5083 799 5121 a
832 5084 1001 5140 scopo
1030 5068 1399 5136 deﬂectemus,
1435 5072 1483 5126 si
1516 5072 2055 5142 pronuntiaverimus

487 5158 579 5213 hic
613 5176 708 5230 per
732 5160 901 5218 Filios
931 5161 1047 5226 Dei,
1079 5161 1377 5219 Salvatoris
1404 5164 1577 5219 nostri
1607 5164 1904 5234 discipulos
1926 5179 2057 5234 apo-

488 5252 769 5323 stolosque
806 5252 1147 5324 signiﬁcari,
1182 5269 1212 5307 a
1242 5254 1441 5325 quibus
1502 5254 1673 5325 liquet
1706 5255 1905 5309 factam
1932 5270 2056 5310 esse

556 5461 601 5491 “
637 5458 794 5515 Joan.
829 5475 864 5514 ι
890 5502 907 5527 ,
936 5461 1024 5516 li.
1099 5461 1142 5492 "
1173 5459 1331 5517 Joan.
1360 5476 1414 5526 ι,
1436 5459 1527 5517 27.
1574 5450 1649 5493 ’θ’
1680 5459 1869 5515 Matth.
1897 5471 2092 5523 xxvm,
2127 5455 2216 5514 20.
2245 5458 2291 5490 ⁸³
2320 5457 2466 5515 Psal.
2518 5472 2636 5522 xcv,

559 5678 577 5735 (
589 5677 632 5749 Ι)
655 5676 801 5751 llaac,
823 5676 1022 5743 ἐξοδίου
1042 5679 1266 5751 σκηνῆς,
1293 5695 1401 5733 non
1429 5680 1682 5750 leguntur
1713 5679 1766 5751 in
1789 5678 2048 5751 lleliraico

492 5748 806 5817 rmmplari,
827 5765 1022 5817 neque,
1055 5748 1399 5804 Theodoreti)
1440 5748 1600 5811 teste,
1628 5751 1682 5803 in
1716 5749 1954 5817 llrxaplo
1978 5750 2049 5805 fc-

497 5825 772 5873 ununtur.
795 5818 852 5873 in
881 5820 1174 5874 Cbaldaico
1211 5829 1358 5875 textu
1392 5832 1567 5877 tamen
1601 5820 1812 5880 legitur.
1837 5821 1938 5874 Alii
1974 5821 2049 5875 le-

2231 5074 2345 5127 Ούκ
2392 5071 2541 5126 ἆνδὲ
2571 5073 2910 5145 ἁμάρτοιμεν
2959 5072 3083 5134 τοὺς
3134 5068 3365 5123 ἐνταῦθα
3402 5067 3551 5130 υἱοὺς
3595 5066 3739 5119 Θεοῦ.

2160 5161 2485 5233 λεγομένους
2530 5164 2656 5226 τοὺς
2699 5162 2794 5216 τοῦ
2853 5161 3104 5231 Σωτῆρος
3145 5159 3302 5231 ἡμῶν
3361 5157 3604 5229 μαθητὰς
3638 5156 3735 5209 καὶ

2160 5254 2488 5319 ἀποστόλους
2539 5255 2635 5308 καὶ
2686 5253 3080 5324 εὐαγγελιστὰς
3114 5248 3252 5307 εἶναι
3297 5250 3744 5323 ἀποφηνάμενοιν

2746 5456 2863 5511 1-4.

2156 5689 2309 5753 gun},
2328 5679 2523 5753 ἐξόδου
2555 5679 2778 5751 σκηνῆς.
2810 5678 2955 5748 quod
2979 5678 3214 5753 idipsum
3232 5675 3534 5753 significat.
3690 5742 3713 5753 ι

2157 5742 2185 5875 l'
2225 5750 2300 5874 (ἓ)
2326 5742 2449 5806 llaec
2479 5742 3096 5823 pluribusexplauanda
3140 5752 3196 5805 in
3230 5742 3597 5817 Hexaplorum
3621 5742 3742 5797 ωδε

2177 5837 2235 5875 cc
2267 5837 2411 5876 lOltC.
