4094 6378
353 367 466 421 25⁸5

1495 363 1996 421 COMMENTARIA
2037 364 2105 418 ΙΝ
2143 365 2475 422 PSALMOS.

3495 369 3613 426 εει

353 489 421 540 δι’
449 477 524 538 ὧν
558 486 592 556 ὴ
625 483 817 556 κλῆσις
865 484 974 537 τῶν
1007 483 1176 540 ἐθνῶν
1205 481 1450 552 φαίνεται
1481 483 1882 555 κατωρθωμένη
1907 501 1920 512 ·

2031 483 2266 552 gentium
2307 489 2666 537 Vocauonem.
2719 477 2828 536 Eos
2866 477 3076 536 scilicet
3109 477 3200 534 hic
3253 485 3500 550 psalmus
3523 485 3616 550 Ju—

349 575 432 642 οῗς
459 579 488 630 ό
514 576 652 647 μετὰ
675 579 864 649 χεῖρας
892 576 1050 643 λόγος
1069 575 1396 647 προστάττει
1427 575 1612 646 φέρειν
1639 575 1716 647 τῷ
1741 575 1930 647 Κυρίῳ

351 673 568 744 πρῶτον
613 671 712 740 μὲν
746 671 1001 726 ἁπάντων
1043 672 1192 732 υἱοὺς
1225 669 1419 740 κριῶν,
1455 669 1569 722 ἀλλ’
1601 669 1662 721 οὗ
1709 668 1928 740 κριούς’

349 763 648 834 ἐπειδήπερ
675 762 810 832 πρὸς
839 763 938 833 τὴν
979 761 1036 828 ἐξ
1065 760 1234 814 ἐθνῶν
1271 760 1596 832 Ἐκκλησίαν
1639 759 1854 826 ἐλέγετο
1871 760 1929 812 ὲν

345 857 429 928 τῷ
459 853 876 927 τεσσαρακοστῷ
899 854 1144 925 τετάρτῳ
1171 851 1370 924 ψαλμῷ
1387 869 1402 882 ο
1447 852 1598 906 Ἀντί
1616 850 1735 904 τῶν
1753 849 1930 904 πατέ-

339 967 470 1016 ρων
498 965 612 1002 σου
652 946 1030 1017 ἐγενήθησαν
1063 947 1184 1000 υἱοί
1227 962 1364 999 σου.
1415 945 1536 997 Τῶν
1573 943 1630 996 δὲ
1677 943 1928 1014 πατέρων

347 1043 522 1114 λήθην
537 1041 864 1114 ποιήσασθαι
882 1039 1322 1112 παρεκελεύσατο
1335 1037 1472 1108 αὐτῇ
1492 1037 1520 1089 ὁ
1543 1037 1698 1104 λόγος
1718 1033 1888 1089 είπὼν
1912 1049 1928 1066 ’

353 1141 668 1200 Ἄκουσον,
725 1137 995 1204 θύγατερ,
1058 1132 1156 1186 καὶ
1189 1131 1296 1197 ῑδε,
1326 1130 1426 1185 καὶ
1467 1128 1680 1184 κλῖνον
1727 1127 1793 1182 τὸ
1821 1123 1928 1194 οὖς

349 1249 489 1292 σου,
515 1231 612 1284 καὶ
658 1229 948 1283 ἐπιλάθου
991 1227 1096 1280 τοῦ
1123 1223 1274 1280 λαοῦ
1312 1241 1450 1288 σου,
1488 1221 1587 1276 καὶ
1618 1221 1724 1274 τοῦ
1757 1222 1928 1274 οἴκου

351 1325 459 1378 τοῦ
485 1324 712 1391 πατρός
729 1337 846 1376 σου
865 1339 878 1350 ο
913 1319 1014 1374 καὶ
1034 1315 1392 1387 ἐπιθυμήσει
1426 1319 1458 1370 ό
1481 1311 1784 1379 ,ϐασιλεὺς
1819 1311 1928 1366 τοῦ

347 1417 622 1481 κάλλους
673 1427 818 1466 σου·
851 1412 940 1465 ὅτι
970 1411 1148 1475 αὐτός
1176 1410 1308 1462 ἐστι
1335 1408 1548 1476 Κύριός
1576 1421 1712 1459 σου.
1744 1401 1928 1457 Ταῦτα

345 1507 460 1578 γὰρ
489 1505 612 1558 οὐδὲ
649 1505 784 1574 πρὸς
817 1501 984 1572 ἄλλην
1027 1499 1060 1570 ἢ
1088 1499 1223 1570 πρὸς
1252 1497 1418 1568 μόνην
1450 1493 1548 1566 τὴν
1601 1490 1927 1563 Ἐκκλησίαν

345 1601 444 1654 τοῦ
495 1597 736 1668 Χριστοῦ
779 1597 1026 1666 ἐλέγετοο
1063 1590 1454 1662 παραινοῦντος
1483 1588 1618 1658 αὐτῇ
1657 1583 1752 1638 τοῦ
1781 1584 1926 1638 θείου

343 1691 665 1762 Πνεύματος
705 1689 874 1760 λήθην
931 1685 1257 1758 ποιήσασθαι
1300 1681 1395 1736 τοῦ
1446 1681 1712 1752 προτέρου
1755 1677 1927 1747 αὐτῆς

341 1783 476 1837 λαοῦ
503 1824 518 1845 ,
590 1782 684 1836 καὶ
750 1779 844 1834 τοῦ
878 1778 1028 1832 οἴκου
1065 1777 1158 1830 τοῦ
1226 1771 1434 1846 πατρὸς
1485 1773 1658 1843 αὐτῆς
1692 1771 1781 1825 διὰ
1830 1771 1926 1842 τὴν

345 1877 606 1932 πολύθεον
630 1874 858 1944 πλάνην,
895 1873 988 1926 καὶ
1021 1872 1119 1942 τὴν
1149 1868 1258 1922 τῶν
1301 1867 1552 1937 πατέρων
1569 1865 1737 1934 αὐτῆς
1758 1863 1924 1916 δεισι-

344 1967 652 2037 δαιμονίαν.
719 1961 832 2018 Eia”
861 1961 1050 2032 ἐπειδὴ
1087 1960 1194 2013 τῶν
1252 1959 1505 2030 πατέρων
1567 1953 1923 2010 ἐπιλαθέσθαι

344 2061 485 2130 αὐτῇ
547 2055 988 2128 παρεκελεύσατο
1010 2095 1024 2118 ,
1086 2050 1397 2122 ἀναγκαίως
1459 2049 1654 2116 ἐπάγει
1713 2045 1886 2114 λέγων
1907 2062 1921 2076 ·

357 2152 506 2206 Ἀντί
539 2149 658 2204 τῶν
714 2145 982 2215 πατέρων
1011 2161 1126 2199 σου
1148 2141 1524 2212 ἐγενήθησαν
1550 2141 1603 2191 οί
1636 2135 1754 2208 υἱοί
1789 2150 1924 2188 σου.

343 2245 584 2308 Τούτους
637 2244 784 2306 υἱοὺς
820 2239 991 2314 κριῶν
1039 2237 1130 2291 διὰ
1165 2237 1227 2290 τὸ
1261 2235 1451 2302 ἄλογον
1480 2229 1760 2284 ἀποκαλεῖ.
1814 2221 1928 2278 Εἶτ’

343 2338 586 2405 ἐπιλέγει
605 2352 619 2364 ·
665 2333 979 2403 Ἐνέγκατε
1023 2328 1104 2395 τῷ
1133 2329 1328 2396 Κυρίῳ
1361 2323 1549 2388 δόξαν
1579 2319 1677 2374 καὶ
1717 2315 1894 2387 τιμήν
1913 2331 1926 2346 ³

343 2428 374 2480 ὃ
401 2428 468 2498 δὴ
517 2428 734 2497 νοήσεις
773 2425 880 2478 ἀπὸ
927 2423 1028 2493 τῆς
1069 2419 1164 2474 τοῦ
1187 2419 1434 2488 Σωτῆρος
1458 2413 1614 2486 ἡμῶν
1647 2411 1784 2483 πρὸς
1806 2408 1932 2471 τοὺς

2033 575 2122 629 bet
2149 575 2362 638 afferre,
2397 575 2574 644 primo
2599 571 2816 642 quidem
2849 579 2904 628 et
2925 579 3052 627 ante
3073 572 3255 626 omnia
3301 572 3443 627 ﬁlios
3465 573 3612 628 arie-

2032 676 2171 729 tum,
2201 681 2310 720 non
2373 667 2594 728 arietes,
2625 664 2888 734 quoniam
2942 665 2998 718 in
3033 665 3247 734 psalmo
3303 664 3612 734 quadrage-

2032 759 2172 813 simo
2205 767 2402 827 quarto
2437 755 2694 811 Ecclesia:
2721 771 2786 811 ex
2842 756 3100 825 gentibus
3138 765 3342 810 coactae
3368 755 3610 832 dicitur:

2031 844 2140 898 Pro
2155 845 2392 914 patribus
2413 845 2515 898 tuis
2529 845 2642 897 nati
2674 853 2796 898 sunt
2825 844 2920 896 tibi
2954 844 3136 912 ﬁlii“.
3158 843 3454 916 Eidemque
3475 861 3614 916 prae-

2029 935 2232 1006 cipitur
2267 941 2326 988 ut
2359 941 2576 1005 patrum
2602 949 2828 990 suorum
2854 934 3217 989 obliviscatur
3248 935 3334 991 his
3377 936 3560 992 verbis
3596 955 3612 992 :

2028 1026 2190 1090 Audi,
2219 1025 2358 1095 filia,
2389 1037 2438 1080 et
2468 1025 2604 1092 vide,
2639 1034 2692 1079 et
2731 1025 2934 1078 inclina
2966 1041 3150 1080 aurem
3211 1035 3379 1094 tuam,
3403 1036 3452 1082 et
3477 1027 3614 1082 obli-

2029 1119 2221 1172 viscere
2251 1119 2502 1188 populum
2533 1127 2702 1183 tuum,
2727 1125 2776 1171 et
2797 1117 3012 1172 domum
3040 1118 3208 1184 patris
3244 1119 3361 1172 tui:
3398 1125 3448 1168 et
3489 1135 3614 1173 con-

2029 1212 2256 1279 cupiscet
2287 1209 2397 1265 Rea:
2441 1210 2680 1265 decorem
2729 1219 2898 1274 tuum,
2950 1211 3076 1280 quia
3105 1211 3216 1280 ipse
3245 1221 3324 1265 est
3353 1210 3612 1267 Dominus

2031 1311 2150 1356 tuus
2177 1303 2247 1358 ⁸⁵.
2281 1301 2406 1357 Hch
2459 1303 2604 1357 enim
2647 1317 2754 1356 non
2785 1301 2876 1356 alii
2903 1316 3068 1371 quam
3115 1300 3322 1356 Christi
3357 1301 3614 1358 Ecclesia:

2027 1397 2174 1451 dicta
2205 1405 2354 1460 sunt,
2382 1397 2706 1451 cohortante
2732 1395 2880 1448 illam
2907 1393 3116 1465 Spiritu
3153 1395 3364 1460 divino,
3389 1405 3448 1450 ut
3473 1397 3614 1452 obli-

2027 1489 2272 1544 viscatur
2304 1489 2542 1559 priorem
2575 1489 2836 1558 populum
2863 1502 3022 1542 suum
3073 1495 3128 1540 et
3166 1486 3389 1542 domum
3439 1488 3612 1558 patris

2029 1581 2115 1635 sui
2143 1598 2158 1647 ;
2199 1580 2458 1634 nimirum
2485 1579 2554 1634 ob
2580 1579 2964 1649 multiplicium
2995 1577 3226 1634 deorum
3257 1593 3526 1646 errorem,
3548 1595 3613 1641 ac

2027 1679 2244 1742 patrum
2278 1685 2502 1725 suorum
2538 1669 3002 1740 superstitionem.
3057 1668 3266 1724 Deinde
3297 1671 3428 1740 quia
3455 1669 3606 1725 illam

2029 1771 2211 1832 patres
2240 1761 2490 1817 oblivisci
2523 1777 2654 1816 suos
2668 1761 2932 1830 jusserat,
2964 1761 3282 1816 necessario
3323 1761 3488 1818 infert
3519 1763 3611 1820 his

2029 1857 2254 1912 verbis:
2293 1854 2404 1907 Pro
2445 1854 2690 1924 patribus
2742 1855 2846 1908 tuis
2881 1857 2996 1908 nati
3019 1863 3143 1908 sunt
3197 1854 3292 1907 tibi
3343 1856 3464 1926 ﬁlii.
3499 1854 3612 1912 Hos

2031 1947 2170 2003 ﬁlios
2195 1947 2425 2001 arietum
2453 1954 2614 2002 vocat
2651 1947 2724 2002 ob
2779 1946 3012 2002 rationis
3075 1944 3370 2000 defectum.
3415 1948 3612 2004 Postea

2031 2036 2367 2106 subjungith
2417 2035 2618 2104 Aﬂerte
2679 2028 2908 2091 Domino
2955 2040 3182 2110 gloriam
3239 2049 3290 2095 et
3342 2041 3608 2096 honorent.

2028 2127 2201 2196 Cujus
2228 2128 2554 2182 sententiam
2585 2143 2648 2182 ex
2673 2128 2779 2183 hoc
2812 2127 3113 2187 Salvatoris
3144 2133 3323 2188 nostri
3345 2135 3410 2188 ad
3444 2133 3613 2187 disci-

2029 2221 2188 2290 pulos
2216 2219 2422 2273 monito
2449 2218 2721 2288 intelligas
2747 2237 2760 2274 :
2790 2219 3024 2276 Luceant
3053 2241 3212 2294 opera
3235 2235 3406 2278 vestra
3430 2241 3611 2278 coram

2029 2309 2348 2376 hominibus,
2378 2321 2434 2363 ut
2459 2309 2684 2365 videntes
2721 2312 2858 2366 bona
2885 2331 3042 2384 opera
3088 2325 3278 2383 vestra,
3313 2317 3609 2388 gloriﬁcent

2035 2401 2250 2457 Patrem
2273 2411 2499 2457 vestrum
2525 2403 2616 2472 qui
2633 2403 2688 2456 in
2713 2405 2857 2460 caelis
2887 2417 2963 2462 est
2997 2407 3061 2459 “.

347 2492 1093 2593 μαθῇτὰςνπαρακελεύσεως,
1127 2509 1194 2564 δι’
1223 2503 1292 2580 ἦς
1321 2508 1577 2578 παραινεῖ
1617 2503 1791 2572 λέγων
1825 2497 2008 2558 αὐτοῖς
2029 2511 2044 2524 ⁶
2075 2492 2376 2563 Λαμψάτω
2405 2495 2478 2548 τὰ
2539 2497 2684 2567 ἔργα
2715 2496 2881 2566 ὑμῶν
2939 2497 3284 2568 ἔμπροσθεν
3337 2497 3458 2552 τῶν
3507 2499 3612 2554 ἀν-

347 2585 617 2679 θρώπων,
649 2585 828 2672 ὅπως,
860 2603 1199 2670 ,βλέποντες
1224 2603 1298 2654 τὰ
1322 2599 1480 2654 καλὰ
1518 2596 1686 2667 ὑμῶν
1715 2595 1880 2664 ἔργα,
1919 2585 2227 2654 δοξάσωσι
2280 2587 2388 2642 τὸν
2415 2588 2648 2656 Πατέρα
2673 2587 2843 2657 ὑμῶν
2879 2587 2988 2641 τὸν
3040 2588 3110 2642 ἑν
3141 2589 3276 2656 τοῖς
3311 2589 3608 2657 οὐρανοῖς.

419 2703 534 2755 Καὶ
575 2699 755 2772 τρίτον
783 2698 883 2752 ¹ἔτι
937 2698 1074 2770 πρὺς
1111 2697 1340 2758 τούτοις,
1375 2691 1558 2763 φέρειν
1612 2687 1690 2760 τῷ
1735 2685 1928 2758 Κυρίῳ

349 2791 678 2864 προστάττει
733 2789 1037 2862 συμφώνως
1074 2791 1102 2842 ὁ
1144 2786 1280 2859 μετὰ
1311 2789 1496 2857 χεῖρας
1515 2781 1748 2853 ψαλμὸς,
1779 2779 1874 2832 καὶ

348 2881 701 2953 ὲνενηκοστὸς
751 2880 1018 2950 πέμπτος,
1067 2875 1220 2939 δόξαν
1267 2873 1492 2942 ὀνόματι
1531 2867 1716 2921 αὐτοῦ.
1769 2862 1928 2934 Αὐτῷ

353 2975 454 3044 μὲν
482 2972 592 3043 γὰρ
653 2969 1034 3042 προσφέρομεν
1060 2965 1218 3029 δόξαν
1245 2963 1332 3017 διὰ
1368 2960 1650 3031 δογμάτων
1683 2954 1930 3028 ἐρρωμέ-

347 3081 490 3120 νων·
532 3064 670 3118 ἀλλὰ
711 3065 804 3116 καὶ
853 3061 1018 3132 τιμὴν
1057 3057 1206 3130 αὐτῷ
1252 3053 1652 3129 προσφέρομεν,
1699 3047 1927 3118 πειθαρ-

349 3159 576 3230 γοῦντες
635 3156 1012 3226 προστάγματι
1049 3151 1302 3221 λέγοντι·
1359 3149 1502 3218 Τίμα
1550 3143 1657 3198 τὸν
1709 3141 1928 3208 Κύριον

348 3253 474 3308 ἀπὸ
517 3248 646 3304 σῶν
688 3248 931 3301 δικαίων
959 3247 1178 3308 πόνων,
1209 3240 1305 3295 καὶ
1325 3239 1596 3309 ἀπάρχου
1623 3234 1782 3302 αὐτῷ
1809 3231 1927 3288 ἀπὸ

347 3344 482 3398 σῶν
517 3341 765 3412 καρπῶν
795 3339 1203 3404 δικαιοσύνης.
1253 3333 1344 3404 Τῷ
1393 3333 1450 3386 δὲ
1501 3331 1724 3401 ὀνόματι
1763 3321 1927 3380 αὑτοῦ

346 3433 510 3499 δόξαν
549 3432 942 3504 περιάπτομεν,
1005 3425 1222 3480 ἐπειδὰν
1253 3423 1444 3494 λάμπῃ
1497 3421 1651 3492 ἡμῶν
1681 3417 1749 3470 τὰ
1792 3416 1928 3487 ἔργα

345 3527 662 3599 ἔμπροσθεν
724 3525 833 3578 τῶν
883 3520 1220 3594 ἀνθρώπων·
1256 3517 1395 3572 ὥστε
1448 3515 1690 3588 ὁρῶντας
1732 3509 1928 3574 αὐτοὺς

345 3613 594 3680 δοξάζειν
648 3613 738 3666 τὸν
789 3611 1008 3682 Πατέρα
1062 3609 1218 3680 ἡμῶν
1271 3607 1361 3660 τὸν
1400 3609 1458 3659 ἐν
1503 3607 1616 3667 τοῖς
1659 3604 1926 3674 οὐρανοῖς.

349 3709 544 3770 Ὅπως
559 3706 618 3758 δὲ
637 3705 786 3777 παρὰ
811 3705 924 3767 τοῖς
954 3702 1130 3756 ἔθνεσι
1155 3700 1216 3753 τὸ
1236 3699 1406 3770 ὃνομα
1433 3695 1597 3751 αὐτοῦ
1624 3693 1926 3760 δοξάζεται,

343 3799 443 3852 καὶ
473 3799 504 3850 ὁ
553 3796 642 3851 διὰ
685 3795 778 3849 τοῦ
813 3797 1090 3868 προφήτου
1139 3791 1434 3864 παρίστησι
1499 3789 1656 3857 λόγος
1703 3787 1837 3858 πρὸς
1868 3785 1930 3838 τὸ

358 3885 634 3939 Ἰουδαίων
697 3885 846 3948 ἔθνος
919 3883 1334 3952 ἀποτεινόμενος
1385 3881 1480 3932 καὶ
1555 3877 1728 3946 λέγων
1748 3892 1760 3903 ·
1809 3877 1929 3930 Οὐκ

345 3977 486 4030 ἐστι
527 3993 648 4048 μου
690 3975 916 4044 θέλημα
969 3975 1038 4028 ἐν
1083 3974 1246 4043 ὑμῖν,
1285 3971 1448 4042 λέγει
1515 3972 1730 4039 Κύριος
1777 3982 1929 4022 παν-

345 4067 670 4136 τοκράτωρ,
717 4068 814 4120 καὶ
873 4066 1094 4122 θυσίαν
1133 4068 1206 4120 οὐ
1249 4063 1650 4133 προσδέξομαι
1701 4063 1770 4115 ὲκ
1813 4060 1932 4115 τῶν

347 4160 567 4230 χειρῶν
610 4159 805 4230 ὑμῶν·
842 4159 990 4213 διότι
1047 4159 1162 4214 ἀπὸ
1216 4155 1526 4213 ἀνατολῶν
1557 4157 1736 4225 ἡλίου
1754 4155 1932 4224 μέχρι

347 4250 605 4319 δυσμῶν
623 4251 981 4316 δεδόξασται
1006 4249 1072 4304 τὸ
1097 4248 1284 4318 ὄνομα
1297 4267 1416 4318 μου
1447 4249 1517 4301 ἐν
1542 4247 1666 4313 τοῖς
1690 4246 1894 4300 ἔθνεσι
1913 4263 1926 4276 ·

347 4347 448 4398 καὶ
473 4347 736 4398 ἐνπαντὶ
761 4347 921 4412 τόπῳ
965 4343 1229 4413 θυμίαμα
1271 4340 1670 4411 προσφέρεται
1692 4337 1772 4404 τῷ
1797 4339 1922 4391 ὀνό-

2015 2683 2018 2686 ’
2108 2683 2190 2738 Ad
2223 2683 2340 2738 bazc
2371 2681 2555 2747 tertio,
2599 2696 2840 2749 praesens
2899 2681 3166 2751 psalmus,
3223 2685 3314 2736 cui
3345 2689 3612 2738 consonat

2027 2783 2418 2855 nonagesimus
2442 2780 2688 2850 quintus,
2724 2779 2971 2848 praecipit
2997 2778 3192 2834 aﬁ‘erre
3223 2777 3458 2834 Domino
3491 2779 3610 2849 glo-

2027 2880 2168 2934 riam
2211 2875 2419 2932 nomini
2473 2873 2614 2945 ejus.
2668 2871 2777 2942 Ipsi
2845 2887 3103 2942 namque,
3161 2887 3258 2942 per
3306 2871 3610 2927 doctrinam

2031 2985 2246 3034 sanam,
2285 2967 2513 3038 gloriam
2573 2963 2888 3030 adferimus;
2929 2962 3025 3017 sed
3081 2969 3138 3018 et
3180 2963 3443 3017 honorem
3505 2959 3612 3031 ipsi

2031 3061 2334 3122 aﬂ'erimus,
2364 3057 2410 3113 si
2433 3055 2564 3110 huic
2589 3055 2708 3124 ejus
2731 3060 3006 3124 praecepto
3023 3067 3313 3123 pareamus
3345 3069 3358 3106 :
3395 3051 3612 3105 Honora

2030 3153 2318 3210 Dominum
2349 3151 2413 3205 de
2447 3150 2552 3202 tuis
2581 3147 2742 3216 iustis
2780 3145 3074 3208 laboribus,
3121 3153 3169 3198 et
3193 3144 3461 3214 primitias
3484 3143 3614 3213 σπει-

2029 3249 2129 3317 ipsi
2158 3245 2221 3300 de
2254 3245 2357 3298 tuis
2377 3241 2608 3312 justitia:
2629 3238 2888 3307 fructibus
2913 3237 2988 3291 ⁵⁷.
3043 3235 3262 3291 Nemini
3289 3244 3470 3290 autem
3493 3236 3614 3304 ejus

2030 3337 2260 3410 gloriam
2283 3333 2661 3392 conciliamus,
2678 3329 2722 3384 si
2741 3329 2962 3399 quando
2991 3328 3209 3383 luceant
3231 3343 3396 3398 opera
3423 3334 3614 3382 nostra

2029 3443 2216 3485 coram
2247 3425 2562 3481 hominibus
2583 3467 2597 3490 ,
2631 3423 2706 3477 ita
2761 3430 2822 3475 ut
2872 3419 3121 3474 videntes
3155 3419 3258 3488 ipsi
3309 3417 3614 3488 gloriﬁcent

2030 3519 2246 3573 Patrem
2278 3523 2529 3571 nostrum
2551 3514 2642 3584 qui
2668 3515 2722 3566 in
2753 3511 2908 3567 caelis
2941 3517 3046 3564 est.
3080 3508 3202 3574 Quo
3235 3519 3396 3578 pacto
3431 3517 3614 3563 autem

2031 3611 2194 3666 etiam
2227 3608 2370 3679 apud
2425 3615 2616 3678 gentes
2645 3603 2852 3659 nomini
2917 3601 3038 3671 ejus
3091 3600 3267 3670 gloria
3315 3598 3610 3664 referatur,

2032 3701 2120 3755 hic
2150 3701 2424 3770 propheta:
2457 3713 2634 3753 sermo
2668 3695 2927 3758 declarat,
2963 3693 3057 3764 qui
3085 3691 3368 3747 Iudaicam
3398 3701 3612 3763 gentem

2031 3792 2276 3863 respicit,
2315 3798 2366 3844 et
2403 3792 2481 3844 sic
2513 3788 2676 3842 habet
2709 3803 2722 3838 :
2757 3785 2881 3840 Non
2915 3794 2992 3839 est
3014 3783 3256 3838 voluntas
3293 3798 3408 3836 mea
3435 3782 3492 3835 in
3521 3797 3612 3836 vo-

2033 3881 2134 3945 bis,
2168 3881 2297 3934 dicit
2364 3879 2616 3932 Duminus
2667 3877 3019 3944 omnipotens,
3065 3883 3114 3928 et
3146 3874 3474 3944 sacri/icium
3509 3888 3616 3926 non

2033 3975 2285 4042 accipiam
2311 3971 2373 4026 de
2393 3971 2634 4024 manibus
2663 3971 2881 4032 vestris;
2903 3968 2966 4022 ab
2995 3975 3113 4022 ortu
3133 3967 3270 4021 enim
3301 3965 3431 4020 solis
3453 3981 3617 4036 usque

2034 4067 2102 4119 ad
2137 4082 2382 4118 occasum
2418 4064 2780 4135 glori/iculum
2807 4069 2884 4115 est
2935 4075 3122 4113 nomen
3153 4073 3323 4112 meum
3361 4057 3416 4109 in
3443 4055 3616 4126 genti-

2036 4161 2159 4222 bus,
2195 4167 2242 4212 et
2275 4157 2496 4210 inomni
2525 4157 2638 4209 loco
2679 4153 2977 4225 thymiama
2994 4151 3211 4220 offertur
3242 4149 3446 4202 nomini
3475 4161 3612 4210 meo,

2033 4261 2081 4306 et
2124 4249 2445 4319 sacriﬁcium
2502 4247 2776 4300 mundum.
2819 4245 2959 4311 Quia
3000 4259 3253 4312 magnum
3308 4251 3386 4295 est
3427 4254 3616 4292 nomen

2036 4358 2204 4395 meum
2235 4341 2288 4392 in
2320 4338 2554 4410 gentibus
2583 4355 2600 4391 :
2630 4347 2678 4390 et
2709 4352 2797 4389 vos
2822 4334 3090 4404 polluistis
3125 4330 3260 4386 illud
3281 4331 3347 4385 ⁵⁸.
3389 4329 3470 4383 Ad
3500 4329 3618 4383 haec

341 4437 493 4506 μστι
517 4455 636 4505 μου
665 4438 762 4490 καί
789 4437 969 4490 θυσία
999 4434 1247 4504 καθαρά·
1278 4435 1425 4488 διότι
1455 4433 1612 4503 μέγα
1645 4433 1710 4486 τὸ
1747 4430 1928 4501 ὄνομά

2033 4433 2216 4489 omnia
2247 4432 2306 4498 ii,
2331 4431 2421 4500 qui
2461 4429 2554 4482 lilii
2588 4427 2684 4482 Dei
2717 4441 2840 4482 esse
2872 4425 3241 4487 declarantur,
3273 4423 3483 4478 scilicet
3521 4419 3614 4473 ﬁlii

343 4549 467 4600 μου
487 4531 559 4584 ἐν
578 4531 701 4596 τοῖς
724 4530 965 4584 ἔθνεσιν
985 4547 998 4559 ·
1029 4528 1194 4597 ὑμεῖς
1225 4527 1292 4580 δὲ
1318 4525 1730 4594 ,ϐεϐηλοῦντες
1762 4524 1930 4576 αὑτό.

351 4625 500 4694 Πρξρς
532 4622 740 4686 τούτοις
789 4622 990 4675 ἅπασιν
1022 4622 1072 4674 οἱ
1103 4618 1436 4690 δηλωθέντες
1477 4619 1584 4670 uio).
1627 4617 1721 4669 τοῦ
1775 4615 1931 4680 Θεοῦ,

349 4717 385 4782 ἦ
421 4715 530 4767 υἱοὶ
565 4713 671 4766 τῶν
701 4713 869 4785 κριῶν
915 4713 1227 4767 κελεύονται
1287 4714 1611 4783 προσκυνεῖν
1640 4708 1718 4779 τῷ
1744 4707 1936 4780 Κυρίῳ

349 4809 412 4858 ἐν
443 4804 583 4875 αὐλῇ
605 4805 737 4875 ἁγίᾳ.
763 4803 950 4858 αὐτοῦ.
979 4805 1052 4856 Οὐ
1075 4804 1184 4874 γὰρ
1210 4802 1314 4869 ἔξω
1336 4805 1434 4874 τῆς
1460 4801 1630 4870 αὐλῆς
1665 4799 1933 4870 βούλεται,

277 4895 280 4904 ³
347 4895 476 4948 οὐδὲ
501 4894 1007 4965 ἀνακεχωρημένως
1050 4893 1350 4955 ἰδιάζοντας
1395 4892 1720 4962 προσκυνεῖν
1765 4888 1934 4958 αὐτῷ,

347 4985 466 5038 ἀλλ’
495 4986 848 5048 ἀπαντῶντας
871 4987 949 5049 είς
980 4987 1080 5055 τὴν
1123 4983 1448 5056 Ἐκκλησίαν
1480 4981 1663 5036 αὑτοῦ.
1709 4981 1854 5033 Ἀντὶ
1879 4979 1935 5032 δὲ

345 5079 466 5140 τοῦ,
521 5080 592 5132 ἐν
619 5079 778 5148 αὐλῇ
803 5080 942 5149 ἀγιίςι
971 5079 1178 5143 αὐτοῦ,
1217 5081 1246 5131 ὁ
1289 5079 1386 5148 μὲν
1423 5075 1672 5140 Ἀκύλας,
1699 5075 1767 5126 ἐν
1809 5072 1936 5126 δια-

345 5173 606 5240 etp-sesein
647 5174 1003 5243 ἡγιασμένη,
1047 5172 1309 5237 ἐξέδωκεν
1329 5187 1342 5199 ·
1366 5173 1393 5222 ὁ
1416 5169 1472 5222 δὲ
1505 5168 1819 5238 Σύμμαχος,
1867 5167 1936 5219 ἐν

345 5267 702 5335 ὃιαπρεπείᾳ
726 5267 884 5336 ἁγίᾳ.
926 5265 1308 5335 Βούλεταιγὰρ
1350 5265 1496 5334 ἡμᾶς
1528 5265 1556 5315 ὁ
1605 5262 1760 5329 λόγος
1797 5259 1934 5330 μετὰ

2036 4525 2289 4586 arietum,
2321 4521 2583 4589 iubentur
2612 4519 2842 4572 adorare
2865 4515 3158 4570 Dominum
3180 4513 3234 4567 in
3264 4512 3385 4565 aula
3424 4515 3618 4564 sancta

2035 4618 2176 4687 ejus.
2211 4615 2286 4688 (l)
2313 4613 2432 4668 Non
2467 4613 2581 4666 vult
2613 4611 2762 4666 enim
2817 4615 2971 4663 extra
3010 4609 3213 4670 aulam,
3249 4619 3425 4673 neque
3453 4603 3506 4656 in
3530 4615 3618 4656 se-

2023 4713 2220 4770 'cessu,
2251 4713 2345 4758 aut
2385 4709 2628 4758 semotus
2685 4701 2916 4752 adorare
2961 4697 3177 4765 ipsum;
3211 4693 3305 4748 sed
3357 4689 3620 4744 accedere

2035 4800 2188 4869 jubet
2211 4795 2278 4850 ad
2311 4795 2612 4850 Ecclesium
2631 4808 2806 4848 suam.
2847 4787 2991 4842 Loco
3016 4797 3194 4840 autem
3215 4783 3382 4845 illius,
3411 4782 3465 4834 in
3489 4780 3618 4834 aula

2040 4899 2227 4945 sancta
2256 4889 2369 4958 ejus
2389 4929 2402 4952 ,
2445 4886 2662 4956 Aquila,
2692 4886 2746 4936 in
2764 4882 2946 4936 decore
2975 4877 3341 4946 sanctiﬁcata;
3368 4873 3620 4945 Symma-

2045 4983 2182 5037 chus
2216 4995 2368 5044 vero,
2398 4977 2655 5032 indecore
2706 4984 2912 5036 sancto,
2949 4970 3142 5026 edidit.
3176 4967 3301 5020 Vult
3327 4966 3472 5020 enim
3513 4979 3618 5020 nos

2047 5089 2172 5129 cum
2218 5073 2402 5127 debito
2445 5079 2666 5136 ornatu,
2704 5083 2766 5121 ac
2799 5065 2911 5120 Deo
2963 5062 3160 5116 dilecta
3189 5057 3402 5128 justitia
3433 5055 3622 5110 adora-

2046 5167 2253 5220 tionem
2287 5178 2567 5233 peragere,
2605 5157 2882 5215 sanctitati
2911 5165 3138 5226 prorsus
3185 5148 3398 5203 deditos
3431 5161 3495 5199 ac
3523 5145 3622 5200 de-

2041 5259 2176 5313 cori.

347 5365 444 5419 τοῦ
483 5365 784 5435 πρέποντος
821 5365 1047 5433 κόσμου,
1081 5363 1176 5417 καὶ
1215 5362 1314 5432 τῆς
1333 5360 1410 5430 τῷ
1433 5357 1553 5430 Θεῷ
1597 5353 1925 5430 προσφιλοῦς
1997 5352 2344 5424 δικαιοσύνης
2406 5351 2503 5423 τὴν
2559 5345 2932 5420 προσκύνησιν
2995 5339 3287 5402 ποιεῖσθαι,
3329 5336 3483 5398 ὅλους
3523 5333 3622 5388 αὑ-

347 5459 480 5520 τοὺς
511 5459 571 5510 ἐν
598 5458 854 5529 ἁγιασμῷ
879 5456 1202 5528 γενομένους
1230 5454 1326 5508 καὶ
1352 5456 1408 5508 ἐν
1437 5450 1758 5524 εὐπρεπείᾳ.

457 5675 504 5704 ⁸³
563 5673 708 5729 Psal.
763 5687 908 5736 xuv,
953 5671 1037 5726 17.
1111 5670 1157 5702 ⁸⁸
1197 5667 1330 5723 ibid.
1361 5665 1444 5719 Η.

1522 5663 1567 5695 ⁵⁸
1599 5660 1786 5716 Matth.
1813 5675 1865 5724 ν,
1920 5656 2008 5714 16.
2085 5657 2128 5687 ⁶⁷
2169 5653 2332 5708 Prov.
2371 5667 2456 5716 ιιι,
2481 5649 2536 5704 9.

2614 5645 2658 5679 ⁵⁸
2697 5641 2928 5699 Malach.
2957 5656 2994 5710 ι,
3027 5639 3136 5695 10-
3155 5637 3235 5692 ιὲζ.

419 5859 496 5932 (Ι)
525 5853 765 5928 ldipsum
791 5854 901 5912 fere
929 5853 1160 5912 Basilius
1196 5851 1348 5916 dixit,
1377 5863 1482 5920 qua
1507 5845 1572 5903 de
1621 5861 1676 5902 re
1709 5843 1762 5898 in
1790 5837 2104 5914 praefatione
2135 5835 2348 5893 vidcsis.
