4094 6378
499 371 609 428 255

1241 367 1513 423 EUSEBII
1552 366 2035 424 CIESARIENSIS
2071 366 2221 424 OPP.
2260 368 2439 423 PARS
2477 368 2567 425 lli.
2605 400 2678 410 —
2715 366 3118 423 EXEGETICA.

3643 369 3751 427 256

565 480 734 536 Vens.
774 481 827 535 ’5.
873 479 987 534 Vox
1025 479 1240 534 Domini
1284 497 1440 550 super
1490 496 1690 551 aquas,
1733 480 1875 536 Deus
1909 483 2048 552 maje

2248 482 2420 551 Φωνὴ
2452 483 2671 551 Κυρίου
2701 482 2801 536 ἐπὶ
2836 481 2955 536 τῶν
2994 482 3246 546 ὑδάτων.
3277 484 3312 538 ὁ
3344 483 3488 549 Θεὸς
3516 480 3625 552 τῆς
3652 485 3751 539 δός

492 574 651 628 statis
686 572 953 635 intonuit;
996 570 1255 625 Dominus
1291 587 1445 640 super
1484 588 1648 643 aquas
1681 573 1899 628 multas.
1932 571 2071 639 Quia

493 682 620 723 cum
655 667 711 720 in
738 665 944 720 vertice
969 663 1204 719 Carmeli
1240 679 1334 718 aer
1363 679 1590 719 serenus
1619 671 1785 728 esset,
1817 664 2071 720 audiebat

492 775 682 816 vocem
723 773 991 830 aquarum
1025 757 1342 810 multarum.
1387 755 1467 810 Ac
1504 757 1550 812 si
1589 757 1712 827 quis
1758 756 2068 812 summatim

494 852 679 910 omnia
710 851 933 922 colligat
962 865 1083 920 quae
1116 848 1170 902 in
1212 846 1397 903 Veteri
1440 847 1791 905 Testamento
1816 848 1883 903 de
1914 849 2070 920 aquis

492 945 768 1008 feruntur,
805 943 853 998 is
887 957 1022 998 sane
1060 940 1266 996 videbit
1309 940 1476 995 illud:
1513 940 1742 1010 Spiritus
1785 940 1885 994 Dei
1935 941 2071 1010 fere-

492 1038 649 1093 batur
672 1052 828 1105 super
859 1050 1054 1106 aquam
1078 1033 1123 1064 ”
1147 1051 1161 1100 ;
1193 1041 1247 1089 et
1268 1034 1400 1087 illud
1428 1053 1440 1088 :
1470 1031 1713 1087 Educant
1740 1050 1892 1105 aqua:
1910 1034 2071 1103 repti-

490 1129 567 1185 lia
598 1129 902 1183 animarum
930 1126 1237 1189 viventium,
1260 1134 1311 1177 et
1344 1124 1586 1179 volatilia
1607 1125 1683 1189 7°;
1713 1139 1778 1180 ea
1820 1125 1949 1180 item
1975 1124 2071 1179 de-

481 1220 789 1294 prehendet
836 1234 958 1290 quae
1006 1219 1064 1272 in
1118 1217 1325 1272 diluvio
1372 1226 1523 1287 gesta
1580 1223 1742 1278 sunt.
1792 1215 2069 1287 quomodo

483 1311 763 1375 videlicet,
800 1324 925 1364 cum
955 1308 1144 1364 omnia
1169 1307 1329 1378 aquis
1362 1306 1649 1361 submersa
1675 1310 1880 1369 essent,
1917 1304 2068 1359 solus

480 1401 596 1458 Noe
635 1417 760 1457 cum
790 1402 861 1455 iis
891 1400 987 1472 qui
1021 1400 1079 1454 in
1109 1414 1238 1454 arca
1269 1404 1429 1453 erant
1460 1397 1645 1452 salvus
1688 1396 1983 1459 evaserit,‘
2004 1410 2067 1450 ea

481 1493 657 1548 etiam
683 1508 806 1564 qua:
837 1493 892 1546 in
920 1491 1179 1563 Egypto,
1214 1499 1269 1544 et
1299 1489 1356 1544 in
1390 1490 1528 1543 mari
1557 1488 1766 1553 Rubro,
1788 1496 1843 1543 et
1866 1503 1987 1557 quae
2012 1486 2067 1540 in

479 1582 763 1651 Jordane,
811 1600 919 1655 qua
953 1585 1165 1638 ratione
1200 1582 1294 1636 ﬁlii
1339 1580 1505 1637 Israel
1540 1580 1690 1636 sicco
1721 1579 1858 1650 pede
1886 1587 2068 1635 trans-

486 1666 671 1757 ierint.

562 1768 732 1826 Vens.
768 1769 821 1822 4.
873 1768 987 1823 Vox
1010 1766 1229 1821 Domini
1263 1768 1318 1820 in
1352 1766 1562 1821 virtute.
1590 1762 1727 1819 Nam
1757 1764 1853 1835 qui
1882 1764 2065 1818 omnia

2176 576 2288 645 ξης
2353 577 2710 645 ἐϐρόντησε*
2766 577 2979 643 Κύριος
3033 576 3134 630 ἐπὶ
3192 575 3430 631 ὑδάτων
3482 576 3751 635 πολλῶν.

2176 670 2317 733 Ὅτι,
2349 669 2564 740 αἰθρίας
2615 668 2781 740 οὔσης
2848 670 2940 722 ἐπὶ
2975 670 3073 743 τὴν
3106 671 3348 742 κορυφὴν
3392 669 3484 723 τοῦ
3516 670 3751 742 Καρμή-

2173 762 2285 827 λου,
2318 763 2484 832 ἤκουε
2526 762 2708 834 φωνὴν
2770 762 2975 816 ὑδάτων
3011 761 3242 816 πολλῶν.
3274 763 3386 816 Καὶ
3423 762 3580 827 ὅλως,
3623 780 3752 817 συν-

2172 853 2393 923 αγαγών
2417 871 2500 918 τις
2528 854 2597 907 τὰ
2614 856 2670 908 ὲν
2686 855 2751 926 τῇ
2778 854 2988 926 Παλαιᾷ
3014 854 3142 927 περὶ
3172 855 3379 909 ὑδάτων
3411 855 3755 926 ἀναγεγραμ-

2176 945 2332 1017 μένα,
2388 947 2483 999 καὶ
2529 946 2605 1010 ὡς
2654 945 2736 1010 τὸ,
2787 945 3032 1016 Πνεῦμα
3069 945 3177 999 τοῦ
3229 945 3376 1000 Θεοῦ
3430 945 3753 1015 ἐπεφέρετο

2170 1038 2369 1091 ἐπάνω
2395 1038 2501 1091 τοῦ
2535 1038 2782 1105 ὕδατος·
2827 1039 2921 1092 καὶ
2950 1039 3011 1092 τό
3030 1056 3044 1069 ·
3064 1037 3424 1109 Ἐξαγαγέτω
3461 1038 3533 1093 τὰ
3562 1037 3751 1091 ὕδατα

2171 1130 2386 1197 ἑρπετὰ
2416 1133 2505 1199 ψυ
2507 1129 2635 1200 χῶν
2676 1129 2878 1191 ζωσῶν
2907 1130 3005 1184 καὶ
3038 1130 3278 1185 πετεινὰ
3323 1131 3618 1201 πετόμενα
3633 1148 3647 1162 ·
3681 1130 3752 1184 τά

2170 1237 2228 1273 τε
2264 1221 2320 1273 ὲν
2347 1220 2425 1291 τῷ
2455 1221 2846 1293 κατακλυσμῷ,
2874 1222 2969 1286 ὡς,
3016 1223 3270 1277 ἁπάντων
3296 1222 3642 1295 ὑποϐρυχίων
3664 1239 3748 1290 γι-

2170 1312 2426 1382 νομένων,
2457 1313 2615 1384 μόνος
2646 1315 2674 1366 ὁ
2713 1315 2837 1366 Νῶε
2883 1316 2977 1368 καὶ
3018 1317 3067 1368 οἰ
3119 1298 3215 1368 σὺν
3256 1313 3405 1384 αὐτῷ
3434 1312 3748 1378 διεσώζοντο

2169 1401 2226 1453 ἐν
2255 1403 2320 1471 τῇ
2354 1400 2602 1472 κιϐωτῷο
2633 1403 2728 1457 καὶ
2756 1403 2824 1456 τά
2866 1404 2960 1456 ἐπὶ
2989 1404 3087 1475 τῆς
3118 1403 3415 1472 Αἰγύπτου,
3447 1405 3542 1457 καὶ
3583 1403 3651 1457 τὰ
3687 1404 3746 1456 ὲν

2167 1494 2233 1563 τῇ
2274 1492 2509 1564 Ἐρυθρᾷ
2550 1493 2815 1567 θαλάσσῃ,
2842 1496 2937 1548 καὶ
2984 1495 3051 1548 τὰ
3092 1496 3150 1547 ὲν
3190 1494 3269 1565 τῷ
3306 1495 3567 1569 Ἰορδάνῃ,
3598 1495 3745 1559 ὅπως

2170 1583 2386 1657 ἀϐρόχῳ
2421 1584 2541 1638 ποδὶ
2566 1583 2877 1638 διεὸίὸασαν
2903 1585 2954 1638 οἱ
2983 1585 3087 1638 υἱοὶ
3130 1583 3364 1656 Ἰσραὴλ,
3393 1584 3604 1654 ὄψεται.

2240 1760 2411 1831 Φωνὴ
2440 1762 2661 1829 Κυρίου
2697 1762 2769 1815 ὲν
2794 1761 2979 1831 ἰσχύϊ.
3017 1761 3077 1815 '0
3106 1760 3215 1833 γὰρ
3251 1760 3429 1814 πάντα
3460 1759 3657 1832 ἰσχύων
3687 1761 3746 1814 ἐν

487 1866 669 1930 potest
713 1858 767 1914 in
817 1858 1040 1912 Christo
1089 1858 1182 1927 qui
1234 1870 1293 1911 se
1343 1852 1655 1918 confortat,
1708 1852 1757 1907 is
1798 1860 2061 1925 praecepta

2168 1854 2248 1926 τῷ
2293 1855 2675 1926 ὲνδυναμοῦντι
2716 1854 2876 1908 αὑτὸν
2921 1853 3160 1926 Χριστῷ,
3215 1847 3372 1919 οὗτος
3417 1855 3604 1908 ἀκούει
3635 1853 3745 1909 τῶν

489 1952 706 2008 Domini
739 1952 913 2015 audit,
955 1959 1010 2006 et
1034 1965 1098 2004 ea
1135 1948 1476 2017 exsequitur.
1519 1944 1637 2001 Vox
1677 1960 1809 2016 ergo
1851 1942 2067 1998 Domini

486 2060 596 2100 non
626 2044 679 2097 in
704 2042 870 2098 debili
900 2056 964 2097 ac
988 2041 1169 2097 soluta
1206 2040 1410 2105 anima,
1445 2038 1541 2094 sed
1581 2037 1636 2092 in
1677 2036 1902 2092 robusta
1948 2048 2069 2105 quae

484 2138 696 2192 naviter
747 2136 952 2190 bonum
993 2141 1268 2204 operatur.
1338 2131 1453 2186 Vox
1501 2129 1717 2183 Domini
1763 2130 1819 2183 in
1864 2127 2070 2197 magni-

486 2230 721 2300 ﬁcentia.
751 2225 871 2280 Non
919 2241 1016 2296 per
1043 2239 1107 2280 ea
1140 2223 1355 2287 solum,
1408 2222 1609 2292 inquit,
1643 2234 1765 2289 quae
1794 2218 1861 2274 de
1910 2216 2068 2286 aquis

484 2317 633 2373 dicta
660 2318 820 2372 nobis
854 2325 1004 2380 sunt,
1025 2330 1130 2369 vox
1161 2312 1379 2367 Domini
1411 2310 1719 2367 declaratur
1738 2353 1753 2378 ,
1777 2308 1872 2365 sed
1901 2308 2066 2363 etiam

486 2428 585 2484 per
617 2413 873 2467 virtutem
914 2417 968 2464 et
1019 2406 1484 2479 magniﬁcentiam
1517 2405 1660 2475 eius,
1695 2419 1859 2474 quam
1890 2402 2066 2458 oculis

488 2502 897 2576 deprehendere
930 2508 1133 2572 potest,
1164 2497 1420 2570 quisquis
1466 2496 1757 2553 confertim
1800 2496 2064 2550 mundum

489 2608 662 2654 totum
687 2610 1152 2668 quaquaversum,
1172 2601 1227 2648 et
1258 2601 1443 2663 partes
1474 2590 1595 2660 ejus
1625 2589 1904 2660 sigillatim
1934 2603 2066 2643 con-

482 2689 809 2760 templatur,
845 2700 1061 2741 necnon
1120 2682 1551 2738 inenarrabilem
1605 2679 2060 2751 magnitudinem,

486 2780 815 2837 ineﬂabilem
847 2775 1335 2849 pulchritudinem.
1363 2787 1428 2828 ac
1457 2772 1629 2827 multa
1651 2771 1915 2827 varietate
1939 2786 2065 2842 spe-

484 2871 765 2936 ctabilem,
789 2886 911 2941 quae
934 2867 1070 2933 ipsis
1094 2867 1259 2930 inest,
1287 2864 1634 2935 sapientiam.
1654 2862 1784 2929 Quae
1803 2864 2061 2917 nimirum

485 2970 813 3036 potestatem
836 2961 1204 3029 virtutemque
1232 2958 1612 3012 universorum
1634 2954 1847 3025 opiﬁcis
1877 2961 2063 3024 aperte

484 3060 942 3113 commonstrant.
972 3050 1113 3107 Hinc
1144 3058 1230 3107 est
1255 3050 1400 3121 quod
1445 3063 1725 3105 sermones
1758 3048 2061 3119 prophetici

2171 1947 2397 2001 ἐντολῶν
2426 1948 2652 2019 Κυρίου,
2684 1947 2778 2000 καὶ
2806 1950 2969 2001 ποιεῖ.
3004 1946 3159 2018 Φωνὴ
3197 1943 3290 2001 οὖν
3319 1946 3525 2017 Κυρίου
3549 1946 3649 1999 οὑκ
3685 1947 3744 2000 ὲν

2169 2045 2237 2114 τῇ
2290 2040 2507 2095 ἀσθενεῖ
2546 2042 2640 2095 καὶ
2686 2040 2951 2113 λελυμένῃ
2995 2040 3162 2112 ψυχῇ,
3188 2040 3300 2094 ἀλλ’
3343 2042 3401 2093 ὲν
3428 2043 3496 2111 τῇ
3542 2040 3744 2111 εὑτόνῳ

2174 2135 2406 2211 ἰσχυρῶς
2448 2136 2891 2207 κατεργαζομένη
2934 2134 2995 2187 τὸ
3028 2132 3250 2201 ἀγαθόν.
3299 2131 3470 2200 Φωνὴ
3522 2132 3743 2199 Κυρίου

2168 2228 2239 2282 ἐν
2273 2227 2776 2299 μεγαλοπρεπείᾳ.
2808 2227 2881 2279 Οὑ
2925 2224 3012 2279 διὰ
3039 2226 3237 2296 μόνων,
3273 2224 3427 2293 φησὶ,
3454 2226 3562 2277 τῶν
3589 2226 3740 2296 εἰρηο

2170 2319 2347 2390 μένων
2368 2320 2498 2389 ἡμῖν
2525 2335 2593 2371 πε
2604 2319 2654 2389 pl.
2684 2318 2889 2371 ὑδάτων
2919 2318 2951 2388 ἡ
2984 2315 3133 2387 φωνὴ
3159 2316 3489 2387 παρίσταται
3513 2315 3608 2369 τοῦ
3635 2317 3743 2368 Κυ-

2170 2412 2317 2482 ρίου’
2356 2409 2491 2464 ἀλλὰ
2523 2410 2618 2464 καὶ
2650 2408 2738 2463 διὰ
2765 2408 2865 2478 τῆς
2894 2407 3075 2479 ἰσχύος
3106 2407 3272 2460 αὐτοῦ
3308 2409 3402 2460 καὶ
3438 2407 3537 2477 τῆς
3571 2424 3741 2477 μεγα-

2166 2503 2518 2575 λοπρεπείας,
2548 2502 2616 2573 ἢν
2650 2501 2795 2555 ἐστιν
2833 2500 3127 2571 ὀφθαλμοῖς
3158 2500 3491 2570 κατανοῆσαι
3531 2498 3741 2571 ἀθρόως

2165 2594 2255 2680 ’ξὺν
2286 2593 2575 2665 σύμπαντα
2603 2593 2806 2663 κόσμον
2838 2592 3128 2664 ἀπείρατα,
3171 2591 3318 2655 ἰδίως
3359 2608 3419 2644 τε
3449 2591 3517 2644 τὰ
3550 2590 3738 2645 τούτου

2169 2686 2310 2758 μέρη
2353 2686 2707 2757 θεασάμενον,
2732 2686 2801 2740 τά
2823 2701 2883 2737 τε
2914 2684 3115 2755 μεγέθη
3159 2683 3229 2737 τὰ
3253 2684 3624 2756 ἀνεκδιήγητα,
3645 2685 3739 2738 καὶ

2165 2778 2235 2833 τὰ
2277 2778 2627 2849 άνέκφραστα
2668 2777 2860 2848 κάλλη,
2907 2776 3009 2846 τήν
3052 2792 3112 2828 τε
3149 2777 3207 2828 ὲν
3246 2776 3428 2839 αὐτοῖς
3457 2776 3739 2848 ὁρωμένην

2165 2869 2543 2924 πολυποίκιλον
2601 2870 2824 2940 σοφίαν·
2869 2868 2905 2923 ἃ
2951 2868 3016 2939 δὴ
3055 2868 3321 2939 τυγχάνει
3360 2866 3739 2939 παραστατικὰ

2163 2961 2263 3032 τῆς
2294 2962 2386 3015 τοῦ
2434 2961 2843 3034 συστησαμένου
2887 2958 2953 3013 τὰ
3001 2959 3178 3013 πάντα
3220 2957 3501 3030 δυνάμεώς
3543 2975 3604 3012 τε
3646 2960 3739 3013 καὶ

2167 3049 2366 3120 ἰσχύος.
2395 3049 2587 3103 Ἔνθεν
2615 3051 2663 3103 οἱ
2690 3049 3014 3121 προφητικοὶ
3040 3047 3185 3116 λόγοι
3206 3047 3305 3120 τὴν
3335 3047 3611 3118 θεολογίαν
3631 3049 3740 3103 ἀπὸ

488 3148 581 3204 Dei
617 3146 905 3203 scientiam
942 3159 973 3198 a
1007 3143 1382 3215 magnitudine
1413 3155 1638 3211 operum
1676 3140 1796 3210 ejus
1826 3140 2059 3195 mutuati

2164 3141 2261 3212 τῆς
2287 3140 2687 3213 μεγαλουργίας
2718 3139 2882 3195 αὑτοῦ
2917 3138 3354 3213 παρελάμὸανον.
3401 3140 3494 3193 Διὸ
3524 3141 3736 3212 εἴρηται

483 3240 615 3295 sint.
653 3236 1021 3305 Quamobrem
1046 3232 1188 3305 apud
1220 3231 1512 3287 Jeremiam
1547 3230 1755 3285 dictum
1788 3236 1906 3285 est:
1949 3228 2061 3284 Do-

486 3333 660 3386 minus
686 3330 778 3401 qui
820 3328 943 3400 fecit
976 3336 1171 3382 terram
1204 3326 1258 3379 in
1292 3322 1601 3393 fortitudine
1632 3339 1733 3378 sua
1755 3324 1824 3391 7',
1859 3335 1914 3379 et
1953 3337 2060 3378 caa-

485 3432 625 3481 tera.

555 3514 723 3569 Vens.
759 3511 814 3575 5,
843 3510 895 3565 6.
941 3510 1056 3565 Vox
1097 3506 1316 3562 Domini
1350 3503 1729 3576 confringentis
1758 3504 1940 3558 cedros
1964 3517 1983 3555 :
2009 3510 2060 3555 et

484 3607 776 3677 confringet
802 3604 1060 3659 Dominus
1095 3600 1275 3656 cedros
1302 3597 1515 3662 Libani,
1545 3608 1595 3652 et
1625 3598 1938 3652 comminuet
1969 3614 2059 3652 eas

484 3710 739 3769 tanquam
794 3696 1018 3752 vitulum
1067 3693 1292 3758 Libani,
1344 3703 1395 3748 et
1446 3691 1668 3747 dilectus
1724 3691 2060 3761 quemadmo-

484 3809 611 3848 ωιτη
652 3792 798 3862 ﬁlius
844 3789 1201 3845 unicornium.
1248 3786 1365 3843 Hoc
1411 3787 1542 3843 item
1594 3784 1755 3839 modo
1789 3785 2060 3854 interpre-

485 3884 621 3940 teris
645 3902 661 3939 :
694 3897 791 3953 per
819 3882 1051 3937 vitulum
1076 3879 1294 3942 Libani,
1318 3877 1487 3933 lilium
1520 3877 1884 3940 unicornium,
1911 3876 2059 3930 vide-

484 3981 578 4027 tur
599 3971 1032 4042 Hierosolymam
1066 3968 1338 4033 indicare,
1371 3974 1536 4038 atque
1556 3967 1709 4021 illum
1735 3965 1945 4035 pridem
1973 3964 2059 4018 di-

483 4066 685 4121 lectum
717 4064 888 4118 ﬁlium
913 4062 1284 4117 unicornium.
1310 4059 1448 4114 Nam
1479 4074 1546 4116 ex
1577 4058 1786 4115 sanctis
1809 4056 2055 4128 patribus

482 4159 591 4213 orti
629 4164 780 4220 sunt,
828 4157 923 4225 qui
966 4154 1097 4208 olim
1147 4152 1444 4229 unicornes
1483 4150 1885 4213 vocitabantur,
1928 4149 2056 4218 quia

481 4263 595 4303 uno
622 4247 732 4302 Deo
765 4245 935 4301 veluti
965 4259 1136 4299 cornu
1169 4251 1299 4299 sunt
1333 4241 1419 4297 usi
1447 4260 1460 4295 :
1498 4254 1604 4310 qua
1639 4240 1707 4295 de
1754 4254 1814 4294 re
1852 4238 2053 4309 gloria-

482 4339 685 4393 bantur
725 4334 813 4390 bis
851 4334 1070 4390 verbis:
1123 4331 1189 4385 In
1231 4330 1541 4385 teinimicos
1595 4338 1802 4383 nostros
1834 4327 2054 4382 ventila-

483 4428 654 4480 bimus
685 4441 849 4479 cornu
870 4424 941 4477 τ’.
965 4423 1209 4488 Quorum
1240 4421 1334 4475 lilii
1369 4421 1539 4487 fuere,
1565 4419 1733 4474 duces
1761 4416 1954 4473 Snrion
1987 4434 2054 4473 ex

2164 3233 2316 3304 παρὰ
2342 3234 2420 3305 τῷ
2454 3232 2722 3306 Ἱερεμίᾳ·
2761 3234 2974 3302 Κύριος
3017 3236 3049 3287 ό
3090 3231 3349 3300 ποιήσας
3384 3232 3500 3302 τὴν
3526 3232 3643 3304 γῆν
3666 3233 3741 3287 ἐν

2160 3323 2442 3395 τῇλσχύτ
2467 3325 2674 3391 αὑτοῦ,
2714 3324 2808 3378 καὶ
2841 3323 2910 3377 τὰ
2938 3322 3086 3394 ἑξῆς.

2231 3504 2402 3573 Φωνὴ
2444 3504 2665 3573 Κυρίου
2699 3504 3128 3572 συντρίϐοντος
3167 3501 3451 3570 κέδρους’
3494 3502 3734 3570 συντρί-

2160 3597 2262 3663 ψει
2311 3596 2528 3663 Κύριος
2567 3593 2674 3660 τὰς
2711 3593 2963 3661 κέδρους
3013 3591 3123 3645 τοῦ
3165 3590 3451 3645 Λιϐάνου⁸
3493 3590 3594 3643 καί
3631 3593 3735 3644 λε-
3847 3667 3852 3671 .

2159 3685 2377 3739 πτυνεῖ
2412 3682 2601 3751 αὑτὰς
2628 3685 2708 3750 ὡς
2738 3683 2845 3737 τὸν
2876 3684 3117 3753 μόσχον
3158 3683 3264 3736 τοῦ
3306 3681 3565 3736 Λιϐάνου
3607 3680 3735 3754 (sic)

2160 3776 2258 3830 καὶ
2298 3780 2330 3831 ό
2368 3775 2753 3847 ἠγαπημένος
2783 3777 2863 3843 ὡς
2895 3776 3026 3843 υίὸς
3050 3774 3493 3846 μονοκερώτων.
3531 3774 3604 3827 Ἢ
3639 3774 3735 3828 καὶ

2158 3866 2360 3930 οὑτως’
2390 3866 2605 3937 Μόσχον
2648 3866 2790 3919 ἔοικε
2836 3866 3089 3932 Λιϐάνου,
3132 3866 3223 3919 τὸν
3267 3866 3383 3920 υἱὸν
3432 3864 3733 3938 μονοκερώ-

2158 3974 2287 4025 των,
2318 3955 2415 4028 τὴν
2450 3956 2805 4028 Ἰερουσαλὴμ
2830 3957 3029 4026 λέγειν,
3066 3958 3160 4010 καὶ
3198 3957 3289 4010 τὸν
3315 3956 3482 4009 πάλαι
3511 3959 3732 4028 ἠγαπη-

2161 4046 2319 4116 μένον
2353 4045 2465 4100 υἰὸν
2509 4046 2913 4118 μονοκερώτων.
2964 4046 3117 4099 Ἐπεὶ
3166 4045 3414 4117 πατέρων
3447 4045 3731 4113 γεγόνασιν

2159 4139 2350 4208 ἁγίων,
2392 4139 2588 4203 οἵτινες
2634 4138 2882 4208 ἐλέγοντο
2930 4139 3318 4210 μονοκέρωτες,
3349 4137 3439 4191 διὰ
3479 4137 3541 4190 τὸ
3586 4138 3733 4208 μόνῳ

2157 4229 2276 4301 Θεῷ
2313 4230 2502 4302 κέρατι
2528 4230 2848 4303 κεχρῆσθαι,
2874 4230 2950 4294 ὡς
2976 4230 3060 4283 ἐπ’
3085 4229 3231 4300 αὑτῷ
3255 4228 3611 4300 σεμνύνεσθαι
3634 4229 3730 4283 καὶ

2156 4323 2355 4392 λέγειν’
2401 4324 2496 4375 Ἑν
2527 4323 2629 4375 σοὶ
2656 4323 2797 4389 τοὺς
2836 4323 3088 4392 ἐχθροὺς
3116 4323 3285 4393 ἡμῶν
3324 4322 3726 4391 κερατιοῦμεν.

2156 4409 2256 4468 Ὧν
2288 4416 2394 4467 υἱοὶ
2439 4413 2724 4483 γεγόνασιν
2755 4415 2804 4465 οἰ
2839 4414 3128 4485 ἡγούμενοι
3167 4413 3275 4468 τῶν
3320 4415 3384 4466 ὲκ
3429 4414 3728 4485 περιτομῆς

481 4516 926 4580 circumcisione,
961 4515 1043 4570 sic
1066 4518 1211 4569 enim
1245 4513 1301 4567 in
1339 4513 1463 4567 aliis
1491 4512 1824 4567 cditionibus
1852 4526 2055 4565 vocan-

2164 4509 2368 4580 Σαρίων
2396 4508 2469 4579 (1)
2497 4506 2729 4561 ἐνταῦθα
2750 4507 3071 4579 κεκλημένοι
3093 4508 3233 4562 κατὰ
3263 4507 3361 4572 τὰς
3389 4508 3552 4571 ἄλλας
3579 4509 3729 4561 ἐκδό-

482 4620 594 4675 tur,
628 4627 737 4681 qua
774 4624 909 4664 voce
952 4608 1209 4678 principes
1241 4606 1640 4674 signiﬁcantur.
1687 4605 1794 4660 Eos
1827 4606 2055 4660 commi-

2164 4616 2296 4663 σεις,
2326 4600 2355 4652 ὃ
2389 4601 2755 4671 ἑρμηνεύεται
2778 4597 3084 4667 ἄρχοντες,
3107 4597 3199 4661 οὓς
3221 4599 3416 4671 ἀπειλῇ
3445 4598 3727 4671 συνέτριψε

482 4704 706 4761 natione
740 4702 1001 4758 contrivit
1033 4714 1153 4764 sua,
1187 4712 1297 4753 una
1330 4714 1457 4753 cum
1481 4697 1853 4768 Hierosolyma
1887 4713 2049 4768 quam

479 4797 712 4851 vitulum
746 4800 801 4848 et
858 4792 1127 4847 Libanum
1181 4796 1481 4859 nuncupat.
1544 4787 1600 4843 Id
1663 4789 1808 4842 enim
1867 4797 2051 4858 aperte

482 4885 733 4942 Ezechiel
754 4885 1018 4955 propheta
1047 4881 1374 4953 signiﬁcavit
1395 4881 1481 4935 bis
1504 4880 1715 4934 verbis:
1738 4878 1866 4933 Hazc
1886 4879 2048 4932 dicit:

479 4979 675 5052 Aquila
695 4975 914 5049 grandis
938 4992 1252 5047 magnarum
1274 4974 1504 5039 alarum,
1528 4974 1680 5043 longo
1701 4972 2050 5026 membrorum

478 5072 664 5137 ductu,
705 5070 859 5140 plena
910 5066 1198 5139 unguibus,
1242 5066 1556 5135 ductumque
1601 5064 1752 5116 habet
1796 5069 1850 5116 ut
1883 5064 2052 5131 ingre-

477 5164 662 5219 diatur
685 5165 740 5217 in
770 5161 1055 5225 Libanum,
1079 5168 1129 5214 et
1156 5160 1277 5213 tulit
1299 5158 1494 5213 selecto
1524 5156 1686 5220 cedri,
1716 5154 2048 5208 summitates

480 5256 749 5327 frondium
779 5265 1111 5317 tenerarum,
1156 5261 1206 5305 et
1234 5249 1423 5302 detulit
1457 5264 1520 5301 ea
1553 5248 1605 5300 in
1646 5256 1842 5299 terram
1886 5244 2051 5299 Chal-

476 5348 715 5405 dworum
760 5344 1064 5418 [Chanaan]
1108 5344 1173 5399 ".
1233 5341 1365 5408 Quae
1417 5341 1532 5411 ipse
1580 5339 1634 5393 in
1698 5337 2047 5408 sequentibus

479 5439 869 5510 interpretatur
917 5435 1148 5492 dicens:
1198 5432 1332 5487 Cum
1373 5430 1569 5486 venerit
1615 5428 1726 5483 Rea:
1759 5427 2046 5497 Babylonis

548 5592 593 5625 °°
619 5592 817 5648 Genes.
850 5607 890 5656 ι,
916 5590 971 5645 ‘2.

2164 4690 2300 4761 μετὰ
2326 4690 2427 4760 τῆς
2470 4688 2846 4761 Ἰερουσαλὴμ,
2871 4689 2938 4760 ἢν
2967 4689 3165 4760 μόσχον
3196 4689 3299 4759 ἔφη
3340 4690 3434 4744 καὶ⁸
3475 4689 3723 4744 Λίϐανον.

2159 4782 2353 4853 Σαφῶς
2383 4783 2491 4855 γὰρ
2527 4781 2787 4854 Ἰεζεκιὴλ
2824 4782 2853 4833 ὁ
2883 4784 3168 4853 προφήτης
3209 4782 3367 4835 τοῦτο
3413 4782 3726 4854 παρέστησε

2157 4876 2366 4948 φήσας’
2414 4874 2558 4930 Τάδε
2601 4873 2798 4942 λέγει’
2853 4875 2907 4927 '0
2944 4874 3118 4939 ἀετὸς
3166 4876 3199 4927 ό
3239 4874 3427 4943 μένας
3468 4876 3502 4927 δ
3545 4889 3726 4943 μεγα-

2154 4966 2542 5036 λοπτέρυγος,
2584 4970 2617 5021 ό
2642 4965 2872 5036 μακρὸς
2904 4964 2978 5034 τῇ
3020 4964 3277 5029 ἐκτάσει,
3313 4964 3552 5033 πλήρης
3598 4965 3724 5018 ὀνύ-

2157 5076 2280 5126 χων
2307 5058 2374 5124 ὃς
2398 5059 2521 5127 ἔχει
2552 5057 2619 5111 τὸ
2648 5058 2849 5128 ﬁrmat
2878 5057 3174 5112 εἰσελθεῖν
3198 5059 3285 5123 εὶς
3312 5055 3421 5110 τὸν
3444 5057 3725 5117 Λίϐανον,

2156 5151 2254 5204 καὶ
2287 5149 2464 5204 ἔλαϐε
2500 5148 2573 5203 τὰ
2597 5150 2882 5204 ἐπίλεκτα
2923 5147 3031 5217 τῆς
3064 5147 3300 5216 κέδρου,
3334 5148 3406 5202 τὰ
3431 5147 3585 5216 ἄκρα
3617 5146 3726 5212 τῆς

2156 5245 2553 5311 άπαλότητος,
2596 5242 2695 5297 καὶ
2750 5242 3008 5311 ἤνεγκεν
3059 5240 3212 5295 αὐτὰ
3267 5242 3355 5306 είς
3405 5239 3524 5310 γῆν
3576 5242 3727 5293 Xal-

2154 5333 2362 5387 6at’wr'
2390 5333 2426 5387 ἃ
2453 5335 2547 5388 καὶ
2568 5333 2656 5387 διὰ
2681 5333 2790 5387 τῶν
2819 5332 2945 5403 ἑξῆς
2970 5334 3283 5405 ἡρμήνευσε
3312 5331 3485 5401 λέγων
3509 5348 3523 5362 ·
3553 5332 3726 5383 Ὅταν

2154 5426 2301 5495 ἔλθῃ
2327 5425 2627 5493 ,βασιλεὺς
2653 5425 3013 5492 Βαϐυλῶνος
3038 5426 3140 5479 ἐπὶ
3186 5423 3594 5493 Ἰερουσαλὴμ,
3630 5422 3727 5475 καὶ

1071 5590 1116 5621 ⁷⁸³
1150 5586 1280 5645 ibid.
1312 5586 1403 5641 20.
1480 5586 1523 5616 ⁷¹
1577 5582 1776 5639 Jcrcm.
1805 5598 1858 5648 x,
1884 5582 1969 5636 l9.
2045 5581 2093 5614 ⁷³
2121 5579 2267 5635 Psal.
2299 5598 2450 5648 XLIII,
2482 5581 2535 5636 6.
2613 5581 2658 5613 "
2688 5578 2887 5636 Ezech.
2914 5595 3048 5645 xvn,
3080 5580 3132 5635 5.

550 5747 625 5820 (ι)
661 5745 777 5800 Vox
801 5748 1082 5817 Σαρίων.;ι
1105 5746 1328 5820 reliquis
1355 5746 1744 5815 interpretibus
1789 5761 2069 5816 expressa,
2110 5758 2173 5797 ex
2210 5743 2477 5801 Hebraico
2533 5743 2713 5801 Sirion
2763 5740 3017 5801 coniecta
3051 5745 3135 5797 est
3160 5754 3174 5805 ;
3202 5736 3554 5813 Septuaginta
3597 5748 3723 5795 vero

474 5817 809 5890 interpretes
842 5820 1211 5889 ἠγαπημένον,
1236 5817 1505 5883 dilectum,
1530 5822 1878 5874 transtulere.
