4094 6378
315 319 424 372 ‘237

316 528 449 597 τῆς.
503 528 738 591 Τούτους
777 528 886 600 γὰρ
924 529 1212 583 ἐπίλεπτα
1263 527 1354 580 καὶ
1401 529 1553 598 ἄκρα
1602 533 1903 602 κέκληκεν

313 621 721 688 ἁπαλότητος.
767 623 982 692 Μόσχον
1014 622 1071 674 δὲ
1113 623 1284 692 αὐτῆς
1328 639 1460 694 φησι
1506 625 1566 677 τὺ
1610 626 1903 696 θυσιαστή-

318 728 456 782 ριον,
487 713 546 765 ἐν
571 709 615 780 ᾧ
645 713 877 784 μόσχους
907 716 1000 767 καὶ
1029 715 1219 778 θυσίας
1247 716 1511 786 ἀνέφερον
1533 737 1545 746 ·
1573 718 1608 771 ἆ
1637 717 1698 789 δὴ
1728 720 1904 772 πάντα

315 803 706 877 συντέτριπται
749 806 1138 877 μετάΣαρίων,
1157 805 1184 860 ὅ
1217 808 1365 862 ἐστιν
1395 809 1691 880 ἀρχόντων.
1714 811 1900 876 Οὕτως

310 889 408 946 οὖν
440 913 572 966 φησι
605 896 883 967 συντρίψει
914 898 1006 950 καὶ
1049 897 1175 962 τοὺς
1211 900 1268 952 ἐν
1316 903 1427 963 τοῖς
1455 900 1662 964 λοιποῖς
1695 901 1902 956 ἔθνεσιν

309 985 550 1051 ἀσεϐεῖς,
590 989 717 1050 τοὺς
746 989 1137 1059 ἐπαιρομένους
1164 989 1240 1054 ὡς
1267 991 1366 1054 τὰς
1411 992 1636 1064 κέδρους
1669 992 1761 1046 τοῦ
1799 995 1894 1046 Λι-

309 1081 343 1132 ϐ
353 1081 478 1133 ἁνου
487 1121 500 1133 .

383 1169 557 1239 Φωνὴ
589 1170 807 1238 Κυρίου
853 1173 1257 1240 συσσείοντος
1286 1173 1530 1243 ἔρημον,
1572 1177 1900 1230 συσσείσει

309 1264 530 1332 Κύριος
571 1263 685 1331 τὴν
724 1266 946 1334 ἔρημον
992 1264 1212 1332 Κίὶδης.
1259 1267 1497 1338 Ἀληθῶς
1541 1269 1647 1339 γὰρ
1692 1271 1724 1341 ή
1762 1269 1902 1342 σύμ-

309 1375 462 1410 πασα
493 1355 600 1408 τῶν
632 1357 937 1430 ἀνθρώπων
969 1360 1283 1430 οἰκουμένη,
1316 1359 1520 1432 ἔρημος
1547 1359 1681 1415 οὖσα
1706 1363 1898 1433 πρότε-

311 1469 406 1522 ρον
438 1450 572 1504 Θεοῦ
600 1454 852 1519 γνώσεως
878 1454 972 1506 καὶ
995 1453 1296 1518 εὐσεϐείας,
1336 1455 1652 1526 συνεσείσθη
1689 1455 1776 1508 διὰ
1801 1453 1896 1508 τοῦ

305 1545 664 1613 εὐαγγελικοῦ
699 1549 1072 1618 κηρύγματος,
1116 1547 1192 1611 ὼς
1225 1546 1550 1618 μεταϐαλεῖν
1590 1549 1758 1620 αὐτὴν
1789 1549 1897 1602 ἀπὸ

305 1638 511 1701 κακίας
556 1639 637 1700 εἰς
667 1637 887 1709 ἀρετὴν,
937 1640 1031 1692 καὶ
1061 1640 1168 1693 ἀπὺ
1201 1640 1422 1707 ἀγνοίας
1462 1642 1540 1703 εἰς
1584 1641 1896 1714 ἐπιστήμην

305 1727 480 1782 θείαν.
510 1729 737 1797 Γέγονεν
773 1726 863 1783 οὖν
892 1730 950 1797 ἐξ
981 1733 1187 1801 ἐρήμου
1222 1731 1534 1802 οἰκουμένη.

378 1911 552 1978 Φωνὴ
608 1913 831 1981 Kvplov
893 1911 1384 1981 καταρτιζομένου
1440 1910 1728 1981 ἐλάφους,
1791 1911 1891 1966 καὶ

302 2000 690 2069 ἀποκαλύψει
731 2001 1013 2071 δρυμοὺς,
1045 2002 1142 2054 καὶ
1182 2003 1251 2054 ἐν
1292 2001 1370 2067 τῷ
1401 2002 1525 2068 ναῷ
1556 2003 1740 2056 αὑτοῦ
1773 2003 1892 2068 πᾶς

303 2111 396 2159 τις
440 2093 606 2163 λέγει
656 2094 864 2159 δόξαν.
917 2097 1178 2164 Ἑλὰφους
1209 2095 1339 2167 γὰρ,
1381 2096 1566 2167 φησιν,
1615 2099 1642 2149 ὁ
1687 2095 1891 2166 Κύριος

303 2187 781 2256 καταρτισάμενος
805 2205 816 2215 ·
851 2185 987 2250 ζῶον
1034 2187 1334 2259 φιλέρημον
1366 2187 1678 2256 ὁεριοκτόνον
1705 2205 1763 2240 τε
1799 2190 1893 2242 καὶ

303 2279 672 2349 κερασφόρον,
711 2279 804 2333 καὶ
849 2279 990 2332 κατά
1025 2281 1115 2332 τὸν
1164 2281 1327 2350 νόμον
1389 2280 1651 2352 καθαρὸν,
1700 2281 1760 2334 ὃν
1808 2281 1893 2347 ἐξ·

304 2366 558 2436 ἐπεμψεν
576 2369 656 2431 είς
677 2369 774 2439 τὴν
794 2369 1230 2440 προδηλωθεῖσαν
1262 2369 1486 2441 ἔρημον.
1517 2373 1579 2424 ΟΞ
1604 2371 1660 2424 δὲ
1688 2371 1891 2443 ταύτην

300 2459 694 2531 διαδραμόντες
723 2460 850 2522 τοὺς
881 2461 938 2511 ἐν
969 2461 1104 2532 αὐτῇ
1140 2461 1293 2530 ὄφεις
1325 2466 1438 2526 τοῖς
1481 2465 1688 2518 ἑαυτῶν
1729 2484 1891 2519 κατε-

299 2551 560 2621 πάτησαν
591 2551 734 2613 ποσὶ,
764 2552 944 2605 πάντα
991 2569 1050 2604 τε
1081 2552 1149 2606 τὰ
1179 2555 1236 2606 ἐν
1264 2557 1328 2624 τῇ
1357 2556 1548 2626 ἐρήμῳ
1589 2557 1766 2610 ἱοϐόλα
1799 2557 1894 2630 θη-

304 2642 394 2713 ρία
427 2641 648 2713 μακρὰν
687 2642 971 2714 ἀπήλασαν
996 2661 1007 2673 ·
1039 2637 1112 2699 ὧν
1153 2644 1473 2710 ἐλαθέντων,
1510 2649 1892 2721 ἀπεκαλύφθη-

301 2749 404 2786 σαν
435 2737 483 2787 οἱ
517 2735 751 2805 δρυμοί·
784 2737 893 2790 Καὶ
933 2737 1002 2789 ἐν
1043 2737 1123 2802 τῷ
1159 2735 1282 2802 ναῷ
1317 2736 1436 2804 πᾶς
1468 2757 1556 2806 τις
1595 2742 1756 2811 λέγει
1789 2743 1890 2795 δό-

296 2825 440 2889 ξαν.
487 2827 698 2898 Σφόδρα
724 2829 968 2900 ἀκριϐῶς
997 2828 1242 2900 εἴρηται*
1276 2832 1380 2883 Καὶ
1413 2830 1482 2883 ἐν
1513 2831 1592 2897 τῷ
1634 2833 1758 2898 ναῷ
1789 2837 1893 2887 αὺ-

296 2916 410 2969 τοῦ
457 2915 578 2982 πᾶς
613 2935 702 2984 τις
743 2923 910 2988 λέγει
962 2919 1184 2984 δόξαν·
1229 2921 1413 2973 οὐκέτι
1463 2920 1572 2992 γὰρ
1625 2922 1889 2987 Ἰουδαῖοι,

295 3008 421 3061 οὐδὲ
442 3011 471 3061 ὁ
499 3011 566 3062 ἐκ
596 3010 902 3082 περιτομῆς
939 3011 1090 3075 λαὸς,
1127 3011 1262 3064 ἀλλά
1291 3013 1398 3075 πᾶς
1420 3030 1504 3076 τις
1549 3015 1577 3067 ὁ
1609 3013 1667 3078 ἐξ
1713 3015 1891 3068 ἀπάν-

295 3116 406 3153 των
435 3100 546 3153 τῶν
580 3100 749 3154 ἐθνῶν
773 3101 1146 3174 ἐπιστραφείς.
1179 3104 1394 3171 Κύριος
1436 3104 1618 3174 ἰσχὺν
1646 3105 1726 3171 τῷ
1759 3105 1888 3172 λαῷ

293 3193 490 3246 αὑτοῦ
526 3192 736 3247 δώσει·
771 3195 986 3263 Κύριος
1031 3194 1354 3264 εὐλογήσει
1387 3194 1491 3248 τὸν
1516 3194 1671 3248 λαὸν
1700 3196 1887 3250 αὐτοῦ

294 3285 368 3336 ἐν
393 3283 628 3354 εἰρήνῃ.
835 3291 844 3300 “

834 3377 1128 3429 ΨΑΛΜΟΣ
1163 3376 1338 3429 ΩΔΗΣ

292 3467 440 3520 ΤΟΥ
462 3467 936 3522 ΕΓΚΔΙΜΣΜΟΥ
960 3470 1097 3523 ΤΟΥ
1121 3470 1333 3524 ΟΙΚΟΥ
1357 3471 1499 3526 ΤΟΥ
1527 3471 1728 3525 ΔΑΥΙΔ
1753 3471 1882 3528 ΚΘ’.

368 3598 514 3652 Ἀλλ’
549 3599 694 3653 εἴποι
728 3601 813 3666 τίς
856 3601 922 3655 ἂν
959 3601 1098 3673 πρὸς
1138 3603 1316 3670 τοῦτο,
1346 3603 1422 3667 ὼς
1455 3604 1711 3675 οὐδεμίαν
1744 3607 1887 3659 οἰκο-

291 3689 469 3761 δομῆς
499 3691 650 3744 οἴκου
679 3691 863 3762 ἧναοῦ
898 3696 1132 3748 ποιεῖται
1166 3695 1386 3766 μνήμην
1412 3711 1426 3724 ⁸
1461 3693 1580 3748 οὐδέ
1612 3713 1696 3759 τις
1730 3696 1884 3766 λόγος

290 3783 446 3834 ἐστὶν
490 3783 548 3835 ἐν
582 3783 663 3853 τῷ
704 3783 903 3856 ψαλμῷ
941 3785 1238 3856 δυνάμενος
1277 3786 1540 3858 ἁρμόζειν
1587 3789 1883 3856 ἐγκαινίοις

290 3874 469 3939 οἴκου,
533 3875 610 3940 ὼς
663 3877 877 3948 νομίσαι
941 3878 1062 3932 τινὰ
1129 3879 1222 3932 ἐπὶ
1289 3879 1628 3951 ἐγκαινισμῷ
1675 3880 1770 3933 τοῦ
1825 3884 1883 3935 ἐν

302 3965 704 4036 Ἰεροσολύμοις
727 3966 833 4020 νεὼ
857 3968 947 4022 τὸν
975 3968 1335 4040 προκείμενον
1361 3969 1576 4040 ψαλμὸν
1605 3972 1878 4042 εἰρῆσθαι.

302 4056 448 4108 Ἀλλ’
490 4057 617 4110 ἐπεὶ
647 4057 1097 4131 προγέγραπται,
1133 4057 1307 4131 ’ῼδῆς
1353 4060 1742 4130 ἐγκαινισμοῦ
1773 4062 1880 4116 τοῦ

288 4149 508 4203 οἵκου·
565 4151 761 4204 σκόπει
808 4153 1015 4222 μήποτε
1070 4152 1218 4206 οἶκον
1261 4153 1493 4207 ἐνταῦθα
1537 4155 1636 4226 τὴν
1683 4155 1878 4209 ἑαυτοῦ

291 4239 472 4310 ψυχὴν
503 4239 798 4293 αίνίττεται
819 4257 831 4270 ·
874 4242 931 4293 ἐν
1027 4242 1089 4294 τὸ
1121 4241 1260 4296 θεῖον
1292 4243 1533 4315 Πνεῦμα,
1567 4244 1642 4308 ὡς
1679 4247 1735 4297 ἐν
1764 4245 1878 4316 ναῷ

292 4332 527 4401 οἱκῆσάν
572 4347 724 4397 ποτε,
763 4332 941 4403 καιρῷ
971 4351 1075 4386 τινι
1115 4333 1320 4405 ἔρημον
1351 4336 1520 4406 αὐτὴν
1560 4336 1874 4390 καταλέλοι-

291 4440 414 4486 πν,
480 4423 844 4495 ἀναχωρήσειν
896 4423 982 4478 διὰ
1039 4424 1138 4496 τὴν
1199 4425 1679 4498 πλημμεληθεῖσαν
1727 4429 1875 4500 αὐτῷ

1454 319 1962 377 ΕΟΜΜΕΝΤΑΒΞΑ
2004 323 2072 378 ΙΝ
2110 319 2448 378 PSALMOS.

314 435 574 506 λήψεται
600 437 707 490 τὸν
738 435 1003 496 ,βασιλέα
1031 436 1222 507 αὐτῆς
1258 440 1353 492 καὶ
1381 440 1485 492 τὸν
1512 440 1775 510 ἄρχοντα
1799 445 1886 495 αὺ-

2006 443 2060 494 in
2105 441 2402 496 Jerusalem
2430 483 2443 507 ,

3473 331 3583 387 233

2520 451 2752 495 assumet
2809 459 2979 512 regem
3044 461 3158 510 ejus
3189 454 3238 499 et
3295 448 3580 519 principem

2007 535 2121 603 ejus
2145 534 2286 588 ’λ’-⁸³.
2304 533 2414 588 Hos
2440 535 2631 588 selecta
2655 542 2831 602 vocat,
2859 547 2908 590 et
2934 537 3262 592 summitates
3310 540 3582 608 frondium

2008 636 2307 681 tenerorum
2358 628 2498 696 ejus.
2530 627 2774 681 Vitulum
2815 636 2994 683 autem
3022 631 3164 700 ejus,
3194 631 3364 688 altare
3398 642 3578 698 vocat,

2006 720 2060 773 in
2091 736 2198 790 quo
2222 721 2421 774 vitulos
2453 728 2506 775 et
2547 719 2815 774 sacrificia
2846 720 3166 778 oll'crebant.
3204 723 3335 790 Qua:
3374 727 3579 790 omnia,

2006 831 2112 868 una
2143 831 2265 869 cum
2303 812 2512 876 Sariis,
2547 812 2598 866 id
2641 819 2725 867 est
2772 813 3116 883 principibus
3162 815 3303 885 ejus,
3342 817 3580 872 contrita

2005 921 2153 961 sunt.
2189 906 2285 972 lta,
2325 906 2523 975 inquit,
2568 913 2890 959 emterarum
2928 907 3167 975 gentium
3205 909 3403 978 impios
3447 924 3580 965 con-

2003 1003 2163 1062 teret,
2198 997 2288 1067 qui
2322 997 2495 1051 instar
2526 996 2818 1050 cedrorum
2852 994 3044 1051 Libani
3081 998 3451 1068 erigebantur.

2074 1177 2240 1232 Vnus.
2271 1176 2324 1230 8.
2384 1175 2498 1229 Vox
2546 1175 2764 1230 Domini
2811 1176 3155 1232 concutientis
3195 1177 3479 1242 desertum,
3527 1187 3578 1233 et

2003 1270 2341 1325 commovebit
2389 1267 2650 1323 Dominus
2695 1271 2960 1324 desertum
3015 1269 3204 1324 Cades.
3244 1269 3383 1325 Vere
3430 1280 3577 1327 totus

2000 1365 2151 1420 orbis
2185 1365 2488 1426 hominum,
2510 1379 2635 1416 cum
2664 1371 2790 1417 ante
2820 1362 2914 1416 Dei
2944 1363 3254 1433 cognitione
3291 1379 3353 1418 ac
3379 1364 3578 1434 pietate

1999 1467 2206 1507 vacuus
2235 1460 2286 1506 et
2331 1451 2582 1507 desertus
2616 1461 2795 1515 esset,
2831 1467 2928 1521 per
2967 1453 3336 1524 evangelicam
3380 1455 3577 1524 praedi-

1999 1545 2271 1598 cationem
2308 1553 2619 1598 commotus
2653 1551 2774 1607 est,
2826 1543 2900 1596 ita
2936 1554 2991 1598 ut
3021 1559 3051 1597 a
3093 1545 3335 1615 nequitia
3365 1547 3431 1600 ad
3462 1547 3575 1601 vir-

1999 1646 2170 1690 tutem
2193 1679 2206 1701 ,
2246 1635 2314 1689 ab
2357 1635 2664 1704 ignorantia
2701 1634 2768 1688 ad
2792 1636 3074 1690 scientiam
3114 1636 3351 1690 divinam
3388 1643 3572 1692 trans-

2001 1737 2224 1782 mearet.
2273 1726 2351 1780 Ex
2386 1727 2603 1782 deserto
2649 1727 2815 1798 igitur
2848 1727 3126 1783 habitatus
3155 1728 3304 1783 orbis
3347 1728 3573 1786 eﬂectus

1923 1819 1965 1873 Β
1994 1828 2096 1874 est.

2067 1909 2231 1965 Vens.
2268 1909 2450 1965 9-H.
2505 1909 2617 1963 Vox
2645 1908 2857 1962 Domini
2889 1911 3241 1977 pra'parantis
3285 1927 3479 1975 cervos,
3523 1923 3573 1967 et

1993 2000 2240 2055 reuelabit
2283 2001 2568 2064 condensa,
2601 2010 2647 2053 et
2685 2001 2738 2052 in
2790 2000 2984 2068 templo
3026 2000 3139 2068 ejus
3183 2017 3360 2056 omnes
3400 2001 3571 2056 dicent

1992 2095 2241 2165 gloriam.
2278 2093 2411 2147 Nam
2459 2092 2756 2157 Dominus,
2792 2093 3004 2163 inquit,
3041 2109 3231 2148 cervos
3279 2103 3568 2164 praeparat.

1994 2185 2090 2240 Est
2117 2185 2318 2241 animal
2354 2184 2666 2239 solitudinis
2696 2199 2911 2247 amans,
2954 2185 3299 2253 serpentibus
3328 2186 3568 2248 exitiale.

1992 2285 2046 2331 et
2077 2285 2388 2341 cornutum,
2425 2286 2586 2347 atque
2631 2275 2931 2330 secundum
2966 2276 3137 2347 legem
3168 2278 3430 2331 mundum
3463 2287 3567 2341 est,

1993 2382 2058 2420 ac
2091 2367 2146 2419 in
2171 2365 2490 2436 praedictum
2519 2365 2796 2420 desertum
2823 2365 3085 2421 emissum
3122 2365 3244 2420 fuit.
3269 2365 3374 2433 Qui
3407 2383 3572 2438 porro

1993 2456 2269 2513 desertum
2303 2457 2618 2526 hujusmodi
2649 2463 3000 2527 percurrunt,
3035 2465 3318 2526 serpentes
3341 2458 3574 2528 pedibus

1994 2551 2110 2604 suis
2141 2557 2449 2619 proterunt,
2475 2549 2770 2619 omniaque
2821 2557 3089 2603 venenata
3132 2551 3184 2602 in
3236 2565 3419 2604 eremo
3448 2551 3569 2604 ani-

1995 2643 2158 2697 malia
2221 2642 2410 2712 procul
2463 2641 2707 2711 abigunt.
2765 2639 2975 2706 Quibus
3026 2640 3268 2711 depulsis
3330 2642 3570 2696 revelata

1995 2745 2124 2791 sunt
2158 2743 2448 2805 querceta,
2482 2743 2530 2787 et
2560 2735 2615 2786 in
2660 2734 2850 2799 templo
2887 2733 3001 2801 ejus
3041 2750 3218 2788 omnes
3257 2733 3430 2788 dicent
3452 2733 3571 2805 glo-

1994 2827 2149 2879 riam.
2189 2825 2412 2879 Summa
2447 2833 2595 2879 certe
2646 2826 3000 2878 accuratione
3045 2825 3250 2879 dictum
3280 2832 3384 2889 est,
3434 2837 3483 2881 et
3515 2829 3570 2882 in

1995 2919 2183 2987 templo
2211 2918 2324 2988 ejus
2360 2934 2537 2971 omnes
2573 2915 2745 2970 dicent
2774 2915 3036 2987 gloriam;
3068 2933 3175 2972 non
3203 2920 3347 2973 enim
3371 2917 3565 2985 Judaei,

1993 3025 2168 3080 neque
2215 3010 2448 3080 populus
2478 3025 2544 3063 ex
2580 3008 3034 3074 circumcisione,
3078 3010 3174 3066 sed
3214 3010 3462 3082 quisquis
3501 3029 3567 3068 ex

1993 3103 2249 3158 ominibus
2279 3101 2533 3173 gentibus
2569 3114 2872 3157 conversus
2901 3108 3005 3157 est.
3037 3099 3293 3156 Dominus
3325 3104 3567 3159 virtutem

1993 3193 2182 3262 populo
2217 3209 2314 3247 suo
2345 3191 2530 3256 dabit;
2563 3191 2826 3246 Dominus
2857 3190 3118 3247 benedicet
3165 3195 3355 3263 populo
3384 3212 3478 3250 suo
3511 3196 3566 3248 iu

1993 3302 2138 3355 pace.
2447 3373 2774 3430 PSALMUS
2813 3374 3088 3431 CANTICI

2095 3471 2148 3526 1.
2176 3469 2242 3524 ΙΝ
2269 3467 2728 3524 DEDICATIONE
2766 3467 3004 3524 DOMUS
3039 3467 3246 3523 DAVID
3271 3467 3460 3523 XXIX.

2060 3602 2167 3659 Sed
2203 3603 2437 3659 fortasse
2459 3602 2732 3673 quispiam
2754 3601 2823 3656 ad
2847 3601 2962 3656 haec
2989 3601 3212 3666 dixerit,
3248 3601 3396 3672 quod
3435 3601 3561 3656 uul—

1986 3699 2094 3751 lam
2122 3697 2210 3764 hic
2241 3702 2532 3751 structurae
2571 3695 2768 3750 domus
2814 3694 2930 3750 sive
2972 3695 3160 3765 templi
3204 3694 3370 3749 faciat
3402 3709 3560 3749 men-

1983 3791 2189 3844 tionem
2227 3807 2240 3842 :
2299 3801 2400 3843 nec
2431 3786 2714 3856 quidpiam
2747 3785 2803 3838 in
2837 3786 3049 3854 psalmo
3077 3786 3380 3855 reperiatur
3411 3785 3559 3856 quod

1983 3880 2155 3952 possit
2185 3879 2515 3954 dedicationi
2547 3878 2745 3932 domus
2775 3888 3106 3947 competere,
3140 3886 3201 3932 ut
3249 3879 3374 3947 quis
3405 3887 3564 3948 puta-

1982 3968 2122 4021 verit
2166 3965 2233 4020 de
2271 3966 2457 4036 templi
2501 3964 2983 4036 Hierosolymitani
3039 3965 3384 4022 dedicatione
3417 3969 3564 4023 hunc

1982 4056 2250 4126 psalmum
2278 4055 2688 4123 pronuntiatum
2720 4052 2910 4110 fuisse.
2945 4053 3146 4110 Verum
3177 4057 3438 4126 quoniam
3475 4058 3558 4112 in-

1981 4145 2562 4202 scribiturzPsalmus
2609 4146 2804 4199 cantici
2859 4146 2914 4199 in
2969 4144 3299 4200 dedicatione
3329 4147 3554 4214 domus,

1979 4239 2134 4304 mihi,
2159 4253 2367 4308 quaeso,
2388 4237 2726 4302 consideres,
2752 4253 2882 4292 num
2902 4237 2993 4291 hic
3017 4252 3114 4308 per
3136 4238 3380 4302 domum,
3404 4255 3560 4295 suam

1979 4333 2154 4402 ipsam
2199 4329 2436 4382 animam
2471 4328 2760 4383 adumbret
2802 4347 2814 4382 :
2872 4329 2926 4381 in
2980 4343 3088 4398 qua
3138 4345 3264 4382 cum
3319 4327 3560 4400 Spiritus

1993 4428 2213 4475 sanctus
2243 4435 2344 4474 ceu
2373 4420 2426 4472 in
2457 4417 2662 4488 templo
2714 4416 3008 4487 aliquando
3039 4417 3362 4479 habitasset,
3418 4434 3559 4488 quo-

292 4513 436 4568 κατὰ
483 4513 578 4567 τὸν
619 4515 820 4585 Οὐρίαν
863 4516 956 4568 καὶ
1001 4516 1100 4586 τὴν
1145 4516 1333 4571 τούτου
1376 4521 1609 4586 γυναῖκα
1650 4519 1883 4591 πρᾶξινο

1990 4511 2113 4566 dam
2136 4518 2381 4580 tempore
2409 4509 2681 4563 desertam
2713 4522 2830 4562 eam
2865 4508 3103 4577 reliquit,
3139 4517 3302 4577 atque
3328 4508 3557 4562 recessit

292 4599 357 4650 δι’
390 4602 460 4670 ῆν
494 4600 590 4652 καὶ
625 4601 784 4671 μέχρι
816 4601 909 4655 τοῦ
953 4602 1184 4658 θανάτου
1238 4605 1604 4678 κατελήλυθε,
1652 4609 1720 4662 τά
1773 4611 1878 4680 πρὸ

293 4689 527 4744 θάνατον
566 4692 925 4764 ἁμαρτήσαςο
972 4694 1200 4766 δυνάμει
1247 4697 1305 4750 δὲ
1349 4698 1469 4750 τότε
1523 4700 1618 4752 καὶ
1664 4701 1744 4763 εἰς
1787 4701 1878 4754 τὸν

293 4783 496 4836 λάκκον
521 4822 536 4846 ,
589 4784 682 4837 καὶ
733 4786 812 4847 είς
852 4785 945 4838 τὸν
987 4785 1120 4858 ᾅδην
1168 4788 1471 4861 κατηνέχθη
1494 4831 1507 4855 ,
1565 4790 1768 4863 κατέϐη
1793 4809 1877 4844 ·τε

292 4875 512 4945 ἀληθῶς
541 4876 623 4938 εξς
649 4875 972 4947 διαφθοράν⁸
1021 4877 1097 4940 ὡς
1127 4877 1215 4931 διὰ
1261 4878 1434 4933 ταῦτα
1467 4879 1686 4952 θρήνοις
1712 4881 1876 4934 αὐτὸν

292 4968 593 5038 σχολάσαι,
650 4969 852 5023 σάκκον
902 4987 962 5023 τε
1021 4971 1141 5024 ἀντὶ
1171 4971 1272 5041 τῆς
1318 4972 1598 5044 βασιλικῆς
1650 4973 1878 5043 ἐσθῆτος

295 5058 711 5130 περιϐαλέσθαι.
757 5059 897 5112 Ἀλλ’
941 5061 1129 5133 ἐπειδὴ
1181 5061 1456 5131 ἀξιόλογον
1506 5063 1879 5135 ἐνδειξάμενος

291 5150 611 5219 μετάνοιαν,
647 5152 835 5204 ἑαυτόν
880 5168 940 5204 τε
975 5151 1213 5214 κολάσας
1259 5154 1354 5205 καὶ
1400 5156 1875 5226 τιμωρησάμενος,

290 5241 498 5303 ἱκανῶς
522 5258 584 5293 τε
612 5242 1022 5313 ἐγκαρτερήσας
1051 5246 1170 5306 ταῖς
1202 5243 1672 5316 ἑξομολογήσεσιν,
1705 5249 1876 5316 ἐπαγ-

292 5331 480 5396 γελίαν
523 5331 771 5399 ἀφέσεως
815 5333 914 5403 τῆς
964 5333 1235 5404 ἁμαρτίας
1285 5335 1511 5406 εἴληφε,
1556 5336 1643 5390 διὰ
1687 5339 1780 5390 τοῦ
1813 5341 1877 5392 ἐκ

297 5423 618 5501 σπέρματος
641 5423 804 5476 αὐτοῦ
832 5425 1288 5506 προελευσομένου
1307 5425 1562 5498 Χριστοῦ,
1594 5428 1875 5499 μέλλοντος

299 5514 387 5566 καὶ
419 5514 617 5585 μέχρις
663 5515 789 5585 ᾅδου
833 5517 1263 5587 καταϐήσεσθαι’
1309 5519 1534 5582 εἰκότως
1565 5521 1662 5591 τῆς
1709 5538 1874 5592 κατη-

300 5606 450 5671 φείας
498 5606 839 5676 μεταϐαλὼν,
873 5609 966 5660 καὶ
995 5609 1094 5678 τῆς
1123 5611 1207 5679 ἐφ’
1234 5604 1316 5673 οἷς
1352 5595 1648 5683 ἐτόλμησεν
1681 5611 1870 5683 ἐξομο-

302 5699 604 5767 ιογήσεως,
648 5698 994 5768 εὐχαριστίαν
1037 5703 1348 5772 ἀναπέμπει
1393 5703 1469 5774 τῷ
1509 5703 1629 5774 Θεῷ
1660 5703 1864 5774 λέγων’

374 5848 484 5892 ’⁸ου
509 5850 712 5907 Ezech.
745 5868 876 5913 xvu,
908 5852 992 5908 1‘2.

1983 4606 2054 4659 ob
2084 4611 2358 4675 patratum
2390 4603 2444 4656 in
2470 4601 2657 4656 Uriam
2688 4607 2742 4654 et
2765 4615 2988 4654 uxorem
3015 4599 3135 4668 ejus
3159 4598 3406 4665 facinus;
3432 4600 3559 4655 ideo

1985 4699 2051 4754 ad
2086 4705 2314 4752 mortem
2350 4712 2524 4766 usque
2572 4694 2829 4764 delapsus
2877 4702 2984 4758 est,
3028 4693 3156 4762 quia
3213 4693 3280 4746 ad
3323 4703 3553 4748 mortem

1984 4799 2339 4862 peccaverat;
2394 4789 2503 4843 imo
2549 4789 2761 4843 ratione
2805 4787 3039 4857 quadam
3073 4801 3245 4855 usque
3275 4785 3341 4839 ad
3359 4786 3553 4840 'lacum

1983 4890 2038 4937 et
2071 4882 2138 4936 ad
2186 4881 2457 4936 infernum
2489 4880 2759 4934 deductus
2790 4886 2894 4940 est,
2934 4892 2998 4928 ac
3049 4876 3227 4945 reipsa
3271 4875 3553 4932 descendit

1986 4977 2040 5028 in
2077 4974 2521 5043 corruptionem;
2558 4972 2630 5024 ita
2667 4979 2725 5024 ut
2757 4985 2818 5024 ea
2846 4967 2912 5022 de
2941 4982 3105 5021 causa
3133 4967 3346 5021 fletibus
3376 4982 3435 5020 se
3458 4967 3554 5022 de-

1980 5064 2142 5127 derit,
2171 5079 2233 5118 ae
2265 5078 2364 5133 pro
2402 5064 2546 5133 regia
2578 5070 2729 5117 veste
2764 5075 2983 5116 saccum
3033 5059 3288 5114 induerit.
3321 5061 3390 5113 At
3426 5063 3554 5131 quia

1982 5165 2275 5227 postquam
2306 5156 2527 5224 dignam
2585 5155 2834 5209 exhibuit
2887 5152 3286 5222 pomitentiam,
3334 5167 3398 5206 ac
3433 5168 3554 5207 sese

1980 5247 2266 5317 castigavit
2296 5255 2458 5316 atque
2490 5247 2726 5316 punivit,
2760 5243 3195 5312 congruentique
3225 5250 3468 5311 tempore
3499 5243 3551 5297 in

1979 5340 2422 5396 confessionibus
2449 5338 2841 5409 perseveravit,
2893 5334 3205 5390 remilteudi
3267 5333 3371 5387 sibi
3421 5350 3548 5404 pec-

1980 5433 2087 5486 cati
2116 5432 2536 5502 promissionem
2589 5437 2784 5484 nactus
2824 5435 2928 5489 est,
2961 5441 3056 5494 per
3089 5425 3367 5479 Christum
3400 5425 3544 5480 s"ili«

1980 5529 2065 5577 cet
2121 5538 2186 5577 ex
2238 5521 2359 5591 ejus
2412 5519 2620 5574 semine
2669 5517 3040 5588 proditurum,
3073 5522 3126 5568 ct
3169 5514 3233 5567 ad
3270 5514 3548 5569 infernum

1980 5629 2154 5682 usque
2187 5612 2615 5674 descensurum;
2645 5609 2770 5677 jure
2816 5621 2846 5659 a
2881 5606 3102 5660 tristitia
3137 5613 3189 5659 et
3217 5620 3244 5657 a
3277 5606 3549 5661 scelerum

1976 5704 2321 5759 confessione
2377 5701 2700 5767 translatus,
2733 5699 2940 5770 gratias
2975 5697 3085 5770 agit
3141 5695 3270 5760 Deo,
3307 5696 3498 5751 dicens.
3526 5714 3546 5731 ο
