4094 6378
471 361 578 418 259

1002 353 1268 413 unseen
1307 353 1786 410 cmssmeusrs
1826 321 1978 410 ora.
2033 357 2042 408 1

2145 357 2214 410 is
2278 335 2367 412 ιὶι.
2386 387 2454 398 -
2492 357 2903 412 amoenus.

3608 364 3716 415 Ξδυ

473 471 721 536 Domine,
761 471 993 524 eduxiin
1021 469 1085 521 ab
1115 468 1319 536 inferno
1351 469 1586 520 animant
1608 483 1797 532 meam,
1829 467 2042 521 salvasti

2149 471 2343 536 Κύριε,
2363 468 2658 536 ἀνήγαγες
2685 469 2753 532 ἐξ
2777 469 2924 535 ᾅδου
2943 469 3055 538 τὴν
3078 471 3198 539 tim]
3210 469 3288 537 ήν
3309 488 3448 538 μου,
3477 472 3716 539 ἔσωσας

474 580 557 620 me
579 581 614 620 α
643 562 1069 619 descendentibus
1099 563 1154 614 in
1190 561 1362 613 lacum
1390 577 1407 613 :
1444 563 1758 630 luctumque
1793 577 1954 615 suum
1987 562 2044 614 in

477 657 720 711 laetitiam
748 671 967 710 versum
1007 654 1093 707 his
1118 653 1302 707 verbis
1334 652 1696 706 testiﬁcatur:
1728 653 2044 706 Converlisti

472 749 740 816 planctum
766 762 935 799 meum
965 746 1018 797 in
1046 743 1301 813 gaudium
1332 744 1483 807 mihi,
1509 743 1812 796 conscidisti
1835 761 2045 796 saccum

475 856 644 892 meum
675 849 723 893 et
767 837 1158 890 circumdedisti
1205 853 1286 889 me
1335 836 1544 902 lwtitia.
1591 836 1727 890 Cum
1759 835 1926 905 igitur
1953 835 2044 890 hic

474 929 718 994 domum,
761 927 986 981 Davidis
1014 927 1249 980 animam
1280 926 1524 980 indicare
1554 933 2043 980 commonstratum

475 1021 581 1085 sit,
618 1019 849 1088 hujusce
895 1018 1093 1072 domus
1127 1015 1461 1072 dedicationi
1500 1031 1620 1085 quae
1656 1015 1744 1069 hic
1785 1014 2045 1069 dicuntur

475 1112 710 1182 aptanda
739 1116 888 1164 sunt.

550 1287 711 1344 Vens.
743 1289 798 1352 2,
830 1289 883 1342 5.
927 1286 1194 1340 Exaltabo
1229 1296 1296 1353 te,
1322 1285 1563 1352 Domine,
1588 1288 1838 1356 quoniam
1864 1305 2043 1342 susce-

471 1379 599 1448 pisti
624 1394 723 1441 me,
753 1393 844 1431 nec
873 1376 1144 1430 delectasti
1177 1376 1421 1428 inimicos
1459 1392 1597 1428 meos
1623 1392 1776 1444 super
1805 1393 1905 1431 me.
1930 1377 2043 1430 Do-

472 1473 612 1525 mine
656 1471 792 1523 Deus
818 1486 983 1532 meus,
1007 1471 1246 1544 clamavi
1277 1468 1344 1521 ad
1379 1478 1445 1531 te,
1479 1478 1527 1522 et
1557 1470 1764 1522 sanasti
1800 1487 1898 1524 me.
1935 1469 2044 1522 Du-

473 1563 632 1625 mine,
659 1561 890 1614 etluxisti
923 1561 985 1613 ab
1017 1562 1221 1628 inferno
1248 1561 1478 1613 animam
1507 1577 1697 1624 meam,
1728 1561 2044 1615 salvastime

473 1652 956 1707 adescendentibus
987 1655 1042 1706 in
1071 1655 1266 1706 lacum.
1321 1650 1444 1705 llaec
1492 1650 1660 1705 David
1696 1653 1750 1706 in
1788 1654 2044 1723 praesenti

473 1747 685 1816 psalmo
719 1745 886 1810 dicit;
925 1746 979 1798 in
1009 1746 1274 1814 vigesimo
1323 1746 1556 1816 septimo
1591 1753 1795 1810 autem,
1826 1746 1899 1799 ita
1930 1750 2044 1800 cla-

2141 579 2219 630 με
2245 561 2361 614 ἀπὸ
2401 560 2518 612 τῶν
2548 562 3024 614 καταϐαινόντων
3063 566 3148 626 εἰς
3188 561 3438 624 λάκκον,
3488 563 3716 633 μεταϐε-

2148 651 2373 722 ϐλῆσθαί
2426 669 2484 704 τε
2533 651 2681 722 αὐτῷ
2725 651 2794 704 τὰ
2838 652 2928 704 τοῦ
2979 653 3204 717 πένθους
3252 657 3329 716 εἰς
3381 655 3716 728 εὐφροσύνην

2150 744 2400 815 σημαίνει
2433 744 2526 796 καὶ
2556 744 2621 796 δι’
2645 738 2717 796 ὧν
2751 745 2942 814 φησίνο
2972 746 3302 812 Ἔστρεψας
3336 745 3441 798 τὸν
3464 749 3718 803 κοπετὸν

2147 839 2234 902 εὶς
2287 836 2480 904 χαρὰν
2534 836 2696 904 ἐμοί’
2749 834 3060 903 διέίρηξας
3118 839 3222 889 τὸν
3281 837 3516 890 σάκκον
3573 857 3714 907 μου,

2147 928 2244 982 καὶ
2279 926 2635 996 περιέζωσάς
2669 944 2745 996 με
2785 930 3188 996 εὐφροσύνην.
3226 929 3576 1000 Δεδειγμένου
3610 932 3718 984 τοί-

2147 1038 2242 1073 νυν
2276 1019 2368 1072 τοῦ
2410 1019 2558 1072 οἴκου
2587 1019 2685 1089 τῆς
2724 1018 2815 1071 τοῦ
2852 1018 3009 1070 Δαυῒδ
3041 1020 3234 1090 ψυχῆς,
3272 1021 3378 1092 ἄρα
3420 1021 3495 1091 τῷ
3529 1025 3717 1089 ἐγκαι-

2147 1111 2323 1182 νισμῷ
2376 1111 2468 1163 τοῦ
2516 1109 2752 1162 τοιούτου
2801 1108 2949 1162 οἴκου
3007 1111 3333 1180 ἐφαρμόζειν
3385 1111 3452 1163 τὰ
3498 1111 3718 1181 προκεί-

2151 1220 2307 1273 μενα.

2228 1291 2480 1361 ’Υψὼσω
2512 1309 2604 1356 σε,
2647 1294 2843 1360 Κύριε,
2883 1293 2970 1344 ὅτι
3004 1291 3298 1357 ὑπέλαϐές
3324 1309 3431 1360 με,
3476 1291 3572 1344 καὶ
3605 1295 3715 1347 οὐκ

2145 1385 2456 1453 ηὔφρανας
2504 1384 2643 1448 τοὺς
2694 1385 2945 1451 ἐχθρούς
2992 1365 3116 1451 μου·
3165 1384 3256 1436 ἐπ’
3303 1385 3450 1447 ἐμοί.
3485 1383 3718 1452 Κύριεό

2149 1479 2292 1543 Θεός
2317 1495 2456 1546 μου,
2493 1475 2787 1542 ἐκέκραξα
2832 1475 2980 1542 πρὸς
3012 1475 3116 1534 σὲ,
3153 1476 3250 1528 καὶ
3292 1474 3438 1528 ἰάσω
3459 1494 3578 1544 μοι.
3606 1476 3718 1531 Κύ-

2139 1588 2252 1638 ριε,
2296 1570 2592 1640 ἀνήγαγες
2623 1570 2690 1634 ἐξ
2729 1568 2876 1636 ᾅδου
2916 1568 3029 1635 τὴν
3061 1567 3270 1636 ψυχήν
3295 1587 3436 1636 μου,
3479 1566 3718 1634 ἑσωσάς

2142 1679 2219 1730 με
2254 1661 2368 1714 ἀπὸ
2417 1659 2536 1714 τῶν
2579 1661 3054 1713 καταϐαινόντων
3098 1662 3183 1724 εἰς
3225 1659 3473 1714 λάκκον.
3535 1659 3717 1713 Ταῦτα

2153 1754 2250 1824 μὲν
2283 1754 2310 1805 ὁ
2334 1752 2495 1807 ΔαυἚὸ
2532 1752 2618 1805 διὰ
2655 1753 2748 1805 τοῦ
2799 1750 2935 1822 μετά
2974 1755 3158 1822 χεῖρας
3200 1751 3411 1822 ψαλμοῦ
3442 1752 3618 1820 λέγει’
3659 1753 3718 1804 ὲν

474 1837 657 1890 mabat
688 1837 803 1906 ipse
829 1857 841 1890 ε
871 1837 959 1888 Ad
989 1848 1056 1900 te,
1085 1835 1322 1902 Domine,
1345 1837 1605 1902 clamabo,
1636 1837 1775 1892 Deus
1801 1854 1964 1900 meus,
1988 1855 2042 1890 iri}

2149 1847 2205 1899 δὲ
2250 1845 2325 1916 τῷ
2365 1846 2593 1915 εἰκοστῷ
2629 1845 2839 1915 ἑϐδόμῳ
2877 1843 3074 1915 ψαλμῷ
3118 1845 3146 1895 ὁ
3179 1844 3336 1906 αὐτὸς
3366 1842 3492 1895 ἐϐόα
3523 1843 3715 1911 λέγων·

473 1929 631 1984 sileas
671 1947 704 1982 a
746 1947 844 1992 me,
874 1947 935 1983 ne
967 1929 1176 1999 quando
1209 1939 1383 1985 taceas
1427 1949 1460 1984 a
1489 1948 1589 1996 me,
1621 1941 1670 1984 et
1703 1930 2043 1985 assimilabor

473 2021 900 2077 descendentibus
946 2024 1003 2076 in
1033 2024 1228 2078 lacum.
1265 2023 1371 2078 Sed
1403 2026 1531 2095 quia
1562 2025 1636 2080 ibi
1668 2025 1748 2080 sic
1779 2028 2044 2094 precaba-

473 2123 584 2180 tur,
615 2114 705 2167 hic
735 2114 943 2184 gratias
974 2115 1085 2184 agit
1133 2123 1194 2168 ut
1237 2115 1498 2172 detrusus
1537 2126 1664 2172 ante
1695 2125 1750 2170 et
1787 2117 2044 2187 delapsus

474 2207 530 2260 in
556 2206 756 2272 lacum,
794 2205 888 2259 sed
918 2206 1031 2274 jam
1061 2207 1320 2261 reductus
1343 2215 1396 2262 et
1429 2215 1620 2263 erutus
1649 2224 1717 2262 ex
1749 2223 1835 2273 eo,
1866 2225 2045 2279 neque

473 2298 672 2353 similia
709 2313 906 2367 passus
936 2298 1004 2353 iis
1033 2299 1128 2368 qui
1162 2315 1286 2352 cum
1314 2299 1366 2352 in
1399 2299 1576 2368 ipsum
1607 2299 2041 2364 descendissent,

472 2404 755 2459 nunquam
784 2387 909 2444 inde
945 2399 1136 2459 postea
1189 2398 1555 2445 emerserunt.
1591 2389 1724 2443 Nam
1756 2407 1879 2444 cum
1929 2393 2044 2461 pri-

473 2483 578 2539 mis
611 2483 830 2537 beatum
857 2492 941 2537 est
969 2498 1078 2536 non
1104 2497 1366 2552 peccare;
1404 2491 1459 2536 at
1489 2484 1618 2552 quia
1656 2483 1908 2538 humana:
1941 2499 2042 2537 na-

473 2585 611 2629 tura:
641 2575 931 2629 inlirmitas
958 2576 1202 2646 peccatis
1242 2575 1523 2643 subjaeet;
1581 2575 1879 2631 secundam
1919 2576 2044 2646 quis

473 2669 874 2739 navigationem
905 2683 1026 2723 esse
1058 2667 1283 2730 dixerit,
1324 2667 1392 2721 ad
1434 2669 1637 2722 bonum
1673 2685 1732 2724 se
1761 2684 2042 2734 revocare,

473 2776 540 2816 ac
563 2768 685 2831 post
711 2761 963 2815 morbum
995 2775 1116 2816 sese
1138 2761 1434 2816 restituere
1464 2775 1528 2814 ac
1560 2761 1866 2816 naturalem
1898 2764 2044 2817 reci-

472 2869 603 2926 pere
625 2854 936 2911 sanitatem.

541 3110 708 3175 νεεδ.
737 3119 791 3185 5,
826 3118 881 3174 6.
925 3118 1150 3173 Psallite
1179 3118 1425 3183 Domino,
1457 3119 1628 3172 sancti
1674 3117 1809 3186 ejus,
1849 3127 1899 3170 et
1928 3134 2048 3172 con-

479 3210 696 3264 fitemini
752 3208 1020 3262 memoria:
1079 3209 1385 3262 sanctitatis
1438 3207 1574 3277 ejus.
1639 3207 1904 3272 Quoniam
1959 3207 2044 3258 ira

473 3302 528 3355 in
581 3300 943 3370 indignatione
993 3299 1129 3369 ejus,
1199 3308 1248 3352 et
1307 3300 1417 3352 vita
1472 3299 1529 3352 in
1577 3298 1847 3352 voluntate
1905 3297 2041 3368 ejus.

479 3391 658 3463 Rogat
704 3400 764 3446 ut
814 3391 918 3447 sibi
974 3390 1260 3461 posnitenti
1317 3389 1788 3460 congratulentur,
1829 3396 1882 3443 et
1917 3403 2046 3442 con-

474 3484 754 3549 ﬁteantur,
798 3482 853 3537 id
899 3489 1005 3544 est,
1053 3481 1258 3552 gratias
1305 3490 1469 3550 agant
1497 3479 1773 3532 memoria:
1834 3478 2043 3534 sancti-

473 3577 605 3630 tatis
633 3574 794 3643 ejus;
846 3587 912 3627 ac
963 3571 1009 3626 si
1043 3571 1271 3633 diceret,
1317 3577 1378 3623 ut
1412 3570 1728 3624 memoriam
1761 3569 2042 3631 refricem,

472 3682 651 3738 neque
693 3665 1094 3720 obliviscantur
1126 3663 1395 3717 bonorum
1439 3677 1560 3731 quae
1590 3661 1907 3715 hominibus
1938 3659 2044 3713 Do-

473 3762 658 3819 minus
697 3756 1153 3812 subministravit.
1186 3754 1325 3810 Cum
1367 3753 1558 3825 primis
1611 3762 1790 3806 autem
1825 3766 1925 3822 par
1961 3760 2046 3806 est

473 3850 773 3921 gratiarum
833 3847 1143 3901 actionibus
1194 3847 1474 3909 insistere,
1530 3858 1801 3898 memores
1848 3842 2046 3898 divina:

474 3939 850 4011 benignitatis,
886 3933 1195 4008 qute'tanta
1229 3945 1334 4000 est,
1371 3945 1428 3990 ut
1455 3950 1732 4005 nunquam
1775 3935 1904 3989 velit
1935 3950 2046 3987 ma-

473 4033 587 4087 lum
615 4031 931 4086 hominibus
959 4029 1240 4083 obvenire.
1283 4027 1441 4093 Quod
1470 4028 1516 4083 si
1543 4029 1826 4098 contingat
1854 4041 2046 4096 quem-

474 4125 619 4195 piam
643 4124 712 4178 ob
735 4121 1014 4192 prepriam
1044 4119 1448 4189 improbitatem
1477 4120 1839 4190 castigatione
1864 4132 2044 4189 egere,

474 4217 592 4286 ipse
621 4215 726 4270 sibi
752 4215 886 4267 iram
913 4211 1306 4281 indignationis
1335 4220 1616 4282 procurat.
1642 4211 1803 4267 Certe
1845 4212 2043 4265 volun-

479 4317 568 4361 tas
592 4304 689 4360 Dei
721 4321 833 4360 non
866 4314 1098 4359 mortem
1121 4303 1456 4367 hominibus,
1481 4303 1576 4357 sed
1609 4302 1775 4356 vitam
1817 4305 2040 4372 expetit.

473 4398 662 4466 Quare
691 4399 799 4454 alio
824 4400 878 4453 in
910 4400 1030 4454 loco
1065 4399 1265 4452 dicitur
1297 4415 1311 4450 :
1353 4395 1480 4450 Vivo
1519 4412 1635 4466 ego,
1683 4396 1812 4449 dicit
1864 4396 2045 4449 Domi-

2145 1937 2299 2004 Πρὸς
2349 1935 2459 1996 σὲ,
2503 1936 2700 2002 Κύριε,
2739 1933 3123 2002 κεκράξομαι,
3178 1936 3210 1986 ὀ
3253 1933 3398 1998 Θεός
3440 1950 3592 2002 μου,
3631 1933 3717 2002 μὴ

2145 2027 2624 2096 παρασιωπήσῃς
2657 2027 2757 2081 ἀπ’
2792 2026 2956 2096 ἐμοῦ,
2982 2025 3214 2095 μήποτε
3246 2024 3719 2093 παρασιωπήσῃς

2144 2121 2244 2174 ἀπ’
2278 2120 2424 2188 ἐμοῦ
2445 2161 2458 2183 ,
2495 2122 2596 2172 καὶ
2631 2118 3069 2187 ὀμοιωθήσομαι
3099 2117 3220 2182 τοῖς
3254 2117 3718 2170 καταϐαίνουσιν

2143 2216 2230 2279 εις
2259 2213 2506 2267 λάκκον.
2554 2211 2692 2265 Ἀλλ’
2726 2212 2852 2264 ἐπεὶ
2887 2211 2985 2282 μὲν
3017 2210 3189 2263 ταῦτα
3225 2207 3450 2278 ηὔχετο’
3487 2207 3719 2262 ἐνταῦθα

2143 2306 2200 2358 δὲ
2217 2307 2525 2376 εὐχαριστεῖ
2547 2305 2621 2368 ὡς
2645 2302 2990 2372 κατενεχθεὶς
3009 2303 3266 2374 πρότερον
3286 2302 3378 2353 καὶ
3399 2298 3718 2354 καταπεσὼν

2145 2398 2224 2460 εἰς
2256 2397 2347 2449 τὸν
2379 2397 2597 2458 λάκκον,
2621 2395 2927 2466 ἀνενεχθεὶς
2954 2394 3012 2446 δὲ
3036 2393 3194 2447 πάλιν
3221 2393 3315 2446 καὶ
3336 2391 3631 2456 ἀνασωθεὶς
3659 2391 3720 2458 ἐξ

2145 2487 2329 2551 αὐτοῦ,
2362 2487 2454 2540 καὶ
2485 2487 2558 2558 μὴ
2587 2484 2759 2553 ταῦτα
2793 2484 2982 2537 παθὼν
3013 2487 3123 2547 τοῖς
3157 2482 3588 2552 καταϐεϐηκόσιν
3621 2481 3720 2551 μὲν

2145 2581 2223 2641 εἰς
2261 2577 2441 2641 αὑτὸν,
2493 2577 2567 2647 μὴ
2613 2575 2979 2646 ἀναϐεϐηκόσι
3025 2573 3110 2626 δέ’
3149 2573 3571 2650 προηγουμένως
3612 2571 3719 2643 γὰρ

2149 2668 2416 2739 μακάριον
2455 2667 2515 2720 τὸ
2558 2667 2632 2738 μὴ
2673 2668 2974 2738 ἁμαρτεῖν·
3026 2665 3212 2736 ἐπειδὴ
3255 2667 3287 2736 ἡ
3325 2664 3575 2716 ἀσθένεια
3618 2663 3720 2734 τῆς

2145 2760 2492 2830 ἀνθρωπίνης
2520 2760 2732 2828 φύσεως
2761 2759 2970 2821 τούτοις
3014 2757 3314 2819 ὑπόκειται,
3345 2755 3615 2827 δεύτερος,
3644 2756 3720 2818 ὡς

2143 2849 2210 2903 ἂν
2236 2849 2379 2901 εἴποι
2405 2866 2508 2912 τις,
2538 2847 2703 2911 πλοῦς
2728 2848 2788 2900 τὸ
2819 2847 3152 2900 ἀναπαλέσαι
3179 2846 3300 2916 (sic)
3329 2844 3512 2909 καλὸν,
3543 2845 3636 2897 καὶ
3658 2844 3719 2896 τὸ

2144 2941 2431 2995 ἀναλαϐεῖν
2457 2939 2650 2992 ταύτὸν
2675 2939 2815 3011 μετά
2840 2939 2938 3010 τὴν
2963 2938 3138 3002 νόσον,
3165 2938 3258 2991 καὶ
3281 2937 3376 3009 τὴν
3402 2936 3538 2990 κατά
3562 2935 3718 3006 φύσιν

2145 3032 2434 3086 ἀπολαϐεῖν
2459 3033 2664 3102 ὑγείαν.

2222 3127 2460 3182 Ψάλατε
2490 3126 2571 3193 τῷ
2600 3127 2795 3195 Κυρίῳ
2834 3130 2888 3180 0i
2926 3127 3081 3181 ὅσιοι
3101 3124 3342 3190 ἀύτοῦ,
3379 3125 3477 3178 καὶ
3509 3124 3718 3193 ἐξομο-

2146 3223 2423 3294 λογεῖσθε
2455 3221 2528 3290 τῇ
2563 3221 2770 3292 μνήμῃ
2806 3221 2918 3291 τῆς
2973 3221 3316 3291 ἁγιωσύνης
3349 3219 3556 3272 αὐτοῦ.
3599 3219 3718 3270 ’Ότι

2145 3315 2289 3385 ὀργὴ
2322 3317 2391 3368 ἐν
2421 3313 2500 3380 τῷ
2525 3313 2688 3382 θυμῷ
2718 3313 2926 3380 αὑτοῦ,
2961 3313 3061 3366 καὶ
3091 3311 3200 3380 ζωὴ
3232 3311 3302 3365 ἐν
3329 3310 3408 3376 τῷ
3435 3309 3718 3380 θελήματι

2143 3407 2350 3464 αὐτοῦ.
2397 3406 2718 3477 Συγχαίρειν
2749 3405 2898 3476 αὐτῷ
2934 3407 3348 3476 μετανοήσαντι,
3390 3404 3485 3456 καὶ
3530 3403 3718 3474 ἐξομο-

2143 3497 2416 3567 λογεῖσθαι
2445 3538 2460 3562 ,
2519 3496 2792 3550 τουτέστιν
2855 3495 3194 3568 εὐχαριστεῖν
3246 3499 3312 3566 τῇ
3373 3497 3558 3566 μνήμῃ
3620 3495 3720 3566 τῆς

2145 3588 2453 3658 ἁγιωσύνης
2486 3586 2676 3642 αὐτοῦ’
2729 3585 2850 3640 ἀντὶ
2893 3587 3008 3651 τοῦ,
3043 3587 3141 3657 τὴν
3178 3587 3393 3657 μνήμην
3427 3587 3716 3650 ἀναζωπυ-

2149 3681 2388 3753 ροῦντες,
2423 3679 2541 3750 μηδ’
2574 3677 3050 3748 ἐπιλανθανόμενοι
3077 3677 3185 3730 τῶν
3217 3677 3363 3748 παρά
3397 3676 3491 3730 τοῦ
3515 3678 3720 3748 Κυρίου

2146 3776 2562 3847 χορηγουμένων
2596 3773 2902 3844 ἀνθρώποις
2926 3773 3164 3842 ἀγαθῶν.
3184 3773 3432 3826 Μάλιστα
3461 3773 3519 3825 δὲ
3553 3789 3722 3843 προσ-

2146 3871 2269 3937 ήκει
2334 3868 2430 3938 τὴν
2463 3867 2810 3940 εὐχαριστίαν
2856 3866 3162 3929 ἐπιτείνειν,
3203 3866 3579 3937 μεμνημένους
3623 3865 3720 3934 τῆς

2145 3954 2237 4007 τοῦ
2267 3955 2401 4008 Θεοῦ
2429 3956 2858 4028 φιλανθρωπίας,
2903 3956 3025 4026 ἥτις
3065 3955 3301 4024 τοσαύτη
3335 3954 3610 4024 τυγχάνει,
3643 3952 3719 4013 ὡς

2150 4047 2418 4118 μηδέποτε
2464 4047 2748 4116 βούλεσθαί
2780 4065 2830 4100 τι
2873 4048 3040 4100 κακὸν
3079 4046 3404 4118 ἀνθρώποις.
3448 4048 3510 4098 Ei
3539 4046 3595 4098 δὲ
3625 4044 3720 4097 καί

2146 4140 2278 4192 ποτέ
2334 4157 2417 4202 τις
2465 4139 2554 4192 διὰ
2613 4140 2709 4210 τὴν
2757 4140 2963 4193 οἰκείαν
3023 4137 3322 4209 μοχθηρίαν
3390 4136 3722 4208 ἐπιστροφῆς

2144 4229 2402 4302 δεηθείη,
2467 4232 2628 4296 αὐτὸς
2697 4231 2794 4302 μὲν
2854 4230 3029 4300 ἐαυτῷ
3089 4229 3486 4294 κατασκευάζει
3551 4229 3720 4299 θυμὸν

2144 4323 2315 4394 ὀργῆς
2335 4339 2347 4352 ⁸
2387 4323 2447 4376 τό
2478 4340 2541 4392 γε
2573 4323 2679 4395 μὴν
2714 4322 2925 4394 θέλημα
2953 4322 3045 4376 τοῦ
3080 4321 3215 4375 Θεοῦ
3237 4363 3252 4386 ,
3296 4325 3504 4394 μήποτε
3538 4322 3720 4392 βούλε-

2144 4416 2263 4470 σθαι
2311 4416 2534 4470 θάνατον
2580 4416 2870 4487 ἀνθρώπῳ,
2917 4414 3053 4467 ἀλλὰ
3098 4415 3262 4484 ζωήν.
3309 4414 3398 4466 Διὸ
3426 4415 3484 4466 ἐν
3517 4413 3720 4484 ἑτέροις

472 4508 593 4556 nus,
628 4491 749 4545 nolo
775 4500 996 4545 mortem
1024 4489 1338 4560 peccatoris,
1370 4486 1458 4540 sed
1485 4487 1658 4554 potius
1681 4486 2041 4554 paenitentiam

2145 4509 2390 4578 λέγεται·
2425 4507 2516 4561 Ζῶ
2546 4486 2692 4576 ἐγὼ,
2713 4507 2872 4576 λέγει
2902 4507 3118 4573 Κύριος
3137 4521 3151 4534 ·
3187 4507 3257 4557 οὐ
3286 4504 3586 4573 ,βούλομαι
3613 4502 3722 4556 τὸν

471 4582 585 4652 ejus
609 4581 676 4637 ⁸⁵.
705 4582 907 4638 Eodem
940 4597 1159 4652 quoque
1203 4579 1364 4634 modo
1395 4580 1484 4633 hic
1530 4579 1739 4633 dictum
1775 4587 1879 4644 est,
1921 4578 2042 4632 Vita

471 4675 528 4729 in
553 4674 820 4728 uoluntate
847 4675 997 4744 ejus;
1031 4691 1142 4728 non
1169 4674 1315 4729 enim
1359 4674 1444 4726 ira
1487 4673 1543 4725 in
1592 4673 1860 4726 voluntate
1903 4673 2040 4740 ejus.

472 4765 619 4822 Sane
653 4774 851 4837 prater
881 4765 975 4820 Dei
1007 4765 1350 4837 propositum
1383 4779 1446 4818 ac
1479 4774 1677 4834 praeter
1706 4766 2041 4820 voluntatem

469 4859 593 4928 ejus
645 4859 998 4929 peccantibus
1047 4856 1352 4927 indignatio
1399 4866 1452 4912 et
1489 4857 1569 4910 ira
1611 4865 2035 4928 praeparantur:

470 4952 616 5024 quod
654 4953 727 5005 ita
758 4951 1000 5006 declarat
1043 4950 1339 5019 Apostolus
1378 4967 1392 5002 :
1430 4949 1510 5002 An
1541 4949 1751 5003 divitias
1787 4950 2037 5005 bonitatis

469 5045 608 5114 ejus,
639 5053 688 5098 et
717 5044 985 5112 patientia:
1006 5053 1054 5096 et
1085 5041 1506 5112 longanimitatis
1535 5043 1860 5096 contemnis?
1887 5043 2039 5112 igno-

469 5153 597 5191 rans
630 5137 878 5206 quoniam
909 5135 1202 5205 benignitas
1232 5132 1330 5186 Dei
1366 5132 1435 5185 ad
1460 5134 1817 5202 paenitentiam
1865 5142 1912 5187 te
1943 5132 2041 5185 ad-

469 5229 637 5283 ducit.
672 5228 968 5283 Secundum
991 5236 1167 5280 autem
1189 5225 1447 5280 duritiam
1478 5235 1622 5279 tuam
1642 5235 1691 5279 et
1713 5227 2036 5291 impaenitens

471 5335 582 5383 cor,
601 5320 932 5373 tltesauriaas
948 5318 1041 5371 tibi
1058 5319 1195 5372 iram
1208 5319 1260 5371 in
1279 5318 1362 5372 die
1381 5319 1475 5372 ira:
1491 5327 1540 5370 et
1561 5317 1891 5371 reuelationis
1899 5317 2036 5385 justi

471 5411 657 5475 iudicii
667 5411 786 5473 Dei,
799 5410 888 5479 qui
902 5409 1079 5464 reddet
1097 5411 1372 5478 unicuique
1384 5408 1662 5462 secundum
1677 5424 1834 5477 opera
1851 5407 2033 5476 ejus”.

2150 4599 2408 4654 θάνατον
2448 4599 2551 4652 τοῦ
2585 4596 2936 4667 ἀμαρτωλοῦ
2983 4597 3063 4662 ὠς
3109 4595 3224 4663 τὴν
3257 4594 3582 4663 μετάνοιαν
3616 4595 3722 4647 αὐ-

2148 4689 2274 4744 τοῦ.
2329 4689 2484 4744 Οὕτω
2512 4689 2640 4758 γοῦν
2673 4689 2768 4741 καὶ
2801 4688 3035 4742 ἐνταῦθα
3066 4688 3335 4740 λέλεκται’
3383 4686 3512 4754 Ζωὴ
3544 4687 3613 4739 ἐν
3640 4683 3722 4751 τῷ

2147 4780 2430 4849 θελήματι
2478 4780 2690 4833 αὐτοῦ’
2747 4781 2806 4833 οὐ
2855 4780 2963 4851 γὰρ
3019 4779 3164 4849 ὀργὴ
3209 4781 3278 4832 ἐν
3315 4778 3396 4843 τῷ
3437 4777 3720 4847 θελήματι

2145 4871 2349 4925 αὐτοῦ.
2420 4871 2577 4941 Παρά
2639 4872 2957 4942 προαίρεσιν
3013 4871 3070 4923 δὲ
3123 4869 3257 4922 Θεοῦ
3312 4870 3406 4923 καὶ
3456 4869 3607 4940 παρά
3658 4869 3720 4922 τὸ

2149 4963 2394 5034 βούλημα
2445 4963 2610 5016 αὐτοῦ
2665 4966 2779 5027 τοῖς
2827 4963 3199 5035 ἁμαρτάνουσι
3257 4962 3717 5025 κατασκευάζεται

2147 5052 2318 5122 θυμὸς
2369 5052 2464 5105 καὶ
2519 5053 2684 5125 ὀργή·
2746 5053 2774 5106 ὃ
2821 5054 2885 5124 δὴ
2935 5056 3265 5126 παρίστησιν
3317 5054 3346 5106 ὁ
3404 5052 3720 5116 Ἀπόστολος

2148 5145 2324 5213 φήσας
2345 5161 2357 5172 ·
2396 5145 2466 5197 Ἢ
2491 5145 2596 5198 τοῦ
2629 5147 2897 5200 πλούτου
2931 5146 3041 5214 τῆς
3066 5146 3477 5214 χρηστότητος
3511 5142 3718 5208 αὐτοῦ,

2147 5232 2244 5284 καὶ
2285 5231 2393 5301 τῆς
2424 5233 2654 5303 ἀνοχῆς
2698 5235 2797 5288 καὶ
2837 5234 2944 5303 τῆς
2975 5237 3387 5306 μακροθυμίας
3428 5250 3719 5304 καταφρο-

2143 5320 2304 5388 νεῖς;
2366 5323 2621 5393 ἀγνοῶν,
2675 5325 2765 5379 ὅτι
2819 5317 2884 5378 τὸ
2939 5327 3208 5395 χρηστὸν
3263 5327 3367 5380 τοῦ
3429 5327 3574 5380 Θεοῦ
3635 5326 3724 5392 εὶς

2136 5410 2461 5479 μετάνοιάν
2491 5429 2564 5467 σε
2591 5412 2734 5482 ἄγει.
2765 5415 2927 5468 Κατὰ
2957 5415 3026 5467 δὲ
3054 5417 3168 5484 τὴν
3196 5413 3580 5482 σκληρότητά
3604 5429 3724 5468 σου

471 5510 571 5563 καὶ
619 5506 1025 5577 ἀμετανόητον
1070 5505 1350 5573 καρδίαν,
1414 5502 1792 5571 θησαυρίζεις
1841 5501 2073 5568 σεαυτῷ
2124 5505 2316 5574 ὀργὴν
2365 5507 2434 5559 ὲν
2484 5507 2674 5577 ἡμέρᾳ
2727 5509 2910 5581 ὀργῆς
2966 5511 3066 5565 καὶ
3125 5510 3562 5580 ἀποκαλύψεως
3622 5503 3727 5564 καὶ

470 5599 906 5666 δικαιοκρισίας
950 5597 1056 5652 τοῦ
1111 5598 1292 5664 Θεοῦ,
1339 5596 1408 5664 ὃς
1453 5596 1752 5653 ἀποδώσει
1808 5595 2040 5660 ἑκάστῳ
2075 5598 2225 5651 κατὰ
2261 5599 2333 5654 τὰ
2363 5599 2507 5670 ἔργα
2529 5601 2733 5658 αὐτοῦ.

538 5777 591 5812 ⁸⁸
629 5775 824 5832 Ezecb.
864 5791 1030 5842 xvm,
1061 5775 1149 5830 95.
1227 5773 1270 5806 ⁸³
1313 5771 1467 5830 Rom.
1506 5788 1582 5840 ιι,
1619 5771 1737 5829 4-6.
