4094 6378
332 287 426 342 9.61

1447 284 1948 342 COMMENTARIA
1986 287 2053 344 IN
2091 287 2436 343 PSALMOS.

3464 291 3566 349 ὲϐίὶ

405 402 543 472 Ἐγὼ
579 403 649 455 δὲ
682 403 820 466 clara
860 404 930 456 ἐν
968 403 1044 471 τῇ
1082 406 1331 472 εὐθηνίᾳ
1368 423 1506 474 μου*
1547 409 1630 460 Οὐ
1653 406 1744 476 μὴ
1783 423 1892 460 σα-

2067 405 2230 463 νειιε.
2269 408 2323 472 7,
2349 407 2403 462 8.
2448 406 2559 476 Ego
2596 416 2773 460 autem
2809 406 2925 459 dixi
2955 408 3008 461 in
3045 407 3372 462 abundantia
3417 423 3552 460 mea.

331 495 512 553 λευθῶ
541 496 630 560 είς
656 495 764 547 τὸν
790 494 990 548 αἰῶνα.
1018 499 1224 548 Δικαιοῖ
1248 496 1347 567 τὴν
1370 499 1547 569 κρίσιν
1577 498 1666 551 τοῦ
1691 498 1893 568 Κυρίου

332 584 595 655 ὁμολογῶν
643 584 803 636 πόθεν
849 585 997 655 αὑτῷ
1033 585 1377 656 συμϐέϐηκεν
1419 589 1452 657 ή
1494 587 1727 650 πτῶσις”
1774 589 1894 641 δέον

335 677 431 747 γὰρ
468 675 678 728 ἑστῶτα
709 676 767 727 ἐν
805 679 871 745 τῇ
909 675 1059 746 παρὰ
1096 675 1172 746 τῷ
1200 676 1319 747 Θεῷ
1352 678 1538 730 στάσει
1584 679 1892 748 μεμνῆσθαι

334 766 412 818 τοῦ
449 766 746 833 φάσκοντος
787 765 944 833 λόγου
964 783 976 793 ·
1015 766 1067 818 Ὀ
1089 765 1282 819 δοκῶν
1315 767 1582 831 ἑστάναι,
1613 769 1892 832 βλεπέτω

333 857 404 925 μὴ
453 854 647 924 πέσῃ,
701 857 980 925 ὁμολογεῖν
1028 875 1087 910 τε
1111 857 1186 928 τῷ
1227 857 1345 928 Θεῷ
1391 859 1549 929 χάριν
1602 860 1743 932 ὑπὲρ
1795 861 1894 931 τῆς

339 948 586 1010 στάσεως.
633 949 692 1000 '0
719 948 796 1012 δὲ,
847 950 947 1002 οὑκ
993 950 1167 1021 ὀρθῶς
1221 951 1594 1022 λογισάμενος,
1621 954 1770 1025 παρὰ
1798 955 1895 1025 τὴν

338 1039 486 1093 αὑτοῦ
522 1041 720 1112 ἀρετὴν
761 1043 819 1094 ὲν
853 1043 966 1104 τοῖς
999 1041 1303 1106 καλλίστοις
1351 1045 1570 1098 ἐστάναι
1615 1045 1891 1116 ἐνόμιζενο

340 1131 588 1199 ἀπέφαινέ
620 1149 679 1184 τε
709 1132 903 1186 ἐαυτὸν
936 1134 1028 1185 καὶ
1069 1135 1335 1206 ἄτρεπτον
1368 1137 1461 1189 καὶ
1501 1138 1893 1209 ἀμετάϐλητον.

339 1223 604 1290 Κύριε,ἐν
645 1220 726 1286 τῷ
760 1221 1046 1290 θελήματι
1084 1240 1200 1276 σου
1233 1223 1540 1294 παρέσχου
1576 1225 1655 1291 τῷ
1687 1227 1896 1281 κάλλει

333 1334 436 1387 μου
487 1315 760 1384 δύναμιν.
825 1315 975 1367 Ἐπεὶ
1027 1315 1201 1369 ταῦτα
1250 1317 1320 1369 τὰ
1377 1321 1749 1390 προειρημένα
1797 1321 1897 1372 οὑκ

339 1401 500 1473 ὀρθῶς
545 1401 847 1470 ἐλογίζετο,
892 1402 1062 1470 ἔγνω,
1097 1404 1176 1456 ὅτι
1211 1405 1243 1474 ή
1280 1405 1466 1469 στάσις
1499 1407 1660 1460 αὑτοῦ
1691 1411 1894 1478 ἐκείνη,

341 1495 421 1546 καὶ
456 1495 492 1563 ὴ
525 1492 747 1562 εὑθηνία
783 1493 878 1546 καὶ
907 1493 967 1545 τὸ
1003 1495 1204 1565 προσὸν
1230 1496 1377 1566 αὑτῷ
1408 1498 1528 1550 τότε
1575 1499 1768 1563 κάλλος
1799 1502 1897 1553 οὑκ

338 1581 398 1658 ἦν
431 1585 488 1651 ἐξ
526 1585 712 1651 αὑτοῦ,
745 1586 864 1638 οὑδὲ
903 1586 1055 1658 παρὰ
1080 1587 1177 1658 τὴν
1211 1590 1402 1642 ἑαυτοῦ
1445 1591 1623 1643 αἰτίαν
1655 1593 1898 1663 ὑπῆρχεν

339 1676 491 1747 αὑτῷ.
537 1677 630 1729 Διὸ
660 1677 1147 1749 ἐξομολογούμενος
1195 1681 1368 1736 ταῦτά
1420 1701 1582 1754 φησιν
1626 1685 1769 1756 ἔργῳ
1799 1688 1896 1757 τὴν

1998 497 2122 551 Non
2156 498 2398 552 movebar
2430 498 2483 550 in
2515 507 2794 551 a'ternum.
2821 495 3097 551 Judicium
3126 495 3334 552 Domini
3354 499 3563 569 justum

1995 604 2118 644 esse
2151 589 2492 657 comprobat,
2520 588 2650 641 dum
2686 586 2982 642 confitetur
3026 587 3167 642 unde
3221 587 3330 644 sibi
3381 590 3569 659 lapsus

1994 682 2223 734 venerit.
2260 669 2411 748 Opus
2443 680 2588 733 enim
2616 688 2698 732 est
2719 693 2866 739 eum,
2904 680 2997 748 qui
3028 694 3214 731 coram
3271 678 3379 733 Deo
3408 695 3547 732 con-

1996 773 2162 837 sistit,
2200 771 2520 826 meminisse
2552 770 2716 839 hujus
2741 771 2894 836 dict-i,
2925 771 3029 836 Qui
3059 770 3264 824 videtur
3289 782 3453 835 stare,
3490 773 3570 826 ui-

1995 863 2116 917 deat
2142 881 2203 917 ne
2233 863 2391 916 cadat
2437 863 2507 928 ⁸⁸,
2563 877 2627 914 ac
2673 861 2903 916 Domino
2939 863 3168 932 gratiam
3201 863 3268 916 de
3305 873 3448 917 statu
3476 863 3569 916 illo

1995 953 2257 1022 profiteri.
2293 956 2362 1006 At
2387 953 2478 1007 ille
2519 966 2626 1005 non
2655 953 2790 1006 bene
2829 969 3013 1006 secum
3043 964 3324 1022 reputans,
3362 969 3426 1006 ex
3463 967 3565 1007 sua

1995 1050 2196 1103 virtute
2228 1065 2286 1102 se
2314 1051 2368 1102 in
2402 1047 2682 1118 praeclaris
2706 1054 2852 1100 stare
2875 1047 3176 1099 arbitratus
3199 1055 3312 1110 est,
3339 1060 3570 1115 seseque

1996 1141 2413 1204 immutabilem,
2446 1139 2888 1206 immobilemque
2911 1137 3224 1192 declaravit.
3258 1137 3496 1198 Domine,
3514 1139 3569 1190 in

1995 1233 2262 1287 voluntate
2298 1242 2387 1284 tua
2417 1230 2717 1299 praestitisti
2767 1230 2944 1283 decori
2976 1246 3087 1282 meo
3128 1231 3394 1283 virtutem.
3429 1228 3568 1294 Quia

1998 1325 2254 1394 superius
2306 1331 2604 1375 memorata
2655 1336 2762 1374 non
2819 1327 2970 1374 recte
3000 1320 3388 1382 :eslimaverat,
3423 1320 3574 1372 novit

1996 1415 2213 1468 tandem
2243 1420 2445 1468 statum
2492 1412 2666 1474 illum,
2695 1411 3034 1473 felicitatem,
3080 1425 3145 1464 ac
3170 1410 3422 1464 decorem
3458 1423 3572 1479 quo

1997 1513 2128 1557 tunc
2165 1503 2429 1572 fulgebat,
2467 1518 2575 1556 non
2605 1517 2670 1555 ex
2701 1516 2780 1562 se,
2806 1516 2982 1570 neque
3004 1516 3063 1554 se
3093 1509 3316 1554 auctore
3347 1499 3450 1554 sibi
3473 1499 3573 1554 ad-

2000 1593 2191 1648 fuisse.
2221 1591 2566 1661 Quapropter
2598 1606 2722 1644 cum
2748 1606 2811 1644 ex
2845 1605 2904 1643 re
2934 1590 3051 1659 ipsa
3094 1589 3430 1644 infirmitatis
3461 1605 3575 1645 sua:

1999 1684 2430 1755 experimentum
2484 1665 2758 1752 cepisset,
2803 1680 2918 1734 haec
2959 1680 3275 1741 confitetur,
3339 1680 3573 1737 dicens:

343 1773 521 1840 πεῖραν
581 1769 911 1840 παραλαϐὼν
975 1773 1073 1842 τῆς
1121 1773 1316 1826 ἐαυτοῦ
1367 1775 1686 1840 ἀσθενείας·
1742 1756 1894 1832 Ἀπέ-

2006 1775 2255 1828 Avertisti
2287 1775 2475 1842 faciem
2509 1783 2655 1826 tuam
2699 1790 2732 1826 α
2780 1789 2880 1836 me,
2914 1781 2965 1826 et
3000 1772 3175 1840 factus
3217 1788 3334 1852 sum
3361 1781 3576 1825 contur-

338 1861 593 1927 στρεψας
619 1858 687 1912 δέ
715 1876 830 1913 σου
865 1859 930 1913 τὸ
962 1864 1302 1929 πρόσωπον,
1347 1864 1446 1916 καὶ
1486 1865 1778 1934 ἐγενήθην
1813 1885 1900 1921 τεο

341 1949 707 2020 ταραγςμένος.
745 1953 816 2004 Σὺ
851 1951 948 2022 μὲν
971 1953 1077 2024 γὰρ
1104 1954 1256 2006 οὐδὲν
1295 1953 1454 2008 πλέον
1481 1956 1740 2028 ἔπραξας,
1776 1958 1900 2012 οὑτε

337 2035 494 2107 ὦσας,
528 2042 656 2095 οὔτε
685 2045 981 2108 κατέϐαλες
999 2061 1012 2074 ·
1057 2046 1186 2099 αὑτὸ
1216 2047 1272 2100 δὲ
1299 2047 1457 2101 τοῦτο
1512 2050 1602 2104 διὰ
1630 2051 1730 2122 τὴν
1759 2051 1898 2123 ἐμὴν

337 2135 692 2205 μεγαλαυχίαν
726 2137 1105 2208 μεμονωμένον
1137 2156 1204 2209 με
1241 2139 1449 2205 εἴασας,
1487 2143 1581 2196 καὶ
1615 2143 1713 2212 τῆς
1745 2146 1898 2216 παρὰ

334 2227 417 2280 eo;
449 2227 708 2299 βοηθείας
750 2228 971 2299 ἔρημον.
1034 2230 1434 2300 Ἀπέστρεψας
1472 2233 1538 2286 τὸ
1579 2235 1900 2302 πρόσωπόν

333 2334 468 2372 σου·
501 2318 617 2386 ἐγὼ
653 2319 708 2371 δὲ
744 2321 1083 2392 παραχρῆμα
1129 2322 1458 2394 ἤλεγχόμην,
1502 2325 1598 2377 καὶ
1623 2326 1900 2396 ἐγινόμην

334 2410 784 2479 τεταραγμένος,
808 2413 1127 2466 ὑποπίπτων
1175 2417 1285 2478 τοῖς
1334 2416 1484 2486 ἐμοῖς
1518 2417 1894 2488 ἁμαρτήμασι,

332 2500 415 2554 καὶ
441 2505 551 2566 τοῖς
585 2505 739 2574 ἐμοῖς
766 2504 998 2576 ἐχθροῖς.

394 2594 547 2661 Πρὸς
604 2595 716 2659 σὲ,
770 2599 965 2664 Κύριε,
1000 2598 1389 2667 κεκράξομαι,
1442 2599 1542 2653 καὶ
1596 2599 1744 2668 πρὸς
1791 2599 1897 2654 τὸν

332 2687 467 2739 θεόν
491 2705 617 2756 ⁶ιιου
647 2687 1030 2757 δεηθήσομαι.
1085 2691 1178 2755 Τίς
1205 2689 1456 2760 ὠφέλεια
1485 2693 1554 2745 ἐν
1583 2692 1662 2758 τῷ
1695 2693 1897 2761 αἵματί

325 2797 454 2846 μου,
490 2781 562 2833 ἐν
601 2780 684 2846 τῷ
724 2779 1050 2848 καταϐἦναί
1089 2799 1166 2850 με
1210 2786 1294 2848 είς
1338 2783 1698 2853 διαρθοράη
1738 2786 1895 2839 Κατά

325 2869 378 2922 δὲ
408 2871 495 2923 τὸν
521 2871 840 2942 Σύμμαχον·
859 2873 960 2927 Ἐν
979 2873 1100 2939 τοῖς
1115 2875 1318 2939 κακοῖς
1330 2879 1648 2945 γενόμενος
1658 2875 1888 2947 ἔλεγον·

326 2962 472 3029 Πρὸς
507 2963 608 3026 σὲ,
639 2965 838 3031 Κύριε,
883 2963 1115 3029 ﬂorida),
1171 2966 1272 3018 καί
1317 2981 1390 3018 σε
1439 2965 1546 3019 τὸν
1588 2966 1894 3035 δεσπότην

317 3071 429 3121 μου
478 3054 776 3108 Ικετεύσω
800 3071 814 3084 ·
870 3054 928 3107 τί
980 3053 1188 3122 κέρδος
1243 3055 1312 3108 ὲν
1367 3053 1446 3120 τῷ
1495 3056 1695 3124 αἵματί
1738 3076 1888 3126 μου,

321 3142 784 3212 κατενεχθέντος
827 3161 945 3211 μου
997 3147 1084 3209 εἰς
1126 3144 1489 3212 διαφθοράν;
1544 3145 1639 3213 Μὴ
1693 3147 1894 3216 ἐξομο-

318 3236 649 3306 λογήσεται
680 3250 781 3290 σοι
816 3238 1001 3302 κόνις,
1041 3237 1081 3305 ἢ
1115 3238 1444 3308 ἀπαγγελεῖ
1468 3239 1581 3306 τὴν
1610 3239 1897 3308 ἀλήθειάν

315 3340 463 3390 σου;
503 3327 702 3380 Ταῦτα
745 3329 840 3380 καὶ
879 3326 949 3378 τὰ
989 3327 1196 3391 τούτοις
1243 3327 1595 3400 παραπλήσια
1651 3329 1893 3394 ἱκετεύω,

316 3414 555 3468 κάτωθεν
589 3417 845 3489 κραυγὰς
872 3417 1052 3486 ἀφιεὶς
1083 3417 1188 3470 ἀπὸ
1219 3417 1311 3470 τοῦ
1345 3417 1644 3488 βαθυτάτου
1671 3417 1893 3482 λάκκου,

313 3507 624 3579 πυθόμενος
671 3508 747 3571 ὡς
798 3507 948 3579 παρὰ
995 3508 1312 3562 διδασκάλου
1364 3510 1552 3580 μαθεῖν
1605 3511 1753 3583 παρὰ
1802 3511 1894 3564 σοῦ

311 3598 398 3650 τοῦ
423 3599 590 3654 Θεοῦ.
647 3600 747 3664 Τίς
790 3599 1023 3669 ὠφέλεια
1050 3600 1256 3669 γίνεται
1291 3599 1471 3672 ῆέμοὶ
1511 3602 1544 3672 ἢ
1582 3603 1788 3674 ἑτέροις
1832 3604 1897 3656 ἐκ

307 3689 393 3743 τοῦ
426 3691 570 3761 ἐμοῦ
608 3693 881 3761 αἵματος;
925 3692 997 3744 Ἦ
1039 3692 1091 3744 τί
1129 3693 1288 3744 πλέον
1320 3692 1624 3762 ἀνθρώποις
1665 3694 1896 3765 ὑπάρξει

307 3780 367 3832 ἐκ
392 3783 486 3835 τοῦ
515 3784 626 3854 ἐμὲ
654 3782 830 3836 ἐλθεῖν
853 3786 932 3845 είς
958 3783 1284 3856 διαφθοράν;
1321 3785 1534 3856 Ἑτέρου
1577 3785 1675 3856 μὲν
1702 3785 1808 3856 γὰρ
1839 3789 1896 3839 ἐν

303 3873 375 3942 τῷ
418 3874 626 3944 αἵματι
680 3874 911 3946 ὑπάρξει
953 3875 1118 3946 πολλή
1161 3893 1244 3940 τις
1282 3877 1373 3929 καὶ
1422 3876 1628 3947 μεγάλη
1664 3876 1896 3944 ὠφέλεια

305 3965 375 4036 τῷ
403 3967 576 4020 παντὶ
621 3967 854 4038 κόσμῳ·
891 3967 1108 4023 ἐπειδὰν
1153 3971 1181 4022 ὁ
1210 3969 1300 4032 σὸς
1331 3969 1502 4040 ἀμνὸς
1542 3971 1570 4021 ό
1597 3970 1765 4040 αἴρων
1799 3969 1896 4039 τὴν

301 4057 580 4130 ἁμαρτίαν
639 4057 743 4112 τοῦ
795 4059 1039 4130 κόσμου,
1088 4059 1164 4124 ὡς
1218 4059 1486 4131 πρόϐατον
1542 4061 1634 4112 ἐπὶ
1686 4058 1896 4130 σφαγὴν

301 4148 456 4215 ἔλθοι,
486 4153 592 4206 καὶ
646 4152 732 4215 ὡς
758 4151 928 4222 ἀμνὸς
952 4153 1192 4206 ἐναντίον
1223 4153 1314 4205 τοῦ
1345 4153 1624 4224 κείραντος
1663 4153 1894 4219 ἄφωνος.

300 4241 495 4296 Τούτου
553 4242 681 4314 γὰρ
745 4240 824 4311 τῷ
876 4243 1061 4311 αἵματι
1133 4242 1508 4326 ἀπολύτρωσις
1571 4243 1662 4295 καὶ
1710 4241 1897 4294 κακῶν

297 4331 584 4407 ἐλευθερία
603 4336 755 4390 πᾶσι
774 4335 887 4396 τοῖς
902 4334 967 4386 δι’
984 4333 1147 4386 αὑτοῦ
1171 4333 1565 4404 σωθησομένοις
1587 4335 1891 4404 γενήσεται.

2008 1867 2182 1922 batus.
2219 1866 2300 1920 Tu
2331 1867 2552 1936 quidem
2583 1865 2720 1918 nihil
2762 1864 2992 1918 ulterius
3035 1862 3286 1926 effecisti,
3320 1878 3428 1916 non
3476 1865 3575 1917 im-

2005 1961 2194 2030 pulisti
2239 1975 2416 2028 neque
2451 1957 2700 2026 dejecisti
2732 1971 2856 2023 me;
2904 1957 2959 2010 id
3009 1965 3218 2010 tantum
3251 1957 3572 2026 praestitisti,

2006 2058 2066 2103 ut
2096 2065 2182 2102 me
2214 2056 2433 2118 propter
2484 2045 2856 2114 arrogantiam
2904 2060 3080 2098 meam
3133 2045 3334 2108 solum,
3368 2052 3574 2114 tuaque

2003 2158 2106 2212 ope
2137 2156 2371 2195 vacuum
2425 2140 2710 2194 desereres
2749 2155 2762 2190 :
2812 2136 3064 2189 Avertisti
3099 2136 3290 2204 faciem
3323 2146 3490 2202 tuam,
3519 2147 3577 2192 6‘-

2003 2249 2102 2302 ego
2128 2232 2422 2286 confestim
2445 2231 2754 2293 convictus,
2778 2228 2955 2297 [actus
2984 2244 3101 2281 sum
3125 2229 3493 2296 conturbatus,
3517 2231 3575 2285 in

2003 2332 2224 2396 peccata
2255 2339 2374 2380 mea
2406 2325 2614 2394 lapsus,
2653 2329 2708 2378 et
2740 2319 2978 2375 inimicis
3007 2320 3142 2378 meis
3180 2321 3432 2376 traditus.

2071 2604 2237 2659 Vens.
2265 2603 2318 2671 9,
2345 2603 2432 2658 10.
2472 2602 2554 2656 Ad
2598 2612 2665 2665 te,
2690 2601 2928 2666 Domine,
2960 2601 3220 2668 clamabo,
3244 2609 3293 2655 et
3321 2601 3389 2653 ad
3409 2599 3576 2654 Deum

1999 2712 2170 2749 meum
2214 2693 2547 2764 deprecabor.
2591 2693 2721 2760 Qum
2773 2693 2976 2746 utilitas
3032 2694 3086 2745 in
3138 2693 3388 2762 sanguine
3435 2705 3573 2753 meo.

1998 2791 2123 2837 dum
2166 2785 2416 2840 descendo
2445 2785 2496 2837 in
2526 2785 2950 2853 corruptionem?
2981 2782 3290 2838 Secundum
3325 2780 3556 2853 Symma-

1999 2877 2159 2931 chum
2205 2889 2422 2930 autem:
2454 2874 2586 2931 Cum
2629 2876 2682 2929 in
2731 2876 2887 2928 malis
2932 2892 3097 2928 essem
3123 2915 3137 2938 ,
3183 2875 3299 2927 dixi
3333 2890 3351 2928 :
3385 2873 3464 2925 Ad
3497 2884 3567 2936 te.

1998 2970 2237 3033 Domine,
2269 2967 2528 3031 clamabo,
2558 2976 2605 3020 et
2632 2975 2678 3019 te
2709 2965 2992 3020 Dominum
3029 2981 3198 3019 meum
3228 2963 3566 3033 deprecabor.

1999 3061 2154 3128 Quod
2185 3062 2387 3114 lucrum
2417 3061 2468 3114 in
2498 3059 2750 3128 sanguine
2785 3074 2918 3119 meo.
2965 3073 3044 3110 me
3087 3057 3262 3110 delato
3299 3057 3352 3110 in
3389 3069 3574 3109 com.-

1992 3151 2258 3216 ptionem?
2305 3145 2557 3217 Nunquid
2600 3145 2934 3214 conﬁtebitur
2978 3144 3072 3197 tibi
3116 3144 3306 3212 pulvis,
3339 3152 3431 3196 aut
3478 3159 3577 3196 an-

1997 3239 2257 3294 nuntiabit
2297 3240 2562 3292 veritatem
2593 3239 2776 3291 tuam?
2806 3235 2931 3290 Haec
2956 3244 3009 3291 et
3043 3235 3130 3291 his
3153 3235 3350 3289 similia
3383 3233 3576 3304 depre-

1997 3349 2112 3396 cor,
2141 3348 2207 3388 ex
2235 3331 2438 3386 inlimis
2479 3346 2542 3384 ac
2581 3345 2647 3385 ex
2697 3328 3128 3401 profundissimo
3159 3328 3280 3381 lacu
3308 3327 3574 3381 clamores

1997 3425 2270 3487 emittens,
2295 3423 2674 3490 sciscitorque,
2707 3429 2764 3474 ut
2799 3436 2830 3474 a
2859 3427 2913 3473 te
2935 3418 3066 3482 Deo,
3097 3435 3194 3474 ceu
3226 3433 3257 3471 a
3290 3418 3570 3487 magistro.

1997 3513 2248 3568 edocear.
2275 3511 2405 3577 Qua:
2430 3512 2632 3565 utilitas
2656 3519 2748 3564 aut
2775 3509 2910 3563 mihi
2941 3516 3033 3562 aut
3057 3509 3178 3563 aliis
3201 3523 3268 3561 ex
3301 3507 3571 3577 sanguine

1998 3621 2119 3660 meo
2148 3606 2463 3661 confertur?
2507 3603 2614 3659 Aut
2647 3603 2776 3674 quid
2810 3603 3043 3673 amplius
3089 3602 3399 3656 hominibus
3428 3600 3574 3654 acci-

1999 3698 2090 3752 det
2123 3697 2320 3770 [boni],
2352 3713 2398 3752 s1
2429 3695 2762 3752 descendere
2787 3696 2842 3748 in
2869 3693 3308 3764 corruptionem?
3335 3694 3400 3745 At
3426 3692 3572 3749 enim

2000 3791 2054 3843 in
2087 3791 2310 3844 alterius
2345 3788 2608 3858 sanguine
2655 3786 2822 3839 multa
2865 3799 3167 3853 magnaque
3211 3782 3419 3836 utilitas
3451 3797 3574 3835 unt--

1997 3894 2158 3934 verso
2184 3879 2386 3933 mundo
2409 3878 2664 3942 accedet;
2698 3875 2915 3944 quando
2939 3875 3124 3944 Agnus
3147 3881 3273 3927 tuus
3306 3872 3398 3944 qui
3431 3872 3573 3926 tollit

1996 3979 2278 4040 peccatum
2315 3968 2501 4022 mundi
2527 3968 2594 4031 ⁸⁷,
2627 3968 2780 4036 quasi
2817 3966 2935 4020 ovis
2969 3965 3033 4019 ad
3065 3963 3454 4035 jugulationem
3484 3979 3574 4016 ve-

1997 4061 2130 4122 niet,
2157 4067 2209 4112 et
2239 4066 2494 4127 tanquam
2526 4071 2697 4126 agnus
2722 4070 2904 4108 coram
2927 4053 3183 4108 tondente
3213 4069 3271 4107 se
3299 4053 3415 4107 sine
3435 4067 3569 4106 voce

1996 4149 2100 4204 erit
2121 4148 2188 4202 ⁸⁸.
2222 4146 2354 4200 Nam
2389 4163 2456 4200 ex
2481 4147 2642 4215 hujus
2676 4145 2937 4213 sanguine
2969 4143 3266 4214 redemptio
3287 4151 3340 4198 et
3360 4144 3568 4213 ereptio

1999 4257 2030 4294 a
2063 4241 2219 4295 malis
2247 4240 2315 4294 iis
2343 4239 2466 4304 erit,
2499 4238 2592 4309 qui
2643 4253 2735 4308 per
2781 4253 2903 4292 eum
2943 4239 3171 4292 salutem
3220 4237 3564 4291 consecuturi

1999 4344 2144 4390 sunt.
2195 4331 2498 4398 Quinetiam
2551 4331 2848 4386 descensus
2889 4329 3011 4398 ejus
3050 4329 3116 4382 ad
3155 4344 3248 4384 eos
3275 4344 3448 4398 usque
3476 4327 3571 4397 qui

309 4425 461 4478 Ἀλλά
518 4427 626 4480 καὶ
676 4426 719 4495 ἡ
775 4427 1073 4489 κατάϐασις
1119 4425 1327 4477 ἐκείνου
1362 4425 1395 4494 ἡ
1427 4424 1593 4496 μέχρι
1630 4423 1737 4477 τῶν
1767 4423 1884 4477 δια-

1997 4429 2044 4482 in
2073 4431 2423 4496 corruptione
2453 4431 2508 4478 et
2552 4424 2608 4476 in
2641 4430 2816 4477 morte
2845 4428 3154 4481 versantur,
3188 4420 3372 4474 multis
3405 4432 3571 4473 causa

295 4519 644 4592 φθαρέντων,
689 4519 791 4574 καὶ
820 4520 876 4572 ἐν
909 4517 1118 4587 θανάτῳ
1145 4517 1470 4588 γενομένων,
1501 4517 1711 4580 πολλοῖς
1743 4517 1896 4570 αἰτία

297 4611 574 4682 σωτηρίας
623 4609 816 4662 ἔσται.
851 4607 1048 4672 Πολλὸς
1075 4607 1184 4680 γὰρ
1222 4608 1350 4678 χοῦς
1391 4609 1484 4661 καὶ
1523 4607 1690 4678 πολλὴ
1744 4606 1892 4670 κόνις

293 4703 390 4754 τῶν
418 4703 602 4756 πάλαι
646 4701 755 4754 καὶ
787 4699 1054 4772 σαρκίνων
1094 4701 1188 4754 καὶ
1209 4699 1407 4771 χοῖκῶν
1465 4696 1764 4771 ἀνθρώπων
1807 4697 1894 4763 ἐξ·

294 4794 707 4867 ομολογήσεταί
749 4809 859 4845 σοι’
887 4792 936 4845 οῖ
977 4794 1068 4846 καὶ
1096 4793 1187 4845 ἐπὶ
1230 4793 1290 4846 τὸ
1330 4794 1576 4863 κρεῖττον
1626 4789 1894 4861 μεταϐλη-

294 4883 485 4949 θέντες,
542 4882 946 4952 ἀπαγγελοῦσι
992 4883 1091 4953 τὴν
1139 4881 1392 4953 ἀλήθειάν
1447 4897 1560 4935 σου.
1607 4881 1753 4950 Μήτι
1797 4875 1889 4932 οὖν

294 4978 375 5031 καὶ
406 4981 464 5032 ἐν
496 4977 583 5050 τῷ
633 4976 773 5048 ἐμῷ
813 4976 1004 5045 αἵματι
1039 4975 1192 5028 ἔσται
1223 4992 1276 5027 τι
1311 4973 1549 5028 τοιοῦτον
1585 4973 1787 5042 ἀγαθὸν
1815 4971 1892 5042 τῷ

293 5072 503 5142 κόσμῳς
580 5071 619 5142 ἦ
692 5067 1113 5136 ὠφεληθήσεταί
1168 5083 1253 5130 τις
1303 5064 1438 5137 ἐμοῦ
1493 5065 1892 5136 κατασυρέντος

291 5159 382 5214 ὑπὸ
410 5162 509 5216 τοῦ
541 5160 846 5224 Θανάτου;
879 5157 912 5227 ἢ
946 5156 1072 5228 χοῦς
1102 5159 1195 5210 καὶ
1227 5158 1254 5207 ὁ
1280 5157 1386 5209 ἀπὸ
1414 5155 1508 5209 τοῦ
1542 5155 1636 5225 χοῦ
1669 5155 1893 5224 ληφθεὶς

292 5253 371 5304 καὶ
402 5254 661 5322 γεγονὼς
704 5249 1020 5320 ἄνθρωπος,
1056 5248 1412 5319 μεταϐληθεὶς
1440 5247 1547 5300 ἀπὸ
1580 5245 1670 5299 τοῦ
1705 5245 1887 5316 χοϊκοῦ

291 5347 368 5397 καὶ
391 5349 711 5417 γενόμενος
765 5341 1148 5410 πνευματικὸς,
1177 5339 1478 5408 ἀπαγγελεῖ
1509 5338 1607 5410 τὴν
1633 5337 1888 5410 ἀλήθειάν

295 5451 405 5502 seu;
465 5438 644 5491 Ἀλλὰ
695 5434 821 5503 γὰρ
860 5433 1012 5486 οὐδὲν
1051 5431 1202 5487 ἔσται
1245 5431 1304 5496 ἐξ
1338 5429 1469 5501 ἐμοῦ
1497 5428 1766 5483 τοιοῦτον·
1807 5430 1889 5484 διὸ

295 5528 505 5584 ἱκετεύω
578 5530 665 5600 μὴ
735 5524 1075 5596 ὁμοιωθῆναι
1146 5528 1257 5588 τοῖς
1330 5522 1743 5578 καταϐαίνουσιν
1805 5527 1888 5589 είς

297 5637 471 5676 μικκόν
479 5663 492 5676 .

349 5741 390 5772 ⁸⁵
428 5742 450 5796 ι
487 5742 628 5798 Cor.
673 5753 714 5792 ι
738 5773 758 5801 ,
805 5733 892 5788 12-
966 5733 1009 5766 ⁸²
1047 5731 1204 5791 Joan.
1245 5750 1292 5800 ι,
1328 5734 1417 5789 29.
1494 5733 1541 5766 ⁸⁸
1564 5731 1671 5798 lsa,
1699 5746 1815 5800 mu,
1847 5729 1902 5785 7.

1995 4520 2190 4576 salutis
2234 4517 2357 4573 erit.
2420 4515 2601 4570 Pulvis
2643 4514 2787 4569 enim
2840 4513 3043 4566 multus
3090 4512 3366 4580 multaque
3402 4517 3568 4574 terra,

1995 4612 2279 4666 hominum
2319 4609 2526 4665 scilicet
2565 4606 2695 4661 olim
2743 4604 3043 4659 carnalium
3096 4618 3162 4656 ae
3209 4611 3570 4664 lerrenorum,

1995 4702 2342 4759 confitebitur
2362 4701 2459 4756 tibi
2484 4719 2496 4754 :
2519 4698 2614 4769 qui
2639 4698 2692 4750 in
2717 4696 2991 4751 meliorem
3013 4693 3157 4747 versi
3179 4692 3567 4753 conditionem,

1997 4795 2398 4850 annuntiabunt
2452 4792 2733 4848 veritatem
2785 4794 2952 4841 tuam.
3005 4783 3260 4855 Nunquid
3304 4783 3467 4853 igitur
3513 4782 3562 4834 in

1998 4886 2262 4956 sanguine
2308 4899 2428 4939 meo
2476 4883 2582 4938 tale
2627 4880 2904 4951 quidpiam
2949 4879 3152 4933 bonum
3192 4873 3393 4928 mundo
3430 4872 3572 4927 erit?

1995 4978 2078 5031 An
2108 4977 2230 5046 quis
2265 4974 2552 5028 utilitatem
2600 4971 2728 5025 hinc
2777 4968 3076 5040 percipiet,
3122 4965 3168 5020 si
3203 4979 3302 5032 ego
3332 4977 3362 5014 a
3395 4971 3569 5016 morte

1995 5067 2285 5124 detrahar?
2322 5066 2404 5119 An
2450 5065 2627 5136 pulvis
2655 5073 2707 5117 et
2740 5061 2833 5132 qui
2860 5077 2926 5116 ex
2961 5059 3180 5130 pulvere
3210 5063 3460 5122 sumptus
3493 5053 3570 5106 fa-

1995 5171 2118 5216 ctus
2143 5166 2226 5215 est
2256 5159 2438 5221 homo,
2467 5172 2533 5211 ex
2574 5162 2790 5208 terreno
2833 5155 3199 5205 commutatus
3228 5146 3285 5198 in
3311 5143 3568 5214 spiritua-

1995 5253 2122 5316 lem,
2156 5247 2499 5304 annuntiabit
2528 5246 2804 5300 veritatem
2834 5241 3016 5296 tuam?
3043 5238 3188 5292 Nihil
3218 5251 3350 5292 sane
3376 5235 3567 5304 hujus-

1995 5346 2142 5401 modi
2169 5359 2237 5399 ex
2271 5357 2356 5397 me
2380 5340 2637 5411 prodihit.
2675 5336 3040 5406 Quamobrem
3075 5344 3210 5404 rogo
3260 5344 3330 5385 ne
3373 5325 3567 5384 similis

1999 5436 2124 5490 ﬁam
2150 5431 2608 5490 descendentibus
2637 5430 2691 5486 in
2721 5432 2920 5485 lacum.
