4094 6378
462 307 570 365 9.83

1166 304 1436 361 EUSEBH
1472 301 1953 359 CASSARIENSIS
1989 302 2140 359 OPP.
2183 300 2364 355 PARS
2400 302 2486 357 ΙΙΙ.
2527 333 2596 341 -
2630 299 3040 359 EXEGETICA.

3623 303 3724 360 2M

531 415 696 474 Vnus.
760 418 947 473 H45.
980 417 1194 472 Audiuit
1238 420 1513 485 Dominus,
1572 428 1622 473 et
1683 421 1927 474 misertus
1970 437 2036 474 εδδ

2227 420 2482 473 Ἤκουσε
2515 420 2769 487 Κύριος,
2801 417 2897 471 καὶ
2924 414 3152 485 ἠλέησέ
3183 431 3260 484 με
3280 430 3293 444 ·
3353 415 3565 484 Κύριος
3594 418 3724 490 ἐγε-

458 512 582 575 mei,
626 510 880 563 Dominus
927 508 1101 578 factus
1155 520 1232 563 est
1275 511 1490 580 adjutor
1530 526 1695 566 meus.
1767 510 2037 566 Converti-

457 603 528 655 sti
584 600 853 670 planctum
920 617 1091 654 meum
1151 601 1204 653 in
1248 601 1499 670 gaudium
1533 602 1661 655 mihi
1690 602 2040 657 :conscidisti

458 710 670 747 saccum
699 710 892 757 meum,
922 702 972 747 et
1004 694 1397 748 circumdedisti
1424 711 1505 748 me
1530 696 1740 750 latitia.
1767 695 1906 751 Cum
1936 697 2037 760 sic,

460 785 657 855 inquit,
697 784 1042 854 deprecarer,
1073 785 1165 855 qui
1214 800 1323 838 nun
1376 785 1564 853 procul
1610 791 1696 839 est
1737 784 1807 838 ab
1848 785 1915 841 iis
1946 785 2039 855 qui

461 894 596 950 pure
635 892 699 933 ac
744 878 977 933 ﬁdeliter
1004 878 1258 932 invocant
1289 879 1488 948 ipsum,
1520 876 1782 932 Dominus
1814 877 2035 942 audivit,

459 968 527 1023 de
556 982 664 1037 quo
698 967 902 1021 dictum
932 977 1015 1021 est
1040 985 1054 1020 :
1085 965 1258 1033 Prope
1283 974 1361 1019 est
1394 964 1654 1018 Dominus
1683 962 1927 1017 omnibus
1955 964 2039 1016 in-

458 1058 762 1111 vocantibus
786 1074 901 1111 eum
948 1058 1004 1111 in
1042 1059 1258 1112 veritate
1284 1057 1371 1112 "1
1403 1064 1457 1112 et
1486 1066 1773 1127 postquam
1809 1055 2037 1119 audivit,

457 1150 701 1204 misertus
732 1159 810 1204 est
839 1149 961 1210 mei,
997 1163 1061 1202 ac
1109 1163 1265 1204 suam
1308 1163 1435 1216 erga
1478 1162 1565 1203 me
1606 1148 2037 1202 misericordiam

457 1256 621 1311 opere
646 1240 1021 1310 comprobavit
1050 1259 1063 1293 :
1097 1239 1271 1308 factus
1305 1248 1384 1293 est
1423 1234 1567 1289 cuitu
1604 1237 1822 1307 adjutor
1868 1254 2033 1292 meus.

456 1333 750 1403 Postquam
806 1346 907 1385 nos
962 1332 1113 1386 hisce
1167 1332 1435 1386 allocutus
1475 1341 1559 1385 est
1587 1331 1792 1394 verbis,
1830 1338 2039 1400 etquae

457 1425 561 1480 sibi
597 1422 908 1478 acciderant
950 1422 1246 1484 enarravit,
1282 1437 1477 1476 rursus
1526 1423 1824 1491 gratiarum
1867 1422 2039 1475 actio-

456 1532 579 1573 nem
606 1516 673 1570 ad
707 1516 883 1585 ipsum
918 1514 1086 1569 Deum
1131 1515 1418 1578 convertit,
1455 1514 1717 1569 benelicia
1769 1515 1873 1569 sibi
1917 1514 2033 1569 col-

456 1610 565 1661 lata
594 1621 943 1662 enumerans.
983 1604 1141 1668 Nam,
1173 1605 1370 1675 inquit,
1398 1615 1457 1659 tu
1499 1605 1605 1659 mei
1652 1605 1911 1659 misertus
1948 1620 2032 1668 es,

454 1709 509 1753 et
537 1698 715 1753 lactus
753 1712 813 1751 es
835 1697 1050 1766 adiutor
1079 1711 1264 1763 meus;
1301 1704 1465 1767 atque
1508 1696 1589 1751 sic
1614 1704 1822 1751 veteres
1858 1697 2035 1767 lacry-

2141 510 2293 578 νήθη
2335 512 2562 579 βοηθός
2597 527 2736 579 μου.
2783 510 3121 577 "Emped-ac
3165 508 3272 563 τὸν
3313 511 3571 563 κοπετόν
3608 527 3728 581 μου

2139 608 2227 671 εἰς
2265 608 2460 673 χαρὰν
2489 603 2640 672 ἐμοὶ,
2688 599 3003 670 διέρῤηξας
3041 600 3151 654 τὸν
3193 599 3427 654 σάκκον
3454 618 3593 669 μου,
3628 602 3726 656 καὶ

2140 696 2495 765 περιέζωσάς
2514 713 2592 766 με
2612 696 3017 764 εὐφροσύνην.
3037 693 3245 756 Ταῦτα,
3265 693 3421 763 φησὶ,
3446 692 3729 763 δεηθέντος

2143 808 2265 861 μου,
2294 793 2323 844 ὁ
2349 789 2424 862 μὴ
2457 789 2670 861 μακρὰν
2698 787 2949 857 ἀφεστὼς
2975 786 3083 840 τῶν
3115 784 3370 856 καθαρῶς
3397 786 3491 839 καὶ
3521 785 3727 850 πιστῶς

2138 880 2584 949 ἐπικαλουμένων
2621 877 2786 931 αὐτὸν
2811 877 3016 949 Κύριος
3036 874 3292 945 ἤκουσε,
3324 874 3453 946 περὶ
3484 868 3546 928 οὗ
3576 875 3726 947 εἴρη-

2137 989 2259 1026 ται·
2324 973 2532 1041 Ἐγγὺς
2581 973 2799 1039 Κύριος
2844 968 2994 1025 πᾶσι
3038 969 3166 1035 τοῖς
3226 969 3726 1036 ἐπικαλουμένοις

2139 1064 2325 1118 αὑτὸν
2368 1064 2439 1116 ἐν
2479 1063 2752 1131 ἀληθείᾳ·
2801 1061 2897 1115 καὶ
2942 1061 3181 1124 ἀκούσας
3223 1060 3455 1128 ἠλέησέ
3493 1077 3590 1129 με.
3635 1063 3725 1115 καὶ

2138 1155 2297 1226 ἔργον
2342 1154 2651 1221 ἐπεδείξατο
2697 1152 2791 1206 τοῦ
2845 1154 2924 1217 είς
2951 1154 3051 1224 ἐμὲ
3083 1153 3288 1207 οἴκτουο
3312 1152 3567 1223 ἐγενήθη
3612 1153 3718 1222 γὰρ

2132 1248 2361 1314 βοηθός
2379 1265 2519 1316 μου.
2545 1247 2730 1300 Ταῦτα
2760 1248 2836 1310 ὡς
2864 1245 3001 1316 πρὸς
3029 1246 3178 1317 ἡμᾶς
3196 1244 3516 1315 διαλεχθεὶς,
3541 1244 3635 1296 καὶ
3656 1243 3724 1297 τὰ

2142 1337 2526 1407 συμϐεϐηκότα
2565 1338 2715 1408 αὐτῷ
2752 1337 2971 1401 διδάξας
2994 1338 3162 1408 ἡμᾶς,
3195 1337 3527 1407 ἀποστρέφει
3562 1335 3724 1389 πάλιν

2137 1430 2235 1499 τὴν
2261 1429 2610 1500 εὐχαριστίαν
2646 1429 2735 1482 ἐπ’
2764 1428 2924 1481 αὐτὸν
2957 1429 3108 1493 Θεὸν,
3139 1428 3237 1491 τὰς
3266 1428 3345 1491 είς
3372 1427 3534 1481 αὐτὸν
3572 1428 3724 1498 εύερ-

2137 1522 2326 1588 γεσίας
2355 1520 2586 1586 διεξιών.
2629 1522 2895 1593 Ἠλέησας
2929 1521 3040 1592 γάρ
3074 1538 3141 1592 με
3181 1522 3268 1585 σὺ,
3300 1520 3456 1590 φησι,
3502 1521 3596 1574 καὶ
3628 1521 3723 1589 γέ-

2136 1626 2300 1677 γονας
2348 1609 2541 1680 βοηθός
2585 1626 2722 1681 μου·
2765 1608 2908 1663 οὕτω
2957 1627 3018 1663 τε
3068 1609 3362 1680 μετέϐαλες
3412 1611 3482 1663 τὰ
3520 1610 3725 1664 παλαιά

2142 1719 2243 1773 μου
2283 1702 2513 1774 δάκρυα,
2547 1703 2647 1756 καὶ
2674 1704 2801 1766 τοὺς
2840 1701 3073 1776 θρήνους
3111 1702 3208 1755 καὶ
3248 1707 3339 1755 τὸν
3379 1701 3609 1756 κοπετὸν
3643 1704 3723 1766 είς

456 1804 596 1856 mas,
628 1773 1065 1850 lamentationes,
1115 1788 1393 1856 planctum
1442 1788 1498 1841 in
1548 1787 1743 1852 risum,
1777 1785 2033 1854 gaudium

2136 1796 2347 1864 γέλωτα
2370 1773 2464 1850 καὶ
2493 1796 2688 1866 χαρὰν,
2723 1796 2818 1850 καὶ
2852 1773 3190 1865 ἀγαλλίασιν,
3226 1794 3604 1865 ἐπαληθεύσας
3630 1795 3722 1848 τὸν

454 1888 510 1935 et
558 1880 976 1935 exsultationem
1014 1880 1384 1934 commutasti.
1434 1877 1512 1932 ita
1560 1893 1743 1933 veram
1783 1890 2036 1945 compro-

455 1973 594 2028 basti
642 1973 789 2027 illam
842 1971 1255 2035 beatitudinem,
1290 1986 1411 2041 qua:
1450 1971 1543 2025 diu
1594 1977 1783 2040 postea
1813 1970 1880 2024 de
1903 1968 2036 2023 ﬁen-

380 2102 385 2105 -
453 2066 599 2121 tibus
628 2079 690 2119 ac
714 2065 1026 2135 lugentibus
1054 2064 1251 2118 tradita
1280 2072 1364 2119 est
1396 2084 1408 2117 :
1438 2063 1592 2117 Beati
1616 2064 1704 2129 qui
1727 2062 1875 2131 ﬂent,
1904 2077 2037 2131 quo-

453 2161 600 2213 niam
630 2158 868 2213 ridebunt
891 2159 968 2220 ⁹⁰;
998 2158 1137 2213 beati
1162 2159 1251 2229 qui
1282 2157 1474 2228 lugent,
1506 2157 1754 2225 quoniam
1781 2156 1879 2224 ipsi
1908 2172 2035 2209 con-

454 2252 769 2307 solabuntur
798 2251 867 2304 ⁹¹.
904 2249 987 2305 Me
1029 2264 1190 2303 sacco
1216 2249 1438 2315 exuisti,
1473 2249 1564 2318 qui
1595 2248 1775 2302 luctus
1818 2248 2033 2316 signum

452 2351 591 2407 erat,
626 2342 682 2395 in
713 2356 822 2412 quo
854 2355 941 2396 me
988 2340 1307 2409 aiﬂigebam,
1340 2347 1394 2394 et
1436 2339 1656 2409 cingulo
1689 2338 1887 2393 laetitite
1930 2339 2035 2392 cir-

453 2434 802 2489 cumcinxisti
843 2447 949 2487 me.
982 2430 1106 2485 Haec
1136 2444 1299 2499 porro
1320 2430 1500 2483 omnia
1554 2430 1687 2484 mihi
1729 2430 2028 2500 praebuisti,

454 2532 515 2580 ut
547 2525 716 2588 ne,.si
745 2524 846 2580 tibi
892 2538 1003 2578 non
1032 2521 1318 2576 confessus
1351 2537 1553 2585 essem,
1584 2532 1726 2576 terra
1764 2531 1816 2577 et
1854 2522 2032 2592 pulvis

452 2632 812 2681 remanerem,
840 2624 901 2669 ut
948 2624 1121 2669 cantet
1158 2612 1250 2667 tibi
1296 2613 1468 2684 gloria
1517 2630 1652 2667 mea.
1689 2612 1825 2666 Nam
1863 2614 1909 2668 si
1940 2614 2033 2668 de-

453 2708 787 2765 scendissem
846 2708 903 2762 in
958 2706 1400 2776 corruptionem,
1447 2706 1597 2760 nulla
1641 2704 1770 2759 hinc
1824 2705 2032 2760 utilitas

452 2802 540 2857 vel
571 2801 703 2855 mihi
731 2800 816 2856 vel
841 2800 964 2855 aliis
1015 2805 1277 2854 eventura
1322 2806 1459 2853 erat.
1501 2797 1613 2869 Ego
1655 2812 1890 2867 namque
1923 2798 2032 2852 vita

453 2895 544 2950 illa
583 2910 704 2965 quae
745 2910 814 2949 ex
860 2904 913 2950 te
947 2893 1191 2965 procedit
1238 2891 1537 2963 privandus
1580 2907 1752 2959 eram,
1782 2891 1874 2945 alii
1903 2907 2032 2947 vero

455 3003 550 3067 per
578 3002 662 3042 me
686 2988 914 3041 salutem
943 2985 1167 3040 minime
1195 2985 1342 3040 nacti
1370 2992 1573 3040 essent.

521 3078 593 3132 At
622 3077 841 3149 quando
876 3086 934 3132 tu
967 3076 1269 3132 convertisti
1304 3074 1574 3145 planctum
1603 3090 1772 3128 meum
1806 3075 1860 3127 in
1898 3090 2032 3145 gau-

2138 1881 2363 1954 ῦστερόν
2396 1900 2527 1936 ποτε
2552 1882 2811 1953 λεχθέντα
2844 1884 3190 1955 μακαρισμὸν
3224 1883 3484 1955 περὶτῶν
3510 1883 3723 1938 κλαιόν-

2135 1972 2359 2025 τωνοκα)⁵
2387 1971 2745 2037 πενθούντων,
2776 1973 2919 2027 κατὰ
2941 1974 3001 2027 τό
3018 1990 3031 2003 ·
3074 1973 3364 2043 Μακάριοι
3401 1976 3457 2027 οἱ
3483 1975 3723 2029 κλαίον-

2133 2082 2252 2131 τες,
2283 2064 2373 2118 ὅτι
2404 2063 2769 2134 γελάσονται
2787 2083 2802 2097 ο
2825 2065 2923 2119 καὶ
2947 2065 3226 2136 μακάριοι
3255 2070 3309 2121 οἱ
3339 2066 3718 2136 πενθοῦντες,

2133 2156 2222 2209 ὅτι
2258 2155 2853 2225 παρακληθήσονται.
2905 2157 2987 2211 Τὰ
3018 2156 3263 2229 σύμϐολα
3301 2157 3433 2226 γοῦν
3469 2158 3565 2212 τοῦ
3594 2158 3723 2213 πέν-

2133 2246 2259 2310 θους
2307 2246 2583 2311 ἀπέδυσας
2617 2265 2717 2318 με,
2765 2248 2861 2303 τὸν
2911 2249 3145 2313 σάκκον,
3197 2252 3256 2303 ἐν
3304 2243 3349 2318 ᾧ
3390 2251 3721 2305 κακοπαθὼν

2135 2341 2368 2411 ἐμαυτὸν
2394 2343 2797 2415 ἐτιμωρούμην,
2833 2344 2927 2397 καὶ
2959 2341 3207 2415 ζώσματι
3252 2344 3589 2417 εὐφροσύνης
3624 2364 3722 2399 πε-

2137 2434 2400 2505 ριέζωσάς
2446 2452 2533 2506 με.
2586 2435 2697 2489 Καὶ
2720 2435 2896 2489 ταῦτα
2923 2437 3099 2490 πάντα
3147 2454 3237 2508 μοι
3282 2437 3583 2509 παρέσχου,
3632 2438 3720 2491 ἵνα

2137 2526 2210 2598 μὴ
2252 2527 2533 2598 ἀπομείνω
2577 2528 2724 2592 κόνις
2756 2529 2851 2582 καὶ
2883 2524 3012 2601 χοῦς
3058 2532 3087 2584 ὁ
3128 2530 3202 2607 μὴ
3234 2530 3720 2603 ἐξομολογούμενός

2135 2634 2238 2684 σοι,
2279 2618 2393 2672 ἀλλ’
2421 2620 2522 2673 ἵνα
2553 2619 2766 2689 eum
2805 2636 2904 2674 σοι
2932 2622 2971 2690 ἠ
3001 2620 3151 2686 δόξα
3171 2640 3311 2692 μου.
3357 2623 3447 2676 Ἐν
3484 2623 3580 2693 μὲν
3610 2622 3719 2694 γὰρ

2132 2698 2210 2779 τῷ
2243 2710 2547 2783 καταϐῆναί
2584 2728 2652 2782 με
2683 2713 2764 2775 είς
2790 2711 3088 2784 διαφθορὰν
3124 2710 3350 2787 οὐδεμία
3378 2733 3462 2779 τις
3484 2710 3553 2786 ἦν
3575 2714 3719 2785 ὠφέ-

2132 2800 2252 2855 λεια
2276 2800 2395 2875 ούτῖ
2416 2802 2541 2872 ἐμοὶ
2566 2801 2691 2855 οὔτε
2711 2803 2938 2875 ἑτέροις.
2985 2802 3129 2873 Ἐγώ
3157 2816 3229 2858 τε·
3251 2806 3360 2878 γὰρ
3386 2803 3720 2877 ἀπεστερού-

2135 2909 2242 2963 μην
2266 2893 2365 2964 τῆς
2389 2893 2541 2965 παρὰ
2573 2893 2668 2947 σοῦ
2692 2893 2858 2965 ζωῆς,
2888 2894 3038 2949 ἄλλοι
3064 2914 3121 2950 τε
3150 2897 3401 2969 οὐδαμῶς
3426 2898 3717 2971 ἐτύγχανον

2130 2983 2232 3053 τῆς
2261 2984 2328 3037 δι’
2358 2985 2492 3056 ἐμοῦ
2526 2988 2817 3059 σωτηρίας.

2215 3075 2302 3127 Ἐν
2331 3075 2387 3128 δὲ
2414 3076 2492 3147 τῷ
2510 3076 2912 3145 μεταϐάλλειν
2943 3094 3017 3134 σε
3045 3080 3155 3134 τὸν
3181 3080 3441 3136 κοπετόν
3461 3099 3582 3153 μου
3629 3084 3723 3150 εἰς

453 3168 599 3224 dium
646 3167 795 3233 mihi,
826 3175 880 3224 et
909 3167 1127 3238 quando
1172 3163 1480 3219 conscidisti
1525 3179 1736 3216 saccum
1766 3178 1939 3215 meum
1981 3171 2032 3216 et

2134 3166 2326 3235 χαρὰν
2358 3166 2508 3235 ἐμοὶ,
2545 3169 2641 3221 καὶ
2681 3170 2740 3223 ἐν
2771 3169 2850 3242 τῷ
2888 3170 3206 3240 διαρῤἦξαί
3236 3188 3311 3226 σε
3348 3173 3457 3227 τόν
3487 3174 3720 3229 σάκκον

452 3259 845 3314 circumdedisti
894 3276 974 3314 me
1016 3258 1227 3321 laetitia,
1252 3271 1364 3310 non
1410 3253 1624 3309 modica
1672 3252 1797 3307 inde
1826 3253 2031 3308 utilitas

2134 3275 2247 3326 μου
2280 3259 2379 3311 καὶ
2408 3259 2719 3328 περιζῶσαι
2744 3264 3151 3332 εὐφροσύνην,
3189 3267 3288 3338 οὐχ
3318 3269 3351 3337 ἡ
3376 3267 3613 3339 τυχοῦσα
3636 3285 3720 3338 γε·

453 3351 688 3407 accessit
718 3371 730 3406 :
764 3367 892 3406 nam
921 3352 1152 3421 pristina
1186 3355 1408 3418 recepta
1436 3347 1631 3418 gloria,
1656 3361 1751 3417 per
1780 3361 1900 3400 eam
1933 3345 2031 3401 tibi

453 3444 687 3499 eantabo
710 3455 765 3499 et
787 3444 1013 3515 psallam
1034 3484 1049 3509 ,
1078 3458 1185 3497 non
1222 3457 1386 3513 prava
1416 3441 1632 3512 quidem
1671 3440 2029 3503 conscientia,

454 3538 550 3591 sed
581 3535 766 3592 ﬁdenti
806 3551 868 3590 ac
907 3550 1043 3607 pura
1094 3542 1294 3592 mente.
1341 3534 1467 3589 Ideo
1494 3534 1591 3598 ait,
1627 3531 1695 3586 Ut
1735 3541 1908 3587 cantet
1938 3530 2033 3585 tibi

450 3629 625 3700 gloria
653 3645 789 3692 mea,
830 3637 880 3683 et
924 3644 1028 3682 non
1073 3637 1410 3697 compungar.
1457 3625 1537 3679 lta
1588 3639 1751 3696 porro
1782 3638 2033 3695 perseve-

454 3721 588 3776 rabo
621 3736 716 3791 per
743 3734 906 3775 omne
955 3720 1235 3787 saeculum,
1265 3717 1566 3774 conﬁtebor
1618 3715 1742 3780 tibi,
1792 3723 1848 3770 et
1899 3728 1929 3767 a
1981 3722 2033 3768 te

453 3812 586 3865 mihi
621 3827 834 3880 semper
876 3812 1073 3866 collata
1105 3809 1368 3865 beneﬁcia
1415 3806 1874 3863 commemorabo.
1923 3803 2031 3858 Do-

450 3906 624 3959 minus
652 3905 828 3974 factus
854 3912 934 3959 est
968 3902 1182 3973 adjutor
1208 3918 1371 3957 meus.
1415 3899 1721 3955 Notandum
1756 3912 1919 3967 porro
1948 3904 2033 3953 est

453 3996 607 4059 illud,
632 3995 807 4064 factus
828 4003 926 4059 est,
957 4008 1068 4047 non
1106 4006 1321 4062 semper
1353 3997 1631 4060 acceptam
1667 3987 2030 4043 substantiam

452 4086 802 4159 signiﬁcare;
849 4086 941 4141 sed
978 4085 1304 4155 quandoque
1343 4084 1509 4139 etiam
1564 4081 1810 4136 habitum
1838 4093 2031 4150 quem-

453 4182 600 4234 dam.
632 4178 821 4233 Sicubi
855 4177 1022 4248 igitur
1064 4176 1118 4231 id
1153 4176 1221 4231 de
1269 4173 1553 4230 Salvatore
1592 4173 1829 4239 dicatur,
1875 4171 2026 4225 habi-

452 4280 569 4324 tum
598 4270 665 4325 ad
694 4284 810 4324 rem
838 4269 1103 4337 aliquam,
1134 4282 1241 4322 non
1278 4265 1641 4322 substantiam
1686 4263 1908 4329 factam,
1953 4262 2030 4317 si-

451 4359 690 4432 gniﬁcat.
746 4357 1062 4413 Convertisti
1122 4358 1393 4428 planctum
1449 4373 1621 4411 meum
1669 4356 1724 4409 in
1775 4356 2029 4426 gaudium

453 4453 601 4506 mihi.
632 4451 745 4506 Vox
777 4452 890 4516 illa,
922 4451 1164 4522 planctus
1200 4450 1338 4523 [sive
1382 4451 1556 4503 tunsio
1600 4446 1871 4520 pectoris],
1900 4462 2027 4503 sen—

2132 3350 2355 3420 γένηται
2373 3351 2610 3422 ὠφέλεια
2626 3372 2639 3384 ·
2667 3355 2960 3411 ἀπολαϐὼν
2986 3357 3096 3430 γὰρ
3120 3358 3219 3430 τὴν
3251 3360 3521 3432 προτέραν
3547 3362 3719 3433 ἐμαυ-

2130 3441 2223 3494 τοῦ
2248 3441 2425 3509 δόξαν,
2458 3443 2545 3498 διὰ
2562 3445 2769 3517 ταύτης
2798 3464 2879 3502 σοι
2904 3448 3192 3519 ψαλῶ,καὶ
3218 3450 3372 3520 ψαλῶ
3401 3469 3482 3507 σοι
3496 3453 3557 3505 ού
3583 3453 3722 3525 μετά

2130 3550 2275 3617 τινος
2303 3534 2515 3606 φαύλης
2548 3538 2929 3611 συνειδήσεως,
2959 3540 3096 3595 ἀλλὰ
3152 3544 3293 3615 μετά
3339 3547 3719 3617 πεπαρῤησια-

2132 3612 2338 3696 σμένης
2368 3626 2463 3678 καὶ
2496 3627 2746 3701 καθαρᾶς
2790 3629 3046 3695 διανοίας.
3078 3612 3171 3687 Διό
3196 3650 3388 3705 φησιν·
3643 3634 3720 3689 ἂν

2129 3717 2342 3787 ψὰλλῃ
2395 3735 2495 3773 σοι
2539 3721 2579 3788 ἡ
2622 3719 2774 3785 δόξα
2820 3739 2962 3791 μου,
3007 3722 3107 3777 καὶ
3148 3726 3220 3778 οὐ
3258 3725 3345 3794 μὴ
3385 3726 3716 3796 κατανυτῶ.

2131 3808 2287 3862 Οῦτω
2314 3828 2373 3863 τε
2396 3811 2691 3865 διατελέσω
2722 3814 2804 3876 είς
2829 3813 2924 3867 τὸν
2959 3813 3252 3885 σύμπαντα
3285 3816 3489 3881 αἰῶνα,
3525 3815 3718 3886 ἐξομο-

2130 3897 2451 3971 λογούμενός
2482 3918 2597 3965 σοι,
2640 3901 2735 3955 καὶ
2770 3903 2871 3965 τὰς
2905 3902 3003 3967 σὰς
3040 3903 3130 3957 διὰ
3166 3905 3365 3969 παντὸς
3398 3906 3718 3976 εὐεργεσίας

2129 3991 2229 4055 τὰς
2259 3994 2339 4053 είς
2367 3991 2467 4061 ἐμὲ
2494 3991 2724 4057 διεξιών.
2760 3995 2976 4061 Κύριος
3019 3994 3273 4065 ἐγενήθη
3308 3996 3541 4064 ,ϐοηθός
3571 4014 3713 4068 μου.

2130 4083 2495 4154 Σημειωτέον,
2553 4083 2637 4136 ὅτι
2685 4082 2765 4147 τὸ,
2821 4083 3097 4154 ἐγενήθη,
3150 4085 3252 4139 οὐκ
3312 4085 3399 4139 ἀεὶ
3462 4087 3717 4141 ούσίωσιν

2133 4172 2406 4243 σημαίνει·
2426 4172 2540 4225 ἀλλ’
2570 4171 2680 4225 ἔσθ’
2709 4173 2797 4225 ὅτε
2827 4173 2921 4227 καὶ
2948 4173 3084 4244 πρός
3110 4191 3230 4227 τινα
3261 4175 3465 4246 σχέσιν.
3496 4175 3566 4229 El
3584 4194 3716 4231 ποτε

2128 4260 2222 4316 οὖν
2277 4265 2373 4318 καὶ
2418 4266 2511 4317 ἐπ)⁸
2556 4263 2649 4316 τοῦ
2691 4265 2944 4337 Σωτῆρος
3000 4266 3222 4339 τοιαύτη
3278 4268 3489 4335 γένοιτο
3538 4268 3713 4341 φωνὴ,

2135 4355 2317 4425 σχέσιν
2341 4356 2478 4428 πρός
2508 4373 2561 4409 τι
2599 4357 2693 4409 καὶ
2723 4357 2845 4428 οὐχὶ
2877 4358 3133 4413 ούσίωσιν
3167 4359 3440 4431 σημαίνει.
3477 4360 3719 4428 Ἕστρε-

2131 4450 2255 4516 ψας
2288 4445 2394 4500 τὸν
2430 4452 2688 4501 κοπετόν
2720 4466 2841 4518 μου
2873 4451 2961 4515 είς
3002 4449 3197 4518 χαρὰν
3233 4451 3383 4520 ἐξμοι.
3421 4452 3508 4518 Ἠ,
3540 4465 3718 4507 κοπε-

454 4562 573 4603 sum
608 4544 877 4617 signiﬁcat
908 4564 922 4599 :
949 4544 1096 4615 quod
1118 4544 1202 4599 vel
1224 4545 1343 4613 ipsa
1371 4558 1430 4597 re
1461 4541 1794 4604 declaratur,
1834 4555 2029 4595 manus

2134 4540 2263 4607 τὸς,
2293 4540 2477 4611 φωνὴ,
2507 4541 2607 4612 τὴν
2642 4540 2992 4613 συναίσθησιν
3040 4542 3317 4614 σημαίνει,
3347 4544 3425 4606 ὡς
3451 4544 3548 4597 καὶ
3574 4544 3714 4615 αὐτὴ

454 4639 653 4709 quippe
696 4644 885 4709 pectus
930 4635 1189 4691 tundunt.
1234 4632 1337 4699 Qui
1382 4633 1547 4705 igitur
1585 4633 1639 4687 in
1684 4632 2030 4709 propriorum

2134 4634 2167 4702 ή
2204 4630 2402 4705 πρᾶξις
2431 4632 2758 4705 παρίστησι,
2785 4632 2893 4687 τῶν
2927 4634 3125 4706 χειρῶν
3157 4634 3221 4688 τὸ
3252 4633 3446 4706 στῆθος
3485 4652 3715 4689 κοπτού-

455 4739 804 4802 peccatorum
834 4743 1001 4784 sensu
1032 4733 1304 4791 versatur,
1340 4741 1406 4780 ac
1437 4741 1533 4796 per
1577 4724 1889 4795 spirituales
1921 4738 2032 4777 ma-

2134 4725 2263 4777 σῶν.
2342 4725 2399 4778 '0
2457 4720 2549 4778 οὖν
2598 4725 2657 4778 ἐν
2709 4726 3057 4797 συναισθήσει
3109 4726 3253 4780 ἰδίων
3301 4727 3716 4798 ἁμαρτημάτων

457 4838 561 4878 nus
590 4838 712 4877 cum
760 4821 1000 4877 elIicacia
1047 4834 1268 4875 sensum
1310 4818 1511 4873 excitat
1550 4833 1739 4882 suum,
1773 4817 1821 4872 is
1849 4825 2031 4872 trans-

2134 4815 2393 4885 γεγονὼς,
2436 4815 2532 4870 καὶ
2564 4817 2932 4889 ἐνεργητικῶς
2975 4818 3064 4872 διὰ
3092 4818 3292 4890 χειρῶν
3327 4819 3714 4890 πνευματικῶν

455 4915 596 4970 latus
646 4931 676 4968 a
726 4915 897 4978 luctu,
930 4911 1211 4985 gaudium,
1268 4909 1506 4981 Spiritus
1550 4911 1724 4966 sancti
1762 4908 2026 4973 fructum,

2134 4907 2228 4979 τὴν
2264 4906 2515 4978 αἴσθησιν
2563 4908 2728 4961 αὐτοῦ
2760 4908 3067 4981 διεγείρας,
3114 4909 3434 4980 μεταϐαλὼν
3475 4910 3583 4964 ἀπὸ
3617 4909 3712 4963 τοῦ

451 5006 698 5077 accipiet.
735 5005 870 5060 illud
909 5019 1096 5076 porro.
1134 5003 1459 5067 convertisti,
1489 5004 1844 5057 mutationem
1876 5002 2024 5056 illam

2134 4995 2512 5068 ὀλοφύρεσθαι,
2549 4997 2722 5069 χαρὰν
2746 4999 2837 5052 τὸν
2863 5000 3074 5072 καρπὸν
3110 5000 3205 5054 τοῦ
3235 5000 3550 5071 Πνεύματος
3581 5003 3714 5055 ἀνα-

452 5116 516 5156 es
546 5100 767 5170 planctu
791 5105 845 5152 et
871 5098 1021 5151 luctu
1052 5096 1109 5151 in
1150 5095 1391 5151 laetitiam
1422 5094 1664 5149 declarat
1691 5113 1706 5162 ;
1750 5093 1884 5149 illud
1928 5094 2027 5149 de-

2134 5088 2371 5160 λήψεται.
2407 5086 2501 5152 Τὸ,
2536 5086 2868 5157 saepsit-ag,
2923 5090 3075 5162 δηλοῖ
3106 5092 3205 5163 τὴν
3239 5094 3304 5146 ἐκ
3364 5091 3459 5146 τοῦ
3507 5094 3711 5147 κόπτε-

453 5207 622 5255 mum,
656 5206 756 5243 non
785 5204 1125 5259 compungar,
1157 5187 1209 5242 id
1238 5195 1341 5255 est,
1382 5202 1493 5241 non
1525 5187 1745 5241 mutabo
1779 5187 2029 5256 proposi-

2135 5182 2256 5235 σθαι
2305 5182 2399 5236 καὶ
2447 5181 2731 5236 λυπεῖσθαι
2760 5185 2839 5247 εἰς
2893 5186 3069 5256 χαρὰν
3120 5184 3456 5257 μεταϐολήν·
3512 5186 3581 5239 τὸ
3630 5185 3710 5248 δὲ,

454 5290 590 5338 tum.
619 5280 801 5337 Gloria
844 5281 937 5335 illa
968 5279 1242 5335 cantatrix
1274 5279 1395 5350 ejus
1423 5278 1518 5349 qui
1561 5278 1642 5334 sic
1682 5276 1851 5334 Deum
1896 5277 2027 5332 aifa-

2134 5277 2201 5329 οὐ
2220 5275 2306 5345 μὴ
2338 5275 2685 5346 κατανυγῶ,
2719 5278 2779 5330 ού
2823 5277 2897 5350 μὴ
2954 5278 3234 5349 μεταγνῶ,
3276 5280 3429 5350 φησί.
3481 5278 3617 5343 Δόξα
3656 5277 3713 5330 δὲ

453 5381 563 5438 tur,
602 5381 813 5427 rectum
843 5372 968 5427 vitae
1016 5370 1326 5426 institutum
1366 5378 1449 5425 est
1496 5375 1552 5424 et
1593 5368 1830 5439 cognitio
1867 5383 2022 5438 pum.

2134 5367 2406 5437 ψὰλλουσα
2430 5366 2525 5420 τοῦ
2556 5366 2730 5422 ταῦτα
2758 5369 3007 5439 λέγοντος
3033 5370 3113 5442 τῷ
3136 5371 3278 5443 Θεῷ,
3294 5371 3427 5444 ὀρθὴ
3467 5369 3712 5425 πολιτεία

455 5461 675 5517 Domine
715 5460 856 5515 Deus
905 5477 1071 5526 meus,
1112 5462 1168 5514 in
1215 5469 1467 5514 wternum
1508 5458 1795 5529 conﬁtebor
1823 5458 1933 5512 tibi.
1965 5457 2024 5513 ld

2134 5459 2225 5512 καὶ
2249 5457 2447 5529 γνῶσίς
2479 5461 2626 5513 ἐστιν
2658 5459 2971 5533 εἰλικρινής.
3000 5463 3179 5531 Κύριε
3223 5466 3256 5516 ό
3288 5464 3432 5529 Θεός
3450 5479 3591 5532 μου,
3623 5462 3710 5526 εις

452 5561 557 5616 est,
580 5566 679 5619 pro
706 5550 963 5606 omnibus
991 5565 1112 5621 quae
1133 5550 1480 5622 contigerint,
1504 5564 1615 5606 non
1644 5549 1806 5604 modo
1831 5549 2024 5619 jucun-

2134 5552 2236 5605 τὸν
2263 5549 2447 5607 αἰῶνα
2470 5552 2990 5624 ἐξομολογήσομαι
3013 5568 3113 5609 σοι
3133 5573 3145 5586 ·
3178 5555 3299 5610 ἀντὶ
3318 5555 3431 5620 τοῦ,
3454 5552 3547 5607 ἐπὶ
3572 5552 3709 5610 πᾶσι

531 5729 576 5763 ³·
615 5727 759 5785 Psal.
794 5744 972 5797 cxuv,
1010 5731 1099 5788 18.
1173 5733 1220 5765 ’θ
1260 5730 1391 5788 Luc.
1430 5746 1504 5799 vt,
1537 5730 1631 5789 21.
1705 5732 1751 5766 ⁸⁸
1793 5730 1981 5787 Matth.
2025 5747 2086 5798 v,
2119 5731 2169 5787 5.
