4094 6378
453 394 556 449 2ὖῖ

1147 389 1423 447 EUSEBII
1462 386 1939 447 CAESARIENSIS
1979 387 2129 445 OPP.
2161 388 2340 444 PARS
2398 390 2573 445 lll.——
2611 389 3020 447 EXEGETICA.

3617 393 3723 444 268

456 509 678 566 letabor
716 508 773 561 in
808 504 1175 561 misericordia
1222 516 1331 559 tua.
1375 504 1569 559 Merito
1618 504 1820 559 laetaris
1846 504 1914 558 de
1938 519 2001 558 ve

2139 509 2421 574 λιάσομαι
2469 505 2568 559 καὶ
2613 506 3101 576 εὐφρανθήσομαι
3142 505 3237 558 ἐπὶ
3272 504 3351 569 τῷ
3388 502 3542 559 ἐλέει
3580 519 3715 559 σου·

455 603 634 659 sitatis
684 598 1042 661 amatoribus,
1077 597 1309 667 illosque
1363 595 1638 662 admittis;
1672 594 1792 649 ideo
1823 594 2029 648 dictum

452 705 557 759 est,
602 694 860 748 Veritates
892 692 1113 760 requirit
1135 689 1436 753 Dominus;
1482 688 1604 743 illos
1643 704 1773 743 vero
1802 688 1894 758 qui
1938 704 2033 741 va-

451 790 678 845 nitatem
737 791 1038 847 sectantur,
1088 789 1278 853 utpote
1329 782 1421 851 qui
1454 779 1800 836 mendacium
1836 796 2032 837 conse-

449 886 687 941 ctentur,
725 876 1036 931 adversaris
1081 881 1136 929 et
1176 873 1365 929 odisti.
1426 871 1654 928 Vanitas
1693 874 1895 944 quippe
1946 880 2031 928 est

448 971 593 1043 quod
624 970 905 1026 mendacio
937 969 1154 1038 plenum
1184 983 1197 1018 :
1238 982 1411 1038 quare
1452 967 1532 1021 sic
1562 967 1823 1022 admones
1854 986 1867 1020 :
1899 964 2031 1019 Filii

447 1064 719 1119 hominum
748 1078 1014 1133 usquequo
1041 1061 1191 1131 gravi
1224 1060 1399 1124 corde,
1432 1071 1492 1113 ut
1518 1059 1643 1130 quid
1672 1059 1897 1130 diligitis
1938 1075 2031 1111 va-

446 1161 666 1214 nitatem
697 1168 745 1210 et
771 1156 1012 1226 quaeritis
1038 1156 1368 1209 mendacium
1388 1154 1475 1207 9’?
1509 1153 1621 1224 Ego
1644 1168 1775 1208 vero
1813 1169 1842 1206 a
1871 1154 2028 1209 vanis

444 1250 615 1305 rebus
645 1262 893 1309 aversus,
936 1248 991 1300 in
1032 1254 1084 1301 te
1124 1247 1243 1300 solo
1267 1245 1498 1300 Domino
1528 1260 1649 1300 meo
1678 1261 1829 1315 spem
1866 1261 2031 1314 repo.

446 1341 556 1406 sui,
591 1356 761 1411 quare
796 1338 1017 1394 conﬁdo
1048 1354 1158 1393 non
1209 1336 1414 1393 frustra
1443 1337 1542 1391 tibi
1578 1338 1845 1408 meipsum
1873 1354 2025 1391 com-

447 1434 687 1489 misisse.
732 1431 868 1486 Nam
905 1432 1029 1486 ﬁnis
1070 1430 1184 1502 spei
1223 1431 1277 1485 in
1318 1439 1371 1485 te
1417 1429 1597 1501 posita
1649 1440 1730 1485 est
1770 1429 2026 1500 gaudium

446 1531 501 1576 et
543 1522 749 1576 laetitia.

519 1613 686 1668 Veiis.
719 1613 772 1668 9.
811 1613 1076 1680 Quoniam
1130 1614 1405 1683 respexisti
1444 1613 1793 1668 humilitatem
1832 1629 2022 1680 meam,

442 1706 667 1759 salvasti
710 1708 774 1759 de
805 1705 1205 1760 necessitatibus
1250 1707 1485 1759 animam
1529 1721 1737 1768 meam;
1773 1722 1863 1760 nec
1896 1722 2024 1758 con-

441 1799 653 1851 clusisti
697 1815 777 1851 me
825 1799 878 1851 in
925 1798 1169 1852 manibus
1222 1800 1469 1862 inimici;
1515 1800 1754 1852 statuisti
1802 1799 1857 1850 in
1909 1798 2021 1851 loco

439 1891 674 1957 spatioso
704 1889 856 1959 pedes
904 1907 1065 1945 meos.
1125 1889 1242 1945 Jam
1289 1891 1425 1944 alias
1460 1889 1747 1960 respexisti
1796 1889 2017 1942 humili-

439 1988 609 2037 tatem
653 1997 828 2035 meam
861 2001 874 2036 :
914 1996 977 2035 ac
1012 1982 1336 2051 plerumque
1366 1981 1547 2035 anima
1581 1995 1701 2034 mea
1740 1981 1796 2032 in
1826 1994 2014 2033 neces-

438 2074 630 2127 sitates
669 2072 738 2126 ab
783 2073 1019 2126 inimicis
1064 2072 1169 2127 sibi
1222 2072 1474 2128 inductas
1518 2072 1771 2142 delapsa,
1820 2085 2014 2140 meque

436 2165 575 2220 nihil
601 2164 746 2219 aliud
774 2172 966 2235 agente
990 2180 1151 2235 quam
1183 2174 1243 2220 ut
1267 2165 1607 2219 humiliarem
1641 2174 1694 2219 et
1723 2164 2011 2235 amigerem

436 2273 543 2322 me,
574 2257 643 2312 ob
671 2256 904 2313 emissas
939 2256 1006 2312 ad
1046 2264 1099 2312 te
1124 2255 1290 2311 Deum
1326 2273 1506 2312 meum
1540 2272 1751 2329 preces,
1797 2266 1854 2311 tu
1896 2259 2011 2328 ipse

434 2364 590 2405 meus
641 2357 1014 2421 propugnator
1066 2365 1131 2403 ac
1179 2359 1475 2419 protector,
1528 2364 1614 2403 me
1665 2364 2009 2419 nequaquam

432 2442 761 2513 despiciens,
793 2444 890 2499 sed
924 2442 1284 2497 humilitatem
1309 2443 1622 2515 approbans
1659 2459 1858 2508 meam,
1896 2445 2008 2498 sal-

430 2535 568 2588 tasti
599 2533 663 2588 de
691 2532 1088 2587 necessitatibus
1130 2534 1365 2586 animam
1397 2550 1591 2596 meam,
1625 2549 1715 2587 nec
1742 2534 2005 2588 conclusi-

428 2627 502 2682 sti
526 2643 605 2680 me
634 2628 688 2680 in
714 2625 958 2679 manibus
1013 2626 1251 2690 inimici;
1295 2640 1358 2680 ac
1406 2634 1601 2696 praeter
1641 2627 2007 2695 exspectatio-

428 2735 554 2776 nem
584 2734 671 2774 me
704 2720 760 2774 in
794 2719 1003 2775 retibus
1054 2718 1165 2788 jam
1206 2719 1546 2784 devolutum,
1578 2728 1631 2772 et
1657 2718 2004 2772 inimicorum

426 2810 686 2865 manibus
728 2809 1014 2875 traditum,
1050 2809 1301 2880 eripuisti
1332 2808 1704 2877 remisistiqUe
1748 2809 1999 2873 liberum,

426 2901 593 2973 pedes
632 2917 784 2957 meos
826 2903 882 2955 in
923 2902 1216 2957 latitudine
1256 2916 1321 2955 ac
1361 2902 1417 2955 in
1446 2902 1567 2957 loco
1598 2901 1838 2971 spatioso
1870 2916 2003 2955 con-

425 2993 696 3057 stituisti,
752 2994 1042 3062 solutaque
1096 2992 1226 3046 mihi
1284 2993 1651 3057 concessisti,
1687 2994 2001 3064 ubicunque

423 3087 615 3142 vellem
644 3086 971 3142 incederem.
997 3085 1055 3139 In
1081 3085 1311 3141 historia
1336 3101 1498 3156 porro
1521 3097 1795 3149 narratur,
1823 3086 1999 3156 ipsum

2134 600 2381 663 Εἰκότως
2408 598 2619 670 χαίρεις
2649 600 2745 669 μὲν
2774 601 2888 662 τοῖς
2914 601 3013 670 τῆς
3042 598 3297 668 ἀληθείας
3325 597 3599 667 ἐρασταῖς,
3626 598 3718 650 καὶ

2137 693 2363 755 τούτους
2396 692 2711 765 προσίεσαι·
2742 693 2821 745 διὸ
2846 692 3092 745 λέλεκται
3115 710 3127 721 ο
3170 691 3467 758 Ἀληθείας
3494 688 3725 758 ἐκζητεῖ

2133 786 2349 853 Κύριος
2370 803 2382 815 ·
2427 785 2553 848 τοὺς
2588 785 2643 837 δὲ
2678 787 2774 857 τὴν
2812 785 3146 855 ματαιότητα
3186 784 3544 854 περιέποντας
3577 782 3720 835 εἰκό-

2137 895 2245 941 τως
2278 877 2563 949 ἀποτρέπῃ
2596 878 2687 930 καὶ
2717 880 2912 948 μισεῖς,
2948 876 3022 939 ῶς
3051 875 3115 928 ἂν
3144 875 3203 927 τὸ
3233 873 3425 943 ψεῦδος
3457 872 3720 944 μεταδιώ-

2136 986 2352 1032 κοντας.
2382 967 2697 1039 Ματαιότης
2717 968 2824 1040 γὰρ
2844 969 2905 1020 τὸ
2935 966 3161 1036 ψεύδους
3190 966 3355 1036 γέμον
3376 983 3387 994 ·
3417 965 3497 1017 διὸ
3526 981 3718 1035 παραιο

2134 1062 2245 1123 νεῖς
2279 1058 2477 1127 λέγων·
2522 1059 2638 1113 Υἱοὶ
2677 1057 3022 1126 ἀνθρώπων,
3067 1057 3177 1121 ἕως
3226 1059 3372 1109 πότε
3411 1055 3715 1125 ,Βαρυκάρ⁴

2129 1152 2281 1215 διοι;
2322 1152 2422 1204 ἵνα
2468 1153 2523 1204 τί
2576 1150 2841 1220 ἀγαπᾶτε
2875 1150 3260 1218 ματαιότητα,
3303 1148 3401 1201 καὶ
3449 1147 3713 1215 ζητεῖσθε

2131 1242 2394 1311 ψεῦδος;
2434 1243 2573 1311 Ἐγὼ
2617 1243 2694 1307 δὲ,
2727 1242 3093 1314 ἀποστραφεὶς
3140 1241 3207 1293 τὰ
3263 1241 3486 1311 μάταια,
3520 1240 3611 1291 ἐπὶ
3654 1241 3711 1294 σὲ

2138 1335 2298 1404 μόνον
2349 1335 2439 1388 τὸν
2486 1335 2721 1407 ἐμαυτοῦ
2756 1335 2958 1405 Κύριον
2992 1335 3193 1406 ἤλπισα
3215 1350 3227 1363 ·
3260 1334 3339 1386 διὸ
3388 1334 3707 1403 πέπεισμαι,

2129 1425 2226 1478 οὐκ
2281 1428 2401 1496 εἰκῇ
2446 1444 2527 1479 σοι
2582 1428 2817 1497 ἐμαυτὸν
2848 1424 3291 1497 παρατεθεῖσθαι.
3329 1424 3403 1477 Τὸ
3426 1423 3535 1497 γὰρ
3558 1424 3709 1487 τέλος

2127 1518 2229 1589 τῆς
2255 1521 2334 1583 είς
2362 1519 2421 1571 σὲ
2450 1518 2663 1583 ἐλπίδος
2695 1518 2835 1591 χαρὰ
2864 1520 2959 1572 καὶ
2997 1518 3320 1589 εὐφροσύνη.

2200 1611 2321 1664 Ὅτι
2356 1611 2588 1677 ἐπεῖδες
2628 1611 2744 1679 τὴν
2785 1611 3151 1664 ταπείνωσίν
3188 1629 3327 1678 μου,
3358 1610 3596 1676 ἔσωσας
3636 1611 3709 1663 ἐκ

2125 1705 2249 1759 τῶν
2276 1703 2553 1773 ἀναγκῶν
2580 1704 2695 1773 τὴν
2720 1704 2933 1772 ψυχήν
2954 1720 3097 1773 μου.
3129 1704 3239 1756 Καὶ
3284 1706 3356 1757 οὑ
3399 1703 3708 1757 συνέκλει-

2125 1797 2242 1863 σάς
2265 1814 2341 1867 με
2369 1799 2454 1862 εἱς
2485 1797 2683 1866 χεῖρας
2707 1796 2963 1865 ἐχθρῶν·
3000 1796 3267 1862 ἓστησας
3295 1796 3366 1849 ἐν
3388 1794 3705 1865 εὐρυχώρῳ

2123 1890 2265 1955 τοὺς
2297 1890 2484 1955 πόδας
2508 1889 2797 1959 μου.”Ηδη
2828 1889 2920 1942 καὶ
2951 1887 3136 1941 ἄλλοτε
3165 1888 3371 1951 ἐπεῖδες
3394 1889 3492 1959 τὴν
3512 1886 3703 1940 ταπεί-

2122 1983 2285 2036 νωσίν
2316 2000 2421 2053 μου
2441 2000 2454 2012 ·
2492 1982 2750 2044 πολλάκις
2781 1998 2841 2033 τε
2876 1980 3274 2052 περιπεσούσης
3302 1980 3401 2049 τῆς
3430 1980 3569 2049 ἐμῆς
3593 1979 3700 2047 ψυ-

2120 2076 2220 2145 χῆς
2254 2076 2519 2144 ἀνάγκαις
2550 2077 2670 2137 ταῖς
2701 2073 2804 2126 ὑπὸ
2838 2071 2945 2125 τῶν
2977 2071 3183 2143 ἐχθρῶν
3216 2071 3577 2133 ὲπιτεθείσαις
3596 2070 3697 2124 αύ-

2118 2171 2205 2238 τῇ,
2232 2166 2366 2238 ἐμοῦ
2408 2184 2466 2219 τε
2506 2166 2670 2236 μηδὲν
2698 2164 2859 2218 πλέον
2895 2163 3222 2234 πράττοντος
3251 2162 3284 2233 ἢ
3312 2161 3701 2225 ταπεινοῦντος

2117 2261 2352 2331 ἐμαυτὸν
2377 2259 2472 2313 καὶ
2497 2258 2788 2321 κακοῦντος
2812 2257 2898 2310 διὰ
2930 2257 3039 2310 τῶν
3072 2255 3207 2329 πρὸς
3230 2256 3288 2308 σὲ
3310 2255 3400 2308 τὸν
3428 2255 3559 2308 Θεὸν
3583 2258 3698 2310 ἱκε-

2115 2353 2338 2425 τηρίων,
2372 2353 2435 2404 σὺ
2469 2350 2629 2412 αὐτὸς
2668 2352 2696 2402 6
2730 2350 2860 2418 ἐμὸς
2891 2340 3205 2421 ὑπερμαχος
3244 2349 3338 2402 καὶ
3383 2350 3692 2419 ὑπερασπι-

2116 2445 2266 2516 στὴς,
2292 2445 2364 2516 μὴ
2389 2440 2795 2514 ἀντιπαρελθών
2823 2460 2912 2513 με,
2937 2441 3333 2512 ἀποδεξάμενος
3353 2440 3410 2493 δὲ
3438 2441 3532 2511 τὴν
3554 2439 3697 2513 ἐμὴν

2112 2538 2458 2601 ταπείνωσιν,
2491 2537 2728 2600 ἔσωσας
2751 2535 2819 2587 ἐκ
2850 2534 2967 2588 τῶν
2999 2533 3277 2603 ἀναγκῶν
3322 2534 3439 2602 τὴν
3482 2532 3694 2603 ψυχήν

2105 2648 2245 2699 μου,
2282 2630 2379 2682 καὶ
2422 2631 2493 2683 οὐ
2538 2626 2942 2693 συνέκλεισάς
2967 2645 3045 2696 με
3082 2630 3169 2693 εἰς
3201 2625 3402 2695 χεῖρας
3429 2625 3686 2692 ἐχθρῶν

2112 2720 2428 2792 παραδόξως
2477 2719 2533 2771 δέ
2589 2736 2656 2788 με
2702 2717 2834 2770 εἴσω
2865 2717 3093 2771 δικτύων
3124 2717 3221 2788 ἤδη
3253 2717 3564 2785 γενόμενον,
3599 2716 3693 2767 καὶ

2109 2815 2228 2875 ταῖς
2256 2812 2411 2884 χερσὶ
2439 2810 2548 2863 τῶν
2574 2809 2783 2881 ἐχθρῶν
2808 2808 3238 2880 παραδεδομένον
3267 2807 3520 2879 ἀρπάσας
3549 2804 3692 2858 ἐλεύ-

2110 2906 2265 2977 θερον
2299 2906 2526 2975 ἀνῆκας,
2560 2904 2653 2957 καὶ
2683 2905 2807 2966 τοὺς
2842 2903 3010 2966 πόδας
3045 2919 3144 2973 μου
3179 2902 3236 2953 ἐν
3266 2900 3565 2971 πλατύτητι
3596 2905 3709 2957 καὶ,

2108 2996 2416 3069 εὐρυχωρίᾳ
2448 2995 2807 3065 κατέστησας,
2846 2996 3203 3065 συγχωρήσας
3233 2993 3429 3061 ἄφετόν
3479 2992 3545 3062 με
3589 2991 3689 3061 βα-

2106 3091 2269 3154 δίζειν
2305 3091 2427 3143 ὅποι
2456 3091 2549 3142 καὶ
2581 3088 2859 3158 βούλομαι.
2892 3087 3143 3140 Διδάσκει
3173 3086 3227 3137 δὲ
3264 3086 3359 3137 καὶ
3389 3087 3422 3155 ἡ
3454 3085 3687 3156 ἱστορία,

420 3196 566 3250 saepe
592 3195 623 3234 a
642 3178 804 3235 Saule
826 3179 1248 3250 deprehensum,
1271 3187 1322 3233 et
1348 3180 1641 3249 aliquando
1664 3180 1718 3233 in
1740 3181 1999 3250 spelunca

2112 3184 2209 3246 ὅτι,
2247 3182 2507 3244 πολλάκις
2537 3180 2902 3249 καταληφθεὶς
2931 3178 3036 3232 ὑπὸ
3082 3178 3174 3230 τοῦ
3217 3178 3410 3241 Σαοὺλ,
3443 3177 3535 3230 καὶ
3565 3177 3693 3247 μὲν-

425 3270 722 3333 inclusum,
773 3283 968 3323 manus
1010 3268 1130 3338 ejus
1176 3267 1434 3338 effugisse
1482 3287 1495 3324 :
1543 3278 1599 3324 et
1632 3271 1769 3324 alias
1819 3270 2002 3325 aGet-

421 3361 579 3415 thecis
621 3375 680 3417 se
715 3369 897 3415 mente
927 3368 1147 3431 captum
1191 3360 1503 3416 simulando
1552 3363 1797 3431 elapsum
1857 3379 1999 3419 esse.

492 3538 658 3595 Vens.
704 3539 792 3594 10.
840 3538 1090 3594 Miserere
1136 3541 1259 3604 mei,
1312 3539 1551 3604 Domine,
1608 3541 1857 3609 quoniam
1906 3542 2003 3595 tri-

422 3634 620 3687 bulor:
662 3632 1005 3688 conturbatus
1038 3644 1114 3688 est
1151 3634 1208 3686 in
1256 3636 1342 3687 ira
1387 3632 1571 3687 oculus
1619 3648 1787 3695 meus,
1824 3634 2002 3686 anima

419 3742 537 3779 mea
583 3735 634 3780 et
677 3736 853 3780 venter
895 3743 1059 3780 meus.
1109 3723 1295 3796 Rogo,
1334 3725 1548 3793 inquit,
1615 3739 1679 3778 ac
1737 3724 2003 3795 deprecor

417 3818 526 3872 mei
575 3826 636 3873 ut
681 3818 1016 3881 miserearis,
1071 3820 1322 3888 quoniam
1367 3818 1626 3882 tribulor;
1668 3819 1827 3888 cujus
1880 3819 2003 3874 loco

419 3908 639 3980 Aquila,
684 3910 951 3978 Quoniam
983 3921 1263 3981 angustum
1297 3911 1444 3964 mihi.
1484 3909 1586 3965 Tui
1617 3912 1761 3965 enim
1791 3920 1843 3965 et
1871 3926 1998 3980 pro-

417 4003 714 4058 missorum
753 4012 973 4058 tuorum
1017 4019 1184 4058 causa
1241 4004 1295 4057 in
1338 4011 1571 4074 angusta
1614 4011 1667 4058 et
1717 4010 1867 4057 arcta
1912 4004 1999 4057 via

415 4093 635 4150 incedo.
686 4096 755 4150 At
796 4096 993 4151 animat
1034 4094 1169 4152 mete
1207 4098 1421 4162 oculus,
1467 4096 1695 4167 ipsaque
1737 4112 1891 4152 mens
1933 4112 1999 4152 ac

420 4186 504 4241 vis
534 4186 902 4242 ratiocinandi
943 4188 1163 4242 turbata
1192 4195 1274 4243 est
1305 4188 1361 4242 in
1393 4188 1493 4243 ira.
1529 4187 1636 4242 Pro
1668 4202 1777 4259 quo
1800 4188 1997 4259 Aquila

421 4278 854 4349 dicit:Squaluit
886 4282 944 4334 in
976 4281 1341 4351 indignatione
1386 4280 1570 4334 oculus
1618 4296 1799 4343 meus;
1838 4279 1996 4351 Sym-

413 4371 647 4427 machus
678 4387 828 4439 vero,
863 4372 1129 4427 Turbatus
1174 4383 1250 4429 est
1284 4389 1393 4442 prta
1419 4372 1779 4443 indignatione
1812 4373 1994 4427 oculus

414 4479 582 4519 meus.
620 4462 756 4518 Nam
807 4480 933 4520 cum
986 4465 1449 4537 indignationem,
1499 4465 1713 4535 inquit,
1761 4473 1816 4519 et
1854 4466 1994 4519 iram

2113 3292 2193 3327 τοι
2228 3273 2321 3327 καὶ
2349 3275 2404 3326 ἐν
2433 3272 2509 3342 τῷ
2540 3271 2787 3341 σπηλαίῳ
2820 3266 3179 3339 καθειρχθεὶς,
3213 3267 3310 3328 τὰς
3338 3264 3542 3319 ἐκείνου
3575 3268 3688 3333 χεῖ-

2118 3381 2214 3438 ρας
2243 3366 2487 3435 διέφυγε,
2525 3366 2619 3417 καὶ
2648 3363 2833 3417 ἄλλοτε
2855 3363 2979 3423 τοὺς
3000 3359 3287 3422 Ιέτθαίους
3303 3358 3687 3430 παραπληξίαν

2114 3477 2213 3529 uxr,
2225 3458 2609 3529 ματισάμενος.

2195 3550 2480 3616 Ἐλέησόν
2506 3567 2603 3619 με,
2634 3550 2828 3617 Κύριε,
2858 3549 2945 3602 ὅτι
2972 3548 3260 3615 θλίϐομαι·
3302 3544 3596 3614 ἐταράχθη
3616 3544 3687 3598 ἐν

2110 3640 2274 3709 θυμῷ
2300 3644 2331 3694 d
2359 3642 2664 3709 ὀφθαλμός
2690 3657 2830 3708 μου,
2856 3640 2897 3706 ἡ
2923 3638 3093 3707 ψυχή
3112 3656 3252 3706 μου,
3275 3637 3370 3689 καὶ
3399 3638 3436 3703 ἡ
3458 3634 3687 3705 γαστήρ

2101 3735 2533 3805 μου.Ἰκετεύω,
2566 3735 2719 3803 φησι,
2752 3735 2845 3787 καὶ
2869 3733 3059 3801 δέομαι
3089 3730 3397 3801 ἐλεηθῆναι,
3432 3729 3522 3781 ὅτι
3559 3729 3688 3783 θλί-

2111 3832 2280 3897 ϐομαι
2302 3842 2318 3858 ·
2349 3827 2463 3880 ἀνθ’
2495 3822 2555 3881 οῦ
2579 3830 2606 3880 6
2652 3826 2880 3889 Ἀκύλας
2909 3824 3072 3895 φησιν
3094 3840 3106 3852 ·
3133 3825 3251 3875 Ὅτι
3284 3820 3505 3875 στενὸν
3532 3821 3681 3889 ἐμοί.

2108 3921 2217 3993 Τὴν
2265 3923 2374 3994 γὰρ
2424 3924 2614 3995 στενὴν
2644 3924 2736 3975 καὶ
2776 3921 3139 3993 τεθλιμμένην
3167 3918 3335 3973 ὁδεύω
3362 3917 3449 3970 διὰ
3482 3916 3561 3980 σὲ,
3592 3915 3685 3968 καὶ

2104 4014 2205 4078 τὰς
2244 4014 2341 4079 σὰς
2382 4015 2732 4084 ἐπαγγελίας.
2752 4014 2911 4067 Ἀλλὰ
2938 4012 3033 4065 καὶ
3062 4014 3090 4064 6
3121 4012 3220 4082 τῆς
3243 4009 3420 4080 ψυχῆς
3454 4026 3554 4079 μου
3584 4008 3684 4076 ὀφ-

2106 4107 2330 4179 θαλμὸς,
2361 4109 2521 4171 αὐτὸς
2546 4110 2575 4161 6
2601 4106 2727 4171 νοῦς
2756 4106 2934 4161 καὶτὸ
2963 4108 3019 4158 ἐν
3055 4104 3178 4174 ἐμοὶ
3206 4101 3528 4169 λογιστικὸν,
3560 4101 3685 4153 ἐτασ-

2109 4200 2285 4273 ράχθη
2345 4202 2402 4254 ἐν
2462 4200 2656 4271 θυμῷ·
2712 4199 2828 4252 ἀνθ’
2863 4190 2925 4251 οὗ
2973 4200 3001 4251 6
3058 4197 3156 4268 μὲν
3198 4194 3427 4256 Ἀκύλας
3478 4192 3678 4263 φησίν

2095 4290 2392 4361 Ηὺχμώθη
2421 4292 2506 4344 ’ἐν
2550 4288 2931 4359 παροργισμῷ
2984 4290 3016 4341 d
3043 4285 3348 4355 ὀφθαλμός
3373 4302 3491 4353 μου
3516 4297 3528 4309 ⁸
3570 4283 3597 4333 6
3626 4280 3682 4333 δὲ

2103 4385 2430 4455 Σύμμαχος’
2478 4382 2766 4449 Ἐθολώθη
2800 4381 2897 4434 διὰ
2934 4377 3345 4449 παροργισμόν
3378 4374 3683 4444 ὀφθαλμός

2096 4480 2372 4547 μου.”οτε
2417 4475 2524 4544 γὰρ
2568 4473 2914 4549 παρώργισα,
2949 4472 3101 4541 φησὶ,
3132 4470 3224 4523 καὶ
3264 4466 3433 4538 θυμὸν
3460 4462 3682 4534 ἐμαυτῷ

413 4552 548 4607 mihi
604 4555 913 4622 concitavi,
965 4570 1135 4615 ausus
1182 4570 1247 4612 ea
1290 4566 1605 4627 perpetrare
1637 4572 1759 4626 qua:
1809 4556 1992 4612 furore

2112 4571 2391 4641 ἑπήγειρα,
2424 4568 2700 4637 τολμήσας
2724 4563 3124 4635 διαπράξασθαι
3151 4561 3219 4615 τὰ
3251 4557 3423 4630 θυμοῦ
3468 4558 3561 4611 καὶ
3591 4558 3684 4627 ὀρ-

413 4657 469 4699 et
511 4646 592 4699 ira
634 4646 800 4717 digna
846 4657 1004 4725 sunt,
1052 4657 1187 4707 tunc
1223 4649 1509 4716 confusio,
1554 4651 1901 4706 conturbatio
1938 4659 1992 4706 et

413 4740 636 4807 squalor
693 4742 1077 4798 rationabilem
1132 4745 1329 4801 animae
1373 4746 1482 4800 vim
1522 4747 1831 4817 occupavit.
1884 4745 1991 4803 Sed

412 4830 579 4885 etiam
616 4832 797 4888 anima
825 4849 944 4890 mea
973 4843 1028 4891 et
1054 4844 1245 4893 venter
1278 4854 1434 4896 meus
1472 4840 1590 4908 ipse
1630 4838 1990 4895 conturbatus

410 4940 476 4981 ac
525 4926 792 4985 confusus
846 4938 932 4986 est
996 4932 1053 4986 in
1096 4940 1341 5004 tempore
1389 4934 1784 5005 indignationis
1831 4950 1984 4991 meae.

409 5017 883 5082 Quemadmodum
914 5039 1044 5080 vero
1077 5026 1273 5081 animae
1300 5027 1521 5081 oculum
1552 5042 1651 5099 per
1674 5028 1989 5083 translatio-

410 5124 535 5163 nem
572 5128 600 5164 a
624 5115 813 5169 sensili
858 5117 1019 5171 oculo
1050 5118 1404 5191 intelligimus
1425 5160 1441 5185 ,
1486 5119 1567 5175 sic
1596 5128 1842 5176 ventrem
1871 5123 1991 5193 ejus

406 5216 758 5276 nequaquam
804 5208 991 5265 labare
1048 5210 1093 5267 si
1137 5214 1246 5267 vim
1296 5215 1574 5269 memoria:
1610 5216 1884 5286 accipias;
1933 5218 1989 5272 in

407 5306 515 5359 qua
547 5310 646 5350 ceu
683 5298 738 5351 in
767 5309 977 5369 ventre,
1006 5302 1161 5359 cibos
1194 5318 1386 5357 omnes
1428 5319 1459 5358 a
1490 5308 1842 5363 sermonibus
1868 5324 1991 5378 per-

406 5396 597 5455 ceptas
627 5403 894 5459 reponere
940 5399 1349 5457 consuevimus.
1388 5398 1757 5466 Quamobrem
1787 5403 1987 5459 alicubi

405 5474 611 5534 dicitur
638 5501 649 5534 :
678 5482 924 5551 Benedic,
959 5489 1139 5542 anima
1157 5506 1293 5557 mea,
1323 5490 1564 5554 Domino,
1595 5503 1645 5547 et
1666 5496 1845 5548 omnia
1872 5511 1990 5565 qua:

406 5577 553 5630 intra
601 5594 682 5632 me
724 5590 865 5645 sunt,
891 5584 1093 5636 nomini
1144 5593 1331 5638 sancto
1378 5586 1493 5655 ejus
1516 5586 1604 5641 ¹⁹³’.
1652 5585 1716 5640 Et
1739 5586 1989 5642 Salvator

407 5672 485 5728 ait
512 5688 526 5727 :
562 5670 667 5737 Qui
709 5670 892 5725 biberit
926 5688 991 5727 ea:
1021 5691 1159 5743 aqua
1186 5692 1343 5746 quam
1367 5694 1459 5746 ego
1485 5677 1623 5734 dabo
1668 5680 1736 5748 ei,
1767 5679 1989 5749 ﬂumina

475 5848 521 5880 "
563 5846 707 5905 Psal.
745 5864 830 5923 tv,
868 5851 921 5906 5.
1001 5852 1072 5887 ³³·
1101 5851 1252 5913 Psal.
1293 5870 1407 5928 cu,
1444 5858 1494 5914 i.

2098 4662 2201 4730 γῆς
2233 4659 2381 4723 ἄξια,
2410 4659 2471 4711 τὸ
2515 4657 2815 4727 τηνικαῦτα
2862 4656 3123 4726 σύγχυσις
3172 4652 3267 4706 καὶ
3319 4651 3543 4713 θόλωσις
3590 4648 3683 4701 καὶ

2096 4753 2308 4824 αὐχμὸς
2354 4752 2414 4805 τὸ
2460 4749 2767 4819 λογιστικὸν
2809 4750 2907 4819 τῆς
2952 4747 3092 4818 ἐμῆς
3124 4745 3303 4816 ψυχῆς
3336 4742 3678 4812 κατείληφεν.

2110 4845 2272 4899 Ἀλλὰ
2306 4845 2398 4899 καὶ
2426 4847 2458 4916 ἡ
2484 4844 2627 4915 ψυχή
2671 4860 2791 4914 μου,
2820 4842 2974 4913 φησὶ,
3005 4841 3099 4893 καὶ
3116 4840 3149 4909 ἡ
3182 4838 3396 4909 γαστήρ
3431 4854 3553 4906 μου,
3591 4835 3682 4887 καὶ

2092 4939 2229 5012 αὐτὴ
2254 4937 2488 5009 ἐθολώθη
2519 4939 2613 4992 καὶ
2635 4935 2906 5008 ἐταράχθη
2935 4932 3075 4987 κατὰ
3089 4933 3180 4986 τὸν
3206 4931 3396 5001 καιρὸν
3420 4928 3512 4983 τοῦ
3542 4944 3681 4998 παρ-

2098 5032 2368 5106 οργισμοῦ
2427 5031 2776 5102 μου.”Ωσπερ
2801 5029 2857 5081 δὲ
2880 5024 3154 5095 ὀφθαλμὸν
3186 5022 3363 5093 ψυχῆς
3404 5020 3546 5075 κατὰ
3588 5035 3681 5088 με-

2099 5126 2341 5198 ταφορὰν
2394 5125 2489 5178 τοῦ
2537 5122 2795 5192 αἰσθητοῦ
2847 5117 3122 5189 ὀφθαλμοῦ
3152 5117 3506 5186 νενοήκαμεν,
3538 5110 3679 5164 οὕτω

2099 5220 2195 5272 καὶ
2242 5218 2340 5290 τὴν
2377 5216 2618 5288 γαστέρα
2651 5214 2821 5285 αὐτῆς
2848 5214 2947 5265 οὐκ
2973 5210 3037 5264 ἂν
3066 5209 3329 5279 ἁμάρτοις
3369 5203 3538 5259 εἰπὼν
3580 5201 3680 5273 τὴν

2097 5312 2327 5382 δύναμιν
2365 5310 2463 5382 τὴν
2512 5306 2869 5381 μνημονικὴν,
2900 5306 2957 5357 ὲν
3077 5301 3264 5371 ὥσπερ
3298 5302 3355 5352 ἐν
3379 5296 3555 5367 κοιλία
3583 5293 3678 5347 καὶ

2097 5404 2297 5475 γαστρὶ
2323 5403 2503 5465 πάσας
2549 5403 2647 5463 τὰς
2694 5399 2781 5453 διὰ
2818 5398 2990 5467 λόγων
3032 5393 3238 5465 τροφὰς
3268 5387 3676 5445 ἐναποτίθεσθαι

2097 5495 2276 5548 εἴωθε.
2312 5494 2402 5547 Διὸ
2452 5492 2697 5546 λέλεκταὶ
2753 5507 2885 5544 που·
2928 5490 3199 5557 Εὺλόγει,
3236 5486 3274 5552 ἡ
3324 5481 3492 5551 ψυχή
3529 5497 3672 5549 μου,

2098 5590 2205 5643 τὸν
2232 5589 2470 5657 Κύριον,
2502 5587 2597 5641 καὶ
2624 5586 2822 5640 πάντα
2848 5584 2920 5639 τὰ
2940 5582 3113 5647 ἐντός
3150 5596 3270 5649 μου
3294 5577 3359 5629 τὸ
3393 5576 3577 5642 ὄνομα
3607 5575 3675 5625 τὸ

2098 5681 2271 5751 ἄτιον
2294 5679 2499 5735 αὐτοῦ.
2538 5679 2649 5733 Καὶ
2674 5681 2703 5733 6
2730 5678 2920 5748 Σωτὴρ
2945 5676 3029 5729 δέ·
3074 5676 3169 5739 Ὃς
3200 5671 3277 5723 ἂν
3317 5668 3423 5737 πίῃ
3459 5668 3527 5719 ἐκ
3568 5665 3673 5718 τοῦ
