4094 6378
380 386 475 442 269
975 388 1001 412 ⁴

1496 389 2007 446 COMMENTARIA
2043 390 2111 446 IN
2149 388 2486 445 PSALMOS.

3505 390 3607 447 270

382 504 602 569 ὓδατος,
630 501 704 561 οὗ
730 506 848 577 ἐγὼ
877 506 1051 563 δώσω
1083 507 1263 574 αὐτῷ,
1293 510 1544 580 ποταμοὶ
1583 512 1653 564 ἐκ
1684 511 1797 579 τῆς
1824 529 1926 566 xm-

2048 511 2111 565 de
2149 519 2327 564 ventre
2371 509 2485 578 ejus
2519 513 2681 576 [ment
2725 523 2875 578 aqua
2910 509 3055 571 viva,
3097 505 3336 560 salientis
3367 506 3422 560 in
3451 507 3608 560 vitam

391 597 501 662 ιίας
546 597 731 651 αὐτοῦ
771 601 1112 666 ῥεύσουσιν
1149 601 1369 668 ὕδατος
1407 600 1640 670 (mag,
1690 603 1946 673 ἁλλομέ-

378 707 472 743 νου
501 692 589 755 εις
614 689 768 758 ζωὴν
785 690 1045 746 αἰώνιον.
1078 693 1372 747 Κάνταῦθα
1405 694 1580 747 τοίνυν
1608 695 1706 765 τὴν
1737 713 1943 766 μνημο-

378 781 511 852 νικὴν
541 782 792 846 δύναμιν,
827 785 860 855 ἢ
897 785 993 837 καὶ
1022 786 1152 839 αὐτὸ
1179 787 1240 840 τὸ
1269 787 1593 856 ἡγεμονικὸν
1616 787 1716 856 τῆς
1741 787 1938 858 ψυχῆς,

375 875 562 931 κοιλίαν
587 875 869 946 ὠνόμασεν
900 880 930 932 ὁ
959 879 1168 950 Σωτήρ.
1203 878 1468 942 Θολωθεὶς
1505 881 1682 932 τοίνυν
1709 880 1798 932 τὸν
1839 882 1938 950 ὀφ-

375 969 559 1038 θαλμὸν
587 969 689 1039 τῆς
714 969 914 1039 ψυχῆς,
937 968 1030 1022 καὶ
1059 969 1158 1041 τὴν
1186 970 1426 1041 γαστέρα
1453 968 1551 1040 τὴν
1579 971 1942 1042 παραδεδομέ-

373 1079 471 1133 νην,
504 1061 718 1133 ἰατρείᾳ
746 1064 841 1115 κα¹ι
873 1061 1140 1133 θεραπείᾳ
1182 1062 1418 1132 ἐμαυτὸν
1459 1065 1737 1134 παρεῖχον,
1779 1063 1938 1136 ὀδύνῃ

369 1154 449 1210 καὶ
478 1155 921 1224 στεναγμοῖς,καὶ
950 1154 1196 1224 πτωχεία
1222 1153 1546 1226 παραδιδοὺς
1574 1154 1665 1208 τὸν
1697 1155 1936 1225 ἐμαυτοῦ

372 1245 488 1317 βίον,
517 1246 705 1316 ὥσπερ
735 1246 827 1299 διά
853 1263 1015 1299 τινων
1045 1245 1257 1298 κύκλων
1289 1246 1688 1317 ἰατρευόμενος.
1709 1248 1852 1301 Ἀντὶ
1878 1247 1936 1300 δὲ

365 1336 578 1399 τοῦ,Ἐν
610 1339 869 1407 πτωχείᾳ
911 1338 951 1405 ἡ
999 1338 1178 1406 ἰσχύς
1215 1355 1356 1405 μου,
1395 1337 1493 1390 καὶ
1527 1338 1599 1391 τὰ
1629 1338 1780 1393 ὀστᾶ
1815 1357 1934 1409 μου

365 1431 804 1500 ἐταράχθησαν·
839 1432 1171 1501 σαφέστερον
1198 1433 1226 1483 ὁ
1258 1431 1551 1502 Σύμμαχος
1594 1433 1935 1503 ήρμήνευσεν

362 1522 516 1576 εἰπών
539 1540 552 1552 ·
585 1525 688 1577 Διὰ
716 1523 1130 1592 τῆν’κάκωσίν
1153 1540 1272 1591 μου
1297 1524 1335 1590 ἡ
1371 1525 1550 1593 ἰσχύς
1581 1541 1700 1592 μου
1735 1524 1834 1577 καὶ
1861 1524 1935 1578 τὰ

362 1612 496 1668 ὀστᾶ
521 1631 645 1682 μου
673 1615 1073 1682 ηὐρωτίασαν.
1109 1614 1265 1668 Οὕτω
1295 1614 1424 1686 γὰρ,
1479 1616 1662 1686 φησὶν,
1697 1616 1932 1685 ἐμαυτὸν

358 1703 598 1768 ἐκάκουν,
628 1703 704 1767 ὡς
728 1703 816 1757 διὰ
837 1705 935 1776 τὴν
965 1705 1272 1778 ὑπερϐολὴν
1297 1706 1399 1776 τῆς
1430 1705 1726 1770 κακώσεως
1749 1707 1932 1774 eam.

357 1795 504 1864 νῆσαί
559 1812 663 1864 μου
713 1797 808 1847 καὶ
852 1796 1210 1868 ἐξασθενῆσαι
1243 1797 1341 1868 τὴν
1373 1799 1544 1867 ἰσχὺν,
1571 1798 1663 1850 καὶ
1698 1799 1838 1851 αύτέι
1863 1799 1931 1853 τὰ

2043 611 2297 656 retentam
2333 599 2399 655 ⁸⁸.
2454 597 2555 652 Hic
2619 599 2802 667 itaque
2867 596 3249 653 reminiscendi
3299 596 3436 661 vim,
3495 594 3608 651 sive.

2042 691 2204 745 etiam
2241 688 2539 760 principem
2577 687 2774 740 animae
2813 694 3040 756 partem,
3075 693 3316 741 ventrem
3353 682 3610 739 Servator

2042 780 2402 850 nuncupavit.
2436 781 2571 832 Cum
2610 793 2740 847 ergo
2784 786 2838 832 et
2872 777 3076 832 mentis
3111 777 3286 832 oculis
3317 784 3371 832 et
3398 783 3605 842 ventre,

2041 874 2108 925 de
2138 887 2248 941 quo
2289 870 2398 938 jam
2434 867 2700 930 diximus,
2738 867 3094 922 conturbatus
3140 882 3350 934 essem,
3386 866 3609 921 medela:

2040 980 2127 1019 me
2183 972 2345 1034 atque
2398 959 2676 1016 curationi
2733 957 2973 1025 tradidi;
3029 958 3237 1023 dolori,
3293 958 3608 1028 gemitibus,

2039 1055 2268 1126 egestati
2297 1054 2463 1108 vitam
2512 1051 2696 1106 addixi
2755 1065 2958 1113 meam,
2991 1064 3092 1104 ceu
3137 1050 3370 1120 quadam
3415 1049 3610 1104 circui-

2043 1149 2191 1202 tione
2228 1162 2361 1201 usus
2394 1146 2461 1200 ad
2496 1145 2728 1198 salutem
2764 1142 3214 1212 recuperandam.
3244 1142 3352 1196 Pro
3385 1144 3480 1197 illo
3511 1159 3609 1197 au-

2037 1249 2166 1302 tem,
2227 1237 2294 1291 In
2331 1244 2638 1306 paupertate
2679 1235 2844 1288 virtus
2890 1251 3026 1302 mea,
3069 1243 3120 1287 et
3171 1251 3292 1288 ossa
3327 1251 3442 1288 mea
3481 1248 3608 1288 δάκε

2041 1329 2258 1383 turbata
2309 1338 2464 1392 sunt,
2511 1328 2754 1396 apertius
2806 1325 3166 1397 Symmachus
3219 1327 3607 1394 interpretatus

2035 1428 2121 1476 est
2161 1421 2246 1475 liis
2294 1418 2477 1473 verbis
2501 1459 2516 1483 ,
2557 1402 2776 1484 Propter
2831 1415 3160 1485 aﬂiictionem
3203 1432 3404 1478 meam,
3439 1415 3606 1470 virtus

2036 1529 2153 1566 mea
2201 1519 2249 1565 et
2293 1527 2415 1563 ossa
2459 1525 2575 1561 mea
2622 1515 2956 1574 putruerunt.
3007 1503 3085 1559 Ita
3121 1522 3205 1560 me
3240 1503 3606 1569 macerabam,

2036 1603 2234 1673 inquit,
2265 1609 2325 1655 ut
2354 1613 2574 1671 propter
2603 1598 2911 1653 afﬂictionis
2937 1597 3045 1651 vim
3065 1637 3080 1661 ,
3110 1597 3286 1651 virtus
3318 1613 3440 1652 mea
3471 1595 3609 1652 defi-

2034 1703 2182 1750 ceret
2215 1709 2279 1747 ac
2307 1693 2694 1752 infirmaretur,
2726 1699 2890 1760 atque
2912 1689 3028 1759 ipsa
3059 1693 3253 1742 animae
3279 1675 3442 1754 ossa,
3478 1688 3610 1758 ipsae

2036 1786 2344 1850 facultates,
2391 1784 2591 1854 quibus
2625 1783 2754 1836 olim
2805 1781 3036 1836 viriliter
3083 1782 3338 1851 agebam,
3383 1795 3612 1850 compu-

351 1885 442 1955 τῆς
461 1885 638 1955 ψυχῆς
675 1903 777 1956 μου
805 1887 987 1950 ὀστέα,
1018 1889 1232 1953 καὶτὰς
1260 1889 1517 1959 δυνάμεις
1547 1890 1604 1942 ἐν
1637 1885 1726 1953 αἶς
1759 1891 1925 1944 πάλαι

2028 1883 2354 1942 trescerent;
2409 1875 2525 1930 sive
2553 1873 2856 1929 secundum
2904 1872 3180 1940 Aquilam,
3223 1871 3288 1923 Et
3335 1888 3459 1925 ossa
3492 1887 3608 1925 mea

350 1974 671 2048 ἠνδριζόμην
703 1980 1084 2051 ηὑρωτίασαν·
1127 1981 1160 2052 ἢ
1202 1981 1345 2034 κατὰ
1389 1983 1482 2036 τὸν
1520 1983 1776 2036 Ἀκύλαν·
1816 1983 1926 2037 Καὶ

348 2067 415 2120 τὰ
437 2068 586 2122 ὀστᾶ
612 2087 732 2138 μου
764 2071 1070 2141 ηὐχμώθη.
1099 2072 1286 2127 Ταῦτα
1306 2074 1365 2126 δὲ
1395 2076 1663 2144 ἀναγκαῖα
1697 2075 1832 2146 πρὸς
1853 2075 1930 2127 δι-

344 2157 632 2214 δασκαλίαν
659 2163 756 2215 καὶ
782 2163 1146 2234 ὑπογραμμὸν
1173 2165 1282 2219 τῶν
1311 2168 1560 2235 ἀφέσεως
1590 2170 1772 2238 τυχεῖν
1808 2167 1931 2238 βου-

344 2249 578 2321 λομένων
610 2253 719 2307 τῶν
746 2253 964 2306 οἰκείων
995 2254 1504 2328 πλημμελημάτων.

402 2340 568 2408 Παρὰ
609 2339 843 2408 πάντας
869 2333 1011 2407 τοὺς
1044 2343 1296 2413 ἐχθρούς
1323 2365 1441 2415 μου
1465 2347 1762 2416 ἐγενήθην
1783 2348 1930 2402 ὄνει-

339 2428 458 2497 δος,
483 2432 585 2485 καὶ
614 2433 741 2500 τοῖς
763 2435 993 2505 γείτοσί
1020 2456 1140 2507 μου
1171 2438 1433 2507 σφόδρα,
1472 2439 1570 2492 καὶ
1602 2441 1784 2508 φόϐος
1807 2442 1931 2509 τοῖς

335 2525 630 2592 γνωστοῖς
664 2543 800 2594 μου.
851 2532 915 2582 Ol
944 2529 1304 2597 θεωροῦντές
1325 2549 1402 2599 με
1430 2531 1545 2596 ἔξω
1579 2533 1807 2602 ἔφυγον
1828 2535 1929 2587 ἀπ’

336 2612 507 2681 ἐμοῦ·
543 2617 906 2687 ἐπελήσθην
931 2619 1075 2673 ὡσεὶ
1104 2620 1320 2688 νεκρὸς
1348 2621 1467 2674 ἀπὸ
1506 2621 1755 2690 καρδίας
1775 2640 1786 2652 ·
1813 2623 1935 2692 ἑτε-

331 2705 523 2775 νήθην
541 2709 692 2763 ὡσεὶ
743 2712 967 2779 σκεῦος
993 2714 1333 2779 ἀπολωλός.
1366 2714 1552 2768 Ταῦτα
1583 2716 1930 2786 άναφέρομεν

330 2796 419 2848 ἐπὶ
463 2799 556 2852 τὸν
606 2800 802 2871 καιρὸν
832 2801 926 2854 τοῦ
959 2801 1165 2867 πάθους
1196 2803 1291 2856 τοῦ
1325 2805 1576 2876 Σωτῆρος
1619 2803 1796 2874 ἡμῶν,
1831 2807 1932 2877 ἁρ-

330 2889 481 2957 μόζοι
510 2889 578 2944 ἂν
613 2892 711 2944 ὑπ’
740 2892 906 2945 αὑτοῦ
931 2894 1206 2963 λέγεσθαι,
1236 2896 1323 2948 ὅτε
1369 2898 1416 2948 οἱ
1456 2895 1641 2966 ἐχθροὶ
1689 2897 1928 2968 ἀνηρτη-

325 2979 482 3049 μένον
529 2982 778 3054 ὁρῶντες
823 2985 985 3037 αὑτὸν
1014 2985 1358 3048 ἐπετώθαζον
1387 2985 1757 3050 ὀνειδίζοντες,
1787 2985 1931 3040 κατὰ

321 3070 390 3122 τὰ
419 3073 796 3143 γεγραμμένα
841 3076 899 3126 ἐν
943 3077 1055 3138 τοῖς
1085 3076 1468 3143 Εὑαγγελίοις·
1505 3077 1557 3128 οἵ
1582 3094 1642 3128 τε
1672 3077 1926 3144 γνωστοὶ,

318 3166 410 3218 καὶ
442 3167 494 3218 oi
536 3165 811 3236 μαθηταὶ,
832 3167 924 3220 καὶ
952 3167 1114 3237 φίλοι,
1139 3168 1288 3239 φόϐῳ
1318 3170 1704 3235 ὑποπεσόντες,
1732 3171 1929 3241 ἀνεχώ-

2032 1974 2378 2024 exaruerunt.
2421 1964 2548 2016 Haec
2585 1977 2752 2032 porro
2787 1969 2916 2016 sunt
2949 1961 3038 2026 iis,
3073 1961 3164 2030 qui
3201 1959 3468 2014 scelerum
3513 1975 3608 2014 su-

2031 2075 2190 2114 orum
2249 2056 2468 2110 veniam
2518 2052 2789 2122 consequi
2817 2057 3131 2123 percptant,
3164 2043 3228 2105 ad
3261 2048 3608 2117 disciplinam

2031 2163 2084 2208 et
2112 2149 2416 2218 exemplum
2450 2145 2779 2201 necessaria.

2102 2347 2273 2404 Vens.
2328 2347 2519 2402 l‘Z-M.
2556 2347 2728 2416 Super
2760 2364 2940 2401 omnes
3005 2347 3249 2400 inimicos
3314 2363 3456 2400 meos
3518 2347 3604 2415 [a-

2033 2447 2146 2493 ctus
2184 2455 2301 2492 sum
2343 2437 2679 2507 opprobrium
2708 2448 2756 2492 et
2784 2437 2967 2491 vicinis
3009 2438 3136 2491 meis
3172 2435 3339 2501 valde,
3366 2446 3417 2490 et
3446 2437 3606 2492 timor

2032 2533 2170 2586 notis
2202 2531 2350 2584 meis.
2406 2530 2510 2596 Qui
2550 2529 2792 2584 uidebant
2824 2547 2922 2594 me,
2957 2529 3102 2598 foras
3137 2529 3384 2599 fugerunt
3428 2545 3460 2580 a
3486 2543 3604 2582 me:

2032 2625 2280 2679 oblivioni
2319 2623 2479 2677 datus
2511 2639 2628 2676 sum
2663 2631 2914 2692 tanquam
2941 2631 3179 2675 mortuus
3223 2637 3256 2674 a
3283 2618 3457 2675 corde.
3488 2617 3605 2674 Fa-

2032 2727 2146 2772 ctus
2191 2733 2308 2770 sum
2353 2726 2604 2785 tanquam
2646 2731 2736 2768 vas
2781 2714 3065 2781 perditum.
3116 2711 3242 2768 Haec
3281 2711 3350 2768 ad
3389 2720 3604 2783 tempus

2032 2811 2304 2881 passionis
2339 2807 2642 2862 Salvatoris
2674 2808 2847 2862 nostri
2891 2806 3199 2868 referimus,
3235 2821 3355 2876 quae
3383 2805 3451 2860 ab
3482 2807 3604 2875 ipso

2033 2907 2400 2969 congruenter
2423 2897 2572 2952 dicta
2618 2895 2842 2959 fuerint,
2875 2894 3094 2966 quando
3124 2894 3330 2949 inimici
3371 2909 3607 2964 suspen-

2033 3009 2153 3048 sum
2185 2991 2432 3046 videntes
2465 2989 2768 3044 irridebant
2796 3003 2942 3053 eum,
2978 2986 3288 3057 opprobriis
3321 2986 3604 3041 incessen-

2031 3092 2145 3147 tes,
2192 3089 2252 3138 ut
2293 3085 2348 3137 in
2376 3081 2687 3152 Evangeliis
2734 3081 2996 3150 scriptum
3040 3086 3123 3134 est
3160 3097 3172 3132 :
3217 3093 3282 3134 ac
3312 3078 3425 3132 noti
3458 3077 3602 3146 ejus.

2033 3175 2287 3246 discipuli
2320 3186 2374 3231 et
2404 3175 2586 3241 amici,
2618 3181 2764 3229 metu
2814 3173 3052 3242 correpti
3099 3170 3448 3234 recedebant,
3481 3171 3605 3239 ipso

320 3273 445 3326 ρουν
493 3258 931 3321 καταλείποντες
969 3260 1128 3312 αὑτόν
1151 3278 1163 3290 ·
1201 3260 1289 3313 ὅτε
1322 3261 1416 3314 καὶ
1464 3263 1492 3313 ὁ
1534 3264 1922 3336 πρωτοστάτης

2028 3269 2252 3334 relicto;
2301 3267 2520 3337 quando
2581 3267 2629 3321 is
2682 3265 2778 3334 qui
2828 3263 3225 3332 discipulorum
3271 3260 3391 3330 ejus
3435 3260 3603 3315 choro

311 3349 405 3402 τοῦ
436 3350 615 3421 χοροῦ
658 3350 770 3404 τῶν
802 3350 968 3418 αὑτοῦ
995 3352 1250 3424 μαθητῶν
1275 3354 1506 3425 ἤρνηται
1531 3355 1692 3409 αὐτὸν
1718 3356 1918 3427 τρίτον.

311 3441 446 3494 Τότε
476 3443 538 3495 δὲ
563 3446 669 3497 καὶ
697 3444 978 3515 ἀπελήσθη
1002 3445 1135 3497 ὡσεὶ
1162 3447 1352 3518 νεκρὸς
1373 3447 1481 3500 ἀπὸ
1503 3448 1759 3518 καρδίας·
1786 3449 1923 3503 ἀλλὰ

307 3533 402 3585 κα)⁵
448 3535 733 3607 ἐνομίσθη
780 3538 1063 3604 γεγονέναι
1093 3537 1169 3601 ὡς
1214 3538 1408 3602 σκεῦος
1441 3540 1739 3604 ἀπολωλός.
1774 3540 1920 3612 Πλὴν

309 3623 445 3678 ἀλλὰ
473 3627 580 3680 καὶ
620 3625 801 3680 ταῦτα
826 3628 918 3680 ἐπὶ
949 3628 1040 3698 τὸν
1067 3630 1125 3681 ἐν
1152 3627 1230 3698 τῷ
1257 3629 1458 3701 ψαλμῴ
1489 3629 1813 3700 ἐξομολογού
1823 3648 1918 3701 με-

305 3731 393 3768 νον
422 3718 836 3790 ἀναφερόμενα
858 3720 1302 3792 ὑπερϐάλλουσαν
1324 3723 1488 3777 αὑτοῦ
1517 3725 1811 3795 παρίστησι
1832 3725 1922 3778 κά-

302 3823 494 3861 κωσιν.
530 3809 711 3862 Οὕτω
762 3808 871 3880 γὰρ
896 3811 1085 3865 ἑαυτὸν
1115 3810 1390 3882 ἐξέτηκεν,
1420 3813 1496 3876 ὡς
1520 3813 1788 3866 ἐκλείπειν
1822 3814 1921 3884 μὲν

298 3899 463 3952 αὐτοῦ
525 3903 591 3953 ἐν
647 3900 813 3972 ὀδύνῃ
847 3901 944 3972 τὴν
977 3899 1143 3974 ζωὴν,
1177 3903 1270 3956 καὶ
1319 3903 1412 3975 ἐτη
1463 3906 1522 3957 ἐν
1573 3908 1917 3976 στεναγμοῖς,

297 3989 614 4062 ἀσθενῆσαι
648 3991 713 4044 δὲ
744 3993 801 4044 ἐν
826 3994 1068 4065 πτωχείᾳ
1096 3995 1194 4066 τὴν
1222 3997 1397 4065 ἰσχὺν,
1420 3997 1514 4049 καὶ
1544 3997 1612 4049 τὰ
1633 3997 1794 4050 ὀστέα
1820 3998 1921 4067 τῆς

296 4078 477 4152 ψυχῆς
534 4081 725 4135 αὐτοῦ
771 4085 1140 4155 ταραχθῆναι·
1185 4087 1270 4156 ἐφ’
1300 4083 1382 4151 οἷς
1427 4088 1519 4140 καὶ
1565 4089 1790 4157 ἐγελᾶτο
1819 4089 1922 4142 ὑπὸ

293 4174 402 4226 τῶν
431 4175 696 4246 ἐχθρῶν,
729 4175 806 4238 ὡς
833 4177 952 4246 εἰκῆ
985 4179 1080 4231 καὶ
1109 4178 1286 4250 μάτην
1319 4181 1512 4234 ἑαυτὸν
1539 4181 1918 4234 κατακόπτων.

297 4262 369 4315 υὺ
403 4257 581 4334 μόνον
607 4263 866 4338 δὲᾷπαρὰ
891 4268 1010 4328 τοῖς
1044 4266 1260 4338 ἐχθροῖς
1294 4269 1504 4336 ἐγίνετο
1535 4269 1755 4333 ὄνειδος,
1786 4269 1923 4323 ἀλλὰ

292 4357 387 4409 καὶ
423 4355 598 4428 παρὰ
627 4331 755 4417 τᾶς
781 4357 1017 4423 γείτοσιν
1046 4357 1213 4410 αὑτοῦ
1249 4361 1361 4422 τοῖς
1394 4359 1627 4429 μάλιστα
1656 4361 1818 4412 αὑτὸν
1848 4362 1924 4412 εἰ-

289 4444 422 4512 δόσι,
460 4446 564 4502 διὰ
600 4447 674 4500 τὸ
711 4443 940 4514 ἔγγιστα
976 4448 1162 4500 οἰκεῖν.
1213 4439 1371 4500 Οὗτοι
1400 4448 1529 4518 γὰρ,
1557 4447 1789 4520 ὁρῶντες
1821 4448 1922 4500 αὑ-

287 4537 376 4590 τὸν
411 4537 867 4609 κατατρύχοντα
893 4539 951 4592 ἐν
977 4542 1043 4609 τῇ
1073 4539 1210 4609 πρὸς
1231 4539 1324 4591 τὸν
1353 4539 1486 4592 Θεὸν
1519 4539 1919 4612 ἐξομολογήσει,

2021 3368 2283 3430 praeerat,
2320 3367 2403 3413 ter
2435 3358 2614 3428 ipsum
2665 3355 2904 3425 negavit.
2951 3353 3107 3408 Tunc
3154 3367 3288 3408 sane
3333 3352 3601 3406 oblivioni

2022 3451 2183 3507 datus
2216 3459 2302 3506 est
2336 3461 2598 3520 tanquam
2653 3457 2906 3502 mortuus
2952 3460 2982 3498 a
3016 3443 3220 3508 corde;
3278 3445 3387 3498 imo
3432 3444 3602 3498 etiam

2020 3549 2284 3613 tanquam
2339 3556 2437 3596 vas
2491 3538 2765 3609 perditum
2829 3542 3115 3606 reputalus
3163 3541 3268 3588 est.
3329 3533 3601 3587 Caeterum

2021 3632 2136 3687 haec
2168 3634 2213 3688 si
2248 3633 2316 3686 ad
2348 3646 2474 3686 eum
2497 3631 2589 3700 qui
2625 3630 2678 3682 in
2707 3629 2916 3698 psalmo
2949 3627 3240 3681 confitetur
3272 3623 3600 3690 referantur,

2021 3734 2320 3780 extremam
2355 3725 2474 3793 ejus
2503 3722 2782 3778 miseriam
2820 3730 2874 3774 et
2900 3718 3247 3773 alllictionem
3294 3717 3598 3772 declarant.

2021 3817 2100 3871 lta
2132 3820 2278 3871 enim
2313 3831 2436 3870 sese
2467 3813 2784 3876 maceravit,
2813 3822 2874 3866 ut
2901 3811 3160 3866 deficeret
3189 3811 3245 3864 in
3271 3809 3462 3864 dolore
3487 3809 3600 3861 vita

2022 3909 2177 3977 eius,
2218 3915 2273 3962 et
2320 3907 2447 3962 anni
2495 3906 2616 3975 ejus
2661 3906 2715 3959 in
2774 3903 3101 3974 gemitibus,
3149 3902 3326 3957 virtus
3370 3899 3492 3969 ejus
3540 3899 3598 3953 in

2024 4008 2340 4069 paupertate
2386 3996 2777 4061 infirmaretur,
2817 4003 2873 4050 et
2903 4011 3028 4051 ossa
3076 3996 3273 4048 anima:
3311 3991 3433 4061 ejus
3463 4006 3600 4046 con—

2025 4092 2407 4156 turbarentur;
2448 4105 2557 4159 qua
2605 4089 2660 4142 in
2703 4104 2762 4143 re
2830 4088 2898 4142 ab
2928 4086 3164 4142 inimicis
3203 4100 3422 4156 quoque
3451 4084 3601 4139 deri-

2023 4185 2275 4246 debatur,
2304 4182 2465 4252 quasi
2507 4183 2560 4236 in
2583 4195 2784 4235 vanum
2815 4194 2880 4234 ac
2916 4179 3118 4234 frustra
3150 4193 3272 4234 sese
3313 4176 3596 4247 afﬂigeret.

2024 4275 2141 4329 Non
2172 4274 2333 4328 modo
2366 4283 2546 4330 autem
2575 4271 2815 4327 inimicis
2859 4270 2913 4324 in
2947 4270 3302 4340 Oppi-ebrium
3349 4267 3474 4330 fuit,
3502 4265 3599 4320 sed

2024 4367 2191 4422 etiam
2223 4367 2442 4433 vicinis,
2471 4365 2565 4437 qui
2594 4365 2740 4435 quod
2771 4363 3018 4434 proxime
3050 4362 3380 4425 habitarent,
3417 4361 3599 4432 ipsum

2025 4459 2194 4527 probe
2237 4465 2526 4513 noverant.
2589 4455 2698 4527 Ipsi
2742 4471 2978 4526 namque
3026 4454 3272 4510 videntes
3326 4454 3480 4508 illum
3541 4453 3598 4504 in

2025 4549 2372 4605 confessione
2423 4548 2490 4603 ad
2523 4547 2691 4603 Deum
2747 4549 2950 4602 emissa
3015 4559 3137 4600 sese
3197 4549 3588 4605 macerantem,

287 4630 622 4700 κατεγέλων
679 4629 853 4682 αὑτοῦ
903 4631 997 4683 καὶ
1036 4629 1328 4695 ὠνείδιζον.
1362 4633 1423 4683 Οἱ
1455 4630 1512 4683 δὲ
1553 4632 1920 4702 προσήκοντες

2028 4639 2327 4694 irridebant
2371 4654 2498 4694 eum
2519 4645 2573 4693 et
2621 4637 2931 4708 opprobriis
2966 4634 3302 4690 onerabant.
3365 4633 3592 4704 Cognati

283 4723 434 4796 αὑτῷ
483 4726 808 4794 συγγενεῖς
851 4722 946 4776 καὶ
987 4721 1130 4790 φίλοι
1162 4723 1256 4776 καὶ
1285 4721 1597 4791 ἐφοϐοῦντο,
1630 4724 1706 4787 ὡς
1737 4741 1917 4796 μεμη-

282 4815 409 4870 νότα
461 4820 571 4872 καὶ
629 4817 748 4879 τὰς
795 4815 996 4887 φρένας
1043 4814 1408 4888 ἐξεστηκότα·
1444 4815 1585 4869 ὥστε
1613 4817 1915 4886 ἀναχωρεῖν

283 4909 373 4963 καὶ
397 4912 654 4979 φεύγειν
693 4909 759 4976 ἐξ
784 4907 970 4973 αὑτοῦ,
993 4907 1470 4975 ἀπογινώσκοντας
1494 4908 1658 4961 αὑτοῦ
1683 4910 1780 4980 τὴν
1807 4927 1914 4962 σω-

278 5003 503 5075 τηρίαν,
557 5001 764 5073 λήθην
795 5017 854 5052 τε
889 4999 1052 5053 αὑτοῦ
1087 5000 1359 5053 ποιεῖσθαι
1406 4998 1543 5055 ὡσεὶ
1583 5000 1676 5052 καὶ
1719 4998 1912 5070 νεκροῦ

2023 4746 2151 4785 vero
2183 4737 2238 4784 et
2265 4731 2458 4795 amici,
2493 4730 2586 4801 qui
2613 4731 2794 4800 ipsum
2820 4729 3114 4784 convenire
3152 4727 3419 4787 solebant,
3449 4733 3595 4779 metu

2022 4821 2298 4891 perterriti
2330 4830 2508 4883 erant,
2550 4834 2614 4873 ac
2647 4820 2694 4874 si
2724 4835 2849 4874 eum
2905 4817 3271 4872 insanientem
3319 4829 3383 4868 ac
3414 4822 3597 4868 mente

2021 4914 2317 4968 alienatum
2361 4911 2666 4975 vidissent;
2705 4913 2776 4964 ita
2814 4920 2870 4963 ut
2902 4909 2971 4964 de
3015 4909 3191 4964 salute
3232 4907 3353 4974 ejus
3397 4906 3598 4974 despe-

2020 5011 2208 5059 rantes
2241 5003 2563 5058 secederent
2605 5011 2658 5056 et
2689 5001 3012 5069 aufugerent
3032 5038 3048 5062 ,
3111 4999 3398 5067 ipsumque
3424 4997 3593 5050 veluti

279 5093 374 5168 ἤδη
407 5094 774 5166 γενομένου,
805 5093 900 5146 καὶ
929 5093 1005 5156 ὡς
1029 5093 1156 5164 περὶ
1190 5091 1416 5155 σκεύους
1441 5090 1782 5155 ἀπολωλότος
1803 5092 1915 5145 δια-

2028 5096 2125 5163 iam
2176 5103 2450 5150 mortuum
2494 5095 2756 5150 oblivioni
2804 5093 3024 5156 darent,
3078 5105 3142 5144 ac
3192 5098 3450 5158 tanquam
3495 5103 3592 5143 vas

278 5183 517 5236 κεῖσθαι.
559 5179 782 5234 Ταῦτα
833 5180 1011 5234 πάντα
1061 5179 1383 5234 πεπονθέναι
1437 5179 1694 5249 ἔφασκεν,
1725 5182 1915 5235 ἐαυτὸν

279 5275 464 5327 κακῶν
493 5271 922 5344 ἐξομολογήσει
950 5272 1046 5324 καὶ
1078 5273 1351 5344 μετανοίᾳ.
1372 5273 1510 5326 Ἀλλ’
1533 5273 1639 5327 οἵδε
1674 5273 1792 5343 μὲν,
1810 5291 1914 5344 φη-

279 5365 349 5429 σὶ,
382 5366 649 5419 τοιοῦτοι
680 5364 948 5432 γεγόνασι
978 5367 1105 5436 περὶ
1133 5365 1253 5435 ἐμέ.
1272 5364 1413 5433 Ἐγὼ
1446 5365 1502 5418 δὲ
1535 5367 1635 5419 οὐκ
1670 5367 1798 5420 ἄνευ
1827 5365 1917 5418 λό-

277 5473 370 5526 γου
395 5459 591 5523 οὕτως
610 5456 874 5529 ἐμαυτὸν
898 5453 1052 5528 ἦγον,
1077 5457 1188 5511 ἀλλ’
1207 5458 1506 5531 ἐπειδήπερ
1529 5459 1725 5530 ἤκουον
1752 5459 1918 5529 ψόγον

279 5551 490 5606 πολλῶν
524 5548 973 5622 παροικούντων
1001 5550 1280 5614 κυκλόθεν,
1307 5551 1357 5603 oi
1378 5551 1498 5604 τότε
1534 5551 1911 5624 συναιρόμενοι

279 5638 364 5695 ἐπὶ
386 5643 449 5696 τὸ
475 5641 631 5695 αὑτὸ
661 5637 865 5691 λαϐεῖν
889 5639 984 5710 τὴν
1005 5639 1182 5711 ψυχήν
1206 5658 1306 5710 μου
1328 5641 1684 5712 ἐνεθυμοῦντο
1705 5659 1715 5672 ·
1735 5644 1782 5695 oi
1803 5643 1912 5714 γὰρ

344 5827 392 5860 ⁸³
430 5827 618 5887 Joan.
663 5839 760 5881 vn
791 5862 803 5887 ,
832 5824 918 5877 58.

2016 5188 2288 5258 perditum
2315 5187 2600 5242 haberent.
2634 5185 2760 5240 Haec
2787 5184 2971 5239 omnia
3001 5195 3317 5252 perpessum
3349 5195 3408 5235 se
3439 5181 3594 5235 testi-

2020 5278 2214 5333 ficatur
2237 5317 2252 5341 ,
2286 5278 2415 5332 dum
2449 5294 2509 5331 se
2544 5279 2600 5331 in
2635 5277 2980 5331 confessione
3012 5282 3066 5329 et
3095 5273 3412 5343 paenitentia
3458 5272 3594 5329 aﬂli-

2021 5377 2190 5438 geret.
2231 5366 2334 5422 Sed
2372 5367 2449 5420 illi
2481 5368 2722 5436 quidem,
2760 5367 2856 5428 ait,
2898 5366 2979 5419 sic
3020 5378 3147 5433 erga
3189 5377 3274 5416 me
3319 5377 3379 5416 se
3406 5379 3595 5432 gesse-

2021 5471 2168 5516 runt.
2207 5461 2319 5532 Ego
2347 5476 2478 5516 vero
2511 5474 2619 5514 non
2651 5459 2770 5514 sine
2801 5457 3034 5513 consilio
3067 5465 3120 5510 et
3150 5454 3358 5509 ratione
3393 5471 3479 5510 me
3511 5455 3594 5512 sic

2019 5568 2179 5624 agere
2201 5554 2456 5624 putabam
2489 5567 2501 5602 :
2534 5551 2628 5607 sed
2657 5551 2784 5620 quia
2817 5548 3102 5603 audiebam
3134 5545 3592 5615 vituperationem

2018 5647 2314 5702 multorum
2343 5642 2799 5702 commorantium
2835 5641 2891 5694 in
2920 5639 3178 5704 circuitu,
3203 5636 3294 5709 qui
3323 5645 3455 5693 tunc
3483 5651 3592 5693 una
