4094 6378
464 409 562 465 271

1152 405 1418 460 ΕυδΕΒιι
1456 404 1934 461 οΑῑεΑῐιιεΝειδ
1970 402 2121 462 ΟΡΡ.
2160 402 2340 461 PARS
2375 402 2464 459 lll.
2493 433 2562 443 —-
2595 401 2992 458 EXEGETICA.

3596 406 3705 459 272

466 527 862 581 conveniebant
904 538 969 577 eo
999 522 1248 586 consilio,
1281 533 1340 579 ut
1367 524 1603 581 animam
1658 541 1833 580 meam
1888 525 2033 579 acci-

2137 525 2358 594 ἀφανεῖς
2406 522 2499 576 καὶ
2544 522 2765 591 ἀόρατοι
2810 519 3010 589 ἐχθροὶ,
3050 514 3437 586 περιπεσόντος
3482 530 3586 587 μου
3636 518 3701 587 τῇ

468 626 687 689 pereat;
737 631 861 671 nam
900 617 1102 671 occulti
1148 623 1203 673 et
1242 616 1543 673 invisibiles
1589 618 1817 679 inimici,
1859 633 1943 673 me
1974 616 2029 671 in

468 718 749 781 peccatum
781 711 1028 780 lapso.in
1069 726 1238 766 unum
1286 711 1601 782 congregati
1646 719 1774 767 sunt
1819 719 1878 765 ut
1912 710 2032 764 ani-

468 817 610 857 mam
655 816 830 855 meam
865 809 1158 871 raperent;
1210 802 1330 857 ideo
1380 818 1570 858 eorum
1618 802 1849 858 insidias
1900 803 2031 857 sul)-

468 892 747 956 odoratus,
777 891 882 947 tale
916 892 982 946 de
1014 908 1099 946 me
1133 894 1459 963 supplicium
1496 894 1743 962 sumpsi;
1782 893 2030 963 cogitans

467 994 598 1036 num
651 983 790 1037 forte
820 982 980 1048 Deus,
1029 996 1319 1055 conspecta
1367 985 1680 1055 huiusmodi
1729 985 2031 1054 abjcctione

465 1090 609 1139 mea,
638 1074 1010 1130 misericordia
1041 1084 1221 1131 motus
1249 1091 1335 1130 me
1364 1077 1697 1132 liberaturus
1724 1086 1887 1132 esset.

539 1166 704 1220 Vsus.
737 1164 938 1230 15,16.
985 1164 1094 1235 Ego
1127 1175 1302 1220 autem
1344 1167 1403 1219 in
1444 1176 1491 1221 te
1522 1166 1747 1235 speravi,
1787 1166 2033 1229 Domine;

468 1259 621 1315 dixi:
646 1258 783 1313 Deus
818 1275 960 1312 meus
993 1274 1047 1311 es
1080 1268 1156 1322 tu,
1192 1260 1246 1312 in
1277 1259 1517 1313 manibus
1558 1261 1662 1313 tuis
1694 1270 1858 1313 sortes
1884 1277 2028 1314 mete.

470 1350 596 1405 llazc
630 1349 883 1412 inimicis,
920 1349 1114 1418 inquit,
1148 1358 1339 1404 contra
1373 1366 1456 1405 me
1490 1351 1861 1415 molientibus,
1891 1352 1944 1407 in
1980 1360 2033 1405 te

467 1442 975 1513 speravi,Domine;
1007 1442 1245 1512 dixique,
1279 1450 1330 1497 te
1363 1442 1538 1499 solum
1563 1444 1694 1498 mihi
1729 1444 2033 1513 adjutorem

468 1530 712 1586 suliicere
743 1551 755 1586 :
788 1548 934 1595 nam,
968 1530 1106 1585 Deus
1154 1549 1296 1586 meus
1330 1549 1383 1587 es
1432 1543 1509 1598 tu,
1550 1537 1603 1588 in
1636 1537 1884 1591 manibus
1929 1541 2032 1594 tuis

468 1636 635 1676 sortes
658 1639 802 1676 mete.
821 1622 926 1675 Pro
952 1637 1060 1692 quo
1082 1630 1195 1676 tum
1214 1622 1475 1678 llebraica
1500 1626 1679 1690 lectio,
1700 1637 1812 1681 tum
1838 1631 2033 1699 reliqui

468 1714 817 1781 interpretes,
851 1723 1082 1782 tempora
1129 1730 1262 1775 mea,
1283 1715 1590 1773 ediderunt.
1638 1714 1862 1775 Etiamsi
1889 1722 2033 1776 enim

466 1806 672 1860 inimici
706 1807 819 1875 jam
858 1805 1094 1860 maxime
1126 1806 1336 1863 viribus
1371 1810 1607 1875 valeant,
1654 1812 1812 1881 quasi
1844 1813 2036 1869 adver-

2136 615 2397 688 ἁμαρτίᾳ,
2428 613 2813 667 συνετάσσοντο
2857 610 2993 681 πρὸς
3041 608 3320 680 ἀλλήλους,
3356 607 3503 670 ὅπως
3550 606 3704 677 διαρ-

2136 709 2347 762 πάσωσι
2393 705 2507 777 τὴν¹
2541 704 2678 776 ἐμὴν
2730 704 2927 773 ψυχήν.
2980 701 3177 770 Διόπερ
3206 699 3334 768 ἐγὼ,
3368 700 3467 768 τῆς
3504 697 3706 751 τούτων

2136 798 2421 868 ἐπιϐουλῆς
2451 794 2884 865 συναισθόμενος,
2910 795 2972 863 τῇ
3002 790 3239 863 τοσαύτῃ
3265 790 3499 860 ἐμαυτὸν
3527 788 3706 841 ἐπεδί-

2135 889 2256 941 δουν
2293 886 2549 958 τιμωρίᾳ,
2581 884 2634 936 εί
2670 900 2784 945 πως
2814 882 2919 952 ἄρα
2956 883 2983 933 ὁ
3013 880 3143 943 Θεὸς
3176 878 3264 932 διὰ
3303 877 3398 948 τὴν
3442 876 3708 948 τοσαύτην

2140 997 2241 1050 μου
2282 979 2605 1032 ταπείνωσιν
2657 973 2895 1044 ἐλεήσειέ
2942 989 3009 1043 με
3064 972 3157 1024 καὶ
3205 970 3427 1041 ῥύσαιτο
3472 969 3568 1039 τῆς
3600 969 3710 1023 τῶν

2138 1069 2347 1143 ἐχθρῶν
2375 1068 2683 1139 ἐπιϐουλῆς.

2220 1161 2359 1231 Ἐγὼ
2390 1160 2457 1212 δὲ
2490 1159 2585 1213 ἐπὶ
2630 1161 2728 1212 σοι
2760 1158 3014 1226 ἤλπισα,
3042 1157 3215 1223 Κύριε
3235 1171 3250 1184 ·
3291 1155 3427 1209 siam
3446 1172 3458 1183 ·
3487 1154 3567 1208 Σὺ
3592 1149 3650 1206 εἷ
3674 1155 3708 1206 d

2138 1252 2284 1319 Θεός
2304 1270 2443 1322 μου,
2473 1253 2543 1305 ἐν
2570 1250 2697 1315 ταῖς
2722 1252 2896 1319 χερσί
2915 1263 3030 1303 σου
3057 1252 3111 1303 οἱ
3137 1248 3350 1317 κλῆροι
3368 1266 3507 1317 μου.
3524 1247 3707 1300 Ταῦτα

2136 1345 2243 1397 τῶν
2270 1344 2479 1416 ἐχθρῶν
2515 1361 2635 1413 μου,
2664 1344 2815 1413 φησι,
2850 1342 3246 1412 βουλευομένων
3277 1341 3397 1395 κατ’
3436 1341 3591 1411 ἐμοῦ,
3616 1340 3708 1394 ἐπὶ

2138 1436 2198 1487 σὲ
2232 1436 2452 1507 ἤλπισα,
2484 1434 2688 1504 Κύριε·
2731 1431 2912 1500 ἔλεγόν
2955 1432 3015 1484 τέ
3064 1448 3123 1483 σε
3176 1431 3334 1500 μόνον
3378 1430 3567 1500 βοηθόν
3618 1447 3707 1499 μοι

2138 1529 2406 1598 ἀπαρκεῖν
2424 1543 2437 1556 ο
2472 1528 2615 1591 Θεὸς
2646 1524 2761 1591 γάρ
2796 1542 2911 1593 μου
2936 1520 2994 1577 εἴ
3012 1523 3115 1585 σὺ,
3138 1522 3207 1575 ἐν
3232 1522 3359 1587 ταῖς
3387 1523 3561 1591 χερσί
3592 1538 3708 1575 σου

2139 1622 2193 1671 οἱ
2222 1617 2435 1686 κλῆροι
2455 1634 2574 1686 μου
2593 1634 2606 1647 ⁸
2650 1614 2767 1669 ἀνθ’
2794 1608 2876 1677 οὗ,
2908 1617 2961 1668 οἱ
2994 1613 3185 1681 καιροί
3211 1630 3351 1681 μου,
3380 1614 3411 1681 ἡ
3449 1611 3707 1682 Ἐὅραῖκὴ

2139 1711 2443 1779 ἀνάγνωσις
2480 1710 2572 1763 καὶ
2600 1711 2649 1762 οἱ
2679 1708 2853 1761 λοιποὶ
2881 1706 3210 1778 ἐρμηνευταὶ
3236 1704 3613 1759 ἐκδεὸώκασιν.
3644 1704 3708 1756 Ei

2139 1804 2249 1875 γὰρ
2298 1804 2390 1857 καὶ
2437 1802 2504 1855 τά
2560 1802 2791 1873 μάλιστα
2833 1800 2927 1853 νῦν
2975 1803 3023 1853 οἱ
3071 1800 3253 1870 ἐχθροὶ
3306 1796 3707 1868 κατιοχύουσιν⁹

468 1912 589 1949 sum
636 1911 722 1951 me
755 1898 899 1950 nacti
934 1904 1297 1966 opportunum
1341 1906 1592 1970 tempus;
1638 1908 1694 1954 at
1733 1902 1863 1956 mihi
1896 1911 2033 1957 tem-

2137 1894 2323 1966 ὥσπερ
2350 1886 2537 1965 καιρόν
2565 1893 2777 1964 ἔχοντες
2806 1893 2921 1945 κατ’
2952 1890 3107 1961 ἐμοῦ,
3142 1891 3255 1944 ἀλλ’
3291 1892 3339 1943 οἱ
3371 1889 3494 1960 ἐμοὶ
3531 1888 3710 1959 καιροὶ⁸

466 2001 599 2057 pora
647 2001 766 2041 mea
817 1988 872 2042 in
917 1988 1169 2043 manibus
1221 1982 1333 2045 tuis
1378 1996 1659 2046 reservata
1718 2001 1847 2048 sunt
1879 2010 1890 2045 :
1923 2010 2035 2064 quo

466 2085 711 2147 tempore
774 2085 951 2134 sortes
1001 2094 1153 2135 meas
1212 2095 1378 2149 penes
1437 2088 1492 2137 te
1551 2084 1823 2153 repositas
1875 2085 2028 2140 novi.

466 2167 828 2234 Quamobrem
854 2171 981 2240 jure
1012 2171 1266 2242 supplico
1298 2172 1644 2243 postuloque,
1682 2191 1766 2231 me
1809 2176 1864 2230 in
1895 2192 2033 2246 prae-

468 2262 610 2315 senti
669 2261 736 2316 ab
792 2262 1031 2317 inimicis
1084 2272 1136 2318 et
1193 2277 1223 2316 a
1267 2264 1719 2334 persequentibus
1765 2275 1853 2322 m’e
1900 2266 2033 2322 libe-

467 2366 600 2406 rari.

555 2441 716 2496 Vens.
798 2442 987 2496 17-19.
1064 2441 1290 2497 Illustra
1367 2443 1555 2511 faciem
1637 2453 1781 2497 tuam
1874 2450 2035 2513 super

466 2549 668 2588 servum
703 2542 869 2600 tuum,
900 2535 1103 2588 salvum
1138 2551 1219 2589 me
1262 2534 1348 2605 [ac
1394 2536 1447 2588 in
1490 2536 1857 2590 misericordia
1905 2546 2032 2590 tua:

466 2625 729 2688 Domine,
792 2642 896 2680 non
944 2626 1282 2697 confundor,
1356 2630 1610 2699 quoniam
1668 2630 1903 2683 invocavi
1960 2639 2029 2683 te.

466 2719 933 2785 Quemadmodum
971 2721 1186 2776 oriente
1226 2721 1340 2777 sole
1376 2722 1617 2777 tenebrae
1653 2722 2031 2792 dissipantur,

467 2811 571 2866 sub
604 2821 750 2865 terra
800 2811 1089 2875 ahsconso,
1139 2813 1321 2866 omnia
1354 2828 1464 2868 nox
1501 2820 1763 2882 occupat,
1795 2820 2034 2882 tuncque

464 2916 531 2954 ex
562 2900 801 2953 latibulis
843 2901 958 2955 suis
1000 2901 1275 2971 prodeunt
1320 2902 1448 2958 ferae
1486 2912 1764 2973 agrestes,
1819 2903 2034 2974 virique

464 2992 701 3062 operarii
752 2992 1093 3061 iniquitatis;
1149 2995 1256 3059 ita,
1308 2994 1418 3050 Deo
1468 3009 1681 3059 averso,
1743 2995 2034 3065 insurgunt

466 3082 661 3136 animae
688 3082 905 3147 hostes,
938 3084 1219 3153 ipsamque
1265 3085 1669 3139 incursionibus
1710 3085 2032 3150 molestam;

464 3171 587 3241 ipso
636 3179 814 3226 autem
852 3171 1081 3228 Deitatis
1123 3189 1236 3229 sua:
1286 3175 1469 3230 lumen
1520 3176 1831 3239 emittente,
1887 3175 2032 3245 quod

2135 1985 2537 2057 πεφυλαγμένοι
2582 1986 2716 2037 εἰσὶν
2740 1986 2797 2037 ὲν
2832 1986 2950 2047 ταῖς
2988 1984 3107 2045 σαῖς
3138 1982 3323 2053 χερσίν
3345 2000 3359 2012 ⁸
3390 1984 3448 2034 ἐν
3475 1978 3555 2044 οἷς
3585 1996 3709 2032 και-

2136 2082 2250 2151 ροῖς
2278 2078 2372 2132 καὶ
2398 2078 2522 2140 τοὺς
2548 2075 2782 2147 ἐμαυτοῦ
2814 2075 3051 2147 κλήρους
3080 2070 3195 2127 οἶδα
3225 2072 3373 2145 παρά
3408 2074 3488 2125 σοὶ
3511 2072 3712 2140 φυλάτ-

2133 2171 2339 2224 τεσθαι.
2364 2170 2460 2236 ,Διὸ
2484 2168 2708 2232 εἰκότως
2746 2166 2970 2220 ἱκετεύω
3016 2166 3109 2219 καὶ
3143 2165 3331 2234 δέομαι
3360 2164 3452 2216 ἐπὶ
3482 2162 3573 2216 τοῦ
3606 2180 3709 2215 πα-

2136 2262 2317 2333 ρόντος
2337 2260 2593 2332 ρυσθῆναι
2610 2260 2673 2311 ἐκ
2696 2258 2807 2311 τῶν
2826 2256 3033 2329 ἐχθρῶν
3063 2272 3163 2327 μου
3195 2255 3290 2308 καὶ
3318 2256 3381 2306 ἐκ
3406 2254 3511 2308 τῶν
3542 2270 3708 2307 κατα-

2132 2353 2437 2407 διωκόντων
2467 2368 2553 2422 με.

2219 2442 2539 2511 Ἐπίφανον
2572 2440 2639 2494 τὸ
2685 2441 3009 2508 πρόσωπόν
3041 2455 3155 2493 σου
3200 2440 3297 2492 ἐπὶ
3346 2440 3452 2492 τόν
3486 2437 3711 2493 δοῦλόν

2134 2548 2249 2587 σου
2314 2531 2521 2585 σῶσόν
2562 2547 2639 2600 με
2676 2531 2746 2583 ἐν
2785 2530 2938 2583 ἐλέει
2974 2546 3125 2584 σου’
3160 2534 3357 2599 Κύριε.
3384 2530 3469 2600 μὴ
3514 2546 3710 2583 καται-

2134 2625 2495 2693 σχυνθείην,
2547 2624 2634 2676 ὅτι
2678 2621 3136 2690 ἐπεκαλεσάμην
3182 2639 3274 2675 σε.
3305 2623 3510 2693 Ὥσπερ
3559 2620 3709 2692 ἡλίου

2134 2718 2513 2780 ἀνατείλαντος
2545 2715 2729 2769 λύεται
2778 2716 2839 2768 τὸ
2886 2717 3073 2777 σκότος
3094 2732 3106 2745 ·
3138 2708 3243 2768 ὑπὸ
3272 2715 3371 2784 γῆν
3399 2715 3456 2767 δὲ
3484 2712 3710 2783 γενομέ-

2133 2830 2247 2875 νου,
2281 2813 2376 2877 νὺξ
2412 2811 2765 2882 διαλαμὸάνει
2798 2810 2859 2862 τὸ
2892 2812 3031 2863 πᾶν·
3065 2809 3284 2879 προΐασί
3316 2825 3375 2860 τε
3404 2809 3465 2859 ἐκ
3491 2807 3596 2859 τῶν
3628 2808 3709 2859 oi-

2134 2904 2297 2957 κείων
2326 2903 2677 2957 καταδύσεων
2713 2903 2879 2974 θῆρες
2915 2902 3095 2972 ἄγριοι
3129 2901 3219 2953 καὶ
3253 2900 3441 2970 ἄνδρες
3473 2914 3711 2969 κακουρ-

2133 2994 2256 3062 γίας
2288 2995 2548 3065 ἐργάται·
2576 2996 2774 3058 οὕτως,
2800 2991 3270 3061 ἀποστρεφομένου
3306 2991 3407 3061 μὲν
3438 2990 3528 3043 τοῦ
3554 2988 3709 3052 Θεοῦ,

2132 3087 2180 3137 οἱ
2210 3086 2307 3155 τῆς
2334 3085 2512 3155 ψυχῆς
2539 3084 2720 3157 ἐχθροὶ
2756 3083 3141 3137 ἐπανίστανται
3170 3082 3262 3134 καὶ
3290 3081 3713 3151 κατατρέχουσιν

2134 3177 2332 3248 αὐτῆς·
2360 3176 2761 3247 ἐπιλάμψαντος
2788 3176 2843 3229 δὲ
2867 3173 3030 3228 αὐτοῦ
3052 3174 3112 3227 τὺ
3134 3173 3246 3242 φῶς
3276 3174 3373 3243 τῆς
3402 3172 3566 3226 αὑτοῦ
3593 3170 3711 3225 θεό-

464 3265 675 3317 vuttum
701 3263 793 3319 Dei
818 3262 1101 3335 Scriptura
1130 3280 1325 3321 vocare
1367 3268 1671 3334 consuevit,
1708 3276 1841 3322 tunc
1874 3283 2032 3323 aver-

2137 3240 2314 3338 τητος,
2344 3269 2480 3340 ὅπερ
2507 3240 2793 3341 πρόσωπον
2811 3266 2944 3319 Θεοῦ
2974 3240 3258 3336 ὀνομάζειν
3284 3240 3473 3317 είωθεν
3500 3266 3532 3335 ἡ
3566 3264 3708 3334 Γρα-

465 3364 660 3410 tantur
681 3365 735 3411 et
765 3355 947 3427 fugam
994 3357 1205 3411 iaciunt
1232 3374 1428 3414 omnes
1456 3361 1550 3428 qui
1583 3361 1759 3414 amica
1792 3361 2035 3417 tenebris

468 3457 633 3515 opera
664 3454 1000 3518 perpetrant,
1038 3462 1102 3501 ac
1131 3448 1393 3518 quidquid
1423 3448 1532 3504 Deo
1579 3452 1917 3504 contrarium
1950 3459 2037 3506 est

471 3538 792 3607 dtssipatur.
842 3537 1025 3604 Quare
1061 3556 1153 3608 qui
1198 3541 1376 3610 primo
1410 3542 1773 3597 conﬁtebatur
1810 3543 2033 3599 dicens:

473 3626 701 3682 Illustra
756 3629 947 3697 faciem
1001 3640 1147 3683 tuam
1203 3648 1361 3700 super
1414 3648 1619 3685 servum
1686 3642 1876 3700 tuum,
1923 3632 2038 3704 jam

473 3728 719 3782 rursum,
752 3718 870 3773 Non
896 3729 1119 3789 propter
1162 3737 1326 3792 opera
1374 3738 1515 3787 mea,
1554 3724 1753 3794 inquit,
1779 3724 1873 3780 sed
1911 3740 2039 3795 pro—

470 3820 592 3879 pter
636 3810 1067 3865 misericordiam
1114 3824 1261 3867 tuam
1296 3814 1525 3869 salutem
1584 3815 1830 3872 nancisci
1881 3830 2035 3887 rogo;

471 3911 634 3973 atque
685 3902 879 3955 iterum
914 3920 929 3957 :
962 3903 1229 3968 Quoniam
1286 3912 1340 3958 te
1392 3905 1671 3968 invocavi,
1721 3907 1920 3976 inquit,
1968 3922 2038 3962 ne

474 3992 780 4046 eonfundar
807 3993 936 4062 quia
968 3994 1183 4062 speravi
1219 3994 1271 4047 in
1302 4002 1373 4049 te.
1404 3994 1615 4049 Etenim
1646 3996 1832 4066 impiis
1860 3998 1952 4067 qui
1988 4008 2040 4052 te

473 4083 641 4139 Deum
676 4100 782 4138 non
816 4094 1022 4139 norunt‘
1040 4086 1391 4155 opprobrium
1419 4087 1668 4142 debetur.
1701 4088 2039 4158 Quapropter

470 4176 567 4238 ait,
590 4175 913 4231 Erubescant
946 4178 1094 4246 impii
1126 4188 1175 4231 et
1204 4178 1531 4232 deducantur
1554 4181 1605 4233 in
1630 4180 1925 4249 infernum;
1957 4182 2038 4236 vel

469 4267 771 4321 secundum
808 4270 1056 4337 Aquilam
1108 4277 1162 4323 et
1203 4268 1607 4340 Symmachum,
1642 4272 1845 4327 Silcant
1874 4273 1927 4324 in
1957 4273 2041 4324 in-

470 4358 639 4426 ferno.
679 4356 743 4410 Et
772 4358 882 4427 jam
906 4360 1125 4429 quidem
1157 4361 1236 4415 illi
1269 4362 1567 4431 loquuntur
1598 4364 1766 4416 multa
1799 4363 2040 4429 ausi;‘at

468 4463 594 4501 cum
638 4448 693 4501 in
722 4459 1110 4518 congruentem
1164 4452 1269 4506 sibi
1318 4453 1497 4505 locum
1545 4452 1761 4508 deducti
1814 4453 2037 4520 fuerint,

2136 3360 2233 3431 φὴ,
2265 3360 2664 3432 ἀποτρέπονται
2695 3360 2790 3430 μὲν
2814 3358 2908 3411 καὶ
2937 3356 3306 3425 ἀποφεύγουσι
3340 3355 3540 3419 πάντες
3563 3356 3611 3407 οί
3642 3354 3714 3407 τὰ

2137 3452 2269 3520 φίλα
2294 3450 2388 3503 τοῦ
2419 3450 2640 3513 σκότους
2678 3449 2812 3521 ἔργα
2857 3448 3329 3519 διαπραττόμενοι,
3353 3445 3626 3499 διαλύεται
3651 3444 3711 3498 δὲ

2137 3545 2247 3598 πᾶν
2276 3544 2335 3596 τὸ
2363 3543 2604 3597 ἐναντίον
2634 3542 2712 3612 τῷ
2742 3540 2879 3611 Θεῷ.
2912 3540 3001 3592 Διὸ
3036 3540 3340 3611 παρακαλεί
3365 3542 3392 3592 ὁ
3421 3540 3489 3593 τὰ
3518 3538 3712 3609 πρῶτα

2138 3632 2669 3705 ἐξομολογησάμενος
2702 3633 2957 3700 φάσκων·
3008 3632 3338 3699 Ἐπίφανον
3380 3630 3446 3682 τὸ
3522 3631 3710 3697 πρόσ-

2138 3726 2303 3778 ωπόν
2324 3738 2439 3777 σου
2471 3726 2556 3788 εὶς
2584 3724 2691 3775 τὸν
2715 3722 2938 3776 δοῦλόν
2980 3738 3122 3775 σου·
3174 3723 3265 3775 καὶ
3299 3722 3486 3775 πάλιν·
3524 3722 3597 3775 Οὐ
3624 3721 3712 3774 διὰ

2136 3826 2235 3880 τας
2266 3816 2404 3884 ἐμὰς
2437 3815 2683 3887 πράξεις,
2717 3818 2871 3887 φησὶ,
2898 3814 2986 3868 διά
3029 3815 3086 3867 δὲ
3117 3815 3177 3867 τὸ
3213 3815 3303 3867 σὸν
3340 3816 3485 3878 ἔλεος
3534 3813 3711 3883 σωθῆ-

2139 3926 2226 3960 ναι
2261 3907 2431 3972 ἀξιῶί
2484 3908 2577 3961 καὶ
2626 3904 2815 3971 αὖθιςσ
2858 3907 3008 3960 Ἐπεὶ
3052 3906 3110 3960 δέ
3165 3924 3223 3959 σε
3274 3906 3710 3975 ἐπεκαλεσάμηδι,

2139 4001 2294 4069 φησι,
2327 3999 2401 4070 μὴ
2447 3998 2917 4070 καταισχυνθείην,
2951 4000 3031 4052 ὃτι
3071 3999 3166 4051 ἐπὶ
3210 4000 3292 4052 σοὶ
3336 3999 3553 4068 ἧλπισα.
3588 3996 3711 4059 Τοῖς

2141 4089 2240 4157 μὲν
2269 4088 2377 4159 γὰρ
2410 4088 2650 4154 ἀσεὸἑσι,
2678 4091 2791 4151 τοῖς
2817 4089 2874 4141 σὲ
2905 4088 2995 4141 τὸν
3024 4088 3155 4141 Θεὸν
3178 4088 3277 4141 οὐκ
3305 4087 3713 4157 ἐπισταμένοις,

2141 4179 2367 4249 αἰσχύνη
2416 4179 2612 4248 πρέπει
2638 4197 2651 4209 ·
2700 4178 2779 4231 διό
2827 4196 2990 4249 φησιν
3015 4195 3028 4208 ⁸
3058 4179 3544 4248 Αίσχυνθείησαν
3569 4178 3683 4231 das
3702 4214 3713 4218 -

2140 4268 2263 4335 ϐεῖς
2289 4269 2384 4321 καὶ
2414 4269 2857 4338 καταχθείησαν
2880 4270 2965 4334 εις
2993 4268 3139 4335 ᾅδου
3157 4286 3172 4301 ο
3204 4268 3237 4339 ἦ
3272 4268 3411 4321 κατὰ
3434 4270 3523 4321 τὸν
3554 4268 3712 4320 Ἀκί-

2140 4357 2239 4412 λαν
2260 4362 2354 4413 καὶ
2381 4361 2469 4412 τὸν
2499 4360 2791 4429 Σύμμαχον
2811 4378 2823 4389 ·
2858 4360 3261 4415 Σιωπάτωσαν
3290 4364 3376 4427 εὶς
3406 4361 3578 4429 ᾅδην.
3599 4362 3715 4416 Νῦν

2150 4450 2251 4518 μὲν
2278 4450 2385 4520 γὰρ
2416 4448 2637 4501 λαλοῦσι
2676 4447 2845 4501 πολλά
2877 4448 3213 4519 τολμῶντες·
3248 4450 3466 4502 ἐπειδὰν
3510 4450 3566 4502 δὲ
3611 4466 3714 4502 κα.-

467 4546 599 4593 tunc
650 4541 973 4609 arrogantia:
1032 4542 1193 4596 tinem
1251 4541 1486 4609 facient,
1532 4552 1663 4599 tunc
1719 4546 1860 4600 labia
1914 4549 2033 4615 illa,

2146 4540 2412 4609 ταχθῶσιν
2455 4542 2534 4603 είς
2576 4539 2636 4593 τὸ
2674 4540 3000 4610 κατάλληλον
3026 4539 3207 4603 αὐτοῖς
3234 4540 3448 4611 χωρίον,
3476 4541 3536 4593 τὸ
3566 4556 3713 4609 τηνι-

465 4646 588 4701 quae
616 4632 671 4685 in
703 4633 954 4702 praesenti
985 4647 1107 4685 cum
1136 4634 1389 4703 superbia
1416 4644 1605 4690 contra
1629 4637 1838 4705 justum
1864 4639 2039 4695 virum

467 4726 640 4778 multa
686 4725 993 4795 proferunt,
1049 4732 1199 4778 muta
1245 4735 1440 4793 erunt;
1496 4736 1627 4783 tunc
1667 4730 1734 4785 de
1762 4730 2038 4801 justorum

468 4816 751 4872 hominum
784 4817 1040 4887 despectu
1073 4818 1208 4871 ultio
1242 4827 1529 4873 sumetur;

540 5076 705 5136 "Eas.
735 5078 827 5143 20,
859 5078 949 5132 21.
979 5080 1149 5144 Quam
1183 5097 1375 5151 magna
1408 5081 1692 5135 multitudo
1738 5083 2032 5137 dulcedinis

467 5180 593 5236 tum,
625 5170 866 5235 Domine,
899 5188 1057 5241 quam
1085 5174 1409 5227 abscondisti
1442 5176 1741 5229 timentibus
1774 5188 1820 5229 te
1838 5178 1857 5229 .'
1909 5177 2034 5231 Per-

467 5263 638 5329 fscisti
664 5263 737 5315 eis
771 5263 861 5331 qui
894 5272 1107 5331 sperant
1134 5266 1188 5316 in
1212 5273 1258 5318 te
1289 5265 1340 5317 in
1369 5277 1646 5332 conspectu
1674 5268 1907 5336 ﬁliorum
1938 5269 2031 5322 Ito-

467 5358 687 5413 mitium.
723 5356 1022 5411 Abscondes
1070 5374 1156 5411 eos
1209 5359 1261 5410 in
1314 5358 1619 5413 abscondito
1653 5360 1809 5429 [aciei
1852 5371 1956 5415 tua:
1999 5380 2032 5416 a

470 5447 871 5501 conturbatione
903 5449 1192 5503 hominum.
1251 5450 1499 5520 Proteges
1540 5468 1627 5505 eos
1680 5452 1735 5504 in
1785 5452 2033 5506 taberna-

466 5538 642 5590 cutoa
678 5540 1094 5594 contradictione
1143 5541 1471 5609 linguarum.
1532 5540 1746 5605 lsthtec,
1795 5543 1889 5607 ait,
1933 5543 2031 5598 de-

470 5636 721 5698 precatus
755 5646 898 5691 sum,
940 5640 997 5684 ut
1026 5632 1269 5687 illustres
1306 5631 1499 5687 faciem
1529 5643 1677 5687 tuam
1711 5650 1875 5704 super
1911 5653 2031 5691 ser-

470 5734 599 5772 vum
653 5730 828 5783 tuum,
880 5730 932 5775 et
980 5730 1040 5775 ut
1089 5723 1317 5777 salutem
1358 5724 1730 5778 misericordia
1765 5735 1858 5779 tua
1900 5744 2035 5782 nan-

471 5810 670 5875 ciscar.
694 5820 748 5867 et
778 5828 845 5867 ne
874 5815 1181 5870 conmndar
1205 5817 1467 5883 quoniam
1504 5818 1748 5873 invocavi
1796 5829 1867 5883 te,
1893 5836 2028 5874 con-

2146 4632 2321 4685 καῦτα
2344 4632 2640 4685 παύσονται
2661 4634 2759 4702 τῆς
2783 4632 3147 4703 μεγαλαυχίας
3164 4652 3179 4665 ο
3202 4633 3323 4685 τότε
3351 4633 3405 4685 δὲ
3432 4635 3525 4685 καὶ
3542 4632 3713 4687 ἄλαλα

2140 4724 2430 4793 γενήσεται
2470 4722 2539 4775 τά
2570 4724 2662 4776 ἐπὶ
2700 4724 2793 4777 τοῦ
2820 4725 3083 4795 παρόντος
3118 4723 3284 4777 πολλά
3329 4723 3467 4776 κατά
3508 4723 3601 4776 τοῦ
3629 4724 3710 4775 δι-

2140 4813 2294 4865 καίου
2342 4812 2686 4883 φθεγγόμενα
2718 4814 2868 4885 χείλη
2905 4814 3021 4883 μεθ’
3050 4814 3452 4884 ὑπερηφανίας*
3491 4814 3610 4865 τότε
3654 4813 3713 4867 δὲ

2143 4907 2238 4959 καὶ
2266 4906 2682 4976 ἐκδικηθήσεται
2712 4907 2860 4959 πᾶσα
2888 4908 2920 4975 ἡ
2953 4904 3093 4959 κατά
3128 4905 3235 4957 τῶν
3259 4905 3476 4957 δικαίων
3505 4904 3712 4969 ἐξουδέ-

2138 5015 2318 5061 νωσις.

2221 5088 2313 5152 Ὡς
2337 5087 2495 5139 πολὺ
2530 5086 2594 5139 τό
2623 5085 2856 5153 πλῆθος
2880 5085 2987 5154 τῆς
3016 5088 3426 5155 χρηστότητος
3447 5102 3581 5154 σου,
3599 5088 3713 5141 Κύ-

2131 5196 2245 5246 ριε,
2268 5174 2340 5249 ἧς
2372 5180 2640 5247 ἔκρυψας
2665 5179 2786 5244 τοῖς
2809 5180 3201 5248 φοϐουμένοις
3224 5180 3333 5233 σε]
3360 5179 3713 5249 Ἑξειργάσω

2138 5270 2261 5335 τοῖς
2294 5269 2641 5330 ἐλπίζουσιν
2679 5271 2775 5323 ἐπὶ
2823 5270 2896 5323 σὲ
2924 5272 3200 5325 ἐναντίον
3246 5270 3364 5324 τῶν
3395 5272 3541 5325 υἱῶν
3593 5271 3711 5325 τῶν

2140 5361 2481 5429 ἀνθρώπων.
2544 5362 2967 5429 Κατακρύψεις
3012 5364 3233 5428 αὐτοὺς
3273 5363 3342 5415 ἐν
3385 5363 3711 5431 ἀποκρύφῳ

2138 5453 2244 5506 τοῦ
2302 5452 2621 5521 προσώπου
2687 5469 2802 5507 σου
2861 5454 2980 5508 ἀπὸ
3044 5455 3304 5525 ταραχῆς
3362 5455 3706 5524 ἀνθρώπων.

2138 5543 2469 5611 Σκεπάσεις
2524 5544 2743 5611 αὐτοὺς
2802 5546 2871 5599 ἐν
2925 5545 3142 5614 σκηνῇ,
3193 5546 3308 5601 ἀπὸ
3365 5548 3710 5615 ἀντιλογίας

2137 5635 2655 5704 rimandis-Jahn,
2675 5637 2857 5705 φησὶν,
2879 5638 3145 5701 ἱκέτευσα,
3173 5638 3431 5705 ἐπιφᾶναι
3451 5638 3510 5690 τὸ
3537 5638 3711 5710 πρόσ-

2143 5730 2289 5782 ωπόν
2320 5745 2410 5780 σου
2468 5730 2558 5781 ἐπὶ
2589 5728 2678 5784 τὸν
2713 5728 2897 5782 δοῦλόν
2927 5747 3039 5794 σου,
3074 5732 3166 5783 καὶ
3200 5730 3435 5800 σωθῆναι
3462 5729 3535 5798 τῷ
3569 5728 3711 5782 ἐλέει

2146 5837 2237 5872 σου
2264 5819 2337 5893 μὴ
2364 5820 2737 5890 καταισχῦναι,
2763 5824 2843 5877 ὅτι
2872 5822 3283 5892 ὲπεκαλεσάμην
3308 5838 3387 5886 σε,
3410 5819 3710 5891 πεπεισμέ-
