4094 6378
363 399 462 457 273

1478 412 1990 483 ,COMMENTARIA
2027 415 2092 470 IN
2123 413 2465 470 PSALMOS.
3480 423 3586 480 274

363 537 461 583 νος,
483 515 560 582 ὡς
587 521 620 590 ἠ
651 517 718 589 σὴ
746 519 1046 598 χρηστότης
1072 520 1238 593 πολλή
1267 540 1347 587 τις
1372 526 1465 578 καὶ
1494 527 1694 594 ἀφατος
1720 528 1884 599 τυγχά

1984 555 1998 586 ι
2029 525 2162 581 ﬁsus
2199 527 2671 582 mansuetudinem
2723 536 2872 584 tuam
2903 511 3155 602 magnam.
3182 539 3234 587 et
3263 529 3583 587 ineffabilem

363 629 455 673 νει,
487 609 716 664 πλούτου
737 611 794 662 δὲ
819 610 977 680 γέμει
1007 611 1222 666 πολλοῦ.
1246 615 1336 666 Διὸ
1363 617 1454 668 καὶ
1479 618 1628 688 παρὰ
1657 618 1734 690 τῷ
1763 621 1919 672 Ἀπο-

363 703 524 773 στόλῳ
555 701 768 772 εἴρηται
787 720 801 732 ο
841 704 908 756 Ἦ
947 701 1052 756 τοῦ
1084 705 1347 758 πλούτου
1378 705 1487 775 τῆς
1515 709 1920 780 χρηστότητος

358 793 533 849 αὑτοῦ
560 793 660 846 καὶ
699 791 807 862 τῆς
835 793 1061 862 ἀνοχῆς
1092 795 1190 848 καὶ
1230 795 1340 864 τῆς
1362 801 1768 868 μακροθυμίας
1816 820 1919 856 κα-

358 885 696 955 ταφρονεῖςς
755 885 912 938 Ἀλλὰ
965 886 1060 940 νῦν
1104 889 1202 958 μὲν
1240 889 1301 941 ού
1347 891 1459 952 τοῖς
1497 891 1629 956 πᾶσι
1680 894 1916 964 φανερὰν

357 981 518 1041 ποιεῖς
532 977 628 1048 τὴν
646 978 990 1050 χρηστότητά
1005 997 1099 1032 σου
1116 998 1128 1009 ·
1153 981 1414 1052 κρύπτεις
1428 982 1482 1035 δὲ
1513 984 1683 1055 αὐτὴν
1712 984 1805 1038 καὶ
1821 1003 1913 1038 τα-

358 1067 508 1141 μιεύῃ
528 1068 812 1138 φυλάττων
832 1073 946 1134 τοῖς
967 1071 1130 1140 φοϐου
1139 1072 1318 1142 μένοις
1349 1090 1428 1126 σε.
1449 1074 1597 1127 Ἐπεὶ
1617 1076 1710 1128 καὶ
1739 1074 1846 1140 ὲξει
1853 1093 1914 1148 ρ-

353 1159 497 1229 γάσω
524 1161 694 1232 αὐτὴν
718 1163 798 1225 εἰς
828 1163 960 1215 αὐτὸ
977 1161 1136 1220 τοῦτο
1154 1181 1166 1193 °
1188 1163 1330 1233 λέγω
1355 1164 1412 1217 δὲ
1427 1167 1508 1229 εἰς
1536 1166 1597 1219 τὸ
1619 1171 1731 1231 τοῖς
1756 1168 1908 1222 ἐλπί-

355 1252 525 1317 ζουσιν
559 1255 649 1307 ἐπὶ
689 1255 748 1307 σέ
790 1260 1090 1327 παρασχεῖν
1134 1256 1337 1332 αὐτὴν,
1401 1258 1495 1311 καὶ
1550 1260 1803 1332 παρέξεις
1845 1279 1909 1330 γε

351 1345 510 1417 αὐτὴν
556 1345 696 1399 κατὰ
749 1348 938 1418 καιρὸν
981 1348 1086 1419 πρὸ
1119 1347 1226 1400 τῶν
1271 1349 1565 1421 ὀφθαλμῶν
1617 1352 1724 1407 τῶν
1779 1354 1909 1408 υἱῶν

348 1436 444 1489 τῶν
475 1435 800 1507 ἀνθρώπων,
827 1438 967 1491 ὥστε
1009 1439 1215 1503 πάντας
1245 1439 1371 1506 ἰδεῖν
1403 1441 1499 1514 τὴν
1544 1443 1642 1511 σὴν
1678 1441 1908 1515 χρησττό-

348 1542 492 1594 τητα,
521 1526 699 1596 καιρῴ
728 1527 826 1597 τῆς
844 1527 950 1582 τῶν
984 1528 1203 1598 ἀγαθῶν
1231 1530 1463 1601 ἀμοιϐῆς
1491 1516 1772 1604 διδομένην
1794 1517 1906 1598 τοῖς

347 1616 541 1681 ἀξίοις’
585 1617 774 1690 διόπερ
803 1619 897 1672 καὶ
938 1621 997 1672 ἐν
1037 1619 1113 1690 τῷ
1146 1619 1247 1692 βίῳ
1284 1623 1383 1686 τάς
1418 1640 1498 1676 σοι
1545 1625 1906 1696 ἀνακειμένας

340 1706 509 1776 ψυχὰς
537 1708 679 1762 κατὰ
699 1711 828 1774 τοὺς
847 1709 955 1764 τῶν
981 1713 1350 1784 πειρατηρίων
1377 1717 1599 1787 καιροὺς
1626 1718 1724 1789 τῆς
1752 1719 1904 1790 παρὰ

343 1799 530 1851 σαυτοῦ
563 1799 771 1871 σκέπης
794 1802 1064 1870 καταξιῶν
1091 1805 1482 1883 ἀποκρύπτεις,
1515 1810 1776 1880 ῥυόμενος
1799 1812 1898 1864 αύ-

2022 632 2165 680 esse,
2210 633 2275 672 ac
2321 619 2527 674 divitiis
2573 619 2761 676 multis
2817 621 3104 676 refertam.
3154 624 3332 690 Quare
3376 624 3582 680 dictum

2017 707 2086 762 ab
2117 707 2379 779 Apostolo
2424 710 2526 765 fuit
2567 729 2580 766 :
2612 713 2700 764 An
2739 713 2950 768 divitias
2992 713 3239 770 bonitatis
3264 715 3376 778 eius
3409 725 3458 770 et
3485 731 3583 784 pa-

2019 801 2215 860 tientia:
2266 813 2317 856 et
2383 803 2799 874 longanimitatis
2846 808 3138 861 contemnis
3158 808 3252 860 "?
3301 807 3408 862 Sed
3465 809 3579 877 jam

2014 891 2235 962 quidem
2262 909 2372 948 non
2409 895 2666 950 omnibus
2706 896 3006 951 bonitatem
3043 905 3191 952 tuam
3232 899 3577 954 manifestam

2012 981 2178 1050 facis,
2221 985 2314 1041 sed
2356 987 2601 1044 occultas
2631 1002 2746 1042 eam
2796 996 2851 1042 et
2907 989 3182 1053 recondis,
3223 989 3598 1059 custodisque.

2013 1074 2334 1131 timentibus
2360 1084 2432 1134 te.
2471 1076 2609 1143 Quia
2638 1093 2769 1133 vero
2801 1079 2869 1132 ad
2900 1095 3020 1133 eam
3053 1080 3227 1152 ipsam
3258 1096 3372 1135 rem
3401 1079 3580 1151 perfe-

2011 1165 2306 1231 eistieam,
2343 1167 2396 1222 id
2445 1177 2551 1231 est.
2604 1177 2662 1223 ut
2721 1171 3083 1240 sperantibus
3113 1172 3166 1225 in
3219 1181 3273 1227 te
3321 1174 3576 1244 largiare,

2011 1257 2365 1329 praabeasque
2395 1260 2567 1330 ipsam
2617 1273 2931 1332 Opportuuo
2979 1270 3223 1333 tempore
3265 1280 3374 1334 prae
3402 1266 3578 1322 oculis

2009 1348 2244 1404 ﬁliorum
2289 1350 2592 1415 hominum,
2636 1351 2713 1406 ita
2745 1359 2807 1406 ut
2835 1367 3025 1408 omnes
3062 1353 3364 1409 bonitatem
3397 1357 3578 1425 suspi-

2008 1443 2159 1498 ciant
2199 1449 2370 1506 tuam,
2405 1449 2650 1514 tempore
2698 1444 3162 1503 remunerationis
3191 1445 3462 1510 bonorum
3493 1446 3577 1500 di-

2006 1531 2128 1602 gnis
2171 1533 2523 1596 attributam;
2576 1535 2700 1589 ideo
2742 1535 2798 1589 in
2829 1535 2930 1589 hac
2971 1536 3080 1590 vita
3125 1535 3336 1591 animas
3366 1536 3463 1591 tibi
3485 1537 3577 1592 ad-

2004 1624 2200 1692 dictas,
2227 1626 2587 1680 tentationum
2618 1634 2866 1695 tempore
2892 1635 2982 1683 tua
3014 1630 3353 1699 protectione
3379 1629 3573 1700 dignas

2003 1715 2233 1781 habens,
2266 1717 2585 1780 abscondis,
2639 1719 2954 1790 liberasque
3009 1721 3134 1775 illas
3182 1736 3213 1774 a
3270 1721 3574 1776 conturba-

2005 1808 2153 1863 tione
2185 1809 2494 1876 hominum,
2556 1825 2621 1872 ac
2674 1813 2784 1867 sub
2811 1827 2975 1867 manu
3023 1820 3114 1865 tua
3155 1813 3303 1867 velut
3344 1811 3447 1868 sub
3493 1823 3574 1874 tea

338 1890 454 1954 τοὺς
491 1892 603 1945 ἀπὸ
631 1894 878 1965 ταραχῆς
912 1877 1358 1967 ἀνθρώπωνξκαὶ
1386 1877 1575 1974 ὥσπερ
1617 1877 1682 1956 ἐν
1725 1903 1884 1978 σκέπῃ

2005 1899 2185 1968 gmine
2233 1902 2470 1972 quodam
2507 1904 2748 1976 protegis
2790 1919 2884 1959 eas
2918 1918 2949 1957 a
2980 1904 3419 1972 contradictione
3465 1905 3573 1969 lin-

338 1981 435 2033 ὑπὸ
464 1983 566 2054 τὴν
617 1985 815 2038 σαυτοῦ
848 1989 1006 2058 χεῖρα
1041 1988 1327 2052 σκεπάζων
1359 1991 1556 2056 αὐτοὺς
1603 1993 1711 2047 ἀπὸ
1757 1996 1903 2049 ἀντι-

335 2068 509 2136 λογίας
538 2073 820 2138 γλωσσῶν,
839 2077 975 2146 πρὸς
998 2077 1057 2129 τι
1086 2078 1249 2150 μηδὲν
1267 2080 1739 2137 καταϐλάπτεσθαι
1764 2087 1900 2156 μήτε

335 2162 432 2215 ὑπὸ
461 2164 573 2215 τῶν
611 2163 791 2232 λόγοις
817 2169 1015 2230 αὐτοὺς
1044 2171 1586 2242 καταπολεμούντων,
1626 2177 1762 2247 μήτε
1795 2179 1900 2232 ὑπὸ

331 2253 431 2310 τῶν
455 2255 524 2307 δι’
559 2255 738 2328 ἔργων
779 2257 879 2322 τὰς
917 2261 1034 2314 κατ’
1067 2262 1244 2326 αὐτῶν
1289 2265 1538 2336 μηχανὰς
1571 2271 1898 2336 συσκευαζοε

330 2346 520 2415 μένων.

388 2441 735 2510 Εὐλογητὸς
762 2445 998 2512 Κύριος,
1021 2444 1110 2498 ὅτι
1147 2446 1573 2517 ἐθαυμὰστωσε
1611 2452 1678 2506 τὸ
1724 2455 1894 2530 ἕλεος

325 2529 504 2584 αὐτοῦ
533 2533 607 2585 ἐν
642 2534 815 2588 πόλει
854 2537 1157 2605 περιοχῆς.
1190 2539 1289 2592 Διὰ
1321 2542 1586 2598 τοσούτων
1625 2545 1724 2616 τὴν
1757 2527 1893 2617 πρὸς

326 2619 411 2675 τὸν
439 2623 574 2676 θεὸν
613 2625 850 2690 ἔντευξιν
902 2630 1266 2700 πεποιημένος
1309 2635 1338 2686 6
1378 2633 1886 2706 ἐξομολογούμενος,

321 2713 410 2765 ἐπὶ
435 2715 675 2785 χρηστὸν
722 2719 1054 2790 περιγράφει
1085 2722 1237 2786 τέλος
1280 2725 1372 2778 τὸν
1424 2708 1614 2794 λόγον,
1653 2729 1890 2797 εὐλογῶν

317 2801 404 2854 τὸν
436 2803 608 2871 Θεὸν,
644 2807 735 2860 ὅτι
776 2809 1204 2880 ἐθαυμάστωσε
1261 2815 1330 2869 τὸ
1371 2818 1544 2885 ἕλεος
1594 2822 1780 2876 αὐτοῦ
1819 2823 1889 2876 ἐν

313 2895 479 2948 πόλει
495 2899 808 2968 περιοχῆςο
835 2901 969 2973 ὅπερ
985 2903 1012 2954 ὁ
1026 2903 1317 2978 Σύμμαχος
1331 2911 1363 2980 ἡ
1371 2910 1670 2981 ρμήνευσεν
1691 2913 1884 2978 οὕτως’

311 2987 658 3055 Εὐλογητὸς
691 2993 902 3059 Κύριος
925 2997 958 3047 ὁ
991 2997 1354 3065 παραδείξας
1394 3001 1462 3054 τὸ
1497 3001 1670 3070 ἕλεος
1697 3005 1885 3060 αὐτοῦ

309 3074 454 3142 ἐμοὶ,
485 3079 570 3145 ὡς
603 3081 672 3133 ἐν
702 3084 872 3136 πόλει
916 3089 1456 3161 περιπεφραγμένῃ.
1488 3095 1564 3145 Δι’
1591 3095 1725 3164 ἐμοῦ
1751 3096 1879 3168 γὰρ,

309 3170 488 3278 φησιν,
523 3174 555 3225 6
595 3172 730 3237 Θεὸς
776 3176 1052 3248 ἐδοξάσθη,
1082 3181 1183 3246 ὅτι,
1211 3183 1418 3254 μυρίων
1455 3186 1542 3240 ἐπ’
1578 3187 1679 3257 ἐμὲ
1723 3189 1882 3242 πολε·
1908 3218 1951 3278 C

306 3260 441 3330 μίων
486 3265 804 3320 συστάντων
828 3309 843 3332 ,
898 3272 992 3333 καὶ
1035 3272 1190 3344 δίκην
1245 3276 1486 3348 μεγάλης
1532 3279 1737 3344 πόλεως
1779 3281 1880 3354 τὴν

302 3352 440 3422 ἐμὴν
465 3354 656 3426 ψυχὴν
688 3357 994 3430 πολιορκεῖν
1019 3366 1454 3435 πεπειραμένων,
1477 3371 1505 3422 ὀ
1531 3370 1660 3442 ἐμὸς
1684 3352 1877 3441 φύλαξ,

302 3447 552 3534 φραγμόν
586 3466 680 3519 μοι
711 3452 1039 3522 περιϐαλὼν,
1071 3456 1132 3509 τὸ
1177 3456 1322 3522 ἕλεος
1363 3459 1529 3513 αὐτοῦ
1569 3461 1878 3534 θαυμαστὸν

296 3532 516 3601 ἔδειξεν,
553 3537 703 3592 οὕτω
736 3558 804 3611 με
841 3542 1020 3609 σώσας
1052 3545 1182 3601 ὡσεὶ
1220 3550 1312 3604 καὶ
1345 3551 1496 3605 πόλιν
1524 3553 1692 3624 τείχει
1724 3574 1877 3628 περι⁶

294 3619 646 3716 ϐεϐλημένην
710 3629 908 3701 ὀχυρῷ.
963 3634 1212 3701 Τοιοῦτος
1259 3639 1314 3691 δέ
1363 3659 1451 3712 μοι
1505 3619 1734 3713 γέγονας
1753 3619 1874 3716 σῦό

291 3711 417 3781 ἐμὸς
449 3717 687 3812 Ιξύριος,
714 3722 950 3791 ὁπηνίκα
976 3726 1136 3790 αὐτὸς
1164 3711 1396 3799 ἐμαυτὸν
1420 3711 1692 3795 ταπεινῶν
1723 3740 1781 3792 ἐν
1805 3711 1871 3812 τῇ

289 3805 559 3898 γενομένῃ
599 3825 692 3879 μοι
719 3811 994 3877 ἐκστάσει,
1037 3818 1095 3870 ἐν
1218 3819 1514 3891 ἐταράχθη
1538 3826 1609 3879 ἐν
1645 3829 1808 3898 θυμῷ

287 3894 600 3992 ὀφθαλμός
613 3919 734 3970 μου
752 3904 852 3957 καὶ
873 3907 910 3974 ἡ
939 3908 1108 3977 ψυχή
1135 3928 1274 3979 μου,
1297 3915 1397 3970 καὶ
1420 3918 1457 3984 ἡ
1486 3894 1868 3992 γαστήρνμου.

282 3985 392 4038 Ούκ
433 3990 764 4062 ἐπετρίϐην,
801 3996 914 4050 ἀλλ’
947 4000 1260 4056 ἐταπείνουν
1303 3985 1555 4075 ἐμαυτον,
1589 3985 1872 4086 ὼς-ὀίπορ-

287 4076 624 4179 ῥξφεὶςρπὸι
647 4083 756 4179 τῶν
800 4087 907 4140 σῶν
935 4091 1228 4163 ὀφθαλμῶν
1260 4095 1346 4151 διὰ
1389 4099 1488 4171 τὴν
1517 4103 1655 4175 ἐμὴν
1685 4076 1866 4179 ἁμαρ-

281 4165 418 4264 τίεινἸ
462 4169 638 4229 Ἀλλὰ
653 4172 829 4264 ταῦτα
856 4177 965 4245 ἐγὼ
1001 4181 1097 4250 μὲν
1134 4182 1314 4251 ἔλεγον
1348 4165 1862 4264 ἐξομολογούμενος·

283 4257 343 4358 σῖ.)
375 4258 860 4334 δὲ·φιλάνθρωπος
889 4286 982 4322 και
1020 4273 1222 4340 ἀγαθὸς
1253 4277 1405 4344 Θεὸς,
1430 4257 1530 4336 οὐκ
1557 4257 1865 4358 ἀπέρριψας

275 4345 362 4399 τὸν
392 4349 488 4403 σὺν
520 4353 768 4424 οἰκέτην,
801 4357 934 4411 ἀλλὰ
962 4361 1102 4415 κατὰ
1141 4366 1239 4437 τὴν
1272 4371 1598 4439 ἐπαγγελίαν

281 4449 514 4494 σκουσαν
534 4457 548 4471 ·
593 4442 775 4497 Ὅταν
800 4447 1547 4529 ἀποστραφεὶςστενάξῃς,
1578 4442 1710 4518 τότε
1747 4442 1862 4520 aw—

273 4525 458 4598 θήσῃ·
495 4533 685 4587 ταῦτα
734 4539 868 4607 ἐμοῦ
923 4541 1172 4610 λέγοντος
1221 4551 1581 4620 εἰσήκουσας,

273 4615 425 4672 τοῦτο
454 4620 944 4696 ἑθαυμάστωσας
970 4632 1037 4685 τὸ
1075 4635 1246 4702 ἔλεός
1285 4615 1401 4693 σου
1431 4615 1656 4710 ἐγώλέγ-
1687 4647 1859 4701 πόλει

270 4712 583 4782 περιοχῆς·

655 4828 742 4882 ΤΩ
780 4833 976 4886 ΔΑΥΙΔ
1004 4837 1352 4895 ΣΥΝΕΣΕΩΣ
1386 4845 1509 4898 AA’.

331 4913 640 4985 Μακάριοι
669 4912 756 4973 ὧν
785 4923 1097 4994 ἀφέθησαν
1121 4934 1180 4984 αἱ
1204 4933 1459 5003 ἀνομίαι,
1478 4940 1575 4993 καὶ
1600 4935 1688 4994 ὧν
1715 4945 1852 4999 ἐπες

267 5005 686 5093 ιιιιλύφθησαν
726 5015 785 5065 αἱ
819 5014 1112 5083 ἁμαρτίαι.
1147 5021 1322 5076 Πολλὰ
1362 5026 1618 5093 κακώσας
1664 5033 1855 5088 ἐαυτὸν

373 5093 452 5164 τῷ
485 5098 872 5171 συμϐεϐηκότι
901 5106 1328 5182 πλημμελήματι
1358 5117 1386 5169 6
1421 5091 1610 5186 Δαυῒδ,
1634 5123 1728 5188 καὶ
1755 5123 1853 5189 τὰς

263 5181 345 5237 διὰ
372 5189 469 5240 τοῦ
493 5194 839 5262 τριακοστοῦ
875 5200 1055 5265 φωνὰς
1089 5205 1406 5276 προέμενος,
1436 5213 1734 5283 φροντίζων
1759 5221 1851 5272 καὶ

263 5273 507 5344 ἀτωνιιῖιν
526 5282 638 5354 τὴν
653 5285 747 5338 τοῦ
764 5287 896 5342 Θεοῦ
919 5293 1115 5364 κρίσιν,
1134 5296 1219 5366 ἐφ’
1235 5292 1314 5363 οἷς
1337 5301 1499 5367 αὐτὸς
1520 5307 1695 5378 ἐαυτῷ
1722 5327 1848 5363 συν-

262 5369 506 5434 εγνὼκειο
527 5371 661 5427 εἶτα
681 5378 758 5448 τῷ
769 5380 1043 5452 Πνεύματι
1063 5386 1140 5458 τῷ
1161 5389 1300 5460 ἁγίῳ
1317 5394 1409 5446 καὶ
1437 5399 1502 5467 τῇ
1529 5397 1752 5471 δυνάμει
1777 5405 1844 5474 τῇ

263 5467 586 5560 προφητικῇῗ
608 5466 714 5538 τὴν
745 5470 831 5524 διὰ
863 5473 964 5544 τῆς
1005 5481 1268 5551 σωτηρίου
1300 5466 1519 5556 χάριτος
1551 5466 1846 5560 μέλλουσαν

261 5549 468 5655 εσεσθαι
499 5559 690 5611 πᾶσιν
730 5562 1038 5636 ἀνθρώποις
1071 5549 1417 5646 συγχώρηίσίν
1596 5583 1844 5655 ἁμαρτη-

265 5651 438 5710 μάτων
482 5651 779 5720 ἐπιγνοὺς,
828 5657 921 5710 καὶ
961 5660 1035 5724 ὡς
1065 5663 1114 5714 oi
1160 5664 1218 5731 ἐξ
1255 5665 1423 5722 ἐθνῶν
1462 5651 1841 5749 εἰδωλολάτραι

321 5826 366 5867 ’-’
402 5825 570 5894 ᾓυιιι.
617 5845 659 5883 ιι
683 5870 696 5896 ,
729 5833 782 5894 4.
861 5836 906 5869 ’⁸
942 5837 1139 5897 Ezech.
1173 5859 1382 5915 xum,
1421 5848 1506 5912 12,

2001 2005 2253 2059 gnarum,
2284 1999 2345 2045 ut
2374 1993 2508 2047 nihil
2541 1995 2810 2050 laedantur
2839 1996 2920 2050 vel
2947 1996 3014 2050 ab
3038 1996 3103 2050 iis
3135 1996 3230 2065 qui
3256 1997 3405 2067 ipsas
3449 2013 3570 2053 ver-

2001 2080 2086 2135 bis
2113 2081 2454 2153 impugnant,
2496 2086 2580 2140 vel
2629 2086 2699 2142 ab
2745 2087 2814 2141 iis
2863 2086 2958 2159 qui
2991 2087 3274 2144 machinas
3304 2103 3434 2144 suas
3464 2087 3566 2144 ado

1998 2189 2193 2231 versus
2224 2175 2347 2233 illas
2375 2177 2678 2242 instruunt.
2898 2161 2904 2168 ’

2066 2459 2232 2516 Vens.
2263 2461 2354 2518 22.
2373 2462 2689 2521 Benedictus
2717 2465 2994 2532 Dominus,
3015 2469 3265 2540 quoniam
3294 2469 3573 2538 mirifica--~

1993 2551 2064 2613 uit
2087 2553 2502 2613 misericordiam
2523 2573 2675 2610 suam
2703 2560 2757 2612 in
2783 2560 2992 2614 civitate
3034 2562 3367 2616 munitionis.
3411 2559 3582 2616 Post-..

1993 2657 2156 2711 quam
2187 2645 2500 2700 conﬁtendo
2536 2652 2618 2702 tot
2645 2649 2826 2704 verbis
2848 2649 3018 2705 Deum
3050 2651 3418 2722 compellavit,
3449 2667 3582 2708 ser-.

1990 2749 2208 2789 mouem
2257 2752 2418 2792 suum
2453 2747 2764 2809 opportuno
2795 2751 2851 2795 et
2893 2742 3037 2796 bono
3064 2742 3298 2796 termino
3324 2743 3560 2807 claudit.»

1988 2823 2366 2883 benedicendo
2403 2827 2597 2894 Deum,
2631 2833 2881 2901 quoniam
2919 2832 3224 2903 miri/ienuit
3257 2834 3558 2888 misericor—

1986 2915 2132 2969 diam
2161 2934 2314 2972 suam
2367 2921 2428 2981 in
2474 2922 2682 2982 civitate
2743 2924 3090 2981 munitionis:
3116 2922 3262 2994 quod
3316 2924 3559 2994 Symma-

1984 3008 2122 3064 chus
2155 3011 2235 3065 sic
2256 3011 2650 3084 interpretatus
2675 3023 2789 3071 est:
2823 3016 3134 3072 Benedictus
3159 3016 3441 3082 Dominus,
3465 3018 3564 3088 qui.

1983 3101 2210 3155 ostendit
2231 3103 2360 3158 mihi
2380 3106 2795 3166 misericordiam
2832 3125 3007 3176 suam,
3038 3110 3194 3179 quasi
3235 3110 3288 3163 in
3337 3109 3554 3163 civitate

1984 3193 2208 3247 munita.
2252 3193 2358 3249 Per
2385 3211 2472 3252 me
2501 3198 2720 3268 quippe,
2763 3200 2861 3263 ait,
2893 3197 3039 3255 Deus
3066 3199 3403 3270 gloriﬁcatus
3447 3212 3571 3267 est,L

1983 3278 2111 3348 quia
2138 3285 2532 3353 propemodum
2578 3287 2808 3344 inﬁnitis
2843 3289 3092 3350 collectis
3134 3289 3406 3354 hostibus,
3433 3291 3553 3345 ani-

1982 3385 2237 3442 mamque
2293 3391 2468 3431 meam
2521 3393 2621 3433 ceu
2677 3395 2930 3451 magnam
2977 3380 3255 3437 civitatem
3300 3383 3566 3437 obsidere-

1979 3466 2335 3531 conantibus,
2367 3476 2553 3525 custos
2582 3471 2673 3526 ille
2719 3488 2872 3529 meus
2903 3480 3057 3542 septo
3096 3489 3183 3529 me
3213 3474 3568 3529 circummu«-

1977 3557 2158 3625 niens,
2213 3560 2646 3618 misericordiam
2707 3580 2862 3620 suam
2924 3565 3229 3620 mirabilem
3277 3567 3564 3638 exhibuit,L

1977 3656 2141 3719 atque
2171 3652 2247 3706 ita
2278 3668 2364 3708 me
2392 3655 2631 3715 servavit
2665 3655 2889 3725 perinde
2918 3664 3082 3726 atque
3119 3657 3397 3713 civitatem
3433 3658 3561 3712 for-.

1974 3739 2189 3796 tissimo
2243 3757 2403 3799 muro
2430 3746 2656 3814 Lcircum
2707 3747 3048 3808 instructam.
3088 3747 3236 3805 Talis
3285 3764 3412 3820 erga
3458 3765 3561 3809 me-

1974 3829 2150 3899 fuisti,
2182 3833 2412 3891 Domine
2457 3838 2552 3902 mi,
2594 3840 2816 3908 quando
2849 3840 3228 3911 memetipsum
3261 3842 3558 3900 humiliati-

1972 3924 2030 3979 in
2063 3940 2296 3981 excessu
2337 3929 2540 3983 mentis
2574 3945 2728 3994 meae,
2768 3946 2878 4001 quo
2913 3932 3258 3988 conturbatus
3290 3943 3367 3988 est
3391 3935 3544 3990 inira

1971 4017 2152 4071 oculus
2205 4034 2372 4082 meus,
2422 4020 2604 4074 anima
2658 4039 2775 4076 mea
2822 4031 2872 4078 et
2923 4025 3098 4080 venter
3138 4043 3306 4081 meus.
3355 4026 3560 4098 Nequa

1969 4115 2102 4162 tunc
2152 4111 2577 4178 procrastinavi,
2635 4113 2731 4169 sed
2787 4115 3172 4186 memetipsum
3230 4117 3542 4185 humiliavi,

1967 4198 2127 4270 quasi
2168 4203 2379 4270 peccati
2410 4204 2516 4258 mei
2563 4219 2730 4260 causa
2762 4207 3042 4276 projectus
3076 4209 3148 4266 ab
3173 4211 3350 4266 oculis
3399 4211 3534 4268 tuis.

1966 4290 2033 4344 Et
2071 4291 2186 4345 haec
2223 4293 2447 4362 quidem
2475 4296 2789 4352 conﬁtendo
2813 4297 2926 4356 dixi
2953 4317 2966 4353 :
2995 4297 3078 4353 Tu
3111 4315 3238 4356 vero
3264 4301 3538 4358 humanus

1964 4383 2252 4454 bonusque
2286 4388 2449 4450 Deus,
2479 4403 2566 4443 me
2597 4389 2960 4446 domesticum
2991 4399 3146 4446 tuum
3187 4408 3293 4447 non
3326 4393 3536 4462 ubjeci—

1964 4476 2034 4531 sti
2057 4519 2071 4544 ,
2107 4478 2203 4532 sed
2231 4476 2535 4535 secundum
2562 4484 2978 4551 promissionem
3013 4485 3194 4550 istam,
3229 4483 3364 4541 Cum
3409 4503 3536 4541 con-

1625 4558 1718 4610 καὶ
1770 4559 1856 4612 διὰ

1984 4583 2137 4621 tersus
2170 4569 2507 4638 ingemueris,
2535 4581 2659 4626 tunc
2683 4573 2910 4629 salutem
2931 4575 3185 4630 obtinebis
3204 4576 3272 4639 ³⁸,
3302 4591 3388 4630 me
3417 4576 3536 4631 haec

1963 4656 2232 4715 dicentem
2257 4663 2552 4728 exaudisti,
2593 4671 2649 4719 et
2677 4676 2963 4735 propterea
2993 4667 3294 4736 miriﬁcasti
3322 4667 3533 4722 miseri:

1959 4751 2199 4806 cordiam
2236 4763 2381 4808 tuam
2415 4756 2544 4809 mihi
2569 4757 2624 4810 in
2661 4759 2870 4815 civitate
2894 4759 3224 4813 munitionis.

2190 4862 2319 4925 IPSI
2357 4865 2564 4921 DAVID
2601 4866 3078 4923 INTELLECTUS
3113 4865 3306 4921 XXXI.

2032 4953 2198 5010 Vsus.
2244 4957 2296 5011 1.
2328 4957 2482 5012 Beati
2509 4975 2730 5027 quorum
2775 4962 3008 5014 remissa:
3035 4968 3156 5014 sunt
3201 4957 3534 5026 iniquitates,_

1959 5055 2008 5101 et
2059 5063 2282 5115 quorum
2318 5056 2452 5102 tecta
2503 5057 2627 5104 sunt
2669 5058 2906 5119 peccata.
2959 5049 3254 5119 Postquam
3296 5063 3392 5119 pro
3425 5049 3525 5103 ad,

1959 5138 2130 5194 misso
2162 5141 2368 5196 scelere
2401 5156 2523 5198 sese
2550 5141 2722 5196 David
2761 5142 2990 5196 multum
3017 5141 3302 5206 aﬁlixerat,
3332 5155 3524 5196 voces-

1955 5243 2062 5297 que
2106 5229 2160 5283 in
2196 5231 2404 5300 psalmo
2447 5232 2726 5288 tricesimo
2771 5233 2979 5303 positas
3029 5233 3311 5298 emiserat,
3346 5220 3413 5286 de
3437 5231 3525 5301 ju-

1955 5319 2099 5373 dicio
2131 5319 2221 5374 Dei
2259 5336 2356 5390 pro
2391 5322 2458 5375 iis
2487 5338 2724 5392 quorum
2763 5323 2870 5378 sibi
2903 5323 3159 5378 conscius
3202 5329 3321 5378 erat
3368 5323 3524 5378 solli-

1954 5410 2136 5476 citus;
2163 5425 2368 5482 gnarus
2390 5413 2519 5468 item
2543 5428 2610 5468 ex
2643 5412 2847 5484 Spiritu
2869 5419 3062 5468 sancto
3092 5420 3256 5482 atquc
3293 5427 3357 5468 ex
3389 5428 3520 5483 pro-

1951 5502 2166 5571 phetica
2196 5503 2289 5558 illa
2337 5505 2558 5571 virtute,
2592 5505 2936 5562 remissionis
2985 5514 3337 5576 peccatorum
3389 5521 3516 5576 quas

1950 5608 2045 5663 per
2072 5594 2362 5652 salutarem
2389 5598 2618 5666 gratiam
2643 5598 2958 5655 hominibus
2979 5597 3325 5655 concedenda
3359 5605 3511 5653 erat:

1946 5698 2152 5754 gnarus
2185 5686 2313 5743 item
2347 5686 2664 5744 idololatras
2716 5698 2772 5745 ct
2804 5689 2994 5748 atheos
3040 5690 3314 5749 sexcentis
3354 5686 3541 5746 malis.
