4138 6380
493 429 603 490 273

1212 426 1487 483 EUSEBII
1520 424 1996 483 CESABIENSIS
2032 423 2186 481 OPP.
2225 421 2406 478 PARS
2444 420 2533 479 Ill.
2570 451 2642 463 —
2671 420 3078 478 EXEGETICA.

3640 424 3745 480 I76

488 515 870 620 complicatos,
902 543 1196 618 aliquando
1227 548 1443 605 veniam
1476 557 1826 623 peccatorum
1860 563 1959 619 per
1982 547 2033 602 la

2136 545 2262 608 ,καὶ
2305 544 2477 609 ἄθεοι,
2532 544 2747 616 μυρίοις
2800 546 2989 607 κακοῖς
3038 542 3491 615 ἐμπεπαρμένοι,
3538 542 3743 615 ἀθρόας

484 656 712 698 vacrum
736 642 1169 712 regenerationis
1199 640 1492 700 confertim
1523 652 1942 715 consecuturos,
1971 641 2056 697 bis

482 730 645 789 dictis
680 732 905 789 eosdem
949 739 1033 789 ter
1063 731 1255 788 beatos
1283 733 1566 804 praedicat.
1616 732 1944 807 Gemitibus,
1976 735 2061 789 in-

478 825 619 894 quit,
652 830 708 880 et
736 823 1001 897 lacrymis
1041 822 1431 894 frequentibus
1462 827 1674 898 peccati
1705 841 1873 882 causa
1920 841 2058 900 con-

481 917 793 981 tabescens,
824 925 880 972 et
924 916 1073 973 illius
1103 932 1236 988 ergo
1276 918 1333 972 in
1386 917 1751 975 adversitates
1806 919 2059 975 innume-

479 1020 573 1063 ras
618 1005 901 1078 deiapsus,
953 1008 1306 1070 aemulatione
1356 1009 1560 1081 dignos
1595 1025 1692 1066 eos
1754 1025 1819 1065 ac
1865 1010 2057 1069 beatos

478 1097 742 1173 praedico,
771 1100 868 1177 qui
898 1099 1020 1159 sine
1064 1100 1309 1157 miseriis
1337 1101 1680 1171 bujusmodi,
1712 1117 1811 1173 per
1839 1101 1935 1158 Dei
1963 1103 2054 1157 be~

478 1190 827 1261 nignitatem,
869 1192 1253 1249 remissionem
1296 1201 1651 1269 peccatorum
1701 1203 2053 1265 acceperunt.

476 1280 657 1337 Tanto
691 1284 893 1356 quippe
924 1299 1053 1358 erga
1079 1284 1204 1341 illos
1226 1285 1410 1360 studio
1441 1296 1493 1342 et
1514 1286 1841 1343 liberalitate
1859 1289 2051 1365 utitur,

475 1382 537 1430 ut
560 1389 673 1430 non
706 1376 885 1432 solum
927 1376 1193 1446 remittat,
1223 1377 1321 1433 sed
1347 1378 1516 1433 etiam
1546 1384 1694 1449 tegat
1717 1394 1908 1433 eorum
1936 1396 2057 1450 pec-

475 1473 619 1532 cata,
655 1474 718 1521 ut
750 1482 821 1524 ne
848 1468 1139 1540 vestigium
1169 1467 1392 1540 quidem
1423 1484 1616 1525 eorum
1642 1469 1927 1549 residuum
1956 1472 2049 1536 sit.

548 1647 712 1707 Vens.
741 1651 798 1709 2.
822 1652 1021 1708 Beatus
1054 1654 1134 1708 uir
1162 1654 1250 1733 cui
1284 1672 1390 1710 non
1422 1656 1763 1725 imputaverit
1787 1655 2051 1710 Dominus

468 1751 767 1809 peccatum,
814 1760 908 1822 nec
943 1755 1021 1800 est
1049 1746 1105 1800 in
1134 1763 1223 1801 ore
1268 1746 1382 1816 ejus
1414 1746 1592 1802 dolus.
1641 1746 1772 1814 Quae
1795 1740 2050 1818 superius

467 1834 618 1901 dicta
643 1843 794 1903 sunt,
833 1839 1133 1909 generatim
1160 1839 1481 1908 eﬂ‘eruntur,
1518 1847 1682 1916 atque
1710 1856 1903 1915 omnes
1929 1856 2049 1896 om—

2166 639 2297 694 ποτὲ
2330 638 2625 704 τεύξονται
2646 638 2896 708 ἀφέσεως
2941 636 3222 710 ἁμαρτιῶν
3260 637 3347 691 διὰ
3379 634 3602 711 λουτροῦ
3637 652 3742 690 πα·-

2160 730 2519 800 λιγγενεσίας,
2536 729 2966 802 τρισμακαρίους
2984 728 3207 791 τούτους
3228 728 3615 797 ἀποφαίνειδιὰ
3635 728 3741 781 τῶν

2160 824 2556 896 προκειμένων.
2628 823 2942 897 Ὀδυρμοῖς,
2993 823 3155 895 φησὶν
3176 862 3190 887 ,
3226 821 3335 891 ἐγὼ
3377 823 3471 876 καὶ
3513 822 3741 895 δάκρυσι

2160 915 2405 987 θαμινοῖς
2440 916 2531 970 διὰ
2570 914 2669 988 τὴν
2702 915 2975 987 ἁμαρτίαν
3020 913 3435 986 προστετηκὼς,
3472 915 3565 968 καὶ
3602 932 3740 968 παν-

2156 1008 2421 1072 τοδαπαῖς
2447 1010 2756 1080 συμφοραῖς
2785 1005 2987 1077 ταύτης
3017 1006 3178 1077 χάριν
3208 1003 3538 1077 περιπεσὼν,
3568 1002 3741 1076 ζηλω-

2155 1102 2283 1165 τοὺς
2328 1101 2569 1166 ἐκείνους
2607 1101 2702 1156 καὶ
2748 1099 3051 1172 μακαρίους
3101 1097 3396 1162 ἀποωλῶ,
3441 1100 3567 1161 τοὺς
3607 1098 3739 1151 ἀτα-

2155 1192 2451 1266 λαιπώρως
2477 1195 2543 1264 τῇ
2572 1192 2667 1246 τοῦ
2722 1191 2859 1245 Θεοῦ
2908 1191 3290 1264 φιλανθρωπίᾳ
3332 1191 3441 1245 τῶν
3486 1192 3738 1262 ἁμαρτη-

2159 1285 2344 1355 μάτων
2382 1285 2710 1356 δεξαμένους
2747 1283 2847 1354 τὴν
2895 1283 3110 1353 ἄφεσιν.
3155 1284 3401 1355 Τοσαύτῃ
3451 1281 3560 1354 γὰρ
3611 1282 3740 1354 περὶ

2155 1358 2353 1440 αὐτοὺς
2374 1377 2572 1448 χρῆται
2604 1374 2909 1447 φιλοτιμίᾳ,
2940 1375 3016 1440 ὡς
3049 1375 3124 1447 μὴ
3159 1376 3318 1447 μόνον
3345 1375 3582 1445 ἀφεῖναι,
3605 1372 3737 1429 ἀλλὰ

2154 1470 2250 1523 καὶ
2295 1469 2536 1540 καλύψαι
2581 1468 2680 1534 τὰς
2713 1469 3024 1547 ἁμαρτίας,
3065 1470 3159 1523 καὶ
3193 1469 3327 1541 μηδὲ
3372 1469 3493 1541 ῑχνη
3534 1467 3736 1524 τούτων

2154 1561 2528 1616 καταλείπειν.

2227 1653 2530 1722 Μακάριος
2575 1652 2730 1720 ἀνὴρ
2770 1643 2819 1719 ᾧ
2882 1653 2954 1706 οὐ
3005 1650 3092 1721 μὴ
3159 1651 3474 1721 λογίσηται
3524 1651 3735 1718 Κύριος

2152 1745 2468 1816 ἁμαρτίαν,
2503 1743 2644 1798 οὐδέ
2670 1744 2843 1797 ἐστιν
2863 1743 2933 1799 ἐν
2957 1742 3037 1809 τῷ
3066 1744 3315 1813 στόματι
3336 1742 3520 1796 αὐτοῦ
3540 1742 3740 1807 δόλος.

2151 1838 2233 1893 Τὰ
2272 1836 2371 1908 μὲν
2400 1835 2814 1913 προλελεγμένα
2859 1835 3088 1904 γενικῶς
3120 1835 3360 1908 εἴρηται,
3386 1834 3478 1888 καὶ
3507 1833 3734 1888 καθόλου

465 1926 600 1999 nino
642 1906 948 2000 respici—unt
1001 1931 1096 2002 qui
1142 1947 1241 2003 per
1276 1933 1512 2003 gratiam
1547 1911 1900 2003 peccatorum
1942 1947 2033 1987 ve-

2148 1906 2282 2000 περί
2314 1906 2533 1982 πάντων
2574 1926 2682 1981 τῶν
2710 1906 2716 1913 ‘
2727 1927 3031 1997 μελλόντων
3066 1906 3311 1997 ἀφέσεως
3343 1925 3622 1999 ἁμαρτιῶν
3648 1925 3733 1978 διὰ

464 2018 613 2075 niam
640 2021 857 2076 nacturi
890 2030 1055 2092 sunt;
1110 2033 1166 2079 at
1206 2040 1329 2095 quas
1365 2024 1424 2079 in
1454 2024 1714 2096 praesenti
1752 2025 2037 2091 dicuntur,

462 2124 576 2181 quo
621 2113 728 2166 ritu
773 2114 1031 2172 remissio
1078 2117 1418 2173 concedatur
1477 2116 1723 2173 declarat
1783 2116 1872 2172 his
1919 2131 2042 2171 ver-

462 2200 580 2258 bis:
625 2201 728 2257 Cui
762 2221 870 2259 non
900 2206 1240 2277 imputauerit
1268 2208 1527 2263 Dominus
1561 2217 1853 2278 peccatum.
1900 2206 2040 2263 Nam

460 2304 746 2366 peccatum
778 2299 949 2355 semel
982 2309 1383 2371 perpetratum,
1413 2303 1532 2360 ﬁeri
1556 2317 1668 2357 non
1710 2316 1873 2372 posse
1904 2302 2040 2371 quin

458 2386 763 2459 admissum
798 2387 966 2445 fuerit
1012 2392 1326 2463 significat:
1384 2396 1480 2450 sed
1526 2409 1694 2465 penes
1746 2393 2037 2448 Dominum

457 2493 602 2545 esse,
635 2486 695 2533 ut
722 2479 778 2551 in
801 2481 1111 2539 rationibus
1154 2485 1272 2542 suis
1300 2482 1548 2556 peccanti
1580 2485 1795 2541 facinus
1824 2485 1908 2540 vel
1934 2485 2038 2539 im-

459 2577 616 2639 putet
646 2571 732 2626 vel
760 2587 872 2628 non
895 2574 1146 2646 imputet,
1184 2592 1249 2633 ac
1289 2579 1504 2653 veniam
1534 2586 1589 2634 et
1636 2576 2036 2648 indulgentiam

455 2661 745 2717 concedat.
790 2660 993 2720 Verum
1040 2668 1171 2738 quia
1220 2676 1492 2739 quotquot
1524 2670 1906 2725 remissionem
1939 2667 2036 2723 de-

453 2750 732 2818 lictorum,
758 2771 882 2826 quae
926 2773 1024 2828 per
1066 2748 1401 2829 baptismum
1448 2761 1631 2827 datur,
1667 2761 1891 2825 adeunt,
1937 2775 2034 2830 per

453 2841 863 2901 confessionem
909 2848 964 2902 in
1001 2847 1349 2905 Salvatorem
1398 2853 1683 2917 emissam,
1721 2867 1819 2923 per
1870 2850 2032 2929 ﬁdem

452 2932 514 3013 in
542 2935 925 2994 universorum
954 2940 1146 3007 Deum,
1179 2957 1243 2998 ac
1270 2958 1367 3013 per
1394 2934 1800 3001 confessionem
1853 2945 2033 3000 since-

452 3040 597 3103 ram,
654 3030 867 3084 veniam
915 3042 1364 3103 consequuntur;
1392 3042 1761 3105 congruenter
1784 3042 1838 3089 et
1871 3048 2032 3088 accu-

452 3127 573 3174 rate
594 3119 891 3177 admodum
925 3125 1206 3195 adjicitur,
1240 3125 1355 3182 Nec
1377 3139 1456 3183 est
1480 3128 1535 3182 in
1568 3144 1657 3183 ore
1678 3128 1791 3197 ejus
1835 3127 1989 3183 dotus
2010 3167 2026 3193 ,

2145 2020 2247 2091 τῆς
2288 2020 2513 2093 Χάριτος
2555 2021 2877 2091 τυγχάνειν·
2909 2020 2977 2073 τὰ
3020 2020 3077 2074 δὲ
3112 2020 3479 2092 προσκείμενα
3520 2019 3668 2082 ὅπως
3695 2021 3730 2089 η

2143 2112 2337 2182 ἄφεσις
2369 2112 2569 2166 δίδοται
2592 2113 2891 2184 παρίστησι
2915 2111 3001 2165 διὰ
3030 2111 3154 2165 τοῦ·
3194 2108 3276 2168 Οὗ
3299 2110 3383 2181 μὴ
3412 2112 3731 2181 λογίσηται

2140 2204 2360 2271 Κύριος
2403 2203 2715 2272 ἁμαρτίαν.
2750 2202 2933 2267 ’Ἃπαξ
2985 2203 3085 2274 μὲν
3135 2202 3243 2275 γὰρ
3297 2201 3593 2274 γενομένην
3632 2201 3731 2274 τὴν

2141 2294 2516 2365 παραχθεῖσαν
2576 2294 2848 2366 ἁμαρτίαν
2888 2294 3148 2363 ἀγένητον
3199 2293 3274 2365 μὴ
3310 2293 3567 2348 δύνασθαι
3589 2289 3729 2346 εἶναι

2139 2385 2322 2458 δηλοῖ·
2364 2386 2455 2438 τόν
2484 2403 2549 2455 γε
2580 2386 2678 2457 μὲν
2711 2386 2917 2464 Κύριον
2946 2386 3039 2463 τον
3071 2383 3315 2450 ἐξουσίαν
3344 2386 3535 2457 ἔχοντα
3566 2387 3623 2439 ὲν
3651 2386 3729 2457 τῷ

2139 2476 2434 2549 λογοθεσίῳ
2472 2477 2784 2547 λογίζεσθαι
2834 2477 2912 2549 τῷ
2959 2477 3339 2550 ἡμαρτηκότι,
3392 2478 3427 2550 ἢ
3461 2478 3534 2550 μὴ
3582 2478 3727 2546 λογί-

2138 2567 2329 2633 ζεσθαι
2361 2568 2422 2622 τὸ
2471 2571 2882 2641 πεπραγμένον,
2919 2568 3054 2623 ἀλλὰ
3107 2572 3411 2642 συγχωρεῖν
3460 2570 3725 2625 ποιεῖσθαι

2135 2658 2235 2729 τὴν
2271 2659 2484 2728 ἄφεσιν.
2515 2660 2625 2712 Καὶ
2661 2660 2959 2733 ἐπειδήπερ
2989 2659 3358 2725 ἕκαστος’τῶν
3390 2663 3725 2734 προσιόντων

2134 2750 2202 2819 τῇ
2260 2747 2350 2801 διὰ
2412 2749 2508 2803 τοῦ
2569 2750 2943 2821 βαπτίσματος
2993 2752 3310 2825 δωρουμένη
3371 2754 3719 2824 συγχωρήσει

2133 2839 2203 2892 δι’
2238 2840 2527 2912 ὁμολογίας
2560 2843 2660 2913 τῆς
2710 2845 2790 2906 είς
2835 2844 2924 2897 τὸν
2958 2845 3221 2917 Σωτῆρα,
3261 2844 3361 2915 τῆς
3394 2861 3459 2914 γε
3507 2847 3589 2910 είς
3627 2844 3720 2898 τὸν

2134 2932 2243 2986 τῶν
2277 2934 2415 2987 ὅλων
2447 2935 2578 2988 Θεὸν
2614 2936 2869 3003 πίστεως,
2898 2938 2991 2991 καὶ
3015 2938 3081 2990 δι’
3116 2936 3557 3010 ὲξομολογήσεως
3590 2939 3719 2992 εἰλι-

2134 3026 2384 3098 κρινοῦς,
2416 3028 2516 3099 τῆς
2550 3028 2798 3097 ἀφέσεως
2847 3029 3128 3095 τεύξεται·
3174 3030 3377 3101 σφόδρα
3417 3030 3662 3101 ἀκριόὦς

2131 3116 2289 3185 λόγος
2325 3118 2652 3190 προστίθησι
2705 3119 2803 3191 τὴν
2837 3120 3148 3190 φάσκουσαν
3188 3121 3535 3195 προσθήκηνο
3576 3125 3716 3178 Οὐδ’

451 3222 568 3279 aut,
594 3215 651 3269 in
690 3217 883 3287 spiritu
928 3219 1044 3290 ejus
1085 3219 1277 3276 dolus:
1324 3237 1451 3277 nam
1499 3223 1734 3294 utroque
1776 3224 1938 3279 modo
1971 3225 2027 3279 in

2136 3210 2310 3264 ἐστιν
2339 3211 2409 3264 ὲν
2441 3210 2522 3277 τῷ
2547 3213 2797 3281 στόματι
2826 3212 3013 3267 αὐτοῦ
3029 3212 3228 3280 δόλος,
3256 3214 3311 3285 ἢ,
3341 3215 3411 3267 ἐν
3438 3214 3516 3281 τῷ
3537 3214 3719 3270 πνεύ-

451 3306 683 3387 lectione
707 3308 899 3366 fertur.
952 3310 1052 3366 Hic
1080 3314 1228 3368 enim
1257 3314 1476 3380 beatus,
1502 3317 1596 3386 qui
1645 3317 1842 3388 spiritu
1884 3333 2025 3387 puro

2136 3321 2268 3379 ματι
2299 3305 2485 3359 αὑτοῦ
2527 3304 2742 3371 δόλος·
2784 3306 3059 3377 ἑκατέρως
3104 3306 3212 3378 γὰρ
3261 3307 3484 3379 φέρεται
3534 3309 3593 3361 ὲν
3638 3307 3719 3379 τῷ

449 3414 517 3455 ac
546 3415 642 3456 ore
670 3402 857 3457 veraci
884 3403 1292 3463 confessionem
1325 3408 1459 3473 cdit,
1500 3424 1773 3479 vocesque
1822 3409 2031 3491 profert

448 3491 508 3547 in
539 3492 761 3569 lavacro
807 3499 1244 3568 regenerationis
1295 3502 1511 3559 solitas.
1556 3502 1715 3570 Quod
1760 3506 1805 3560 si
1837 3505 1891 3560 in
1927 3521 2024 3561 ore

446 3584 590 3656 elus,
614 3588 699 3643 vel
728 3588 782 3644 in
808 3591 1027 3666 spiritu,
1059 3593 1145 3649 vel
1179 3593 1235 3652 in
1278 3595 1461 3649 anima
1493 3580 1652 3651 dolus
1694 3597 2024 3675 inveniatur,

448 3687 638 3754 utpote
660 3683 755 3757 qui
780 3685 1022 3756 seipsum
1052 3684 1332 3758 deceperit
1360 3686 1437 3741 ita
1466 3695 1527 3742 ut
1553 3688 1768 3743 veniam
1792 3705 1903 3743 non
1929 3691 2028 3744 ob-

446 3770 648 3841 tineat;
677 3765 778 3829 sua
800 3775 1027 3845 insuper
1065 3777 1209 3831 mala
1241 3775 1560 3855 adaugebit,
1592 3793 1719 3833 cum
1761 3778 2026 3855 majorem

446 3861 553 3919 sibi
592 3864 732 3945 iram
757 3866 813 3939 in
845 3867 934 3943 die
961 3868 1059 3923 ira!
1104 3852 1561 3929 coacerv'averits

492 4127 685 4186 'Vens.
724 4129 780 4195 '5,
810 4131 865 4186 4.
909 4131 1173 4202 Quoniam
1208 4135 1387 4200 tacui,
1441 4136 1857 4192 inveteraverunt
1901 4156 2028 4208 ossa

440 4239 581 4286 mea,
608 4222 735 4276 dum
771 4215 1060 4293 clamarem
1091 4234 1201 4281 tota
1233 4226 1337 4296 die,
1367 4238 1471 4284 etc.
1518 4228 1597 4285 llli
1628 4231 1845 4301 quidem
1881 4214 2026 4295 beati

441 4321 593 4377 sunt,
618 4329 756 4385 quos
786 4315 840 4369 in
886 4317 1081 4391 spiritu
1108 4333 1445 4389 cognoscens
1474 4322 1664 4378 beatos
1710 4325 2023 4395 praedicavi.

441 4402 557 4477 Ego
588 4419 719 4459 vero
756 4416 1042 4476 postquam
1099 4409 1433 4466 clamoribus
1479 4419 1534 4466 et
1585 4414 2025 4474 confessionibus

438 4502 673 4552 multum
730 4498 1104 4555 laboraveram
1132 4540 1147 4566 ,
1195 4502 1522 4574 defatigatus
1556 4508 1721 4561 tacui.
1772 4506 1879 4563 Pro
1913 4525 2023 4581 quo

2132 3397 2543 3470 ἀναγνώσματι.
2569 3393 2736 3461 Οὗτος
2768 3398 2876 3471 γὰρ
2911 3397 3201 3471 μακάριος,
3236 3402 3264 3452 ὀ
3297 3398 3521 3470 καθαρῷ
3554 3398 3719 3453 πνεύέ

2136 3508 2264 3561 ματι
2309 3490 2410 3562 τὴν
2451 3472 2835 3562 ἐξομολόγησιν
2889 3492 3241 3563 ποιούμενος,
3278 3493 3372 3546 καὶ
3413 3492 3513 3556 τὰς
3548 3494 3607 3547 ὲν
3636 3491 3717 3565 τῷ

2130 3579 2339 3653 λουτρῷ
2362 3580 2462 3649 τῆς
2493 3580 2914 3648 παλιγγενεσίας
2944 3580 3128 3649 φωνὰς
3161 3582 3620 3652 προσφερόμενος.
3650 3582 3715 3635 Ei

2129 3669 2174 3722 δ’
2223 3668 2470 3741 εὑρεθείη
2505 3671 2563 3723 ὲν
2612 3668 2688 3740 τῷ
2740 3670 2965 3740 στόματι
3012 3669 3176 3723 αὐτοῦ
3211 3671 3390 3734 δόλος,
3437 3672 3469 3743 ἢ
3522 3672 3580 3725 ὲν
3632 3671 3717 3742 τῷ¹

2131 3758 2402 3831 πνεύματι
2436 3764 2530 3813 καὶ
2572 3763 2642 3831 τῇ
2690 3760 2871 3831 ψυχῇ,
2903 3760 2978 3824 ὡς
3021 3748 3304 3832 ἀπατήσας
3352 3762 3544 3815 ἑαυτὸν
3577 3762 3713 3833 πρὸς

2126 3851 2189 3903 τὸ
2211 3851 2284 3926 μὴ
2318 3854 2498 3922 τυχεῖν
2526 3852 2625 3922 τῆς
2648 3850 2916 3920 ἀφέσεως,
2940 3852 3022 3905 ἔτι
3056 3853 3149 3906 καὶ
3177 3852 3400 3925 αὐξήσει
3423 3853 3490 3908 τὰ
3517 3854 3709 3908 ἑαυτοῦ

2128 3943 2275 3995 κακὰ
2321 3943 2699 4013 ὲπισωρεύσας
2743 3942 2865 3996 καθ’
2918 3944 3112 3997 ἑαυτοῦ
3161 3944 3381 3998 πλείονα
3437 3944 3604 4017 ὀργὴν
3650 3947 3709 4000 ὲν

2128 4033 2312 4105 ἡμέριι
2339 4033 2530 4105 ὀργῆς.

2201 4146 2320 4197 Ὅτι
2346 4143 2971 4215 ἑσίγησα,ἑπαλαιώθη
3003 4145 3075 4198 τὰ
3113 4144 3266 4201 ὀστᾶ
3285 4165 3427 4217 μου,
3458 4149 3574 4202 ἀπὸ
3597 4149 3706 4205 τοῦ

2128 4229 2359 4299 κράζειν
2381 4249 2457 4300 με
2483 4231 2634 4311 ὅλην
2659 4232 2774 4302 τὴν
2804 4234 3051 4304 ἡμέραν,
3082 4254 3135 4309 κ.
3166 4254 3217 4309 τ.
3251 4238 3301 4293 λ.
3339 4239 3563 4293 Ἐκεῖνοι
3597 4242 3697 4312 μέν

2128 4318 2236 4371 είσι
2286 4321 2563 4392 μακάριοι,
2598 4322 2692 4385 οὒς
2726 4321 2802 4393 τῷ
2840 4324 3109 4395 πνεύματι
3161 4329 3323 4394 γνοὺς
3363 4329 3696 4402 ὲμακάρισακ

2128 4407 2240 4476 ὲγὼ
2284 4409 2340 4462 δὲ
2381 4411 2549 4466 πολλὰ
2580 4414 2848 4479 κοπιάσας
2878 4417 2936 4469 ἐν
2966 4418 3089 4480 ταῖς
3114 4417 3250 4489 πρὸς
3272 4418 3361 4473 τὸν
3391 4419 3521 4473 Θεὸν
3548 4421 3701 4491 βοαῖς
3802 4469 3804 4472 ,

2116 4499 2223 4567 ,καὶ
2251 4501 2716 4576 ὲξομολογήσεσιν,
2752 4507 3038 4578 ἀπέκαμον
3064 4510 3157 4561 καὶ
3199 4509 3457 4581 ὲσίγησα·
3484 4512 3598 4566 ἀνθ’
3638 4509 3699 4569 οὗ

439 4587 842 4662 Symmachus,
896 4591 1163 4659 Quoniam
1218 4595 1382 4675 silui;
1439 4595 1742 4655 Theodotio
1797 4612 2022 4673 autem,

2136 4591 2156 4644 5
2195 4591 2293 4663 μὲν
2330 4592 2642 4673 Σύμμαχος,
2675 4597 2794 4651 Ὅτι
2825 4600 3201 4670 ἁπεσίγησα·
3235 4602 3262 4654 ὁ
3305 4601 3361 4654 δὲ
3386 4603 3701 4685 Θεοδοτίων,

436 4676 705 4744 Quoniam
736 4677 991 4749 laboravi,
1017 4682 1356 4761 interpretati
1385 4695 1531 4742 sunt.
1565 4686 1673 4744 Pro
1694 4690 1787 4745 illo
1814 4700 2017 4760 autem,

434 4768 561 4824 dum
588 4769 897 4836 clamarem,
929 4770 1290 4843 Symmachus
1311 4819 1326 4844 ,
1352 4775 1492 4831 Dum
1531 4778 1857 4839 lamentarer
1907 4796 2020 4842 tota

435 4860 552 4924 die,
587 4859 776 4917 edidit.
828 4854 1273 4920 Invetcraverunt
1306 4850 1491 4923 autem~
1517 4869 1638 4939 ejus
1683 4887 1808 4929 ossa
1830 4915 1844 4939 ,
1881 4892 2016 4932 cnn-

434 4952 563 5005 trita
609 4953 818 5009 scilicet
862 4969 929 5010 ex
966 4957 1228 5012 continua
1276 4958 1369 5013 illa
1399 4960 1690 5019 afﬂictione
1734 4982 1840 5036 qua
1869 4983 1928 5023 se
1959 4970 2018 5026 in

433 5043 780 5101 confessione
834 5048 1134 5103 maceravit
1166 5069 1179 5104 :
1232 5049 1305 5105 ibi
1336 5066 1573 5123 namque
1605 5056 1751 5112 vires
1780 5059 1975 5115 animus
1995 5103 2012 5130 ,

432 5149 553 5205 qua:
572 5151 698 5194 ossa
725 5137 1001 5205 dicuntur,
1021 5139 1480 5213 defatigabantur.
1502 5144 1684 5213 Quare
1713 5152 2014 5207 secundum

432 5225 684 5296 Aquilam
718 5228 942 5295 dicitur,
972 5230 1237 5298 Quoniam
1264 5236 1522 5303 obmutui,
1545 5243 1776 5295 contrita
1798 5241 2014 5312 fuerunt

432 5333 555 5372 ossa
583 5336 700 5374 mea
742 5320 798 5376 in
835 5324 1010 5394 rugitu
1044 5341 1194 5391 meo;
1238 5329 1551 5384 secundum
1583 5314 1967 5403 Symmachum
1992 5377 2007 5408 ,

432 5411 698 5477 Quoniam
722 5416 869 5479 silui,
902 5418 1323 5473 inveteraverunt
1361 5437 1485 5476 ossa
1525 5438 1644 5477 mea
1675 5466 1687 5490 ,
1737 5425 1865 5480 dum
1895 5428 2011 5482 σία·
2044 5440 2047 5443 ‘

431 5517 630 5556 marem
657 5513 768 5558 tota
795 5504 897 5561 die.
937 5505 1057 5562 Non
1086 5507 1154 5562 ad
1187 5524 1355 5563 unum
1395 5525 1660 5577 mensem,
1687 5509 1783 5577 sed
1832 5517 2012 5572 omni-

434 5588 535 5647 bus
572 5593 764 5649 diebus
793 5609 916 5651 sese
944 5599 1257 5655 macerabat
1285 5616 1349 5655 ac
1374 5601 1723 5674 defatigabat.

506 5766 672 5828 Vens.
706 5773 758 5829 5.
780 5772 1041 5830 Delictum
1064 5794 1234 5832 meum
1264 5781 1530 5850 cognitum
1560 5783 1682 5852 feci,
1709 5796 1760 5839 et
1794 5786 2009 5857 injusti-

434 5865 563 5931 tiam
604 5883 773 5921 meum
804 5883 908 5924 non
947 5868 1216 5927 abscondi.
1260 5871 1421 5931 Dixi:
1467 5874 1769 5945 Conﬁtebor
1817 5877 2003 5935 adver-

2130 4680 2249 4734 Ὅτι
2274 4682 2602 4749 ἐκοπίασα,
2640 4688 3010 4760 ήρμήνευσαν.
3049 4692 3192 4745 ’Δντὶ
3228 4692 3285 4745 δὲ
3323 4694 3415 4747 τοῦ
3447 4695 3564 4749 ἀπὸ
3593 4680 3700 4752 τοῦ

2127 4773 2361 4841 κράζειν
2390 4793 2488 4845 με,
2534 4778 2666 4832 Ἀπὸ
2704 4780 2811 4835 τοῦ
2850 4781 3170 4851 ὀδύρεσθαί
3207 4803 3283 4856 με
3314 4788 3521 4843 πᾶσαν
3554 4790 3700 4859 ήμέ·

2121 4881 2269 4932 ραν,
2310 4866 2606 4923 ἐκδέδωκεν
2651 4873 2679 4925 ὁ
2710 4872 3023 4949 Σύμμαχος.
3053 4862 3401 4959 Ἐπαλαιώθη
3430 4881 3488 4934 δὲ
3534 4882 3700 4936 αὐτοῦ

2125 4958 2193 5011 τά
2219 4958 2349 5013 ὀστᾶ
2391 4962 2783 5035 συντριϐόμενα
2813 4970 2878 5020 ὲκ
2910 4968 3012 5039 τῆς
3047 4969 3247 5041 πολλῆς
3281 4958 3574 5037 κακώσεως
3599 4976 3701 5046 τῆς

2127 5050 2267 5105 κατὰ
2297 5053 2395 5124 τὴν
2427 5054 2809 5127 ἐξομολόγησιν
2840 5060 2989 5131 αὐτῷ
3014 5046 3408 5136 γεγενημένης·
3451 5069 3508 5119 ὲν
3605 5046 3707 5121 καί

2124 5143 2223 5207 τὰς
2253 5143 2509 5215 δυνάμεις
2545 5148 2644 5218 τῆς
2674 5149 2851 5220 ψυχῆς
2895 5150 3059 5204 ὀστέα
3113 5154 3520 5227 ὀνομαζομένας
3566 5177 3699 5217 κατ-

2124 5235 2328 5293 επόνει.
2358 5238 2449 5291 Διὸ
2476 5239 2615 5293 κατὰ
2645 5237 2735 5294 τὸν
2762 5240 2993 5318 Ἀκύλαν
3021 5244 3233 5317 εἴρηται
3250 5262 3264 5276 ·
3295 5246 3413 5300 Ὅτι
3440 5249 3702 5320 ἐκώφευ-

2123 5340 2228 5395 σα,
2260 5332 2569 5399 κατετρίὸη
2601 5333 2674 5386 τὰ
2721 5332 2872 5389 ὀστᾶ
2910 5353 3031 5405 μου
3072 5335 3143 5389 ἐν
3177 5338 3523 5407 βρυχήματί
3544 5358 3666 5409 μου
3681 5358 3705 5396 ο,

2125 5420 2268 5493 κατὰ
2312 5422 2370 5475 δὲ
2416 5421 2507 5476 τὸν
2553 5424 2848 5498 Σύμμαχον
2869 5466 2883 5491 ,
2918 5427 3039 5481 Ὅτι
3080 5429 3508 5498 ἀπεσιώπησα,
3555 5431 3702 5486 ἐπα-

2123 5510 2346 5581 λαιώθη
2382 5514 2455 5568 τὰ
2481 5514 2634 5570 ὀστᾶ
2665 5535 2806 5586 μου,
2847 5519 2966 5573 ἀπὸ
3001 5518 3109 5572 ’τοῦ
3140 5521 3457 5589 ὀδύρεσθαι
3491 5520 3700 5575 πᾶσαν

2126 5604 2372 5674 ἡμέραν.
2401 5608 2533 5661 υύδὲ
2562 5610 2720 5682 μέχρι
2757 5612 2941 5683 μηνὸς,
2979 5613 3117 5668 ἀλλὰ
3150 5613 3328 5677 πάσας
3360 5613 3458 5677 τὰς
3486 5613 3697 5684 ἡμέρας

2124 5697 2453 5769 κατέτρυχεν
2487 5701 2679 5754 ἑαυτὸν
2705 5704 2798 5756 καὶ
2832 5706 3136 5760 κατεπόνει.

2191 5788 2312 5858 Τὴν
2341 5791 2634 5859 ἁμαρτίαν
2666 5811 2786 5863 μου
2809 5793 3117 5864 ὲγνόψισα,
3147 5796 3247 5851 καὶ
3282 5795 3395 5864 τὴν
3431 5796 3687 5866 ἀνομίαν

2107 5900 2223 5955 μου
2254 5884 2364 5937 οὐκ
2388 5883 2684 5953 ἐκάλυψα.
2718 5883 2900 5941 Εἷπα·
2950 5888 3344 5955 Ἐξαγορεύσω
3378 5892 3504 5945 κατ’
3535 5892 3679 5962 ἐμοῦ
