4138 6380
485 345 596 403 277

1608 348 2111 405 COMMENTARIA
2148 348 2215 403 IN
2253 347 2589 406 PSALMOS.

3625 340 3733 400 278

476 465 593 534 τὴν
634 466 890 538 ἀνομίαν
907 486 1028 538 μου
1067 468 1146 536 τῷ
1174 469 1389 538 Κυρίῳ,
1423 470 1521 523 καὶ
1555 470 1636 524 σὺ
1669 470 1909 540 ἀφῆκας
1942 471 2038 539 τὴν

2158 486 2274 524 sum
2302 486 2380 523 me
2418 470 2735 539 iujustitiam
2767 467 3251 532 meamDomino,et
3274 473 3329 520 tu
3350 461 3599 519 remisisti
3628 464 3727 515 im-

474 558 756 613 ἁσέὄειαν
794 558 906 625 τῆς
937 560 1184 629 καρδίας
1218 579 1357 630 μου.
1402 561 1733 631 Διάψαλμα.
1772 562 1953 614 Ἀλλοι
1994 561 2053 614 δὲ

472 653 557 715 οὐ,
582 650 698 720 τὴν
716 651 998 706 ἀσέϐειαν
1020 652 1129 721 τῆς
1158 652 1425 720 καρδίας,
1456 652 1611 716 ἀλλά,
1634 655 1749 721 τὴν
1772 652 2052 707 ἀσέϐειαν

471 744 586 812 τῆς
615 747 903 815 ἁμαρτίας
930 763 1071 815 μου,
1110 745 1371 810 ἐξέθεντο.
1408 746 1550 799 Ἀντὶ
1585 746 1641 799 δὲ
1672 747 1861 800 τούτου
1890 749 2051 820 ἀκρι-

471 835 725 909 σέστερον
750 840 777 890 ὁ
818 838 1111 907 Σύμμαχος
1151 838 1499 907 ὴρμὴνευσεν
1559 836 1760 891 εἰπών·
1813 839 1939 892 Ἵνα
1969 839 2051 892 σὺ

466 927 702 997 ἀφέλῃς
742 928 854 996 τὴν
892 930 1182 997 ἁμαρτίαν
1202 946 1342 997 μου.
1394 929 1531 983 Τάδε
1588 929 1717 1001 γὰρ,
1770 932 1926 999 φησὶ,
1957 932 2050 983 καὶ

465 1020 593 1073 τάδε
620 1020 1031 1093 διεπραξάμην,
1065 1022 1153 1076 ἴνα
1193 1022 1319 1076 τάδε
1361 1040 1451 1093 μοι
1471 1021 1755 1090 γένωνται.
1797 1023 1911 1075 Οὐκ
1949 1022 2049 1093 ἤδη

465 1111 782 1184 τετυχηκὼς
823 1112 924 1181 τῆς
956 1114 1225 1183 ἀφέσεως,
1262 1113 1376 1167 ἀλλ’
1428 1113 1502 1176 ὡς
1547 1112 1725 1166 πάντα
1772 1114 2047 1183 πράττων,

467 1203 553 1257 ἵνα
584 1204 754 1273 αὐτῆς
783 1204 955 1277 τύχῃ,
990 1204 1139 1257 ταῦτ’
1180 1205 1331 1274 ἔλεγε
1388 1204 1528 1258 κατά
1571 1206 1663 1258 τὸν
1714 1204 2007 1275 Σύμμαχον
2033 1245 2047 1258 .

466 1297 579 1348 Καὶ
618 1295 809 1366 ἔχεταί
832 1316 894 1366 γε
947 1297 1170 1369 λόγουὴ
1223 1297 1444 1369 τοιαύτη
1496 1298 1787 1368 ἑρμηνείαν
1838 1300 1884 1350 εί
1942 1297 2050 1368 γὰρ

464 1386 687 1459 ἐτέρους
734 1389 1099 1460 ἐμακάριζεν,
1129 1386 1203 1446 ὧν
1241 1389 1521 1460 ἀφέθησαν
1576 1390 1636 1443 αί
1693 1389 1943 1459 ἀνομίαι,
1975 1389 2050 1453 ὡς

467 1480 695 1549 μηδέπω
714 1482 873 1544 αὐτὸς
901 1480 1217 1552 τετυχηκὼς
1238 1482 1336 1551 τῆς
1365 1481 1632 1550 ἀφέσεως,
1668 1481 1784 1544 πῶς
1818 1479 2051 1534 ἐνταῦθα

463 1572 687 1626 ἐδύνατο
712 1573 885 1642 λέγειν
913 1593 923 1604 ·
958 1575 1067 1628 Καὶ
1098 1574 1180 1627 σὺ
1213 1573 1455 1643 ἀφῆκας
1487 1574 1603 1642 τὴν
1630 1574 1908 1628 ἀσέϐειαν
1939 1574 2048 1641 τῆς

462 1663 751 1733 ἁμαρτίας
784 1681 937 1735 you;
971 1665 1172 1734 Διόπερ
1208 1665 1349 1719 κατὰ
1379 1664 1469 1718 τὸν
1505 1664 1796 1737 Σύμμαχον
1832 1666 2049 1737 ἀκριϐέ-

464 1773 651 1828 στερον
677 1759 923 1829 εἰρῆσθαί
950 1778 1096 1831 φημι
1123 1762 1205 1827 τὸ,
1240 1762 1367 1816 Ἵνα
1392 1761 1472 1815 σὺ
1507 1760 1739 1830 ἀφέλῃς
1768 1759 1879 1827 τὴν
1907 1760 2047 1813 ἀσέα

462 1846 630 1900 ϐειαν
654 1845 761 1915 τῆς
799 1850 1087 1919 ἁμαρτίας
1116 1867 1255 1921 μου.

547 1937 712 2007 Ὑπὲρ
760 1942 979 2009 ταύτης
1015 1942 1416 2010 προσεύξεταί
1458 1959 1557 1996 σοι
1598 1942 1716 2011 πᾶς
1763 1944 1930 2010 ὅσιος
1974 1945 2046 1998 ἐν

458 2031 646 2100 καιρῷ
696 2032 937 2102 εὐθέτῳ.
992 2036 1167 2104 Πλὴν
1220 2037 1290 2089 ὲν
1337 2036 1743 2106 κατακλυσμῷ
1809 2036 2047 2091 ὑδάτων

454 2124 705 2180 πολλῶν
737 2128 886 2195 πρὸς
915 2128 1101 2183 αὐτὸν
1129 2131 1241 2183 οὐκ
1285 2130 1573 2199 (immoriar.
1608 2129 1706 2183 Διά
1738 2130 1894 2185 τοῦτο
1935 2132 2045 2194 πᾶς

456 2218 601 2281 ὅσιος
636 2219 940 2290 ὑπόδειγμα
971 2221 1150 2275 λαϐὼν
1184 2224 1248 2275 ἐκ
1279 2222 1387 2277 τῶν
1421 2225 1542 2277 κατ’
1572 2224 1673 2294 ἐμὲ
1718 2225 2043 2297 πεπραγμέ-

456 2326 561 2364 νων
590 2310 977 2382 προθυμότατα
1011 2313 1101 2365 na".
1135 2313 1416 2385 εὐθαρσῶς
1437 2315 1837 2383 προσεύξεταί
1855 2332 1975 2376 σοι,
1993 2317 2051 2371 εἴ

457 2417 585 2453 ποτε
617 2402 807 2471 καιρὸς
849 2403 1009 2456 αὑτὸν
1040 2403 1176 2475 καλῇ
1210 2405 1303 2456 ἐπὶ
1341 2404 1440 2476 τὴν
1483 2406 1677 2476 ὁμοίαν
1715 2408 1839 2478 ἐμοὶ
1871 2426 2041 2478 προσ-

454 2490 621 2564 ευχὴν
651 2493 846 2550 ἐλθεῖν.
877 2496 1325 2567 Προσευξαμένου
1350 2498 1404 2550 δέ
1432 2498 1598 2552 αὐτοῦ
1638 2500 1775 2554 κατά
1805 2502 1867 2554 τὸ
1908 2502 2042 2555 ὑπό-

454 2585 655 2655 δειγμα
689 2588 748 2640 τὸ
780 2589 933 2658 ἐμὸν,
961 2584 1056 2642 καὶ
1099 2590 1263 2644 αὐτοῦ
1300 2591 1646 2665 ἐπακούσεις,
1688 2594 1943 2666 παρέξεις
1980 2612 2041 2649 τε

458 2678 607 2750 αὐτῷ
638 2680 733 2751 τὴν
780 2682 932 2754 παρά
974 2683 1068 2736 σοῦ
1108 2685 1377 2757 σωτηρίαν
1402 2724 1418 2749 ,
1471 2686 1611 2741 ὥστε
1672 2688 1836 2759 μηδὲν
1878 2688 2041 2741 αὐτὸν

462 2769 865 2840 βλαϐῆναι,κάν
901 2775 1069 2844 μυρία
1097 2776 1501 2842 κατακλύζοντα
1535 2778 1702 2832 ὕδατα
1728 2782 1849 2833 κατ’
1874 2779 2038 2834 αὐτοῦ
2079 2822 2085 2824 ν

464 2861 722 2934 φέρηται.
759 2864 843 2928 Ὠς
872 2864 979 2937 γὰρ
1005 2867 1097 2919 ἐπὶ
1127 2867 1333 2938 πέτραν
1364 2870 1723 2941 οἰκοδομήσας
1751 2871 1914 2924 αὑτοῦ
1942 2873 2045 2944 τὴν

458 2955 674 3020 οίκίαν,
731 2958 825 3009 καὶ
857 2958 951 3011 ἐπὶ
1002 2958 1061 3010 σὲ
1110 2960 1201 3012 τὸν
1240 2959 1411 3031 μέγαν
1466 2962 1693 3033 Σωτῆρα
1728 2964 2041 3033 ἀναρτήσας

456 3049 650 3102 ἐαυτοῦ
680 3048 779 3113 τὰς
806 3050 1049 3114 ἐλπίδας,
1086 3051 1335 3116 ἄπτωτος
1374 3054 1467 3105 καὶ
1506 3055 1718 3125 ἑδραῖος
1740 3057 1922 3125 μενεῖ·
1950 3054 2039 3108 διὰ

398 3168 401 3169 ν
453 3140 563 3211 γὰρ
588 3140 686 3211 τὴν
740 3142 839 3212 σὴν
892 3142 1140 3215 φυλακὴν
1173 3144 1293 3197 ούδέ
1343 3146 1640 3215 πλησιάσαι
1694 3146 1877 3217 αὐτῷ,
1915 3146 2037 3200 ούδέ

2152 562 2398 630 pietatem
2437 560 2608 614 cordis
2641 561 2762 616 mei.
2807 558 3143 629 Diapsalma.
3175 557 3302 618 Alii,
3335 571 3441 610 non
3477 554 3720 622 impieta-

2154 662 2253 705 tem
2276 652 2476 715 cordis,
2503 650 2597 707 sed
2616 651 2930 718 impietatem
2966 648 3163 717 peccati
3196 646 3297 700 mei
3335 650 3733 713 exposuerunt.-

2154 744 2258 799 Pro
2277 760 2383 815 quo
2401 744 2709 799 accuratius
2728 740 3087 812 Symmachus
3114 740 3505 806 interpretatus
3534 741 3620 788 est
3640 731 3745 787 his.

2152 837 2431 903 verbis,Ut
2452 847 2507 889 tu
2528 836 2761 905 auferres
2787 841 3055 902 peccatum
3072 847 3263 885 meum.
3284 827 3428 891 Haec,
3453 826 3649 897 inquit,
3670 834 3737 880 et.

2152 932 2267 986 haec
2291 931 2414 993 feci,
2436 941 2491 983 ut
2514 930 2626 983 haec
2652 928 2782 981 mihi
2806 926 3145 982 obvenirent.
3174 921 3293 977 Non
3322 920 3465 976 enim
3494 918 3605 988 jam
3623 916 3733 971 mis

2152 1022 2509 1078 sericordiam
2540 1027 2868 1075 consecutus
2889 1059 2903 1082 ,
2948 1016 3229 1073 sedivelut
3261 1012 3440 1068 omnia
3472 1024 3639 1080 agens
3666 1015 3745 1062 ut-

2150 1121 2595 1184 consequeretur,
2620 1114 2735 1167 haec
2762 1111 2975 1167 dicebat
2993 1111 3288 1166 secundum
3317 1105 3726 1179 Symmachum.

2153 1205 2216 1259 Et
2245 1222 2376 1261 sane
2405 1204 2713 1275 huiusmodi
2746 1204 3121 1273 interpretatio
3149 1207 3292 1255 recte
3316 1200 3570 1255 cohaeret.
3590 1196 3723 1251 Nam

2150 1298 2194 1352 si
2220 1299 2379 1361 alios,
2412 1309 2471 1351 ut
2498 1297 2719 1351 veniam
2747 1295 3049 1366 iniquitatis
3081 1300 3438 1357 consecutos,
3490 1291 3563 1344 ita
3593 1288 3722 1343 ben.

2151 1399 2235 1445 tos
2266 1390 2631 1460 praedicasset,
2664 1390 2819 1459 quasi
2852 1388 2967 1456 ipse
2990 1386 3231 1441 nondum
3262 1389 3590 1439 consecutus
3635 1394 3720 1435 es-

2149 1492 2250 1543 set,
2288 1482 2563 1553 quomodo
2596 1483 2683 1536 hic
2713 1482 2897 1535 dicere
2926 1480 3099 1548 potuit
3127 1476 3228 1531 :Et
3260 1486 3314 1531 tu
3345 1475 3595 1531 remisisti
3622 1474 3723 1527 im-

2146 1573 2395 1639 pietatem.
2444 1572 2643 1639 peccati
2690 1572 2833 1626 mei?
2889 1568 3070 1634 Quare
3117 1567 3428 1623 accuratius
3484 1564 3729 1635 Symma-

2150 1665 2312 1717 chum
2345 1665 2572 1719 vertisse
2605 1663 2730 1717 dico
2784 1663 2890 1717 ltoc
2919 1671 3115 1735 pacto:
3154 1661 3221 1713 Ut
3272 1669 3326 1712 tu
3357 1657 3591 1727 auferres
3631 1657 3730 1707 im-

2146 1755 2391 1822 pietatem
2422 1753 2620 1823 peccati
2650 1753 2772 1807 mei.

2225 1926 2390 1981 Vens.
2433 1925 2485 1980 6.
2531 1925 2636 1980 Pro
2661 1925 2758 1979 hac
2811 1925 2981 1979 orabit
3033 1923 3102 1977 ad
3128 1932 3175 1978 te
3215 1923 3383 1976 omnis
3412 1929 3627 1975 sanctus
3666 1919 3731 1977 in.

2149 2030 2377 2089 tempore
2406 2030 2717 2089 opportuno.
2760 2019 3133 2075 Verumtamen
3164 2019 3219 2071 in
3241 2017 3437 2070 diluvio
3464 2029 3729 2084 aquarum»

2149 2116 2439 2170 multarum
2473 2115 2541 2168 ad
2576 2132 2692 2168 eum
2746 2130 2850 2167 non
2878 2110 3338 2181 approximabunt.
3382 2106 3728 2176 Quapropter.

2146 2207 2323 2264 omnis
2352 2215 2598 2271 sanctus,
2641 2214 2862 2275 sumpto
2900 2220 2968 2259 ex
3018 2203 3088 2257 iis
3125 2216 3245 2272 qua:
3287 2213 3415 2269 erga
3442 2212 3530 2252 me
3567 2203 3726 2267 gestit.

2146 2306 2273 2355 sunt
2302 2299 2571 2367 exemplo,
2611 2296 2864 2350 alacriter
2892 2310 2956 2348 ac
2987 2292 3213 2347 ﬁdenter
3246 2290 3313 2343 ad
3343 2299 3395 2345 te
3422 2286 3629 2349 orabit;
3671 2286 3720 2344 si

2144 2391 2362 2462 quando
2396 2390 2573 2459 ipsum
2606 2389 2671 2442 ad
2706 2388 2936 2443 similem
2986 2400 3137 2440 mea)-
3151 2383 3457 2437 orationem
3503 2386 3716 2448 tempus

2144 2486 2404 2543 evocarit.
2471 2483 2568 2538 lllo
2610 2490 2789 2537 autem
2839 2482 2905 2537 ad
2955 2480 3061 2535 mei
3119 2478 3424 2548 exemplum
3485 2481 3675 2530 orante
3696 2506 3731 2535 ι

2147 2579 2323 2649 ipsum
2347 2593 2564 2649 quoque
2592 2586 2648 2631 tu
2676 2576 2958 2638 exaudies,
2980 2575 3210 2629 salutem
3243 2571 3387 2624 illam
3415 2584 3534 2639 quae
3566 2582 3629 2622 ex
3662 2571 3718 2616 te

2144 2671 2394 2742 procedit
2434 2672 2510 2725 illi
2560 2670 2858 2739 imperties,
2885 2668 2961 2721 ita
3003 2665 3230 2720 utrnihil
3265 2664 3503 2733 patiatur
3545 2660 3711 2714 detri-

2146 2765 2333 2828 menti,
2369 2763 2583 2819 etiamsi
2618 2762 2841 2816 inﬁnitae
2872 2764 3219 2827 erumpentes
3255 2753 3495 2824 aqumin
3538 2750 3716 2821 ipsum

2144 2856 2408 2912 ferantur.
2444 2854 2580 2907 Nam
2604 2869 2728 2907 cum
2762 2852 2909 2907 velut
2938 2850 2992 2904 in
3028 2857 3181 2921 petra
3210 2848 3431 2902 domum
3460 2842 3713 2898 fundave-

2143 2949 2215 3002 rit
2249 2963 2402 3003 suam
2426 2988 2441 3012 ,
2478 2961 2737 3018 Spemque
2780 2959 2937 2998 suam
2992 2942 3045 2997 in
3091 2950 3153 3011 te
3190 2953 3388 3009 magno
3438 2936 3727 2991 Salvatore

2143 3038 2467 3109 reposuerit,
2501 3040 2655 3107 lapsu
2694 3049 2902 3090 vacuus
2938 3042 2991 3089 et
3023 3032 3214 3087 ﬁrmus
3252 3029 3554 3085 consistet:
3591 3040 3729 3095 nam,

2144 3134 2221 3186 tui
2248 3132 2497 3187 custodia
2554 3130 2726 3193 fulto,
2789 3145 2857 3183 ne
2908 3126 3342 3197 appropinquare
3372 3121 3590 3193 quidem
3626 3124 3717 3179 aut

455 3194 917 3302 emg'yeveéeai
951 3194 1258 3305 δυνήσεται.
1308 3194 1654 3307 magis;
1696 3194 1890 3307 ᾆὲὲἓῆἱι
1920 3194 2037 3289 ἐξὲξ

2140 3222 2293 3291 juxta
2349 3220 2611 3277 accedere
2671 3194 2960 3290 poterunt:
2980 3194 3173 3283 Quam
3230 3215 3359 3269 item
3392 3210 3723 3273 sententiam

454 3328 669 3397 νοιανή
714 3324 807 3379 τοῦ⁹
860 3328 1156 3399 Συμμάχου
1207 3327 1551 3398 παρέστησεν
1596 3328 1895 3399 ἑρμηνεία,
1932 3328 2037 3400 φή-

457 3434 630 3470 σασαο
661 3418 803 3487 Περὶ
840 3410 1057 3487 τούτου
1096 3419 1496 3488 προσεύξεται
1529 3419 1649 3485 πᾶς
1696 3420 1884 3486 ὅσιος,
1918 3420 2039 3474 ἀντὶ

451 3506 568 3571 τοῦ,
600 3506 699 3560 Διά
748 3506 908 3561 τοῦτο
958 3509 1319 3581 προσεύξεται
1351 3512 1459 3575 πᾶς
1510 3511 1653 3573 ὅσιός
1705 3528 1785 3564 σοι
1848 3511 2039 3581 καιρὸν

455 3598 652 3673 εὑρὼν,
681 3600 824 3653 ὥστε
875 3602 1234 3666 ἐπικλύζοντα
1278 3604 1443 3657 ὕδατα
1477 3604 1645 3657 πολλὰ
1690 3604 1827 3677 πρὸς
1876 3605 2037 3658 αὐτὸν

456 3689 532 3762 μὴ
560 3691 793 3759 ἐγγίσαι.
830 3692 956 3745 Ἐὰν
994 3693 1051 3746 δὲ
1092 3693 1231 3746 κατά
1264 3696 1392 3758 τοὺς
1436 3695 1838 3767 Ἑϐδομήκοντα
1876 3695 2037 3765 λέγη-

450 3800 542 3839 ται
562 3801 574 3814 ’
616 3784 785 3851 ’Υπὲρ
812 3787 1033 3852 ταύτης
1064 3787 1459 3853 προσεύξεται
1502 3787 1622 3853 πᾶς
1656 3788 1842 3853 ὅσιος,
1874 3787 2025 3857 ἐροῦ·

455 3893 575 3947 μεν,
603 3879 705 3941 ὅτι,
734 3877 885 3946 ὑπὲρ
915 3879 1159 3946 ταύτης,
1177 3879 1375 3950 δηλαδὴ
1396 3879 1496 3948 τῆς
1522 3880 1767 3947 ἀφέσεως
1786 3883 1883 3951 τῆς
1912 3881 2034 3949 ἐμοὶ

450 3968 770 4038 γενομένης.
824 3968 924 4020 Διά
973 3969 1082 4039 γὰρ
1116 3969 1206 4021 τὸν
1242 3970 1334 4022 σὸν
1374 3969 1523 4023 ἕλεον
1557 3971 1650 4023 καὶ
1682 3970 1780 4040 τὴν
1823 3973 1901 4033 είς
1931 3970 2037 4041 ἐμὲ

449 4052 748 4128 γενομένην
800 4057 1210 4130 φιλανθρωπίαν
1249 4061 1357 4122 πᾶς
1406 4060 1550 4123 ὅσιος
1599 4059 1819 4124 εΰελπις
1857 4060 2029 4127 ἔσται,

449 4150 557 4202 τῶν
582 4149 782 4220 ὁμοίων
821 4150 969 4220 παρὰ
1003 4151 1097 4203 σοῦ
1132 4156 1345 4221 τυχεῖνο
1386 4154 1439 4205 et
1460 4170 1589 4205 ποτε
1615 4152 1764 4223 αὐτῷ
1799 4154 2030 4222 γένοιτο,

446 4240 525 4304 ὡς
558 4239 829 4311 ἀνθρώπῳ
860 4241 1041 4312 σάρκα
1073 4242 1462 4313 περικειμένῳ,
1493 4242 1780 4296 τοιοῦτό-τι
1810 4243 2033 4315 σφάλμα

448 4333 543 4386 καὶ
575 4334 761 4405 καιρὸς
786 4333 1039 4403 δεόμενος
1066 4333 1258 4404 ὁμοίας
1296 4333 1420 4403 ἐμοὶ
1462 4333 1902 4406 ἐξομολογήσεως
1936 4341 2031 4392 καὶ

448 4442 776 4497 προσευχης.

2142 3313 2454 3385 Symmachi
2505 3314 2880 3384 interpretatio
2929 3309 3194 3369 declarat,
3226 3321 3348 3378 quae
3406 3305 3485 3359 sic
3517 3303 3721 3367 habet,

2140 3408 2218 3461 De
2241 3407 2340 3461 hac
2371 3424 2427 3461 re
2452 3407 2631 3461 orabit
2664 3405 2834 3458 omnis
2863 3411 3078 3457 sanctus
3098 3440 3113 3464 ,
3157 3399 3304 3454 illius
3328 3398 3468 3461 loco,
3492 3397 3721 3465 Propter.

2138 3501 2265 3565 hoc,
2331 3501 2395 3555 ad
2451 3508 2505 3555 te
2543 3499 2720 3554 orabit
2765 3495 2943 3550 omnis
3000 3500 3244 3557 sanctus,
3274 3506 3398 3545 cum
3450 3489 3719 3544 invenerit

2139 3604 2385 3662 tempus,
2420 3592 2494 3645 ita
2553 3598 2612 3643 ut
2656 3588 2996 3643 exundantes
3033 3599 3186 3654 aqua;
3235 3582 3418 3635 multm
3474 3579 3541 3634 ad
3592 3595 3721 3641 eum

2138 3702 2247 3740 non
2278 3684 2558 3739 accedant.
2602 3680 2756 3747 Quod
2798 3680 2843 3733 si
2874 3677 3170 3733 secundum
3206 3672 3348 3730 LXX
3382 3672 3725 3741 Interpretes

2137 3778 2383 3841 dicatur,
2418 3775 2656 3845 Probae
2686 3773 2854 3837 orabit
2887 3772 3056 3826 omnis
3089 3777 3303 3823 sanctus
3326 3806 3341 3829 ,
3381 3779 3479 3819 nos
3513 3763 3592 3817 sic
3619 3777 3717 3815 ex—

2136 3870 2479 3941 plicabimus,
2508 3884 2602 3937 pro
2627 3865 2746 3940 hac,
2772 3863 3023 3919 videlicet
3039 3859 3363 3915 remissione
3386 3855 3518 3909 mihi
3546 3853 3715 3907 facta.

2136 3962 2269 4017 Nam
2304 3971 2529 4032 propter
2578 3956 3013 4011 misericordiam
3044 3960 3213 4033 tuam
3236 3989 3251 4013 ,
3283 3955 3339 4004 et
3388 3954 3541 3999 tuum
3586 3958 3719 4012 erga

2134 4057 2383 4112 homines
2421 4069 2660 4110 amorem
2681 4051 2811 4106 mihi
2842 4047 3168 4107 exhibitum,
3201 4040 3380 4096 omnis
3408 4044 3633 4094 sanctus
3655 4037 3719 4105 in

2135 4163 2287 4219 spem
2330 4147 2513 4202 veniet
2557 4162 2616 4202 se
2664 4142 2864 4200 similia
2911 4140 3007 4194 abs
3051 4145 3113 4213 te
3154 4138 3611 4200 consecuturum,
3665 4127 3714 4191 si

2133 4238 2351 4310 quando
2391 4239 2518 4303 sibi,
2554 4244 2742 4306 utpote
2777 4231 2984 4289 homini
3011 4243 3175 4310 carne
3207 4225 3418 4293 induto,
3452 4221 3714 4276 delictum

2133 4308 2296 4402 atque
2322 4338 2540 4402 tempus
2566 4329 2747 4387 simile
2785 4308 3111 4402 contingat,
3137 4334 3246 4392 quo
3269 4317 3463 4383 itidem
3498 4312 3714 4369 confes-

2133 4424 2287 4479 sione
2313 4430 2368 4476 et
2402 4400 2649 4476 oratione
2680 4434 2818 4489 opus
2856 4400 3077 4470 habeat.

517 4514 773 4571 Συνετιῶ
825 4532 899 4569 σε
946 4514 1046 4568 καὶ
1085 4514 1350 4584 συμϐιϐῶ
1392 4529 1465 4569 σε
1492 4514 1562 4569 ἐν
1607 4514 1723 4581 ὀδῷ
1760 4516 1944 4585 ταύτῃ
1985 4510 2026 4588 ᾗ

2204 4515 2371 4570 Vens.
2425 4515 2477 4569 8.
2523 4513 2859 4567 Intellectum
2893 4509 2985 4562 tibi
3017 4505 3153 4560 dabo
3186 4512 3237 4558 et
3269 4504 3533 4555 instruam
3578 4506 3625 4549 te
3655 4496 3710 4548 in

449 4610 714 4678 τορεύσῃ
734 4625 749 4639 ο
772 4610 1093 4677 ἑπιστηριῶ
1115 4610 1213 4661 ἐπὶ
1248 4610 1322 4663 σὲ
1350 4609 1493 4676 τοὺς
1520 4610 1862 4678 ὀφθαλμούς
1884 4628 2022 4679 μου.

454 4701 519 4755 Γὸ
547 4701 837 4771 λεγόμενον
884 4701 973 4755 διὰ
1018 4700 1111 4754 τοῦ
1166 4704 1477 4774 προφήτου“
1523 4704 1645 4755 Ἔτι
1688 4702 2026 4769 λαλοῦντός

444 4806 584 4857 σου,
621 4790 759 4859 ἐρῶ·
799 4791 944 4845 Ἰδοὺ
974 4792 1231 4859 πάρειμι,
1270 4794 1365 4846 καὶ
1399 4793 1492 4845 ἐπὶ
1513 4791 1608 4844 τοῦ
1658 4793 1821 4846 Δαυῖδ
1854 4792 2026 4865 ἐπλη-

447 4883 623 4955 ροῦτο.
650 4884 794 4937 Διότι
824 4884 1120 4955 εὐχομένου
1148 4886 1241 4939 καὶ
1263 4885 1361 4954 τὴν
1379 4885 1563 4957 δέησιν
1586 4886 2019 4957 ἀναπέμποντος,

446 4979 503 5031 τὸ
522 4978 747 5048 Πνεῦμα
773 4977 836 5029 τὸ
862 4977 1001 5031 θεῖον
1030 4980 1375 5051 ἀποκρίσεως
1426 4979 1585 5032 αὐτὸν
1615 4980 1775 5045 ἀξιοῖ,
1801 4978 2021 5051 θαρσεῖν

445 5069 594 5141 αὑτῷ
634 5071 1163 5142 παρακελευόμενον.
1199 5071 1342 5141 Ἐγὼ
1360 5074 1477 5143 ,γάρ
1508 5087 1602 5136 σε,
1649 5073 1833 5143 φησὶν,
1870 5088 2022 5126 συν-

445 5162 578 5217 ετιῶ
615 5164 717 5217 καὶ
761 5164 1026 5234 συμϐιΕῶ
1069 5182 1170 5219 σε·
1220 5164 1336 5220 ἀνθ’
1371 5161 1431 5219 οὗ
1472 5168 1499 5218 ὁ
1542 5166 1772 5230 Ἀκύλας
1820 5167 2015 5236 φησίν*

454 5254 878 5324 Ἐπιστημώσω
908 5272 981 5309 σε
1009 5258 1107 5312 καὶ
1146 5259 1383 5326 φωτίσω
1423 5275 1495 5312 σε
1526 5260 1596 5311 ἐν
1627 5258 1742 5323 (ῖδῴ
1772 5260 1954 5327 ταύτῃ

446 5348 711 5415 πορεύσῃ
733 5364 747 5377 ·
782 5349 810 5398 ὁ
837 5348 892 5400 δὲ
919 5349 1210 5417 Σύμμαχος
1233 5366 1245 5377 ·
1288 5352 1593 5403 Συνετίσω
1628 5366 1700 5402 σε
1741 5350 1836 5402 καὶ
1870 5352 2019 5403 ὑπο-

445 5434 615 5499 δείξω
658 5454 756 5490 σοι
802 5438 947 5491 ὁδὸν
990 5437 1070 5505 ἣν
1095 5439 1383 5505 όδεύσεις.
1438 5439 1862 5508 Ἐπαγγέλλεται
1913 5439 2018 5511 γὰρ

446 5528 607 5593 ἱεῖξαι
638 5529 785 5599 αὑτῷ
811 5530 902 5582 τὸν
932 5532 1151 5583 εἰπόντα
1170 5548 1182 5559 ·
1225 5530 1365 5600 Ἐγώ
1406 5533 1521 5599 ειμι
1550 5533 1587 5599 ἠ
1618 5532 1777 5597 ὁδός.
1812 5527 1923 5584 Ἦν
1961 5532 2018 5584 δὲ

447 5614 594 5685 sine;
624 5624 652 5674 ὁ
684 5621 778 5673 τοῦ
820 5621 953 5675 Θεοῦ
1000 5622 1189 5691 Λόγος,
1218 5623 1245 5677 ὁ
1274 5624 1398 5686 τοὺς
1437 5622 1718 5688 ὁδεύοντας
1745 5624 1891 5693 ἄγων
1926 5624 2017 5676 ἐπὶ

548 5800 591 5832 ⁸⁷
634 5802 736 5850 lsa.
775 5815 928 5865 ινιιι,
961 5798 1012 5855 9.
1113 5802 1156 5835 ⁸⁸
1194 5803 1350 5854 Joan.
1390 5820 1497 5869 xw,
1547 5804 1595 5859 6..

2133 4609 2213 4662 via
2249 4607 2347 4661 hac
2380 4624 2489 4677 qua.
2505 4606 2797 4677 gradieris:
2826 4600 3050 4673 ﬁrmabo
3081 4614 3235 4668 super
3260 4607 3307 4649 te
3337 4594 3516 4648 oculos
3545 4606 3708 4643 meos.

2130 4700 2284 4767 Quod
2317 4702 2397 4756 sic
2428 4716 2459 4754 a
2489 4700 2751 4770 propheta
2783 4698 2990 4752 dictum
3013 4704 3130 4757 est,
3167 4689 3353 4744 Adhuc
3389 4697 3435 4740 te
3473 4686 3711 4753 loquente

2128 4794 2302 4848 dicam
2328 4811 2347 4848 :
2379 4794 2512 4848 Ecce
2541 4793 2731 4847 adsum
2760 4792 2805 4823 ⁸⁷
2826 4830 2841 4855 ,
2890 4794 2950 4852 ιη,
2974 4786 3176 4842 Davide
3207 4781 3550 4853 implebatur.
3588 4775 3711 4846 lpsq

2127 4902 2362 4957 namque
2392 4894 2581 4942 orante
2616 4900 2679 4938 ac
2704 4880 3155 4952 supplicationem
3184 4875 3482 4936 emittente,
3532 4867 3705 4937 Spirif

2124 4982 2214 5035 tus
2244 4980 2466 5033 divinus
2497 4976 2598 5046 ipsi
2627 4972 2958 5043 respondere
2999 4969 3276 5038 dignatus,
3314 4963 3449 5015 bene
3483 4970 3704 5025 sperare

2123 5073 2300 5144 jubet.
2327 5069 2437 5139 Ego
2465 5067 2633 5129 enim,
2666 5063 2874 5134 inquit,
2899 5058 3219 5114 intellectum
3246 5051 3339 5106 tibi
3375 5048 3510 5102 dabo
3541 5055 3589 5099 et
3628 5046 3708 5099 im

2130 5140 2332 5220 struant
2377 5170 2443 5214 te.
2478 5158 2584 5212 Pro
2610 5172 2719 5227 quo
2750 5152 2976 5223 Aquila,
3030 5148 3305 5213 Scientem
3344 5151 3391 5194 te
3423 5140 3620 5209 faciam
3651 5145 3703 5189 et

2129 5253 2438 5310 illuminabo
2471 5262 2518 5305 te
2555 5251 2610 5303 in
2635 5250 2718 5302 via
2757 5248 2855 5299 hac
2880 5261 2983 5311 qua
3017 5238 3309 5313 gradieris;
3339 5230 3707 5306 Symmachus

2128 5365 2277 5411 vero,
2304 5346 2617 5400 Prudentem
2642 5352 2687 5395 te
2718 5340 2913 5410 faciam
2936 5347 2985 5391 et
3015 5331 3286 5387 ostendam
3309 5328 3404 5381 tibi
3430 5326 3565 5381 viam
3598 5338 3708 5392 qua

2130 5436 2363 5492 incedas.
2417 5435 2712 5489 Pollieetur
2769 5431 2912 5485 enim
2961 5420 3374 5481 monstrandam
3423 5415 3527 5485 ipsi
3578 5430 3702 5469 esse

2128 5534 2268 5587 viam
2301 5530 2367 5585 ab
2391 5544 2455 5583 eo
2486 5528 2578 5599 qui
2604 5525 2760 5587 dixit,
2781 5522 2885 5593 Ege
2908 5536 3024 5574 sum
3046 5518 3128 5572 via
3152 5515 3217 5569 ⁸⁸.
3242 5512 3343 5566 Hie
3364 5518 3544 5563 autem
3584 5514 3702 5572 erat.

2132 5623 2229 5693 Dei
2256 5620 2516 5687 Verbum,
2550 5619 2691 5690 quod
2720 5618 2820 5673 iter
2843 5620 3065 5689 agentes
3095 5609 3160 5665 ad
3192 5618 3275 5662 lcr
3308 5604 3516 5659 felicem
3538 5599 3708 5672 ﬂnerq
