4094 6378
400 347 504 407 I79

1060 347 1329 405 EUSEBII
1364 350 1843 409 CIESARIENSIS
1881 354 2033 412 OPP.
2072 356 2252 412 PARS
2284 357 2376 414 Ill.
2420 387 2485 399 -—
2521 358 2931 441 EXEGETiCA.

3543 366 3650 431 280

398 470 514 523 sive
547 462 616 520 ad
648 462 863 519 Patrem
909 462 1152 519 deducit.
1207 463 1356 521 Loco
1402 474 1580 521 autem
1624 469 1801 537 illius,
1848 468 1967 524 Fir-

2074 472 2226 537 τέλος
2255 474 2315 527 τὸ
2334 475 2752 547 τρισμακάριον,
2785 476 2877 531 τὸν
2922 476 3115 531 ἑαυτοῦ
3144 477 3381 551 Πατέρα,
3421 480 3567 535 “Av-tl.
3591 484 3651 543 δὲ

399 557 552 611 malta
582 573 737 627 super
767 566 812 610 te
840 556 1019 610 oculos
1042 573 1202 621 meos,
1230 556 1594 629 Symmachus
1618 561 1799 629 habet,
1832 561 1971 618 Con-

397 648 604 705 sultabo
627 650 690 702 de
720 660 768 703 te
790 648 939 703 oculo
973 666 1107 705 meo.
1134 648 1273 717 Quia
1304 653 1449 706 enim
1480 654 1619 708 oculi
1646 653 1857 710 Domini
1883 673 1975 711 su-

390 760 483 810 per
518 742 717 811 justas,
754 751 805 796 et
831 759 985 797 aures
1018 747 1132 812 ejus
1176 743 1245 797 ad
1277 760 1453 813 preces
1520 764 1700 802 eorum
1725 750 1809 817 ⁹⁹;
1854 766 1971 807 me-

312 888 315 891 γ
396 838 501 891 rito
540 851 664 892 eum
715 836 807 907 qui
853 836 982 892 talia
1038 844 1291 908 precatus
1345 846 1469 903 est,
1522 840 1686 896 oculo
1718 842 1974 912 dignatur

397 943 528 994 suo,
582 935 644 984 ut
673 928 843 985 radiis
883 928 990 985 illis
1037 944 1103 982 ex
1147 930 1334 984 divino
1364 931 1525 985 oculo
1574 932 1791 989 emissis
1843 936 1972 995 illus
2016 926 2028 937 ’

397 1025 597 1073 stratus
624 1027 838 1081 mente,
868 1015 1010 1071 viam
1054 1026 1243 1071 cernat
1276 1019 1377 1073 sibi
1411 1021 1757 1090 promissam.
1793 1022 1971 1090 Quare

396 1109 538 1166 oculi
572 1109 787 1164 Domini
821 1100 929 1164 non
962 1126 1126 1180 super
1153 1126 1343 1167 omnes
1368 1152 1383 1176 ,
1444 1112 1538 1167 sed
1592 1130 1747 1183 super
1792 1116 1968 1185 justas

2073 566 2187 630 τοῦ,
2239 567 2588 637 Ἐπιστηριῶ
2634 569 2733 622 ἐπὶ
2775 569 2849 623 σὲ
2894 570 3037 638 τοὺς
3103 572 3449 642 ὀφθαλμούς
3507 592 3648 644 μου,

2073 660 2101 713 ὁ
2141 660 2468 732 Σύμμαχος,
2512 664 2960 733 Βουλεύσομαι,
3014 665 3178 735 φησὶ,
3229 665 3359 732 περὶ
3404 662 3522 719 σοῦ
3570 664 3652 732 τῷ

2074 752 2360 822 ὀφθαλμῷ
2387 771 2528 822 μου.
2567 754 2785 827 Ἐπειδὴ
2829 755 2936 827 γὰρ
2969 756 3260 826 ὀφθαλμοὶ
3298 758 3519 827 Κυρίου
3552 759 3650 815 ἐπι

2075 843 2369 911 δικαίους,
2400 846 2498 900 καὶ
2526 842 2646 901 ὦτα
2674 848 2858 903 αὑτοῦ
2892 851 2979 915 είς
3009 848 3220 916 δέησιν
3239 848 3436 905 αὐτῶν
3459 869 3472 883 ·
3510 851 3651 905 εἰκό-

2076 956 2183 1001 τως
2208 938 2298 991 τὸν
2331 938 2566 994 τοσαῦτα
2589 941 2860 1012 ηὑγμένον
2891 939 3135 1002 καταειοῖ
3154 942 3248 996 τοῦ
3290 943 3419 997 ἰδίου
3452 942 3650 1014 ὀφθαλ-

2079 1029 2202 1099 μοῦ,
2235 1031 2402 1096 ὅπως,
2438 1033 2503 1087 ἐκ
2537 1033 2645 1085 τῶν
2700 1035 3040 1103 φωτιστικῶν
3078 1034 3255 1090 αὑτῶν
3303 1035 3410 1090 τῶν
3445 1036 3509 1089 ἐκ
3555 1034 3651 1091 τοῦ

2076 1121 2222 1175 θείου
2248 1124 2526 1197 ὀφθαλμοῦ
2556 1127 2920 1198 πεμπομένων
2948 1128 3235 1197 φωτισθεὶς
3264 1129 3361 1199 τὴν
3392 1129 3651 1193 διάνοιαν,

395 1211 638 1268 tantum;
675 1217 801 1256 nam
829 1202 896 1257 ab
925 1203 1109 1271 impiis
1138 1202 1329 1257 oculos
1371 1218 1502 1257 suos
1541 1205 1753 1261 avertit.

2074 1214 2171 1285 τὴν
2209 1216 2324 1271 ὁδὸν
2371 1218 2628 1290 θεάσηται
2671 1220 2770 1291 τὴν
2806 1222 3216 1291 ἐπηγγελμένην
3248 1220 3413 1291 αὑτῷ.
3454 1220 3652 1293 Διόπερ

396 1289 654 1383 ὶςρθαλμοὶ
695 1297 903 1367 Κυρίου
951 1298 1051 1349 οὑκ
1092 1296 1184 1349 ἐπὶ
1221 1298 1450 1361 πάντας,
1500 1297 1614 1351 ἀλλ’
1649 1298 1747 1351 ἐπὶ
1786 1300 1980 1370 μόνους
2019 1307 2161 1376 τοὺς
2206 1309 2477 1379 δικαίους
2505 1289 2664 1367 ’ἀπὸ
2713 1289 2821 1384 γὰρ
2884 1289 2993 1367 τῶν
3049 1289 3261 1368 ἀσεϐῶν
3317 1289 3651 1383 ἀποστρέφει

398 1388 515 1461 τοὺς
547 1386 741 1441 ἑαυτοῦ
776 1388 1109 1459 ὀφθαλμούς.

461 1480 628 1538 Vens.
664 1485 748 1539 Η.
776 1484 1057 1539 Lwtamini
1087 1487 1139 1539 in
1167 1485 1390 1544 Domino
1419 1498 1467 1540 et
1507 1488 1786 1554 exsultare,
1812 1491 1967 1559 justi,

2152 1495 2541 1564 Εὐφράνθητε
2584 1495 2683 1549 ἐπὶ
2709 1498 2927 1565 Κύριον
2977 1498 3075 1551 καὶ
3129 1499 3521 1568 ἀγαλλιᾶσθε,
3566 1502 3653 1555 δί-

394 1586 439 1635 ει
469 1576 795 1647 gloriamini,
826 1596 999 1633 omnes
1030 1580 1159 1632 recti
1198 1579 1372 1633 corde.
1406 1579 1701 1650 Postquam
1730 1598 1967 1652 respon-

2081 1602 2257 1651 καιοι,
2286 1587 2383 1643 καὶ
2412 1588 2743 1657 καυχᾶσθε,
2774 1589 2995 1655 πάντες
3022 1592 3074 1643 οἱ
3102 1590 3294 1655 εὺθεῖς
3323 1589 3397 1659 τῇ
3418 1590 3649 1661 καρδίᾳ.

396 1667 603 1725 sionem
631 1668 695 1722 ad
732 1678 1042 1738 precantem
1085 1685 1266 1724 sermo
1296 1672 1592 1739 conclusit,
1634 1682 1758 1742 post
1805 1689 1967 1744 supra

2078 1676 2429 1748 Περιγράψας
2461 1679 2489 1730 ὁ
2531 1678 2687 1747 λόγος
2732 1680 2830 1751 τὴν
2859 1679 2995 1751 πρὸς
3046 1680 3136 1734 τὸν
3180 1680 3473 1751 εὐξάμενον
3515 1683 3643 1736 ἀπό-

395 1758 662 1815 dictorum
716 1760 1182 1830 promissionem,
1234 1761 1300 1815 ad
1353 1778 1643 1819 commune
1688 1765 1967 1820 hominum

2076 1784 2288 1838 κρισιν,
2327 1769 2791 1839 ἐπαγγειλάμενός
2832 1787 2891 1822 τε
2930 1768 3077 1840 αὑτῷ
3115 1770 3184 1822 τὰ
3223 1770 3649 1841 προλελεγμένα,

394 1866 564 1919 genus
593 1866 774 1905 sermo
810 1852 1142 1907 transfertur
1172 1873 1185 1909 :
1218 1855 1347 1923 quia
1378 1856 1447 1909 ob
1479 1858 1587 1909 vim
1621 1857 1824 1912 amoris
1852 1859 1967 1912 vult

2079 1857 2391 1929 μεταϐαίνει
2444 1858 2535 1911 ἐπὶ
2594 1859 2656 1911 τὸ
2716 1858 2892 1911 κοινὸν
2944 1858 3052 1912 τῶν
3109 1857 3410 1929 ἀνθρώπων
3466 1858 3649 1926 γένος,

394 1954 585 1999 omnes
617 1942 847 1995 salutem
888 1943 1158 1998 obtinere.
1201 1942 1431 2014 Ipseque
1473 1945 1638 2000 David
1679 1954 1967 2016 postquam

394 2032 792 2093 confessionem
828 2050 983 2088 suam
1028 2036 1286 2100 absolvit,
1324 2038 1465 2092 felici
1504 2041 1864 2109 responsione
1906 2057 1971 2097 ac

395 2126 784 2198 pollicitatione
816 2126 1073 2191 donatus,
1109 2143 1175 2181 ex
1218 2130 1266 2181 vi
1300 2130 1482 2199 gaudii
1534 2132 1759 2201 reliquis
1805 2133 1970 2187 etiam

394 2218 709 2274 hominibus
752 2219 943 2274 istlimc
985 2220 1352 2275 emolumenta
1405 2224 1700 2279 conciliare
1748 2224 1968 2296 satagit.

395 2309 675 2389 Lmlamini
726 2312 778 2365 in
820 2311 1047 2367 Domino
1082 2321 1130 2368 et
1167 2314 1449 2380 exsultare,
1477 2315 1635 2384 justi,
1687 2325 1737 2369 et
1770 2318 1971 2387 gloria-

392 2403 546 2466 mini,
583 2418 761 2456 omnes
810 2403 939 2476 recti
983 2404 1157 2458 corde.
1208 2403 1674 2469 Quemadmodum
1718 2416 1971 2475 peccato-

393 2508 513 2546 rum
556 2492 737 2547 ordini
771 2493 837 2547 ad
875 2494 1159 2553 sinistram
1205 2496 1405 2564 posito,
1442 2505 1835 2566 congruentem
1874 2497 1971 2553 de-

392 2583 471 2637 dit
501 2583 949 2649 admonitionem,
983 2586 1291 2655 exemplum
1324 2601 1445 2646 sese
1479 2588 1727 2657 praebens
1770 2588 1837 2642 iis
1876 2586 1968 2657 qui

392 2692 423 2753 ιι
458 2678 696 2746 peccatis
739 2686 1173 2746 convertuntur;
1221 2679 1301 2732 sic
1342 2680 1505 2747 etiam
1547 2680 1713 2748 justis
1750 2681 1969 2750 propria

392 2772 494 2828 sibi
530 2788 593 2828 ac
620 2773 1000 2835 convenientia
1043 2774 1330 2843 annuntiat
1362 2774 1415 2826 in
1445 2774 1735 2842 praesenti,
1768 2774 1966 2827 COilOf-

391 2871 516 2924 taus
552 2864 675 2919 illos
718 2871 777 2918 ut
808 2865 875 2919 de
909 2865 1057 2920 nulla
1098 2873 1439 2920 terrenarum
1485 2880 1667 2918 rerum
1698 2866 1965 2929 laetentur,

391 2956 487 3021 sed
522 2956 587 3011 de
612 2956 841 3012 Domino
869 2958 1155 3027 magniﬁce
1189 2959 1450 3021 sentiant,
1484 2965 1537 3012 et
1563 2958 1629 3012 de
1652 2964 1803 3011 tanto
1826 2958 1968 3012 bono

391 3051 664 3123 gaudeant
696 3060 750 3106 et
793 3052 1086 3117 exsultent.
1124 3050 1234 3104 Sed
1276 3051 1465 3113 etiam,
1500 3051 1589 3118 qui
1616 3050 1885 3119 gloriatur
1914 3052 1969 3117 in

334 3166 335 3169 η
389 3146 617 3201 Domino
647 3144 920 3215 glorietur,
968 3144 1044 3196 ait
1073 3143 1368 3213 Apostolus
1396 3142 1433 3194 ί.
1462 3140 1593 3197 Jure
1641 3143 1822 3212 itaque
1865 3144 1967 3197 hoc

2074 1952 2139 2005 δι’
2172 1952 2476 2025 ὑπερϐολὴν
2508 1952 2917 2024 φιλανθρωπίας
2951 1953 3157 2015 πάντας
3192 1951 3509 2023 βουλόμενος
3550 1970 3654 2005 σω-

2076 2046 2253 2115 Θῆναι.
2272 2046 2379 2099 Καὶ
2402 2046 2562 2110 αὑτὸς
2593 2046 2648 2098 δὲ
2680 2046 2707 2097 ὁ
2737 2044 2917 2107 Δαυῒδ,
2946 2042 3306 2116 προσδιελθὼν
3336 2045 3432 2115 τὴν
3461 2042 3653 2099 ἑαυτοῦ

2075 2135 2480 2207 ἐξομολόγησιν,
2519 2137 2701 2199 αἱσίας
2736 2154 2793 2188 τε
2825 2135 3167 2206 ἀποκρίσεως
3198 2135 3289 2189 καὶ
3321 2134 3653 2203 ἐπαγγελίας

2075 2226 2448 2291 καταξιωθεὶς,
2469 2225 2526 2292 ἐξ
2546 2226 2779 2298 ὑπερϐα)
2790 2226 2986 2297 λούσης
3008 2227 3180 2298 χαρᾶς
3203 2226 3296 2279 καὶ
3318 2228 3429 2289 τοῖς
3449 2226 3653 2291 λοιποῖς

2075 2319 2384 2391 ἀνθρώποις
2418 2318 2667 2390 προξενεῖ
2704 2317 2771 2370 τὰ
2808 2317 2907 2386 τῆς
2944 2317 3232 2386 ὠφελείας.
3264 2318 3653 2388 Εὐφράνὸητε

2074 2410 2171 2463 ἐπὶ
2211 2410 2429 2475 Κύριον
2458 2407 2558 2461 καὶ
2600 2405 2996 2475 ἀγαλλιᾶσθε,
3038 2406 3271 2469 δίκαιοι,
3305 2407 3401 2459 καὶ
3432 2404 3655 2473 καυχᾶ-

2075 2502 2185 2553 σθε
2218 2498 2440 2564 πάντες
2474 2501 2525 2550 οἱ
2559 2496 2753 2564 εὐθεῖς
2794 2496 2867 2565 τῇ
2904 2498 3134 2566 καρδίᾳ.
3184 2498 3394 2568 Ὥσπερ
3419 2496 3496 2566 τῷ
3535 2498 3659 2568 ἀρι--¹

2078 2590 2250 2663 στερῷ
2281 2591 2520 2660 τάγματι
2544 2589 2652 2642 τῶν
2686 2589 3025 2661 ἁμαρτωλῶν
3045 2589 3114 2642 τά
3145 2588 3453 2659 κατάλληλα
3477 2588 3654 2659 παρῄ-

2074 2700 2248 2749 νεσεν,
2274 2684 2463 2736 ἐαυτὸν
2496 2684 2799 2752 ὑπόδειγμα
2822 2680 3116 2753 παρασχὼν
3148 2684 3259 2745 τοῖς
3280 2680 3338 2745 ἐξ
3370 2679 3657 2751 ἁμαρτιῶν,

2074 2776 2524 2847 ἐπιστρέφουσινο
2555 2775 2695 2829 οὑτω
2729 2775 2824 2829 καὶ⁵
2860 2778 2972 2838 τοῖς
3001 2774 3229 2838 δικαίοις
3250 2774 3319 2826 τὰ
3353 2775 3530 2826 οἰκεῖα.
3557 2771 3657 2847 καὶἸ

2074 2869 2255 2932 αὑτοῖς
2292 2868 2523 2939 ἁρμόδια
2545 2867 2952 2936 εὐαγγελίζεται
2986 2868 3071 2923 διὰ
3108 2868 3217 2921 τῶν
3253 2868 3649 2940 προκειμένων,

2073 2959 2353 3031 παραινῶν
2388 2961 2569 3023 αὑτοῖς
2617 2960 2708 3013 ἐπὶ
2746 2960 2931 3030 μηδενὶ
2968 2961 3065 3031 μὲν
3099 2961 3206 3013 τῶν
3240 2959 3518 3032 κοσμικῶν
3565 2959 3654 3012 εὑ-

2074 3052 2417 3123 φραίνεσθαι,
2464 3053 2556 3105 ἐπὶ
2596 3053 2651 3105 δὲ
2696 3052 2784 3105 τὸν
2819 3053 3018 3124 Κύριον
3081 3054 3221 3125 μέγα
3261 3055 3505 3125 φρονεῖν,
3556 3048 3652 3105 καὶ

2075 3146 2159 3199 ἐπ’
2191 3144 2337 3215 αὑτῷ
2361 3144 2506 3215 μόνῳ
2529 3144 2934 3217 εὐφραίνεσθαι,
2955 3146 3164 3217 χαίρειν
3186 3163 3243 3198 τε
3270 3146 3363 3199 καὶ
3390 3143 3652 3213 ἀγαλλιᾷν

390 3238 513 3293 ioco
544 3237 713 3293 tutius
737 3236 1008 3291 sermonis
1052 3234 1210 3288 ﬁnem
1246 3233 1372 3287 facit
1408 3234 1493 3288 bis
1526 3234 1729 3297 verbis,
1765 3232 1831 3285 Et
1852 3234 1967 3303 glo-

2072 3238 2161 3290 ἐπὶ
2210 3237 2288 3308 τῷ
2320 3237 2559 3309 τοσούτῳ
2602 3238 2810 3308 ἀγαθῷ.
2853 3238 3014 3290 Ἀλλά
3057 3240 3150 3291 καὶ
3202 3241 3234 3292 ό
3270 3236 3652 3306 καυχώμενος

389 3330 609 3391 riamini
636 3330 688 3382 in
723 3329 837 3393 illo,
882 3344 1057 3398 omnes
1107 3329 1236 3380 recti
1270 3325 1467 3379 corde:
1498 3341 1672 3394 neque
1703 3326 1769 3379 de
1811 3327 1965 3381 vobis

2072 3330 2140 3383 ἐν
2164 3332 2356 3397 Κυρίῳ
2384 3330 2732 3407 οκαυχάσθω,
2752 3330 2890 3383 κατὰ
2918 3329 3008 3384 τὸν
3048 3329 3384 3383 Ἀπόστολον.
3414 3330 3652 3391 Εἰκότως

390 3421 525 3491 ipsis
554 3420 839 3493 magnifice
870 3419 1140 3477 sentiatis.
1175 3418 1273 3473 sed
1330 3418 1397 3473 de
1452 3417 1573 3487 ipso
1606 3416 1837 3485 Domino
1871 3419 1965 3487 qui

2072 3415 2163 3473 οὖν
2195 3422 2288 3473 καὶ
2326 3421 2558 3473 ἐνταῦθα
2598 3422 2656 3473 τὸ
2692 3421 3063 3492 συμπέρασμα
3109 3420 3203 3475 τοῦ
3253 3421 3449 3484 παντὸς
3490 3420 3649 3489 λόγου

388 3513 544 3571 vobis
572 3513 793 3568 virtutis
826 3513 1004 3567 omnis
1036 3518 1229 3566 auctor
1268 3510 1388 3565 fuit.

2073 3510 2525 3583 ἐπισφραγίζεται
2553 3511 2743 3589 λέγων·
2762 3511 2870 3587 Καὶ
2894 3510 3199 3581 καυχᾶσθε
3219 3512 3287 3564 ἐν
3304 3511 3482 3577 αὐτῷ,
3501 3510 3655 3565 πάν-

388 3622 483 3671 τες
509 3608 563 3659 οἱ
590 3605 782 3671 εὐθεῖς
810 3603 886 3674 τῇ
923 3605 1169 3674 καρδίᾳ*
1211 3603 1286 3676 μὴ
1320 3603 1428 3675 γὰρ
1462 3604 1545 3674 ἐφ’
1583 3604 1792 3666 ἐαυτοῖς
1828 3602 1969 3674 μέγα
2007 3608 2244 3678 φρονεῖν,
2278 3604 2397 3657 ἀλλ’
2419 3606 2504 3657 ἐπ’
2535 3604 2683 3675 αὑτῷ
2709 3604 2787 3681 τῷ
2829 3605 3010 3676 πάσης
3041 3607 3167 3676 ὑμῖν
3230 3605 3431 3677 ἀρετῆς
3492 3603 3653 3677 αἰτίῳ

386 3697 663 3768 γενομένῳ
684 3698 895 3768 Κυρίῳ.

756 3813 1079 3869 PSALMUS
1116 3813 1326 3870 DAVID
1364 3813 1582 3869 XXXII.

460 3907 772 3963 Secundum
799 3906 1120 3962 llebraicam
1151 3907 1442 3962 lectionem
1466 3914 1518 3960 et
1550 3904 1846 3961 secundum
1875 3920 1962 3959 re-

387 4001 569 4071 liquos
612 4002 935 4071 interpretes
985 4000 1344 4071 inscriptione
1390 4007 1539 4055 caret
1570 4000 1659 4053 hic
1696 3999 1959 4068 psalmus,

387 4072 728 4163 multamque
769 4106 892 4144 cum
929 4090 1257 4161 praecedenti
1312 4089 1727 4154 consonantiam
1780 4089 1961 4143 habet.

388 4180 525 4235 Cum
556 4182 700 4237 enim
748 4181 800 4234 in
833 4180 938 4235 ﬁne
990 4182 1137 4236 illius
1170 4182 1420 4246 dixisset,
1446 4180 1729 4236 Lwlamini
1762 4181 1817 4233 in
1861 4178 1967 4231 Do-

388 4275 553 4338 mino,
576 4282 625 4327 et
643 4272 1081 4343 exsuttattjusti,
1108 4273 1177 4327 ab
1207 4272 1398 4329 iisdem
1425 4272 1595 4328 ferme
1618 4274 1801 4328 verbis
1829 4287 1965 4341 pra:-

391 4376 603 4425 sentem
643 4366 878 4431 orditur,
908 4365 1075 4423 Vens.
1109 4368 1135 4420 1
1172 4385 1184 4420 :
1226 4365 1526 4430 Exsultate,
1551 4367 1711 4437 justi,
1755 4368 1811 4419 in
1857 4366 1966 4420 Do-

393 4460 557 4514 mino.
590 4456 927 4528 Videturque
954 4458 1086 4511 mihi
1117 4473 1178 4512 ea
1212 4474 1333 4528 qua:
1364 4458 1417 4511 in
1443 4459 1697 4528 pralsenti
1730 4458 1964 4529 prophe-

2445 3808 2739 3862 ΨΑΛΜΟΣ
2779 3809 2865 3861 ΤΩ
2907 3808 3107 3860 ΔΑΥΙΔ
3145 3808 3267 3862 AB’.

2138 3901 2295 3956 Κατά
2352 3900 2448 3971 τὴν
2503 3899 2797 3973 Ἐϐραϊκὴν
2847 3901 3151 3967 ἀνάγνωσιν
3195 3900 3290 3952 καὶ
3330 3899 3471 3953 κατά
3521 3901 3651 3965 τοὺς

2069 3995 2289 4058 λοιποὺς
2323 3992 2663 4064 ὲρμηνευτάς
2719 3992 3089 4062 ἀνεπίγραφός
3138 3995 3284 4046 ἐστιν
3333 3994 3360 4045 ὁ
3402 3992 3644 4065 ψαλμός.

2073 4088 2273 4158 πολλὴν
2330 4086 2386 4138 δὲ
2428 4084 2619 4148 σώζειὶ
2656 4084 2975 4139 ἀκολουθίαν
3018 4084 3153 4156 πρὸς
3184 4084 3273 4139 τὸν
3318 4086 3423 4157 πρὸ
3455 4084 3644 4141 αὑτοῦ.

2070 4180 2357 4251 Προειπὼν
2389 4179 2496 4250 γὰρ
2524 4178 2665 4231 κατά
2700 4178 2761 4230 τὸ
2802 4178 2953 4241 τέλος
2984 4178 3189 4241 ἐκείνου
3215 4194 3228 4208 ·
3259 4179 3649 4247 Εὐφράνθητε

2070 4273 2170 4326 ἐπὶ
2210 4274 2427 4340 Κύριον
2474 4270 2575 4325 καὶ
2624 4269 3027 4339 ἀγαλλιᾶσθε,
3061 4268 3314 4325 δίκαιοι.
3366 4270 3646 4341 μονονουχὶ

2070 4365 2240 4435 αὑτῆς
2274 4364 2472 4436 ἤρξατο
2502 4364 2600 4433 τῆς
2639 4362 2834 4428 λέξεως
2880 4360 2971 4413 τοῦ
3023 4362 3402 4438 προκειμένου,
3431 4363 3642 4432 φήσαςο

2082 4456 2485 4527 Ἀγαλλιᾶσθε,
2538 4454 2773 4516 δίκαιοι,
2818 4454 2888 4507 ἐν
2938 4454 3152 4521 Κυρίῳ.
3200 4452 3307 4505 Καί
3363 4471 3450 4523 μοι
3501 4453 3649 4507 δοκεῖ

390 4548 496 4623 tice
528 4547 805 4613 dicuntur,
838 4549 903 4602 ad
951 4562 1246 4619 personam
1291 4564 1483 4603 eorum
1533 4549 1628 4618 qui
1676 4551 1731 4602 in
1762 4564 1967 4618 pra-ce-

2072 4547 2422 4622 προφητικῶς
2468 4546 2536 4600 τὰ
2578 4546 2842 4615 λεγόμενα
2875 4544 2963 4600 διὰ
2992 4545 3100 4597 τῶν
3141 4544 3515 4617 προκειμένων
3565 4546 3645 4607 είς

390 4640 538 4713 denti
572 4641 782 4711 psalmo
828 4640 1145 4694 indicantur
1176 4640 1404 4705 referri,
1456 4642 1759 4697 secundum
1793 4641 1960 4697 illud:

388 4731 544 4801 Beati
582 4749 804 4803 quorum
839 4733 1072 4794 remissa:
1107 4742 1229 4786 sunt
1272 4734 1599 4803 iniquitates,
1646 4742 1696 4787 et
1742 4750 1963 4803 quorum

390 4831 526 4897 tecta
554 4833 675 4877 sunt
698 4832 931 4894 peccata.
968 4821 1105 4877 Nam
1148 4822 1215 4877 ad
1267 4838 1363 4878 eos
1395 4824 1488 4893 qui
1534 4839 1630 4894 per
1662 4825 1962 4879 salutarem

388 4917 623 4995 gratiam
664 4916 1045 4973 remissionem
1092 4923 1445 4985 peccatorum
1479 4917 1760 4972 consecuti
1809 4925 1958 4983 sunt,

386 5009 441 5063 id
479 5008 767 5063 vociferari
803 5007 1039 5083 videtur,
1083 5008 1382 5076 Exsultate,
1421 5008 1583 5078 justi,
1606 5010 1660 5063 in
1710 5009 1958 5066 Domino.

384 5096 508 5161 Non
555 5100 990 5170 vobismetipsis,
1042 5115 1150 5154 non
1203 5102 1458 5170 cuiquam
1491 5102 1833 5157 saecularium
1870 5119 1963 5159 τεο

386 5206 532 5257 rum,
574 5191 671 5265 sed
705 5191 941 5251 Domino
970 5191 1187 5254 conﬁsi,
1233 5191 1287 5245 in
1322 5192 1441 5265 ipso
1472 5193 1790 5263 dignitatem
1820 5209 1962 5265 pra:-

389 5284 646 5350 ferentes,
678 5285 733 5340 iu
771 5287 891 5356 ipso
921 5285 1242 5356 gloriantes,
1272 5286 1543 5341 exsultate
1572 5304 1690 5352 vos,
1731 5304 1765 5343 ο
1795 5289 1963 5355 beati,

386 5391 620 5448 quorum
651 5378 893 5433 remissa:
926 5383 1055 5431 sunt
1088 5370 1517 5446 iniquitates,'et
1555 5395 1787 5449 quorum
1816 5387 1959 5436 tecta

388 5477 519 5523 Sunt
543 5480 785 5539 peccata.
840 5470 1023 5532 Rectos
1072 5478 1273 5544 quippe
1310 5490 1524 5540 omnes,
1574 5472 1773 5544 inquit,
1818 5473 1961 5527 decet

386 5559 486 5620 Dei
531 5560 888 5626 collaudatio;
928 5566 1225 5619 secundum
1280 5566 1533 5638 Aquilam
1590 5582 1756 5630 vero,
1789 5565 1962 5620 Rectis

388 5652 608 5721 pulchra
636 5662 715 5706 est
741 5657 993 5709 cantatio.
1022 5655 1161 5723 Quia
1188 5658 1332 5713 enim
1359 5673 1469 5713 non
1499 5658 1782 5730 speciosus
1809 5658 1965 5732 bym-

470 5806 511 5839 ⁸⁹
541 5807 685 5869 Psal,
727 5824 938 5876 xxxiii,
976 5811 1059 5867 16,
1140 5810 1316 5869 'lCor.
1356 5829 1407 5881 ι,
1442 5814 1529 5869 ⁸51.

2072 4644 2361 4715 πρόσωπον
2422 4640 2841 4711 ἀναπέμπεσθαι
2886 4640 2995 4692 τῶν
3045 4642 3103 4692 ἐν
3155 4634 3256 4709 τῴ“
3295 4640 3400 4704 πρὸ
3457 4637 3643 4692 τούτου

2070 4733 2267 4804 ψαλμῷ
2294 4731 2660 4803 δηλωθέντων,
2697 4730 2837 4783 κατά
2867 4729 2947 4793 τὸ,
2984 4728 3270 4799 Μακάριοι
3310 4723 3396 4782 ὧν
3426 4728 3646 4796 ἀφέθηυ

2069 4843 2191 4882 σαν
2218 4828 2276 4880 αἱ
2306 4824 2561 4893 ἀνομίαι,
2598 4822 2695 4876 καὶ
2723 4817 2808 4875 ὧν
2837 4822 3350 4889 ἐπεκαλύφθησαν
3376 4822 3435 4871 αἱ
3466 4818 3647 4887 ἁμαρ-

2068 4904 2206 4973 τίαι.
2248 4920 2335 4982 Ὠς
2373 4918 2480 4989 γάρ
2513 4916 2648 4986 πρὸς
2689 4916 2927 4978 ἐκείνους
2961 4916 3082 4978 τοὺς
3134 4911 3498 4983 τετυχηκότας
3546 4911 3645 4981 τῆς

2068 5011 2314 5080 ἀφέσεως
2340 5009 2448 5061 τῶν
2490 5007 2904 5079 ἁμαρτημάτων
2939 5006 3025 5059 διά
3058 5005 3158 5075 τῆς
3189 5003 3453 5077 σωτηρίου
3487 5002 3645 5075 χάρι-

2068 5120 2158 5166 τος
2190 5104 2550 5171 ἀναφωνεῖται
2582 5100 2664 5163 τὸ,
2711 5095 3122 5167 Ἀγαλλιᾶσθε,
3156 5095 3396 5157 δίκαιοι,
3434 5094 3503 5147 ἐν
3528 5098 3645 5149 Κυ-

2061 5197 2193 5265 ρίῳ.
2229 5196 2319 5267 Μὴ
2349 5194 2458 5266 γάρ
2498 5195 2580 5263 ἐφ’
2627 5190 2896 5261 έαυτοῖςῆ
2947 5189 3039 5243 ἐπί
3078 5206 3132 5242 τι
3175 5188 3282 5241 τῶν
3332 5185 3642 5257 κοσμικῶν,

2069 5289 2184 5343 ἀλλ’
2218 5289 2307 5342 ἐπὶ
2338 5286 2415 5357 τῷ
2448 5286 2634 5357 Κυρίῳ
2664 5283 3010 5346 πεποιθότες,
3038 5281 3130 5334 καὶ
3150 5279 3237 5332 ἐπ’
3270 5277 3417 5348 αὑτῷ
3446 5292 3643 5347 σεμνυ-

2065 5381 2277 5452 νόμενοι
2302 5380 2394 5433 καὶ
2419 5381 2475 5432 ἐν
2499 5376 2646 5447 αὑτῷ
2668 5373 3032 5447 καυχώμενοι,
3054 5368 3381 5440 ἀγαλλιᾶσθε
3406 5369 3563 5439 ὑμεῖς
3590 5365 3641 5419 οἱ

2070 5473 2349 5546 μακάριοι,
2385 5464 2461 5525 ὧν
2497 5470 2775 5540 ἀφέθησαν
2825 5468 2880 5521 αἱ
2914 5466 3156 5537 ἀνομίαι,
3189 5465 3283 5519 καὶ
3321 5457 3396 5516 ὧν
3443 5463 3641 5514 ἐπεκα-

2067 5567 2345 5639 λὺιρθησαν
2378 5568 2435 5621 αἱ
2486 5565 2773 5638 ἁμαρτίαι.
2809 5563 3024 5633 Πρέπει
3067 5563 3207 5634 γὰρ,
3264 5557 3427 5629 φησὶ,
3475 5557 3640 5610 πᾶσιν

2070 5656 2193 5727 τοῖς
2213 5659 2504 5728 caesam
2544 5660 2629 5725 εὶς
2655 5656 2763 5711 τὸν
2807 5654 2954 5710 Θεὸν
2979 5655 3230 5718 αῖνεσις.
3267 5648 3423 5705 Κατά
3464 5646 3521 5701 δὲ
3547 5644 3639 5703 τὸν
