  <div class='ocr_page' id='page_1' title='image "/cluster/home/n/w/nwhite01/storage/ocr_20150623/23/nnc1.0046978313/156.png"; bbox 0 0 4094 6378; ppageno 0'>
   <div class='ocr_carea' id='block_1_1' title="bbox 389 358 3649 444">
    <p class='ocr_par' dir='ltr' id='par_1_1' title="bbox 389 358 3649 444">
     <span class='ocr_line' id='line_1_1' title="bbox 389 358 3649 444; baseline 0.016 -40"><span class='ocrx_word' id='word_1_1' title='bbox 389 358 488 415; x_wconf 66' lang='grc' dir='ltr'><strong>εει</strong></span> <span class='ocrx_word' id='word_1_2' title='bbox 1518 368 2026 433; x_wconf 72' lang='lat' dir='ltr'><strong>COMMENTARIA</strong></span> <span class='ocrx_word' id='word_1_3' title='bbox 2063 374 2135 431; x_wconf 91' lang='lat' dir='ltr'><strong>lN</strong></span> <span class='ocrx_word' id='word_1_4' title='bbox 2172 377 2514 437; x_wconf 79' lang='lat' dir='ltr'><strong>PSALMOS.</strong></span> <span class='ocrx_word' id='word_1_5' title='bbox 3538 388 3649 444; x_wconf 67' lang='lat'><strong>282</strong></span> 
     </span>
    </p>
   </div>
   <div class='ocr_carea' id='block_1_2' title="bbox 402 473 1938 569">
    <p class='ocr_par' dir='ltr' id='par_1_2' title="bbox 402 473 1938 555">
     <span class='ocr_line' id='line_1_2' title="bbox 402 473 1938 555; baseline 0.01 -27"><span class='ocrx_word' id='word_1_6' title='bbox 402 473 653 537; x_wconf 69' lang='grc' dir='ltr'>Ἀκύλαν,</span> <span class='ocrx_word' id='word_1_7' title='bbox 689 476 813 543; x_wconf 83' lang='grc' dir='ltr'><em>Τοῖς</em></span> <span class='ocrx_word' id='word_1_8' title='bbox 859 480 1104 534; x_wconf 81' lang='grc' dir='ltr'>εὐθέσιν</span> <span class='ocrx_word' id='word_1_9' title='bbox 1138 480 1451 550; x_wconf 80' lang='grc' dir='ltr'>ὼραιοῦται</span> <span class='ocrx_word' id='word_1_10' title='bbox 1494 485 1776 555; x_wconf 80' lang='grc' dir='ltr'>ὕμνησις.</span> <span class='ocrx_word' id='word_1_11' title='bbox 1820 490 1938 544; x_wconf 86' lang='grc' dir='ltr'>Ἐπε</span> 
     </span>
    </p>
   </div>
   <div class='ocr_carea' id='block_1_3' title="bbox 2039 473 3646 569">
    <p class='ocr_par' dir='ltr' id='par_1_3' title="bbox 2039 497 3646 569">
     <span class='ocr_line' id='line_1_3' title="bbox 2039 497 3646 569; baseline 0.004 -21"><span class='ocrx_word' id='word_1_12' title='bbox 2039 539 2049 558; x_wconf 67' lang='grc'><strong>,</strong></span> <span class='ocrx_word' id='word_1_13' title='bbox 2075 510 2181 550; x_wconf 91' lang='lat' dir='ltr'><strong>nus</strong></span> <span class='ocrx_word' id='word_1_14' title='bbox 2208 504 2294 552; x_wconf 85' lang='lat' dir='ltr'><strong>est</strong></span> <span class='ocrx_word' id='word_1_15' title='bbox 2322 497 2377 551; x_wconf 92' lang='lat' dir='ltr'><strong>in</strong></span> <span class='ocrx_word' id='word_1_16' title='bbox 2401 512 2496 552; x_wconf 90' lang='lat' dir='ltr'><strong>ore</strong></span> <span class='ocrx_word' id='word_1_17' title='bbox 2525 497 2849 567; x_wconf 75' lang='lat' dir='ltr'><strong>peccatoris,</strong></span> <span class='ocrx_word' id='word_1_18' title='bbox 2888 497 3015 567; x_wconf 85' lang='lat' dir='ltr'><strong>jure</strong></span> <span class='ocrx_word' id='word_1_19' title='bbox 3046 513 3161 561; x_wconf 89' lang='lat' dir='ltr'><strong>eos,</strong></span> <span class='ocrx_word' id='word_1_20' title='bbox 3190 497 3283 569; x_wconf 91' lang='lat' dir='ltr'><strong>qui</strong></span> <span class='ocrx_word' id='word_1_21' title='bbox 3301 514 3434 567; x_wconf 88' lang='lat' dir='ltr'><strong>pura</strong></span> <span class='ocrx_word' id='word_1_22' title='bbox 3465 514 3646 555; x_wconf 75' lang='lat' dir='ltr'><strong>mente</strong></span> 
     </span>
    </p>
   </div>
   <div class='ocr_carea' id='block_1_4' title="bbox 388 567 1938 659">
    <p class='ocr_par' dir='ltr' id='par_1_4' title="bbox 388 567 1938 649">
     <span class='ocr_line' id='line_1_4' title="bbox 388 567 1938 649; baseline 0.011 -31"><span class='ocrx_word' id='word_1_23' title='bbox 388 567 497 637; x_wconf 80' lang='grc' dir='ltr'>γὰρ</span> <span class='ocrx_word' id='word_1_24' title='bbox 528 568 626 637; x_wconf 84' lang='grc' dir='ltr'><strong>οὐχ</strong></span> <span class='ocrx_word' id='word_1_25' title='bbox 657 568 858 639; x_wconf 81' lang='grc' dir='ltr'>ὡραῖος</span> <span class='ocrx_word' id='word_1_26' title='bbox 901 570 1068 641; x_wconf 82' lang='grc' dir='ltr'>ὕμνος</span> <span class='ocrx_word' id='word_1_27' title='bbox 1096 574 1155 625; x_wconf 80' lang='grc' dir='ltr'>ὲν</span> <span class='ocrx_word' id='word_1_28' title='bbox 1188 574 1417 645; x_wconf 87' lang='grc' dir='ltr'>στόματι</span> <span class='ocrx_word' id='word_1_29' title='bbox 1450 576 1801 649; x_wconf 84' lang='grc' dir='ltr'>ἀμαρτωλοῦ,</span> <span class='ocrx_word' id='word_1_30' title='bbox 1830 583 1938 636; x_wconf 73' lang='grc' dir='ltr'>είκό</span> 
     </span>
    </p>
   </div>
   <div class='ocr_carea' id='block_1_5' title="bbox 2039 567 3373 659">
    <p class='ocr_par' dir='ltr' id='par_1_5' title="bbox 2074 567 3373 659">
     <span class='ocr_line' id='line_1_5' title="bbox 2074 567 3373 659; baseline 0.005 -17"><span class='ocrx_word' id='word_1_31' title='bbox 2074 594 2130 643; x_wconf 82' lang='grc' dir='ltr'><strong>ει</strong></span> <span class='ocrx_word' id='word_1_32' title='bbox 2162 604 2300 659; x_wconf 90' lang='lat' dir='ltr'><strong>puro</strong></span> <span class='ocrx_word' id='word_1_33' title='bbox 2325 589 2491 645; x_wconf 87' lang='lat' dir='ltr'><strong>corde</strong></span> <span class='ocrx_word' id='word_1_34' title='bbox 2527 597 2677 657; x_wconf 89' lang='lat' dir='ltr'><strong>sunt,</strong></span> <span class='ocrx_word' id='word_1_35' title='bbox 2712 590 2868 647; x_wconf 89' lang='lat' dir='ltr'><strong>decet</strong></span> <span class='ocrx_word' id='word_1_36' title='bbox 2898 589 2994 647; x_wconf 85' lang='lat' dir='ltr'><strong>Dei</strong></span> <span class='ocrx_word' id='word_1_37' title='bbox 3024 567 3373 648; x_wconf 82' lang='lat' dir='ltr'><strong>collaudatio.</strong></span> 
     </span>
    </p>
   </div>
   <div class='ocr_carea' id='block_1_6' title="bbox 384 660 1973 747">
    <p class='ocr_par' dir='ltr' id='par_1_6' title="bbox 384 660 1973 747">
     <span class='ocr_line' id='line_1_6' title="bbox 384 660 1973 747; baseline 0.009 -34"><span class='ocrx_word' id='word_1_38' title='bbox 384 675 495 722; x_wconf 79' lang='grc' dir='ltr'><strong>τως</strong></span> <span class='ocrx_word' id='word_1_39' title='bbox 524 664 637 723; x_wconf 88' lang='grc' dir='ltr'>τοίς</span> <span class='ocrx_word' id='word_1_40' title='bbox 661 660 908 733; x_wconf 82' lang='grc' dir='ltr'>καθαράς</span> <span class='ocrx_word' id='word_1_41' title='bbox 940 664 1177 729; x_wconf 80' lang='grc' dir='ltr'><strong>διανοίας</strong></span> <span class='ocrx_word' id='word_1_42' title='bbox 1202 668 1297 720; x_wconf 79' lang='grc' dir='ltr'>καὶ</span> <span class='ocrx_word' id='word_1_43' title='bbox 1327 667 1544 740; x_wconf 82' lang='grc' dir='ltr'>καθαρὰ</span> <span class='ocrx_word' id='word_1_44' title='bbox 1575 672 1729 744; x_wconf 76' lang='grc' dir='ltr'>χείλη</span> <span class='ocrx_word' id='word_1_45' title='bbox 1776 691 1973 747; x_wconf 72' lang='grc' dir='ltr'>κεκτηιτ</span> 
     </span>
    </p>
   </div>
   <div class='ocr_carea' id='block_1_7' title="bbox 390 751 1475 828">
    <p class='ocr_par' dir='ltr' id='par_1_7' title="bbox 390 751 1475 828">
     <span class='ocr_line' id='line_1_7' title="bbox 390 751 1475 828; baseline 0.012 -26"><span class='ocrx_word' id='word_1_46' title='bbox 390 751 570 823; x_wconf 83' lang='grc' dir='ltr'>μένοις</span> <span class='ocrx_word' id='word_1_47' title='bbox 600 753 922 828; x_wconf 82' lang='grc' dir='ltr'>εὐπρέπειὴ</span> <span class='ocrx_word' id='word_1_48' title='bbox 958 756 1052 810; x_wconf 88' lang='grc' dir='ltr'><strong>τοῦ</strong></span> <span class='ocrx_word' id='word_1_49' title='bbox 1079 757 1216 811; x_wconf 93' lang='grc' dir='ltr'>Θεοῦ</span> <span class='ocrx_word' id='word_1_50' title='bbox 1251 759 1475 825; x_wconf 81' lang='grc' dir='ltr'>αἵνεσις.</span> 
     </span>
    </p>
   </div>
   <div class='ocr_carea' id='block_1_8' title="bbox 471 845 1968 931">
    <p class='ocr_par' dir='ltr' id='par_1_8' title="bbox 471 845 1968 931">
     <span class='ocr_line' id='line_1_8' title="bbox 471 845 1968 931; baseline 0.013 -33"><span class='ocrx_word' id='word_1_51' title='bbox 471 845 963 917; x_wconf 75' lang='grc' dir='ltr'>Ἐξομολογεῑσθε</span> <span class='ocrx_word' id='word_1_52' title='bbox 994 850 1075 917; x_wconf 85' lang='grc' dir='ltr'>τῷ</span> <span class='ocrx_word' id='word_1_53' title='bbox 1118 853 1316 921; x_wconf 80' lang='grc' dir='ltr'><strong>Κυρίῳ</strong></span> <span class='ocrx_word' id='word_1_54' title='bbox 1353 856 1423 907; x_wconf 85' lang='grc' dir='ltr'>ἐν</span> <span class='ocrx_word' id='word_1_55' title='bbox 1450 855 1678 925; x_wconf 84' lang='grc' dir='ltr'><strong>κιθάρᾳ,</strong></span> <span class='ocrx_word' id='word_1_56' title='bbox 1705 858 1777 913; x_wconf 85' lang='grc' dir='ltr'>ἐν</span> <span class='ocrx_word' id='word_1_57' title='bbox 1806 864 1968 931; x_wconf 74' lang='grc' dir='ltr'><strong>ψαλ-</strong></span> 
     </span>
    </p>
   </div>
   <div class='ocr_carea' id='block_1_9' title="bbox 383 938 1966 1025">
    <p class='ocr_par' dir='ltr' id='par_1_9' title="bbox 383 938 1966 1025">
     <span class='ocr_line' id='line_1_9' title="bbox 383 938 1966 1025; baseline 0.012 -36"><span class='ocrx_word' id='word_1_58' title='bbox 383 939 561 1007; x_wconf 83' lang='grc' dir='ltr'>τηρίῳ</span> <span class='ocrx_word' id='word_1_59' title='bbox 586 938 926 1009; x_wconf 78' lang='grc' dir='ltr'>δεκαχόρδῳ</span> <span class='ocrx_word' id='word_1_60' title='bbox 952 943 1185 1012; x_wconf 77' lang='grc' dir='ltr'>ψάλατε</span> <span class='ocrx_word' id='word_1_61' title='bbox 1212 945 1391 1012; x_wconf 85' lang='grc' dir='ltr'>αὐτῷ.</span> <span class='ocrx_word' id='word_1_62' title='bbox 1428 949 1586 1002; x_wconf 84' lang='grc' dir='ltr'>Κατά</span> <span class='ocrx_word' id='word_1_63' title='bbox 1618 951 1841 1025; x_wconf 81' lang='grc' dir='ltr'>πρώτην</span> <span class='ocrx_word' id='word_1_64' title='bbox 1870 956 1966 1009; x_wconf 87' lang='grc' dir='ltr'><strong>τοῦ</strong></span> 
     </span>
    </p>
   </div>
   <div class='ocr_carea' id='block_1_10' title="bbox 381 1028 1967 1109">
    <p class='ocr_par' dir='ltr' id='par_1_10' title="bbox 381 1028 1967 1109">
     <span class='ocr_line' id='line_1_10' title="bbox 381 1028 1967 1109; baseline 0.009 -26"><span class='ocrx_word' id='word_1_65' title='bbox 381 1032 547 1101; x_wconf 85' lang='grc' dir='ltr'>νόμου</span> <span class='ocrx_word' id='word_1_66' title='bbox 570 1034 869 1105; x_wconf 83' lang='grc' dir='ltr'>παράδοσιν</span> <span class='ocrx_word' id='word_1_67' title='bbox 884 1028 1381 1109; x_wconf 76' lang='grc' dir='ltr'>γεγραμμένα.Καὶ</span> <span class='ocrx_word' id='word_1_68' title='bbox 1402 1044 1430 1094; x_wconf 99' lang='lat'><strong>6</strong></span> <span class='ocrx_word' id='word_1_69' title='bbox 1448 1041 1546 1105; x_wconf 82' lang='grc' dir='ltr'>τὰς</span> <span class='ocrx_word' id='word_1_70' title='bbox 1562 1042 1668 1095; x_wconf 76' lang='grc' dir='ltr'>ἔσω</span> <span class='ocrx_word' id='word_1_71' title='bbox 1683 1043 1738 1096; x_wconf 85' lang='grc' dir='ltr'>δὲ</span> <span class='ocrx_word' id='word_1_72' title='bbox 1756 1046 1849 1098; x_wconf 80' lang='grc' dir='ltr'><strong>καὶ</strong></span> <span class='ocrx_word' id='word_1_73' title='bbox 1869 1044 1967 1109; x_wconf 84' lang='grc' dir='ltr'>τὰς</span> 
     </span>
    </p>
   </div>
   <div class='ocr_carea' id='block_1_11' title="bbox 381 1121 1967 1201">
    <p class='ocr_par' dir='ltr' id='par_1_11' title="bbox 381 1121 1967 1201">
     <span class='ocr_line' id='line_1_11' title="bbox 381 1121 1967 1201; baseline 0.009 -27"><span class='ocrx_word' id='word_1_74' title='bbox 381 1121 485 1188; x_wconf 73' lang='grc' dir='ltr'><strong>ἔξω</strong></span> <span class='ocrx_word' id='word_1_75' title='bbox 501 1125 783 1195; x_wconf 77' lang='grc' dir='ltr'><strong>αἰσθήσεις</strong></span> <span class='ocrx_word' id='word_1_76' title='bbox 801 1127 1046 1198; x_wconf 80' lang='grc' dir='ltr'>καθαράς</span> <span class='ocrx_word' id='word_1_77' title='bbox 1062 1130 1157 1181; x_wconf 81' lang='grc' dir='ltr'><strong>καὶ</strong></span> <span class='ocrx_word' id='word_1_78' title='bbox 1178 1130 1500 1201; x_wconf 84' lang='grc' dir='ltr'><strong>ἀμέμπτους</strong></span> <span class='ocrx_word' id='word_1_79' title='bbox 1517 1131 1797 1200; x_wconf 79' lang='grc' dir='ltr'><strong>φυλάττων</strong></span> <span class='ocrx_word' id='word_1_80' title='bbox 1812 1136 1869 1188; x_wconf 82' lang='grc' dir='ltr'>ὲν</span> <span class='ocrx_word' id='word_1_81' title='bbox 1888 1135 1967 1187; x_wconf 84' lang='grc' dir='ltr'>δε-</span> 
     </span>
    </p>
   </div>
   <div class='ocr_carea' id='block_1_12' title="bbox 2081 846 3642 920">
    <p class='ocr_par' dir='ltr' id='par_1_12' title="bbox 2081 846 3642 920">
     <span class='ocr_line' id='line_1_12' title="bbox 2081 846 3642 920; baseline 0.006 -19"><span class='ocrx_word' id='word_1_82' title='bbox 2081 908 2094 920; x_wconf 53' lang='grc'><strong>,</strong></span> <span class='ocrx_word' id='word_1_83' title='bbox 2138 846 2310 907; x_wconf 76' lang='lat' dir='ltr'><strong>Vens.</strong></span> <span class='ocrx_word' id='word_1_84' title='bbox 2352 848 2409 915; x_wconf 76' lang='grc'>2,</span> <span class='ocrx_word' id='word_1_85' title='bbox 2458 849 2513 906; x_wconf 78' lang='grc'><strong>’5.</strong></span> <span class='ocrx_word' id='word_1_86' title='bbox 2553 848 2889 919; x_wconf 84' lang='lat' dir='ltr'><strong>Conﬁtemini</strong></span> <span class='ocrx_word' id='word_1_87' title='bbox 2935 849 3163 919; x_wconf 84' lang='lat' dir='ltr'><strong>Domino</strong></span> <span class='ocrx_word' id='word_1_88' title='bbox 3211 852 3266 905; x_wconf 86' lang='lat' dir='ltr'><strong>in</strong></span> <span class='ocrx_word' id='word_1_89' title='bbox 3319 853 3545 920; x_wconf 81' lang='lat' dir='ltr'><strong>cithara,</strong></span> <span class='ocrx_word' id='word_1_90' title='bbox 3584 853 3642 910; x_wconf 86' lang='lat' dir='ltr'><strong>in</strong></span> 
     </span>
    </p>
   </div>
   <div class='ocr_carea' id='block_1_13' title="bbox 2066 941 3639 1016">
    <p class='ocr_par' dir='ltr' id='par_1_13' title="bbox 2066 941 3639 1016">
     <span class='ocr_line' id='line_1_13' title="bbox 2066 941 3639 1016; baseline 0.004 -22"><span class='ocrx_word' id='word_1_91' title='bbox 2066 941 2320 1009; x_wconf 82' lang='lat' dir='ltr'><strong>psalterio</strong></span> <span class='ocrx_word' id='word_1_92' title='bbox 2345 942 2520 996; x_wconf 84' lang='lat' dir='ltr'><strong>decem</strong></span> <span class='ocrx_word' id='word_1_93' title='bbox 2541 942 2858 997; x_wconf 80' lang='lat' dir='ltr'><strong>chordarum</strong></span> <span class='ocrx_word' id='word_1_94' title='bbox 2882 945 3093 1013; x_wconf 86' lang='lat' dir='ltr'><strong>psallite</strong></span> <span class='ocrx_word' id='word_1_95' title='bbox 3120 945 3218 997; x_wconf 85' lang='lat' dir='ltr'><strong>illi.</strong></span> <span class='ocrx_word' id='word_1_96' title='bbox 3250 943 3639 1016; x_wconf 82' lang='lat' dir='ltr'><strong>[Instrumenta</strong></span> 
     </span>
    </p>
   </div>
   <div class='ocr_carea' id='block_1_14' title="bbox 2066 1034 3638 1107">
    <p class='ocr_par' dir='ltr' id='par_1_14' title="bbox 2066 1034 3638 1107">
     <span class='ocr_line' id='line_1_14' title="bbox 2066 1034 3638 1107; baseline 0.004 -19"><span class='ocrx_word' id='word_1_97' title='bbox 2066 1034 2297 1107; x_wconf 75' lang='lat' dir='ltr'><strong>scilicet]</strong></span> <span class='ocrx_word' id='word_1_98' title='bbox 2330 1034 2631 1091; x_wconf 89' lang='lat' dir='ltr'><strong>secundum</strong></span> <span class='ocrx_word' id='word_1_99' title='bbox 2669 1038 2897 1107; x_wconf 88' lang='lat' dir='ltr'><strong>primam</strong></span> <span class='ocrx_word' id='word_1_100' title='bbox 2946 1037 3081 1107; x_wconf 81' lang='lat' dir='ltr'>legis</span> <span class='ocrx_word' id='word_1_101' title='bbox 3114 1038 3458 1093; x_wconf 88' lang='lat' dir='ltr'><strong>traditionem</strong></span> <span class='ocrx_word' id='word_1_102' title='bbox 3494 1039 3638 1096; x_wconf 66' lang='lat' dir='ltr'><strong>serio</strong></span> 
     </span>
    </p>
   </div>
   <div class='ocr_carea' id='block_1_15' title="bbox 2065 1126 3634 1198">
    <p class='ocr_par' dir='ltr' id='par_1_15' title="bbox 2065 1126 3634 1198">
     <span class='ocr_line' id='line_1_15' title="bbox 2065 1126 3634 1198; baseline 0.006 -18"><span class='ocrx_word' id='word_1_103' title='bbox 2065 1134 2176 1197; x_wconf 90' lang='lat' dir='ltr'><strong>pta.</strong></span> <span class='ocrx_word' id='word_1_104' title='bbox 2209 1126 2469 1198; x_wconf 86' lang='lat' dir='ltr'><strong>Quisquis</strong></span> <span class='ocrx_word' id='word_1_105' title='bbox 2513 1144 2637 1182; x_wconf 90' lang='lat' dir='ltr'><strong>cum</strong></span> <span class='ocrx_word' id='word_1_106' title='bbox 2686 1129 2997 1195; x_wconf 86' lang='lat' dir='ltr'><strong>interiores,</strong></span> <span class='ocrx_word' id='word_1_107' title='bbox 3029 1139 3142 1184; x_wconf 90' lang='lat' dir='ltr'><strong>tum</strong></span> <span class='ocrx_word' id='word_1_108' title='bbox 3173 1133 3472 1189; x_wconf 82' lang='lat' dir='ltr'><strong>exteriores</strong></span> <span class='ocrx_word' id='word_1_109' title='bbox 3506 1149 3634 1188; x_wconf 87' lang='lat' dir='ltr'><strong>sen-</strong></span> 
     </span>
    </p>
   </div>
   <div class='ocr_carea' id='block_1_16' title="bbox 378 1214 1966 1295">
    <p class='ocr_par' dir='ltr' id='par_1_16' title="bbox 378 1214 1966 1295">
     <span class='ocr_line' id='line_1_16' title="bbox 378 1214 1966 1295; baseline 0.009 -30"><span class='ocrx_word' id='word_1_110' title='bbox 378 1214 630 1284; x_wconf 82' lang='grc' dir='ltr'>καχόρδῳ</span> <span class='ocrx_word' id='word_1_111' title='bbox 649 1215 930 1288; x_wconf 71' lang='grc' dir='ltr'>ψαλτηρίῳ</span> <span class='ocrx_word' id='word_1_112' title='bbox 941 1217 1131 1287; x_wconf 76' lang='grc' dir='ltr'>ψάλλει</span> <span class='ocrx_word' id='word_1_113' title='bbox 1149 1220 1226 1291; x_wconf 83' lang='grc' dir='ltr'><strong>τῷ</strong></span> <span class='ocrx_word' id='word_1_114' title='bbox 1238 1221 1374 1293; x_wconf 84' lang='grc' dir='ltr'>Θεῷ.</span> <span class='ocrx_word' id='word_1_115' title='bbox 1386 1224 1606 1292; x_wconf 84' lang='grc' dir='ltr'>’ᾼσατε</span> <span class='ocrx_word' id='word_1_116' title='bbox 1627 1224 1785 1290; x_wconf 84' lang='grc' dir='ltr'>αὐτῷ</span> <span class='ocrx_word' id='word_1_117' title='bbox 1800 1219 1966 1295; x_wconf 82' lang='grc' dir='ltr'>ᾆσμα</span> 
     </span>
    </p>
   </div>
   <div class='ocr_carea' id='block_1_17' title="bbox 378 1307 1963 1390">
    <p class='ocr_par' dir='ltr' id='par_1_17' title="bbox 378 1307 1963 1390">
     <span class='ocr_line' id='line_1_17' title="bbox 378 1307 1963 1390; baseline 0.01 -34"><span class='ocrx_word' id='word_1_118' title='bbox 378 1307 606 1371; x_wconf 78' lang='grc' dir='ltr'>καινόν.</span> <span class='ocrx_word' id='word_1_119' title='bbox 643 1308 717 1360; x_wconf 84' lang='lat' dir='ltr'><em>T6</em></span> <span class='ocrx_word' id='word_1_120' title='bbox 756 1309 853 1379; x_wconf 86' lang='grc' dir='ltr'><strong>μὲν</strong></span> <span class='ocrx_word' id='word_1_121' title='bbox 898 1310 1127 1364; x_wconf 87' lang='grc' dir='ltr'>παλαιὸν</span> <span class='ocrx_word' id='word_1_122' title='bbox 1156 1308 1310 1383; x_wconf 82' lang='grc' dir='ltr'>ᾆσμα</span> <span class='ocrx_word' id='word_1_123' title='bbox 1340 1314 1429 1367; x_wconf 84' lang='grc' dir='ltr'>διὰ</span> <span class='ocrx_word' id='word_1_124' title='bbox 1459 1316 1695 1380; x_wconf 80' lang='grc' dir='ltr'>παλαιᾶς</span> <span class='ocrx_word' id='word_1_125' title='bbox 1728 1317 1963 1390; x_wconf 83' lang='grc' dir='ltr'><strong>κιθάρας</strong></span> 
     </span>
    </p>
   </div>
   <div class='ocr_carea' id='block_1_18' title="bbox 375 1398 1961 1482">
    <p class='ocr_par' dir='ltr' id='par_1_18' title="bbox 375 1398 1961 1482">
     <span class='ocr_line' id='line_1_18' title="bbox 375 1398 1961 1482; baseline 0.009 -34"><span class='ocrx_word' id='word_1_126' title='bbox 375 1398 472 1449; x_wconf 73' lang='grc' dir='ltr'><strong>καὶ</strong></span> <span class='ocrx_word' id='word_1_127' title='bbox 491 1398 723 1457; x_wconf 78' lang='grc' dir='ltr'>παλαιοῦ</span> <span class='ocrx_word' id='word_1_128' title='bbox 743 1401 1067 1474; x_wconf 74' lang='grc' dir='ltr'>ψαλτηρίου,</span> <span class='ocrx_word' id='word_1_129' title='bbox 1093 1403 1199 1457; x_wconf 82' lang='grc' dir='ltr'>τῶν</span> <span class='ocrx_word' id='word_1_130' title='bbox 1231 1405 1453 1476; x_wconf 75' lang='grc' dir='ltr'>ἀψύχων</span> <span class='ocrx_word' id='word_1_131' title='bbox 1484 1409 1750 1479; x_wconf 77' lang='grc' dir='ltr'>ὀργάνων,</span> <span class='ocrx_word' id='word_1_132' title='bbox 1773 1409 1961 1482; x_wconf 84' lang='grc' dir='ltr'>ὥσπερ</span> 
     </span>
    </p>
   </div>
   <div class='ocr_carea' id='block_1_19' title="bbox 371 1487 1959 1574">
    <p class='ocr_par' dir='ltr' id='par_1_19' title="bbox 371 1487 1959 1574">
     <span class='ocr_line' id='line_1_19' title="bbox 371 1487 1959 1574; baseline 0.011 -34"><span class='ocrx_word' id='word_1_133' title='bbox 371 1487 463 1545; x_wconf 74' lang='grc' dir='ltr'>διὰ</span> <span class='ocrx_word' id='word_1_134' title='bbox 487 1490 767 1560; x_wconf 72' lang='grc' dir='ltr'>συμϐόλων</span> <span class='ocrx_word' id='word_1_135' title='bbox 796 1495 890 1547; x_wconf 79' lang='grc' dir='ltr'><strong>καὶ</strong></span> <span class='ocrx_word' id='word_1_136' title='bbox 936 1497 1161 1549; x_wconf 80' lang='grc' dir='ltr'><strong>εἰκόνων</strong></span> <span class='ocrx_word' id='word_1_137' title='bbox 1194 1498 1565 1562; x_wconf 76' lang='grc' dir='ltr'>ἐσπουδάζετο</span> <span class='ocrx_word' id='word_1_138' title='bbox 1603 1501 1681 1571; x_wconf 86' lang='grc' dir='ltr'><strong>τῷ</strong></span> <span class='ocrx_word' id='word_1_139' title='bbox 1707 1504 1959 1574; x_wconf 75' lang='grc' dir='ltr'>προτέρῳ</span> 
     </span>
    </p>
   </div>
   <div class='ocr_carea' id='block_1_20' title="bbox 371 1579 1960 1663">
    <p class='ocr_par' dir='ltr' id='par_1_20' title="bbox 371 1579 1960 1663">
     <span class='ocr_line' id='line_1_20' title="bbox 371 1579 1960 1663; baseline 0.009 -30"><span class='ocrx_word' id='word_1_140' title='bbox 371 1579 520 1651; x_wconf 39' lang='lat' dir='ltr'><strong>lat}?</strong></span> <span class='ocrx_word' id='word_1_141' title='bbox 555 1583 615 1635; x_wconf 79' lang='grc' dir='ltr'>τὸ</span> <span class='ocrx_word' id='word_1_142' title='bbox 658 1583 714 1637; x_wconf 85' lang='grc' dir='ltr'>δὲ</span> <span class='ocrx_word' id='word_1_143' title='bbox 744 1586 929 1639; x_wconf 79' lang='grc' dir='ltr'>καινὸν</span> <span class='ocrx_word' id='word_1_144' title='bbox 969 1584 1121 1659; x_wconf 81' lang='grc' dir='ltr'>ᾆσμα</span> <span class='ocrx_word' id='word_1_145' title='bbox 1167 1590 1667 1663; x_wconf 81' lang='grc' dir='ltr'>μεγαλοφυέστερον</span> <span class='ocrx_word' id='word_1_146' title='bbox 1705 1595 1801 1647; x_wconf 76' lang='grc' dir='ltr'><strong>καὶ</strong></span> <span class='ocrx_word' id='word_1_147' title='bbox 1843 1595 1960 1648; x_wconf 90' lang='grc' dir='ltr'>θεο-</span> 
     </span>
    </p>
   </div>
   <div class='ocr_carea' id='block_1_21' title="bbox 370 1674 1957 1753">
    <p class='ocr_par' dir='ltr' id='par_1_21' title="bbox 370 1674 1957 1753">
     <span class='ocr_line' id='line_1_21' title="bbox 370 1674 1957 1753; baseline 0.009 -28"><span class='ocrx_word' id='word_1_148' title='bbox 370 1674 745 1747; x_wconf 68' lang='grc' dir='ltr'><strong>⁸ιιερεπέσιτερον</strong></span> <span class='ocrx_word' id='word_1_149' title='bbox 778 1677 866 1731; x_wconf 77' lang='grc' dir='ltr'><strong>διὰ</strong></span> <span class='ocrx_word' id='word_1_150' title='bbox 897 1678 1130 1751; x_wconf 86' lang='grc' dir='ltr'>κιθάρας</span> <span class='ocrx_word' id='word_1_151' title='bbox 1163 1680 1364 1753; x_wconf 82' lang='grc' dir='ltr'><strong>ζώσης,</strong></span> <span class='ocrx_word' id='word_1_152' title='bbox 1400 1685 1496 1736; x_wconf 81' lang='grc' dir='ltr'><strong>καὶ</strong></span> <span class='ocrx_word' id='word_1_153' title='bbox 1516 1684 1604 1738; x_wconf 81' lang='grc' dir='ltr'>διὰ</span> <span class='ocrx_word' id='word_1_154' title='bbox 1646 1684 1739 1741; x_wconf 89' lang='grc' dir='ltr'><strong>τοῦ</strong></span> <span class='ocrx_word' id='word_1_155' title='bbox 1764 1687 1957 1740; x_wconf 86' lang='grc' dir='ltr'>ἀποδο-</span> 
     </span>
    </p>
   </div>
   <div class='ocr_carea' id='block_1_22' title="bbox 371 1762 1950 1849">
    <p class='ocr_par' dir='ltr' id='par_1_22' title="bbox 371 1762 1950 1849">
     <span class='ocr_line' id='line_1_22' title="bbox 371 1762 1950 1849; baseline 0.011 -33"><span class='ocrx_word' id='word_1_156' title='bbox 371 1762 556 1829; x_wconf 79' lang='grc' dir='ltr'>θέντος</span> <span class='ocrx_word' id='word_1_157' title='bbox 581 1767 907 1839; x_wconf 87' lang='grc' dir='ltr'>δεκαχὸρδου</span> <span class='ocrx_word' id='word_1_158' title='bbox 947 1769 1247 1843; x_wconf 73' lang='grc' dir='ltr'>ψαλτηρίου</span> <span class='ocrx_word' id='word_1_159' title='bbox 1280 1775 1663 1845; x_wconf 83' lang='grc' dir='ltr'>ἀναπέμπεται</span> <span class='ocrx_word' id='word_1_160' title='bbox 1708 1776 1786 1847; x_wconf 83' lang='grc' dir='ltr'><strong>τῷ</strong></span> <span class='ocrx_word' id='word_1_161' title='bbox 1813 1778 1950 1849; x_wconf 78' lang='grc' dir='ltr'>Θεῷ.</span> 
     </span>
    </p>
   </div>
   <div class='ocr_carea' id='block_1_23' title="bbox 2064 1222 3635 1292">
    <p class='ocr_par' dir='ltr' id='par_1_23' title="bbox 2064 1222 3635 1292">
     <span class='ocr_line' id='line_1_23' title="bbox 2064 1222 3635 1292; baseline 0.004 -18"><span class='ocrx_word' id='word_1_162' title='bbox 2064 1234 2181 1285; x_wconf 90' lang='lat' dir='ltr'><strong>sus,</strong></span> <span class='ocrx_word' id='word_1_163' title='bbox 2215 1235 2383 1290; x_wconf 90' lang='lat' dir='ltr'><strong>puros</strong></span> <span class='ocrx_word' id='word_1_164' title='bbox 2424 1222 2845 1291; x_wconf 89' lang='lat' dir='ltr'><strong>inculpatosque</strong></span> <span class='ocrx_word' id='word_1_165' title='bbox 2896 1231 3099 1287; x_wconf 87' lang='lat' dir='ltr'><strong>servat,</strong></span> <span class='ocrx_word' id='word_1_166' title='bbox 3151 1223 3205 1277; x_wconf 93' lang='lat' dir='ltr'><strong>in</strong></span> <span class='ocrx_word' id='word_1_167' title='bbox 3242 1225 3500 1292; x_wconf 88' lang='lat' dir='ltr'><strong>psalterio</strong></span> <span class='ocrx_word' id='word_1_168' title='bbox 3540 1226 3635 1281; x_wconf 81' lang='lat' dir='ltr'><strong>de-</strong></span> 
     </span>
    </p>
   </div>
   <div class='ocr_carea' id='block_1_24' title="bbox 2060 1311 3632 1384">
    <p class='ocr_par' dir='ltr' id='par_1_24' title="bbox 2060 1311 3632 1384">
     <span class='ocr_line' id='line_1_24' title="bbox 2060 1311 3632 1384; baseline 0.005 -21"><span class='ocrx_word' id='word_1_169' title='bbox 2060 1323 2183 1365; x_wconf 89' lang='lat' dir='ltr'><strong>cem</strong></span> <span class='ocrx_word' id='word_1_170' title='bbox 2231 1311 2558 1366; x_wconf 91' lang='lat' dir='ltr'><strong>chordarum</strong></span> <span class='ocrx_word' id='word_1_171' title='bbox 2608 1314 2792 1384; x_wconf 82' lang='lat' dir='ltr'><strong>psallit</strong></span> <span class='ocrx_word' id='word_1_172' title='bbox 2832 1312 2963 1368; x_wconf 90' lang='lat' dir='ltr'><strong>Deo.</strong></span> <span class='ocrx_word' id='word_1_173' title='bbox 3012 1312 3237 1371; x_wconf 86' lang='lat' dir='ltr'><strong>Cantate</strong></span> <span class='ocrx_word' id='word_1_174' title='bbox 3274 1317 3321 1369; x_wconf 89' lang='lat' dir='ltr'><strong>ei</strong></span> <span class='ocrx_word' id='word_1_175' title='bbox 3370 1318 3632 1371; x_wconf 75' lang='lat' dir='ltr'><strong>canticum</strong></span> 
     </span>
    </p>
   </div>
   <div class='ocr_carea' id='block_1_25' title="bbox 2059 1400 3633 1480">
    <p class='ocr_par' dir='ltr' id='par_1_25' title="bbox 2059 1400 3633 1480">
     <span class='ocr_line' id='line_1_25' title="bbox 2059 1400 3633 1480; baseline 0.007 -27"><span class='ocrx_word' id='word_1_176' title='bbox 2059 1415 2271 1459; x_wconf 85' lang='lat' dir='ltr'><strong>novum.</strong></span> <span class='ocrx_word' id='word_1_177' title='bbox 2304 1400 2593 1456; x_wconf 79' lang='lat' dir='ltr'><strong>Canticum</strong></span> <span class='ocrx_word' id='word_1_178' title='bbox 2634 1410 2789 1459; x_wconf 88' lang='lat' dir='ltr'><strong>vetus</strong></span> <span class='ocrx_word' id='word_1_179' title='bbox 2816 1405 3039 1474; x_wconf 86' lang='lat' dir='ltr'><strong>antiqua</strong></span> <span class='ocrx_word' id='word_1_180' title='bbox 3071 1406 3281 1460; x_wconf 81' lang='lat' dir='ltr'><strong>cithara</strong></span> <span class='ocrx_word' id='word_1_181' title='bbox 3322 1414 3375 1461; x_wconf 94' lang='lat' dir='ltr'><strong>et</strong></span> <span class='ocrx_word' id='word_1_182' title='bbox 3407 1409 3633 1480; x_wconf 81' lang='lat' dir='ltr'><strong>antiquo</strong></span> 
     </span>
    </p>
   </div>
   <div class='ocr_carea' id='block_1_26' title="bbox 2059 1493 3629 1568">
    <p class='ocr_par' dir='ltr' id='par_1_26' title="bbox 2059 1493 3629 1568">
     <span class='ocr_line' id='line_1_26' title="bbox 2059 1493 3629 1568; baseline 0.006 -21"><span class='ocrx_word' id='word_1_183' title='bbox 2059 1493 2320 1563; x_wconf 89' lang='lat' dir='ltr'><strong>psalterio</strong></span> <span class='ocrx_word' id='word_1_184' title='bbox 2342 1502 2620 1559; x_wconf 90' lang='lat' dir='ltr'><strong>cantatur,</strong></span> <span class='ocrx_word' id='word_1_185' title='bbox 2642 1496 3026 1552; x_wconf 87' lang='lat' dir='ltr'><strong>instrumentis</strong></span> <span class='ocrx_word' id='word_1_186' title='bbox 3052 1499 3263 1553; x_wconf 90' lang='lat' dir='ltr'><strong>scilicet</strong></span> <span class='ocrx_word' id='word_1_187' title='bbox 3291 1500 3629 1568; x_wconf 88' lang='lat' dir='ltr'><strong>inanimatis,</strong></span> 
     </span>
    </p>
   </div>
   <div class='ocr_carea' id='block_1_27' title="bbox 2044 1586 3631 1663">
    <p class='ocr_par' dir='ltr' id='par_1_27' title="bbox 2044 1586 3631 1663">
     <span class='ocr_line' id='line_1_27' title="bbox 2044 1586 3631 1663; baseline 0.006 -25"><span class='ocrx_word' id='word_1_188' title='bbox 2044 1586 2217 1656; x_wconf 82' lang='lat' dir='ltr'><strong>quasi</strong></span> <span class='ocrx_word' id='word_1_189' title='bbox 2250 1587 2514 1657; x_wconf 78' lang='lat' dir='ltr'><strong>Symbolis</strong></span> <span class='ocrx_word' id='word_1_190' title='bbox 2537 1595 2591 1643; x_wconf 90' lang='lat' dir='ltr'><strong>et</strong></span> <span class='ocrx_word' id='word_1_191' title='bbox 2631 1589 2961 1659; x_wconf 80' lang='lat' dir='ltr'><strong>imaginibus</strong></span> <span class='ocrx_word' id='word_1_192' title='bbox 2992 1592 3191 1661; x_wconf 87' lang='lat' dir='ltr'><strong>quibus</strong></span> <span class='ocrx_word' id='word_1_193' title='bbox 3230 1592 3381 1662; x_wconf 88' lang='lat' dir='ltr'><strong>prior</strong></span> <span class='ocrx_word' id='word_1_194' title='bbox 3411 1593 3499 1648; x_wconf 92' lang='lat' dir='ltr'><strong>ille</strong></span> <span class='ocrx_word' id='word_1_195' title='bbox 3531 1608 3631 1663; x_wconf 84' lang='lat' dir='ltr'><strong>po—</strong></span> 
     </span>
    </p>
   </div>
   <div class='ocr_carea' id='block_1_28' title="bbox 2056 1677 3629 1754">
    <p class='ocr_par' dir='ltr' id='par_1_28' title="bbox 2056 1677 3629 1754">
     <span class='ocr_line' id='line_1_28' title="bbox 2056 1677 3629 1754; baseline 0.007 -26"><span class='ocrx_word' id='word_1_196' title='bbox 2056 1678 2219 1747; x_wconf 89' lang='lat' dir='ltr'><strong>pulus</strong></span> <span class='ocrx_word' id='word_1_197' title='bbox 2245 1677 2519 1733; x_wconf 84' lang='lat' dir='ltr'><strong>studebat.</strong></span> <span class='ocrx_word' id='word_1_198' title='bbox 2552 1679 2621 1732; x_wconf 86' lang='lat' dir='ltr'><strong>At</strong></span> <span class='ocrx_word' id='word_1_199' title='bbox 2651 1696 2851 1735; x_wconf 91' lang='lat' dir='ltr'><strong>novum</strong></span> <span class='ocrx_word' id='word_1_200' title='bbox 2881 1684 3153 1736; x_wconf 84' lang='lat' dir='ltr'><strong>canticum</strong></span> <span class='ocrx_word' id='word_1_201' title='bbox 3188 1683 3629 1754; x_wconf 78' lang='lat' dir='ltr'><strong>magniﬁcentius</strong></span> 
     </span>
    </p>
   </div>
   <div class='ocr_carea' id='block_1_29' title="bbox 2057 1769 3629 1842">
    <p class='ocr_par' dir='ltr' id='par_1_29' title="bbox 2057 1769 3629 1842">
     <span class='ocr_line' id='line_1_29' title="bbox 2057 1769 3629 1842; baseline 0.007 -20"><span class='ocrx_word' id='word_1_202' title='bbox 2057 1785 2118 1823; x_wconf 91' lang='lat' dir='ltr'><strong>ac</strong></span> <span class='ocrx_word' id='word_1_203' title='bbox 2151 1769 2259 1824; x_wconf 92' lang='lat' dir='ltr'><strong>Deo</strong></span> <span class='ocrx_word' id='word_1_204' title='bbox 2293 1771 2532 1842; x_wconf 79' lang='lat' dir='ltr'><strong>dignius,</strong></span> <span class='ocrx_word' id='word_1_205' title='bbox 2574 1772 2786 1827; x_wconf 85' lang='lat' dir='ltr'><strong>cithara</strong></span> <span class='ocrx_word' id='word_1_206' title='bbox 2829 1776 3041 1830; x_wconf 86' lang='lat' dir='ltr'><strong>vivente</strong></span> <span class='ocrx_word' id='word_1_207' title='bbox 3072 1792 3135 1831; x_wconf 90' lang='lat' dir='ltr'><strong>ac</strong></span> <span class='ocrx_word' id='word_1_208' title='bbox 3185 1788 3491 1831; x_wconf 90' lang='lat' dir='ltr'><strong>memorato</strong></span> <span class='ocrx_word' id='word_1_209' title='bbox 3532 1778 3629 1833; x_wconf 90' lang='lat' dir='ltr'><strong>illo</strong></span> 
     </span>
    </p>
   </div>
   <div class='ocr_carea' id='block_1_30' title="bbox 365 1856 1938 1939">
    <p class='ocr_par' dir='ltr' id='par_1_30' title="bbox 365 1856 1938 1939">
     <span class='ocr_line' id='line_1_30' title="bbox 365 1856 1938 1939; baseline 0.009 -31"><span class='ocrx_word' id='word_1_210' title='bbox 365 1856 584 1923; x_wconf 71' lang='grc' dir='ltr'>Καλῶς</span> <span class='ocrx_word' id='word_1_211' title='bbox 621 1858 851 1926; x_wconf 46' lang='lat' dir='ltr'><strong>imitate</strong></span> <span class='ocrx_word' id='word_1_212' title='bbox 878 1861 948 1913; x_wconf 87' lang='grc' dir='ltr'>ἑν</span> <span class='ocrx_word' id='word_1_213' title='bbox 977 1863 1327 1933; x_wconf 75' lang='grc' dir='ltr'>ἀλαλαγμῷ.</span> <span class='ocrx_word' id='word_1_214' title='bbox 1373 1861 1541 1930; x_wconf 77' lang='grc' dir='ltr'>Οὗτος</span> <span class='ocrx_word' id='word_1_215' title='bbox 1584 1870 1612 1920; x_wconf 89' lang='grc' dir='ltr'>ὁ</span> <span class='ocrx_word' id='word_1_216' title='bbox 1640 1867 1938 1939; x_wconf 74' lang='grc' dir='ltr'>ἀλαλαγμός</span> 
     </span>
    </p>
   </div>
   <div class='ocr_carea' id='block_1_31' title="bbox 2039 1856 3629 1939">
    <p class='ocr_par' dir='ltr' id='par_1_31' title="bbox 2055 1860 3629 1935">
     <span class='ocr_line' id='line_1_31' title="bbox 2055 1860 3629 1935; baseline 0.004 -21"><span class='ocrx_word' id='word_1_217' title='bbox 2055 1861 2398 1915; x_wconf 87' lang='lat' dir='ltr'><strong>decachordo</strong></span> <span class='ocrx_word' id='word_1_218' title='bbox 2428 1860 2712 1932; x_wconf 79' lang='lat' dir='ltr'><strong>psalterio,</strong></span> <span class='ocrx_word' id='word_1_219' title='bbox 2763 1864 2873 1919; x_wconf 91' lang='lat' dir='ltr'><strong>Deo</strong></span> <span class='ocrx_word' id='word_1_220' title='bbox 2911 1868 3194 1927; x_wconf 82' lang='lat' dir='ltr'><strong>emittitur.</strong></span> <span class='ocrx_word' id='word_1_221' title='bbox 3234 1867 3372 1921; x_wconf 87' lang='lat' dir='ltr'><strong>Bene</strong></span> <span class='ocrx_word' id='word_1_222' title='bbox 3414 1868 3629 1935; x_wconf 80' lang='lat' dir='ltr'><strong>psallite</strong></span> 
     </span>
    </p>
   </div>
   <div class='ocr_carea' id='block_1_32' title="bbox 365 1948 1938 2030">
    <p class='ocr_par' dir='ltr' id='par_1_32' title="bbox 365 1948 1938 2027">
     <span class='ocr_line' id='line_1_32' title="bbox 365 1948 1938 2027; baseline 0.01 -29"><span class='ocrx_word' id='word_1_223' title='bbox 365 1948 484 1999; x_wconf 69' lang='grc' dir='ltr'>ἐστι</span> <span class='ocrx_word' id='word_1_224' title='bbox 518 1951 810 2018; x_wconf 89' lang='grc' dir='ltr'>μυστικός·</span> <span class='ocrx_word' id='word_1_225' title='bbox 842 1952 919 2005; x_wconf 85' lang='grc' dir='ltr'><strong>διὸ</strong></span> <span class='ocrx_word' id='word_1_226' title='bbox 958 1953 1175 2025; x_wconf 77' lang='grc' dir='ltr'>εἴρηταί</span> <span class='ocrx_word' id='word_1_227' title='bbox 1216 1974 1320 2009; x_wconf 86' lang='grc' dir='ltr'><strong>που</strong></span> <span class='ocrx_word' id='word_1_228' title='bbox 1342 1974 1355 1987; x_wconf 84' lang='lat'><strong><em>°</em></strong></span> <span class='ocrx_word' id='word_1_229' title='bbox 1390 1958 1691 2027; x_wconf 80' lang='grc' dir='ltr'>Μακάριος</span> <span class='ocrx_word' id='word_1_230' title='bbox 1732 1963 1765 2013; x_wconf 83' lang='grc' dir='ltr'><strong><em>ό</em></strong></span> <span class='ocrx_word' id='word_1_231' title='bbox 1802 1961 1938 2027; x_wconf 78' lang='grc' dir='ltr'>λαὸς</span> 
     </span>
    </p>
   </div>
   <div class='ocr_carea' id='block_1_33' title="bbox 2039 1948 3627 2030">
    <p class='ocr_par' dir='ltr' id='par_1_33' title="bbox 2052 1953 3627 2030">
     <span class='ocr_line' id='line_1_33' title="bbox 2052 1953 3627 2030; baseline 0.006 -25"><span class='ocrx_word' id='word_1_232' title='bbox 2052 1953 2106 2005; x_wconf 88' lang='lat' dir='ltr'><strong>in</strong></span> <span class='ocrx_word' id='word_1_233' title='bbox 2149 1953 2489 2021; x_wconf 85' lang='lat' dir='ltr'><strong>jubilatione.</strong></span> <span class='ocrx_word' id='word_1_234' title='bbox 2550 1954 2676 2009; x_wconf 67' lang='lat' dir='ltr'><strong>Hmc</strong></span> <span class='ocrx_word' id='word_1_235' title='bbox 2716 1956 2973 2024; x_wconf 90' lang='lat' dir='ltr'><strong>jubilatio</strong></span> <span class='ocrx_word' id='word_1_236' title='bbox 3018 1960 3250 2030; x_wconf 82' lang='lat' dir='ltr'><strong>mystica</strong></span> <span class='ocrx_word' id='word_1_237' title='bbox 3296 1968 3380 2015; x_wconf 90' lang='lat' dir='ltr'><strong>est</strong></span> <span class='ocrx_word' id='word_1_238' title='bbox 3413 1979 3425 2013; x_wconf 89' lang='lat'><strong>:</strong></span> <span class='ocrx_word' id='word_1_239' title='bbox 3455 1976 3627 2030; x_wconf 88' lang='lat' dir='ltr'><strong>quare</strong></span> 
     </span>
    </p>
   </div>
   <div class='ocr_carea' id='block_1_34' title="bbox 364 2038 1938 2123">
    <p class='ocr_par' dir='ltr' id='par_1_34' title="bbox 364 2038 1938 2123">
     <span class='ocr_line' id='line_1_34' title="bbox 364 2038 1938 2123; baseline 0.008 -31"><span class='ocrx_word' id='word_1_240' title='bbox 364 2040 401 2092; x_wconf 79' lang='grc' dir='ltr'><em>ὁ</em></span> <span class='ocrx_word' id='word_1_241' title='bbox 426 2038 734 2105; x_wconf 78' lang='grc' dir='ltr'><strong>γινώσκων</strong></span> <span class='ocrx_word' id='word_1_242' title='bbox 780 2044 1155 2116; x_wconf 77' lang='grc' dir='ltr'>ἀλαλαγμόν.</span> <span class='ocrx_word' id='word_1_243' title='bbox 1197 2050 1355 2103; x_wconf 85' lang='grc' dir='ltr'><strong>Ἀλλά</strong></span> <span class='ocrx_word' id='word_1_244' title='bbox 1389 2053 1482 2105; x_wconf 81' lang='grc' dir='ltr'><strong>καὶ</strong></span> <span class='ocrx_word' id='word_1_245' title='bbox 1523 2053 1647 2106; x_wconf 75' lang='grc' dir='ltr'>ἀντϊ</span> <span class='ocrx_word' id='word_1_246' title='bbox 1688 2054 1825 2123; x_wconf 84' lang='grc' dir='ltr'>βοῶν</span> <span class='ocrx_word' id='word_1_247' title='bbox 1858 2055 1938 2109; x_wconf 47' lang='grc' dir='ltr'><strong>καλ</strong></span> 
     </span>
    </p>
   </div>
   <div class='ocr_carea' id='block_1_35' title="bbox 2039 2038 3626 2123">
    <p class='ocr_par' dir='ltr' id='par_1_35' title="bbox 2051 2045 3626 2121">
     <span class='ocr_line' id='line_1_35' title="bbox 2051 2045 3626 2121; baseline 0.004 -22"><span class='ocrx_word' id='word_1_248' title='bbox 2051 2045 2257 2099; x_wconf 88' lang='lat' dir='ltr'><strong>dictum</strong></span> <span class='ocrx_word' id='word_1_249' title='bbox 2290 2047 2490 2102; x_wconf 87' lang='lat' dir='ltr'><strong>alicubi</strong></span> <span class='ocrx_word' id='word_1_250' title='bbox 2522 2049 2660 2105; x_wconf 78' lang='lat' dir='ltr'><strong>fuit:</strong></span> <span class='ocrx_word' id='word_1_251' title='bbox 2696 2048 2890 2103; x_wconf 83' lang='lat' dir='ltr'><strong>Beatus</strong></span> <span class='ocrx_word' id='word_1_252' title='bbox 2920 2051 3142 2119; x_wconf 87' lang='lat' dir='ltr'><strong>populus</strong></span> <span class='ocrx_word' id='word_1_253' title='bbox 3176 2052 3264 2121; x_wconf 86' lang='lat' dir='ltr'><strong>qui</strong></span> <span class='ocrx_word' id='word_1_254' title='bbox 3296 2054 3395 2105; x_wconf 89' lang='lat' dir='ltr'><strong>scit</strong></span> <span class='ocrx_word' id='word_1_255' title='bbox 3427 2052 3626 2115; x_wconf 82' lang='lat' dir='ltr'><strong>iubila-</strong></span> 
     </span>
    </p>
   </div>
   <div class='ocr_carea' id='block_1_36' title="bbox 369 2128 1938 2211">
    <p class='ocr_par' dir='ltr' id='par_1_36' title="bbox 369 2128 1938 2211">
     <span class='ocr_line' id='line_1_36' title="bbox 369 2128 1938 2211; baseline 0.013 -32"><span class='ocrx_word' id='word_1_256' title='bbox 369 2128 606 2200; x_wconf 80' lang='grc' dir='ltr'>μόσχων,</span> <span class='ocrx_word' id='word_1_257' title='bbox 649 2135 746 2187; x_wconf 73' lang='grc' dir='ltr'><strong>καὶ</strong></span> <span class='ocrx_word' id='word_1_258' title='bbox 807 2135 914 2189; x_wconf 83' lang='grc' dir='ltr'><strong>τῶν</strong></span> <span class='ocrx_word' id='word_1_259' title='bbox 964 2138 1032 2190; x_wconf 89' lang='grc' dir='ltr'>δι’</span> <span class='ocrx_word' id='word_1_260' title='bbox 1067 2140 1297 2211; x_wconf 81' lang='grc' dir='ltr'>αἵματος</span> <span class='ocrx_word' id='word_1_261' title='bbox 1329 2143 1550 2208; x_wconf 83' lang='grc' dir='ltr'>θυσιῶν,</span> <span class='ocrx_word' id='word_1_262' title='bbox 1585 2145 1777 2209; x_wconf 80' lang='grc' dir='ltr'>θυσίας</span> <span class='ocrx_word' id='word_1_263' title='bbox 1820 2146 1938 2201; x_wconf 74' lang='grc' dir='ltr'>ἀλαι</span> 
     </span>
    </p>
   </div>
   <div class='ocr_carea' id='block_1_37' title="bbox 2039 2128 3622 2211">
    <p class='ocr_par' dir='ltr' id='par_1_37' title="bbox 2053 2136 3622 2204">
     <span class='ocr_line' id='line_1_37' title="bbox 2053 2136 3622 2204; baseline 0.005 -16"><span class='ocrx_word' id='word_1_264' title='bbox 2053 2137 2242 2190; x_wconf 81' lang='lat' dir='ltr'><strong>tionem</strong></span> <span class='ocrx_word' id='word_1_265' title='bbox 2263 2140 2306 2193; x_wconf 84' lang='grc'>¹.</span> <span class='ocrx_word' id='word_1_266' title='bbox 2342 2136 2456 2193; x_wconf 90' lang='lat' dir='ltr'><strong>lmo</strong></span> <span class='ocrx_word' id='word_1_267' title='bbox 2497 2155 2627 2194; x_wconf 88' lang='lat' dir='ltr'><strong>vero</strong></span> <span class='ocrx_word' id='word_1_268' title='bbox 2664 2140 2853 2204; x_wconf 87' lang='lat' dir='ltr'><strong>boum,</strong></span> <span class='ocrx_word' id='word_1_269' title='bbox 2896 2142 3214 2204; x_wconf 86' lang='lat' dir='ltr'><strong>vitulorum,</strong></span> <span class='ocrx_word' id='word_1_270' title='bbox 3241 2150 3622 2196; x_wconf 87' lang='lat' dir='ltr'><strong>cruentorum-</strong></span> 
     </span>
    </p>
   </div>
   <div class='ocr_carea' id='block_1_38' title="bbox 364 2218 1938 2302">
    <p class='ocr_par' dir='ltr' id='par_1_38' title="bbox 364 2218 1938 2302">
     <span class='ocr_line' id='line_1_38' title="bbox 364 2218 1938 2302; baseline 0.011 -30"><span class='ocrx_word' id='word_1_271' title='bbox 364 2218 578 2292; x_wconf 84' lang='grc' dir='ltr'>λαγμοῦ</span> <span class='ocrx_word' id='word_1_272' title='bbox 621 2226 1049 2281; x_wconf 86' lang='grc' dir='ltr'>κατατεθυκέναι</span> <span class='ocrx_word' id='word_1_273' title='bbox 1095 2231 1259 2302; x_wconf 68' lang='grc' dir='ltr'>φησιν</span> <span class='ocrx_word' id='word_1_274' title='bbox 1292 2235 1320 2286; x_wconf 95' lang='lat'><strong>6</strong></span> <span class='ocrx_word' id='word_1_275' title='bbox 1355 2232 1555 2287; x_wconf 81' lang='grc' dir='ltr'>εἰπών·</span> <span class='ocrx_word' id='word_1_276' title='bbox 1598 2236 1938 2291; x_wconf 79' lang='grc' dir='ltr'>Ἐκύκλωσα</span> 
     </span>
    </p>
   </div>
   <div class='ocr_carea' id='block_1_39' title="bbox 2039 2218 3622 2302">
    <p class='ocr_par' dir='ltr' id='par_1_39' title="bbox 2050 2228 3622 2302">
     <span class='ocr_line' id='line_1_39' title="bbox 2050 2228 3622 2302; baseline 0.005 -23"><span class='ocrx_word' id='word_1_277' title='bbox 2050 2241 2155 2295; x_wconf 87' lang='lat' dir='ltr'><strong>que</strong></span> <span class='ocrx_word' id='word_1_278' title='bbox 2192 2228 2589 2283; x_wconf 85' lang='lat' dir='ltr'><strong>sacriﬁciorum</strong></span> <span class='ocrx_word' id='word_1_279' title='bbox 2619 2231 2759 2296; x_wconf 90' lang='lat' dir='ltr'><strong>loco,</strong></span> <span class='ocrx_word' id='word_1_280' title='bbox 2788 2231 3022 2285; x_wconf 88' lang='lat' dir='ltr'><strong>hostiam</strong></span> <span class='ocrx_word' id='word_1_281' title='bbox 3050 2232 3398 2302; x_wconf 90' lang='lat' dir='ltr'><strong>jubilationis</strong></span> <span class='ocrx_word' id='word_1_282' title='bbox 3426 2233 3622 2287; x_wconf 88' lang='lat' dir='ltr'><strong>immo-</strong></span> 
     </span>
    </p>
   </div>
   <div class='ocr_carea' id='block_1_40' title="bbox 362 2314 1938 2398">
    <p class='ocr_par' dir='ltr' id='par_1_40' title="bbox 362 2314 1938 2398">
     <span class='ocr_line' id='line_1_40' title="bbox 362 2314 1938 2398; baseline 0.011 -33"><span class='ocrx_word' id='word_1_283' title='bbox 362 2314 461 2365; x_wconf 77' lang='grc' dir='ltr'><strong>καί</strong></span> <span class='ocrx_word' id='word_1_284' title='bbox 500 2314 691 2369; x_wconf 76' lang='grc' dir='ltr'>ἔθυσα</span> <span class='ocrx_word' id='word_1_285' title='bbox 737 2317 901 2387; x_wconf 77' lang='grc' dir='ltr'>ἐντῇ</span> <span class='ocrx_word' id='word_1_286' title='bbox 944 2321 1148 2391; x_wconf 76' lang='grc' dir='ltr'>σκηνῇ</span> <span class='ocrx_word' id='word_1_287' title='bbox 1190 2324 1379 2377; x_wconf 86' lang='grc' dir='ltr'>αὐτοῦ</span> <span class='ocrx_word' id='word_1_288' title='bbox 1413 2326 1634 2379; x_wconf 82' lang='grc' dir='ltr'>θυσίαν</span> <span class='ocrx_word' id='word_1_289' title='bbox 1684 2327 1938 2398; x_wconf 65' lang='grc' dir='ltr'>ἀλαλαγι</span> 
     </span>
    </p>
   </div>
   <div class='ocr_carea' id='block_1_41' title="bbox 2039 2314 3619 2398">
    <p class='ocr_par' dir='ltr' id='par_1_41' title="bbox 2048 2321 3619 2384">
     <span class='ocr_line' id='line_1_41' title="bbox 2048 2321 3619 2384; baseline 0.006 -10"><span class='ocrx_word' id='word_1_290' title='bbox 2048 2321 2191 2376; x_wconf 90' lang='lat' dir='ltr'><strong>lasse</strong></span> <span class='ocrx_word' id='word_1_291' title='bbox 2228 2322 2304 2377; x_wconf 88' lang='lat' dir='ltr'><strong>ait</strong></span> <span class='ocrx_word' id='word_1_292' title='bbox 2354 2323 2444 2378; x_wconf 92' lang='lat' dir='ltr'><strong>ille</strong></span> <span class='ocrx_word' id='word_1_293' title='bbox 2470 2342 2483 2377; x_wconf 90' lang='lat'>:</span> <span class='ocrx_word' id='word_1_294' title='bbox 2509 2323 2739 2378; x_wconf 86' lang='lat' dir='ltr'><strong>Circuivi</strong></span> <span class='ocrx_word' id='word_1_295' title='bbox 2779 2334 2830 2379; x_wconf 90' lang='lat' dir='ltr'><strong>et</strong></span> <span class='ocrx_word' id='word_1_296' title='bbox 2878 2326 3145 2380; x_wconf 85' lang='lat' dir='ltr'><strong>immolavi</strong></span> <span class='ocrx_word' id='word_1_297' title='bbox 3180 2328 3233 2381; x_wconf 87' lang='lat' dir='ltr'><strong>in</strong></span> <span class='ocrx_word' id='word_1_298' title='bbox 3279 2328 3619 2384; x_wconf 86' lang='lat' dir='ltr'><strong>tabernaculo</strong></span> 
     </span>
    </p>
   </div>
   <div class='ocr_carea' id='block_1_42' title="bbox 353 2405 1938 2481">
    <p class='ocr_par' dir='ltr' id='par_1_42' title="bbox 353 2405 496 2474">
     <span class='ocr_line' id='line_1_42' title="bbox 353 2405 496 2474; baseline 0.007 -18"><span class='ocrx_word' id='word_1_299' title='bbox 353 2405 496 2474; x_wconf 72' lang='grc' dir='ltr'>μοῦ.</span> 
     </span>
    </p>
   </div>
   <div class='ocr_carea' id='block_1_43' title="bbox 2039 2405 2840 2481">
    <p class='ocr_par' dir='ltr' id='par_1_43' title="bbox 2045 2410 2840 2481">
     <span class='ocr_line' id='line_1_43' title="bbox 2045 2410 2840 2481; baseline 0.006 -17"><span class='ocrx_word' id='word_1_300' title='bbox 2045 2410 2160 2480; x_wconf 72' lang='lat' dir='ltr'><strong>eju&#39;s</strong></span> <span class='ocrx_word' id='word_1_301' title='bbox 2194 2411 2420 2465; x_wconf 83' lang='lat' dir='ltr'><strong>hostiam</strong></span> <span class='ocrx_word' id='word_1_302' title='bbox 2442 2413 2781 2481; x_wconf 86' lang='lat' dir='ltr'><strong>jubilationis</strong></span> <span class='ocrx_word' id='word_1_303' title='bbox 2799 2415 2840 2470; x_wconf 88' lang='grc'>³.</span> 
     </span>
    </p>
   </div>
   <div class='ocr_carea' id='block_1_44' title="bbox 436 2498 1938 2575">
    <p class='ocr_par' dir='ltr' id='par_1_44' title="bbox 436 2498 1938 2574">
     <span class='ocr_line' id='line_1_44' title="bbox 436 2498 1938 2574; baseline 0.011 -25"><span class='ocrx_word' id='word_1_304' title='bbox 436 2498 565 2550; x_wconf 76' lang='grc' dir='ltr'>Ὀτι</span> <span class='ocrx_word' id='word_1_305' title='bbox 597 2498 781 2566; x_wconf 81' lang='grc' dir='ltr'>εὐθὺς</span> <span class='ocrx_word' id='word_1_306' title='bbox 809 2503 843 2555; x_wconf 86' lang='grc' dir='ltr'>ό</span> <span class='ocrx_word' id='word_1_307' title='bbox 873 2503 1056 2573; x_wconf 68' lang='grc' dir='ltr'>λόγος</span> <span class='ocrx_word' id='word_1_308' title='bbox 1082 2505 1188 2559; x_wconf 88' lang='grc' dir='ltr'><strong>τοῦ</strong></span> <span class='ocrx_word' id='word_1_309' title='bbox 1226 2508 1469 2574; x_wconf 86' lang='grc' dir='ltr'>Κυρίου,</span> <span class='ocrx_word' id='word_1_310' title='bbox 1505 2510 1603 2563; x_wconf 81' lang='grc' dir='ltr'>καὶ</span> <span class='ocrx_word' id='word_1_311' title='bbox 1636 2510 1831 2565; x_wconf 81' lang='grc' dir='ltr'>πάντα</span> <span class='ocrx_word' id='word_1_312' title='bbox 1873 2512 1938 2566; x_wconf 79' lang='grc' dir='ltr'>τὰ</span> 
     </span>
    </p>
   </div>
   <div class='ocr_carea' id='block_1_45' title="bbox 2039 2498 3621 2575">
    <p class='ocr_par' dir='ltr' id='par_1_45' title="bbox 2116 2501 3621 2575">
     <span class='ocr_line' id='line_1_45' title="bbox 2116 2501 3621 2575; baseline 0.006 -20"><span class='ocrx_word' id='word_1_313' title='bbox 2116 2501 2285 2559; x_wconf 68' lang='lat' dir='ltr'><strong>Vens.</strong></span> <span class='ocrx_word' id='word_1_314' title='bbox 2314 2504 2367 2568; x_wconf 71' lang='grc'>4,</span> <span class='ocrx_word' id='word_1_315' title='bbox 2410 2504 2463 2559; x_wconf 85' lang='grc'><strong>5.</strong></span> <span class='ocrx_word' id='word_1_316' title='bbox 2507 2503 2647 2569; x_wconf 83' lang='lat' dir='ltr'><strong>Quia</strong></span> <span class='ocrx_word' id='word_1_317' title='bbox 2676 2517 2873 2559; x_wconf 90' lang='lat' dir='ltr'><strong>rectum</strong></span> <span class='ocrx_word' id='word_1_318' title='bbox 2921 2517 3000 2562; x_wconf 84' lang='lat' dir='ltr'><strong>est</strong></span> <span class='ocrx_word' id='word_1_319' title='bbox 3041 2508 3251 2563; x_wconf 83' lang='lat' dir='ltr'><strong>verbum</strong></span> <span class='ocrx_word' id='word_1_320' title='bbox 3285 2508 3520 2575; x_wconf 86' lang='lat' dir='ltr'><strong>Domini,</strong></span> <span class='ocrx_word' id='word_1_321' title='bbox 3566 2517 3621 2564; x_wconf 83' lang='lat' dir='ltr'><strong>et</strong></span> 
     </span>
    </p>
   </div>
   <div class='ocr_carea' id='block_1_46' title="bbox 356 2588 1938 2671">
    <p class='ocr_par' dir='ltr' id='par_1_46' title="bbox 356 2588 1938 2671">
     <span class='ocr_line' id='line_1_46' title="bbox 356 2588 1938 2671; baseline 0.011 -31"><span class='ocrx_word' id='word_1_322' title='bbox 356 2588 502 2657; x_wconf 72' lang='grc' dir='ltr'>ἔργα</span> <span class='ocrx_word' id='word_1_323' title='bbox 534 2591 720 2645; x_wconf 86' lang='grc' dir='ltr'>αὑτοῦ</span> <span class='ocrx_word' id='word_1_324' title='bbox 757 2592 828 2644; x_wconf 88' lang='grc' dir='ltr'>ἐν</span> <span class='ocrx_word' id='word_1_325' title='bbox 864 2594 1086 2648; x_wconf 81' lang='grc' dir='ltr'>πίστει.</span> <span class='ocrx_word' id='word_1_326' title='bbox 1139 2597 1357 2666; x_wconf 82' lang='grc' dir='ltr'>Ἀγαπᾷ</span> <span class='ocrx_word' id='word_1_327' title='bbox 1387 2600 1811 2671; x_wconf 75' lang='grc' dir='ltr'><strong>ἐλεημοσύνην</strong></span> <span class='ocrx_word' id='word_1_328' title='bbox 1844 2604 1938 2657; x_wconf 74' lang='grc' dir='ltr'><strong>καί</strong></span> 
     </span>
    </p>
   </div>
   <div class='ocr_carea' id='block_1_47' title="bbox 2039 2588 3618 2671">
    <p class='ocr_par' dir='ltr' id='par_1_47' title="bbox 2046 2594 3618 2667">
     <span class='ocr_line' id='line_1_47' title="bbox 2046 2594 3618 2667; baseline 0.005 -21"><span class='ocrx_word' id='word_1_329' title='bbox 2046 2594 2224 2646; x_wconf 85' lang='lat' dir='ltr'><strong>omnia</strong></span> <span class='ocrx_word' id='word_1_330' title='bbox 2267 2610 2425 2663; x_wconf 87' lang='lat' dir='ltr'><strong>opera</strong></span> <span class='ocrx_word' id='word_1_331' title='bbox 2454 2594 2567 2663; x_wconf 84' lang='lat' dir='ltr'><strong>ejus</strong></span> <span class='ocrx_word' id='word_1_332' title='bbox 2604 2595 2659 2647; x_wconf 89' lang='lat' dir='ltr'><strong>in</strong></span> <span class='ocrx_word' id='word_1_333' title='bbox 2697 2595 2819 2664; x_wconf 80' lang='lat' dir='ltr'><strong>ﬁde.</strong></span> <span class='ocrx_word' id='word_1_334' title='bbox 2872 2596 3061 2667; x_wconf 88' lang='lat' dir='ltr'><strong>Diligit</strong></span> <span class='ocrx_word' id='word_1_335' title='bbox 3107 2600 3529 2653; x_wconf 82' lang='lat' dir='ltr'><strong>misericordiam</strong></span> <span class='ocrx_word' id='word_1_336' title='bbox 3567 2610 3618 2654; x_wconf 93' lang='lat' dir='ltr'><strong>et</strong></span> 
     </span>
    </p>
   </div>
   <div class='ocr_carea' id='block_1_48' title="bbox 356 2679 1938 2767">
    <p class='ocr_par' dir='ltr' id='par_1_48' title="bbox 356 2679 1938 2767">
     <span class='ocr_line' id='line_1_48' title="bbox 356 2679 1938 2767; baseline 0.014 -38"><span class='ocrx_word' id='word_1_337' title='bbox 356 2679 594 2744; x_wconf 73' lang='grc' dir='ltr'>κρίσιν·</span> <span class='ocrx_word' id='word_1_338' title='bbox 624 2681 730 2734; x_wconf 87' lang='grc' dir='ltr'><strong>τοῦ</strong></span> <span class='ocrx_word' id='word_1_339' title='bbox 753 2682 967 2749; x_wconf 77' lang='grc' dir='ltr'>ἐλέους</span> <span class='ocrx_word' id='word_1_340' title='bbox 993 2686 1215 2753; x_wconf 84' lang='grc' dir='ltr'>Κυρίου</span> <span class='ocrx_word' id='word_1_341' title='bbox 1249 2689 1490 2758; x_wconf 79' lang='grc' dir='ltr'>πλήρης</span> <span class='ocrx_word' id='word_1_342' title='bbox 1520 2694 1558 2761; x_wconf 79' lang='grc' dir='ltr'><em>ἠ</em></span> <span class='ocrx_word' id='word_1_343' title='bbox 1588 2692 1683 2761; x_wconf 76' lang='grc' dir='ltr'>γῆ.</span> <span class='ocrx_word' id='word_1_344' title='bbox 1722 2696 1802 2749; x_wconf 87' lang='grc' dir='ltr'><strong>Τά</strong></span> <span class='ocrx_word' id='word_1_345' title='bbox 1845 2697 1938 2767; x_wconf 84' lang='grc' dir='ltr'>μὲν</span> 
     </span>
    </p>
   </div>
   <div class='ocr_carea' id='block_1_49' title="bbox 2039 2679 3620 2767">
    <p class='ocr_par' dir='ltr' id='par_1_49' title="bbox 2039 2682 3620 2756">
     <span class='ocr_line' id='line_1_49' title="bbox 2039 2682 3620 2756; baseline 0.008 -21"><span class='ocrx_word' id='word_1_346' title='bbox 2039 2682 2301 2750; x_wconf 84' lang='lat' dir='ltr'><strong>judicium</strong></span> <span class='ocrx_word' id='word_1_347' title='bbox 2327 2700 2345 2737; x_wconf 90' lang='lat'><em>:</em></span> <span class='ocrx_word' id='word_1_348' title='bbox 2381 2684 2745 2738; x_wconf 87' lang='lat' dir='ltr'><strong>misericordia</strong></span> <span class='ocrx_word' id='word_1_349' title='bbox 2767 2685 2981 2740; x_wconf 88' lang='lat' dir='ltr'><strong>Domini</strong></span> <span class='ocrx_word' id='word_1_350' title='bbox 3006 2688 3164 2754; x_wconf 89' lang='lat' dir='ltr'><strong>plena</strong></span> <span class='ocrx_word' id='word_1_351' title='bbox 3189 2699 3264 2742; x_wconf 91' lang='lat' dir='ltr'><strong>est</strong></span> <span class='ocrx_word' id='word_1_352' title='bbox 3298 2700 3458 2743; x_wconf 90' lang='lat' dir='ltr'><strong>terra.</strong></span> <span class='ocrx_word' id='word_1_353' title='bbox 3488 2691 3620 2756; x_wconf 58' lang='lat' dir='ltr'><strong>Quae</strong></span> 
     </span>
    </p>
   </div>
   <div class='ocr_carea' id='block_1_50' title="bbox 352 2769 1938 2859">
    <p class='ocr_par' dir='ltr' id='par_1_50' title="bbox 352 2769 1938 2859">
     <span class='ocr_line' id='line_1_50' title="bbox 352 2769 1938 2859; baseline 0.015 -39"><span class='ocrx_word' id='word_1_354' title='bbox 352 2769 457 2838; x_wconf 75' lang='grc' dir='ltr'>τῆς</span> <span class='ocrx_word' id='word_1_355' title='bbox 506 2770 615 2823; x_wconf 84' lang='grc' dir='ltr'>τῶν</span> <span class='ocrx_word' id='word_1_356' title='bbox 649 2772 819 2827; x_wconf 68' lang='grc' dir='ltr'>ὄντων</span> <span class='ocrx_word' id='word_1_357' title='bbox 862 2777 1222 2849; x_wconf 79' lang='grc' dir='ltr'>καταλήψεως</span> <span class='ocrx_word' id='word_1_358' title='bbox 1265 2781 1352 2834; x_wconf 83' lang='grc' dir='ltr'>διὰ</span> <span class='ocrx_word' id='word_1_359' title='bbox 1391 2782 1629 2848; x_wconf 86' lang='grc' dir='ltr'>πίστεως</span> <span class='ocrx_word' id='word_1_360' title='bbox 1670 2788 1800 2857; x_wconf 82' lang='grc' dir='ltr'>ἡμῖν</span> <span class='ocrx_word' id='word_1_361' title='bbox 1833 2808 1938 2859; x_wconf 90' lang='grc' dir='ltr'><strong>χω-</strong></span> 
     </span>
    </p>
   </div>
   <div class='ocr_carea' id='block_1_51' title="bbox 2039 2769 3616 2859">
    <p class='ocr_par' dir='ltr' id='par_1_51' title="bbox 2044 2777 3616 2851">
     <span class='ocr_line' id='line_1_51' title="bbox 2044 2777 3616 2851; baseline 0.004 -21"><span class='ocrx_word' id='word_1_362' title='bbox 2044 2777 2432 2845; x_wconf 82' lang='lat' dir='ltr'><strong>cogitationem</strong></span> <span class='ocrx_word' id='word_1_363' title='bbox 2461 2792 2525 2830; x_wconf 92' lang='lat' dir='ltr'><strong>ac</strong></span> <span class='ocrx_word' id='word_1_364' title='bbox 2553 2780 3098 2848; x_wconf 86' lang='lat' dir='ltr'><strong>comprehensionem</strong></span> <span class='ocrx_word' id='word_1_365' title='bbox 3124 2797 3309 2835; x_wconf 84' lang='lat' dir='ltr'><strong>rerum</strong></span> <span class='ocrx_word' id='word_1_366' title='bbox 3344 2790 3616 2851; x_wconf 88' lang='lat' dir='ltr'><strong>spectant,</strong></span> 
     </span>
    </p>
   </div>
   <div class='ocr_carea' id='block_1_52' title="bbox 355 2864 1938 2951">
    <p class='ocr_par' dir='ltr' id='par_1_52' title="bbox 355 2864 1938 2951">
     <span class='ocr_line' id='line_1_52' title="bbox 355 2864 1938 2951; baseline 0.014 -38"><span class='ocrx_word' id='word_1_367' title='bbox 355 2864 541 2934; x_wconf 81' lang='grc' dir='ltr'>ρείτω,</span> <span class='ocrx_word' id='word_1_368' title='bbox 575 2865 644 2918; x_wconf 80' lang='grc' dir='ltr'>τὰ</span> <span class='ocrx_word' id='word_1_369' title='bbox 682 2866 737 2919; x_wconf 78' lang='grc' dir='ltr'>δὲ</span> <span class='ocrx_word' id='word_1_370' title='bbox 794 2867 885 2921; x_wconf 86' lang='grc' dir='ltr'><strong>τοῦ</strong></span> <span class='ocrx_word' id='word_1_371' title='bbox 928 2872 1235 2941; x_wconf 78' lang='grc' dir='ltr'>πρακτικοῦ</span> <span class='ocrx_word' id='word_1_372' title='bbox 1272 2874 1388 2944; x_wconf 89' lang='grc' dir='ltr'>βίου</span> <span class='ocrx_word' id='word_1_373' title='bbox 1434 2876 1524 2929; x_wconf 84' lang='grc' dir='ltr'>διὰ</span> <span class='ocrx_word' id='word_1_374' title='bbox 1575 2878 1938 2951; x_wconf 82' lang='grc' dir='ltr'>ὲλεημοσύνης</span> 
     </span>
    </p>
   </div>
   <div class='ocr_carea' id='block_1_53' title="bbox 2039 2864 3616 2951">
    <p class='ocr_par' dir='ltr' id='par_1_53' title="bbox 2041 2868 3616 2944">
     <span class='ocr_line' id='line_1_53' title="bbox 2041 2868 3616 2944; baseline 0.005 -22"><span class='ocrx_word' id='word_1_375' title='bbox 2041 2883 2139 2937; x_wconf 88' lang='lat' dir='ltr'><strong>per</strong></span> <span class='ocrx_word' id='word_1_376' title='bbox 2166 2868 2326 2923; x_wconf 91' lang='lat' dir='ltr'><strong>ﬁdem</strong></span> <span class='ocrx_word' id='word_1_377' title='bbox 2369 2870 2528 2925; x_wconf 89' lang='lat' dir='ltr'><strong>nobis</strong></span> <span class='ocrx_word' id='word_1_378' title='bbox 2563 2871 2881 2940; x_wconf 86' lang='lat' dir='ltr'><strong>tradantur;</strong></span> <span class='ocrx_word' id='word_1_379' title='bbox 2936 2887 3058 2939; x_wconf 72' lang='lat' dir='ltr'><strong>quae</strong></span> <span class='ocrx_word' id='word_1_380' title='bbox 3101 2882 3282 2929; x_wconf 90' lang='lat' dir='ltr'><strong>autem</strong></span> <span class='ocrx_word' id='word_1_381' title='bbox 3317 2876 3616 2944; x_wconf 90' lang='lat' dir='ltr'><strong>practicam</strong></span> 
     </span>
    </p>
   </div>
   <div class='ocr_carea' id='block_1_54' title="bbox 352 2957 1938 3045">
    <p class='ocr_par' dir='ltr' id='par_1_54' title="bbox 352 2957 1938 3045">
     <span class='ocr_line' id='line_1_54' title="bbox 352 2957 1938 3045; baseline 0.012 -38"><span class='ocrx_word' id='word_1_382' title='bbox 352 2957 451 3009; x_wconf 68' lang='grc' dir='ltr'>καὶ</span> <span class='ocrx_word' id='word_1_383' title='bbox 484 2957 738 3028; x_wconf 79' lang='grc' dir='ltr'>κρίσεως.</span> <span class='ocrx_word' id='word_1_384' title='bbox 767 2962 952 3016; x_wconf 91' lang='grc' dir='ltr'>Ταῦτα</span> <span class='ocrx_word' id='word_1_385' title='bbox 979 2965 1089 3036; x_wconf 79' lang='grc' dir='ltr'><strong>γάρ</strong></span> <span class='ocrx_word' id='word_1_386' title='bbox 1121 2966 1312 3039; x_wconf 82' lang='grc' dir='ltr'>ἀγαπᾷ</span> <span class='ocrx_word' id='word_1_387' title='bbox 1340 2969 1368 3020; x_wconf 88' lang='grc' dir='ltr'>ὁ</span> <span class='ocrx_word' id='word_1_388' title='bbox 1406 2969 1569 3034; x_wconf 81' lang='grc' dir='ltr'>εὐθὺς</span> <span class='ocrx_word' id='word_1_389' title='bbox 1602 2971 1696 3024; x_wconf 92' lang='grc' dir='ltr'><strong>τοῦ</strong></span> <span class='ocrx_word' id='word_1_390' title='bbox 1733 2974 1938 3045; x_wconf 82' lang='grc' dir='ltr'>Κυρίου</span> 
     </span>
    </p>
   </div>
   <div class='ocr_carea' id='block_1_55' title="bbox 2039 2957 3615 3045">
    <p class='ocr_par' dir='ltr' id='par_1_55' title="bbox 2039 2962 3615 3035">
     <span class='ocr_line' id='line_1_55' title="bbox 2039 2962 3615 3035; baseline 0.003 -19"><span class='ocrx_word' id='word_1_391' title='bbox 2039 2963 2229 3026; x_wconf 88' lang='lat' dir='ltr'><strong>vitam,</strong></span> <span class='ocrx_word' id='word_1_392' title='bbox 2274 2978 2372 3031; x_wconf 90' lang='lat' dir='ltr'><strong>per</strong></span> <span class='ocrx_word' id='word_1_393' title='bbox 2418 2962 2852 3019; x_wconf 85' lang='lat' dir='ltr'><strong>misericordiam</strong></span> <span class='ocrx_word' id='word_1_394' title='bbox 2897 2966 3267 3035; x_wconf 71' lang='lat' dir='ltr'><strong>etjutlicium.</strong></span> <span class='ocrx_word' id='word_1_395' title='bbox 3301 2966 3427 3023; x_wconf 63' lang='lat' dir='ltr'><strong>Hazc</strong></span> <span class='ocrx_word' id='word_1_396' title='bbox 3469 2968 3615 3021; x_wconf 88' lang='lat' dir='ltr'><strong>enim</strong></span> 
     </span>
    </p>
   </div>
   <div class='ocr_carea' id='block_1_56' title="bbox 350 3045 1938 3129">
    <p class='ocr_par' dir='ltr' id='par_1_56' title="bbox 350 3045 1938 3129">
     <span class='ocr_line' id='line_1_56' title="bbox 350 3045 1938 3129; baseline 0.013 -31"><span class='ocrx_word' id='word_1_397' title='bbox 350 3045 510 3115; x_wconf 82' lang='grc' dir='ltr'>λόγος</span> <span class='ocrx_word' id='word_1_398' title='bbox 539 3065 552 3078; x_wconf 93' lang='grc'><strong>·</strong></span> <span class='ocrx_word' id='word_1_399' title='bbox 584 3049 677 3103; x_wconf 84' lang='grc' dir='ltr'>ἆτε</span> <span class='ocrx_word' id='word_1_400' title='bbox 726 3057 1006 3123; x_wconf 79' lang='grc' dir='ltr'>κριτικοὺς</span> <span class='ocrx_word' id='word_1_401' title='bbox 1044 3060 1194 3129; x_wconf 77' lang='grc' dir='ltr'>ἡμᾶς</span> <span class='ocrx_word' id='word_1_402' title='bbox 1240 3062 1655 3127; x_wconf 83' lang='grc' dir='ltr'>κατασκευάσας</span> <span class='ocrx_word' id='word_1_403' title='bbox 1684 3066 1777 3117; x_wconf 81' lang='grc' dir='ltr'><strong>καὶ</strong></span> <span class='ocrx_word' id='word_1_404' title='bbox 1824 3066 1938 3120; x_wconf 91' lang='grc' dir='ltr'>δια-</span> 
     </span>
    </p>
   </div>
   <div class='ocr_carea' id='block_1_57' title="bbox 2039 3045 3615 3129">
    <p class='ocr_par' dir='ltr' id='par_1_57' title="bbox 2039 3051 3615 3129">
     <span class='ocr_line' id='line_1_57' title="bbox 2039 3051 3615 3129; baseline 0.004 -23"><span class='ocrx_word' id='word_1_405' title='bbox 2039 3051 2217 3122; x_wconf 84' lang='lat' dir='ltr'><strong>diligit</strong></span> <span class='ocrx_word' id='word_1_406' title='bbox 2263 3060 2471 3107; x_wconf 91' lang='lat' dir='ltr'><strong>rectum</strong></span> <span class='ocrx_word' id='word_1_407' title='bbox 2515 3054 2650 3108; x_wconf 88' lang='lat' dir='ltr'><strong>illud</strong></span> <span class='ocrx_word' id='word_1_408' title='bbox 2683 3056 2910 3109; x_wconf 88' lang='lat' dir='ltr'><strong>verbum</strong></span> <span class='ocrx_word' id='word_1_409' title='bbox 2933 3055 3181 3121; x_wconf 88' lang='lat' dir='ltr'><strong>Domini,</strong></span> <span class='ocrx_word' id='word_1_410' title='bbox 3231 3065 3418 3128; x_wconf 81' lang='lat' dir='ltr'><strong>utpote</strong></span> <span class='ocrx_word' id='word_1_411' title='bbox 3466 3058 3615 3129; x_wconf 92' lang='lat' dir='ltr'><strong>quod</strong></span> 
     </span>
    </p>
   </div>
   <div class='ocr_carea' id='block_1_58' title="bbox 350 3141 1937 3227">
    <p class='ocr_par' dir='ltr' id='par_1_58' title="bbox 350 3141 1937 3227">
     <span class='ocr_line' id='line_1_58' title="bbox 350 3141 1937 3227; baseline 0.012 -35"><span class='ocrx_word' id='word_1_412' title='bbox 350 3141 635 3208; x_wconf 77' lang='grc' dir='ltr'>κριτικοὺς</span> <span class='ocrx_word' id='word_1_413' title='bbox 662 3142 755 3196; x_wconf 88' lang='grc' dir='ltr'><strong>τοῦ</strong></span> <span class='ocrx_word' id='word_1_414' title='bbox 786 3161 846 3198; x_wconf 89' lang='grc' dir='ltr'><strong>τε</strong></span> <span class='ocrx_word' id='word_1_415' title='bbox 873 3147 1039 3200; x_wconf 84' lang='grc' dir='ltr'>καλοῦ</span> <span class='ocrx_word' id='word_1_416' title='bbox 1092 3151 1310 3204; x_wconf 76' lang='grc' dir='ltr'>καὶτοῦ</span> <span class='ocrx_word' id='word_1_417' title='bbox 1358 3153 1624 3207; x_wconf 79' lang='grc' dir='ltr'>ἐναντίου.</span> <span class='ocrx_word' id='word_1_418' title='bbox 1672 3156 1763 3209; x_wconf 86' lang='grc' dir='ltr'>Διὸ</span> <span class='ocrx_word' id='word_1_419' title='bbox 1814 3157 1937 3227; x_wconf 84' lang='grc' dir='ltr'>βού-</span> 
     </span>
    </p>
   </div>
   <div class='ocr_carea' id='block_1_59' title="bbox 2037 3144 3615 3214">
    <p class='ocr_par' dir='ltr' id='par_1_59' title="bbox 2037 3144 3615 3214">
     <span class='ocr_line' id='line_1_59' title="bbox 2037 3144 3615 3214; baseline 0.007 -16"><span class='ocrx_word' id='word_1_420' title='bbox 2037 3144 2198 3199; x_wconf 88' lang='lat' dir='ltr'><strong>nobis</strong></span> <span class='ocrx_word' id='word_1_421' title='bbox 2248 3146 2656 3201; x_wconf 85' lang='lat' dir='ltr'><strong>internoscendi</strong></span> <span class='ocrx_word' id='word_1_422' title='bbox 2688 3148 2797 3201; x_wconf 90' lang='lat' dir='ltr'><strong>vim</strong></span> <span class='ocrx_word' id='word_1_423' title='bbox 2837 3148 3116 3214; x_wconf 87' lang='lat' dir='ltr'><strong>indiderit,</strong></span> <span class='ocrx_word' id='word_1_424' title='bbox 3151 3165 3215 3204; x_wconf 89' lang='lat' dir='ltr'><strong>ac</strong></span> <span class='ocrx_word' id='word_1_425' title='bbox 3265 3152 3615 3209; x_wconf 90' lang='lat' dir='ltr'><strong>discernendi</strong></span> 
     </span>
    </p>
   </div>
   <div class='ocr_carea' id='block_1_60' title="bbox 347 3230 1938 3319">
    <p class='ocr_par' dir='ltr' id='par_1_60' title="bbox 347 3230 1934 3319">
     <span class='ocr_line' id='line_1_60' title="bbox 347 3230 1934 3319; baseline 0.014 -38"><span class='ocrx_word' id='word_1_426' title='bbox 347 3230 498 3284; x_wconf 88' lang='grc' dir='ltr'>λεται</span> <span class='ocrx_word' id='word_1_427' title='bbox 532 3234 680 3303; x_wconf 77' lang='grc' dir='ltr'>ἡμᾶς</span> <span class='ocrx_word' id='word_1_428' title='bbox 728 3236 894 3308; x_wconf 81' lang='grc' dir='ltr'>μηδὲν</span> <span class='ocrx_word' id='word_1_429' title='bbox 930 3240 1172 3311; x_wconf 81' lang='grc' dir='ltr'>ἀκρίτως</span> <span class='ocrx_word' id='word_1_430' title='bbox 1217 3244 1498 3315; x_wconf 86' lang='grc' dir='ltr'>πράττειν,</span> <span class='ocrx_word' id='word_1_431' title='bbox 1544 3247 1678 3318; x_wconf 85' lang='grc' dir='ltr'>μηδὲ</span> <span class='ocrx_word' id='word_1_432' title='bbox 1725 3248 1934 3319; x_wconf 84' lang='grc' dir='ltr'>ἀλόγως</span> 
     </span>
    </p>
   </div>
   <div class='ocr_carea' id='block_1_61' title="bbox 2039 3230 3615 3319">
    <p class='ocr_par' dir='ltr' id='par_1_61' title="bbox 2039 3236 3615 3307">
     <span class='ocr_line' id='line_1_61' title="bbox 2039 3236 3615 3307; baseline 0.007 -18"><span class='ocrx_word' id='word_1_433' title='bbox 2039 3236 2180 3290; x_wconf 90' lang='lat' dir='ltr'><strong>inter</strong></span> <span class='ocrx_word' id='word_1_434' title='bbox 2203 3236 2405 3290; x_wconf 91' lang='lat' dir='ltr'><strong>bonum</strong></span> <span class='ocrx_word' id='word_1_435' title='bbox 2436 3244 2491 3291; x_wconf 90' lang='lat' dir='ltr'><strong>et</strong></span> <span class='ocrx_word' id='word_1_436' title='bbox 2521 3239 2831 3307; x_wconf 90' lang='lat' dir='ltr'><strong>oppositum</strong></span> <span class='ocrx_word' id='word_1_437' title='bbox 2874 3241 3043 3295; x_wconf 91' lang='lat' dir='ltr'><strong>illius.</strong></span> <span class='ocrx_word' id='word_1_438' title='bbox 3083 3240 3450 3306; x_wconf 84' lang='lat' dir='ltr'><strong>Quamobrem</strong></span> <span class='ocrx_word' id='word_1_439' title='bbox 3500 3246 3615 3300; x_wconf 83' lang='lat' dir='ltr'><strong>vult</strong></span> 
     </span>
    </p>
   </div>
   <div class='ocr_carea' id='block_1_62' title="bbox 347 3323 1935 3413">
    <p class='ocr_par' dir='ltr' id='par_1_62' title="bbox 347 3323 1935 3413">
     <span class='ocr_line' id='line_1_62' title="bbox 347 3323 1935 3413; baseline 0.013 -39"><span class='ocrx_word' id='word_1_440' title='bbox 347 3323 613 3394; x_wconf 74' lang='grc' dir='ltr'>φέρεσθαι</span> <span class='ocrx_word' id='word_1_441' title='bbox 658 3331 777 3392; x_wconf 88' lang='grc' dir='ltr'>ταῖς</span> <span class='ocrx_word' id='word_1_442' title='bbox 818 3329 875 3396; x_wconf 82' lang='grc' dir='ltr'><strong>ἐξ</strong></span> <span class='ocrx_word' id='word_1_443' title='bbox 919 3332 1098 3386; x_wconf 75' lang='grc' dir='ltr'>αὐτῶν</span> <span class='ocrx_word' id='word_1_444' title='bbox 1139 3337 1366 3407; x_wconf 86' lang='grc' dir='ltr'>ὁρμαῖς,</span> <span class='ocrx_word' id='word_1_445' title='bbox 1418 3340 1757 3409; x_wconf 70' lang='grc' dir='ltr'>κεκριμένως,</span> <span class='ocrx_word' id='word_1_446' title='bbox 1805 3342 1935 3413; x_wconf 65' lang='grc' dir='ltr'>περὶ</span> 
     </span>
    </p>
   </div>
   <div class='ocr_carea' id='block_1_63' title="bbox 344 3414 1935 3499">
    <p class='ocr_par' dir='ltr' id='par_1_63' title="bbox 344 3414 1935 3499">
     <span class='ocr_line' id='line_1_63' title="bbox 344 3414 1935 3499; baseline 0.012 -33"><span class='ocrx_word' id='word_1_447' title='bbox 344 3414 458 3467; x_wconf 79' lang='grc' dir='ltr'>τῶν</span> <span class='ocrx_word' id='word_1_448' title='bbox 491 3419 781 3487; x_wconf 77' lang='grc' dir='ltr'>πρακτέων</span> <span class='ocrx_word' id='word_1_449' title='bbox 832 3421 1224 3492; x_wconf 78' lang='grc' dir='ltr'>βουλεύεσθαι,</span> <span class='ocrx_word' id='word_1_450' title='bbox 1281 3428 1375 3480; x_wconf 76' lang='grc' dir='ltr'>καὶ</span> <span class='ocrx_word' id='word_1_451' title='bbox 1412 3431 1548 3499; x_wconf 84' lang='grc' dir='ltr'>πρός</span> <span class='ocrx_word' id='word_1_452' title='bbox 1601 3447 1664 3498; x_wconf 85' lang='grc' dir='ltr'><strong>γε</strong></span> <span class='ocrx_word' id='word_1_453' title='bbox 1715 3431 1935 3487; x_wconf 87' lang='grc' dir='ltr'>πάντων</span> 
     </span>
    </p>
   </div>
   <div class='ocr_carea' id='block_1_64' title="bbox 343 3506 1934 3591">
    <p class='ocr_par' dir='ltr' id='par_1_64' title="bbox 343 3506 1934 3591">
     <span class='ocr_line' id='line_1_64' title="bbox 343 3506 1934 3591; baseline 0.01 -32"><span class='ocrx_word' id='word_1_454' title='bbox 343 3506 733 3577; x_wconf 72' lang='grc' dir='ltr'>ὲλεημονικοὺς</span> <span class='ocrx_word' id='word_1_455' title='bbox 792 3507 929 3566; x_wconf 74' lang='grc' dir='ltr'>εἶναι</span> <span class='ocrx_word' id='word_1_456' title='bbox 956 3554 970 3579; x_wconf 92' lang='grc'><strong>,</strong></span> <span class='ocrx_word' id='word_1_457' title='bbox 1026 3518 1467 3587; x_wconf 81' lang='grc' dir='ltr'>συγνωμονικοὺς</span> <span class='ocrx_word' id='word_1_458' title='bbox 1517 3519 1573 3573; x_wconf 83' lang='grc' dir='ltr'>δὲ</span> <span class='ocrx_word' id='word_1_459' title='bbox 1626 3520 1763 3591; x_wconf 80' lang='grc' dir='ltr'>πρὸς</span> <span class='ocrx_word' id='word_1_460' title='bbox 1807 3523 1934 3586; x_wconf 82' lang='grc' dir='ltr'>τοὺς</span> 
     </span>
    </p>
   </div>
   <div class='ocr_carea' id='block_1_65' title="bbox 343 3599 1933 3680">
    <p class='ocr_par' dir='ltr' id='par_1_65' title="bbox 343 3599 1933 3680">
     <span class='ocr_line' id='line_1_65' title="bbox 343 3599 1933 3680; baseline 0.01 -31"><span class='ocrx_word' id='word_1_461' title='bbox 343 3599 761 3669; x_wconf 78' lang='grc' dir='ltr'>ἁμαρτάνοντας</span> <span class='ocrx_word' id='word_1_462' title='bbox 789 3607 1164 3676; x_wconf 81' lang='grc' dir='ltr'>γιγνομένους,</span> <span class='ocrx_word' id='word_1_463' title='bbox 1196 3610 1499 3680; x_wconf 82' lang='grc' dir='ltr'>συμπαθεῖς</span> <span class='ocrx_word' id='word_1_464' title='bbox 1536 3610 1592 3664; x_wconf 88' lang='grc' dir='ltr'>δὲ</span> <span class='ocrx_word' id='word_1_465' title='bbox 1622 3611 1715 3663; x_wconf 81' lang='grc' dir='ltr'>καὶ</span> <span class='ocrx_word' id='word_1_466' title='bbox 1746 3611 1933 3680; x_wconf 84' lang='grc' dir='ltr'>φιλαν-</span> 
     </span>
    </p>
   </div>
   <div class='ocr_carea' id='block_1_66' title="bbox 342 3690 1438 3774">
    <p class='ocr_par' dir='ltr' id='par_1_66' title="bbox 342 3690 1438 3774">
     <span class='ocr_line' id='line_1_66' title="bbox 342 3690 1438 3774; baseline 0.011 -30"><span class='ocrx_word' id='word_1_467' title='bbox 342 3690 599 3761; x_wconf 75' lang='grc' dir='ltr'>θρώπους</span> <span class='ocrx_word' id='word_1_468' title='bbox 634 3696 769 3767; x_wconf 80' lang='grc' dir='ltr'>πρὸς</span> <span class='ocrx_word' id='word_1_469' title='bbox 798 3698 924 3761; x_wconf 80' lang='grc' dir='ltr'>τοὺς</span> <span class='ocrx_word' id='word_1_470' title='bbox 950 3699 1101 3754; x_wconf 79' lang='grc' dir='ltr'>ἐλέου</span> <span class='ocrx_word' id='word_1_471' title='bbox 1128 3702 1438 3774; x_wconf 83' lang='grc' dir='ltr'>δεομένους.</span> 
     </span>
    </p>
   </div>
   <div class='ocr_carea' id='block_1_67' title="bbox 425 3784 1929 3865">
    <p class='ocr_par' dir='ltr' id='par_1_67' title="bbox 425 3784 1929 3865">
     <span class='ocr_line' id='line_1_67' title="bbox 425 3784 1929 3865; baseline 0.009 -29"><span class='ocrx_word' id='word_1_472' title='bbox 425 3784 511 3849; x_wconf 81' lang='grc' dir='ltr'><em>Τῷ</em></span> <span class='ocrx_word' id='word_1_473' title='bbox 535 3789 696 3857; x_wconf 75' lang='grc' dir='ltr'><strong>λόγῳ</strong></span> <span class='ocrx_word' id='word_1_474' title='bbox 718 3789 826 3842; x_wconf 87' lang='grc' dir='ltr'><strong>τοῦ</strong></span> <span class='ocrx_word' id='word_1_475' title='bbox 857 3794 1082 3860; x_wconf 64' lang='grc' dir='ltr'>Κιιοίου</span> <span class='ocrx_word' id='word_1_476' title='bbox 1108 3798 1161 3847; x_wconf 88' lang='grc' dir='ltr'>οἱ</span> <span class='ocrx_word' id='word_1_477' title='bbox 1188 3795 1431 3864; x_wconf 75' lang='grc' dir='ltr'>οὐρανοὶ</span> <span class='ocrx_word' id='word_1_478' title='bbox 1459 3796 1929 3865; x_wconf 80' lang='grc' dir='ltr'>ἐστερεώθησαν,</span> 
     </span>
    </p>
   </div>
   <div class='ocr_carea' id='block_1_68' title="bbox 337 3880 1930 3957">
    <p class='ocr_par' dir='ltr' id='par_1_68' title="bbox 337 3880 1930 3957">
     <span class='ocr_line' id='line_1_68' title="bbox 337 3880 1930 3957; baseline 0.006 -27"><span class='ocrx_word' id='word_1_479' title='bbox 337 3880 441 3931; x_wconf 80' lang='grc' dir='ltr'>καὶ</span> <span class='ocrx_word' id='word_1_480' title='bbox 470 3880 551 3945; x_wconf 82' lang='grc' dir='ltr'>τῷ</span> <span class='ocrx_word' id='word_1_481' title='bbox 580 3884 870 3952; x_wconf 82' lang='grc' dir='ltr'>πνεύματι</span> <span class='ocrx_word' id='word_1_482' title='bbox 897 3886 1003 3939; x_wconf 84' lang='grc' dir='ltr'><strong>τοῦ</strong></span> <span class='ocrx_word' id='word_1_483' title='bbox 1028 3889 1328 3955; x_wconf 76' lang='grc' dir='ltr'>στόματος</span> <span class='ocrx_word' id='word_1_484' title='bbox 1349 3888 1536 3941; x_wconf 85' lang='grc' dir='ltr'>αὐτοῦ</span> <span class='ocrx_word' id='word_1_485' title='bbox 1562 3886 1731 3942; x_wconf 83' lang='grc' dir='ltr'>πᾶσα</span> <span class='ocrx_word' id='word_1_486' title='bbox 1762 3890 1799 3957; x_wconf 75' lang='grc' dir='ltr'><strong>ἡ</strong></span> <span class='ocrx_word' id='word_1_487' title='bbox 1823 3887 1930 3940; x_wconf 85' lang='grc' dir='ltr'><strong>δύ-</strong></span> 
     </span>
    </p>
   </div>
   <div class='ocr_carea' id='block_1_69' title="bbox 334 3973 1926 4049">
    <p class='ocr_par' dir='ltr' id='par_1_69' title="bbox 334 3973 1926 4049">
     <span class='ocr_line' id='line_1_69' title="bbox 334 3973 1926 4049; baseline 0.005 -25"><span class='ocrx_word' id='word_1_488' title='bbox 334 3987 518 4039; x_wconf 76' lang='grc' dir='ltr'>ναμις</span> <span class='ocrx_word' id='word_1_489' title='bbox 575 3973 793 4027; x_wconf 83' lang='grc' dir='ltr'>αὐτῶν.</span> <span class='ocrx_word' id='word_1_490' title='bbox 844 3975 935 4046; x_wconf 85' lang='grc' dir='ltr'><strong>Τῷ</strong></span> <span class='ocrx_word' id='word_1_491' title='bbox 990 3974 1083 4030; x_wconf 78' lang='grc' dir='ltr'><strong>οὖν</strong></span> <span class='ocrx_word' id='word_1_492' title='bbox 1140 3977 1317 4048; x_wconf 79' lang='grc' dir='ltr'>Πατρὶ</span> <span class='ocrx_word' id='word_1_493' title='bbox 1357 3980 1509 4031; x_wconf 84' lang='grc' dir='ltr'>πᾶσα</span> <span class='ocrx_word' id='word_1_494' title='bbox 1554 3978 1847 4049; x_wconf 82' lang='grc' dir='ltr'>ἡδύναμις</span> <span class='ocrx_word' id='word_1_495' title='bbox 1891 3980 1926 4048; x_wconf 83' lang='grc' dir='ltr'>ὴ</span> 
     </span>
    </p>
   </div>
   <div class='ocr_carea' id='block_1_70' title="bbox 335 4062 1930 4139">
    <p class='ocr_par' dir='ltr' id='par_1_70' title="bbox 335 4062 1930 4139">
     <span class='ocr_line' id='line_1_70' title="bbox 335 4062 1930 4139; baseline 0.004 -25"><span class='ocrx_word' id='word_1_496' title='bbox 335 4062 736 4134; x_wconf 83' lang='grc' dir='ltr'>ὑπερουράνιος</span> <span class='ocrx_word' id='word_1_497' title='bbox 788 4066 1127 4139; x_wconf 83' lang='grc' dir='ltr'>ὲστερεώθη·</span> <span class='ocrx_word' id='word_1_498' title='bbox 1174 4068 1420 4137; x_wconf 85' lang='grc' dir='ltr'>τουτέστι</span> <span class='ocrx_word' id='word_1_499' title='bbox 1465 4068 1528 4120; x_wconf 78' lang='grc' dir='ltr'>τὸ</span> <span class='ocrx_word' id='word_1_500' title='bbox 1573 4065 1789 4121; x_wconf 77' lang='grc' dir='ltr'>εὔτονον</span> <span class='ocrx_word' id='word_1_501' title='bbox 1834 4069 1930 4121; x_wconf 76' lang='grc' dir='ltr'>καὶ</span> 
     </span>
    </p>
   </div>
   <div class='ocr_carea' id='block_1_71' title="bbox 336 4150 1928 4235">
    <p class='ocr_par' dir='ltr' id='par_1_71' title="bbox 336 4150 1928 4235">
     <span class='ocr_line' id='line_1_71' title="bbox 336 4150 1928 4235; baseline 0.004 -30"><span class='ocrx_word' id='word_1_502' title='bbox 336 4154 561 4225; x_wconf 80' lang='grc' dir='ltr'>βέϐαιον</span> <span class='ocrx_word' id='word_1_503' title='bbox 593 4158 688 4210; x_wconf 82' lang='grc' dir='ltr'><strong>καὶ</strong></span> <span class='ocrx_word' id='word_1_504' title='bbox 717 4150 911 4226; x_wconf 87' lang='grc' dir='ltr'>πάγιον</span> <span class='ocrx_word' id='word_1_505' title='bbox 939 4160 996 4211; x_wconf 81' lang='grc' dir='ltr'><strong>ὲν</strong></span> <span class='ocrx_word' id='word_1_506' title='bbox 1024 4159 1303 4232; x_wconf 81' lang='grc' dir='ltr'>ἁγιασμῷ,</span> <span class='ocrx_word' id='word_1_507' title='bbox 1338 4160 1431 4213; x_wconf 77' lang='grc' dir='ltr'><strong>καὶ</strong></span> <span class='ocrx_word' id='word_1_508' title='bbox 1465 4161 1616 4235; x_wconf 81' lang='grc' dir='ltr'>πάσῃ</span> <span class='ocrx_word' id='word_1_509' title='bbox 1642 4160 1928 4235; x_wconf 83' lang='grc' dir='ltr'>πρεπούσῃ</span> 
     </span>
    </p>
   </div>
   <div class='ocr_carea' id='block_1_72' title="bbox 329 4244 1928 4326">
    <p class='ocr_par' dir='ltr' id='par_1_72' title="bbox 329 4244 1928 4326">
     <span class='ocr_line' id='line_1_72' title="bbox 329 4244 1928 4326; baseline -0.001 -19"><span class='ocrx_word' id='word_1_510' title='bbox 329 4244 457 4317; x_wconf 82' lang='grc' dir='ltr'>ταῑς</span> <span class='ocrx_word' id='word_1_511' title='bbox 494 4254 665 4323; x_wconf 81' lang='grc' dir='ltr'>ἱεραῖς</span> <span class='ocrx_word' id='word_1_512' title='bbox 702 4250 994 4321; x_wconf 87' lang='grc' dir='ltr'>δυνάμεσιν</span> <span class='ocrx_word' id='word_1_513' title='bbox 1023 4252 1214 4323; x_wconf 83' lang='grc' dir='ltr'>ἀρετῇ,</span> <span class='ocrx_word' id='word_1_514' title='bbox 1259 4253 1325 4304; x_wconf 84' lang='grc' dir='ltr'>ὲκ</span> <span class='ocrx_word' id='word_1_515' title='bbox 1356 4252 1457 4326; x_wconf 82' lang='grc' dir='ltr'><strong>τῆς</strong></span> <span class='ocrx_word' id='word_1_516' title='bbox 1480 4250 1573 4304; x_wconf 87' lang='grc' dir='ltr'><strong>τοῦ</strong></span> <span class='ocrx_word' id='word_1_517' title='bbox 1614 4252 1928 4323; x_wconf 87' lang='grc' dir='ltr'>Πνεύματος</span> 
     </span>
    </p>
   </div>
   <div class='ocr_carea' id='block_1_73' title="bbox 332 4339 1928 4417">
    <p class='ocr_par' dir='ltr' id='par_1_73' title="bbox 332 4339 1928 4417">
     <span class='ocr_line' id='line_1_73' title="bbox 332 4339 1928 4417; baseline 0 -18"><span class='ocrx_word' id='word_1_518' title='bbox 332 4344 661 4415; x_wconf 74' lang='grc' dir='ltr'>ἐπικουρίας</span> <span class='ocrx_word' id='word_1_519' title='bbox 690 4343 923 4413; x_wconf 76' lang='grc' dir='ltr'>ἔχουσιν.</span> <span class='ocrx_word' id='word_1_520' title='bbox 978 4342 1196 4417; x_wconf 82' lang='grc' dir='ltr'>Ἐνθάδε</span> <span class='ocrx_word' id='word_1_521' title='bbox 1240 4343 1337 4413; x_wconf 87' lang='grc' dir='ltr'>μὲν</span> <span class='ocrx_word' id='word_1_522' title='bbox 1368 4339 1462 4396; x_wconf 78' lang='grc' dir='ltr'>οὖν</span> <span class='ocrx_word' id='word_1_523' title='bbox 1505 4344 1744 4413; x_wconf 82' lang='grc' dir='ltr'>πνεῦμα</span> <span class='ocrx_word' id='word_1_524' title='bbox 1795 4346 1928 4399; x_wconf 83' lang='grc' dir='ltr'><strong>στό⁴</strong></span> 
     </span>
    </p>
   </div>
   <div class='ocr_carea' id='block_1_74' title="bbox 324 4434 1924 4507">
    <p class='ocr_par' dir='ltr' id='par_1_74' title="bbox 324 4434 1924 4507">
     <span class='ocr_line' id='line_1_74' title="bbox 324 4434 1924 4507; baseline 0 -18"><span class='ocrx_word' id='word_1_525' title='bbox 324 4455 522 4507; x_wconf 81' lang='grc' dir='ltr'>ματος</span> <span class='ocrx_word' id='word_1_526' title='bbox 548 4434 737 4489; x_wconf 82' lang='grc' dir='ltr'>αὑτοῦ</span> <span class='ocrx_word' id='word_1_527' title='bbox 763 4435 1197 4505; x_wconf 84' lang='grc' dir='ltr'>ἀναγέγραπται.</span> <span class='ocrx_word' id='word_1_528' title='bbox 1232 4435 1554 4506; x_wconf 84' lang='grc' dir='ltr'>Εὑρήσομεν</span> <span class='ocrx_word' id='word_1_529' title='bbox 1591 4436 1649 4489; x_wconf 89' lang='grc' dir='ltr'>δὲ</span> <span class='ocrx_word' id='word_1_530' title='bbox 1690 4436 1924 4507; x_wconf 86' lang='grc' dir='ltr'>ἀλλαχοῦ</span> 
     </span>
    </p>
   </div>
   <div class='ocr_carea' id='block_1_75' title="bbox 328 4526 1923 4599">
    <p class='ocr_par' dir='ltr' id='par_1_75' title="bbox 328 4526 1923 4599">
     <span class='ocr_line' id='line_1_75' title="bbox 328 4526 1923 4599; baseline -0.001 -18"><span class='ocrx_word' id='word_1_531' title='bbox 328 4530 427 4589; x_wconf 68' lang='grc' dir='ltr'>καὶ</span> <span class='ocrx_word' id='word_1_532' title='bbox 470 4528 630 4597; x_wconf 74' lang='grc' dir='ltr'>λόγον</span> <span class='ocrx_word' id='word_1_533' title='bbox 680 4528 946 4598; x_wconf 88' lang='grc' dir='ltr'>στόματος</span> <span class='ocrx_word' id='word_1_534' title='bbox 977 4526 1143 4579; x_wconf 81' lang='grc' dir='ltr'>αὐτοῦ</span> <span class='ocrx_word' id='word_1_535' title='bbox 1194 4526 1506 4596; x_wconf 75' lang='grc' dir='ltr'>εἰρημένον,</span> <span class='ocrx_word' id='word_1_536' title='bbox 1564 4526 1652 4579; x_wconf 79' lang='grc' dir='ltr'>ἵνα</span> <span class='ocrx_word' id='word_1_537' title='bbox 1691 4526 1857 4599; x_wconf 80' lang='grc' dir='ltr'>νοηθῇ</span> <span class='ocrx_word' id='word_1_538' title='bbox 1894 4529 1923 4580; x_wconf 88' lang='lat'><strong>6</strong></span> 
     </span>
    </p>
   </div>
   <div class='ocr_carea' id='block_1_76' title="bbox 328 4581 1997 4691">
    <p class='ocr_par' dir='ltr' id='par_1_76' title="bbox 328 4581 1997 4691">
     <span class='ocr_line' id='line_1_76' title="bbox 328 4581 1997 4691; baseline 0.001 -19"><span class='ocrx_word' id='word_1_539' title='bbox 328 4581 524 4690; x_wconf 58' lang='grc' dir='ltr'>ὲωτὴρ</span> <span class='ocrx_word' id='word_1_540' title='bbox 545 4581 660 4673; x_wconf 51' lang='grc' dir='ltr'>’καὶ</span> <span class='ocrx_word' id='word_1_541' title='bbox 691 4619 753 4671; x_wconf 82' lang='grc' dir='ltr'><strong>τὸ</strong></span> <span class='ocrx_word' id='word_1_542' title='bbox 777 4581 953 4687; x_wconf 43' lang='grc' dir='ltr'>,ἅγιον</span> <span class='ocrx_word' id='word_1_543' title='bbox 988 4617 1155 4671; x_wconf 79' lang='grc' dir='ltr'>αὑτοῦ</span> <span class='ocrx_word' id='word_1_544' title='bbox 1209 4581 1454 4689; x_wconf 37' lang='grc' dir='ltr'>Πινέῦμα.</span> <span class='ocrx_word' id='word_1_545' title='bbox 1493 4581 1921 4688; x_wconf 49' lang='grc' dir='ltr'>’Ἀμφότεραηδὲ</span> 
     </span>
    </p>
   </div>
   <div class='ocr_carea' id='block_1_77' title="bbox 328 4705 1922 4781">
    <p class='ocr_par' dir='ltr' id='par_1_77' title="bbox 328 4705 1922 4781">
     <span class='ocr_line' id='line_1_77' title="bbox 328 4705 1922 4781; baseline -0.002 -19"><span class='ocrx_word' id='word_1_546' title='bbox 328 4716 679 4781; x_wconf 70' lang='grc' dir='ltr'>συνήργησεν</span> <span class='ocrx_word' id='word_1_547' title='bbox 716 4710 774 4761; x_wconf 85' lang='grc' dir='ltr'><strong>ὲν</strong></span> <span class='ocrx_word' id='word_1_548' title='bbox 821 4711 887 4779; x_wconf 81' lang='grc' dir='ltr'>τῇ</span> <span class='ocrx_word' id='word_1_549' title='bbox 923 4707 1097 4771; x_wconf 80' lang='grc' dir='ltr'>κτίσει</span> <span class='ocrx_word' id='word_1_550' title='bbox 1136 4706 1244 4759; x_wconf 84' lang='grc' dir='ltr'><strong>τῶν</strong></span> <span class='ocrx_word' id='word_1_551' title='bbox 1282 4705 1529 4776; x_wconf 77' lang='grc' dir='ltr'>οὐρανῶν</span> <span class='ocrx_word' id='word_1_552' title='bbox 1561 4707 1657 4779; x_wconf 79' lang='grc' dir='ltr'><strong>καὶ</strong></span> <span class='ocrx_word' id='word_1_553' title='bbox 1702 4706 1812 4759; x_wconf 84' lang='grc' dir='ltr'><strong>τῶν</strong></span> <span class='ocrx_word' id='word_1_554' title='bbox 1863 4708 1922 4767; x_wconf 83' lang='grc' dir='ltr'>ὲν</span> 
     </span>
    </p>
   </div>
   <div class='ocr_carea' id='block_1_78' title="bbox 328 4796 1924 4871">
    <p class='ocr_par' dir='ltr' id='par_1_78' title="bbox 328 4796 1924 4871">
     <span class='ocr_line' id='line_1_78' title="bbox 328 4796 1924 4871; baseline -0.002 -16"><span class='ocrx_word' id='word_1_555' title='bbox 328 4803 518 4864; x_wconf 74' lang='grc' dir='ltr'>αὐτοῖς</span> <span class='ocrx_word' id='word_1_556' title='bbox 544 4800 826 4871; x_wconf 84' lang='grc' dir='ltr'>δυνάμεων</span> <span class='ocrx_word' id='word_1_557' title='bbox 846 4814 861 4829; x_wconf 88' lang='grc'><strong>·</strong></span> <span class='ocrx_word' id='word_1_558' title='bbox 893 4798 984 4851; x_wconf 87' lang='grc' dir='ltr'>διὰ</span> <span class='ocrx_word' id='word_1_559' title='bbox 1016 4796 1173 4850; x_wconf 85' lang='grc' dir='ltr'>τοῦτο</span> <span class='ocrx_word' id='word_1_560' title='bbox 1215 4798 1431 4869; x_wconf 78' lang='grc' dir='ltr'>εἴρηται</span> <span class='ocrx_word' id='word_1_561' title='bbox 1452 4814 1465 4827; x_wconf 75' lang='grc'><strong><em>⁸</em></strong></span> <span class='ocrx_word' id='word_1_562' title='bbox 1507 4796 1592 4863; x_wconf 85' lang='grc' dir='ltr'><strong>Τῷ</strong></span> <span class='ocrx_word' id='word_1_563' title='bbox 1615 4799 1775 4867; x_wconf 78' lang='grc' dir='ltr'><strong>λόγῳ</strong></span> <span class='ocrx_word' id='word_1_564' title='bbox 1809 4802 1924 4853; x_wconf 86' lang='grc' dir='ltr'><strong>Κυ-</strong></span> 
     </span>
    </p>
   </div>
   <div class='ocr_carea' id='block_1_79' title="bbox 321 4887 1923 4958">
    <p class='ocr_par' dir='ltr' id='par_1_79' title="bbox 321 4887 1923 4958">
     <span class='ocr_line' id='line_1_79' title="bbox 321 4887 1923 4958; baseline 0 -16"><span class='ocrx_word' id='word_1_565' title='bbox 321 4892 464 4958; x_wconf 84' lang='grc' dir='ltr'>ρίου</span> <span class='ocrx_word' id='word_1_566' title='bbox 505 4893 561 4943; x_wconf 83' lang='grc' dir='ltr'><strong>οί</strong></span> <span class='ocrx_word' id='word_1_567' title='bbox 590 4890 833 4957; x_wconf 78' lang='grc' dir='ltr'>οὐρανοὶ</span> <span class='ocrx_word' id='word_1_568' title='bbox 871 4889 1351 4957; x_wconf 82' lang='grc' dir='ltr'>ἐστερεώθησαν,</span> <span class='ocrx_word' id='word_1_569' title='bbox 1387 4888 1487 4941; x_wconf 76' lang='grc' dir='ltr'>καὶ</span> <span class='ocrx_word' id='word_1_570' title='bbox 1517 4887 1597 4953; x_wconf 86' lang='grc' dir='ltr'>τῷ</span> <span class='ocrx_word' id='word_1_571' title='bbox 1629 4889 1923 4957; x_wconf 80' lang='grc' dir='ltr'>πνεύματι</span> 
     </span>
    </p>
   </div>
   <div class='ocr_carea' id='block_1_80' title="bbox 326 4975 1917 5051">
    <p class='ocr_par' dir='ltr' id='par_1_80' title="bbox 326 4975 1917 5051">
     <span class='ocr_line' id='line_1_80' title="bbox 326 4975 1917 5051; baseline -0.001 -17"><span class='ocrx_word' id='word_1_572' title='bbox 326 4981 437 5035; x_wconf 85' lang='grc' dir='ltr'><strong>τοῦ</strong></span> <span class='ocrx_word' id='word_1_573' title='bbox 486 4982 786 5051; x_wconf 86' lang='grc' dir='ltr'>στόματος</span> <span class='ocrx_word' id='word_1_574' title='bbox 836 4981 1023 5035; x_wconf 82' lang='grc' dir='ltr'>αὑτοῦ</span> <span class='ocrx_word' id='word_1_575' title='bbox 1084 4981 1255 5035; x_wconf 84' lang='grc' dir='ltr'>πᾶσα</span> <span class='ocrx_word' id='word_1_576' title='bbox 1310 4983 1349 5050; x_wconf 75' lang='grc' dir='ltr'>ἡ</span> <span class='ocrx_word' id='word_1_577' title='bbox 1400 4979 1651 5051; x_wconf 84' lang='grc' dir='ltr'>δύναμις</span> <span class='ocrx_word' id='word_1_578' title='bbox 1702 4975 1917 5034; x_wconf 83' lang='grc' dir='ltr'>αὐτῶν.</span> 
     </span>
    </p>
   </div>
   <div class='ocr_carea' id='block_1_81' title="bbox 325 5073 1911 5147">
    <p class='ocr_par' dir='ltr' id='par_1_81' title="bbox 325 5073 1911 5147">
     <span class='ocr_line' id='line_1_81' title="bbox 325 5073 1911 5147; baseline 0.001 -19"><span class='ocrx_word' id='word_1_579' title='bbox 325 5075 494 5129; x_wconf 75' lang='grc' dir='ltr'>Οὐδὲν</span> <span class='ocrx_word' id='word_1_580' title='bbox 524 5074 631 5146; x_wconf 82' lang='grc' dir='ltr'>γὰρ</span> <span class='ocrx_word' id='word_1_581' title='bbox 656 5073 938 5141; x_wconf 76' lang='grc' dir='ltr'>ἁγιάζεται</span> <span class='ocrx_word' id='word_1_582' title='bbox 977 5073 1050 5145; x_wconf 85' lang='grc' dir='ltr'>μὴ</span> <span class='ocrx_word' id='word_1_583' title='bbox 1076 5075 1142 5144; x_wconf 83' lang='grc' dir='ltr'>τῇ</span> <span class='ocrx_word' id='word_1_584' title='bbox 1173 5074 1443 5147; x_wconf 76' lang='grc' dir='ltr'>παρουσίᾳ</span> <span class='ocrx_word' id='word_1_585' title='bbox 1466 5073 1557 5126; x_wconf 88' lang='grc' dir='ltr'><strong>τοῦ</strong></span> <span class='ocrx_word' id='word_1_586' title='bbox 1579 5073 1911 5145; x_wconf 86' lang='grc' dir='ltr'>Πνεύματος.</span> 
     </span>
    </p>
   </div>
   <div class='ocr_carea' id='block_1_82' title="bbox 336 5161 1913 5238">
    <p class='ocr_par' dir='ltr' id='par_1_82' title="bbox 336 5161 1913 5238">
     <span class='ocr_line' id='line_1_82' title="bbox 336 5161 1913 5238; baseline 0 -19"><span class='ocrx_word' id='word_1_587' title='bbox 336 5165 615 5234; x_wconf 69' lang='grc' dir='ltr'>’Δγγέλων</span> <span class='ocrx_word' id='word_1_588' title='bbox 642 5165 772 5234; x_wconf 90' lang='grc' dir='ltr'>γοῦν</span> <span class='ocrx_word' id='word_1_589' title='bbox 815 5166 914 5237; x_wconf 80' lang='grc' dir='ltr'>τὴν</span> <span class='ocrx_word' id='word_1_590' title='bbox 946 5166 1046 5235; x_wconf 80' lang='grc' dir='ltr'>μὲν</span> <span class='ocrx_word' id='word_1_591' title='bbox 1079 5167 1159 5228; x_wconf 83' lang='grc' dir='ltr'><strong>είς</strong></span> <span class='ocrx_word' id='word_1_592' title='bbox 1186 5164 1248 5218; x_wconf 87' lang='grc' dir='ltr'><strong>τὸ</strong></span> <span class='ocrx_word' id='word_1_593' title='bbox 1290 5161 1430 5219; x_wconf 86' lang='grc' dir='ltr'>εἷναι</span> <span class='ocrx_word' id='word_1_594' title='bbox 1470 5165 1704 5236; x_wconf 88' lang='grc' dir='ltr'>πάροδον</span> <span class='ocrx_word' id='word_1_595' title='bbox 1750 5165 1779 5216; x_wconf 86' lang='lat'><strong>6</strong></span> <span class='ocrx_word' id='word_1_596' title='bbox 1818 5168 1913 5238; x_wconf 86' lang='grc' dir='ltr'>δη-</span> 
     </span>
    </p>
   </div>
   <div class='ocr_carea' id='block_1_83' title="bbox 327 5256 1913 5330">
    <p class='ocr_par' dir='ltr' id='par_1_83' title="bbox 327 5256 1913 5330">
     <span class='ocr_line' id='line_1_83' title="bbox 327 5256 1913 5330; baseline 0.002 -20"><span class='ocrx_word' id='word_1_597' title='bbox 327 5257 595 5330; x_wconf 70' lang='grc' dir='ltr'>μιουργὸς</span> <span class='ocrx_word' id='word_1_598' title='bbox 618 5257 807 5325; x_wconf 87' lang='grc' dir='ltr'>Λόγος,</span> <span class='ocrx_word' id='word_1_599' title='bbox 835 5260 863 5310; x_wconf 90' lang='lat'><strong>6</strong></span> <span class='ocrx_word' id='word_1_600' title='bbox 887 5257 1117 5328; x_wconf 84' lang='grc' dir='ltr'>ποιητὴς</span> <span class='ocrx_word' id='word_1_601' title='bbox 1144 5256 1254 5312; x_wconf 81' lang='grc' dir='ltr'>τῶν</span> <span class='ocrx_word' id='word_1_602' title='bbox 1275 5256 1437 5321; x_wconf 83' lang='grc' dir='ltr'>ὅλων,</span> <span class='ocrx_word' id='word_1_603' title='bbox 1468 5258 1755 5329; x_wconf 88' lang='grc' dir='ltr'>παρείχετο</span> <span class='ocrx_word' id='word_1_604' title='bbox 1772 5276 1785 5288; x_wconf 87' lang='grc'>·</span> <span class='ocrx_word' id='word_1_605' title='bbox 1821 5259 1913 5313; x_wconf 78' lang='grc' dir='ltr'><strong>τὸν</strong></span> 
     </span>
    </p>
   </div>
   <div class='ocr_carea' id='block_1_84' title="bbox 321 5350 1905 5422">
    <p class='ocr_par' dir='ltr' id='par_1_84' title="bbox 321 5350 1905 5422">
     <span class='ocr_line' id='line_1_84' title="bbox 321 5350 1905 5422; baseline 0.001 -19"><span class='ocrx_word' id='word_1_606' title='bbox 321 5350 603 5420; x_wconf 83' lang='grc' dir='ltr'>ἁγιασμὸν</span> <span class='ocrx_word' id='word_1_607' title='bbox 623 5350 678 5403; x_wconf 82' lang='grc' dir='ltr'>δὲ</span> <span class='ocrx_word' id='word_1_608' title='bbox 699 5351 881 5415; x_wconf 79' lang='grc' dir='ltr'>αὐτοῖς</span> <span class='ocrx_word' id='word_1_609' title='bbox 901 5351 959 5403; x_wconf 84' lang='grc' dir='ltr'><strong>τὸ</strong></span> <span class='ocrx_word' id='word_1_610' title='bbox 988 5350 1214 5421; x_wconf 90' lang='grc' dir='ltr'>Πνεῦμα</span> <span class='ocrx_word' id='word_1_611' title='bbox 1238 5351 1300 5404; x_wconf 82' lang='grc' dir='ltr'><strong>τὸ</strong></span> <span class='ocrx_word' id='word_1_612' title='bbox 1334 5351 1486 5419; x_wconf 79' lang='grc' dir='ltr'>ἅγιον</span> <span class='ocrx_word' id='word_1_613' title='bbox 1508 5352 1874 5422; x_wconf 85' lang='grc' dir='ltr'>συνεπέφερεν</span> <span class='ocrx_word' id='word_1_614' title='bbox 1893 5370 1905 5382; x_wconf 74' lang='grc' dir='ltr'><strong>ο</strong></span> 
     </span>
    </p>
   </div>
   <div class='ocr_carea' id='block_1_85' title="bbox 318 5440 1436 5512">
    <p class='ocr_par' dir='ltr' id='par_1_85' title="bbox 318 5440 1436 5512">
     <span class='ocr_line' id='line_1_85' title="bbox 318 5440 1436 5512; baseline -0.004 -15"><span class='ocrx_word' id='word_1_615' title='bbox 318 5444 385 5497; x_wconf 76' lang='grc' dir='ltr'>οὔ</span> <span class='ocrx_word' id='word_1_616' title='bbox 416 5441 530 5512; x_wconf 78' lang='grc' dir='ltr'>γὰρ</span> <span class='ocrx_word' id='word_1_617' title='bbox 556 5442 739 5511; x_wconf 88' lang='grc' dir='ltr'>νήπιοι</span> <span class='ocrx_word' id='word_1_618' title='bbox 774 5440 1085 5503; x_wconf 81' lang='grc' dir='ltr'>κτισθέντες</span> <span class='ocrx_word' id='word_1_619' title='bbox 1112 5442 1163 5494; x_wconf 78' lang='grc' dir='ltr'>οἱ</span> <span class='ocrx_word' id='word_1_620' title='bbox 1185 5440 1436 5509; x_wconf 85' lang='grc' dir='ltr'>ἄγγελοι.</span> 
     </span>
    </p>
   </div>
   <div class='ocr_carea' id='block_1_86' title="bbox 392 5531 1909 5602">
    <p class='ocr_par' dir='ltr' id='par_1_86' title="bbox 392 5531 1909 5602">
     <span class='ocr_line' id='line_1_86' title="bbox 392 5531 1909 5602; baseline 0 -15"><span class='ocrx_word' id='word_1_621' title='bbox 392 5532 716 5599; x_wconf 80' lang='grc' dir='ltr'>Φοϐηθήτω</span> <span class='ocrx_word' id='word_1_622' title='bbox 756 5532 864 5586; x_wconf 86' lang='grc' dir='ltr'>τὸν</span> <span class='ocrx_word' id='word_1_623' title='bbox 909 5534 1129 5600; x_wconf 84' lang='grc' dir='ltr'>Κύριον</span> <span class='ocrx_word' id='word_1_624' title='bbox 1146 5531 1315 5587; x_wconf 82' lang='grc' dir='ltr'>πᾶσα</span> <span class='ocrx_word' id='word_1_625' title='bbox 1353 5534 1391 5601; x_wconf 73' lang='grc' dir='ltr'>ἡ</span> <span class='ocrx_word' id='word_1_626' title='bbox 1445 5532 1544 5602; x_wconf 71' lang='grc' dir='ltr'><strong>γῆ·</strong></span> <span class='ocrx_word' id='word_1_627' title='bbox 1578 5532 1680 5587; x_wconf 77' lang='grc' dir='ltr'>ἀπ’</span> <span class='ocrx_word' id='word_1_628' title='bbox 1722 5532 1909 5588; x_wconf 84' lang='grc' dir='ltr'>αὐτοῦ</span> 
     </span>
    </p>
   </div>
   <div class='ocr_carea' id='block_1_87' title="bbox 316 5624 1909 5695">
    <p class='ocr_par' dir='ltr' id='par_1_87' title="bbox 316 5624 1909 5695">
     <span class='ocr_line' id='line_1_87' title="bbox 316 5624 1909 5695; baseline -0.001 -15"><span class='ocrx_word' id='word_1_629' title='bbox 316 5627 387 5680; x_wconf 73' lang='grc' dir='ltr'>δὲ</span> <span class='ocrx_word' id='word_1_630' title='bbox 416 5624 896 5692; x_wconf 67' lang='grc' dir='ltr'>σαλευθήτωσαν</span> <span class='ocrx_word' id='word_1_631' title='bbox 953 5624 1180 5693; x_wconf 81' lang='grc' dir='ltr'>πάντες</span> <span class='ocrx_word' id='word_1_632' title='bbox 1225 5629 1279 5679; x_wconf 83' lang='grc' dir='ltr'>οι</span> <span class='ocrx_word' id='word_1_633' title='bbox 1337 5625 1761 5687; x_wconf 80' lang='grc' dir='ltr'>κατοικοῦντες</span> <span class='ocrx_word' id='word_1_634' title='bbox 1793 5624 1909 5695; x_wconf 85' lang='grc' dir='ltr'>τὴν</span> 
     </span>
    </p>
   </div>
   <div class='ocr_carea' id='block_1_88' title="bbox 389 5800 1619 5871">
    <p class='ocr_par' dir='ltr' id='par_1_88' title="bbox 389 5800 1619 5871">
     <span class='ocr_line' id='line_1_88' title="bbox 389 5800 1619 5871; baseline -0.002 -12"><span class='ocrx_word' id='word_1_635' title='bbox 389 5809 411 5839; x_wconf 83' lang='grc'>³</span> <span class='ocrx_word' id='word_1_636' title='bbox 456 5803 608 5859; x_wconf 86' lang='lat' dir='ltr'><strong>Psal.</strong></span> <span class='ocrx_word' id='word_1_637' title='bbox 648 5818 924 5871; x_wconf 77' lang='lat' dir='ltr'><strong>Lxxxvm,</strong></span> <span class='ocrx_word' id='word_1_638' title='bbox 960 5802 1047 5860; x_wconf 83' lang='lat' dir='ltr'><strong>l6.</strong></span> <span class='ocrx_word' id='word_1_639' title='bbox 1126 5804 1143 5834; x_wconf 90' lang='grc'><em>³</em></span> <span class='ocrx_word' id='word_1_640' title='bbox 1184 5801 1329 5860; x_wconf 81' lang='lat' dir='ltr'><strong>Psal.</strong></span> <span class='ocrx_word' id='word_1_641' title='bbox 1368 5818 1493 5857; x_wconf 77' lang='lat' dir='ltr'><strong>xm</strong></span> <span class='ocrx_word' id='word_1_642' title='bbox 1518 5841 1532 5868; x_wconf 93' lang='lat'><strong>,</strong></span> <span class='ocrx_word' id='word_1_643' title='bbox 1568 5800 1619 5857; x_wconf 84' lang='lat'><strong>6.</strong></span> 
     </span>
    </p>
   </div>
   <div class='ocr_carea' id='block_1_89' title="bbox 2036 3328 3615 3402">
    <p class='ocr_par' dir='ltr' id='par_1_89' title="bbox 2036 3328 3615 3402">
     <span class='ocr_line' id='line_1_89' title="bbox 2036 3328 3615 3402; baseline 0.006 -21"><span class='ocrx_word' id='word_1_644' title='bbox 2036 3343 2139 3385; x_wconf 85' lang='lat' dir='ltr'><strong>nos</strong></span> <span class='ocrx_word' id='word_1_645' title='bbox 2172 3328 2310 3382; x_wconf 88' lang='lat' dir='ltr'><strong>nihil</strong></span> <span class='ocrx_word' id='word_1_646' title='bbox 2342 3330 2461 3384; x_wconf 88' lang='lat' dir='ltr'><strong>sine</strong></span> <span class='ocrx_word' id='word_1_647' title='bbox 2485 3330 2696 3400; x_wconf 90' lang='lat' dir='ltr'><strong>judicio</strong></span> <span class='ocrx_word' id='word_1_648' title='bbox 2740 3348 2921 3402; x_wconf 83' lang='lat' dir='ltr'><strong>agere,</strong></span> <span class='ocrx_word' id='word_1_649' title='bbox 2953 3349 3133 3402; x_wconf 88' lang='lat' dir='ltr'><strong>neque</strong></span> <span class='ocrx_word' id='word_1_650' title='bbox 3164 3334 3615 3393; x_wconf 86' lang='lat' dir='ltr'><strong>irrationabiliter</strong></span> 
     </span>
    </p>
   </div>
   <div class='ocr_carea' id='block_1_90' title="bbox 2036 3419 3615 3495">
    <p class='ocr_par' dir='ltr' id='par_1_90' title="bbox 2036 3419 3615 3495">
     <span class='ocr_line' id='line_1_90' title="bbox 2036 3419 3615 3495; baseline 0.007 -23"><span class='ocrx_word' id='word_1_651' title='bbox 2036 3419 2355 3490; x_wconf 88' lang='lat' dir='ltr'><strong>impetuque</strong></span> <span class='ocrx_word' id='word_1_652' title='bbox 2382 3423 2605 3491; x_wconf 91' lang='lat' dir='ltr'><strong>proprio</strong></span> <span class='ocrx_word' id='word_1_653' title='bbox 2640 3423 2791 3487; x_wconf 77' lang='lat' dir='ltr'><strong>ferri,</strong></span> <span class='ocrx_word' id='word_1_654' title='bbox 2825 3424 2892 3479; x_wconf 92' lang='lat' dir='ltr'><strong>de</strong></span> <span class='ocrx_word' id='word_1_655' title='bbox 2914 3425 3138 3494; x_wconf 76' lang='lat' dir='ltr'><strong>agendis</strong></span> <span class='ocrx_word' id='word_1_656' title='bbox 3167 3426 3464 3495; x_wconf 88' lang='lat' dir='ltr'><strong>prudenter</strong></span> <span class='ocrx_word' id='word_1_657' title='bbox 3482 3442 3615 3483; x_wconf 87' lang='lat' dir='ltr'><strong>con-</strong></span> 
     </span>
    </p>
   </div>
   <div class='ocr_carea' id='block_1_91' title="bbox 2036 3514 3612 3590">
    <p class='ocr_par' dir='ltr' id='par_1_91' title="bbox 2036 3514 3612 3590">
     <span class='ocr_line' id='line_1_91' title="bbox 2036 3514 3612 3590; baseline 0.006 -23"><span class='ocrx_word' id='word_1_658' title='bbox 2036 3514 2237 3580; x_wconf 90' lang='lat' dir='ltr'><strong>sulere,</strong></span> <span class='ocrx_word' id='word_1_659' title='bbox 2281 3529 2346 3569; x_wconf 91' lang='lat' dir='ltr'><strong>ac</strong></span> <span class='ocrx_word' id='word_1_660' title='bbox 2394 3531 2507 3585; x_wconf 63' lang='lat' dir='ltr'><strong>prae</strong></span> <span class='ocrx_word' id='word_1_661' title='bbox 2538 3516 2816 3578; x_wconf 90' lang='lat' dir='ltr'><strong>omnibus,</strong></span> <span class='ocrx_word' id='word_1_662' title='bbox 2866 3518 3252 3575; x_wconf 89' lang='lat' dir='ltr'><strong>misericordes</strong></span> <span class='ocrx_word' id='word_1_663' title='bbox 3290 3535 3433 3584; x_wconf 90' lang='lat' dir='ltr'><strong>esse,</strong></span> <span class='ocrx_word' id='word_1_664' title='bbox 3478 3536 3612 3590; x_wconf 85' lang='lat' dir='ltr'><strong>pec-</strong></span> 
     </span>
    </p>
   </div>
   <div class='ocr_carea' id='block_1_92' title="bbox 2034 3607 3611 3674">
    <p class='ocr_par' dir='ltr' id='par_1_92' title="bbox 2034 3607 3611 3674">
     <span class='ocr_line' id='line_1_92' title="bbox 2034 3607 3611 3674; baseline 0.006 -15"><span class='ocrx_word' id='word_1_665' title='bbox 2034 3614 2157 3660; x_wconf 90' lang='lat' dir='ltr'><strong>cata</strong></span> <span class='ocrx_word' id='word_1_666' title='bbox 2190 3608 2242 3660; x_wconf 92' lang='lat' dir='ltr'><strong>in</strong></span> <span class='ocrx_word' id='word_1_667' title='bbox 2274 3622 2377 3661; x_wconf 92' lang='lat' dir='ltr'><strong>nos</strong></span> <span class='ocrx_word' id='word_1_668' title='bbox 2410 3607 2651 3663; x_wconf 88' lang='lat' dir='ltr'><strong>admissa</strong></span> <span class='ocrx_word' id='word_1_669' title='bbox 2685 3608 2847 3663; x_wconf 79' lang='lat' dir='ltr'><strong>facile</strong></span> <span class='ocrx_word' id='word_1_670' title='bbox 2878 3610 3209 3674; x_wconf 90' lang='lat' dir='ltr'><strong>condonare,</strong></span> <span class='ocrx_word' id='word_1_671' title='bbox 3234 3610 3523 3668; x_wconf 87' lang='lat' dir='ltr'><strong>condolere</strong></span> <span class='ocrx_word' id='word_1_672' title='bbox 3546 3626 3611 3668; x_wconf 88' lang='lat' dir='ltr'><strong>ac</strong></span> 
     </span>
    </p>
   </div>
   <div class='ocr_carea' id='block_1_93' title="bbox 2032 3700 3378 3772">
    <p class='ocr_par' dir='ltr' id='par_1_93' title="bbox 2032 3700 3378 3772">
     <span class='ocr_line' id='line_1_93' title="bbox 2032 3700 3378 3772; baseline 0.002 -19"><span class='ocrx_word' id='word_1_673' title='bbox 2032 3700 2195 3755; x_wconf 88' lang='lat' dir='ltr'><strong>mites</strong></span> <span class='ocrx_word' id='word_1_674' title='bbox 2223 3716 2347 3755; x_wconf 90' lang='lat' dir='ltr'><strong>esse</strong></span> <span class='ocrx_word' id='word_1_675' title='bbox 2372 3716 2498 3771; x_wconf 90' lang='lat' dir='ltr'><strong>erga</strong></span> <span class='ocrx_word' id='word_1_676' title='bbox 2530 3716 2632 3756; x_wconf 88' lang='lat' dir='ltr'><strong>eos</strong></span> <span class='ocrx_word' id='word_1_677' title='bbox 2659 3702 2754 3771; x_wconf 89' lang='lat' dir='ltr'><strong>qui</strong></span> <span class='ocrx_word' id='word_1_678' title='bbox 2782 3701 3157 3756; x_wconf 85' lang='lat' dir='ltr'><strong>misericordia</strong></span> <span class='ocrx_word' id='word_1_679' title='bbox 3198 3710 3378 3772; x_wconf 88' lang='lat' dir='ltr'><strong>egent.</strong></span> 
     </span>
    </p>
   </div>
   <div class='ocr_carea' id='block_1_94' title="bbox 2102 3790 3610 3865">
    <p class='ocr_par' dir='ltr' id='par_1_94' title="bbox 2102 3790 3610 3865">
     <span class='ocr_line' id='line_1_94' title="bbox 2102 3790 3610 3865; baseline 0.005 -21"><span class='ocrx_word' id='word_1_680' title='bbox 2102 3790 2268 3847; x_wconf 74' lang='lat' dir='ltr'><strong>Vens.</strong></span> <span class='ocrx_word' id='word_1_681' title='bbox 2302 3792 2355 3847; x_wconf 88' lang='lat'><em>6.</em></span> <span class='ocrx_word' id='word_1_682' title='bbox 2408 3791 2575 3847; x_wconf 86' lang='lat' dir='ltr'><strong>Verbo</strong></span> <span class='ocrx_word' id='word_1_683' title='bbox 2597 3792 2814 3847; x_wconf 89' lang='lat' dir='ltr'><strong>Domini</strong></span> <span class='ocrx_word' id='word_1_684' title='bbox 2855 3794 2973 3846; x_wconf 77' lang='lat' dir='ltr'><strong>caeli</strong></span> <span class='ocrx_word' id='word_1_685' title='bbox 3002 3794 3209 3862; x_wconf 80' lang='lat' dir='ltr'><strong>ﬁrmati</strong></span> <span class='ocrx_word' id='word_1_686' title='bbox 3241 3805 3385 3858; x_wconf 81' lang='lat' dir='ltr'><strong>sunt,</strong></span> <span class='ocrx_word' id='word_1_687' title='bbox 3417 3804 3466 3849; x_wconf 88' lang='lat' dir='ltr'><strong>et</strong></span> <span class='ocrx_word' id='word_1_688' title='bbox 3498 3796 3610 3865; x_wconf 78' lang='lat' dir='ltr'><strong>spi-</strong></span> 
     </span>
    </p>
   </div>
   <div class='ocr_carea' id='block_1_95' title="bbox 2031 3883 3606 3957">
    <p class='ocr_par' dir='ltr' id='par_1_95' title="bbox 2031 3883 3606 3957">
     <span class='ocr_line' id='line_1_95' title="bbox 2031 3883 3606 3957; baseline 0.004 -20"><span class='ocrx_word' id='word_1_689' title='bbox 2031 3883 2141 3947; x_wconf 83' lang='lat' dir='ltr'><strong>ritu</strong></span> <span class='ocrx_word' id='word_1_690' title='bbox 2170 3884 2276 3937; x_wconf 84' lang='lat' dir='ltr'><strong>oris</strong></span> <span class='ocrx_word' id='word_1_691' title='bbox 2298 3884 2412 3953; x_wconf 82' lang='lat' dir='ltr'><strong>ejus</strong></span> <span class='ocrx_word' id='word_1_692' title='bbox 2435 3885 2605 3938; x_wconf 86' lang='lat' dir='ltr'><strong>omnis</strong></span> <span class='ocrx_word' id='word_1_693' title='bbox 2630 3884 2794 3937; x_wconf 83' lang='lat' dir='ltr'><strong>virtus</strong></span> <span class='ocrx_word' id='word_1_694' title='bbox 2817 3900 3019 3943; x_wconf 85' lang='lat' dir='ltr'><strong>eorum.</strong></span> <span class='ocrx_word' id='word_1_695' title='bbox 3046 3884 3092 3937; x_wconf 85' lang='lat' dir='ltr'><strong>A</strong></span> <span class='ocrx_word' id='word_1_696' title='bbox 3118 3884 3280 3941; x_wconf 91' lang='lat' dir='ltr'><strong>Patre</strong></span> <span class='ocrx_word' id='word_1_697' title='bbox 3305 3887 3471 3957; x_wconf 79' lang='lat' dir='ltr'><strong>igitur</strong></span> <span class='ocrx_word' id='word_1_698' title='bbox 3491 3904 3606 3944; x_wconf 88' lang='lat' dir='ltr'><strong>om-</strong></span> 
     </span>
    </p>
   </div>
   <div class='ocr_carea' id='block_1_96' title="bbox 2029 3974 3602 4045">
    <p class='ocr_par' dir='ltr' id='par_1_96' title="bbox 2029 3974 3602 4045">
     <span class='ocr_line' id='line_1_96' title="bbox 2029 3974 3602 4045; baseline 0.004 -16"><span class='ocrx_word' id='word_1_699' title='bbox 2029 3977 2117 4031; x_wconf 90' lang='lat' dir='ltr'><strong>nis</strong></span> <span class='ocrx_word' id='word_1_700' title='bbox 2144 3977 2323 4031; x_wconf 90' lang='lat' dir='ltr'><strong>virtus</strong></span> <span class='ocrx_word' id='word_1_701' title='bbox 2347 3975 2592 4031; x_wconf 66' lang='lat' dir='ltr'><strong>caelestis</strong></span> <span class='ocrx_word' id='word_1_702' title='bbox 2628 3974 2845 4029; x_wconf 89' lang='lat' dir='ltr'><strong>ﬁrmata</strong></span> <span class='ocrx_word' id='word_1_703' title='bbox 2888 3985 2994 4039; x_wconf 87' lang='lat' dir='ltr'><strong>est.</strong></span> <span class='ocrx_word' id='word_1_704' title='bbox 3028 3977 3083 4031; x_wconf 90' lang='lat' dir='ltr'><strong>id</strong></span> <span class='ocrx_word' id='word_1_705' title='bbox 3111 3985 3197 4034; x_wconf 91' lang='lat' dir='ltr'><strong>est</strong></span> <span class='ocrx_word' id='word_1_706' title='bbox 3224 3978 3474 4045; x_wconf 87' lang='lat' dir='ltr'><strong>ﬁrmitas,</strong></span> <span class='ocrx_word' id='word_1_707' title='bbox 3507 3995 3602 4036; x_wconf 83' lang='lat' dir='ltr'><strong>so-</strong></span> 
     </span>
    </p>
   </div>
   <div class='ocr_carea' id='block_1_97' title="bbox 2029 4068 3603 4138">
    <p class='ocr_par' dir='ltr' id='par_1_97' title="bbox 2029 4068 3603 4138">
     <span class='ocr_line' id='line_1_97' title="bbox 2029 4068 3603 4138; baseline 0.004 -17"><span class='ocrx_word' id='word_1_708' title='bbox 2029 4068 2236 4133; x_wconf 90' lang='lat' dir='ltr'><strong>liditas,</strong></span> <span class='ocrx_word' id='word_1_709' title='bbox 2265 4069 2646 4138; x_wconf 87' lang='lat' dir='ltr'><strong>stabilitasque</strong></span> <span class='ocrx_word' id='word_1_710' title='bbox 2678 4069 2735 4122; x_wconf 92' lang='lat' dir='ltr'><strong>in</strong></span> <span class='ocrx_word' id='word_1_711' title='bbox 2769 4069 3204 4127; x_wconf 89' lang='lat' dir='ltr'><strong>sanctiﬁcatione</strong></span> <span class='ocrx_word' id='word_1_712' title='bbox 3238 4087 3302 4127; x_wconf 89' lang='lat' dir='ltr'><strong>ac</strong></span> <span class='ocrx_word' id='word_1_713' title='bbox 3328 4074 3475 4127; x_wconf 90' lang='lat' dir='ltr'><strong>omni</strong></span> <span class='ocrx_word' id='word_1_714' title='bbox 3509 4088 3603 4130; x_wconf 88' lang='lat' dir='ltr'><strong>sa-</strong></span> 
     </span>
    </p>
   </div>
   <div class='ocr_carea' id='block_1_98' title="bbox 2028 4158 3603 4235">
    <p class='ocr_par' dir='ltr' id='par_1_98' title="bbox 2028 4158 3603 4235">
     <span class='ocr_line' id='line_1_98' title="bbox 2028 4158 3603 4235; baseline 0.007 -23"><span class='ocrx_word' id='word_1_715' title='bbox 2028 4158 2141 4214; x_wconf 89' lang='lat' dir='ltr'><strong>cris</strong></span> <span class='ocrx_word' id='word_1_716' title='bbox 2189 4158 2552 4228; x_wconf 86' lang='lat' dir='ltr'><strong>potestatibus</strong></span> <span class='ocrx_word' id='word_1_717' title='bbox 2596 4161 2945 4215; x_wconf 90' lang='lat' dir='ltr'><strong>convenienti</strong></span> <span class='ocrx_word' id='word_1_718' title='bbox 2998 4164 3200 4218; x_wconf 88' lang='lat' dir='ltr'><strong>virtute</strong></span> <span class='ocrx_word' id='word_1_719' title='bbox 3254 4178 3320 4219; x_wconf 81' lang='lat' dir='ltr'><strong>ex</strong></span> <span class='ocrx_word' id='word_1_720' title='bbox 3363 4164 3603 4235; x_wconf 83' lang='lat' dir='ltr'><strong>Spiritus</strong></span> 
     </span>
    </p>
   </div>
   <div class='ocr_carea' id='block_1_99' title="bbox 2028 4249 3599 4325">
    <p class='ocr_par' dir='ltr' id='par_1_99' title="bbox 2028 4249 3599 4325">
     <span class='ocr_line' id='line_1_99' title="bbox 2028 4249 3599 4325; baseline 0.004 -22"><span class='ocrx_word' id='word_1_721' title='bbox 2028 4250 2235 4323; x_wconf 78' lang='lat' dir='ltr'><strong>auxilio</strong></span> <span class='ocrx_word' id='word_1_722' title='bbox 2268 4249 2396 4304; x_wconf 90' lang='lat' dir='ltr'><strong>data</strong></span> <span class='ocrx_word' id='word_1_723' title='bbox 2438 4257 2542 4305; x_wconf 89' lang='lat' dir='ltr'><strong>est.</strong></span> <span class='ocrx_word' id='word_1_724' title='bbox 2576 4249 2677 4305; x_wconf 90' lang='lat' dir='ltr'><strong>Hic</strong></span> <span class='ocrx_word' id='word_1_725' title='bbox 2710 4266 2876 4321; x_wconf 86' lang='lat' dir='ltr'><strong>porro</strong></span> <span class='ocrx_word' id='word_1_726' title='bbox 2902 4253 3123 4321; x_wconf 83' lang='lat' dir='ltr'><strong>spiritus</strong></span> <span class='ocrx_word' id='word_1_727' title='bbox 3169 4256 3276 4309; x_wconf 87' lang='lat' dir='ltr'><strong>oris</strong></span> <span class='ocrx_word' id='word_1_728' title='bbox 3304 4257 3418 4325; x_wconf 88' lang='lat' dir='ltr'><strong>ejus</strong></span> <span class='ocrx_word' id='word_1_729' title='bbox 3459 4257 3599 4313; x_wconf 90' lang='lat' dir='ltr'><strong>scri-</strong></span> 
     </span>
    </p>
   </div>
   <div class='ocr_carea' id='block_1_100' title="bbox 2026 4339 3600 4415">
    <p class='ocr_par' dir='ltr' id='par_1_100' title="bbox 2026 4339 3600 4415">
     <span class='ocr_line' id='line_1_100' title="bbox 2026 4339 3600 4415; baseline 0.006 -22"><span class='ocrx_word' id='word_1_730' title='bbox 2026 4348 2178 4415; x_wconf 88' lang='lat' dir='ltr'><strong>ptum</strong></span> <span class='ocrx_word' id='word_1_731' title='bbox 2215 4346 2333 4395; x_wconf 34' lang='lat' dir='ltr'><strong>est“</strong></span> <span class='ocrx_word' id='word_1_732' title='bbox 2361 4339 2506 4395; x_wconf 89' lang='lat' dir='ltr'><strong>Alibi</strong></span> <span class='ocrx_word' id='word_1_733' title='bbox 2535 4356 2755 4411; x_wconf 91' lang='lat' dir='ltr'><strong>quoque</strong></span> <span class='ocrx_word' id='word_1_734' title='bbox 2804 4345 3047 4411; x_wconf 86' lang='lat' dir='ltr'><strong>reperire.</strong></span> <span class='ocrx_word' id='word_1_735' title='bbox 3093 4351 3179 4398; x_wconf 90' lang='lat' dir='ltr'><strong>est</strong></span> <span class='ocrx_word' id='word_1_736' title='bbox 3208 4346 3436 4399; x_wconf 89' lang='lat' dir='ltr'><strong>verbum</strong></span> <span class='ocrx_word' id='word_1_737' title='bbox 3484 4346 3600 4402; x_wconf 87' lang='lat' dir='ltr'><strong>oris</strong></span> 
     </span>
    </p>
   </div>
   <div class='ocr_carea' id='block_1_101' title="bbox 2026 4428 3601 4506">
    <p class='ocr_par' dir='ltr' id='par_1_101' title="bbox 2026 4428 3601 4506">
     <span class='ocr_line' id='line_1_101' title="bbox 2026 4428 3601 4506; baseline 0.005 -21"><span class='ocrx_word' id='word_1_738' title='bbox 2026 4428 2165 4500; x_wconf 84' lang='lat' dir='ltr'><strong>ejus,</strong></span> <span class='ocrx_word' id='word_1_739' title='bbox 2198 4438 2259 4484; x_wconf 91' lang='lat' dir='ltr'><strong>ut</strong></span> <span class='ocrx_word' id='word_1_740' title='bbox 2304 4431 2392 4486; x_wconf 88' lang='lat' dir='ltr'><strong>his</strong></span> <span class='ocrx_word' id='word_1_741' title='bbox 2442 4431 2779 4502; x_wconf 87' lang='lat' dir='ltr'><strong>intelligatur</strong></span> <span class='ocrx_word' id='word_1_742' title='bbox 2828 4432 3080 4489; x_wconf 85' lang='lat' dir='ltr'><strong>Salvator</strong></span> <span class='ocrx_word' id='word_1_743' title='bbox 3123 4442 3177 4489; x_wconf 90' lang='lat' dir='ltr'><strong>et</strong></span> <span class='ocrx_word' id='word_1_744' title='bbox 3225 4445 3452 4492; x_wconf 88' lang='lat' dir='ltr'><strong>sanctus</strong></span> <span class='ocrx_word' id='word_1_745' title='bbox 3480 4437 3601 4506; x_wconf 88' lang='lat' dir='ltr'><strong>ejus</strong></span> 
     </span>
    </p>
   </div>
   <div class='ocr_carea' id='block_1_102' title="bbox 2028 4520 3601 4593">
    <p class='ocr_par' dir='ltr' id='par_1_102' title="bbox 2028 4520 3601 4593">
     <span class='ocr_line' id='line_1_102' title="bbox 2028 4520 3601 4593; baseline 0.002 -19"><span class='ocrx_word' id='word_1_746' title='bbox 2028 4520 2264 4591; x_wconf 91' lang='lat' dir='ltr'><strong>Spiritus</strong></span> <span class='ocrx_word' id='word_1_747' title='bbox 2304 4531 2567 4593; x_wconf 88' lang='lat' dir='ltr'><strong>:uterque</strong></span> <span class='ocrx_word' id='word_1_748' title='bbox 2606 4536 2772 4593; x_wconf 87' lang='lat' dir='ltr'><strong>porro</strong></span> <span class='ocrx_word' id='word_1_749' title='bbox 2818 4522 2875 4575; x_wconf 93' lang='lat' dir='ltr'><strong>in</strong></span> <span class='ocrx_word' id='word_1_750' title='bbox 2922 4522 3200 4578; x_wconf 90' lang='lat' dir='ltr'><strong>creatione</strong></span> <span class='ocrx_word' id='word_1_751' title='bbox 3235 4524 3498 4579; x_wconf 64' lang='lat' dir='ltr'><strong>caelorum</strong></span> <span class='ocrx_word' id='word_1_752' title='bbox 3545 4531 3601 4577; x_wconf 91' lang='lat' dir='ltr'><strong>et</strong></span> 
     </span>
    </p>
   </div>
   <div class='ocr_carea' id='block_1_103' title="bbox 2023 4613 3596 4693">
    <p class='ocr_par' dir='ltr' id='par_1_103' title="bbox 2023 4613 3596 4693">
     <span class='ocr_line' id='line_1_103' title="bbox 2023 4613 3596 4693; baseline -0.001 -26"><span class='ocrx_word' id='word_1_753' title='bbox 2023 4622 2357 4693; x_wconf 87' lang='lat' dir='ltr'><strong>potestatum</strong></span> <span class='ocrx_word' id='word_1_754' title='bbox 2386 4630 2578 4671; x_wconf 89' lang='lat' dir='ltr'><strong>eorum</strong></span> <span class='ocrx_word' id='word_1_755' title='bbox 2604 4622 2933 4686; x_wconf 88' lang='lat' dir='ltr'><strong>cooperatus</strong></span> <span class='ocrx_word' id='word_1_756' title='bbox 2958 4621 3062 4670; x_wconf 91' lang='lat' dir='ltr'><strong>est.</strong></span> <span class='ocrx_word' id='word_1_757' title='bbox 3097 4613 3223 4669; x_wconf 88' lang='lat' dir='ltr'><strong>Ideo</strong></span> <span class='ocrx_word' id='word_1_758' title='bbox 3258 4614 3463 4668; x_wconf 90' lang='lat' dir='ltr'><strong>dictum</strong></span> <span class='ocrx_word' id='word_1_759' title='bbox 3490 4621 3596 4676; x_wconf 88' lang='lat' dir='ltr'><strong>est,</strong></span> 
     </span>
    </p>
   </div>
   <div class='ocr_carea' id='block_1_104' title="bbox 2036 4703 3595 4778">
    <p class='ocr_par' dir='ltr' id='par_1_104' title="bbox 2036 4703 3595 4778">
     <span class='ocr_line' id='line_1_104' title="bbox 2036 4703 3595 4778; baseline -0.001 -19"><span class='ocrx_word' id='word_1_760' title='bbox 2036 4706 2201 4760; x_wconf 84' lang='lat' dir='ltr'><strong>Verbo</strong></span> <span class='ocrx_word' id='word_1_761' title='bbox 2235 4707 2449 4773; x_wconf 88' lang='lat' dir='ltr'><strong>Domini</strong></span> <span class='ocrx_word' id='word_1_762' title='bbox 2486 4708 2603 4762; x_wconf 79' lang='lat' dir='ltr'><strong>caeli</strong></span> <span class='ocrx_word' id='word_1_763' title='bbox 2630 4708 2834 4778; x_wconf 82' lang='lat' dir='ltr'><strong>ﬁrmati</strong></span> <span class='ocrx_word' id='word_1_764' title='bbox 2861 4716 3005 4770; x_wconf 87' lang='lat' dir='ltr'><strong>sunt,</strong></span> <span class='ocrx_word' id='word_1_765' title='bbox 3044 4715 3094 4760; x_wconf 87' lang='lat' dir='ltr'><strong>et</strong></span> <span class='ocrx_word' id='word_1_766' title='bbox 3129 4705 3325 4775; x_wconf 87' lang='lat' dir='ltr'><strong>spiritu</strong></span> <span class='ocrx_word' id='word_1_767' title='bbox 3348 4706 3455 4759; x_wconf 80' lang='lat' dir='ltr'><strong>oris</strong></span> <span class='ocrx_word' id='word_1_768' title='bbox 3482 4703 3595 4772; x_wconf 78' lang='lat' dir='ltr'><strong>ejus</strong></span> 
     </span>
    </p>
   </div>
   <div class='ocr_carea' id='block_1_105' title="bbox 2023 4794 3597 4866">
    <p class='ocr_par' dir='ltr' id='par_1_105' title="bbox 2023 4794 3597 4866">
     <span class='ocr_line' id='line_1_105' title="bbox 2023 4794 3597 4866; baseline -0.003 -13"><span class='ocrx_word' id='word_1_769' title='bbox 2023 4800 2194 4854; x_wconf 84' lang='lat' dir='ltr'><strong>omnis</strong></span> <span class='ocrx_word' id='word_1_770' title='bbox 2223 4800 2390 4856; x_wconf 81' lang='lat' dir='ltr'><strong>virtus</strong></span> <span class='ocrx_word' id='word_1_771' title='bbox 2421 4816 2623 4857; x_wconf 86' lang='lat' dir='ltr'><strong>eorum.</strong></span> <span class='ocrx_word' id='word_1_772' title='bbox 2661 4798 2809 4853; x_wconf 86' lang='lat' dir='ltr'><strong>Nihil</strong></span> <span class='ocrx_word' id='word_1_773' title='bbox 2843 4798 2990 4853; x_wconf 89' lang='lat' dir='ltr'><strong>enim</strong></span> <span class='ocrx_word' id='word_1_774' title='bbox 3025 4797 3145 4853; x_wconf 89' lang='lat' dir='ltr'><strong>sine</strong></span> <span class='ocrx_word' id='word_1_775' title='bbox 3180 4794 3417 4866; x_wconf 85' lang='lat' dir='ltr'><strong>Spiritus</strong></span> <span class='ocrx_word' id='word_1_776' title='bbox 3456 4808 3597 4863; x_wconf 76' lang='lat' dir='ltr'><strong>prte-</strong></span> 
     </span>
    </p>
   </div>
   <div class='ocr_carea' id='block_1_106' title="bbox 2023 4884 3591 4963">
    <p class='ocr_par' dir='ltr' id='par_1_106' title="bbox 2023 4884 3591 4963">
     <span class='ocr_line' id='line_1_106' title="bbox 2023 4884 3591 4963; baseline -0.006 -14"><span class='ocrx_word' id='word_1_777' title='bbox 2023 4894 2202 4949; x_wconf 90' lang='lat' dir='ltr'><strong>sentia</strong></span> <span class='ocrx_word' id='word_1_778' title='bbox 2258 4894 2651 4949; x_wconf 88' lang='lat' dir='ltr'><strong>sanctiﬁcatur.</strong></span> <span class='ocrx_word' id='word_1_779' title='bbox 2699 4892 2921 4963; x_wconf 84' lang='lat' dir='ltr'><strong>Angelis</strong></span> <span class='ocrx_word' id='word_1_780' title='bbox 2963 4891 3130 4961; x_wconf 83' lang='lat' dir='ltr'><strong>igitur</strong></span> <span class='ocrx_word' id='word_1_781' title='bbox 3179 4888 3470 4943; x_wconf 91' lang='lat' dir='ltr'><strong>transitum</strong></span> <span class='ocrx_word' id='word_1_782' title='bbox 3523 4884 3591 4940; x_wconf 88' lang='lat' dir='ltr'><strong>ad</strong></span> 
     </span>
    </p>
   </div>
   <div class='ocr_carea' id='block_1_107' title="bbox 2023 4979 3589 5055">
    <p class='ocr_par' dir='ltr' id='par_1_107' title="bbox 2023 4979 3589 5055">
     <span class='ocr_line' id='line_1_107' title="bbox 2023 4979 3589 5055; baseline -0.006 -14"><span class='ocrx_word' id='word_1_783' title='bbox 2023 4987 2372 5041; x_wconf 84' lang='lat' dir='ltr'><strong>existentiam</strong></span> <span class='ocrx_word' id='word_1_784' title='bbox 2412 4994 2629 5040; x_wconf 87' lang='lat' dir='ltr'><strong>creator</strong></span> <span class='ocrx_word' id='word_1_785' title='bbox 2660 4984 2900 5040; x_wconf 80' lang='lat' dir='ltr'><strong>Verbum</strong></span> <span class='ocrx_word' id='word_1_786' title='bbox 2925 4981 3176 5055; x_wconf 66' lang='lat' dir='ltr'><strong>praebuit,</strong></span> <span class='ocrx_word' id='word_1_787' title='bbox 3209 4979 3589 5034; x_wconf 89' lang='lat' dir='ltr'><strong>universorum</strong></span> 
     </span>
    </p>
   </div>
   <div class='ocr_carea' id='block_1_108' title="bbox 2018 5066 3590 5149">
    <p class='ocr_par' dir='ltr' id='par_1_108' title="bbox 2018 5066 3590 5149">
     <span class='ocr_line' id='line_1_108' title="bbox 2018 5066 3590 5149; baseline -0.008 -15"><span class='ocrx_word' id='word_1_788' title='bbox 2018 5080 2203 5149; x_wconf 79' lang='lat' dir='ltr'><strong>Opifex</strong></span> <span class='ocrx_word' id='word_1_789' title='bbox 2231 5097 2243 5132; x_wconf 89' lang='lat'><strong>:</strong></span> <span class='ocrx_word' id='word_1_790' title='bbox 2284 5076 2771 5133; x_wconf 86' lang='lat' dir='ltr'><strong>sanctiﬁcationem</strong></span> <span class='ocrx_word' id='word_1_791' title='bbox 2803 5090 2932 5130; x_wconf 86' lang='lat' dir='ltr'><strong>vero</strong></span> <span class='ocrx_word' id='word_1_792' title='bbox 2964 5072 3154 5130; x_wconf 89' lang='lat' dir='ltr'><strong>eodem</strong></span> <span class='ocrx_word' id='word_1_793' title='bbox 3193 5079 3439 5141; x_wconf 88' lang='lat' dir='ltr'><strong>tempore</strong></span> <span class='ocrx_word' id='word_1_794' title='bbox 3468 5066 3590 5138; x_wconf 89' lang='lat' dir='ltr'><strong>Spi-</strong></span> 
     </span>
    </p>
   </div>
   <div class='ocr_carea' id='block_1_109' title="bbox 2019 5161 3589 5235">
    <p class='ocr_par' dir='ltr' id='par_1_109' title="bbox 2019 5161 3589 5235">
     <span class='ocr_line' id='line_1_109' title="bbox 2019 5161 3589 5235; baseline -0.006 -12"><span class='ocrx_word' id='word_1_795' title='bbox 2019 5171 2161 5225; x_wconf 89' lang='lat' dir='ltr'><strong>ritus</strong></span> <span class='ocrx_word' id='word_1_796' title='bbox 2188 5179 2414 5226; x_wconf 88' lang='lat' dir='ltr'><strong>sanctus</strong></span> <span class='ocrx_word' id='word_1_797' title='bbox 2444 5168 2669 5235; x_wconf 88' lang='lat' dir='ltr'><strong>indidit;</strong></span> <span class='ocrx_word' id='word_1_798' title='bbox 2701 5184 2811 5224; x_wconf 92' lang='lat' dir='ltr'><strong>non</strong></span> <span class='ocrx_word' id='word_1_799' title='bbox 2840 5167 2984 5222; x_wconf 91' lang='lat' dir='ltr'><strong>enim</strong></span> <span class='ocrx_word' id='word_1_800' title='bbox 3008 5164 3246 5221; x_wconf 84' lang='lat' dir='ltr'><strong>infantes</strong></span> <span class='ocrx_word' id='word_1_801' title='bbox 3282 5161 3453 5218; x_wconf 88' lang='lat' dir='ltr'><strong>creati</strong></span> <span class='ocrx_word' id='word_1_802' title='bbox 3489 5174 3589 5215; x_wconf 79' lang='lat' dir='ltr'><strong>an-</strong></span> 
     </span>
    </p>
   </div>
   <div class='ocr_carea' id='block_1_110' title="bbox 2016 5264 2305 5341">
    <p class='ocr_par' dir='ltr' id='par_1_110' title="bbox 2016 5264 2305 5341">
     <span class='ocr_line' id='line_1_110' title="bbox 2016 5264 2305 5341; baseline 0.003 -22"><span class='ocrx_word' id='word_1_803' title='bbox 2016 5264 2121 5341; x_wconf 81' lang='lat' dir='ltr'><strong>geli</strong></span> <span class='ocrx_word' id='word_1_804' title='bbox 2157 5271 2305 5327; x_wconf 82' lang='lat' dir='ltr'><strong>sunt.</strong></span> 
     </span>
    </p>
   </div>
   <div class='ocr_carea' id='block_1_111' title="bbox 2087 5512 3584 5594">
    <p class='ocr_par' dir='ltr' id='par_1_111' title="bbox 2087 5512 3584 5594">
     <span class='ocr_line' id='line_1_111' title="bbox 2087 5512 3584 5594; baseline -0.013 -9"><span class='ocrx_word' id='word_1_805' title='bbox 2087 5530 2254 5587; x_wconf 74' lang='lat' dir='ltr'><strong>Vens.</strong></span> <span class='ocrx_word' id='word_1_806' title='bbox 2290 5530 2343 5594; x_wconf 79' lang='lat' dir='ltr'><strong>R,</strong></span> <span class='ocrx_word' id='word_1_807' title='bbox 2375 5528 2425 5583; x_wconf 92' lang='lat'><strong>9.</strong></span> <span class='ocrx_word' id='word_1_808' title='bbox 2472 5527 2675 5582; x_wconf 86' lang='lat' dir='ltr'><strong>Timeat</strong></span> <span class='ocrx_word' id='word_1_809' title='bbox 2698 5524 2979 5580; x_wconf 89' lang='lat' dir='ltr'><strong>Dominum</strong></span> <span class='ocrx_word' id='word_1_810' title='bbox 3018 5519 3189 5572; x_wconf 85' lang='lat' dir='ltr'><strong>omnis</strong></span> <span class='ocrx_word' id='word_1_811' title='bbox 3222 5530 3364 5569; x_wconf 89' lang='lat' dir='ltr'><strong>terra</strong></span> <span class='ocrx_word' id='word_1_812' title='bbox 3389 5529 3408 5568; x_wconf 92' lang='lat'><strong><em>:</em></strong></span> <span class='ocrx_word' id='word_1_813' title='bbox 3437 5512 3502 5568; x_wconf 89' lang='lat' dir='ltr'><strong>ab</strong></span> <span class='ocrx_word' id='word_1_814' title='bbox 3523 5527 3584 5565; x_wconf 77' lang='grc' dir='ltr'><strong>σο</strong></span> 
     </span>
    </p>
   </div>
   <div class='ocr_carea' id='block_1_112' title="bbox 2017 5603 3580 5680">
    <p class='ocr_par' dir='ltr' id='par_1_112' title="bbox 2017 5603 3580 5680">
     <span class='ocr_line' id='line_1_112' title="bbox 2017 5603 3580 5680; baseline -0.012 -1"><span class='ocrx_word' id='word_1_815' title='bbox 2017 5633 2193 5680; x_wconf 85' lang='lat' dir='ltr'><strong>autem</strong></span> <span class='ocrx_word' id='word_1_816' title='bbox 2219 5630 2641 5679; x_wconf 80' lang='lat' dir='ltr'><strong>commoveantur</strong></span> <span class='ocrx_word' id='word_1_817' title='bbox 2662 5634 2836 5673; x_wconf 85' lang='lat' dir='ltr'><strong>omnes</strong></span> <span class='ocrx_word' id='word_1_818' title='bbox 2862 5612 3213 5670; x_wconf 81' lang='lat' dir='ltr'><strong>inhabitantes</strong></span> <span class='ocrx_word' id='word_1_819' title='bbox 3246 5609 3443 5664; x_wconf 82' lang='lat' dir='ltr'><strong>orbem.</strong></span> <span class='ocrx_word' id='word_1_820' title='bbox 3473 5603 3580 5661; x_wconf 60' lang='grc' dir='ltr'><strong>Λεία</strong></span> 
     </span>
    </p>
   </div>
  </div>
