4094 6378
486 367 594 424 283
1141 366 1414 424 EUSEBll
1451 367 1932 427 CESABIENSIS
1968 369 2120 428 OPP.
2159 371 2344 431 PARS
2375 373 2464 431 lll.
2504 406 2575 417 —
2601 374 3009 434 EXEGETICA.
3617 385 3718 442 εει

484 486 705 543 modum
730 496 1148 558 consequenter,
1176 497 1466 559 postquam
1494 504 1689 561 magna
1713 490 1807 546 Dei
1834 490 2021 561 opiﬁci:

2122 543 2126 552 ,
2150 494 2530 563 οἰκουμένην.
2563 494 2775 568 Σφόδρα
2797 495 2854 550 δὲ
2881 494 3191 563 ἀκολούθως
3220 496 3318 561 τὰς
3343 498 3438 553 τοῦ
3464 498 3599 555 Θεοῦ
3627 522 3718 574 με-

483 579 796 640 declaravit.
823 594 887 635 ac
916 587 1127 635 tantum
1152 595 1262 636 non
1283 581 1355 636 ob
1375 583 1564 637 oculos
1586 584 1788 654 posuit,
1812 592 2048 654 quantus

483 670 556 726 sit
586 671 675 726 ille
705 672 895 725 talium
939 688 1122 728 rerum
1168 674 1421 729 conditor
1470 674 1772 743 Dominus;
1822 692 1945 731 eum
1976 679 2047 732 ti-

481 776 631 817 mere
673 763 948 833 praecepit.
995 763 1405 835 Annuntiatque
1437 782 1546 820 non
1580 767 1720 821 ultra
1753 768 1914 824 idolis
1946 770 2047 823 ad-

480 852 777 908 hibendum
829 856 1091 922 animum,
1128 874 1238 913 non
1290 860 1567 915 daamonas
1593 860 1854 916 colendos
1901 878 2050 927 esse,

481 947 581 1003 sed
624 955 897 1002 tantarum
931 966 1116 1005 rerum
1152 968 1321 1006 unum
1362 955 1630 1023 opiticem.
1682 955 1830 1011 illius
1864 965 2045 1012 autem

478 1036 618 1102 loco,
639 1050 1078 1104 commoveantur,
1107 1040 1466 1113 Symmachus
1496 1056 1829 1101 revereantur
1850 1048 2040 1103 edidit.

476 1126 578 1183 Hic
624 1129 915 1200 intelligas,
967 1147 1076 1202 quo
1107 1142 1268 1204 pacto
1299 1134 1539 1190 futurum
1584 1146 1700 1193 erat
1751 1147 1811 1194 ut
1858 1140 1928 1196 ab
1976 1155 2044 1196 eo

474 1232 950 1278 commoverentur
1019 1240 1209 1282 omnes
1272 1229 1641 1287 inhabitantes
1708 1232 1934 1297 orbem,
1994 1233 2042 1289 si

475 1313 658 1365 animo
686 1316 991 1384 perpendas
1036 1333 1143 1387 qua
1195 1320 1408 1376 ratione
1458 1337 1555 1392 per
1601 1322 2039 1393 praedicationem

470 1405 838 1473 evangelicam
862 1414 915 1461 et
960 1408 1255 1463 salutarem
1301 1412 1610 1468 doctrinam
1659 1416 1715 1469 in
1764 1422 1880 1470 toto
1908 1417 2041 1472 orbe

471 1488 729 1550 Ecclesia:
757 1495 869 1551 Deo
902 1498 1210 1556 constitutae
1242 1503 1375 1569 sint,
1408 1519 1569 1561 aures
1600 1509 1845 1562 omnium
1872 1511 2039 1565 verbo

471 1585 731 1654 repletae,
781 1588 1132 1661 universique
1190 1593 1439 1651 homines
1487 1597 1580 1651 illa
1632 1605 1786 1652 tanta
1836 1600 2038 1655 virtute

468 1677 748 1742 commoti,
787 1693 852 1733 ac
883 1682 1076 1735 mutati
1107 1696 1139 1737 a
1167 1685 1401 1754 pristino
1428 1687 1696 1742 idolorum
1730 1705 1934 1755 errore,
1969 1690 2035 1744 ad

465 1784 606 1823 verae
632 1771 850 1839 pietatis
875 1775 1351 1831 commonitionem
1377 1779 1741 1834 accesserint:
1770 1780 2035 1847 Quoniam

2151 583 2482 655 γαλουργίας
2541 587 2914 658 παραστήσας,
2954 588 3048 641 καὶ
3089 590 3367 660 μονονουχὶ
3427 591 3717 664 ὀφθαλμοῖς

2149 674 2419 741 ἐπιδείξας
2450 677 2708 747 ὁπηλίκος
2730 679 2874 731 ἐστὶν
2903 678 2931 730 ὁ
2955 678 3064 732 τῶν
3087 679 3340 733 τοιούτων
3390 681 3717 755 δημιουργὸς

2147 765 2369 840 Κύριος,
2406 768 2837 840 παρακελεύεται
2887 769 3074 824 τοῦτον
3133 771 3432 839 φοϐεῖσθαι.
3482 774 3715 846 Εὐαγγε-

2145 856 2352 921 λίξεται
2376 859 2432 911 δὲ
2466 859 2701 925 εἰδώλοις
2737 862 2934 932 μηκέτι
2966 862 3254 934 προσέχειν
3270 865 3361 919 τὸν
3391 866 3539 933 νοῦν,
3579 869 3714 942 μήτε

2144 948 2402 1018 δαίμονας
2430 951 2700 1018 σέϐεσθαι,
2731 953 2867 1007 ἀλλὰ
2891 955 2982 1007 τὸν
3004 956 3270 1013 τοσούτων
3293 961 3539 1030 ποιητήν.
3571 961 3714 1025 Ἀντὶ

2142 1039 2199 1093 δὲ
2223 1040 2340 1106 τοῦ,
2375 1043 2868 1111 σαλευθήτωσαν,
2892 1047 2921 1098 ό
2962 1047 3276 1119 Σύμμαχος,
3318 1049 3713 1108 εὐλαϐείσθω-

2142 1148 2284 1195 σαν,
2341 1132 2588 1199 ἐξέδωκε.
2629 1136 2865 1206 Νοήσεις
2904 1138 3050 1202 ὅπως
3114 1139 3335 1210 ἔμελλον
3387 1141 3709 1200 σαλεύεσθαι

2140 1224 2237 1277 ἀπ’
2267 1224 2431 1278 αὐτοῦ
2461 1226 2660 1291 πάντες
2692 1228 2741 1280 οἱ
2787 1230 3165 1294 κατοικοῦντες
3225 1231 3325 1303 τὴν
3365 1234 3706 1308 οἰκουμένην,

2140 1314 2438 1385 ἐπιστήσας
2457 1313 2556 1386 τὴν
2596 1314 2851 1381 διάνοιαν,
2899 1316 2975 1381 ὡς
3026 1317 3117 1373 ἐπὶ
3156 1317 3234 1389 τῷ
3295 1319 3607 1390 κηρύγματι
3632 1321 3710 1392 τῷ

2138 1404 2474 1476 εὐαγγελικῷ
2503 1406 2597 1459 καὶ
2618 1409 2682 1478 τῇ
2715 1407 2967 1478 σωτηρίῳ
2990 1407 3299 1480 διδασκαλίᾳ
3326 1409 3446 1464 καθ’
3463 1409 3588 1479 ὅλης
3611 1413 3710 1482 τῆς

2137 1498 2459 1568 οἰκουμένης
2491 1498 2806 1570 Ἐκκλησίαι
2838 1498 2917 1569 τῷ
2934 1499 3052 1570 Θεῷ
3078 1500 3428 1572 συνέστησαν·
3460 1501 3611 1557 πᾶσά
3648 1519 3708 1568 τε

2136 1589 2272 1661 ἀκοὴ
2301 1589 2588 1662 ἐπληρώθη
2610 1590 2704 1645 τοῦ
2739 1590 2922 1660 λόγου,
2957 1594 3052 1647 καὶ
3086 1592 3288 1657 πάντες
3311 1592 3587 1665 ἄνθρωποι
3614 1590 3708 1650 ἐπὶ

2133 1684 2201 1753 τῇ
2228 1682 2464 1755 τοσαύτῃ
2493 1682 2718 1753 δυνάμει
2778 1682 3106 1753 κεκίνηνται,
3144 1684 3567 1755 μεταϐάλλοντες
3600 1685 3708 1742 ἀπὸ

2135 1776 2234 1844 τῆς
2289 1775 2559 1845 προτέρας
2624 1774 2752 1845 περλ⁵
2816 1774 2885 1829 τά
2944 1775 3136 1838 εἴδωλα
3187 1776 3413 1848 πλάνης,
3484 1778 3580 1841 καὶ
3625 1779 3707 1843 είς

465 1860 575 1927 ipse
601 1861 757 1930 dixit,
792 1873 840 1918 et
890 1865 1035 1934 facta
1067 1877 1228 1948 sunt;
1277 1870 1386 1938 ipse
1432 1870 1727 1939 mandavit,
1773 1881 1823 1927 et
1849 1883 2021 1928 creata

2132 1864 2435 1935 ὑπόμνησιν
2462 1865 2703 1930 ἐλθόντες
2722 1866 2821 1938 τῆς
2843 1867 3073 1937 ἀληθοῦς
3104 1867 3404 1933 εὐσεϐείας·
3438 1870 3570 1925 Ὅτι
3598 1870 3705 1924 αὐξ-

462 1963 603 2009 sunt.

521 2134 688 2191 Vsus.
719 2137 801 2191 ιι).
832 2136 1087 2193 Dominus
1116 2139 1340 2209 dissipat
1397 2142 1623 2196 consilia
1656 2146 1906 2214 gentium,
1946 2163 2027 2199 re-

457 2227 648 2296 probat
696 2237 871 2281 autem
926 2231 1264 2300 cogitationes
1297 2233 1627 2301 populorum,
1680 2244 1731 2289 et
1783 2237 2027 2305 reprobat

457 2319 683 2373 consilia
719 2321 1035 2390 principum.
1077 2322 1215 2388 Quia
1262 2323 1481 2380 videbat
1519 2326 1745 2396 spiritus
1793 2329 2028 2398 prophe-

455 2413 601 2468 ticus
627 2411 869 2468 futurum
892 2429 1032 2480 esse,
1061 2422 1121 2469 ut
1142 2418 1610 2484 persecutionibus
1637 2418 2026 2474 atllictarentur

454 2504 493 2559 ii
526 2506 620 2574 qui
650 2521 681 2559 a
715 2506 896 2575 prisca
958 2507 1049 2561 illa
1112 2509 1498 2576 superstitione
1539 2513 1809 2566 recessuri
1843 2522 2021 2579 erant,

453 2602 510 2651 et
537 2597 833 2651 multorum
864 2598 1090 2652 deorum
1123 2588 1368 2653 errorem
1418 2604 1739 2669 aversaturi,
1794 2613 1852 2658 ut
1903 2621 2024 2662 sese

451 2688 519 2743 ad
556 2689 934 2745 universorum
962 2690 1248 2744 Dominum
1272 2700 1685 2763 converterent;
1711 2699 2021 2753 necessario

451 2780 699 2850 praecipit
722 2781 824 2846 eis,
859 2780 949 2851 qui
990 2796 1172 2835 rerum
1200 2783 1443 2837 omnium
1472 2786 1718 2854 opiﬁcem
1749 2790 2018 2856 noverint,

451 2880 512 2926 ut
540 2871 818 2928 immissos
852 2864 1177 2944 agentibus
1207 2874 1264 2928 in
1307 2874 1626 2932 inﬁdelitate
1666 2893 2023 2948 perseveran-

449 2964 600 3020 tibus
633 2973 891 3029 terrores,
920 2982 1241 3037 ,eorumque
1286 2970 1461 3024 minas
1491 2986 1599 3024 non
1641 2971 2015 3029 reformident.

450 3054 603 3111 Licet
631 3056 776 3111 enim
810 3056 1021 3111 inﬁnita
1051 3065 1241 3113 contra
1275 3076 1371 3115 vos
1415 3063 1749 3130 moliantur;
1786 3073 1840 3118 at
1882 3066 2019 3121 nihil

448 3146 508 3202 in
552 3148 723 3202 vestri
749 3149 1045 3217 perniciem
1072 3152 1296 3220 exsequi
1318 3153 1596 3209 valebunt.
1634 3156 1755 3225 ipse
1784 3172 2019 3228 namque

2133 1957 2234 2022 τὸς
2264 1954 2413 2022 εἷπε,
2437 1959 2536 2013 καὶ
2569 1956 2961 2028 ἐγενήθησαν·
3005 1959 3191 2028 αὐτὸς
3220 1960 3574 2029 ἐνετείλατο,
3604 1961 3703 2017 καί

2132 2047 2518 2117 ἐκτίσθησαν.

2201 2141 2415 2208 Κύριος
2439 2141 2805 2204 διασκεδάζὲι
2838 2144 3073 2211 βουλὰς
3121 2144 3342 2210 ἐθνῶν,
3411 2142 3611 2203 ἀθετεῖ
3634 2141 3705 2205 δὲ

2129 2233 2460 2301 λογισμοὺς
2505 2234 2692 2299 λαῶν,
2758 2236 2857 2290 καὶ
2925 2236 3123 2290 ἀθετεῖ
3181 2234 3418 2301 ,βουλὰς
3481 2235 3699 2303 ἀρχόν-

2129 2341 2268 2378 των.
2314 2326 2463 2378 Ἐπεὶ
2517 2326 2760 2398 συνεώρα
2809 2327 2873 2381 τὸ
2930 2328 3269 2399 προφητικὸν,
3317 2326 3534 2397 πνεῦμα
3573 2324 3699 2396 μὲλ-

2112 2413 2317 2478 -λοντας
2345 2415 2666 2482 ἐξάπτεσθαι
2726 2418 2997 2488 διωγμοὺς
3045 2418 3185 2472 κατὰ
3214 2417 3322 2471 τῶν
3353 2417 3698 2487 ἀναχωρούν-

2127 2523 2235 2559 των
2264 2506 2361 2578 μέν
2380 2509 2478 2578 τῆς
2505 2508 2773 2581 προτέρας
2793 2508 3209 2580 δεισιδαιμονίας
3236 2510 3332 2563 καὶ
3354 2511 3695 2580 ἀποστρεφο-

2132 2593 2307 2662 μένων
2326 2594 2425 2665 τὴν
2469 2595 2725 2649 πολύθεον
2776 2596 3003 2668 πλάνην,
3036 2598 3129 2651 ἐπὶ
3181 2598 3239 2652 δὲ
3277 2598 3367 2652 τὸν
3416 2600 3523 2653 τῶν
3558 2598 3694 2653 ὅλων

2126 2685 2329 2756 Κύριον
2357 2688 2809 2757 ἐπιστρεφόντων,
2859 2689 3167 2758 ἀναγκαίως
3210 2689 3319 2744 τῶν
3361 2693 3418 2744 ἐν
3466 2692 3695 2762 ἀπιστίᾳ

2129 2777 2424 2848 μεινάντων
2461 2778 2627 2831 ἐθνῶν
2687 2782 2812 2844 τοὺς
2841 2781 3035 2850 φόϐους
3066 2783 3158 2834 καὶ
3209 2780 3308 2845 τὰς
3355 2782 3582 2846 ἀπειλὰς
3617 2782 3693 2854 μὴ

2124 2868 2348 2922 δεδιέναι
2381 2870 2807 2941 παρακελεύεται
2840 2875 2951 2936 τοῖς
2984 2872 3091 2925 τῶν
3147 2871 3283 2937 ὅλων
3314 2873 3539 2945 ποιητὴν
3565 2875 3693 2942 ἐπε-

2124 2961 2410 3029 γνωκόσιν.
2441 2961 2557 3016 Κᾶν
2593 2961 2701 3035 γάρ
2735 2962 2904 3034 μυρία
2931 2962 3053 3016 καθ’
3089 2962 3241 3034 ὑμῶν
3271 2963 3693 3019 ἐπιϐουλεύσων-

2122 3070 2230 3106 ται·
2260 3053 2373 3106 ἀλλ’
2404 3054 2576 3119 οὐδὲν,
2612 3055 2794 3125 φησὶν,
2829 3054 3102 3125 ίσχύσουσι
3129 3054 3247 3123 καθ’
3274 3054 3426 3126 ὑμῶν
3462 3057 3691 3128 ἐνεργῆ-

2125 3160 2237 3199 σαι.
2268 3145 2439 3208 Αὐτὸς
2471 3144 2579 3216 γὰρ
2610 3147 2639 3198 ὁ
2684 3146 2901 3209 πάντων
2930 3146 3258 3216 δημιουργὸς
3286 3147 3379 3214 καὶ
3405 3137 3691 3218 Κύριος,ᾧ

449 3240 696 3293 omnium
729 3239 910 3310 opifex
952 3249 1005 3296 et
1053 3241 1337 3307 Dominus,
1372 3245 1440 3299 ad
1466 3262 1626 3315 quem
1670 3227 2014 3319 confugistis,

2122 3237 2513 3306 προσεφύγετε,
2569 3235 2669 3301 τὰς
2701 3238 2821 3306 καθ’
2848 3238 2998 3307 ὑμῶν
3045 3237 3334 3301 ἐπιϐουλὰς
3389 3238 3495 3307 τῶν
3522 3237 3691 3305 ἐθνῶν

447 3330 681 3387 insidias
714 3346 744 3385 a
773 3322 1028 3403 gentibus
1056 3350 1121 3389 ac
1155 3335 1464 3394 inﬁdelibus
1497 3341 1710 3409 populis
1737 3342 1893 3398 vobis
1924 3360 2019 3414 pa-

445 3428 614 3487 ratas,
670 3429 726 3477 et
778 3423 1137 3493 cogitationes
1187 3441 1377 3480 eorum
1422 3429 1579 3484 vobis
1628 3432 1888 3489 adversas
1935 3435 2016 3489 vel

443 3523 582 3587 nutu
636 3514 755 3570 solo
811 3515 1135 3585 dissipabit:
1187 3523 1242 3572 et
1297 3518 1592 3589 siquando
1650 3524 1919 3593 principes
1952 3540 2016 3579 ac

442 3623 599 3679 reges
652 3609 812 3665 vobis
866 3620 1245 3678 succenseant,
1299 3620 1354 3667 at
1402 3613 1450 3668 is
1490 3616 1718 3670 consilia
1770 3617 2013 3685 ipsorum

443 3698 601 3773 irrita
648 3697 832 3764 faciet,
867 3702 1156 3771 solumque
1185 3703 1305 3771 ejus
1341 3703 1628 3759 consilium
1662 3706 1716 3759 in
1748 3715 2013 3763 aeternum

441 3791 702 3846 manebit.
734 3791 1024 3849 Enimvero
1053 3795 1410 3865 cogitationes
1451 3799 1729 3867 sapientia:
1757 3802 1876 3871 ejus
1902 3817 2011 3856 non

440 3883 667 3956 perinde
706 3893 870 3956 atque
898 3887 1259 3958 cogitationes
1288 3889 1568 3944 hominum
1615 3892 1781 3947 irritae
1809 3903 1969 3948 erunt
1994 3913 2009 3950 ι

439 3973 535 4029 sed
558 3974 767 4044 judicia
796 3976 917 4045 ejus
951 3987 1270 4048 permanent
1299 3980 1357 4034 in
1390 3982 1793 4050 generationem
1837 3992 1891 4039 et
1919 4001 2014 4056 ge-

438 4067 799 4122 nerationem.
831 4068 1203 4139 Cogitationes
1235 4073 1434 4144 quippe
1466 4090 1596 4131 suas
1636 4084 1881 4131 reservat
1915 4078 2013 4131 lio-

437 4158 680 4213 minibus
707 4174 767 4214 se
794 4160 1012 4230 dignis;
1044 4172 1097 4217 et
1124 4164 1251 4232 quia
1284 4165 1339 4218 in
1373 4166 1602 4236 singulis
1643 4170 2010 4237 generationi-

438 4249 543 4305 bus
599 4259 653 4305 et
707 4250 993 4306 hominum
1048 4256 1534 4319 successionibus,
1590 4258 1810 4328 quidam
1858 4261 2008 4331 digni

437 4341 832 4411 reperiuntur,
896 4344 1018 4413 jure
1065 4360 1129 4400 ac
1182 4349 1377 4403 merito
1440 4349 1645 4405 eisdem
1720 4354 2005 4421 cogitatio—

436 4448 534 4490 nes
589 4424 831 4491 servans
877 4423 1037 4502 suas,
1097 4439 1249 4508 ipsas
1309 4440 1364 4495 in
1443 4441 1827 4511 generationes
1883 4460 2003 4498 om-

435 4538 536 4578 nes
567 4524 841 4590 producit.
876 4525 941 4579 Et
997 4526 1113 4582 haec
1143 4543 1274 4585 sane
1334 4531 1463 4584 olim
1525 4534 1836 4603 prophetice
1864 4550 2004 4605 prae-

2031 4575 2081 4637 D

2120 3327 2350 3381 καὶτῶν
2402 3328 2644 3384 ἀπίστων
2677 3328 2840 3397 λαῶν,
2888 3330 3011 3391 τοὺς
3049 3329 3173 3382 καθ’
3203 3329 3355 3400 ὑμῶν
3398 3328 3690 3400 λογισμοὺς

2117 3417 2197 3471 ἐνὶ
2229 3417 2455 3487 νεύματι
2483 3417 2840 3485 διασκεδάσει.
2873 3420 2938 3472 Et
2988 3418 3046 3471 δὲ
3099 3420 3193 3473 καὶ
3246 3419 3502 3491 ἄρχοντές
3559 3435 3689 3473 ποτε

2116 3509 2211 3561 καὶ
2244 3508 2481 3579 βασιλεῖς
2517 3509 2758 3578 μέλλοιεν
2805 3509 2924 3563 καθ’
2960 3509 3113 3580 ὑμῶν
3160 3509 3508 3576 ἐξάπτεσθαι,
3554 3509 3689 3566 ἀλλὰ

2114 3601 2207 3653 καὶ
2236 3599 2436 3665 τούτων
2468 3599 2718 3672 άθετήσει
2743 3600 2953 3671 βουλάςο
2989 3603 3249 3673 κρατήσει
3280 3602 3337 3673 δὲ
3361 3602 3494 3673 μόνη
3529 3605 3562 3673 ἡ
3590 3603 3690 3655 αύ-

2112 3690 2205 3744 τοῦ
2237 3691 2398 3761 βουλὴ
2422 3694 2500 3755 εἰς
2545 3692 2635 3744 τὸν
2654 3693 2856 3762 eum.
2918 3691 3074 3759 Ἀλλᾲ
3127 3693 3221 3745 καὶ
3265 3693 3365 3763 τῆς
3417 3692 3605 3760 σοφίας
3635 3693 3688 3748 οι

2111 3782 2361 3854 λογισμοὶ
2384 3781 2546 3843 αὐτοῦ
2576 3783 2673 3854 οὐχ
2710 3784 2909 3852 ὁμοίως
2961 3788 3073 3847 τοῖς
3124 3785 3401 3855 λογισμοῖς
3451 3782 3558 3836 τῶν
3592 3784 3686 3837 άν-

2113 3876 2345 3949 θρώπων
2373 3878 2743 3949 άθετήσονται’
2770 3877 3144 3950 παραμένουσι
3170 3878 3225 3930 δέ
3245 3876 3440 3931 ἐαυτοῦ
3472 3878 3685 3949 κρίσεις

2111 3973 2192 4035 είς
2221 3972 2413 4039 γενεὰν
2443 3971 2538 4025 καὶ
2572 3972 2783 4040 γενεάν.
2808 3971 3201 4043 Φυλάττειγάρ
3232 3972 3359 4034 τοὺς
3383 3971 3547 4024 αὑτοῦ
3597 3969 3684 4024 λο-

2109 4065 2341 4134 γισμοὺς
2367 4064 2479 4126 τοῖς
2505 4062 2698 4117 ἐαυτοῦ
2724 4062 2912 4129 ἀξίοις·
2949 4064 3042 4117 καὶ
3068 4064 3363 4135 ἐπειδήπερ
3405 4062 3525 4117 καθ’
3551 4063 3681 4118 ἐκά-

2110 4172 2240 4225 στην
2262 4155 2453 4224 γενεὰν
2478 4156 2574 4210 καὶ
2597 4156 2842 4227 διαδοχὴν
2863 4155 3163 4227 ἀνθρώπων
3185 4144 3523 4228 εὑρίσκονταί
3537 4172 3681 4219 τινες

2107 4247 2270 4313 ἄξιοι,
2305 4249 2530 4312 εἰκότως
2577 4248 2785 4313 τούτοις
2833 4249 3017 4313 αὐτοῖς
3060 4248 3327 4319 διατηρῶν
3360 4248 3484 4311 τοὺς
3513 4244 3677 4301 αὐτοῦ

2105 4337 2417 4410 λογισμοὺς,
2445 4342 2523 4404 εἰς
2540 4339 2729 4408 γενεὰν
2745 4340 2839 4393 καὶ
2864 4338 3055 4409 γενεὰν
3089 4339 3286 4403 αὐτοὺς
3311 4338 3674 4408 παρεκτείνει.

2104 4431 2215 4483 Καὶ
2238 4430 2407 4483 ταῦτα
2435 4432 2531 4502 μὲν
2565 4431 2730 4484 πάλαι
2755 4429 3075 4503 προελέγετο
3105 4420 3474 4501 προφητικῶς
3500 4428 3678 4499 ἔργοις

2103 4523 2160 4577 δὲ
2192 4524 2374 4586 αὐτοῖς
2402 4523 2499 4595 τὴν
2530 4522 2752 4577 ἑκϐασιν
2781 4523 2888 4577 τῶν
2916 4524 3090 4591 λόγων
3136 4523 3296 4593 ἡμεῖς
3330 4519 3675 4593 παρειλήφα-

434 4615 581 4670 dicta
632 4622 789 4682 sunt,
824 4616 1070 4687 ipsisque
1124 4621 1287 4677 rebus
1334 4625 1501 4693 gestis
1557 4640 1658 4681 nos
1706 4625 1999 4684 verborum

2122 4632 2226 4672 ιεν.
2261 4617 2397 4670 Ὅσα
2431 4616 2538 4687 γάρ
2573 4619 2985 4688 ἐμηχανήσαντο
3022 4615 3163 4669 κατὰ
3211 4617 3311 4685 τῆς
3351 4612 3676 4683 Ἐκκλησίας

433 4714 690 4761 eventum
717 4702 1055 4778 excepimus.
1089 4710 1305 4783 Quanta
1327 4716 1474 4769 enim
1506 4717 1768 4774 adversus
1811 4720 2001 4779 Eccle-

433 4799 572 4854 siam
623 4799 745 4870 ejus
794 4802 1093 4858 machinati
1153 4805 1301 4870 sint,
1355 4809 1544 4877 quales
1591 4815 2001 4880 persecutiones

431 4892 811 4958 excitaverint,
849 4894 1156 4964 cujusmodi
1177 4897 1405 4954 consilia
1428 4894 1617 4955 contra
1650 4918 1750 4957 nos
1778 4907 2001 4961 inierint

432 4983 706 5054 principes
741 4985 906 5055 hujus
936 4988 1143 5053 saeculi,
1192 5005 1292 5060 pro
1325 4992 1404 5046 rei
1452 4994 1714 5063 gravitate
1754 5000 1999 5053 enarrari

430 5075 660 5165 nequoit:
693 5092 870 5147 neque
900 5081 1171 5135 recenseri
1203 5095 1312 5150 quo
1353 5094 1512 5152 pacto
1546 5084 1660 5139 haec
1690 5090 1871 5142 omnia
1904 5106 2000 5159 per

428 5163 692 5219 virtutem
723 5165 817 5221 Dei
850 5168 1116 5241 dissipata
1153 5171 1353 5227 fuerint
1378 5192 1392 5240 ;
1420 5191 1597 5246 neque
1622 5186 1783 5233 aetate
1808 5191 1997 5236 nostra

380 5296 385 5303 .
430 5256 797 5324 solummodo,
834 5262 927 5316 sed
958 5278 1056 5332 per
1099 5265 1344 5335 singulas
1371 5269 1750 5337 generationes
1794 5287 1825 5325 a
1858 5283 2027 5328 tem-'

427 5360 558 5415 pore
582 5348 751 5404 divini
783 5350 1081 5411 Salvatoris
1110 5358 1286 5411 nostri
1309 5357 1576 5416 adventus
1617 5362 1839 5432 impleta
1860 5366 1990 5420 sint.

496 5436 662 5497 Vsus.
700 5441 769 5496 12
798 5443 936 5499 -l5.
1002 5446 1170 5501 Beata
1232 5465 1356 5519 gens
1402 5451 1552 5521 cujus
1606 5462 1686 5508 est
1736 5455 1992 5513 Dominus

2102 4708 2287 4772 αὐτοῦ,
2322 4708 2415 4763 καὶ
2442 4709 2658 4772 ὁποίους
2687 4709 2805 4762 καθ’
2840 4707 2996 4779 ἡμῶν
3043 4708 3343 4777 ἐπήγειραν
3378 4704 3672 4775 διωγμοὺς,

2100 4801 2288 4866 ὁποίας
2310 4819 2369 4854 τε
2403 4801 2595 4872 βουλὰς
2622 4801 3007 4857 ἐϐουλεύσαντο
3064 4801 3114 4853 οἱ
3167 4800 3427 4871 ἄρχοντες
3456 4799 3548 4853 τοῦ
3596 4800 3677 4853 αἱ·

2099 4895 2235 4958 ῶνος
2252 4894 2439 4948 τούτου
2464 4893 2585 4946 καθ’
2614 4893 2788 4964 ἡμῶν,
2817 4894 2916 4945 οὐκ
2968 4892 3113 4945 ἔστιν
3146 4891 3382 4958 ἐπαξίως
3410 4890 3671 4961 διηγήσα-

2101 4987 2243 5040 σθαι·
2282 4986 2374 5038 καὶ
2399 4986 2474 5048 ὡς
2507 4985 2680 5038 ταῦτα
2710 4985 2886 5038 πάντα
2923 4985 3057 5038 Θεοῦ
3099 4985 3325 5054 δυνάμει
3370 4983 3672 5037 διεσκεδάνο

2097 5095 2272 5132 νυντο·
2308 5078 2400 5131 καὶ
2424 5078 2499 5140 ὡς
2520 5079 2619 5131 οὐκ
2661 5080 2744 5146 ἐφ’
2775 5076 2930 5149 ἡμῶν
2968 5077 3146 5147 μόνον,
3200 5076 3335 5130 ἀλλὰ
3389 5077 3508 5130 καθ’
3537 5075 3668 5129 ἑκά-

2098 5185 2230 5239 στην
2254 5168 2444 5238 γενεὰν
2468 5168 2647 5241 ἔργοις
2670 5169 2843 5223 ταῦτα
2868 5169 3169 5240 ἐπληροῦτο
3202 5170 3309 5223 ἀπὸ
3328 5169 3436 5222 τῶν
3465 5168 3669 5240 χρόνων

2094 5263 2194 5333 τῆς
2217 5261 2313 5314 τοῦ
2341 5262 2588 5334 Σωτῆρος
2617 5260 2931 5331 θεοφανείας
2961 5261 3264 5334 ἀρξάμενα.

2164 5461 2468 5532 Μακάρων
2495 5461 2561 5516 τὸ
2594 5462 2769 5528 ἔθνος
2800 5458 2872 5518 οὗ
2924 5463 3098 5517 ἐστιν
3124 5466 3157 5516 ό
3207 5464 3421 5531 Κύριος
3444 5467 3478 5517 ό
3524 5463 3668 5529 Θεὸς

426 5528 567 5622 Deus
598 5621 601 5622 ν
627 5533 761 5602 ejus,
828 5538 1049 5606 populus
1099 5557 1251 5611 quem
1309 5543 1465 5615 elegit
1525 5548 1580 5600 in
1625 5548 1990 5607 [nereditatem

2122 5553 2308 5617 ιύτοῦ,
2332 5528 2514 5620 ’λαὸς
2584 5552 2657 5607 ὃν
2722 5551 3044 5618 ἐξελέξατο
3101 5554 3189 5619 εἰς
3260 5528 3669 5622 κληρονομίαν

424 5619 546 5719 sibi.
585 5621 723 5677 Olim
757 5627 977 5696 quidem
1006 5644 1133 5699 pars
1181 5640 1343 5704 atque
1374 5636 1661 5696 haereditas
1704 5641 1823 5711 ejus
1873 5652 1992 5699 erat

2122 5643 2299 5710 αυτῷ.
2338 5643 2511 5698 Πάλαι
2538 5644 2637 5714 μὲν
2668 5644 2776 5716 γὰρ
2805 5640 2874 5715 ἧν
2911 5643 3126 5716 Ἰσραὴλ
3180 5648 3337 5719 μερὶς
3368 5619 3484 5700 ῄκαὶ
3521 5619 3669 5713 ⁷κλει-ι

425 5708 590 5765 lsrael
626 5731 639 5766 :
689 5731 876 5771 verum
905 5721 1031 5790 quia
1062 5721 1117 5775 id
1156 5723 1246 5778 ille
1276 5730 1637 5798 contempsit,
1687 5708 1753 5787 ad
1801 5743 1989 5804 gentes

2122 5708 2318 5805 νονομία
2345 5708 2551 5788 αὐτοῦ’-
2580 5708 2696 5788 aer
2901 5708 3130 5808 ἠθέτησε
3181 5708 3584 5809 ’μεταϐέϐληται

421 5804 595 5891 gratia
633 5810 950 5864 transmissa
999 5820 1103 5869 est.
1136 5813 1213 5871 De
1264 5818 1390 5872 ccelo
1437 5823 1662 5903 respexit
1706 5823 1985 5897 Dominus,

2122 5804 2249 5897 χάρις
2280 5826 2371 5881 ἐπὶ
2395 5825 2460 5881 τά
2490 5825 2635 5908 ἔθνη.
2682 5827 2784 5893 Ἐξ
2824 5804 3083 5897 cupavo;
3118 5804 3450 5899 ἐπέϐλεψεν
3480 5804 3516 5886 ό
3547 5804 3665 5885 Κύιέ

4071 1506 4094 1579 li
