4094 6378
405 362 517 422 285

1529 361 2030 418 COMMENTARIA
2069 361 2139 416 IN
2174 363 2514 424 PSALMOS.

3557 377 3665 436 986

396 494 548 550 ριος,
577 479 698 534 εἶδε
727 477 957 548 πάντας
977 480 1122 548 τοὺς
1149 481 1318 548 υἱοὺς
1345 482 1462 536 τῶν
1507 482 1848 551 ἀνθρώπων.
1888 483 1960 536 ‘Et

2087 483 2217 538 vidit
2261 503 2439 541 omnes
2483 488 2624 556 ﬁlias
2658 488 2950 544 hominum.
3016 491 3095 547 De
3125 504 3424 563 prwparata
3453 496 3662 552 habita-

401 570 642 641 ἑτοίμου
704 574 1160 642 κατοικητηρίου
1234 573 1419 630 αὑτοῦ
1489 574 1824 644 ἐπέϐλεψεν
1883 575 1983 628 ἐπὶ

401 662 635 729 πάντας
657 665 799 731 τοὺς
821 668 1252 733 κατοικοῦντας
1280 666 1398 735 τὴν
1449 667 1585 736 γῆν.
1621 668 1685 721 '0
1739 667 1983 732 πλάσας

399 759 740 828 καταμόνας
777 759 887 824 τὰς
929 760 1177 828 καρδίας
1241 760 1462 833 αὐτῶν,
1499 765 1531 814 ό
1587 761 1821 826 συνιεὶς
1882 761 1983 814 ἐπὶ

397 850 596 904 πάντα
623 851 695 903 τὰ
721 850 864 920 ἔργα
901 852 1117 906 αὐτῶν.
1164 852 1280 905 Ἵνα
1331 852 1548 923 γνῶμεν
1603 851 1720 916 πῶς
1771 852 1979 923 ὑπέστη

393 940 456 994 τὸ
481 940 916 1012 μακαριζόμενον
950 941 1121 1006 ἔθνος,
1161 943 1257 995 καὶ
1309 942 1471 996 πόθεν
1529 941 1718 1014 εἴληφε
1752 941 1851 1012 τὴν
1882 941 1978 994 σύ-

396 1047 584 1084 στασιν
616 1034 645 1085 6
672 1032 798 1094 λαὸς
825 1031 882 1085 δν
925 1031 1205 1099 ἐξελέξατο
1248 1035 1326 1097 είς
1369 1035 1735 1107 κληρονομίαν
1779 1041 1976 1113 ἐαυτῷ,

391 1120 702 1188 ἀκολούθως
725 1123 984 1188 διδάσκει,
1013 1125 1088 1188 ὡς
1115 1126 1224 1197 ἄρα
1257 1127 1422 1190 αὐτὸς
1468 1131 1496 1181 6
1548 1129 1751 1202 Κύριος
1772 1135 1980 1199 πάντας

391 1214 520 1276 τοὺς
555 1215 704 1276 υἱοὺς
723 1214 829 1267 τῶν
857 1214 1156 1286 ἀνθρώπων
1180 1219 1306 1280 τοὺς
1334 1222 1721 1287 κατοικοῦντας
1748 1225 1845 1296 τὴν
1874 1228 1977 1297 γῆν

387 1305 850 1376 ἐπισκεψάμενος,
896 1306 956 1372 ἐξ
984 1309 1238 1362 ἁπάντων
1263 1310 1472 1364 τούτοιν
1520 1317 1886 1387 συνεστήσατο
1917 1321 1977 1373 τὸ

387 1397 686 1468 προλεχθὲν
734 1398 907 1464 ἔθνος,
967 1402 1062 1454 καὶ
1107 1401 1197 1454 τὸν
1243 1406 1641 1476 προειρημένον
1694 1408 1856 1475 λαὸν,
1912 1413 1973 1464 οὐ

383 1489 653 1555 διακόνοις
676 1493 880 1565 ἑτέροις
900 1494 1257 1566 κεχρημένος.
1296 1497 1438 1550 Ἀντὶ
1466 1498 1523 1550 δὲ
1545 1499 1658 1551 τοῦ⁶
1687 1497 1788 1566 Ἐξ
1820 1503 1970 1557 ἑτοί-

376 1599 502 1650 μου
554 1582 1010 1650 κατοικητηρίου
1056 1583 1266 1647 αὐτοῦ,
1314 1586 1342 1636 ὁ
1397 1585 1494 1655 μὲν
1539 1586 1791 1652 Ἀκύλας,
1853 1590 1972 1643 ἀπὸ

381 1670 764 1741 ἐδράσματος
817 1674 1108 1742 καθέδρας
1171 1676 1380 1739 αὑτοῦ,
1430 1680 1798 1749 ήρμήνευσεν·
1846 1683 1875 1734 6
1915 1681 1975 1735 δὲ

383 1762 701 1834 Σύμμαχος,
734 1765 852 1820 άπὸ
878 1765 1054 1834 ἕδρας
1075 1770 1383 1835 κατοικίας
1405 1771 1592 1826 αὐτοῦ
1614 1771 1969 1842 ἐπέϐλεψεν.

395 1854 456 1906 Ὀ
487 1854 544 1906 δὲ.
565 1855 736 1923 Λόγος
763 1855 926 1908 αὐτοῦ
976 1856 1074 1927 τὴν
1109 1858 1381 1928 σωτηρίαν
1405 1859 1691 1912 διεκονείτο
1721 1864 1832 1924 τοῖς
1860 1879 1967 1917 σωι-
2003 1839 2046 1893 Β

380 1943 651 2014 ζομένοις·
720 1947 1068 2001 Ἀπέστειλε
1115 1948 1223 2020 γὰρ
1251 1949 1365 2004 τὸν.
1397 1952 1586 2020 λόγον
1627 1952 1814 2006 αὐτοῦ
1867 1955 1965 2008 καὶ

380 2034 595 2090 ἰάσατο
625 2038 869 2105 αὐτοὺς,
900 2041 998 2093 καὶ
1023 2042 1316 2108 ἐρῤ-ὐσατο
1343 2044 1563 2110 αὐτοὺς
1585 2045 1653 2097 ἐκ
1681 2043 1798 2098 τῶν
1839 2044 1966 2098 δια-

378 2127 618 2195 φθορῶν
643 2127 859 2182 αὐτῶν.
894 2129 992 2183 Διὰ
1024 2130 1076 2183 τί
1101 2130 1158 2182 δὲ
1189 2130 1249 2195 ἐξ
1278 2132 1508 2203 ούρανοῦ
1544 2133 1806 2203 ὲπέὸλεψε
1847 2133 1965 2187 Κύ-

379 2237 518 2291 ριος,
550 2222 646 2274 καὶ
673 2221 726 2274 τί
747 2220 810 2274 τὸ
830 2222 1001 2275 αἴτιον
1022 2222 1116 2274 τοῦ
1143 2223 1480 2290 καταξιῶσαι
1507 2226 1607 2296 τῆς
1628 2225 1820 2288 ἑαυτοῦ
1843 2228 1967 2281 ἐπι-

377 2314 589 2383 σκοπῆς
619 2314 831 2377 πάντας
857 2314 983 2378 τοὺς
1008 2315 1159 2379 υἱοὺς
1197 2316 1306 2370 τῶν
1339 2317 1662 2389 ἀνθρώπων,
1697 2321 1965 2394 παρίστη-

377 2417 463 2453 σιν
492 2401 622 2470 ἐξῆς
661 2401 853 2470 λέγων·
903 2401 965 2454 Ὃ
1013 2402 1260 2470 πλάσας
1308 2408 1650 2475 καταμόνας
1682 2409 1790 2475 τὰς
1821 2428 1964 2480 καρ-

373 2491 510 2557 δίας
532 2491 752 2546 αὐτῶν·
785 2492 899 2546 ἀνθ’
928 2487 987 2547 οὗ
1017 2495 1045 2545 ὁ
1101 2493 1397 2565 Σύμμαχός
1443 2515 1626 2568 φησιν’
1673 2500 1733 2552 '0
1763 2501 1961 2556 πλάσ-

372 2598 504 2637 αων
539 2586 879 2654 καταμόνας
901 2584 1170 2653 ἑκάστην
1204 2587 1455 2654 καρδίαν
1495 2587 1712 2644 αὐτῶν.
1758 2591 1821 2643 Εἰ
1863 2593 1960 2664 μὲν

371 2673 484 2745 γὰρ
504 2676 705 2745 ὁμοίως
728 2678 842 2739 τοῖς
900 2677 1116 2746 ἀλόγοις
1175 2676 1334 2742 ζώοις
1364 2681 1457 2733 καὶ
1500 2681 1590 2733 τὸν
1621 2682 1959 2754 ἀνθρώπινον

369 2765 499 2832 νρῦν
528 2768 749 2838 ὑφίστη,
785 2768 935 2822 οὐδὲν
984 2765 1052 2841 ἦν
1106 2771 1401 2839 ἀναγκαῖον
1449 2773 1762 2828 ἐπιϐλέπειν
1796 2777 1958 2829 αὐτὸν

367 2857 466 2912 ἐπὶ
495 2876 622 2922 τους
641 2861 790 2924 υἱοὺς
837 2859 946 2913 τῶν
1003 2860 1326 2932 ἀνθρώπων*
1384 2865 1496 2936 ἀπή
1505 2883 1625 2937 ρκει
1650 2866 1758 2939 γὰρ
1781 2869 1813 2938 ή
1836 2870 1956 2923 καθ’

365 2951 492 3013 ὅλου
523 2954 747 3024 πρόνοια
777 2954 993 3008 πάντων
1023 2952 1085 3020 ἐξ
1145 2955 1260 3009 [σου
1311 2959 1708 3030 προνοουμένηο
1738 2963 1856 3015 νυνὶ
1877 2963 1953 3027 δὲ,

363 3045 667 3116 ἐπειδήπερ
690 3044 967 3118 ἐξαίρετός
994 3065 1076 3110 τις
1106 3047 1264 3102 οὐσία
1305 3048 1594 3120 ἀνθρώπου
1624 3051 1790 3122 ψυχὴ,
1835 3054 1956 3106 ἐπεὶ

361 3136 498 3207 περὶ
581 3137 742 3206 μόνου
827 3136 1114 3208 ἀνθρώπου
1193 3141 1608 3212 μεμαρτύρηται
1675 3142 1949 3214 εἰρηκώς·

358 3201 721 3299 Ποιήσωμεν
757 3201 1072 3298 ἄνθρωπον
1114 3201 1241 3283 κατ’
1268 3201 1475 3285 εἰκόνα
1505 3201 1817 3302 ,ἡμετέραν
1855 3201 1954 3288 καὶ
1984 3201 2030 3263 C

358 3323 498 3373 καθ’
553 3321 856 3389 diuolme
909 3320 1007 3374 καὶ
1061 3320 1351 3387 ἐποίησεν
1393 3324 1426 3374 ό
1459 3323 1676 3389 Κύριος
1723 3323 1830 3377 τὸν
1856 3325 1958 3379 ἄν-

356 3414 619 3479 θρωπον’
640 3411 766 3464 κατ’
788 3411 991 3464 εἰκόνα
1009 3410 1154 3464 Θεοῦ
1169 3410 1460 3477 ἐποίησεν
1483 3415 1689 3466 αὐτόν·
1707 3414 1952 3480 εἰκότως,

354 3503 437 3566 ὡς
464 3502 533 3556 ἂν
558 3507 658 3574 τῆς
691 3502 882 3557 ἑαυτοῦ
917 3503 1122 3567 εἰκόνος
1153 3504 1418 3575 προνοῶν,
1446 3505 1514 3569 ἐξ
1533 3507 1791 3575 οὐρανοῦ
1821 3507 1956 3561 ἐπέ-

357 3596 554 3662 ελεψε
587 3593 684 3646 καὶ
726 3589 848 3646 εἶδε
897 3592 1130 3660 πάντας
1168 3594 1310 3660 τοὺς
1359 3596 1530 3662 υἱοὺς
1562 3596 1682 3650 τῶν
1730 3599 1952 3666 ἀνθρώ-

355 3697 514 3739 πων.
558 3685 624 3736 Ὅ
680 3683 743 3755 δὴ
792 3684 1064 3754 παριστὰς
1110 3687 1138 3738 6
1191 3684 1384 3757 παρὼν
1425 3686 1583 3754 λόγος
1635 3689 1818 3758 φησίν·
1890 3690 1952 3742 '0

353 3773 666 3829 πλάσσων
700 3777 1041 3844 καταμόνας
1068 3776 1173 3842 τὰς
1228 3777 1475 3846 καρδίας
1521 3779 1740 3834 αὐτῶνο
1785 3798 1954 3833 κατα-

359 3868 536 3939 μόνας
566 3868 624 3920 δὲ
666 3868 879 3940 εἴρηται
922 3869 1042 3924 ἀντὶ
1094 3869 1220 3937 τοῦ,
1276 3872 1674 3943 ἀφωρισμένως
1711 3874 1860 3945 παρὰ
1881 3874 1950 3930 τὰ

353 3959 528 4013 λοιπὰ
551 3959 686 4024 ζῶα.
708 3962 954 4031 Καρδίας
980 3962 1035 4014 δὲ
1057 3962 1231 4031 λέγων
1263 3966 1387 4027 τοὺς
1415 3964 1707 4036 λογισμοὺς
1735 3967 1945 4039 ἐδήλου,

352 4055 458 4107 καὶ
484 4054 568 4106 ὅτι
595 4054 990 4124 ἀφωρισμένως
1015 4055 1245 4118 ἕκαστος
1294 4055 1580 4131 ἅνθρωπος
1621 4057 1808 4129 ὥσπερ
1851 4077 1948 4115 τα-

355 4149 539 4219 μιεῖον
568 4146 1063 4218 ἀποκεκλεισμένον
1093 4145 1324 4218 ἔχειξτὴν
1351 4148 1544 4203 ἑαυτοῦ
1578 4149 1834 4215 διάνοιαν,
1871 4150 1946 4215 ὼς

355 4242 572 4315 μηδένα
597 4242 854 4297 δύνασθαι
884 4243 1103 4313 ἐτέρους
1153 4241 1591 4312 καταλαμϐάνειν
1629 4241 1940 4313 λογισμούς.

353 4335 578 4401 Οὐδεὶς
607 4335 756 4404 γοῦν
807 4334 972 4388 οἶδεν
999 4333 1327 4402 ἀνθρώπων
1362 4335 1438 4391 τὰ
1464 4334 1570 4387 τοῦ
1605 4333 1942 4402 ἀνθρώπου,

351 4431 408 4482 εἰ
429 4428 522 4498 μὴ
542 4427 611 4481 τὸ
635 4429 871 4496 πνεῦμα
906 4427 1012 4480 τοῦ
1044 4426 1359 4494 ἀνθρώπου
1415 4426 1480 4480 τὸ
1520 4428 1590 4480 ἐν
1616 4427 1796 4492 αὐτῷ.
1852 4429 1943 4482 Διὸ

2085 576 2205 627 cula
2245 591 2340 629 sua
2375 579 2601 645 respexit
2635 594 2791 647 super
2818 597 2994 636 omnes
3028 584 3119 652 qui
3156 583 3396 638 habitant
3440 595 3661 642 terram.

2086 664 2192 730 Qui
2239 667 2396 735 ﬁnxit
2440 670 2722 738 sigillatim
2777 672 2943 726 corda
2992 689 3221 742 eorum,
3277 677 3367 747 qui
3413 677 3663 749 intelligit

2085 754 2264 806 omnia
2305 771 2465 823 opera
2517 774 2721 812 eorum.
2771 758 2842 816 Ut
2890 761 3130 818 sciamus
3159 780 3269 834 quo
3298 775 3459 835 pacto
3504 783 3661 838 gens,

2083 858 2205 914 quae
2252 846 2410 902 beata
2457 851 2808 919 prredicatur,
2845 855 3143 910 constituta
3185 857 3370 923 fuerit,
3418 868 3474 914 et
3520 862 3665 917 unde

2081 937 2346 996 collectus
2377 939 2542 996 fuerit
2568 943 2805 1012 populus
2838 945 2930 1000 ille
2959 962 3121 1016 quem
3159 948 3321 1018 elegit
3350 950 3405 1010 in
3428 950 3662 1006 haeredi-

2084 1035 2256 1084 tatem
2287 1033 2392 1086 sibi
2418 1051 2434 1098 ;
2466 1043 2872 1106 consequenter
2901 1037 3082 1104 docet,
3124 1040 3215 1108 qui
3246 1041 3362 1108 ipse
3400 1041 3664 1097 Dominus

2080 1135 2206 1175 cum
2257 1137 2450 1180 omnes
2503 1125 2646 1182 ﬁlios
2705 1128 2986 1182 hominum
3035 1130 3128 1199 qui
3176 1131 3425 1188 habitant
3457 1140 3661 1187 terram

2080 1215 2401 1284 respiceret,
2431 1233 2497 1271 ex
2544 1219 2613 1273 iis
2659 1220 2916 1276 omnibus
2960 1223 3277 1292 prmdictam
3307 1234 3522 1295 gentem
3555 1225 3661 1282 sibi

2079 1303 2357 1374 selegerit,
2394 1321 2610 1361 necnon
2640 1321 3004 1364 memoratum
3044 1314 3340 1382 populum,
3378 1330 3489 1368 non
3538 1316 3663 1371 aliis

2077 1412 2243 1466 quam
2281 1400 2538 1468 superius
2562 1417 2698 1457 usus
2731 1404 3025 1460 ministris.
3070 1403 3178 1460 Pro
3213 1407 3308 1461 illo
3341 1415 3546 1474 autem,
3581 1409 3663 1474 De

2074 1500 2377 1558 preparato
2421 1491 2726 1549 habitacula
2778 1513 2911 1563 sua,
2957 1499 3177 1569 Aquila,
3225 1518 3259 1555 a
3301 1503 3660 1566 stabilimenta

2076 1581 2215 1637 sedis
2250 1600 2381 1647 sure,
2411 1585 2804 1656 interpretatus
2832 1598 2917 1646 est
2945 1608 2960 1657 ;
3012 1591 3373 1663 Symmachus
3397 1606 3598 1667 autem,
3625 1619 3662 1660 α

2075 1672 2194 1727 sede
2223 1672 2570 1736 habitationis
2606 1694 2719 1733 sua:
2751 1682 2998 1749 respexit.
3037 1681 3276 1740 Verbum
3306 1696 3490 1743 autem
3537 1691 3662 1762 ejus

2077 1764 2310 1819 salutem
2336 1764 2404 1819 iis
2434 1766 2528 1835 qui
2555 1771 2837 1838 accepturi
2859 1779 3017 1826 erant
3048 1774 3499 1834 administrabat:
3529 1797 3659 1837 nam

2074 1852 2218 1904 misit
2245 1852 2455 1906 verbum
2489 1871 2644 1908 suum
2686 1867 2735 1910 et
2766 1862 2974 1914 sanavit
3004 1880 3112 1928 eos,
3161 1874 3210 1918 et
3238 1868 3429 1934 eripuit
3473 1885 3560 1924 eos
3593 1869 3660 1943 de

2074 1945 2467 2000 interition’ibus
2495 1965 2678 2001 eorum
2703 1949 2746 2005 ⁸.
2783 1950 2896 2006 Cur
2930 1966 3114 2010 autem
3145 1956 3213 2012 de
3246 1961 3388 2015 coelo
3414 1964 3657 2032 respexit

2073 2034 2360 2103 Dominus,
2395 2048 2450 2095 et
2482 2056 2604 2111 quae
2637 2057 2806 2099 causa
2883 2045 3051 2101 fuerit
3082 2050 3228 2118 quod
3275 2069 3467 2110 omnes
3513 2057 3656 2112 ﬁlios

2074 2128 2357 2189 hominum
2384 2131 2704 2190 visitatione
2732 2152 2832 2191 sua
2853 2138 3196 2208 dignaretur,
3224 2143 3466 2199 declarat
3497 2148 3655 2203 dein-

2071 2235 2201 2292 ceps
2237 2224 2322 2278 his
2366 2226 2584 2281 verbis:
2631 2227 2736 2292 Qui
2761 2230 2918 2299 ﬁnxit
2947 2233 3227 2302 sigillatim
3259 2238 3423 2291 corda
3445 2256 3656 2306 eorum;

2068 2330 2168 2385 pro
2180 2332 2288 2385 quo
2304 2316 2664 2388 Symmachus
2678 2322 2860 2387 habet,
2879 2325 2984 2391 Qui
2995 2328 3146 2397 ﬁngit
3165 2331 3440 2400 sigillatim
3461 2350 3654 2388 unum-

2067 2405 2304 2475 quodque
2331 2424 2421 2460 car
2445 2425 2648 2467 eorum.
2675 2412 2731 2466 Si
2760 2413 2908 2468 enim
2932 2403 3230 2472 humanam
3259 2432 3494 2478 mentem
3524 2423 3650 2494 pari

2069 2506 2232 2568 atque
2263 2502 2517 2558 animalia
2549 2504 2711 2559 bruta
2738 2508 2951 2564 ratione
2981 2513 3381 2581 constituisset,
3421 2533 3652 2576 necesse

2066 2589 2314 2659 profecto
2335 2608 2447 2647 non
2465 2605 2584 2650 erat
2604 2597 2778 2666 ipsum
2813 2602 3085 2670 rcSpicere
3114 2619 3279 2675 super
3307 2608 3447 2665 lilios
3469 2610 3650 2665 homi-

2065 2697 2234 2748 num;
2287 2684 2558 2740 sulliceret
2595 2689 2740 2742 enim
2787 2691 3115 2748 universalis
3145 2696 3235 2748 illa
3285 2699 3646 2769 providentia,

2065 2773 2320 2835 omnibus
2371 2776 2656 2843 aequaliter
2695 2781 3060 2850 prospiciens.
3100 2786 3259 2841 Nunc
3303 2797 3485 2844 autem
3519 2794 3648 2861 quia

2064 2864 2381 2933 praecellens
2405 2868 2655 2937 quaedam
2693 2871 3002 2928 substantia
3036 2883 3120 2930 est
3155 2878 3337 2933 anima
3385 2880 3646 2950 hominis,

2062 2956 2504 3030 quandoquidem
2525 2960 2592 3015 de
2613 2962 2965 3039 sologhomine
2984 2966 3318 3025 declaratum
3339 2973 3649 3037 est,Facia-

2063 3064 2180 3102 mus
2206 3049 2466 3105 hominem
2485 3055 2554 3106 ad
2578 3055 2859 3126 imaginem
2877 3067 2925 3111 et
2947 3061 3347 3118 similitudinem
3376 3075 3611 3122 nostram
3633 3083 3650 3120 :

2061 3149 2110 3192 et
2143 3139 2267 3208 fecit
2298 3141 2440 3197 Deus
2465 3144 2722 3200 hominem
2741 3164 2760 3202 :
2787 3149 2856 3202 ad
2876 3150 3258 3222 imaginemDei
3283 3157 3574 3226 fecitillum
3592 3163 3649 3222 ';

2061 3231 2186 3300 jure
2238 3234 2495 3305 imaginis
2544 3238 2635 3292 ille
2703 3254 2816 3294 suae
2856 3244 3251 3312 providentiam
3303 3265 3538 3319 gerens,
3583 3252 3649 3309 de

2064 3328 2192 3379 cazla
2227 3329 2452 3395 respexit
2499 3338 2549 3384 et
2593 3330 2724 3384 vidit
2762 3349 2938 3388 omnes
2972 3336 3113 3404 ﬁlias
3163 3338 3454 3399 hominum.
3489 3343 3646 3408 Quod

2063 3415 2152 3472 his
2213 3420 2396 3475 verbis
2455 3420 2513 3475 in
2569 3426 2829 3491 praesenti
2875 3431 3284 3496 pronuntiatur,
3341 3432 3445 3497 Qui
3489 3437 3646 3506 ﬁngit

2061 3508 2342 3579 sigillatim
2387 3513 2550 3568 corda
2585 3531 2804 3581 eorum;
2853 3519 3124 3588 sigillatim
3149 3522 3354 3577 dictum
3383 3534 3464 3582 est
3487 3529 3644 3596 quasi

2062 3602 2356 3670 separatim
2399 3611 2453 3657 et
2493 3619 2742 3661 seorsum
2783 3622 2812 3660 a
2854 3609 3082 3679 reliquis
3110 3612 3458 3671 animalibus.
3501 3616 3643 3672 Dum

2061 3697 2240 3744 autem
2274 3692 2440 3745 corda
2476 3705 2824 3761 memoraret,
2869 3699 3228 3768 cogitationes
3277 3704 3638 3772 signiﬁcavit:

2060 3783 2187 3852 quia
2255 3784 2484 3852 quilibet
2529 3785 2694 3840 homo
2739 3803 2988 3850 seorsum
3035 3800 3271 3847 mentem
3332 3811 3488 3851 suam
3538 3814 3640 3854 ceu

2056 3874 2463 3942 receptaculum
2523 3877 2803 3932 occlusam
2861 3880 3058 3946 habet,
3107 3891 3166 3936 ut
3205 3901 3364 3940 nemo
3413 3889 3640 3946 alterius

2056 3968 2421 4036 cogitationes
2491 3967 2898 4040 deprehendere
2963 3975 3160 4030 valeat.
3223 3977 3420 4035 Nullus
3475 3984 3638 4052 igitur

2055 4056 2325 4112 hominum
2353 4061 2496 4114 navit
2523 4078 2640 4132 quia
2668 4073 2792 4117 sunt
2817 4064 3068 4131 hominis,
3089 4070 3195 4122 nisi
3227 4073 3445 4140 spiritus
3473 4074 3640 4130 hami-

2054 4152 2137 4205 nis
2168 4153 2258 4222 qui
2281 4163 2356 4206 est
2384 4156 2437 4206 in
2463 4155 2573 4223 ipsa
2598 4158 2638 4209 ⁸.
2658 4155 2838 4222 Quare
2863 4157 2930 4212 de
2962 4160 3080 4215 solo
3115 4162 3396 4222 Salvatore
3423 4176 3635 4236 nostro,

2054 4246 2122 4300 ad
2155 4247 2578 4304 declarationem
2599 4250 2720 4319 ejus
2737 4250 2987 4320 Deitatis,
3017 4256 3322 4325 dicebatur,
3347 4260 3470 4331 Ipse
3497 4267 3636 4320 enim

2053 4339 2251 4393 sciebat
2279 4340 2405 4411 quid
2445 4351 2578 4410 esset
2624 4344 2677 4396 in
2715 4345 3003 4414 homine";
3042 4364 3106 4403 ac
3132 4367 3355 4406 rursum
3390 4373 3402 4408 :
3450 4354 3634 4412 Sciens

2051 4433 2394 4502 cogitationes
2443 4434 2657 4488 illarum
2678 4436 2718 4490 ⁸.
2750 4435 2866 4492 Hoc
2899 4439 3025 4494 item
3057 4441 3113 4495 in
3141 4445 3395 4511 praesenti
3451 4447 3635 4503 decla—

350 4522 489 4592 περὶ
524 4521 684 4591 μόνου
714 4519 807 4573 τοῦ
843 4521 1092 4591 Σωτῆρος
1131 4519 1288 4591 ήμῶν
1330 4521 1410 4584 είς
1457 4520 1800 4592 παράστασιν
1842 4521 1943 4597 τῆς

2064 4531 2166 4578 rat:
2195 4533 2316 4594 post
2353 4525 2487 4580 illud
2521 4527 2691 4593 enim,
2717 4527 2822 4594 Qui
2845 4531 3002 4599 ﬁnxit
3033 4534 3311 4604 sigillatim
3344 4538 3506 4592 corda
3544 4555 3632 4594 ea-

350 4609 525 4668 αὖτοῦ
575 4610 826 4682 θεότητος
856 4609 1092 4676 ἐλέγετο⁸
1122 4608 1316 4674 Αὐτὸς
1352 4609 1464 4678 γὰρ
1517 4609 1648 4679 ᾔδει
1688 4612 1744 4664 τί
1775 4607 1853 4684 ἦν
1875 4612 1944 4666 ἐν

350 4701 436 4768 τῷ
471 4700 784 4768 ἀνθρώπῳο
839 4699 934 4753 καὶ
988 4698 1170 4752 πάλιν·
1232 4698 1421 4765 Εἰδὼς
1445 4699 1514 4752 δὲ
1557 4700 1701 4768 τοὺς
1737 4701 1941 4756 διαλο-

349 4795 614 4870 γισμοὺς
643 4792 864 4848 αὐτῶν.
895 4793 1066 4847 Τοῦτο
1091 4793 1148 4846 δὲ
1180 4794 1276 4846 καὶ
1308 4795 1364 4845 ὲν
1390 4796 1503 4857 τοῖς
1556 4796 1944 4866 προκειμένοις

353 4889 710 4961 παρίσταται·
749 4887 889 4959 μετὰ
936 4887 1042 4958 γὰρ
1087 4886 1168 4940 τό·
1216 4886 1279 4938 '0
1324 4885 1568 4952 πλάσας
1603 4889 1943 4957 καταμόνας

349 4981 457 5047 τὰς
482 4978 735 5048 καρδίας
754 4978 976 5044 αὐτῶν,
1004 4978 1273 5049 συνῆπται
1299 4978 1376 5030 τό·
1410 4979 1471 5031 '0
1501 4980 1733 5045 συνιεὶς
1746 4980 1942 5036 πάντα

2049 4629 2168 4676 rum
2187 4655 2202 4679 ,
2239 4614 2459 4669 additur
2482 4615 2606 4681 hoc,
2639 4616 2743 4684 Qui
2769 4618 3016 4690 intelligit
3033 4625 3214 4677 omnia
3243 4641 3398 4693 opera
3426 4644 3625 4684 eorum.

2049 4705 2172 4774 Ipse
2199 4721 2435 4776 namque
2466 4707 2616 4762 solus
2646 4708 2900 4780 intelligit
2926 4727 2990 4767 ex
3026 4715 3333 4784 cujusmodi
3362 4718 3630 4776 eleCtione

2048 4795 2353 4852 voluntatis
2401 4797 2686 4852 hominum
2746 4815 2911 4871 opera
2969 4804 3224 4880 edantur,
3276 4821 3401 4862 cum
3443 4810 3628 4866 nullus

2049 4889 2193 4960 aliusl
2232 4890 2534 4961 intelligere
2571 4900 2736 4962 queat
2765 4909 2832 4948 ex
2865 4896 3174 4965 cujusmodi
3216 4900 3519 4970 proposito,
3560 4917 3627 4956 ex

2047 5000 2158 5055 quo
2183 4994 2333 5038 motu
2356 4982 2658 5038 voluntatis
2679 4985 2862 5052 quivis
2893 4986 3173 5042 hominum
3203 5000 3324 5060 agat
3343 5005 3463 5059 qua:
3490 4991 3620 5060 agit.

345 5073 423 5127 τὰ
442 5071 591 5140 ἔργα
615 5069 836 5124 αὐτῶν.
867 5069 1042 5132 Μόνος
1068 5067 1176 5138 γὰρ
1203 5068 1363 5132 αὐτὸς
1393 5069 1636 5140 συνίησιν
1668 5071 1727 5139 ἐξ
1758 5075 1948 5142 ὁποίας
1983 5075 2356 5150 προαιρέσεως
2385 5072 2454 5146 τὰ
2481 5073 2590 5126 τῶν
2615 5073 2920 5146 ἀνθρώπων
2945 5077 3082 5148 ἔργα
3127 5081 3478 5148 ἐπιτελεῖται,
3517 5100 3626 5156 μη-

344 5161 502 5223 δενὸς
527 5160 688 5215 ἄλλου
715 5160 1016 5231 δυναμένου
1047 5160 1280 5213 συνιέναι
1312 5161 1441 5232 ποίᾳ
1465 5163 1719 5234 προθέσει
1745 5167 1839 5218 καὶ
1867 5170 2029 5244 ὁποία.
2058 5171 2202 5240 ὁρμῇ
2227 5166 2453 5228 ἕκαστος
2477 5164 2585 5218 τῶν
2613 5165 2914 5238 ἀνθρώπων
2943 5170 3228 5239 πράττειᾶ
3263 5171 3512 5245 πράττᾶ.

393 5239 398 5242 ’
421 5260 512 5312 Οὐ
545 5255 787 5317 σώζεται
826 5255 1126 5322 ,βασιλεὺς
1150 5255 1248 5310 διὰ
1271 5256 1516 5326 πολλὴν
1535 5259 1810 5331 δύναμιν,
1833 5265 1934 5319 καὶ

341 5353 527 5424 γίγας
581 5351 654 5404 οὐ
694 5348 1032 5416 σωθήσεται
1084 5351 1155 5402 ἐν
1189 5349 1405 5418 πλήθει
1456 5353 1671 5420 ἰσχύος
1722 5357 1930 5413 αὐτοῦ.

347 5441 602 5509 Ψευδὴς
625 5443 811 5508 ἵππος
842 5444 931 5509 εὶς
959 5442 1277 5510 σωτηρίανο
1317 5443 1388 5497 ἐν
1420 5444 1488 5497 δὲ
1507 5445 1724 5514 πλήθει
1749 5449 1933 5505 δυνά-

334 5550 504 5606 μεως
550 5532 736 5587 αὺτοῦ
791 5534 864 5588 οὐ
921 5530 1278 5600 σωθήσεται.
1341 5533 1486 5588 Ἰδοὺ
1538 5541 1591 5592 οἱ
1641 5539 1936 5610 ὀφθαλμοὶ

335 5628 577 5696 Κυρίου
624 5625 723 5680 ἐπὶ
743 5625 886 5694 τοὺς
907 5627 1317 5698 φοϐουμένους
1349 5629 1555 5695 αὐτὸν,
1590 5631 1732 5698 τοὺς
1765 5635 1935 5688 ἐλπί-

431 5831 630 5892 ἔΡςαΙ.
662 5847 788 5905 οτι,
815 5832 906 5892 20.
981 5835 1002 5868 ⁵
1043 5832 1239 5890 Genes.
1279 5847 1318 5900 ι,
1354 5832 1444 5903 26,
1481 5835 1570 5891 27.
1652 5836 1671 5868 ⁶
1711 5833 1755 5890 ιι
1792 5834 1927 5893 Cor.
1963 5847 2040 5904 ιι,
2079 5833 2168 5890 ll.

2109 5262 2279 5318 Vens.
2311 5259 2428 5316 16-
2461 5260 2548 5314 19.
2582 5260 2706 5316 Non
2753 5264 3046 5318 salvabitur
3090 5282 3184 5320 rea:
3243 5285 3339 5338 per
3396 5270 3623 5325 multam

2036 5361 2314 5420 uirtutem,
2367 5364 2416 5409 et
2445 5355 2593 5424 gigas
2669 5371 2773 5409 non
2823 5355 3119 5410 salvabitur
3170 5359 3223 5411 in
3283 5360 3622 5417 multitudine

2039 5451 2247 5508 uirtutis
2273 5465 2402 5503 suw.
2431 5445 2631 5501 Fallax
2654 5463 2815 5517 equus
2839 5446 2908 5499 ad
2931 5447 3156 5502 salutem
3175 5490 3190 5515 ,
3215 5451 3268 5504 in
3291 5451 3621 5512 abundantia

2042 5554 2218 5598 autem
2242 5539 2448 5595 virtutis
2473 5555 2583 5594 sua:
2606 5556 2708 5592 non
2731 5537 3048 5594 salvabitur.
3074 5538 3210 5597 Ecce
3235 5543 3375 5596 oculi
3403 5543 3620 5602 Domini

2043 5651 2196 5704 super
2229 5642 2512 5689 metuentes
2536 5648 2683 5699 eum,
2717 5641 2765 5686 et
2796 5631 2850 5686 in
2877 5633 2952 5687 eis
2982 5635 3073 5705 qui
3097 5645 3309 5705 sperant
3331 5654 3487 5709 super
3514 5643 3619 5698 mi-

2246 5835 2266 5866 ⁷
2304 5832 2462 5891 Joan.
2499 5850 2578 5902 ιι,
2615 5834 2705 5891 25.
2787 5838 2808 5870 ⁸
2851 5836 2987 5896 Luc.
3017 5852 3108 5908 vr,
3145 5838 3201 5898 8.
