4138 6380
490 401 596 458 287

1114 393 1381 451 EUSEBII
1419 389 1896 449 CJESARIENSIB
1928 389 2079 446 OPP.
2122 390 2303 447 PARS
2368 392 2453 448 IIl.
2493 422 2565 435 —
2602 394 3014 452 EXEGETICA.

3622 400 3728 456 288

488 511 779 570 sericordia
809 527 948 581 ejus,
990 518 1047 563 ut
1080 518 1238 562 eruat
1272 524 1305 560 a
1331 516 1498 560 morte
1533 506 1740 559 animas
1767 520 1946 558 eorum
1965 543 1981 567 ,
2010 514 2052 557 et

2162 502 2369 572 ζοντας
2390 505 2489 560 ἐπὶ
2516 506 2581 559 τὸ
2614 507 2787 574 ἕλεος
2815 509 3023 575 αὐτοῦ,
3050 512 3357 580 ῥύσασθαι
3378 512 3446 566 ἐκ
3485 515 3748 572 θανάτου

489 613 602 665 alat
638 624 726 663 eos
766 607 819 659 in
860 605 1023 673 fame.
1064 600 1257 656 Isthmo
1295 598 1742 669 supradictorum
1782 596 2067 653 sententiae

487 701 780 755 cohmrent.
816 694 1009 749 Sermo
1036 706 1273 762 namque
1303 697 1592 762 postquam
1636 703 1829 744 omnes
1870 688 1965 757 qui
2009 687 2063 741 in

486 800 631 846 terra
660 796 788 844 sunt
822 786 1071 841 homines
1118 785 1186 846 ad
1233 785 1328 841 Dei
1360 785 1611 839 timorem
1646 783 1901 853 superius
1935 794 2067 835 evo-

484 884 628 938 cavit
656 882 744 937 his
774 879 982 942 verbis,
1006 878 1212 932 Timeat
1244 877 1525 931 Dominum
1553 876 1723 931 omnis
1756 884 1936 938 terra;
1970 872 2066 928 de-

484 975 611 1030 inde
656 981 715 1028 ut
766 973 981 1026 animos
1032 969 1295 1033 adderet,
1340 985 1409 1024 ne
1450 969 1633 1022 animo
1674 966 1971 1022 deﬁcerent
2000 979 2064 1021 ac

482 1065 907 1121 reformidarent
932 1062 1347 1133 persecutiones
1374 1061 1706 1116 obventuras
1725 1102 1740 1127 ,
1768 1066 1894 1113 ante
1922 1057 2066 1127 adje-

483 1170 663 1225 cerat,
691 1160 949 1213 Dominus
974 1159 1201 1227 dissipat
1223 1155 1449 1213 consilia
1470 1154 1703 1225 gentium
1722 1193 1737 1219 ,
1759 1161 1814 1210 et
1838 1161 2059 1207 caetera.

481 1253 670 1307 Eidem
706 1252 869 1323 igitur
898 1249 1185 1306 sententiae
1215 1247 1481 1305 insistens
1514 1246 1568 1300 in
1600 1246 1855 1315 superius
1885 1245 2063 1300 allatis

482 1348 557 1401 ait
588 1390 600 1400 .
633 1343 935 1410 Conﬁdite,
964 1357 1061 1398 vos
1094 1357 1288 1397 omnes
1326 1340 1394 1407 ad
1427 1354 1568 1411 quos
1601 1353 1783 1393 sermo
1807 1337 2059 1392 vertitur.

483 1440 541 1497 Si
592 1440 776 1509 itaque
819 1437 887 1491 ad
936 1437 1085 1491 hunc
1129 1436 1381 1491 timorem
1435 1432 1820 1493 accesseritis,
1873 1431 2063 1487 oculos

480 1534 601 1604 ejus
646 1532 867 1601 vimque
900 1529 1050 1585 illius
1083 1527 1462 1599 perspicacem
1493 1526 1649 1581 vobis
1678 1523 2062 1594 providentem

404 1650 417 1655 ~
479 1622 800 1678 obtinebitis
823 1662 837 1685 ,
875 1636 997 1691 quae
1040 1635 1136 1675 vos
1167 1619 1235 1672 ab
1264 1618 1522 1672 omnibus
1558 1616 1799 1671 inimicis
1828 1631 1893 1671 ac
1928 1616 2063 1670 insi-

477 1718 784 1774 diatoribus
814 1716 1091 1771 liberabit.
1124 1713 1260 1767 Ecce
1291 1725 1531 1782 namque
1563 1708 1703 1762 oculi
1732 1708 1945 1761 Domini
1971 1723 2064 1761 su-

474 1826 567 1880 per
598 1818 887 1864 metuentes
918 1824 1038 1875 eum
1060 1847 1075 1872 ,
1108 1808 1198 1877 qui
1230 1812 1446 1874 sperant
1493 1818 1651 1871 super
1692 1798 2060 1865 misericordia

2167 598 2274 662 τὰς
2297 597 2503 666 ψυχὰς
2528 599 2747 663 αὐτῶν,
2773 602 2871 655 καί
2900 601 3211 671 διαθρέψαι
3238 605 3459 671 αὐτοὺς
3477 606 3546 659 ἑν
3569 609 3743 678 λιμῷ.

2170 689 2393 758 Ἔχεται
2429 693 2527 761 τῆς
2554 690 2658 743 τῶν
2686 692 3127 763 προλελεγμένων
3169 696 3406 761 διανοίας
3426 698 3494 752 τὰ
3525 701 3747 770 προκεί-

2169 796 2324 850 μενα.
2354 782 2701 849 Συγκαλέσας
2723 785 2828 856 γὰρ
2849 787 2876 838 6
2908 786 3065 856 λόγος
3104 790 3309 854 πάντας
3338 794 3463 856 τοὺς
3523 795 3615 847 ἐπὶ
3646 800 3749 870 γῆς

2167 875 2487 947 ἀνθρώπους
2542 878 2635 931 ἐπὶ
2683 880 2771 932 τὸν
2802 881 2963 949 φόϐον
3002 882 3094 935 τοῦ
3130 884 3262 937 Θεοῦ
3290 887 3375 939 διὰ
3417 888 3510 941 τοῦ
3560 908 3749 959 προει-

2166 970 2307 1020 πεῖν⁸
2338 969 2651 1036 Φοϐηθήτω
2685 972 2792 1025 τὸν
2836 974 3055 1041 Κύριον
3081 974 3248 1029 πᾶσα
3273 980 3310 1045 ή
3352 979 3450 1048 γῆ*
3502 979 3619 1035 εἶτα
3645 1000 3751 1037 πα-

2168 1060 2514 1132 ραθαρρύνας
2548 1063 2621 1134 μὴ
2654 1065 2892 1136 ἀγωνιᾷν
2927 1067 3061 1137 μηδέ
3122 1070 3399 1138 φοϐεῖσθαι
3459 1074 3586 1137 τοὺς
3619 1075 3748 1145 μέ).-

2164 1153 2354 1219 λοντας
2392 1156 2782 1210 ἐπανίστασθαι
2846 1160 3029 1222 αὐτοῖς
3077 1161 3369 1232 διωγμοὺς,
3404 1168 3606 1239 συνῆψε
3661 1169 3751 1224 διὰ

2164 1248 2272 1301 τῶν
2312 1249 2621 1320 ἔμπροσθεν
2686 1249 2768 1301 τό·
2827 1252 3042 1319 Κύριος
3090 1254 3461 1319 ὃιασκεδὰζει
3506 1262 3748 1328 βουλὰς

2164 1339 2375 1403 ἐθνῶν,
2406 1340 2501 1394 καὶ
2530 1338 2595 1391 τὰ
2619 1337 2767 1409 ἑξῆς.
2802 1340 2913 1410 Τῆς
2944 1337 3037 1394 οὖν
3070 1345 3239 1415 αὐτῆς
3290 1346 3527 1413 διανοίας
3560 1352 3751 1422 ἐχόμεο

2164 1451 2253 1497 νος
2279 1436 2372 1487 καὶ
2405 1434 2491 1488 διὰ
2522 1436 2630 1488 τῶν
2660 1438 3035 1509 προκειμένων
3088 1441 3239 1511 φησί·
3276 1442 3561 1515 Θαρσεῖτε.
3610 1447 3749 1499 πάν-

2164 1544 2254 1590 τες
2280 1528 2434 1597 ὑμεῖς
2463 1529 2598 1599 πρὸς
2632 1530 2723 1593 οὒς
2744 1534 2770 1583 6
2793 1530 2965 1601 λόγος.
2999 1535 3059 1587 Ei
3108 1534 3241 1603 γοῦν
3296 1538 3641 1607 προσέλθοιτε
3671 1540 3749 1611 τῷ

2165 1620 2328 1673 αὑτοῦ
2362 1621 2529 1692 φόϐῳ,
2555 1622 2705 1687 ἕξετε
2724 1625 2850 1687 τοὺς
2871 1625 3035 1679 αὐτοῦ
3065 1628 3375 1699 ὀφθαλμοὺς
3402 1630 3493 1683 καὶ
3514 1633 3614 1701 τὴν
3642 1634 3751 1687 διο-

2169 1708 2394 1780 ρατικὴν
2422 1711 2584 1763 αὐτοῦ
2604 1711 2831 1783 δύναμιν
2868 1718 3269 1771 ἐπισκοποῦσαν
3298 1719 3459 1783 ὑμᾶς,
3493 1724 3587 1776 καὶ
3616 1724 3753 1777 πάνε-

2164 1818 2270 1867 των
2298 1801 2506 1873 ἐχθρῶν
2536 1806 2629 1856 καὶ
2683 1806 2981 1863 ἐπιϐούλων
3039 1812 3327 1882 ρυομένην.
3380 1812 3532 1867 Ἰδοὺ
3556 1815 3664 1886 γάρ
3697 1819 3753 1871 οι

475 1901 627 1972 ejus,
675 1910 735 1954 ut
777 1910 927 1954 eruat
978 1917 1013 1954 a
1053 1907 1224 1952 morte
1272 1896 1481 1951 animas
1522 1908 1726 1948 eorum.
1768 1890 1904 1945 Nam
1939 1891 2052 1946 sine

2166 1894 2461 1963 ὀφθαλμοί
2488 1898 2711 1963 Κυρίου
2761 1898 2861 1951 ἐπὶ
2915 1902 3056 1969 τοὺς
3103 1906 3514 1973 φοϐουμένους
3541 1908 3750 1973 αὑτὸν,

473 1992 651 2047 oculis
678 1992 774 2046 Dei
804 1991 954 2044 nulla
986 1989 1181 2044 salutis
1222 2002 1353 2057 spes
1398 1992 1517 2051 est,
1561 2000 1631 2039 ne
1674 1982 1896 2054 quidem
1938 1982 2053 2051 regi

475 2084 531 2139 in
566 2084 790 2138 militari
819 2087 1091 2153 potestate
1127 2079 1312 2141 ﬁdenti
1343 2096 1359 2146 ;
1392 2093 1507 2132 non
1552 2075 1760 2147 giganti
1805 2076 1861 2129 in
1906 2076 2053 2131 mul-

474 2174 709 2229 titudine
762 2173 980 2228 virtutis
1018 2179 1073 2227 et
1119 2168 1459 2227 fortitudinis
1509 2166 1892 2237 superbienti;
1941 2180 2051 2219 non

474 2282 619 2337 equo
675 2264 953 2321 velocitati
1013 2263 1213 2334 pedum
1272 2259 1595 2316 conﬁdenti.
1670 2256 1798 2312 Haec
1852 2258 2056 2327 quippe

471 2356 657 2411 omnia
687 2354 938 2423 decipere
970 2353 1185 2416 solent,
1222 2352 1413 2407 fallere
1448 2352 1577 2405 item
1624 2355 1679 2404 et
1721 2349 1775 2401 in
1808 2362 2051 2405 errorem

472 2447 732 2503 inducere
762 2460 857 2500 eos
885 2444 979 2515 qui
1028 2446 1085 2498 in
1130 2443 1326 2501 iisdem
1367 2458 1519 2512 spem
1558 2441 1781 2495 habent.
1818 2438 1923 2493 Sed
1954 2454 2053 2501 vos

470 2538 729 2597 conﬁdite
756 2538 849 2607 qui
879 2536 1169 2589 Dominum
1198 2534 1466 2589 invocatis
1488 2573 1505 2595 ,
1536 2532 1767 2602 ejusque
1802 2529 2052 2584 timorem

471 2628 870 2696 assumpsistis.
901 2626 1142 2681 Consilia
1172 2624 1415 2695 gentium
1444 2639 1513 2679 ne
1537 2622 1907 2678 reformidetis
1931 2636 2055 2692 quae

471 2719 739 2774 Dominus
801 2717 1075 2788 dissipat,
1134 2732 1238 2771 nec
1296 2714 1661 2786 cogitationes
1721 2714 2049 2784 populorum

469 2826 593 2882 qua:
634 2825 665 2864 a
715 2813 826 2864 Deo
876 2810 1044 2863 irritae
1086 2807 1420 2873 eﬁiciuntur,
1470 2822 1572 2861 nec
1609 2807 1845 2863 consilia
1901 2806 2055 2876 prin-

470 2908 653 2970 cipum
712 2915 834 2971 quae
897 2900 1014 2969 ipse
1074 2898 1385 2961 subvertit,
1445 2897 1557 2951 imo
1622 2912 1803 2968 neque
1866 2910 2052 2966 regem

470 2992 657 3047 manui
701 2990 927 3045 militari
975 2989 1261 3053 innixum,
1306 3002 1483 3057 neque
1527 2988 1802 3057 gigantem
1834 2986 2054 3039 fortitu-

469 3086 597 3140 dine
628 3099 693 3139 ac
721 3084 932 3139 viribus
961 3083 1244 3153 corporeis
1270 3088 1593 3136 tumentem.
1619 3080 1831 3134 Etcum
1861 3083 2054 3149 ingens

470 3176 821 3249 praesidium,
853 3175 1106 3231 videlicet
1132 3174 1489 3244 providentia:
1520 3174 1693 3243 ipsius
1723 3172 1914 3229 oculos
1947 3172 2047 3225 ob-

2162 1983 2303 2049 τοὺς
2330 1985 2681 2053 ἐλπίζοντας
2733 1988 2831 2042 ἐπὶ
2890 1990 2955 2043 τὸ
2998 1991 3171 2058 ἕλεος
3202 1992 3408 2057 αὑτοῦ,
3442 1997 3754 2062 ῥύσασθαι

2161 2078 2229 2129 ἐκ
2262 2078 2521 2133 θανάτου
2555 2080 2663 2148 τὰς
2688 2082 2894 2151 ψυχὰς
2949 2084 3167 2139 αὐτῶν.
3220 2089 3351 2158 Δίχα
3411 2088 3520 2161 γὰρ
3572 2091 3752 2145 αὐτῶν

2162 2168 2269 2221 τῶν
2302 2170 2394 2223 τοῦ
2422 2171 2556 2225 Θεοῦ
2590 2174 2883 2245 ὀφθαλμῶν
2941 2178 3041 2229 οὐκ
3086 2178 3231 2230 ἔστιν
3286 2180 3415 2251 ἄλλη
3482 2185 3755 2256 σωτηρίας

2163 2264 2337 2327 ἐλπὶς,
2364 2264 2488 2317 οὗτε
2521 2266 2731 2336 βασιλεῖ
2768 2273 3129 2341 στρατιωτικῇ
3167 2272 3393 2342 δυνάμει
3440 2274 3752 2346 θαρροῦντι,

2162 2354 2285 2409 οὔτε
2320 2357 2538 2425 γίγαντι
2573 2359 2664 2410 ἐπὶ
2698 2359 2888 2431 πλήθει
2934 2360 3217 2431 δυνάμεως
3251 2366 3346 2417 καὶ
3410 2366 3592 2435 ίσχύος
3619 2385 3755 2435 γαυ-

2167 2449 2434 2518 ρουμένῳ,
2464 2448 2586 2502 οὔτε
2624 2451 2773 2520 ἵππῳ
2808 2452 2983 2504 ποδῶν
3012 2454 3251 2524 ὠκύτητι
3279 2456 3590 2527 θαρροῦντι.
3618 2460 3755 2513 Πάν-

2162 2558 2230 2593 τα
2261 2540 2368 2612 γὰρ
2397 2540 2571 2595 ταῦτα
2605 2541 2967 2611 διαψεύδεται,
3002 2544 3225 2613 σφάλλει
3278 2546 3373 2598 καὶ
3413 2547 3592 2619 πλανᾷ
3628 2551 3754 2613 τοὺς

2163 2632 2250 2684 ἐπ’
2282 2632 2463 2695 αὐτοῖς
2515 2632 2832 2702 ἡλπικότας.
2884 2634 3020 2686 Ἀλλ’
3070 2636 3228 2705 ὑμεῖς
3276 2636 3552 2708 θαρσεῖτε,
3584 2641 3632 2691 οἱ
3660 2640 3752 2692 τὸν

2162 2721 2365 2791 Κύριον
2388 2721 2793 2785 ἐπικαλοῦντες,
2826 2724 2917 2775 καὶ
2949 2722 3041 2776 τὸν
3080 2723 3244 2776 αὐτοῦ
3274 2724 3437 2793 φόδον
3469 2725 3754 2795 ἀνειληφό-

2160 2830 2271 2877 τες.
2303 2816 2413 2868 Kal.
2438 2816 2576 2885 μήτε
2601 2814 2794 2885 βουλὰς
2828 2815 2998 2869 ἐθνῶν
3055 2816 3327 2886 φοϐεῖσθε,
3363 2819 3429 2882 ἃς
3484 2822 3512 2871 6
3546 2798 3751 2890 Κύριος

2160 2904 2596 2969 διασκεδάννυσι,
2647 2907 2786 2977 μήτε
2815 2906 3107 2977 λογισμοὺς
3148 2906 3312 2969 λαῶν,
3362 2908 3454 2971 οὒς
3485 2911 3513 2961 6
3546 2909 3750 2979 Κύριος

2161 2998 2361 3061 ἀθετεῖ,
2407 2999 2542 3068 μήτε
2575 2997 2769 3067 βουλὰς
2796 2998 3093 3069 ἀρχόντων,
3136 2999 3202 3063 ἂς
3227 3000 3389 3063 αὐτὸς
3428 3002 3746 3072 ἀνατρέπει.

2176 3086 2332 3139 Ἀλλά
2365 3088 2499 3158 μηδὲ
2536 3088 2757 3157 βασιλέα
2788 3089 2977 3160 πλήθει
3028 3091 3423 3161 στρατιωτικῆς
3466 3091 3749 3160 δυνάμεως

2163 3178 2460 3231 πεποιθότα
2486 3179 2955 3249 καταπλήττεσθε,
2996 3180 3128 3250 μηδὲ
3183 3181 3415 3248 γίγαντα
3474 3182 3617 3249 ἰσχύϊ
3653 3181 3749 3235 καὶ

469 3269 723 3333 tineatis,
760 3270 816 3323 in
843 3269 962 3341 ipso
989 3269 1109 3323 solo
1140 3275 1195 3323 et
1231 3267 1285 3320 in
1321 3266 1707 3321 misericordia
1735 3265 1857 3333 ejus
1895 3279 2047 3333 spem

2159 3269 2294 3341 ἀλκῇ
2344 3268 2595 3340 σώματος
2648 3270 3007 3341 τυφούμενον.
3064 3273 3320 3342 Ἔχοντες
3363 3272 3419 3326 δέ
3473 3274 3614 3342 μέγα
3646 3261 3769 3343 φυέ

469 3363 716 3430 reponite
745 3370 982 3418 vestram
1004 3400 1019 3426 ,
1054 3370 1112 3414 ut
1145 3368 1300 3413 eruat
1336 3376 1369 3413 a
1403 3369 1571 3413 morte
1601 3359 1807 3411 animas
1840 3372 2046 3410 eorum.

469 3454 618 3511 Mors
648 3462 828 3509 autem
861 3452 1058 3507 anima:
1100 3450 1266 3507 fuerit
1306 3451 1401 3507 Dei
1443 3450 1765 3522 abnegatio,
1817 3448 2051 3504 defectio

469 3550 663 3621 plena,
691 3555 747 3603 et
775 3555 999 3618 peccata
1028 3546 1095 3601 ad
1126 3553 1358 3600 mortem
1433 3544 1505 3598 ita
1536 3552 1598 3597 ut
1629 3543 1675 3597 si
1707 3540 1926 3612 quando
1958 3556 2052 3595 ac-

468 3641 647 3709 cidat,
684 3649 743 3695 ut
784 3642 1120 3711 sperantium
1170 3640 1225 3693 in
1276 3637 1445 3695 Deum
1492 3651 1723 3706 corpora
1769 3632 2050 3689 communi

467 3733 667 3797 morti,
712 3733 783 3787 ob
826 3733 946 3802 ejus
992 3724 1369 3787 testimonium
1418 3728 1748 3791 tradantur,
1799 3733 1855 3781 at
1905 3725 2052 3783 oculi

466 3824 563 3881 Dei
592 3826 806 3881 animas
837 3841 1028 3882 eorum
1056 3830 1316 3880 curantes
1344 3838 1376 3878 a
1407 3829 1585 3876 morte
1631 3821 1783 3892 ipsos
1825 3819 2048 3889 eripue-

466 3926 616 3972 runt.
646 3916 834 3988 Neque
865 3917 922 3972 id
955 3917 1302 3973 solummodo
1335 3923 1599 3987 praestant
1632 3932 1647 3980 ;
1681 3912 1779 3968 sed
1809 3922 1869 3967 ut
1897 3914 2049 3966 alant

465 4026 562 4065 eos
591 4011 647 4063 in
684 4010 825 4065 fame
849 4050 864 4076 ,
902 4010 1312 4081 providentiam
1346 4008 1570 4062 habent.
1610 4004 1893 4076 Siquidem
1927 4019 2052 4074 per-

467 4103 815 4158 secutionum
862 4110 1139 4173 tempore,
1186 4117 1293 4172 quo
1340 4102 1662 4172 plerumque
1700 4099 1951 4155 doctrina
1997 4107 2051 4152 et

466 4197 778 4251 divinarum
826 4195 1240 4266 Scripturarum
1290 4194 1557 4250 lectiones
1610 4193 2045 4265 praepediuntur,

466 4288 687 4358 rarique
720 4295 1019 4342 occurrunt
1059 4288 1153 4357 qui
1198 4288 1516 4363 spirituales
1558 4288 1711 4342 cibos
1756 4285 2045 4339 animabus

467 4380 751 4434 hominum
795 4379 1158 4450 impertiant;
1207 4388 1449 4435 attamen
1497 4379 1644 4433 oculi
1676 4378 1928 4442 Domini,
1961 4377 2047 4431 di-

465 4471 577 4526 vini
610 4468 850 4542 Spiritus
890 4471 1099 4525 intluxu
1120 4512 1135 4537 ,
1185 4471 1433 4541 ipsorum
1467 4471 1681 4525 animas
1712 4470 1865 4522 alunt
1890 4474 1944 4522 et
1975 4466 2044 4533 ab

463 4563 584 4633 ipso
614 4562 723 4616 Deo
751 4562 1034 4617 institutas
1063 4562 1309 4617 eﬁiciunt
1335 4602 1350 4627 ,
1379 4563 1453 4615 ita
1488 4571 1544 4615 ut
1575 4561 1715 4616 citra
1744 4562 2041 4613 humanam

2155 3361 2447 3433 λακτήριον
2494 3363 2621 3426 τοὺς
2675 3363 2776 3432 τῆς
2811 3363 3067 3432 προνοίας
3100 3364 3261 3416 αὑτοῦ
3294 3364 3626 3434 ὀφθαλμοὺς,
3658 3367 3745 3418 ἐπ’

2154 3448 2315 3500 αὐτὸν
2340 3448 2587 3511 ἐλπίζετε
2626 3450 2786 3519 μόνον
2816 3452 2910 3504 καὶ
2936 3450 3028 3503 ἐπὶ
3072 3451 3131 3503 τὸ
3161 3451 3309 3516 ἕλεος
3334 3454 3520 3516 αὐτοῦ,
3564 3457 3653 3521 εἰς
3677 3457 3745 3509 τὸ

2145 3540 2454 3606 ῥύσασθαι
2492 3539 2560 3593 ἐκ
2586 3539 2846 3593 θανάτου
2880 3540 2990 3606 τὰς.
3017 3542 3222 3611 ψυχὰς
3255 3542 3471 3601 αὐτῶν.
3503 3546 3745 3610 Θάνατος

2154 3631 2199 3684 δ’
2222 3632 2288 3685 ἂν
2327 3632 2411 3703 εἴη
2433 3632 2612 3703 ψυχῆς
2650 3634 2683 3703 ἡ
2734 3632 2963 3704 ἄρνησις
2998 3633 3090 3686 τοῦ
3117 3633 3251 3687 Θεοῦ
3284 3637 3379 3689 καὶ
3408 3639 3440 3708 ἡ
3476 3638 3745 3711 παντελὴς

2153 3725 2478 3793 ἀποστασία,
2498 3725 2589 3779 καὶ
2620 3726 2675 3789 αἱ
2731 3724 2867 3797 πρὸς
2895 3725 3121 3779 θάνατον
3139 3729 3422 3798 ἁμαρτίαι·
3443 3730 3605 3793 ὥστε,
3639 3731 3744 3785 κᾶν

2155 3817 2332 3889 συμϐῇ
2366 3835 2492 3871 ποτε
2524 3817 2631 3871 τῶν
2664 3818 2991 3883 ἐλπιζόντων
3018 3820 3112 3873 ἐπὶ
3146 3820 3235 3871 τὸν
3272 3821 3473 3892 Κύριον
3524 3824 3591 3877 τὰ
3646 3824 3745 3877 cob-

2155 3926 2299 3979 ματα
2321 3909 2533 3980 θανάτῳ
2559 3909 2949 3979 παραδίδοσθαι
2980 3911 3057 3982 τῷ
3096 3911 3260 3982 κοινῴ
3292 3912 3381 3966 διὰ
3410 3915 3507 3984 τὴν
3542 3919 3621 3979 εἰς
3641 3919 3741 3969 αὑ-

2150 4002 2241 4055 τὸν
2278 4004 2603 4075 μαρτυρίαν,
2627 4003 2739 4057 ἀλλ’
2765 4005 2813 4057 οἱ
2842 4003 3111 4076 ὀφθαλμοὶ
3133 4005 3297 4058 αὐτοῦ
3322 4006 3413 4058 τοῦ
3434 4010 3740 4078 κρείττονος

2150 4096 2570 4167 ἐπιμεληθέντες
2603 4098 2701 4161 τὰς
2732 4098 2909 4169 ψυχὰς
2948 4099 3126 4154 αὐτῶν
3152 4099 3450 4171 ἐρρύσαντο
3484 4104 3546 4155 ἐκ
3578 4103 3740 4159 θανά-

2148 4205 2261 4241 του.
2296 4191 2369 4241 Ού
2409 4190 2567 4260 μόνον
2595 4190 2651 4257 δέ
2680 4190 2838 4243 τοῦτο
2872 4191 3136 4256 ποιοῦσιν,
3189 4192 3324 4245 ἀλλὰ
3356 4195 3448 4246 καὶ
3495 4196 3587 4249 τοῦ
3619 4197 3739 4251 δια-

2149 4279 2344 4351 θρέψαι
2371 4282 2568 4344 αὐτοὺς
2596 4283 2652 4334 ἐν
2677 4281 2819 4351 λιμῷ
2854 4282 3109 4352 πρόνοιαν
3162 4285 3461 4338 ποιοῦνται.
3503 4288 3590 4340 Ἐν
3628 4290 3737 4360 γὰρ

2145 4376 2257 4436 τοῖς
2290 4376 2499 4445 καιροῖς
2523 4374 2630 4426 τῶν
2689 4373 2963 4443 διωγμῶν,
2993 4374 3113 4441 καθ’
3135 4374 3228 4438 οὒς
3278 4378 3535 4444 πολλάκις
3562 4381 3738 4434 κεκώ-

2145 4463 2329 4517 λυνται
2365 4466 2460 4536 μὲν
2500 4468 2555 4519 αί
2613 4466 2954 4520 διδασκαλίαι
2990 4470 3173 4523 καὶτὰ
3204 4468 3313 4521 τῶν
3362 4471 3739 4527 θεοπνεύστων

2148 4555 2379 4625 Γραφῶν
2411 4554 2834 4628 ἀναγνώσματα,
2890 4555 3141 4621 σπανίζει
3170 4557 3227 4611 δὲ
3254 4560 3282 4611 6
3308 4558 3406 4623 τὰς
3435 4578 3737 4632 πνευματι-

466 4657 633 4710 ullam
675 4654 1022 4725 disciplinam
1043 4695 1059 4722 ,
1110 4669 1312 4709 arcana
1336 4625 1597 4729 quadam
1626 4654 1826 4707 virtute
1856 4650 2039 4706 nutri-

2159 4650 2249 4712 κὰς
2278 4649 2486 4720 τροφὰς
2532 4652 2652 4712 ταῖς
2687 4649 2797 4703 τῶν
2834 4649 3136 4722 ἀνθρώπων
3194 4650 3462 4717 διαδιδοὺς
3513 4654 3735 4725 ψυχαῖς,

466 4760 647 4803 antur.

2146 4744 2296 4814 ὅμως
2326 4746 2373 4797 οἱ
2401 4742 2667 4814 ὀφθαλμοὶ
2694 4743 2787 4796 τοῦ
2814 4744 3020 4815 Κυρίου
3050 4748 3114 4815 τῇ
3144 4745 3234 4799 τοῦ
3259 4747 3402 4799 θείου
3420 4748 3737 4818 Πνεύματος

461 4848 711 4919 ἐπιρροῇ,
747 4845 1072 4900 καὶτούτων
1126 4845 1226 4910 τὰς
1270 4845 1447 4917 ψυχας
1512 4844 1856 4915 διατρέφουσι
1909 4841 2280 4908 θεοδιδάκτους
2337 4840 2534 4908 αὐτοὺς
2567 4840 3019 4913 ἀπεργαζόμενοι,
3082 4841 3158 4903 ὡς
3189 4843 3282 4895 καὶ
3313 4843 3440 4897 ἄνευ
3486 4846 3585 4916 τῆς
3644 4848 3747 4903 ἀν-τ.

462 4939 695 5011 θρώπων
727 4940 1073 5005 διδασκαλίας
1099 4940 1401 5011 ἀπορρήτῳ
1430 4939 1657 5007 δυνάμει
1708 4936 2026 5007 τρέφεσθαι.

768 5116 829 5173 IN
868 5116 1200 5181 PSALMUM
1244 5116 1451 5171 DAVID
1490 5114 1726 5172 XXXIII.

465 5276 515 5332 I.
569 5275 797 5342 Quando
835 5275 1133 5329 immutavit
1173 5275 1375 5330 vultum
1415 5292 1570 5328 suum
1607 5292 1789 5330 coram
1825 5276 2041 5335 Abime—

791 5347 934 5415 Lech,
972 5356 1020 5401 et
1059 5347 1263 5400 dimisit
1301 5362 1419 5400 eum
1456 5355 1507 5400 et
1546 5347 1702 5402 abiit.

533 5501 765 5568 Quidam
813 5501 1074 5574 suspicati
1120 5509 1250 5559 sunt
1306 5501 1454 5555 illam
1503 5501 1791 5571 praesentis
1834 5500 2042 5571 psaimi

465 5595 877 5664 inscriptionem
900 5634 915 5659 ,
948 5595 1235 5649 historiam
1266 5595 1540 5664 respicere
1560 5633 1574 5658 ,
1603 5608 1710 5663 qua
1740 5592 1915 5647 fertur
1945 5591 2044 5645 Da-

464 5688 641 5741 videm
672 5703 701 5741 a
732 5688 870 5743 facie
895 5687 1079 5744 Saulis
1106 5688 1407 5758 fugientem
1430 5727 1445 5751 ,
1479 5684 1545 5739 ad
1572 5685 1821 5739 Anchum
1854 5699 2039 5755 regem

462 5780 601 5844 Gcth
638 5782 973 5846 accessisse,
1005 5783 1227 5849 quando
1262 5780 1534 5834 insaniam
1570 5780 1842 5834 simulans
1881 5778 2039 5849 quasi

463 5882 720 5953 tympano
753 5874 1004 5945 pulsabat
1036 5875 1103 5928 ad
1137 5866 1324 5946 pdrtas
1358 5874 1538 5939 urbis,
1575 5882 1628 5928 et
1659 5872 2033 5929 deferebatur.

2384 5111 2495 5177 ΕΙΣ
2527 5112 2663 5171 TON
2691 5112 2993 5175 ΨΑΛΜΟΝ
3024 5111 3109 5167 ΤΩ
3141 5114 3342 5168 ΔΑΥΙΔ
3370 5114 3488 5167 Al".

2164 5274 2372 5327 Ὁπότε
2417 5272 2718 5339 ἠλλοίωσε
2757 5270 2823 5323 τὸ
2881 5272 3206 5337 πρόσωπον
3252 5270 3441 5326 αὐτοῦ
3477 5271 3745 5327 ἐνώπιον.

2201 5343 2526 5413 Ἀϐιμέλεχ,
2560 5344 2656 5397 καὶ
2688 5341 2998 5397 ἀπέλυσεν
3031 5342 3218 5399 αὑτὸν
3254 5344 3351 5396 καὶ
3401 5341 3694 5410 ἀπῆλθεν.

2234 5497 2529 5552 Ὑπέλαδόν
2580 5514 2724 5561 τινες
2777 5497 2876 5569 τὴν
2951 5496 3045 5551 τοῦ
3098 5499 3459 5570 προκειμένου
3510 5497 3728 5568 ψαλμοῦ

2150 5588 2474 5661 προγραφὴν
2506 5590 2720 5658 ἐκείνην
2748 5588 3031 5660 σημαίνειν
3080 5591 3180 5662 τὴν
3238 5593 3497 5661 ἱστορίαν,
3544 5592 3611 5644 δι’
3636 5589 3725 5664 ἧς,

2150 5679 2365 5748 φεύγων
2395 5678 2555 5731 Δαυῒδ
2586 5678 2694 5730 ὰπὸ
2727 5678 3015 5749 προσώπου
3030 5680 3220 5744 Σαοὺλ,
3245 5681 3563 5753 ἐληλυθέναι
3592 5682 3733 5752 1:93);-

2162 5773 2385 5842 Ἀγχοῦς
2412 5770 2631 5841 βασιλέα
2644 5770 2743 5822 Γέθ
2762 5771 3190 5842 ἀναγέγραπται·
3219 5774 3307 5826 ὅτε
3336 5775 3532 5844 μανίαν
3562 5793 3729 5846 προσ-

2149 5866 2392 5938 ποιηθεὶς
2444 5862 2807 5936 ἐτυμπάνιζεν
2835 5865 2928 5917 ἐπὶ
2976 5868 3097 5929 ταῖς
3142 5866 3332 5938 θύραις
3365 5869 3464 5937 τῆς
3500 5868 3733 5943 πόλεωςι
