4138 6380
382 373 491 428 289

1522 352 2025 426 communia
2065 364 2131 422 1N
2168 344 2510 422 PSALMOS.

3540 366 3647 423 290

383 493 479 545 και⁵
506 488 873 561 παρεφέρετο,
908 492 1002 543 καὶ
1028 490 1243 556 ἔπιπτε,
1295 478 1390 546 καὶ
1420 493 1677 565 κατέρρει
1717 491 1786 546 τά
1816 492 1967 545 σίελα

2074 497 2127 543 et
2161 488 2481 555 decidebat,
2519 494 2573 542 et
2606 469 2921 543 defluebant
2955 486 3141 543 saliva:
3172 485 3293 556 ejus
3328 484 3383 541 in
3417 485 3649 542 barbam

381 582 545 638 αὑτοῦ
574 582 667 634 ἐπὶ
698 583 788 635 τὸν
813 582 1046 652 πώγωνα
1066 584 1252 636 αὑτοῦ·
1273 583 1401 637 ὥστ’
1419 585 1591 637 εἰπεῖν
1618 584 1711 638 τὸν
1739 583 1967 654 Ἀγχοῦς

282 750 285 751 ν
382 675 521 747 πρὸς
552 677 679 740 τοὺς
729 675 923 738 παῖδας
981 675 1167 729 αὑτοῦ·
1212 676 1414 748 Ἀνδρα
1467 678 1763 749 ἐπίληπτον
1798 678 1883 730 ἵνα
1914 676 1969 730 τί

382 770 707 841 εἰσηγάγετε
766 768 903 841 πρὸς
952 768 1057 839 μέ;
1114 768 1251 821 Ἀλλ’
1303 771 1384 823 ὃτι
1438 770 1536 841 μὲν
1590 770 1852 841 ἡλλοίωσε
1910 770 1971 823 τὸ

382 861 673 931 πρόσωπον
707 860 893 923 αὑτοῦ,
944 860 1184 930 ἥκουσαν
1212 863 1260 913 οἱ
1324 860 1571 913 τοιοῦτοι·
1625 863 1706 914 ὅτι
1768 862 1813 915 δ’
1844 861 1971 932 ἑξῆς

385 951 673 1020 συνῆπται,
706 951 987 1004 ἐναντίον
1028 952 1356 1021 Ἀϐιμέλεχ,
1388 952 1603 1005 δοκοῦσί
1633 971 1722 1024 μοι
1753 971 1971 1027 παρεω·

385 1043 631 1114 ρακέναι.
681 1043 739 1095 '0
774 1042 872 1113 μὲν
898 1038 991 1096 οὖν
1037 1044 1263 1115 Ἀγχοῦς
1291 1044 1398 1098 τῶν
1428 1044 1739 1114 ἀλλοφύλων
1767 1042 1835 1117 ἦν
1867 1046 1969 1117 βα-

383 1132 565 1196 σιλεὺς
615 1132 725 1185 τῶν
774 1133 1171 1187 κατοικούντων
1202 1134 1299 1205 τὴν
1349 1135 1469 1188 Γέθ·
1502 1136 1531 1188 6
1582 1135 1639 1188 δὲ
1683 1136 1969 1209 Ἀϐιμέλεχ

384 1224 565 1295 ἱερεὺς
604 1223 698 1277 τοῦ
736 1224 872 1277 Θεοῦ
931 1226 1350 1297 μνημονεύεται·
1409 1228 1546 1299 πρὸς
1575 1228 1633 1280 ὃν
1682 1229 1775 1281 καὶ
1807 1228 1969 1285 αὑτὸν

383 1316 658 1388 ἐληλυθὼς
706 1320 735 1372 6
766 1319 929 1373 Δαυῖδ
976 1321 1083 1391 πρὸ
1112 1321 1211 1391 τῆς
1254 1323 1556 1393 παρουσίας
1584 1323 1682 1393 τῆς
1710 1323 1847 1396 πρὸς
1878 1324 1969 1377 τὸν

396 1409 624 1479 Ἀγχοῦς
658 1410 969 1480 ἱστορεῖται·
1007 1412 1153 1481 λέγει
1181 1413 1289 1485 γὰρ
1320 1416 1352 1486 ή
1388 1416 1577 1486 Γραφή
1600 1432 1613 1446 ·
1649 1415 1759 1471 Καὶ
1801 1416 1970 1485 ἔρχε-

381 1515 476 1553 ται
510 1504 541 1553 ὀ
570 1501 751 1554 Δαυῒδ
779 1505 866 1569 είς
889 1504 1048 1556 Νοϐἰι
1075 1506 1225 1573 πρὸς
1284 1506 1597 1577 Ἀχιμέλεχ
1630 1508 1736 1561 τὸν
1789 1508 1968 1577 ἱερέα,

382 1591 483 1644 καὶ
510 1590 730 1659 ἐξέστη
787 1594 1097 1665 Ἀχιμέλεχ
1125 1594 1200 1666 τῇ
1223 1597 1560 1664 ἀπαντήσει
1599 1598 1805 1653 αὐτοῦ·
1869 1599 1971 1653 καὶ

381 1685 552 1737 εἶπεν
580 1684 759 1749 αὐτῷ·
786 1687 845 1739 Τί
873 1687 961 1740 ὅτι
993 1688 1073 1741 σὺ
1100 1689 1290 1758 μόνος
1310 1690 1407 1743 καὶ
1437 1690 1635 1756 οὐδεὶς
1656 1692 1806 1761 μετὰ
1829 1692 1969 1756 σοῦ;

383 1778 496 1830 Kal
547 1774 676 1831 εἷπε
697 1779 877 1833 Δαυῒδ
914 1780 993 1846 τῷ
1027 1782 1185 1851 ἱερεῖ·
1260 1782 1324 1836 '0
1359 1784 1662 1851 ,ϐασιλεὺς
1694 1785 1973 1841 ἐντέταλ-

2071 581 2247 651 ipsius
2278 598 2291 647 ;
2327 581 2401 634 ita
2441 588 2501 633 ut
2536 580 2743 635 diceret
2777 579 3005 634 Auchus
3040 580 3225 649 pueris
3260 578 3378 634 suis
3412 597 3425 632 :
3466 578 3647 644 Quare

2068 673 2246 727 virum
2277 671 2539 743 epilepsia
2567 680 2880 741 correptum
2905 671 2972 725 ad
2992 686 3076 726 me
3096 670 3481 726 introduxistis
3504 671 3524 723 ?
3546 669 3651 723 Vc-

2068 779 2191 818 rum
2218 765 2297 817 illi
2325 763 2393 817 ad
2424 762 2479 817 id
2510 764 2687 818 solum
2718 765 3071 819 attenderunt
3098 762 3245 834 quod
3277 764 3650 817 immutaverit

2068 858 2278 911 vultum
2306 872 2464 911 suum
2492 875 2506 923 ;
2535 856 2629 910 sed
2656 854 2910 910 videnlur
2934 856 3064 909 mihi
3092 855 3158 910 id
3172 855 3479 927 neglexisse
3502 855 3649 925 quod

2069 968 2197 1006 mox
2242 951 2514 1021 sequitur,
2561 965 2743 1003 coram
2791 948 3114 1003 Abimelech.
3140 951 3209 1004 At
3232 949 3378 1001 enim
3423 947 3648 1001 Auchus

2070 1043 2505 1113 alienigenarum
2532 1040 2761 1097 Getham
2808 1040 3160 1095 incolentium
3214 1056 3310 1095 rex
3336 1047 3454 1094 erat
3477 1056 3492 1106 ;
3520 1038 3651 1093 Abi-

2070 1136 2278 1192 melech
2309 1151 2438 1191 vero
2469 1134 2730 1190 sacerdos
2750 1132 2845 1187 Dei
2881 1133 3049 1188 fuisse
3076 1139 3410 1188 memoratur
3440 1148 3454 1185 :
3485 1145 3649 1201 quem

2068 1228 2201 1283 item
2236 1227 2406 1281 David
2439 1226 2674 1290 adiisse,
2711 1235 3004 1295 antequam
3032 1224 3149 1297 regi
3191 1222 3417 1278 Auchus
3467 1238 3526 1277 se
3577 1222 3652 1275 si-

2069 1327 2275 1383 steret,
2328 1327 2659 1385 enarratur;
2714 1319 2791 1372 ait
2818 1318 3020 1388 quippe
3053 1316 3381 1387 Scriptura:
3416 1313 3484 1367 Et
3514 1316 3652 1369 venit
3690 1370 3699 1385 ,

2068 1410 2243 1465 David
2277 1412 2331 1465 in
2364 1410 2576 1464 Nobam
2610 1409 2678 1463 ad
2705 1407 3037 1462 Acltimeleclt
3077 1407 3405 1461 sacerdotem
3426 1447 3441 1469 ,
3474 1416 3524 1459 et
3559 1405 3653 1459 ob-

2071 1503 2273 1572 stupuit
2321 1500 2649 1556 Achimelech
2696 1500 2760 1555 de
2812 1517 3036 1555 occursu
3080 1499 3239 1569 ejus;
3275 1510 3323 1553 et
3371 1499 3507 1551 dixit
3557 1500 3651 1552 ei:

2074 1598 2255 1666 Quare
2283 1606 2338 1651 tu
2364 1599 2510 1652 solus
2540 1607 2591 1652 et
2619 1597 2799 1651 nullus
2827 1606 2903 1651 est
2934 1605 3102 1649 tecum
3129 1599 3153 1652 ?
3184 1595 3249 1648 Et
3278 1597 3353 1649 ait
3380 1595 3551 1649 David
3580 1594 3649 1648 ad

2072 1692 2446 1747 sacerdotem:
2480 1689 2591 1743 Rex
2630 1690 2876 1758 preecepit
2912 1687 3042 1741 mihi
3080 1702 3372 1741 sermonem
3412 1684 3563 1739 hodie
3600 1694 3650 1737 et

2073 1786 2212 1839 dixit
2240 1785 2368 1839 mihi
2396 1794 2414 1838 :
2448 1783 2620 1837 Nemo
2649 1783 2785 1836 sciat
2815 1797 2923 1836 rem
2951 1789 3162 1850 propter
3187 1797 3345 1851 quam
3371 1795 3464 1849 ego
3498 1782 3649 1832 mitto

382 1869 483 1922 ta!
506 1886 605 1938 μοι
627 1870 793 1938 ῥῆμα
816 1871 1082 1941 σήμερον
1100 1874 1199 1928 καὶ
1225 1870 1356 1928 εἷπέ
1378 1892 1497 1945 μοι·
1516 1876 1743 1945 Μηδεὶς
1769 1876 1969 1947 γνώτω

2074 1890 2153 1944 te,
2180 1890 2229 1934 et
2253 1878 2317 1933 de
2342 1896 2448 1949 qua
2476 1878 2697 1948 praecepi
2742 1875 2835 1929 tibi
2859 1891 2877 1940 ;
2906 1884 2956 1929 et
2982 1874 3159 1943 pueris
3190 1874 3504 1942 testiﬁcatus
3533 1887 3650 1924 sum

384 1961 454 2014 τὸ
482 1959 647 2030 ῥῆμα
682 1962 815 2031 περὶ
864 1960 937 2019 οὗ
995 1963 1110 2035 ἐγὼ
1166 1966 1527 2021 ἀποστέλλω
1552 1984 1645 2033 σε,
1682 1970 1779 2023 καὶ
1813 1970 1967 2040 ὑπὲρ

383 2049 459 2110 οὗ
491 2055 848 2125 ἑντέταλμαί
904 2072 1025 2121 σοι,
1089 2058 1344 2125 καὶτοῖς
1400 2060 1734 2130 παιδαρίοις
1771 2061 1969 2132 διαμε-

378 2149 756 2217 μαρτύρημαι
806 2151 878 2204 ἐν
924 2151 1005 2217 τῷ
1033 2152 1196 2219 τόπῳ
1226 2153 1307 2219 τῷ
1365 2154 1668 2224 λεγομένῳ
1698 2155 1845 2210 Θεοῦ
1874 2157 1971 2210 πι-

383 2257 537 2308 στις.
562 2244 675 2295 Καὶ
703 2243 821 2297 νῦν
846 2244 903 2298 εἴ
924 2246 1082 2298 εἰσιν
1106 2245 1226 2299 ὑπὸ
1282 2245 1398 2315 τὴν
1450 2245 1619 2315 χεῖρά
1642 2263 1757 2301 σου
1783 2246 1967 2315 ἄρτοι,

384 2331 491 2399 δὸς
516 2336 604 2400 εὶς
626 2334 831 2403 χεῖράς
857 2354 978 2405 μου
1019 2337 1087 2391 τὸ
1129 2337 1393 2406 εὑρεθέν.
1436 2340 1547 2393 Kal
1586 2341 1880 2409 ἀπεκρίθη
1937 2344 1971 2395 ό

386 2423 579 2491 ἱερεὺς
601 2425 683 2490 τῷ
724 2426 924 2494 Δαυῖδ,
955 2428 1055 2482 καὶ
1085 2424 1278 2483 εἶπεν·
1315 2432 1435 2484 Οὐκ
1465 2431 1626 2485 εἰσιν
1651 2431 1818 2499 ἄρτοι
1860 2430 1971 2496 βέ-

385 2515 555 2581 ϐηλοι
576 2517 693 2571 ὑπὸ
728 2518 843 2587 τὴν
868 2518 1038 2589 χεῖρά
1054 2538 1196 2590 μου,
1230 2521 1319 2575 ὅτι
1350 2523 1488 2577 ἀλλ’
1525 2523 1563 2593 ἢ
1606 2523 1774 2592 ἄρτοι
1816 2524 1973 2594 ἅγιοι

384 2609 565 2661 εἰσιν·
606 2612 661 2662 εὶ
703 2611 1135 2682 πεφυλαγμένα
1192 2614 1265 2668 τὰ
1314 2613 1595 2684 παιδάρια
1639 2616 1811 2671 ἐστιν
1851 2617 1971 2672 ἀπὸ

385 2699 692 2769 γυναικὸς,
735 2702 833 2755 καὶ
900 2702 1137 2773 φάγετε.
1173 2707 1283 2760 Καὶ
1338 2708 1626 2776 ἀπεκρίθη
1653 2708 1835 2762 Δαυῒδ
1892 2708 1973 2776 τῷ

383 2790 549 2859 ἱερεῖ,
574 2791 670 2844 καὶ
690 2789 857 2846 εἶπεν
877 2793 1056 2860 αὐτῷ·
1088 2797 1240 2851 Ἀλλ’
1263 2798 1379 2851 ἀπὸ
1396 2800 1680 2868 γυναικὸς
1703 2800 1973 2872 ἀπεσχη-

377 2885 536 2950 μεθιι
558 2882 732 2951 ἐχθὲς
757 2884 853 2937 καὶ
880 2885 1088 2953 τρίτην
1114 2885 1361 2955 ἡμέραν·
1387 2888 1458 2941 ἐν
1502 2888 1583 2955 τῷ
1609 2889 1875 2954 ἐξελθεῖν
1896 2908 1975 2961 με

384 2977 474 3041 είς
495 2974 639 3028 ὁδὸν
658 2974 865 3045 γέγονε
896 2976 967 3030 τὰ
995 2977 1273 3046 παιδάρια
1301 2980 1655 3051 ἡγνισμένα·
1692 2983 1790 3036 καὶ
1820 2984 1971 3051 αὕτη

384 3068 426 3134 ἡ
456 3065 597 3132 ὁδὸς
620 3065 906 3135 βέϐηλος·
944 3069 1097 3122 διότι
1126 3068 1397 3138 σήμερον
1417 3071 1849 3139 ἁγιασθήσεται
1878 3072 1975 3127 διὰ

385 3155 459 3209 τὰ
479 3158 672 3225 σκεύη
719 3175 858 3227 μου.
908 3160 1018 3213 Καὶ
1086 3158 1308 3213 ἔδωκεν
1357 3158 1518 3225 αὐτῷ
1575 3160 1889 3231 Ἀχιμέλεχ
1940 3164 1975 3215 ό

2070 1974 2124 2027 in
2159 1972 2273 2026 loco
2304 1972 2394 2042 qui
2422 1971 2641 2035 dicitur,
2677 1967 2773 2021 Dei
2807 1965 2961 2036 fides.
2989 1965 3149 2018 Nunc
3172 1981 3296 2035 ergo
3331 1965 3378 2018 si
3410 1963 3517 2017 sint
3554 1963 3649 2016 sub

2069 2081 2230 2119 manu
2266 2072 2358 2116 tua
2386 2078 2546 2131 panes
2573 2102 2586 2123 ,
2616 2059 2687 2113 da
2718 2060 2774 2112 in
2808 2074 2998 2111 manus
3032 2073 3175 2110 meas
3210 2055 3348 2126 quod
3384 2067 3647 2124 repertum

2071 2158 2253 2224 fuerit.
2292 2155 2363 2209 Et
2397 2152 2711 2223 respondens
2744 2148 2993 2206 sacerdos
3024 2148 3219 2203 Davidi
3250 2149 3324 2201 ait
3359 2147 3442 2201 illi
3469 2162 3487 2201 :
3522 2144 3648 2199 Non

2070 2254 2193 2300 sunt
2232 2261 2392 2315 panes
2434 2245 2562 2299 laici
2600 2242 2695 2297 sub
2735 2257 2897 2295 manu
2936 2256 3084 2308 mea,
3125 2239 3214 2294 sed
3250 2248 3455 2292 tantum
3487 2254 3646 2306 panes

2070 2339 2278 2405 sancti,
2320 2338 2367 2392 si
2406 2337 2774 2390 abstinuerunt
2820 2334 2971 2401 pueri
3020 2349 3055 2386 a
3096 2331 3444 2396 mulieribus,
3475 2345 3648 2383 come-

2071 2429 2199 2484 dite.
2230 2428 2295 2482 Et
2324 2428 2592 2497 respondit
2622 2425 2793 2481 David
2817 2426 3114 2489 sacerdoti,
3142 2432 3191 2478 et
3217 2423 3351 2477 dixit
3379 2424 3465 2475 ei:
3498 2421 3650 2474 Certe

2074 2538 2107 2575 a
2138 2520 2443 2574 mulieribus
2478 2519 2835 2573 continuimus
2868 2534 2963 2573 nos
3000 2516 3064 2569 ab
3097 2517 3207 2570 fieri
3239 2524 3287 2569 et
3318 2513 3512 2567 nudius
3546 2521 3651 2566 ter-

2074 2614 2210 2677 tius,
2235 2610 2445 2682 quando
2471 2611 2665 2681 egressi
2692 2626 2874 2664 sumus
2903 2610 2957 2661 in
2984 2610 3122 2661 viam
3146 2650 3159 2671 ,
3189 2616 3237 2661 et
3266 2608 3478 2676 fuerunt
3501 2604 3652 2673 pueri

2073 2704 2396 2773 sanctiﬁcati
2420 2719 2437 2756 :
2467 2719 2624 2771 porro
2655 2702 2737 2755 via
2765 2702 2877 2755 hwc
2906 2701 3109 2768 polluta
3140 2709 3218 2753 est
3243 2715 3261 2761 ;
3290 2699 3379 2753 sed
3411 2699 3526 2768 ipsa
3554 2700 3650 2752 lio-

2073 2793 2158 2848 die
2172 2792 2810 2863 sanctiﬁcabiturpropter
2834 2808 2961 2845 vasa
2989 2807 3123 2844 mea.
3151 2789 3217 2843 Et
3246 2790 3389 2843 dedit
3416 2790 3463 2843 ei
3491 2788 3652 2841 Achi—

2074 2885 2270 2941 melech
2299 2885 2543 2940 sacerdos
2570 2902 2728 2956 panes
2754 2885 3129 2954 propositionis
3150 2924 3164 2949 ,
3192 2900 3351 2953 neque
3371 2883 3507 2936 enim
3537 2888 3653 2936 erat

2074 2979 2149 3034 ibi
2176 2982 2362 3049 panis,
2396 2981 2499 3033 nisi
2532 2989 2737 3032 tantum
2766 2993 2928 3046 panes
2959 2977 3148 3045 faciei,
3180 2976 3271 3046 qui
3308 2974 3500 3029 sublati
3537 2976 3659 3045 {uc-

2077 3079 2198 3121 rant
2225 3085 2257 3121 a
2288 3067 2424 3136 facie
2448 3068 2696 3132 Domini,
2724 3076 2781 3120 ut
2810 3075 3089 3135 poneretur
3111 3066 3265 3135 panis
3293 3063 3519 3127 calidus,
3549 3078 3654 3130 qua

2077 3162 2161 3216 die
2193 3163 2392 3231 accepit
2423 3178 2509 3215 eos
2542 3163 2585 3214 °.

386 3247 579 3315 ιερεὺς
608 3248 750 3315 τοὺς
796 3250 1019 3318 ἄρτους
1054 3250 1167 3318 τῆς
1199 3253 1558 3319 προθέσεως·
1612 3252 1702 3307 ὅτι
1756 3255 1869 3307 οὐκ
1910 3249 1989 3323 ἦν
2026 3252 2226 3322 ἄρτος,
2259 3254 2397 3307 ἀλλ’
2421 3254 2459 3321 ἢ
2488 3253 2651 3321 ἄρτοι
2677 3253 2784 3307 τοῦ
2808 3254 3132 3323 προσώπου
3166 3254 3219 3306 οὶ
3286 3252 3654 3322 ἀφῃρημένοι

383 3346 455 3399 ἐκ
478 3346 803 3415 προσώπου
828 3348 1048 3417 Kvplov
1074 3349 1183 3403 τοῦ
1224 3351 1625 3420 παρατεθῆναι
1658 3351 1840 3421 ἄρτον
1878 3353 2115 3422 θερμὸν,
2142 3348 2181 3425 ᾗ
2224 3353 2415 3423 ἡμέρᾳ
2440 3352 2655 3409 ἐλαϐεν
2675 3353 2915 3417 αὐτούς.

460 3438 649 3493 Ταῦτα
692 3440 790 3516 μὲν
835 3436 931 3493 οὖν
968 3441 1002 3511 ἡ
1041 3442 1172 3511 περ).
1216 3442 1312 3495 τοῦ
1383 3443 1670 3515 Ἀχιμέλεχ
1720 3445 1972 3516 διήγησις

2146 3446 2273 3501 ΙΙιεο
2311 3445 2475 3499 habet
2514 3444 2758 3498 narratio
2796 3444 2889 3497 illa
2926 3441 2993 3497 de
3031 3440 3404 3495 Achimelech.
3446 3438 3654 3498 Deinde

386 3531 655 3605 περιέχει·
710 3530 837 3601 ἐξῆς
887 3531 945 3585 δὲ
994 3534 1262 3603 συνῆπται
1309 3534 1385 3598 ὡς
1416 3537 1616 3606 ἀνέστη
1668 3537 1832 3590 Δαυῖδ
1878 3540 1972 3592 καὶ

387 3626 588 3693 ἔφυγεν
613 3626 670 3677 ὲν
699 3628 764 3696 τῇ
796 3624 981 3697 ἡμέρᾳ.
1014 3627 1217 3697 ἐκείνῃ·
1281 3626 1376 3679 τοῦ
1402 3645 1461 3681 τε
1505 3629 1791 3700 Ἀχιμέλεχ
1846 3630 1975 3683 ἀνα-

387 3719 662 3790 χωρήσας,
688 3712 820 3787 ἦλθε
865 3717 1002 3789 πρὸς
1040 3717 1267 3789 Ἀγχοῦς
1313 3718 1537 3789 βασιλέα
1599 3720 1721 3774 Γέθ.
1783 3722 1839 3775 Ὀ
1876 3722 1974 3793 μὲν

387 3807 483 3863 οὖν
512 3828 594 3873 τις
624 3811 757 3882 ἐρεῖ,
788 3808 910 3862 ἐπεὶ
974 3811 1047 3881 μὴ
1117 3812 1413 3882 ἐμφέρεται
1448 3814 1506 3864 ἐν
1534 3814 1600 3883 τῇ
1665 3813 1875 3885 ἱστορίᾳ
1905 3816 1971 3884 τῇ

389 3900 534 3953 κατά
551 3900 643 3953 τὸν
700 3899 987 3970 Ἀχιμέλεχ
1029 3916 1047 3950 ι
1081 3899 1381 3965 ἀλλοιώσας
1423 3902 1485 3956 τὺ
1535 3902 1825 3975 πρόσωπον
1879 3905 1976 3957 αύ-

386 3992 486 4046 τοῦ
517 3995 545 4045 6
576 3992 755 4059 Δαυῒό,
796 4014 813 4046 ι
853 3996 993 4047 κατά
1028 3993 1250 4063 σφάλμα
1296 3995 1508 4049 κεῖσθαι
1555 3996 1616 4049 τὸ
1648 3997 1819 4067 ὄνομα
1878 3997 1975 4051 τοῦ

403 4083 691 4156 Ἀϐιμέλεχ
725 4086 845 4139 ἀντὶ
892 4085 985 4139 τοῦ
1036 4086 1299 4157 ὀνόματος
1345 4086 1592 4157 Ἀγχούς·
1651 4088 1835 4155 σαφῶς
1866 4088 1976 4159 γάρ

388 4176 485 4229 ἐπὶ
509 4176 601 4229 τοῦ
628 4178 851 4249 Ἀγχοῦς
883 4178 1113 4251 εἴρηται·
1134 4193 1155 4227 t
1171 4178 1466 4244 ἀλλοιώσας
1485 4178 1545 4232 τὸ
1571 4188 1860 4251 πρόσωπον
1888 4181 1974 4234 αὑ-

388 4270 511 4334 τοῦ,
542 4288 560 4321 ι
583 4271 668 4323 ὅτε
699 4271 789 4323 καὶ
821 4270 890 4323 τά
924 4270 1075 4325 σίελα
1094 4270 1258 4324 αὐτοῦ
1284 4272 1539 4344 κατέρρει
1563 4272 1655 4326 καὶ
1682 4272 1977 4343 ἐτυμπάνι-

392 4361 507 4427 ζεν.
548 4364 746 4434 Ἔργον
767 4362 824 4415 δὲ
858 4362 1085 4433 θρασὺν,
1113 4363 1208 4416 καὶ
1248 4364 1517 4434 προπετὲς
1549 4360 1688 4419 εἶναι
1738 4366 1977 4437 ἠγοῦμαι

392 4444 459 4503 τὸ
484 4450 859 4520 ἀποφήνασθαι
916 4447 1120 4519 τολμᾷν
1151 4449 1251 4520 τὴν
1285 4448 1433 4502 θείαν
1477 4451 1698 4522 Γραφὴν
1729 4454 1977 4524 ἡμαρτῆ-

395 4544 542 4607 σθαι,
572 4542 665 4595 κα“ι
689 4540 940 4593 τοσοῦτον
969 4541 1244 4612 περιέχειν
1273 4541 1519 4613 σφάλμα,
1564 4542 1640 4606 ὡς
1668 4544 1789 4596 ἀντὶ
1824 4544 1980 4599 ἀλλο-

394 4633 563 4703 φύλου
594 4632 783 4704 ἀνδρὸς
814 4632 962 4703 ἱερέα
1029 4632 1163 4686 Θεοῦ
1197 4632 1564 4705 παρενθείναι·
1628 4634 1862 4705 μάλιστα
1889 4637 1979 4689 ὅτε

391 4728 547 4797 καὶὴ
591 4725 851 4797 Ἐϐραῖκὴ
884 4724 1188 4793 ἀνάγνωσις
1222 4727 1316 4778 καὶ
1348 4728 1394 4778 οἱ
1438 4726 1614 4779 λοιποὶ
1645 4727 1981 4798 ἑρμηνευταὶ

2076 3538 2337 3608 adjicitur
2390 3553 2501 3606 quo
2544 3544 2706 3607 pacto
2745 3535 2915 3590 David
2968 3534 3272 3590 surrexerit
3321 3541 3377 3588 et
3406 3532 3656 3604 effugerit

2075 3632 2170 3687 illa
2203 3630 2326 3695 die,
2374 3645 2611 3699 cumque
2655 3630 2725 3684 ab
2780 3626 3130 3683 Achimelech
3186 3626 3553 3691 discessisset,
3585 3628 3654 3682 ad

2074 3723 2299 3777 Auchus
2312 3737 2493 3791 regem
2517 3721 2655 3776 Geth
2680 3722 2995 3776 accesserit.
3018 3719 3168 3775 Dicet
3186 3719 3323 3775 forte
3341 3720 3651 3790 quispiam:

2078 3818 2213 3872 Cum
2246 3818 2301 3871 in
2330 3815 2558 3870 historia
2587 3815 2653 3869 de
2686 3813 3034 3869 Achimelech
3062 3828 3170 3867 non
3198 3812 3405 3867 feratur
3436 3830 3453 3863 ι
3485 3811 3647 3865 Davi-

2076 3911 2198 3965 dem
2226 3910 2545 3963 immutasse
2578 3907 2784 3961 vultum
2813 3921 2995 3969 suum,
3025 3925 3042 3957 ι
3065 3905 3223 3974 lapsu
3262 3904 3522 3975 graphico
3552 3920 3657 3959 uo-

2076 4018 2201 4057 men
2232 3999 2583 4055 Achimelech
2615 4014 2716 4068 pro
2744 3999 2967 4053 nomine
3006 3997 3232 4053 Auchus
3260 3996 3498 4067 positum
3521 4005 3605 4053 est
3632 4014 3646 4052 :

2076 4095 2224 4150 clare
2254 4094 2400 4149 enim
2450 4092 2506 4146 in
2552 4091 2785 4146 historia
2822 4090 3046 4145 Auchus
3095 4090 3299 4145 dicitur
3335 4091 3655 4145 immutasse

2076 4187 2289 4242 vultum
2336 4200 2520 4252 suum,
2571 4183 2790 4255 quando
2832 4184 3017 4239 saliva:
3066 4183 3185 4253 ejus
3235 4180 3570 4247 difﬂuebant,
3603 4192 3676 4243 et,

2078 4277 2235 4348 quasi
2264 4285 2526 4348 tympano
2552 4276 2826 4347 pulsabat.
2860 4276 2929 4328 At
2953 4289 3053 4345 ego
3074 4275 3253 4329 audax
3278 4276 3655 4331 temerarium-

2077 4386 2186 4441 que
2218 4369 2429 4425 facinus
2458 4370 2699 4424 arbitror
2731 4384 2875 4433 esse,
2907 4369 3266 4438 pronuntiare
3318 4368 3660 4423 confidenter

2078 4463 2318 4518 divinam
2347 4462 2686 4532 Scripturam
2710 4462 2919 4530 lapsam
2939 4476 3081 4525 esse,
3102 4468 3156 4516 et
3178 4461 3283 4515 tale
3304 4461 3492 4515 vitium
3519 4476 3656 4532 pra:-

2080 4554 2242 4619 ferre,
2277 4561 2336 4607 ut
2374 4569 2473 4623 pro
2503 4554 2622 4608 viro
2668 4552 2973 4622 alienigena
3016 4554 3274 4608 sacerdos
3308 4552 3522 4607 Domini
3557 4570 3657 4623 po-

2080 4655 2282 4711 natur;
2321 4660 2447 4699 cum
2492 4644 2730 4699 maxime
2763 4642 3028 4698 Hebraica
3064 4643 3304 4699 lectio.et
3333 4644 3525 4714 reliqui
3571 4645 3657 4697 iu-

2080 4744 2353 4808 terpretes
2398 4752 2588 4792 omnes
2628 4737 2957 4790 Achimeleeh
3018 4735 3427 4792 circumferant.
3468 4735 3658 4791 Restat

395 4819 598 4882 πάντες
620 4819 709 4871 τὸν
746 4816 1033 4888 Ἀχιμέλεχ
1052 4818 1412 4888 περιέχουσιν.
1448 4816 1657 4872 Οὐκοῦν
1684 4820 1973 4874 ἀκόλουθον

2081 4829 2272 4900 igitur,
2302 4829 2521 4901 quando
2573 4829 2863 4899 inscriptio
2889 4842 3016 4883 vera
3047 4828 3273 4898 profert,
3309 4836 3366 4882 ut
3400 4828 3657 4898 exquira-

396 4912 467 4965 ἂν
489 4912 594 4982 εἴη,
621 4908 988 4981 ἀληθευούσης
1020 4909 1121 4979 τῆς
1152 4910 1496 4980 προγραφῆς,
1528 4910 1809 4981 ἐπιζητεῖν
1860 4911 1977 4976 πῶς

397 5004 495 5057 καὶ
523 5003 649 5055 πότε
693 5001 993 5067 ἠλλοίωσε
1056 5002 1121 5054 τὸ
1180 5003 1502 5070 πρόσωπον
1549 5004 1735 5059 αὐτοῦ
1799 4985 1986 5067 Δαυῒά

395 5094 675 5149 ἐναντίον
736 5096 1064 5165 Ἀϐιμέλεχ,
1114 5096 1212 5149 καὶ
1273 5096 1585 5151 ἀπέλυσεν
1632 5099 1837 5164 αὐτὸν,
1879 5100 1978 5154 καὶ

396 5186 652 5257 ἀπῆλθε.
682 5188 837 5242 Δοκεῖ
862 5188 922 5256 δή
949 5206 1036 5259 μοι
1066 5190 1129 5241 ἐκ
1153 5190 1251 5259 τῆς
1282 5190 1635 5261 παραθέσεως
1652 5192 1757 5245 τῶν
1779 5192 1981 5247 λοιπῶν

398 5278 751 5351 ἑρμηνευτῶν
776 5277 958 5343 λύσεις
1003 5279 1351 5351 εὑρίσκεσθαι
1378 5280 1472 5334 τοῦ
1517 5280 1875 5354 ζητουμένου.
1919 5283 1977 5336 '0

402 5371 503 5442 μὲν
532 5370 640 5443 γὰρ
684 5370 915 5435 Ἀκύλας
949 5372 1043 5424 καὶ
1073 5373 1107 5444 ἡ
1140 5372 1361 5444 πέμπτη
1394 5372 1602 5438 ἔκδοσις
1646 5374 1835 5427 τοῦτον
1872 5378 1903 5446 ἠ
1915 5393 1975 5447 ρ-

402 5437 677 5533 μήνευσαν
699 5464 789 5517 τὸν
816 5464 1036 5535 τρόπον·
1074 5437 1185 5518 ibi}
1215 5437 1404 5518 ’Δαυῗδ
1436 5464 1534 5519 ὅτε
1584 5437 1995 5534 inuolutus-toi

398 5556 591 5626 γεῦμα
626 5557 811 5612 αὐτοῦ
854 5560 941 5622 είς
989 5558 1313 5625 πρόσωπον
1352 5557 1679 5628 Ἀϐιμέλεχ.
1715 5559 1815 5613 καὶ
1845 5559 1976 5623 ἐξέ-

400 5651 587 5702 ϐαλεν
604 5648 808 5713 αὐτὸν,
873 5648 971 5702 καὶ
1016 5649 1269 5719 ἀπῆλθε.
1321 5650 1549 5722 Μήποτε
1575 5650 1683 5722 γὰρ
1728 5651 1817 5707 διὰ
1850 5653 1976 5715 τοὺς

478 5831 499 5861 ⁹
537 5826 556 5881 l
593 5827 723 5900 Reg.
763 5828 1011 5896 XXI,i—5.

2078 4936 2206 4975 mus
2228 4920 2502 4991 quomodo
2529 4929 2583 4976 et
2612 4920 2832 4990 quando
2855 4919 3025 4975 David
3055 4920 3257 4974 vultum
3279 4936 3432 4974 suum
3459 4921 3655 4972 immu-
3690 4986 3698 4997 ι

2080 5015 2210 5067 tavit
2240 5030 2420 5067 coram
2466 5012 2787 5078 Abimelech,
2825 5024 2874 5065 et
2911 5014 3112 5067 dimisit
3141 5031 3279 5074 eum,
3304 5024 3353 5067 et
3378 5014 3528 5069 abiit.
3561 5011 3657 5067 Vi-

2082 5105 2244 5160 detur
2266 5120 2398 5161 sane
2432 5104 2564 5158 mihi
2604 5120 2672 5159 ex
2696 5112 3017 5161 caaterorum
3049 5107 3400 5175 interpretum
3435 5122 3657 5175 compa-

2082 5196 2294 5253 ratione
2350 5195 2566 5263 quaesiti
2598 5196 2898 5251 solutiones
2924 5195 3277 5266 suppeditari.
3296 5195 3430 5250 Nam
3459 5195 3654 5267 Aquila

2083 5297 2134 5343 et
2166 5288 2354 5358 quinta
2385 5288 2552 5343 editio
2579 5286 2683 5343 hoc
2710 5297 2868 5358 pacto
2903 5288 3243 5360 interpretati
3286 5297 3413 5345 sunt
3444 5306 3457 5341 ε
3494 5290 3657 5343 Davi-

2079 5377 2163 5432 dis
2192 5379 2402 5449 quando
2454 5378 2751 5432 immutavit
2778 5388 2989 5448 gustum
3030 5396 3183 5433 suum
3217 5380 3285 5433 ad
3314 5380 3500 5449 faciem
3521 5381 3655 5433 Abi-

2079 5468 2298 5533 melech,
2360 5477 2409 5523 et
2472 5468 2621 5537 ejecit
2664 5484 2806 5533 eum,
2866 5478 2914 5523 et
2990 5469 3142 5525 abiit.
3220 5469 3384 5526 Forte
3433 5484 3653 5541 propter

2079 5577 2251 5633 panes
2284 5560 2698 5632 propositionis,
2727 5577 2866 5632 quos
2918 5576 3043 5615 cum
3087 5563 3387 5634 accepisset
3418 5564 3488 5618 ab
3525 5564 3656 5619 Abi-

2080 5652 2313 5718 mclech,
2346 5651 2582 5708 comedit
2618 5652 2735 5722 ipse
2787 5659 2841 5708 et
2884 5652 3037 5722 pueri
3072 5653 3163 5721 qui
3210 5669 3333 5708 cum
3367 5669 3433 5709 eo
3474 5662 3651 5719 erant,
