4138 6380
503 392 604 463 291

1190 400 1463 459 EL‘SEBII
1494 383 2164 458 cassaRIENsis-OPP.
2206 393 2387 452 rans
2446 392 2621 449 lll.‘-—
2657 388 3059 447 EXEGETICA.

3664 386 3770 444 292

504 504 828 577 immutasse
876 518 1077 575 dicitur
1113 518 1334 592 gustum
1362 536 1523 577 suum
1560 521 1628 575 ad
1653 519 1848 575 faciem
1872 518 2077 575 Abime‘

2194 517 2392 589 ἄρτους
2409 514 2510 585 τῆς
2545 511 2874 583 προθέσεως,
2896 508 2993 573 οὓς
3020 506 3199 562 λαϐὼν
3228 506 3381 579 παρά
3408 505 3501 561 τοῦ
3548 506 3770 579 Ἀϐιμέ-

506 614 654 669 lech.
686 614 823 669 Cum
850 613 994 668 enim
1035 613 1434 668 sanctificatum
1469 614 1650 668 cibum
1680 612 1997 675 comederit,
2024 625 2088 667 ac

507 705 878 761 sacerdotales
910 721 1102 776 panes,
1129 707 1331 777 quibus
1353 706 1578 762 nonnisi
1623 706 1756 762 solis
1786 703 2086 760 sacerdoti~

504 797 608 853 bus
638 799 713 852 uti
755 798 972 863 licebat,
1015 798 1323 853 immutavit
1363 807 1581 869 gustum
1628 812 1810 854 suum.
1841 794 2089 867 Symma-

502 888 641 944 chus
669 889 799 944 vero
834 905 959 944 cum
983 889 1139 954 dicit,
1178 890 1395 944 Davidis
1437 889 1648 963 quando
1681 888 2089 959 transformav'it

504 983 702 1037 inorem
733 998 887 1035 suum
923 999 1102 1036 coram
1134 982 1452 1049 Abtmetech,
1488 984 1654 1038 alium
1688 999 1911 1040 sensum
1956 985 2089 1040 sub-

498 1074 641 1145 jicit,
670 1077 801 1131 dum
845 1077 920 1131 ait
945 1092 1153 1132 morem
1198 1076 1422 1133 Davidis
1469 1077 1818 1133 immutatum
1852 1077 1908 1132 in
1949 1093 2085 1133 con-

502 1177 694 1240 spectu
726 1169 1071 1225 Abimelech:
1118 1170 1246 1239 quia
1292 1169 1506 1225 scilicet
1544 1168 1916 1240 interrogatus
1965 1184 2087 1239 quae

500 1277 670 1319 causa
702 1269 969 1333 susceptae
995 1262 1095 1316 viae
1136 1261 1240 1316 sibi
1270 1269 1438 1325 esset,
1480 1262 1744 1317 mentitus
1771 1269 1878 1325 est,
1906 1276 1969 1315 ac
1997 1276 2087 1316 sa-

501 1356 779 1411 cerdotem
817 1355 1042 1411 fefellit:
1078 1356 1318 1410 alienum
1348 1353 1552 1425 quippe
1583 1354 1802 1409 Davidis
1841 1355 2085 1409 moribus

500 1456 619 1503 erat
653 1447 871 1503 fallacia
901 1447 1003 1512 uti,
1061 1463 1170 1517 qua
1217 1454 1401 1502 tamen
1434 1462 1568 1502 usus
1604 1462 1669 1501 eo
1706 1454 1955 1516 tempore
1982 1446 2086 1499 im-

500 1539 732 1592 mutavit
758 1553 961 1593 morem
996 1538 1182 1603 suum,
1222 1538 1523 1594 secundum
1558 1538 1965 1609 Symmachum.
2004 1536 2085 1592 Ex

499 1629 662 1684 dictis
705 1644 870 1699 porro
905 1632 1079 1699 ipsam
1137 1645 1359 1700 quoque
1411 1629 1771 1700 Septuaginta
1824 1628 2083 1685 Virorum

499 1721 1005 1792 interpretationem
1037 1722 1283 1778 historia:
1304 1721 1642 1778 Ahimelechi
1666 1722 1925 1793 adaptare
1952 1722 2084 1778 lice-

498 1811 601 1878 bit,
629 1827 751 1882 quae
779 1820 970 1867 narrat
1013 1812 1272 1868 Davidem
1315 1813 1637 1868 immutasse
1664 1814 1875 1869 vultum
1921 1829 2081 1869 suum

2188 609 2305 679 λεχ,
2334 606 2537 676 ἔφαγεν
2581 603 2742 666 αὐτὸς
2771 603 2867 655 καὶ
2905 602 2971 655 τὰ
3028 600 3291 670 παιδάρια
3336 598 3405 652 τά
3440 599 3556 670 μετ’
3582 598 3767 663 αὑτοῦ,

2187 700 2543 773 ὴλλοιωκέναι
2570 697 2789 766 λέγεται
2844 697 2905 749 τὸ
2931 694 3113 765 γεῦμα
3156 691 3322 747 αύτοῦ
3369 694 3449 755 εἱς
3480 689 3772 771 πρόσωπον

2201 793 2509 864 Ἀϐιμέλεχ.
2538 790 2906 861 Ἡγιασμένης
2933 787 3041 859 γὰρ
3063 787 3269 859 τροφῆς
3285 785 3641 856 γευσάμενος,
3674 783 3771 838 καὶ

2186 886 2295 939 τῶν
2324 886 2503 957 ἄρτων
2525 885 2632 937 τῶν
2691 880 2998 950 ἱερατικῶν,
3032 875 3114 942 οἷς
3145 879 3246 932 οὐκ
3289 877 3417 948 ἐξῆν
3461 875 3771 948 χρήσασθαι

2187 980 2235 1031 εἱ
2267 977 2342 1049 μὴ
2371 978 2549 1048 μόνοις
2582 979 2694 1041 τοῖς
2725 971 3254 1046 ἱερεῦσιν,ὴλλοίωσε
3280 971 3341 1024 τὸ
3371 970 3553 1041 γεῦμα
3582 970 3769 1025 αὑτοῦ.

2199 1072 2257 1125 '0
2281 1071 2336 1124 δὲ
2357 1069 2651 1141 Σύμμαχος
2680 1066 2870 1122 εἰπών·
2904 1066 3015 1121 Τοῦ
3049 1064 3229 1120 Δαυῒδ
3267 1065 3448 1119 ὁπότε
3484 1065 3769 1133 μετεμόρ-

2185 1178 2351 1234 φωσε
2381 1162 2489 1216 τὸν
2516 1163 2740 1230 τρόπον
2781 1160 2890 1214 τὸν
2920 1159 3138 1213 ἑαυτοῦ
3178 1157 3520 1226 ἔμπροσθεν
3553 1156 3772 1225 Ἀϐιμέ-

2184 1261 2318 1326 λεχ,
2360 1256 2551 1326 ἑτέραν
2600 1255 2836 1309 διάνοιαν
2879 1250 3242 1319 ὑποϐέϐληκε,
3295 1247 3387 1301 τὸν
3433 1247 3633 1319 τρόπον
3673 1246 3771 1302 τοῦ

2184 1350 2349 1403 Δαυῖδ
2375 1347 2698 1418 ἠλλοιῶσθαι
2753 1347 2930 1417 φήσας
2963 1342 3273 1417 ἔμπροσθεν
3342 1339 3651 1411 Ἀϐιμέλεχ,
3683 1339 3771 1394 διὰ

2183 1444 2264 1509 τὸ,
2293 1441 2629 1515 ἐρωτηθέντα
2660 1439 2743 1503 τίς
2770 1438 2856 1509 εἴη
2881 1435 3031 1507 αὐτῷ
3064 1438 3097 1506 ἡ
3154 1434 3300 1488 αἱτία
3333 1433 3433 1503 τῆς
3461 1430 3604 1491 ὁδοῦ.
3636 1431 3770 1502 ψεύ-

2186 1535 2382 1590 σασθαι
2410 1535 2504 1587 καὶ
2534 1527 3006 1604 παραλογίσασθαι
3034 1528 3125 1580 τὸν
3158 1525 3329 1597 ἱερέα⁸
3349 1522 3631 1595 ἀλλότριον
3661 1522 3769 1594 γὰρ

2184 1622 2252 1698 ἦν
2282 1625 2375 1679 τοῦ
2417 1623 2620 1696 τρόπου
2668 1620 2762 1675 τοῦ
2806 1617 2969 1673 Δαυῖδ
3024 1617 3085 1670 τὸ
3128 1616 3315 1688 ἀπάτῃ
3373 1608 3699 1684 κεχρῆσθαι,

2184 1720 2305 1775 κατ’
2327 1721 2531 1773 ἐκεῖνον
2578 1716 2669 1770 τὸν
2728 1714 2920 1786 καιρὸν
2969 1710 3333 1785 χρησάμενος,
3386 1707 3647 1777 ἡλλοίωσε
3673 1707 3767 1761 τὸν

2182 1814 2381 1886 τρόπον
2411 1810 2598 1875 αὐτοῦ,
2624 1808 2767 1864 κατά
2796 1808 2889 1861 τὸν
2920 1806 3235 1877 Σύμμαχον.
3282 1804 3377 1856 Ἐκ
3394 1801 3451 1855 δὲ
3478 1794 3586 1854 τῶν
3620 1803 3769 1873 εἱρη-

498 1918 686 1957 coram
729 1902 1067 1969 Abimelech,
1102 1904 1233 1974 quia
1275 1918 1385 1958 non
1432 1902 1537 1974 ipsi
1566 1919 1753 1959 veram
1795 1897 1934 1975 fugae
1966 1919 2077 1960 sure

2188 1905 2363 1975 μένων
2387 1902 2483 1957 καὶ
2514 1901 2612 1973 τὴν
2633 1900 2743 1953 τῶν
2778 1897 3181 1968 Ἐϐδομήκοντα
3210 1890 3505 1965 ἑρμηνείαν
3527 1891 3770 1961 ἐφαρμό-

499 2010 725 2050 causam
776 1995 1175 2061 declaraverat,
1229 1994 1325 2051 sed
1365 1993 1634 2050 fefellerat
1680 2010 1804 2050 eum
1834 1995 1939 2049 alia
1980 2010 2080 2066 pro

500 2088 625 2144 aliis
658 2092 911 2157 locutus;
946 2090 1022 2142 ita
1050 2095 1108 2143 ut
1157 2088 1323 2143 etiam
1363 2088 1602 2145 Goliathi
1628 2088 1887 2145 frameam
1920 2090 1989 2143 ab
2014 2104 2082 2144 eo

501 2178 792 2248 acceperit,
828 2178 1042 2249 ipsique
1085 2178 1350 2249 perniciei
1377 2193 1547 2233 causa
1593 2178 1778 2235 fuerit.
1823 2179 1939 2235 Sub
1967 2180 2081 2235 haec

501 2270 646 2326 enim
671 2268 801 2325 Saul
822 2287 946 2325 cum
972 2286 1085 2327 rem
1119 2279 1327 2343 gestam
1357 2271 1657 2337 didicisset,
1688 2273 1840 2329 misit
1866 2273 1961 2344 qui
1982 2289 2078 2328 oc-

499 2362 745 2418 ciderent
771 2361 1086 2420 Abimelech
1109 2372 1165 2420 et
1196 2379 1384 2421 omnes
1420 2364 1735 2421 sacerdotes
1764 2364 2001 2431 Domini,
2026 2373 2082 2421 et

496 2452 709 2511 Nobam
748 2456 1027 2512 civitatem
1070 2457 1418 2514 sacerdotum
1468 2459 1761 2528 percussit.
1806 2459 2082 2531 Gestaque

496 2549 614 2604 haec
664 2549 849 2605 omnia
899 2558 1048 2614 sunt,
1101 2550 1229 2621 quia
1281 2549 1453 2608 David
1502 2554 1812 2608 immutavit
1855 2554 2081 2609 modum

497 2657 680 2710 suum,
729 2650 823 2696 aut
851 2633 1061 2698 vultum
1096 2658 1255 2698 suum
1314 2644 1369 2698 in
1414 2654 1712 2716 conspectu
1740 2646 2076 2701 Abimelech.

494 2728 810 2803 Regnorum
867 2731 1148 2805 Scriptura
1185 2734 1519 2789 Achimetech
1553 2736 1750 2803 habet;
1784 2752 1855 2792 ne
1888 2753 1955 2791 ex
1990 2738 2082 2791 lit-

496 2829 629 2878 tera:
674 2825 1103 2879 commutatione
1152 2825 1426 2895 quispiam
1472 2835 1805 2883 moveatur:
1855 2842 1981 2882 nam
2013 2844 2080 2883 ex

496 2928 561 2971 ea
583 2930 704 2986 qua:
730 2916 1018 2971 intercedit
1047 2918 1189 2972 inter
1212 2919 1422 2974 litteras
1452 2918 1583 2973 Beth
1615 2925 1668 2974 et
1694 2916 1862 2989 Capit,
1893 2927 1954 2974 ut
1974 2918 2083 2975 He-

497 3007 627 3062 braei
674 3017 895 3070 vocant,
936 3008 1315 3077 similitudine,
1364 3010 1580 3065 diverse
1620 3025 1820 3065 nomen
1874 3010 2082 3066 editum

497 3096 602 3152 fuit
632 3115 646 3153 :
677 3097 946 3168 siquidem
983 3114 1092 3153 una
1114 3099 1414 3171 eademque
1447 3100 1559 3156 fere
1584 3099 1818 3155 duorum
1844 3101 2082 3156 elemen-

494 3196 678 3252 torum
714 3188 906 3259 figura,
934 3188 1261 3245 brevissimo
1286 3190 1443 3260 apice
1471 3190 1649 3246 solum
1680 3190 2075 3262 distinguente.

495 3280 558 3335 In
613 3279 921 3351 Evangeliis
994 3295 1160 3351 porro
1216 3280 1449 3350 hujusce
1515 3280 1761 3338 historiae
1816 3281 2076 3338 Davidem

495 3373 797 3444 spectantis
844 3370 1096 3428 Salvator
1140 3373 1391 3429 meminit
1440 3373 1526 3429 his
1565 3375 1747 3430 verbis
1776 3395 1789 3430 :
1817 3374 1944 3431 Non
1995 3376 2074 3431 le-

493 3466 649 3536 gistis
684 3462 809 3533 quid
833 3463 1017 3535 fecerit
1053 3464 1244 3529 David,
1275 3466 1487 3536 quando
1520 3468 1729 3531 esuriit,
1763 3475 1812 3522 et
1840 3471 2075 3540 quicum

488 3570 552 3610 eo
583 3564 735 3609 erant
759 3571 776 3609 :
800 3555 1058 3626 quomodo
1084 3558 1303 3611 intravit
1333 3558 1388 3612 in
1428 3558 1645 3613 domum
1678 3559 1796 3627 Dei,
1825 3570 1875 3615 et
1905 3579 2069 3633 panes

490 3648 867 3718 propositionis
888 3649 1134 3714 comedit,
1175 3667 1305 3722 quos
1350 3668 1455 3706 non
1485 3653 1674 3708 licebat
1703 3656 1752 3709 ei
1780 3654 1952 3721 edere,
1984 3673 2075 3711 nc-

489 3754 593 3810 que
624 3740 689 3794 iis
718 3741 808 3811 qui
835 3756 956 3794 cum
988 3757 1049 3796 eo
1080 3751 1252 3810 erant,
1284 3743 1389 3798 nisi
1430 3744 1564 3799 solis
1607 3746 1968 3802 sacerdotibus
1992 3748 2076 3803 ‘°?

495 3827 612 3885 Hoc
636 3830 692 3886 in
714 3830 1008 3904 Evangelia
1054 3834 1356 3890 secundum
1383 3834 1697 3892 Matthaeum
1732 3839 1938 3894 dictum
1966 3847 2071 3896 est.

490 3921 630 3978 Cum
662 3930 843 3980 autem
892 3924 949 3979 in
1003 3923 1300 3996 Evangelio
1348 3928 1652 3983 secundum
1707 3928 1950 3985 Marcum
1998 3931 2073 3985 ita

493 4015 736 4070 locutum
768 4014 1108 4072 Salvatorem
1151 4033 1274 4074 esse
1309 4020 1626 4077 scribatur:
1666 4020 1956 4093 Nunquam
2004 4021 2076 4078 le-

491 4109 645 4179 gistis
686 4110 812 4180 quid
853 4110 1033 4180 fecerit
1078 4110 1274 4177 David,
1320 4112 1532 4184 quando
1581 4116 1948 4170 necessitatem
1986 4115 2076 4170 ha-

494 4198 627 4266 buit,
651 4210 701 4253 et
731 4202 916 4255 esuriit
973 4204 1082 4272 ipse
1116 4212 1168 4259 et
1206 4204 1296 4274 qui
1327 4220 1444 4257 cum
1487 4222 1547 4260 eo
1585 4209 1779 4264 erant?
1812 4208 2074 4279 quomodo

493 4291 730 4345 introivit
762 4293 816 4345 in
847 4291 1062 4346 domum
1091 4292 1190 4347 Dei
1228 4292 1322 4348 sub
1354 4294 1614 4350 Abiathar
1636 4299 1870 4368 principe
1899 4316 2074 4354 sacer-

493 4380 701 4448 dotum,
732 4392 784 4437 et
821 4400 983 4453 panes
1036 4386 1412 4454 propositionis
1461 4391 1798 4444 manducavit
1827 4391 1906 4445 “‘i
1947 4392 2072 4462 quis

493 4488 606 4529 non
634 4473 804 4527 animi
841 4475 1075 4545 pendeat
1106 4484 1401 4546 quaeratve,
1436 4493 1543 4548 qua
1582 4480 1793 4534 ratione
1823 4481 1911 4536 hic
1944 4479 2072 4538 Ser-

2182 2014 2296 2061 σεις
2323 1998 2390 2067 τῇ
2442 1992 2586 2049 κατά
2631 1992 2723 2045 τὸν
2766 1989 3054 2061 Ἀϐιμέλεχ
3109 1986 3339 2058 ἱστορίᾳ,
3392 1985 3612 2056 φησάσῃ
3674 1983 3771 2054 ὴλ-

2179 2088 2462 2143 λοιωκέναι
2486 2087 2578 2141 τὸν
2628 2084 2791 2140 Δαυῒδ
2836 2084 2896 2138 τὸ
2952 2082 3245 2154 πρόσωπον
3298 2078 3491 2133 ἑαυτοῦ
3535 2077 3767 2131 ἐνώπιον

2191 2179 2500 2250 Ἀϐιμέλεχ,
2528 2176 2617 2230 διὰ
2657 2177 2719 2229 τὸ
2755 2175 2829 2246 μὴ
2894 2174 3227 2243 ἀπαγγεῖλαι
3277 2170 3426 2242 αὐτῷ
3464 2169 3557 2224 τὸν
3589 2168 3766 2241 ἀληθῆ

2178 2269 2336 2339 λόγον
2390 2270 2491 2339 τῆς
2543 2266 2737 2322 ἑαυτοῦ
2793 2266 2991 2337 φυγῆς,
3054 2261 3527 2335 παραλογίσασθαι
3564 2262 3621 2315 δὲ
3674 2261 3769 2315 καὶ

2180 2360 2343 2432 ἔτερα
2371 2360 2487 2414 ἀνθ’
2520 2358 2724 2429 ἑτέρων
2760 2359 2954 2410 εἰπεῖν·
2975 2355 3051 2419 ὡς
3078 2356 3170 2408 καὶ
3213 2354 3311 2425 τὴν
3354 2353 3627 2424 ῥομφαίαν
3671 2350 3767 2405 τοῦ

2180 2450 2373 2505 Γολιάθ
2403 2450 2530 2522 παρ’
2560 2448 2724 2505 αὑτοῦ
2773 2446 3052 2513 δέξασθαι,
3102 2445 3354 2516 γενέσθαι
3411 2462 3473 2499 τε
3504 2443 3655 2515 αὐτῷ
3685 2444 3769 2497 αἱ-

2178 2560 2293 2597 τιον
2316 2544 2612 2607 ἀπωλείας.
2636 2541 2839 2596 Μαθὼν
2871 2541 2980 2613 γὰρ
3009 2540 3147 2613 μετὰ
3171 2541 3341 2594 ταῦτα
3370 2539 3545 2595 Σαοὺλ
3570 2540 3640 2593 τά
3671 2556 3772 2592 πε-

2181 2635 2491 2708 πραγμὲνα,
2522 2633 2745 2704 πέμψας
2780 2634 2988 2686 ἀνεῖλεν
3046 2630 3207 2684 αὐτόν
3246 2649 3307 2684 τε
3351 2630 3445 2686 τὸν
3482 2630 3768 2703 Ἀϐιμέλεχ

2181 2730 2274 2783 καὶ
2313 2729 2521 2790 πάντας
2570 2729 2698 2790 τοὺς
2747 2728 2910 2799 ἱερεῖς
2940 2724 3034 2778 τοῦ
3068 2725 3276 2797 Κυρίου
3326 2725 3421 2778 καὶ
3444 2724 3543 2795 τὴν
3586 2724 3768 2777 Νοϐἀν

2179 2823 2280 2894 τὴν
2312 2819 2465 2875 πόλιν
2490 2819 2598 2874 τῶν
2646 2819 2835 2891 ἱερέων
2891 2818 3149 2885 ἐπάταξε.
3206 2817 3317 2871 Καὶ
3357 2816 3534 2871 ταῦτα
3589 2817 3768 2871 πάντα

2181 2916 2516 2988 πέπρακται,
2546 2914 2679 2967 διότι
2698 2912 2957 2984 ἡλλοίωσε
2985 2911 3147 2966 Δαυῒδ
3189 2911 3282 2965 τὸν
3307 2911 3509 2982 τρόπον
3539 2909 3704 2964 αὑτοῦ
3731 2908 3765 2980 ἢ

2180 3007 2242 3062 τὸ
2270 3008 2561 3081 πρόσωπον
2593 3006 2757 3059 αὐτοῦ
2808 3003 3037 3059 ἐνώπιον
3069 3004 3374 3075 Ἀϐιμέλεχ.
3415 3003 3477 3056 Ἡ
3498 3003 3610 3056 ’τῶν
3660 3002 3768 3055 Βα-

2182 3098 2398 3154 σιλειῶν
2418 3099 2607 3171 Γραφὴ
2644 3097 2949 3167 Ἆχιμέλεχ
2996 3097 3261 3169 περιέχει·
3297 3095 3600 3167 ἐναλλαγῆς
3621 3112 3767 3148 στοι-

2184 3192 2328 3263 χείου
2350 3191 2668 3262 γενομένης,
2705 3190 2858 3243 οὐδὲν
2891 3190 2973 3243 δεῖ
3020 3187 3306 3242 κινεῖσθαι·
3355 3186 3505 3258 παρὰ
3534 3188 3644 3258 γὰρ
3668 3186 3766 3258 τὴν

2177 3284 2469 3355 ὁμοιότητα
2502 3282 2598 3336 τοῦ
2641 3282 2905 3353 στοιχείου
2928 3273 3022 3334 τοῦ
3055 3280 3182 3349 βὴθ
3205 3280 3332 3352 παρ’
3362 3278 3634 3352 Ἑϐραίοις
3669 3296 3768 3333 κα-

2176 3375 2436 3447 λουμένου
2478 3377 2572 3429 καὶ
2613 3374 2708 3428 τοῦ
2750 3375 2875 3444 χὰερ
2927 3373 3201 3445 διαφόρως
3230 3371 3446 3443 ἐξεδόθη
3497 3369 3761 3442 τοῠνομω

2178 3469 2361 3539 σχεδὸν
2379 3470 2486 3542 γὰρ
2512 3468 2570 3522 ἓν
2603 3469 2696 3523 καὶ
2732 3467 2929 3522 ταυτὸν
2975 3468 3092 3520 ἐστι
3120 3466 3189 3520 τά
3217 3466 3308 3520 δύο
3332 3468 3593 3537 στοιχεῖα,
3628 3465 3762 3538 βρα-

2175 3561 2412 3632 χυτάτης
2442 3563 2670 3636 κεραίας
2700 3563 2867 3633 μόνης
2891 3560 3337 3632 ὲναλλαττούσης.
3372 3561 3662 3632 Μέμνηται
3705 3560 3765 3615 δὲ

2175 3652 2269 3704 καὶ
2306 3654 2335 3705 ὁ
2366 3653 2557 3724 Σωτὴρ
2586 3655 2643 3706 ὲν
2676 3656 2788 3717 τοῖς
2818 3651 3172 3722 Εὐαγγελίοις
3227 3651 3331 3722 τῆς
3391 3652 3765 3724 προκειμένης

2175 3744 2317 3799 κατά
2349 3744 2442 3799 τοῦ
2476 3744 2637 3799 Δαυῖδ
2671 3745 2908 3817 ἱστορίας
2960 3746 3153 3813 λέγων’
3205 3748 3327 3800 Οὐκ
3365 3745 3661 3817 ἀνέγνωτε
3703 3745 3766 3799 τι

2174 3835 2425 3904 ἐποίησε
2454 3835 2655 3901 Δαυῒδ,
2684 3835 2783 3890 ὅτε
2825 3837 3111 3890 ἐπείνασε
3145 3836 3244 3890 καὶ
3273 3839 3329 3890 οι
3375 3838 3503 3905 μετ’
3548 3836 3758 3890 αὑτοῦ·

2173 3926 2255 3993 ὠς
2280 3926 2568 3995 εἰσῆλθεν
2611 3929 2699 3993 εἰς
2751 3926 2860 3981 τὸν
2899 3924 3069 3981 οἷκον
3094 3926 3202 3981 τοῦ
3235 3925 3405 3991 Θεοῦ,
3459 3926 3558 3980 καί
3617 3926 3761 3993 τοὺς

2172 4018 2391 4086 ἄρτους
2417 4018 2528 4087 τῆς
2555 4018 2891 4088 προθέσεως
2914 4019 3157 4089 ἔφαγεν,
3185 4018 3294 4085 οὓς
3339 4020 3451 4073 οὐκ
3484 4017 3636 4097 ,ἐξὸν
3679 4015 3760 4089 ἦν

2172 4109 2386 4180 φαγεῖν
2415 4111 2559 4165 οὐδὲ
2605 4110 2729 4178 τοῖς
2780 4111 2910 4182 μετ’
2944 4111 3155 4176 αὐτοῦ,
3183 4114 3238 4166 εὶ
3274 4110 3360 4181 μὴ
3382 4111 3595 4181 μόνοις
3629 4112 3758 4179 τοῖς

2173 4202 2433 4271 tepebat;
2460 4203 2630 4257 Τοῦτο
2662 4202 2758 4273 μὲν
2787 4200 2879 4257 οὖν
2911 4206 2969 4259 ἓν
3000 4204 3076 4275 τῷ
3101 4207 3242 4258 κατὰ
3270 4203 3546 4258 Ματθαῖον
3568 4204 3755 4273 Εὐαγ-

2171 4295 2337 4367 γελὶῳ
2366 4297 2602 4368 εἴρηται.
2633 4297 2786 4350 Ἐπεὶ
2822 4296 2879 4350 δὲ
2908 4297 2966 4349 ὲν
3009 4295 3088 4368 τῷ
3120 4296 3260 4352 κατά
3302 4296 3529 4367 Μάρκον
3569 4296 3748 4364 Εὐαγ-

2172 4387 2339 4458 γελὶῳ
2376 4387 2790 4461 ἀναγέγραπται
2833 4390 2862 4441 ὁ
2902 4388 3092 4460 Σωτὴρ
3134 4387 3403 4461 εἱρηκώς’
3451 4386 3748 4442 Οὐδέποτε

2175 4480 2471 4550 ἀνέγνωτε
2496 4481 2555 4534 τι
2581 4481 2830 4549 ἐποίησε
2861 4480 3061 4545 Δαυῖδ,
3099 4480 3196 4534 ὅτε
3220 4480 3431 4550 χρείαν
3454 4479 3621 4547 ἔσχε,
3647 4479 3747 4533 καὶ

492 4574 651 4621 valor
681 4580 789 4620 non
835 4566 1195 4633 Abimelechi,
1246 4567 1343 4623 sed
1391 4569 1702 4626 Abiatharis
1736 4574 2068 4628 mentionem

2180 4571 2497 4625 ἐπείνασεν
2518 4570 2700 4638 αὐτὸς
2721 4570 2817 4625 καὶ
2844 4575 2896 4624 οἱ
2915 4571 3043 4640 μετ’
3063 4570 3248 4624 αὑτοῦ
3271 4587 3288 4633 ;
3317 4570 3440 4636 πῶς
3464 4568 3747 4638 εἰσῆλθεν

492 4656 730 4714 fecerit?
760 4657 842 4712 Ad
880 4673 1043 4729 quam
1079 4674 1193 4713 rem
1238 4659 1379 4716 forte
1407 4662 1532 4730 quis
1563 4663 1891 4732 respondeat
1913 4665 2072 4720 bino-

489 4749 696 4805 minem
745 4748 1157 4805 Abimelechum
1189 4748 1384 4816 fuisse,
1420 4752 1495 4805 ita
1539 4760 1598 4807 ut
1646 4753 1693 4807 is
1741 4753 1858 4823 ipse
1905 4753 2073 4810 fuerit

490 4840 585 4910 qui
634 4839 915 4894 Abiathar.
969 4837 1035 4892 Et
1066 4853 1201 4894 sane
1246 4855 1374 4895 mox
1419 4842 1541 4911 ejus
1595 4840 1756 4906 filius,
1807 4843 2072 4898 Abiathar

490 4930 673 4986 dictus
702 4931 758 4984 in
780 4931 921 4986 libro
948 4929 1261 5001 Regnorum
1293 4930 1465 4987 fertur
1492 4951 1507 4989 :
1530 4935 1623 5005 qui
1646 4934 1798 4991 solus
1827 4950 1857 4990 a
1884 4950 2071 4991 sacer-

489 5025 682 5080 dotum
706 5025 853 5080 caede
903 5025 1148 5095 elapsus,
1188 5041 1313 5081 cum
1353 5025 1557 5082 Davide
1600 5037 1740 5082 erat.
1778 5028 1934 5085 Alius
1963 5029 2071 5084 for-

489 5127 639 5173 tasse
664 5117 883 5182 dixerit,
924 5118 981 5172 iu
1016 5118 1246 5173 historia
1275 5117 1687 5174 Abimelechum
1730 5127 1789 5175 ut
1809 5121 2067 5177 sacerdo-

488 5216 600 5265 tem
633 5210 952 5278 memorari;
988 5219 1045 5265 at
1096 5211 1201 5266 hoc
1254 5212 1376 5267 loco
1432 5210 1773 5269 Salvatorem
1833 5214 2063 5280 dixisse,

489 5302 848 5357 Abiatharum
875 5318 942 5358 eo
981 5286 1225 5375 tempore
1256 5304 1426 5360 fuisse
1473 5306 1777 5377 principem
1810 5307 2069 5363 sacerdo-

493 5405 606 5447 tum
642 5412 655 5447 :
688 5392 959 5458 Introivit,
989 5395 1086 5460 ait,
1119 5394 1294 5450 David
1324 5398 1381 5450 in
1406 5394 1622 5451 domum
1654 5397 1753 5452 Dei
1781 5399 1877 5453 sub
1902 5398 2069 5453 Abiu-

490 5485 613 5539 thar
646 5488 878 5556 principe
917 5489 1270 5543 sacerdotum.
1308 5487 1452 5545 Sane
1482 5505 1612 5545 vero
1637 5491 1866 5547 historia
1895 5506 2069 5547 caesos

490 5580 837 5633 Achimelech
870 5588 924 5636 et
953 5582 1267 5637 sacerdotes
1295 5598 1325 5635 a
1358 5580 1522 5637 Saule
1564 5597 1901 5652 memorans,
1932 5584 2070 5640 nihil

561 5850 607 5932 ξ’
646 5848 835 5906 Matth.
870 5865 978 5918 xu,
1017 5849 1129 5917 5,4.
1180 5852 1251 5929 g“
1295 5848 1462 5907 Marc.
1501 5865 1570 5917 tl,
1606 5847 1698 5917 25,
1726 5846 1817 5903 26-

2176 4666 2264 4730 εἱς
2289 4663 2397 4717 τὸν
2426 4661 2592 4718 οἷκον
2635 4664 2741 4717 τοῦ
2785 4662 2929 4718 Θεοῦ
2969 4664 3066 4717 ἐπὶ
3097 4663 3366 4732 Ἀϐιάθαρ
3405 4663 3513 4716 τοῦ
3548 4663 3748 4731 ἀρχιε-

2174 4755 2345 4826 ρέως,
2375 4755 2473 4810 καὶ
2508 4755 2650 4821 τοὺς
2679 4755 2894 4825 ἄρτους
2927 4754 3035 4824 τῆς
3061 4756 3391 4824 προθέσεως
3418 4755 3636 4824 ignare;
3672 4753 3752 4817 τίς

2178 4847 2280 4901 οὐκ
2310 4846 2375 4901 ἂν
2405 4847 2719 4917 ἀπορήσειε,
2750 4846 2865 4909 πῶς
2889 4849 2917 4900 ὁ
2940 4848 3130 4918 Σωτὴρ
3152 4846 3383 4900 ἐνταῦθα
3408 4847 3468 4899 ού
3490 4845 3583 4899 τοῦ
3604 4842 3753 4897 Ἀϐι-

2187 4936 2375 5008 μέλεχ,
2408 4936 2543 4991 ἀλλά
2589 4935 2681 4989 τοῦ
2717 4935 2979 5008 Ἀϐιάθαρ
3028 4937 3329 5008 μέμνηται;
3376 4936 3519 5008 Πρὸς
3559 4935 3589 4987 ὃ
3614 4935 3757 4987 εἴποι

2180 5046 2265 5093 τις
2291 5028 2357 5083 ἂν
2378 5027 2645 5098 διώνυμον
2667 5028 2990 5100 γεγενῆσθαι
3017 5030 3106 5082 τὸν
3129 5028 3435 5099 Ἀϐιμέλεχ,
3463 5027 3591 5080 ὥστ’
3617 5021 3756 5079 εἶναι

2182 5120 2274 5174 τὸν
2306 5120 2467 5174 αὑτὸν
2494 5119 2572 5187 τῷ
2602 5120 2883 5191 Ἀϐιάθαρ.
2914 5119 3121 5173 Αὐτίκα
3150 5119 3280 5187 γοῦν
3320 5118 3417 5172 καὶ
3457 5117 3571 5179 υἱὸς
3612 5112 3759 5181 αὐτῷ

2181 5211 2443 5282 ’Δϐιάθαρ
2495 5208 2828 5279 κεκλημένος
2858 5206 3155 5277 ἐμφέρεται
3193 5206 3259 5275 τῇ
3290 5202 3478 5276 Γραφῇ
3506 5199 3614 5253 τῶν
3644 5198 3750 5251 Βα-

2170 5302 2402 5359 σιλειῶν·
2437 5302 2515 5366 ὃς,
2542 5298 2818 5369 διαφυγὼν
2846 5297 2953 5351 άπὸ
2984 5295 3090 5350 τῶν
3115 5292 3508 5367 ἀναιρεθέντων
3562 5288 3752 5361 ἱερέων

2173 5399 2353 5469 μόνος,
2381 5396 2462 5466 τῷ
2497 5394 2660 5448 Δαυῗδ
2709 5392 2898 5462 συνῆν.
2937 5390 3130 5455 ’Ἄλλος
3179 5389 3224 5442 δ’
3249 5388 3316 5443 ἂν
3343 5386 3486 5441 εῐποι
3514 5382 3607 5437 τοῦ
3654 5381 3752 5453 μὲν

2185 5489 2471 5560 Ἀϐιμέλεχ
2492 5487 2590 5558 τὴν
2618 5485 2855 5558 ἱστορίαν
2894 5485 2970 5550 ὡς
3026 5482 3214 5555 ἱερέως
3258 5475 3632 5551 μνημονεύειν·
3666 5476 3754 5527 ὲν-

2171 5580 2345 5636 ταῢθα
2375 5579 2432 5634 δὲ
2463 5580 2553 5636 τὸν
2578 5577 2808 5649 Σωτῆρα
2854 5577 2944 5630 τὸν
2990 5573 3253 5645 Ἀϐιάθαρ
3274 5570 3537 5645 ἀρχιερέα
3556 5564 3753 5638 τυγχάν-
