4138 6380
399 329 509 385 293
1526 327 2026 385 COMMENTARIA
2060 329 2122 384 IN
2163 331 2502 390 PSALHOS.
3548 344 3655 400 298
3670 371 3679 392 ι·

400 468 510 504 νειν
551 449 669 502 κατ’
704 449 878 501 ἐκεῖνο
899 447 1094 518 καιροῦ
1123 448 1310 518 φῆσαι.
1335 447 1597 516 Εἰσῆλθε
1627 447 1757 520 γὰρ,
1791 450 1969 519 φησὶν¹

2081 450 2148 505 de
2189 455 2449 522 principis
2481 454 2821 508 sacerdotum
2846 469 2978 511 nece
3017 457 3274 511 narravit.
3300 455 3363 510 Et
3393 458 3505 513 haec
3532 464 3653 532 qui-

399 541 580 595 Δαυῒδ
610 543 698 607 εἰς
730 541 836 594 τὸν
868 537 1036 594 οἶκον
1065 541 1170 594 τοῦ
1212 540 1358 594 Θεοῦ
1409 540 1510 593 ἐπὶ
1573 541 1833 609 Ἀϐιάθαρ
1868 543 1969 595 τοῦ

2084 543 2206 597 dem
2238 545 2396 598 nobis
2426 545 2491 599 de
2517 547 2712 614 psalmi
2745 547 2904 600 titulo
2949 548 3094 602 dicta
3129 550 3260 603 sint.

398 635 736 704 ἀρχιερέως.
774 636 884 688 Καὶ
923 636 1172 704 φαίνεται
1201 637 1233 706 ή
1264 636 1371 687 τῶν
1399 635 1650 708 ἱστοριῶν
1685 637 1891 708 γραφὴ,
1949 637 2041 691 τὸν
2094 640 2381 710 Ἀχιμέλεχ
2414 642 2506 693 καὶ
2542 643 2666 704 τοὺς
2707 642 2869 711 ἱερεῖς
2901 643 2993 695 τοῦ
3026 643 3157 696 Θεοῦ
3219 645 3519 716 ἀνῃρῆσθαι
3551 649 3654 719 φής

401 745 541 781 σασα
574 729 679 781 ὑπὸ
709 728 804 781 τοῦ
873 727 1065 794 Σαοὺλ,
1127 730 1391 799 ἀρχιερέα
1428 730 1770 802 ἀνῃρημένον
1803 733 1902 801 οὐχ
1963 735 2312 804 ίστορήσασα.
2351 734 2536 788 Ταῦτα
2595 736 2691 804 μὲν
2742 733 2833 788 οὖν
2867 740 2995 807 ἡμῖν
3041 739 3119 800 είς
3169 739 3268 810 τὴν
3296 740 3388 793 τοῦ
3438 739 3652 812 ψαλμοῦ

398 825 722 897 προγραφὴν
754 824 1008 896 εἰρήσθω.

465 918 797 987 Εὐλογήσω
849 918 958 972 τὸν
1019 920 1237 988 Κύριον
1283 921 1353 974 ἐν
1418 922 1594 974 παντὶ
1636 921 1838 989 καιρῷ,
1885 921 1983 975 διὰ

397 1011 623 1075 παντὸς
653 1013 690 1079 ἠ
716 1011 948 1076 αἵνεσις
997 1013 1182 1066 αὐτοῦ
1210 1013 1280 1064 ἐν
1300 1012 1379 1076 τῷ
1424 1014 1676 1081 στόματί
1701 1032 1840 1082 μου.
1876 1016 1982 1068 Εὑ-

396 1101 669 1170 χαριστῶν
696 1102 724 1152 ὁ
756 1100 917 1155 Δαυῒδ
952 1105 1036 1172 ἐφ’
1077 1098 1157 1166 οἷς
1183 1102 1388 1173 ἠξιώθη
1441 1105 1645 1175 τροφῆς
1675 1105 1981 1175 ἱερατικῆς,

1161 1199 1313 1266 φησὶ,
1358 1198 1536 1268 μόνον,
1588 1198 1722 1252 ἀλλά
1773 1201 1869 1252 καὶ
1897 1199 1982 1253 διὰ

396 1285 579 1355 πάσης
611 1285 709 1355 τῆς
733 1287 876 1357 ζωῆς
901 1287 1130 1357 χάριτας
1159 1286 1436 1356 ὁμολογῶν
1485 1288 1577 1340 καὶ
1617 1288 1854 1358 εὐλογῶν
1884 1291 1980 1343 αὺ-

394 1372 486 1426 τὸν
519 1373 829 1427 διατελέσω·
865 1376 987 1428 οὑδὲ
1020 1375 1478 1447 ἀπολειφθήσεται
1505 1395 1634 1430 ποτε
1685 1379 1746 1432 τὸ
1805 1380 1979 1450 στόμα

397 1484 499 1536 μου
552 1471 652 1538 τῆς
683 1471 762 1531 εἰς
791 1469 951 1522 αὑτὸν
986 1469 1261 1532 αἰνέσεως,
1307 1470 1452 1521 ’Λντῖ
1502 1469 1608 1540 γὰρ
1657 1469 1845 1533 Ουσίας
1885 1473 1979 1523 καὶ

392 1557 860 1633 ὁλοκαυτωμάτων
893 1559 1262 1630 πεπαίδευμαι
1284 1561 1382 1628 τὴν
1408 1561 1496 1614 διὰ
1530 1558 1750 1630 χειλέων
1782 1563 1977 1633 προσά-

391 1665 509 1716 γειν
537 1649 686 1718 αὑτῷ
719 1649 927 1703 θυσίαν.

397 1195 513 1247 Οὐκ
546 1195 635 1247 ἐπὶ
665 1194 758 1247 τοῦ
815 1196 1101 1267 παρόντος,

2151 916 2311 972 Vens.
2346 917 2398 970 2.
2445 918 2757 974 Benedicam
2790 922 3073 977 Dominum
3127 927 3178 978 in
3207 929 3351 981 omni
3401 939 3649 1000 tempore,

2079 1026 2282 1079 semper
2336 1010 2453 1064 laus
2506 1013 2620 1082 ejus
2661 1014 2713 1066 in
2755 1032 2843 1068 ore
2896 1033 3030 1070 meo.
3073 1016 3290 1073 Gratias
3341 1023 3450 1091 agit
3485 1023 3652 1080 David

2079 1103 2223 1171 quod
2257 1102 2582 1156 sacerdotali
2627 1105 2750 1158 cibo
2793 1106 3048 1175 dignatus
3078 1107 3186 1162 sit:
3214 1109 3322 1162 Nec
3363 1113 3538 1166 solum
3591 1117 3647 1169 in

2079 1195 2360 1265 praesenti,
2383 1195 2480 1258 ait,
2508 1195 2600 1249 sed
2627 1212 2722 1265 per
2750 1204 2921 1250 totum
2945 1199 3067 1252 vitae
3092 1201 3423 1255 curriculum
3447 1207 3651 1274 gratias

2081 1285 2374 1340 conﬁtendi
2401 1301 2464 1338 ac
2492 1287 2846 1342 benedicendi
2873 1289 3033 1344 ﬁncm
3063 1305 3171 1344 non
3203 1290 3398 1344 faciam
3432 1312 3444 1346 :
3474 1312 3652 1364 neque
3693 1353 3700 1364 ,

2078 1394 2141 1433 os
2189 1394 2371 1433 meum
2425 1379 2584 1434 laude
2617 1381 2737 1448 ejus
2800 1397 3033 1436 vacuum
3087 1400 3323 1453 unquam
3357 1387 3479 1440 erit.
3514 1387 3652 1443 Nam

2076 1469 2359 1525 institutus
2382 1471 2453 1523 ita
2485 1470 2583 1533 fui,
2608 1481 2667 1525 ut
2696 1474 3090 1528 sacriﬁciorum
3126 1485 3178 1530 et
3208 1476 3651 1535 holocaustorum

2075 1563 2214 1628 vice,
2245 1564 2407 1620 labiis
2438 1564 2540 1635 ipsi
2573 1565 2807 1622 hostiam
2842 1568 3087 1626 oﬁ‘eram.

477 1738 692 1809 Ἐπειδὴ
722 1738 830 1810 γὰρ
861 1740 1116 1808 φεύγοντί
1151 1757 1241 1811 μοι
1268 1741 1439 1804 οὐδεὶς
1471 1740 1660 1812 βοηθὸς
1690 1743 1969 1812 πάρεστιν,

2146 1738 2596 1809 Quandoquidem
2649 1740 2875 1811 fugienti
2924 1744 3059 1798 mihi
3117 1746 3300 1802 nullus
3355 1749 3649 1818 opitulator

391 1829 513 1881 οὐδέ
539 1846 622 1892 τις
651 1831 936 1903 καταφυγὴ
958 1872 972 1896 ,
1007 1832 1128 1885 οὐδὲ
1155 1833 1423 1901 ἀσφάλεια
1440 1851 1452 1863 ·
1485 1834 1644 1904 μόνον
1674 1835 1730 1887 δέ
1751 1835 1840 1888 τὸν
1863 1834 1975 1887 Κύ-

395 1937 510 1991 ριον
540 1921 907 1992 φυλακτήριον
934 1924 1213 1994 ἐπάγομαι
1243 1926 1341 1995 τῆς
1374 1924 1610 1995 ἐμαυτοῦ
1645 1926 1842 1996 ψυχῆς,
1879 1925 1974 1979 καὶ

392 2013 479 2063 ἐπ’
512 2011 680 2081 αὐτῷ,
722 2012 835 2065 ἀλλ’
871 2013 971 2066 οὑκ
1002 2016 1093 2067 ἐπὶ
1119 2018 1238 2077 ταῖς
1284 2017 1443 2085 ἐμαῖς
1471 2016 1908 2086 δικαιοπραγίαις
1938 2017 1972 2086 ή

389 2103 531 2172 ψυχή
558 2119 657 2173 μου
681 2102 887 2174 θαρρεῖ·
929 2105 1171 2168 εἰκότως,
1191 2105 1290 2158 ἐπὶ
1333 2106 1412 2172 τῷ
1428 2107 1620 2173 Κυρίῳ
1672 2107 1968 2174 καυχήσε-

389 2211 483 2248 ται
501 2197 537 2263 ἠ
562 2195 733 2264 ψυχή
749 2212 867 2264 μου
888 2212 901 2224 ·
929 2196 1365 2249 ἀκουσάτωσαν
1383 2197 1590 2262 πραεῖς
1612 2197 1707 2250 καὶ
1725 2199 1975 2265 εὐφραν-

391 2289 690 2356 θήτωσαν.
763 2290 894 2359 Ἐμὲ
941 2290 997 2342 δὲ
1039 2289 1294 2352 λαϐόντες
1333 2290 1634 2360 ὑπόδειγμα
1681 2291 1876 2354 πάντες
1922 2292 1972 2343 οἱ

391 2383 555 2452 πρᾶοι
594 2382 686 2434 καὶ
719 2381 964 2434 ταπεινοὶ
998 2380 1092 2433 καὶ
1118 2381 1379 2443 ἐπιεικεῖς
1399 2381 1486 2433 διὰ
1507 2382 1602 2452 τὴν
1627 2383 1705 2444 είς
1730 2382 1819 2434 τὸν
1841 2382 1971 2435 Θεὸν

389 2473 675 2530 εὐλάϐειαν
695 2516 711 2540 ,
740 2473 1119 2546 θαρῤείτωσαν
1138 2474 1232 2526 καὶ
1259 2472 1362 2544 πλη
1373 2472 1684 2544 ρούσϐωσαν
1710 2473 1974 2544 εὐφροσύ-

388 2583 488 2635 νης
509 2604 524 2627 ,
557 2566 626 2617 τὰ
665 2565 756 2618 ἴσα
791 2583 878 2634 μοι
913 2565 1420 2636 προσδοκήσαντες,
1466 2565 1559 2617 καὶ
1587 2565 1746 2618 αὐτὸν
1782 2564 1972 2618 ἐλπίδα

389 2656 479 2709 τὸν
506 2656 707 2728 Κύριον
723 2656 960 2727 θέμενοι.
1005 2658 1155 2709 Ἐπεὶ
1172 2657 1227 2710 δὲ
1251 2658 1344 2710 καὶ
1369 2658 1465 2727 τὴν
1489 2657 1758 2728 ῥομφαίαν
1780 2656 1817 2708 Γ
1821 2656 1969 2710 ολιάθ

386 2747 484 2800 τοῦ
507 2747 802 2816 ἀλλοφύλου
821 2748 970 2820 παρὰ
987 2747 1065 2818 τῷ
1095 2748 1382 2819 Ἀὅιμέλεχ
1397 2747 1576 2802 λαϐὼν
1601 2749 1764 2818 ἀπῄει
1785 2765 1798 2777 ·
1834 2747 1969 2799 Ἀλλ’

384 2841 496 2894 οὐδ’
522 2842 612 2894 ἐπὶ
624 2842 817 2913 τούτῳ,
842 2842 994 2913 φησὶ,
1028 2844 1392 2913 καυχήσομαι,
1421 2842 1537 2895 ἀλλ’
1557 2843 1648 2895 ἐπὶ
1661 2842 1740 2912 τῷ
1760 2843 1968 2913 Κυρίῳ,

384 2933 454 2987 δι’
489 2933 547 2986 ὃν
577 2933 783 3004 ταύτην
812 2935 1130 3005 ἐκτησάμην
1160 2935 1259 3005 τὴν
1299 2933 1606 3004 ῥομφαίαν⁸
1639 2934 1714 2996 ὡς
1750 2934 1843 2985 καὶ
1881 2933 1970 2986 τὸν

389 3029 543 3102 ἱερέα
565 3031 737 3082 εἰπεῖν
758 3027 907 3100 αὐτῷ
930 3047 942 3059 ·
978 3028 1123 3083 Ἰδοὺ
1147 3029 1185 3096 ἡ
1207 3030 1475 3097 ῥομφαία
1496 3028 1720 3082 Γολιὰο
1746 3027 1852 3081 τοῦ
1875 3031 1972 3080 Φι-

2077 1828 2252 1890 adest,
2288 1828 2500 1882 nullum
2532 1828 2810 1899 eli‘ugium,
2851 1835 3119 1888 securitas
3154 1836 3336 1901 nulla;
3363 1839 3649 1908 solumque

2076 1914 2366 1970 Dominum
2391 1917 2585 1970 animae
2620 1935 2750 1972 mea:
2781 1921 3091 1988 praesidium
3119 1925 3327 1992 paravi,
3353 1936 3513 1995 atque
3543 1928 3648 1998 ipsi

2077 2008 2200 2074 soli,
2232 2023 2343 2062 non
2387 2015 2546 2082 recte,
2571 2008 2730 2063 factis
2766 2013 2939 2076 meis,
2983 2014 3208 2067 conﬁdit
3255 2017 3436 2071 anima
3491 2035 3646 2086 mea;

2069 2097 2194 2166 jure
2235 2115 2367 2154 sane
2430 2100 2487 2152 in
2526 2099 2750 2153 Domino
2806 2101 3112 2155 laudabitur
3151 2105 3329 2158 anima
3364 2124 3515 2161 mea:
3547 2127 3645 2162 au-

2074 2188 2223 2242 diant
2247 2193 2507 2245 mansueti
2539 2203 2587 2245 et
2620 2193 2880 2248 la’tentur.
2907 2193 3097 2265 Meque
3128 2197 3181 2248 in
3205 2201 3510 2269 exemplum
3541 2203 3646 2257 sibi

2074 2288 2442 2350 proponentes
2487 2285 2756 2337 mansueti
2800 2300 3008 2349 omnes,
3047 2287 3278 2343 humiles
3309 2306 3371 2343 ac
3415 2294 3646 2348 modesti

2073 2374 2211 2436 viri,
2252 2375 2322 2428 ob
2369 2376 2623 2444 pietatem
2674 2393 2802 2448 erga
2842 2377 3011 2432 Deum
3045 2395 3242 2448 suam,
3287 2383 3562 2438 conﬁdant
3591 2393 3646 2441 et

2075 2465 2274 2535 gaudio
2322 2469 2707 2535 cumulentur,
2757 2471 2911 2537 paria
2964 2488 3177 2527 mecum
3240 2485 3641 2545 exspectantes,

2075 2556 2365 2628 ipsumque
2422 2558 2713 2613 Dominum
2773 2562 2876 2615 sibi
2941 2563 2992 2616 in
3059 2581 3206 2634 spem
3255 2577 3641 2635 proponentes.

2075 2644 2345 2710 Quoniam
2394 2663 2525 2701 vero
2570 2656 2858 2718 postquam
2904 2651 3142 2720 gladium
3187 2656 3500 2726 alienigena:
3537 2658 3645 2712 Go-

2074 2736 2207 2788 liath
2253 2737 2320 2789 ab
2348 2737 2701 2793 Abimeleclio
2761 2753 3077 2810 acceperat,
3121 2744 3376 2800 discessit
3416 2765 3638 2819 :neque

2074 2827 2128 2880 in
2155 2827 2480 2897 lioc,inquit,
2503 2828 2797 2896 gloriabor,
2820 2831 2914 2885 sed
2944 2833 2998 2886 in
3017 2833 3262 2900 Domino,
3289 2837 3445 2906 cujus
3479 2837 3644 2895 bene-

2074 2917 2198 2973 ﬁcio
2238 2919 2386 2974 hunc
2435 2921 2674 2990 gladium
2717 2931 2913 2977 nactus
2966 2941 3127 2988 sum;
3166 2925 3237 2981 ita
3289 2935 3347 2982 ut
3395 2931 3480 2985 vel
3528 2933 3644 3001 ipse

2073 3013 2331 3066 sacerdos
2381 3013 2462 3066 sic
2508 3029 2631 3067 eum
2667 3016 3060 3084 compellaret:
3115 3017 3248 3073 Ecce
3289 3021 3498 3090 gladius
3540 3023 3644 3079 Go-

387 3122 666 3175 λισταίου
688 3163 704 3187 ,
745 3121 816 3175 ὃν
840 3121 1146 3186 ἐπάταξας
1176 3121 1247 3174 ἐν
1275 3119 1349 3189 τῇ
1374 3118 1610 3173 κοιλάδι
1650 3120 1798 3185 Ἠλᾷ
1822 3159 1836 3184 ,
1870 3120 1967 3173 καὶ

2074 3103 2205 3155 ιὶιιιΙι
2226 3103 2549 3168 ΡΙιὶίίδιΙιίεὶ,
2576 3122 2726 3174 quem
2770 3110 3079 3175 percussisti
3105 3112 3158 3164 in
3189 3115 3322 3168 valle
3345 3113 3466 3178 Ela,
3500 3118 3645 3171 inuo-

386 3213 540 3280 αὐτὴ
565 3212 959 3281 ἑνειλημμένη
989 3211 1214 3282 ίματίῳ.
1248 3213 1316 3265 El
1341 3211 1570 3276 ταύτην
1593 3208 1790 3277 λήψῃ,
1821 3226 1969 3263 σαυ-

387 3303 470 3368 τῷ
489 3302 634 3356 λάϐε
653 3343 667 3366 ,
699 3303 786 3356 ὅτι
812 3306 924 3357 οὐκ
953 3304 1124 3357 ἐστιν
1143 3301 1314 3369 ἑτέρα
1341 3300 1529 3369 παρὲξ
1555 3300 1764 3368 αὐτῆς.
1807 3299 1968 3353 Ὥστε

388 3394 592 3448 τούτων
621 3395 927 3448 ἀκούσαντα
953 3394 1044 3447 τὸν
1076 3393 1238 3447 Δαυῖδ
1269 3395 1444 3446 εἰπεῖν
1462 3410 1473 3421 ·
1532 3393 1634 3445 Ἑν
1661 3390 1741 3456 τῷ
1771 3392 1968 3458 Κυρίῳ

385 3488 842 3555 ἐπαινεθήσεται
873 3490 911 3556 ἡ
948 3486 1118 3556 ψυχή
1136 3504 1276 3557 μου.
1311 3485 1569 3554 Μεγάλην
1597 3484 1752 3550 δόξαν
1776 3484 1967 3555 ἔφερεν

386 3583 564 3636 ἐκεῖνο
589 3582 650 3635 τὸ
675 3582 803 3654 δόρυ
823 3583 902 3652 τῷ
922 3577 1083 3634 Δαυῖδ
1101 3620 1116 3644 ,
1148 3580 1418 3652 παιδαρίῳ
1447 3579 1545 3650 μὲν
1568 3578 1679 3632 ὖντι
1701 3617 1716 3644 ,
1749 3578 1843 3630 καὶ
1871 3595 1968 3648 μηο

384 3674 446 3727 δὲ
476 3675 662 3746 φέρειν
707 3675 847 3728 ὅπλα
876 3674 1144 3744 πολεμικά
1174 3671 1519 3742 ἐπισταμένῳ
1539 3711 1554 3736 ,
1586 3670 1768 3723 πίστει
1811 3669 1868 3721 δέ
1897 3671 1962 3739 τῇ

385 3767 470 3830 εἰς
497 3767 629 3820 Θεὸν
661 3766 1161 3836 καταγωνισαμένῳ
1187 3765 1278 3817 τὸν
1315 3763 1507 3816 Γολιάθ
1534 3803 1548 3827 ,
1583 3761 1658 3824 ὠς
1689 3760 1776 3813 διὰ
1808 3759 1965 3812 τοῦτο

385 3859 508 3911 ἀντὶ
550 3858 893 3928 ἀναθήματος
930 3858 1030 3929 τὴν
1058 3855 1330 3927 ῥομφαίαν
1374 3853 1539 3925 μόνην
1583 3852 1800 3924 ἐκείνην
1831 3853 1964 3903 ἀνα-

387 3950 600 4004 κεῖσθαι
628 3952 684 4002 ἐν
708 3949 786 4018 τῷ
819 3947 950 4020 ἱερῷ
971 3964 984 3977 ·
1037 3947 1065 4000 δ
1089 3948 1153 4018 δὴ
1185 3947 1280 3999 καὶ
1312 3945 1694 4015 ἐπεσημήνατο
1722 3944 1900 4013 φήσας
1936 3943 1964 3994 ὁ

388 4039 598 4104 ἱερεύς·
632 4039 740 4093 Καὶ
779 4042 889 4093 οὐκ
922 4041 1092 4093 ἐστιν
1120 4037 1300 4118 ἄλλη.
1363 4036 1499 4089 Οὺδέ
1521 4036 1630 4107 γὰρ
1657 4036 1784 4104 ἐξῆν
1813 4037 1869 4087 ἐν
1896 4036 1961 4105 τῇ

388 4132 562 4200 σκηνῇ
613 4128 706 4182 τοῦ
751 4128 1060 4182 Θεοῦ’ὃπλα
1092 4127 1361 4198 πολεμικά
1399 4125 1786 4179 ἀποτίθεσθαι·
1829 4125 1963 4195 μόνη

383 4221 443 4273 δὲ
471 4221 650 4292 ἐκείνη
683 4223 762 4284 εἰς
797 4223 1016 4291 μνήμην
1059 4218 1152 4272 τοῦ
1192 4217 1356 4272 Δαυῖδ
1383 4219 1482 4288 τῆς
1513 4217 1653 4272 κατὰ
1681 4217 1776 4270 τοῦ
1805 4217 1961 4270 ἀλλο-

385 4312 554 4382 φύλου
587 4313 740 4382 νίκης
770 4313 1016 4365 ἀνέκειτο
1035 4351 1049 4375 ,
1081 4309 1284 4362 ὡσανεὶ
1306 4310 1717 4381 εὐχαριστήριον
1743 4310 1964 4362 ἀποκει-

389 4405 526 4478 μένη
553 4405 628 4475 τῷ
654 4405 751 4476 τὴν
779 4405 934 4476 νίκην
958 4403 1106 4474 αὐτῷ
1135 4402 1496 4475 δεδωρημένῳ
1525 4400 1602 4472 τῷ
1630 4400 1765 4471 Θεῷ.

2076 3195 2216 3248 lutus
2251 3205 2405 3249 veste.
2437 3194 2497 3249 Si
2525 3195 2660 3249 hunc
2689 3198 2762 3250 vis
2796 3198 2998 3262 tollere,
3033 3202 3158 3255 tolle
3187 3203 3299 3270 tibi,
3326 3207 3449 3275 quia
3466 3209 3643 3264 nullus

2074 3285 2213 3337 alius
2238 3285 2320 3337 hic
2346 3293 2424 3338 est
2451 3292 2642 3348 pra’ter
2660 3287 2829 3353 ipsum
2854 3288 2917 3341 ".
2953 3287 3047 3343 His
3075 3289 3257 3360 itaque
3284 3295 3506 3360 auditis,
3541 3295 3644 3349 Da-

2071 3375 2162 3430 vid
2193 3377 2298 3430 ait:
2328 3375 2393 3429 In
2427 3376 2652 3430 Domino
2681 3377 2988 3430 laudabitur
3022 3381 3202 3434 anima
3235 3399 3368 3439 mea.
3396 3382 3642 3456 Magnam

2073 3475 2222 3522 certe
2256 3466 2445 3521 Davidi
2493 3469 2719 3538 gloriam
2751 3471 2977 3538 parabat
3027 3458 3118 3527 ille
3159 3465 3402 3543 gladius;
3436 3480 3639 3549 quippe

2073 3559 2169 3628 qui
2209 3559 2472 3628 puerulus
2503 3575 2628 3614 cum
2663 3567 2830 3624 esset,
2878 3561 3309 3633 bellicorumque
3361 3582 3642 3623 armorum

2072 3651 2380 3720 imperitus,
2419 3650 2522 3704 ﬁde
2562 3651 2617 3704 in
2653 3649 2821 3704 Deum
2872 3652 3115 3708 munitus
3155 3653 3369 3709 Goliatli
3404 3657 3638 3722 devicit;

2072 3744 2146 3796 ita
2171 3750 2229 3796 ut
2253 3759 2316 3797 ea
2343 3743 2410 3797 de
2441 3757 2609 3798 causa
2643 3742 2856 3795 donarii
2883 3733 3003 3797 loco
3034 3745 3185 3800 solus
3213 3747 3304 3802 ille
3333 3749 3543 3817 gladius
3584 3749 3640 3804 in

2072 3849 2230 3889 sacro
2271 3835 2546 3903 repositus
2595 3843 2788 3888 esset:
2835 3835 2980 3905 quod
3028 3837 3205 3906 ipsum
3256 3839 3511 3893 sacerdos
3555 3839 3641 3893 his

2070 3926 2253 3980 verbis
2283 3925 2564 3988 indicavit,
2599 3938 2649 3977 et
2684 3921 2862 3980 nullus
2900 3928 3039 3982 alius
3068 3938 3165 3983 est.
3196 3927 3380 4000 Neque
3413 3932 3556 3985 enim
3585 3932 3640 3987 in

2069 4018 2424 4072 tabernaculo
2456 4017 2549 4072 Dei
2585 4019 2783 4073 licebat
2815 4035 2968 4074 arma
2995 4022 3188 4076 bellica
3222 4021 3508 4091 deponere.
3543 4022 3641 4079 llic

2071 4121 2252 4165 autem
2289 4111 2440 4165 solus
2480 4110 2536 4164 in
2575 4113 2894 4166 memoriam
2939 4122 3224 4184 reportatae
3256 4129 3284 4166 a
3327 4113 3527 4170 Davide
3573 4116 3641 4170 de

2071 4202 2377 4272 alienigena
2409 4203 2652 4258 victoriae
2688 4207 2962 4274 repositus
2995 4214 3134 4269 erat,
3167 4206 3324 4275 quasi
3364 4206 3417 4260 in
3440 4209 3642 4276 gratia-

2070 4311 2193 4349 rum
2227 4295 2497 4351 actionem
2533 4295 2644 4350 Dco
2673 4299 2767 4367 qui
2793 4298 3075 4353 victoriam
3104 4299 3206 4369 ipsi
3235 4297 3477 4356 dederat.

456 4497 840 4565 Μεγαλύνατε
866 4496 974 4549 τὸν
997 4497 1215 4564 Κύριον
1245 4495 1366 4548 σὺν
1389 4493 1515 4562 ἐμοὶ
1537 4533 1551 4556 ,
1583 4492 1681 4546 καὶ
1709 4491 1965 4561 ὑψώσω-

2141 4473 2308 4528 Vsns.
2342 4465 2395 4528 3.
2424 4472 2766 4543 Magniﬁcate
2800 4472 3083 4526 Dominum
3115 4489 3334 4539 merum,
3361 4482 3410 4527 et
3445 4473 3642 4527 exalte-

378 4607 498 4660 μεν
526 4589 590 4642 τὸ
624 4589 810 4657 ὄνομα
837 4589 1024 4642 αὐτοῦ
1056 4588 1155 4641 ἐπὶ
1179 4588 1246 4641 τὸ
1270 4588 1434 4641 αὐτό.
1475 4587 1537 4639 Οἱ
1565 4587 1674 4657 γὰρ
1704 4585 1768 4638 δι’
1790 4585 1966 4656 ἔργων

386 4681 483 4733 καὶ
517 4680 632 4750 βίου
659 4680 753 4733 τοῦ
793 4682 911 4734 κατ’
945 4680 1144 4752 ἀρετὴν
1183 4679 1280 4751 τὴν
1313 4682 1370 4733 ἐν
1417 4681 1627 4742 ἑαυτοῖς
1659 4679 1843 4731 εἰκόνα
1870 4677 1963 4731 τοῦ

385 4771 522 4825 Θεοῦ
549 4771 896 4843 κοσμοῦντες,
929 4772 1091 4826 αὑτὸν
1117 4771 1396 4837 δοξάζουσι
1421 4773 1513 4824 καὶ
1541 4771 1784 4840 ὑψοῦσιν.
1815 4769 1968 4833 Ἐξε-

387 4863 613 4930 ζήτησα
641 4865 746 4918 τὸν
769 4865 986 4932 Κύριον
1015 4864 1115 4917 καὶ
1139 4863 1447 4932 ἐπήκουσέ
1478 4880 1616 4932 μου.
1684 4861 1835 4914 Ἐπεὶ
1864 4859 1961 4930 τῷ,

385 4957 715 5026 ὲξεζῆτησα
735 4999 750 5024 ,
783 4957 844 5010 τὸ
861 4996 876 5022 ,
917 4955 1224 5023 ἐπήκουσέ
1248 4973 1366 5024 μου
1387 4995 1402 5019 ,
1429 4953 1785 5025 ἀνταπεδόθη.

454 5129 643 5199 Οὗτος
674 5136 706 5187 ό
732 5132 968 5201 πτωχὸς
999 5129 1317 5198 ἐκέκραεε,
1354 5131 1452 5185 καὶ
1485 5134 1516 5184 ό
1553 5131 1766 5199 Κύριος
1792 5127 1960 5194 είσή-

387 5238 617 5279 κουσεν
639 5224 826 5279 αὐτοῦ
841 5264 856 5288 ,
883 5224 980 5277 καὶ
1003 5223 1071 5276 ἐκ
1093 5222 1306 5277 πασῶν
1326 5223 1444 5277 τῶν
1468 5223 1732 5291 θλίψεων
1777 5218 1964 5274 αὑτοῦ

387 5317 626 5370 ἔσωσεν
643 5317 846 5370 αὐτόν.
879 5313 1045 5368 Πάλιν
1065 5315 1254 5368 ἐαυτὸν
1273 5353 1287 5375 ,
1303 5314 1378 5378 ὡς
1397 5314 1490 5368 καὶ
1512 5315 1568 5365 ἐν
1589 5315 1700 5375 τοῖς
1721 5310 1964 5384 ἐμπροσ-

390 5407 482 5459 θεν
507 5447 522 5472 ,
565 5405 923 5477 ὑπογραμμὸν
962 5406 1190 5477 παρέχει
1225 5406 1322 5476 τῆς
1361 5403 1561 5474 ἐτέρων
1598 5401 1960 5464 διδασκαλίας.

387 5499 612 5567 Πτωχόν
640 5497 748 5569 γὰρ
776 5497 965 5551 ἐαυτὸν
998 5496 1178 5566 εἰπὼν,
1203 5496 1290 5550 διὰ
1317 5496 1414 5566 τὴν
1439 5495 1540 5565 τῆς
1570 5494 1747 5564 ψυχῆς
1769 5489 1964 5545 ἐαυτοῦ

385 5589 712 5642 ταπείνωσιν
728 5589 822 5642 καὶ
845 5587 1198 5661 μετριοσύνην
1217 5628 1232 5653 ,
1250 5587 1324 5652 ὡς
1346 5605 1412 5640 πε
1421 5587 1470 5658 pi
1489 5585 1574 5639 ἑτέ
1582 5603 1674 5656 ρου
1697 5584 1824 5656 περὶ
1842 5584 1966 5638 ἐαυ-

470 5771 512 5802 "
554 5769 569 5822 ι
606 5770 736 5842 πρε.
772 5784 900 5835 ua,
937 5768 991 5824 9.

2073 4585 2189 4623 mus
2211 4584 2397 4621 nomen
2432 4567 2545 4635 ejus
2580 4567 2632 4620 in
2678 4566 2930 4634 idipsum.
2974 4565 3107 4618 Nam
3140 4566 3230 4634 qui
3283 4566 3538 4635 operibus
3576 4580 3641 4620 ac

2071 4662 2182 4715 vita
2211 4675 2334 4714 cum
2372 4660 2568 4713 virtute
2614 4671 2734 4712 acta
2767 4658 3058 4728 imaginem
3113 4657 3207 4711 Dei
3235 4657 3290 4710 in
3322 4673 3379 4711 se
3403 4658 3636 4726 positam

2073 4761 2361 4817 exornant,
2385 4752 2423 4805 ii
2453 4767 2583 4806 sane
2615 4752 2790 4821 ipsum
2820 4750 2992 4820 gloria
3035 4748 3274 4803 alliciunt
3294 4756 3346 4803 et
3377 4747 3635 4802 exaltant.

2076 4845 2350 4918 Exquisivi
2384 4845 2662 4898 Dominum
2687 4852 2734 4895 et
2767 4840 3034 4895 exaudivit
3067 4856 3167 4894 me.
3201 4838 3475 4909 Siquidem
3511 4838 3638 4891 huic

2070 4937 2228 5002 voci,
2268 4935 2560 5004 exquisivi,
2626 4933 2717 4985 illa
2775 4931 3018 4986 vicissim
3070 4929 3314 4995 additur,
3371 4929 3638 4982 exaudivit

2071 5046 2170 5082 me.

2147 5117 2311 5172 Vsus.
2351 5113 2467 5169 6-8.
2521 5112 2630 5168 Iste
2677 5110 3216 5181 pauper.clamarit,
3271 5117 3321 5163 et
3381 5107 3637 5162 Dominus

2066 5209 2328 5265 exaudivit
2378 5223 2517 5268 eum,
2565 5214 2615 5258 et
2654 5202 2716 5256 de
2757 5202 2997 5255 omnibus
3052 5199 3480 5253 tribulationibus
3521 5199 3636 5267 ejus

2068 5301 2290 5354 saluauit
2320 5313 2455 5351 eum.
2490 5295 2588 5348 llic
2623 5309 2866 5356 rursum,
2909 5293 2986 5345 uti
3022 5291 3294 5360 superius,
3326 5289 3634 5357 exemplum

2069 5391 2372 5462 disciplina:
2402 5403 2521 5444 sese
2549 5386 2670 5439 aliis
2699 5384 2964 5454 perhibet.
2988 5381 3123 5435 Cum
3156 5396 3214 5435 se
3244 5396 3476 5450 namque
3503 5396 3635 5449 pau-

2069 5499 2254 5556 perem
2301 5482 2373 5536 ob
2417 5479 2610 5534 animae
2649 5492 2762 5532 suae
2808 5474 3167 5529 humilitatem
3216 5487 3280 5526 ac
3312 5472 3632 5527 modestiam

2071 5577 2335 5640 declarat,
2373 5573 2440 5630 de
2475 5571 2674 5643 seipso
2715 5568 2874 5639 quasi
2914 5567 2981 5622 de
3009 5565 3114 5620 alio
3143 5565 3286 5620 hanc
3327 5563 3634 5620 doctrinam
