4138 6380
497 372 610 434 295

1171 373 1443 431 EUSEBII
1478 364 1958 431 CIESARIENSIS
1995 370 2145 426 OPP.
2186 364 2369 426 PARS
2406 367 2493 425 Ill.
2533 376 2605 411 -‘—
2640 364 3051 427 EXEGETICA.

3669 376 3775 431 296

498 497 707 554 tradit:
749 494 860 550 Iste
880 509 1079 565 pauper
1116 494 1387 556 clamavit,
1425 502 1474 546 et
1516 492 1774 545 Dominus
1811 489 2072 545 exaudivit

2185 488 2277 542 τοῦ
2316 488 2559 542 διδάσκει
2583 487 2756 556 λέγων
2777 505 2789 517 ·
2820 484 3010 554 Οὗτος
3037 491 3068 541 ό
3097 488 3331 557 πτωχὸς
3366 489 3650 559 ἐκέκραξε
3676 496 3775 549 καὶ

495 605 639 647 eum.
674 590 741 643 At
771 604 860 651 ne,
912 587 1108 657 inquit,
1159 586 1545 648 arbitremini,
1587 600 1672 639 me
1719 583 1940 654 quidem
1987 582 2083 653 qui

496 700 597 756 pro
627 698 753 753 rege
796 696 860 735 ac
894 680 1140 735 universi
1195 680 1379 750 p0puli
1420 679 1667 749 principe
1709 677 1951 741 habeor,
1986 674 2083 730 sed

497 779 680 833 animo
710 775 784 830 ob
848 773 943 829 Dei
999 782 1203 828 metum
1256 788 1465 844 pauper
1507 786 1667 834 sum,
1718 768 1898 825 solum
1954 768 2083 823 talia

494 876 885 934 consecutum;
911 867 1192 921 enimvero
1216 866 1386 936 probe
1408 871 1747 935 compertum
1770 872 1874 926 est,
1902 862 2082 933 ipsum

496 963 787 1017 Dominum
822 960 915 1030 qui
964 974 1209 1030 praesens
1266 957 1525 1011 omnibus
1571 964 1677 1019 est,
1723 954 1935 1010 similes
1972 954 2081 1010 mei

494 1070 794 1126 pauperes.
828 1052 1083 1108 videlicet
1118 1052 1373 1105 timentes
1422 1047 1616 1113 Deum,
1666 1047 2078 1102 exauditurum.

494 1145 716 1201 Gustale
773 1155 823 1200 et
876 1144 1042 1199 ridete
1102 1141 1354 1213 quoniam
1406 1141 1584 1194 suavis
1643 1148 1722 1193 est
1778 1138 2079 1192 Dominus:

494 1242 676 1295 beatus
711 1239 789 1292 vir
821 1238 913 1308 qui
943 1244 1120 1305 sperat
1165 1237 1219 1288 in
1250 1251 1330 1288 eo.
1371 1233 1636 1303 Quisquis
1665 1231 1735 1285 ob
1780 1230 2078 1302 perfectam

492 1340 547 1387 et
577 1329 976 1385 indeﬁcientem
1010 1328 1064 1381 in
1117 1326 1288 1381 Deum
1324 1342 1474 1396 spem
1505 1326 1587 1380 vir
1608 1326 1848 1392 exsistit,
1884 1325 2077 1379 beatus

491 1431 597 1481 est.
634 1421 821 1493 Neque
863 1421 962 1476 abs
1002 1436 1061 1475 re
1106 1419 1315 1489 Aquilae
1347 1416 1787 1487 interpretationi
1834 1430 2077 1485 praesens

491 1515 698 1571 dictum
734 1513 859 1584 quis
906 1512 1196 1583 aptaverit.
1233 1510 1293 1564 In
1326 1509 1486 1563 titulo
1517 1509 1719 1579 quippe
1771 1506 2076 1563 secundum

489 1606 744 1677 Aquilam
775 1606 983 1659 dictum
1034 1610 1161 1658 est:
1218 1600 1460 1665 Davidis,
1522 1599 1734 1671 quando
1776 1600 2077 1652 immutavit

490 1710 701 1771 gustum
732 1712 887 1751 suum
935 1704 1055 1748 ante
1101 1693 1291 1763 faciem
1350 1690 1669 1746 Abimelech.
1720 1689 1861 1757 Quia
1913 1691 2077 1761 igitur

490 1790 629 1859 ipse,
665 1802 787 1842 eum
836 1800 1005 1857 panes
1054 1783 1447 1853 propositionis
1488 1782 1839 1845 comedisset,
1878 1781 2076 1834 immu-

2186 583 2219 634 ό
2257 582 2473 648 Κύριος
2500 580 2870 646 εὶσήκουσεν
2899 580 3108 634 αὑτοῦ.
3157 581 3314 634 Ἀλλά
3350 583 3424 653 μὴ
3454 583 3572 653 ἐμὲ,
3614 587 3770 655 φησὶ,

2188 672 2348 744 μόνον
2370 672 2724 744 τετυχηκέναι
2747 672 3112 743 νομίζετε,τὸν
3133 673 3488 744 νομιζόμενον
3514 675 3612 746 μὲν
3635 673 3771 731 εἶναι

2186 762 2409 835 βασιλέα
2441 764 2535 816 καὶ
2564 764 2801 833 ἄρχοντα
2826 762 2919 815 τού
2955 762 3156 826 παντὸς
3188 763 3406 843 ἔθνους,
3434 767 3501 834 τῇ
3534 765 3591 819 δὲ
3622 767 3770 840 ψυχῇ

2184 849 2533 924 πτωχεύοντα
2568 853 2655 906 διὰ
2682 852 2771 905 τὸν
2793 852 2886 906 τοῦ
2924 852 3060 907 Θεοῦ
3099 854 3291 923 φόϐον·
3326 855 3569 926 ἀκριϐῶς
3598 857 3655 912 δὲ
3685 876 3770 927 γι-

2183 946 2452 1000 νώσκεται
2474 986 2488 1007 ,
2514 947 2596 999 ὅτι
2624 947 2653 998 6
2686 945 2848 1009 αὐτὸς
2870 945 3075 1017 Κύριος
3101 947 3194 999 καὶ
3224 946 3415 1019 παρὼν
3440 949 3547 1002 τῶν
3569 950 3770 1021 ὁμοίως

2182 1040 2305 1110 ἐμοὶ
2331 1037 2563 1109 πτωχῶν
2586 1079 2602 1105 ,
2636 1038 2779 1107 λέγω
2806 1038 2863 1091 δὲ
2887 1038 2996 1093 τῶν
3024 1038 3371 1110 φοϐουμένων
3399 1040 3585 1105 αὑτὸν,
3618 1046 3767 1095 είσα-

2181 1130 2452 1184 κούσεται.
2481 1130 2799 1183 Γεύσασθε
2823 1129 2923 1185 καὶ
2968 1128 3123 1183 ἴδετε
3172 1129 3261 1183 ὅτι
3290 1131 3558 1199 χρηστὸς
3587 1136 3620 1187 d
3654 1136 3769 1188 Κύ-

2172 1240 2323 1292 ριος*
2352 1221 2643 1293 μακάριος
2666 1221 2823 1290 ἀνὴρ
2842 1222 2910 1288 ὃς
2929 1221 3151 1283 ἐλπίζει
3175 1223 3273 1303 ἐπ’,
3288 1224 3493 1276 αὐτόν·
3530 1224 3584 1278 Ὁ
3598 1226 3685 1279 διὰ
3706 1225 3770 1282 τὸ

2178 1317 2395 1381 τελείως
2419 1317 2511 1369 καὶ
2540 1316 2837 1377 ἀνελλιπῶς
2867 1314 3108 1379 ἐλπίζειν
3139 1318 3231 1370 ἐπὶ
3262 1316 3394 1371 Θεὸν
3427 1318 3569 1389 ἀνὴρ
3593 1320 3769 1392 ὑπάρ-

2180 1429 2289 1482 χων
2324 1410 2593 1483 μακάριός
2624 1412 2791 1464 ἐστιν.
2841 1410 2953 1462 Ούκ
2982 1410 3285 1473 ἀπεικότως
3313 1410 3377 1464 ἄν
3408 1427 3490 1474 τις
3521 1413 3765 1483 ἐφαρμό-

2180 1521 2322 1557 σειεν
2345 1507 2411 1575 τῇ
2437 1502 2578 1556 κατά
2604 1503 2695 1555 τὸν
2730 1502 2961 1555 Ἀκύλαν
2988 1502 3254 1573 ἑρμηνείᾳ
3276 1502 3372 1573 τὴν
3399 1504 3765 1575 προκειμένην

2178 1596 2348 1663 λέξιν·
2373 1596 2601 1667 ὲπείπερ
2628 1597 2684 1649 ἐν
2710 1597 2775 1665 τῇ
2801 1598 3091 1665 προγραφῇ
3115 1594 3256 1647 κατὰ
3278 1593 3367 1647 τὸν
3399 1594 3628 1648 Ἀκύλαν
3651 1596 3766 1649 ὲλέ-

2177 1706 2303 1757 γετο
2318 1705 2330 1717 ·
2370 1687 2482 1742 Τοῦ
2500 1687 2702 1751 Δαυῒδ,
2728 1686 2825 1740 ὅτε
2847 1687 3151 1755 ἠλλοίωσε
3170 1686 3234 1739 τὸ
3262 1686 3449 1757 γεῦμα
3469 1688 3656 1741 αὐτοῦ
3677 1691 3765 1757 είς

2177 1783 2503 1851 πρόσωπον
2545 1779 2870 1849 Ἀϐιμέλεχ.
2909 1778 3061 1831 Ἐπεὶ
3092 1779 3271 1834 τοίνυν
3304 1780 3485 1847 αὐτὸς,
3519 1781 3628 1833 τῶν
3659 1780 3762 1854 ἄρ-

491 1854 625 1934 tavit
665 1854 887 1949 gustum
939 1893 1123 1941 suum,
1158 1892 1222 1931 ac
1272 1891 1337 1931 ex
1387 1882 1553 1946 gustu
1584 1875 1781 1929 deinde
1833 1873 2072 1927 divinam

2179 1892 2286 1929 των
2318 1876 2415 1946 τῆς
2442 1873 2756 1945 προθέσεως
2797 1870 3115 1943 μεταλαϐὼν
3134 1913 3151 1941 ,
3204 1873 3466 1942 ἠλλοίωσε
3494 1874 3554 1928 τὸ
3582 1876 3764 1948 γεῦμα

491 1973 597 2029 sibi
642 1975 900 2025 virtutem
952 1970 1207 2023 collatam
1256 1966 1426 2022 fuisse
1455 1967 1663 2032 sensit;
1715 1965 1943 2029 idcirco,
1990 1979 2076 2019 se-

489 2063 730 2120 cundum
762 2060 913 2125 illud,
939 2061 1146 2131 Absque
1174 2060 1298 2115 dolo
1339 2060 1535 2129 accepi,
1561 2060 1674 2115 sine
1706 2058 1905 2113 invidia
1930 2074 2076 2112 com-

488 2153 800 2221 munico”,
853 2152 921 2207 ad
970 2152 1315 2208 consimilem
1379 2160 1601 2223 gustum
1657 2150 2075 2223 percipiendum

489 2250 627 2303 alios
673 2246 934 2302 festinare
973 2246 1318 2311 cohortatur,
1354 2256 1519 2315 atque
1570 2245 1786 2315 precari
1816 2252 1876 2299 ut
1932 2259 2073 2315 pane

486 2341 611 2399 vitm
658 2341 915 2395 alantur:
980 2338 1141 2408 cujus
1195 2338 1505 2410 symbolum
1559 2352 1623 2391 ac
1690 2336 1870 2408 imago
1914 2344 2073 2391 erant

489 2449 660 2504 panes
693 2434 771 2487 illi
800 2431 1195 2503 propositionis
1248 2446 1346 2500 per
1395 2428 1599 2501 Moysis
1629 2429 1801 2501 legem
1856 2430 2069 2484 statuti.

491 2526 672 2592 Quare
703 2525 875 2579 David
925 2539 1051 2578 eum
1093 2523 1425 2593 intelligeret
1479 2521 1639 2592 cujus
1696 2522 1877 2590 imago
1925 2527 2073 2576 esset

492 2617 650 2686 panis
684 2615 773 2668 ille
822 2611 1237 2683 propositionis,
1273 2626 1383 2665 non
1408 2610 1475 2664 ad
1517 2624 1841 2679 corporeum
1875 2623 2069 2679 panem

489 2715 551 2761 ut
590 2704 953 2771 accedamus;
987 2702 1083 2758 sed
1132 2702 1197 2756 ad
1238 2717 1434 2771 panem
1488 2700 1581 2771 qui
1625 2715 1891 2769 corporeo
1940 2700 2071 2755 sub-

489 2798 787 2861 indicatur,
838 2811 941 2850 nos
998 2802 1282 2865 provocat.
1317 2792 1428 2847 Nos
1461 2794 1628 2863 igitur
1679 2794 1773 2862 qui
1806 2792 1860 2845 in
1909 2793 2069 2849 terris

488 2903 799 2955 versamur,
834 2887 992 2958 panis
1040 2895 1093 2941 et
1125 2885 1289 2941 Verbi
1324 2886 1419 2955 qui
1449 2884 1517 2939 de
1571 2885 1713 2939 ctelo
1762 2885 2066 2952 descendit,

488 2994 553 3033 ac
590 2979 945 3048 semetipsum
1003 2976 1306 3033 exinanivit
1338 2984 1392 3030 et
1425 2975 1730 3045 depressit,
1772 2976 2068 3045 participes

488 3068 770 3124 efﬁcimur.
813 3069 917 3135 Qui
956 3084 1086 3124 vero
1114 3075 1242 3123 sunt
1276 3068 1333 3122 in
1362 3082 1531 3137 regno
1583 3067 1870 3131 caelorum,
1907 3068 2068 3136 pleno

489 3160 586 3215 illo
613 3175 677 3215 ac
706 3160 948 3231 perfecto
972 3167 1220 3222 utuntur,
1251 3157 1370 3227 ejus
1406 3157 1696 3212 divinitate
1737 3158 1982 3224 enutriti,
2012 3165 2067 3213 et

489 3251 772 3321 sapientiae
822 3250 1382 3319 contemplationibus
1428 3248 1693 3303 fruentes.
1729 3248 1855 3304 Hmc
1901 3250 2066 3304 etiam

488 3358 593 3399 nos
639 3344 935 3415 aliquando
986 3341 1270 3397 obtinendi
1318 3356 1469 3411 spem
1532 3341 1736 3397 habere
1787 3342 2063 3406 convenit,

485 3437 844 3509 quamobrem
892 3435 1098 3490 dictum
1150 3441 1279 3489 est:
1344 3432 1535 3486 Beatus
1608 3434 1687 3486 vir
1749 3433 1839 3504 qui
1891 3442 2067 3502 sperat

488 3530 541 3585 ἓν
572 3545 654 3583 eo.

560 3620 726 3675 Vens.
765 3618 819 3674 9.
872 3616 1069 3672 Timete
1115 3616 1424 3682 Dominum,
1468 3634 1645 3672 omnes
1694 3609 1866 3672 sancti
1917 3618 2061 3688 ejus,

486 3714 739 3785 quoniam
771 3728 875 3767 non
902 3720 979 3765 est
1007 3711 1185 3779 inopia
1218 3712 1523 3765 timentibus
1554 3727 1691 3764 eum.
1718 3710 1844 3765 Hzec
1881 3712 2065 3765 omnia

488 3808 657 3862 David
703 3808 772 3860 ad
823 3805 1055 3859 aliorum
1106 3804 1401 3858 utilitatem
1466 3804 1860 3860 sententiarum
1911 3818 2064 3859 more

488 3898 718 3969 profert,
754 3911 989 3967 quorum
1048 3895 1199 3965 prior
1241 3895 1358 3964 ipse
1393 3895 1599 3965 potitus
1645 3902 1783 3959 erat,
1843 3894 2062 3963 quando

487 3989 784 4060 exquisivit
856 3986 1174 4051 Dominum,
1241 4001 1305 4040 ac
1351 3987 1647 4057 propitium
1707 3994 1904 4041 nactus
1955 3994 2058 4042 est.

485 4074 741 4149 Praecipit
770 4078 953 4147 itaque
1006 4077 1214 4133 sanctis
1249 4076 1365 4140 Dei,
1410 4085 1471 4131 ut
1518 4078 1766 4133 timorem
1800 4078 1919 4146 ejus
1951 4093 2063 4148 prm

485 4172 662 4227 oculis
690 4171 927 4225 habeant
960 4189 972 4225 ε
1014 4171 1081 4225 ab
1137 4170 1232 4225 illo
1264 4172 1465 4240 quippe
1499 4172 1691 4224 timore
1730 4170 1907 4224 sancti
1947 4169 2061 4223 elli-

485 4262 743 4329 ciuntur;
776 4261 898 4317 ideo
928 4261 1036 4314 alio
1066 4260 1122 4313 in
1154 4261 1365 4330 psalmo
1387 4260 1614 4325 dictum,
1640 4259 1822 4313 Timor
1846 4259 2061 4313 Domini

485 4365 664 4410 castus
708 4354 781 4422 ιι,
828 4356 1108 4415 videlicet,
1163 4364 1345 4410 castos
1394 4354 1651 4410 efficiens.
1716 4353 2061 4423 Quapropter

484 4446 670 4503 divtina
704 4446 791 4501 lex
826 4447 942 4501 ait:
985 4446 1170 4501 Sancti
1202 4447 1369 4512 eritis,
1398 4447 1645 4516 quoniam
1675 4462 1766 4516 ego
1806 4445 2056 4499 Dominus

2178 1968 2344 2023 αὐτοῦ
2366 2009 2381 2032 ,
2415 1963 2515 2021 εἶτ’
2549 1968 2656 2021 ἀπὸ
2676 1968 2777 2037 τῆς
2802 1966 3044 2036 γεύσεως
3072 1965 3268 2037 ᾔσθετο
3294 1968 3575 2039 δυνάμεως
3613 1970 3765 2035 θείας

2176 2060 2575 2133 χορηγηθείσης
2600 2059 2751 2130 αύτῷ
2769 2076 2782 2089 '
2810 2059 2999 2113 τούτου
3028 2063 3188 2132 χάριν
3216 2060 3357 2115 κατὰ
3373 2061 3433 2113 τό
3453 2077 3467 2091 ’
3506 2062 3764 2129 Ἀδόλως

2174 2157 2414 2219 ἔλαϐον,
2443 2156 2717 2224 ἀφθόνως
2741 2155 3149 2227 μεταδίδομαι,
3184 2155 3492 2227 παρακαλεί
3523 2157 3617 2209 καὶ
3645 2157 3764 2209 ἑτέ-

2177 2263 2305 2317 ρους
2329 2246 2581 2299 σπεύδειν
2612 2246 2705 2299 ἐπὶ
2723 2247 2823 2318 τὴν
2851 2247 3043 2317 ὁμοίαν
3066 2247 3218 2317 αύτῷ
3244 2246 3433 2315 γεῦσιν
3454 2286 3468 2310 ,
3501 2247 3760 2312 εύξασθαί

2140 2352 2143 2355 ‘
2172 2354 2233 2389 τε
2262 2337 2533 2409 τραφῆναι
2566 2336 2644 2407 τῷ
2670 2337 2819 2409 ἄρτῳ
2843 2339 2940 2409 τῆς
2969 2338 3147 2409 ζωῆς·
3179 2334 3240 2393 οὗ
3266 2339 3531 2409 σύμϐολον
3561 2340 3654 2393 καὶ
3682 2343 3759 2393 εἱ-

2174 2427 2285 2481 κὼν
2304 2428 2596 2501 ἐτύγχανον
2618 2430 2666 2483 οἱ
2690 2429 2777 2483 διὰ
2799 2432 3078 2495 Μωῦσέως
3098 2432 3424 2503 νενομοθετη
3433 2433 3582 2502 μένοι
3606 2433 3761 2503 ἄρτοι

2172 2523 2272 2593 τῆς
2303 2522 2631 2593 προθέσεως.
2667 2524 2867 2595 Διόπερ
2894 2526 2922 2576 6
2948 2524 3111 2578 Δαυῗδ
3133 2564 3149 2589 ,
3181 2527 3380 2596 νοήσας
3415 2525 3559 2588 τίνος
3588 2521 3655 2596 ἦν
3683 2527 3760 2577 εἰ-

2172 2615 2284 2668 κὼν
2322 2617 2350 2667 6
2380 2616 2478 2686 τῆς
2508 2616 2819 2687 προθέσεως
2846 2618 3041 2688 ἄρτος,
3073 2620 3172 2671 ούκ
3198 2620 3291 2671 ἐπὶ
3321 2618 3411 2672 τὸν
3447 2617 3758 2689 σωματικὸν

2174 2707 2423 2759 σπεύδειν
2458 2709 2775 2780 προτρέπει,
2808 2709 2921 2761 ἀλλ’
2945 2711 3038 2762 ἐπὶ
3060 2708 3151 2763 τὸν
3176 2711 3240 2763 δι’
3259 2709 3423 2763 αὑτοῦ
3447 2710 3752 2780 νοούμενον.

2183 2801 2371 2871 Ἡμεῖς
2399 2801 2497 2871 μὲν
2523 2797 2615 2855 οὖν
2646 2804 2694 2855 ot
2719 2802 2812 2855 ἐπὶ
2845 2804 2947 2873 γῆς
2979 2806 3042 2857 ὲκ
3069 2803 3162 2857 τοῦ
3188 2802 3417 2875 ούρανοῦ
3448 2803 3758 2875 καταϐεϐη-

2171 2892 2327 2955 κότος
2372 2891 2466 2944 τοῦ
2512 2893 2676 2964 ἄρτου
2721 2894 2815 2946 καὶ
2859 2892 2953 2946 τοῦ
2991 2894 3166 2962 Λόγου
3203 2893 3538 2956 κενώσαντος
3565 2894 3755 2947 ἑαυτὸν

2169 2984 2266 3038 καὶ
2297 2985 2690 3057 σμικρύναντος
2720 2986 3235 3057 μεταλαμϐάνομεν·
3265 2988 3318 3039 οἱ
3346 2986 3402 3039 δὲ
3428 2988 3484 3039 ὲν
3506 2990 3571 3057 τῇ
3604 2988 3755 3056 βασιο

2168 3075 2289 3147 λείᾳ
2324 3077 2435 3130 τῶν
2465 3078 2707 3149 οὐρανῶν
2737 3079 2978 3150 πλήρους
3010 3080 3175 3134 αὑτοῦ
3211 3080 3304 3133 καὶ
3345 3080 3551 3133 τελείου
3587 3097 3753 3150 μετα-

2094 3195 2135 3252 C
2169 3168 2541 3240 λαμϐάνουσι,
2585 3172 2910 3242 τρεφόμενοι
2943 3164 3107 3225 αὑτοῦ
3138 3175 3203 3243 τῇ
3237 3173 3450 3243 θεότητι
3473 3212 3487 3236 ,
3520 3174 3614 3226 καὶ
3645 3173 3753 3225 τῶν

2167 3261 2268 3331 τῆς
2299 3261 2489 3329 σοφίας
2521 3261 2892 3333 θεωρημάτων
2925 3263 3289 3327 ἀπολαύοντες
3309 3304 3324 3328 ,
3375 3258 3448 3319 ὧν
3482 3268 3573 3319 καὶ
3602 3268 3751 3337 ἡμᾶς

2164 3351 2341 3423 καιρῷ
2360 3369 2487 3405 ποτε
2506 3358 2787 3423 μετασχεῖν
2811 3354 3051 3419 ἐλπίζειν
3074 3360 3360 3427 προσήκει,
3380 3357 3458 3410 διὸ
3474 3357 3721 3412 λέλεκται
3735 3373 3748 3390 ⁸

2162 3441 2466 3511 Μακάριος
2497 3445 2653 3512 ἀνὴρ
2679 3444 2747 3511 ὃς
2769 3446 2992 3507 ἐλπίζει
3016 3448 3110 3500 ἐπ’
3135 3451 3342 3503 αὐτόν.

2236 3621 2535 3689 Φοϐήθητε
2562 3622 2669 3675 τὸν
2694 3622 2915 3691 Κύριον
2934 3659 2950 3686 ,
2994 3621 3218 3689 πάντες
3262 3625 3315 3676 οἱ
3347 3622 3499 3693 ἅγιοι
3540 3623 3749 3692 αὑτοῦ,

2165 3714 2253 3768 ὅτι
2279 3717 2389 3769 οὐκ
2419 3714 2592 3768 ἐστιν
2616 3713 2927 3783 ὑστέρημα
2962 3714 3085 3779 τοῖς
3115 3714 3509 3785 φοϐουμένοις
3539 3718 3749 3773 αὐτόν.

2164 3807 2348 3859 Πάντα
2372 3805 2546 3859 ταῦτα
2574 3804 2867 3876 γνωμικῶς
2894 3808 2923 3860 6
2948 3805 3108 3859 Δαυῒδ
3140 3809 3219 3870 εἰς
3248 3805 3345 3877 τὴν
3373 3808 3577 3879 ἐτέρων
3607 3808 3749 3876 ὠφέ-

2163 3898 2311 3952 λειαν
2344 3899 2697 3971 προφέρεται,
2734 3898 2893 3961 αὐτὸς
2921 3900 3184 3969 πρότερον
3210 3900 3523 3965 ἀπολαύσας
3547 3902 3744 3966 αὐτῶν,

2161 3992 2251 4044 ὅτε
2270 4032 2284 4057 ,
2326 3992 2632 4063 ἐκζητήσας
2659 3991 2749 4043 τὸν
2778 3990 2981 4061 Κύριον
3002 4030 3018 4055 ,
3058 3992 3295 4061 ἐπηκόου
3322 3994 3488 4047 αὑτοῦ
3514 3994 3745 4065 τετύχη-

2163 4099 2246 4135 κε.
2271 4082 2712 4152 Παρακελεύεται
2743 4082 2922 4135 τοίνυν
2955 4083 3047 4137 τὸν
3076 4084 3240 4152 φόϐον
3271 4084 3364 4137 τοῦ
3395 4086 3601 4155 Κυρίου
3639 4087 3745 4157 πρὸ

2161 4173 2453 4245 ὀφθαλμῶν
2477 4173 2717 4227 τίθεσθαι
2739 4176 2865 4236 τοὺς
2890 4175 3078 4243 ἁγίους
3104 4175 3267 4227 αὑτοῦ
3286 4193 3298 4205 ο
3324 4176 3427 4228 ὑπὸ
3449 4177 3556 4246 γὰρ
3579 4176 3743 4230 αὐτοῦ

2162 4267 2257 4321 τοῦ
2288 4267 2452 4337 φόϐου
2480 4266 2625 4335 ἅγιοι
2655 4266 3069 4321 άνατελοῦνται·
3101 4266 3180 4320 διὸ
3204 4268 3452 4322 λέλεκται
3480 4270 3538 4322 ὲν
3572 4270 3743 4341 ἑτέρῳ

2160 4359 2377 4430 ψαλμῷ·
2412 4359 2474 4411 '0
2493 4360 2675 4427 φόϐος
2692 4360 2915 4426 Κυρίου
2934 4360 3138 4429 ἁγνὸς,
3159 4362 3279 4413 ἀντὶ
3298 4361 3412 4423 τοῦ,
3436 4362 3739 4430 ἁγνοποιός.

2160 4452 2251 4505 Διὸ
2278 4452 2369 4505 καὶ
2393 4453 2421 4504 6
2448 4449 2589 4513 θεῖος
2615 4450 2775 4521 νόμος
2806 4450 2970 4521 φησίν
2988 4467 3001 4480 ⁸
3031 4452 3221 4519 "Arta
3252 4454 3487 4517 ἔσεσθε,
3518 4455 3607 4508 ὅτι
3628 4455 3742 4525 ἐγὼ

484 4538 624 4593 Deus
659 4547 824 4591 vester
849 4546 1064 4591 sanctus
1096 4553 1213 4591 sum
1240 4537 1304 4591 ³⁸.
1334 4539 1511 4605 Atque
1534 4536 1747 4607 signum
1774 4535 1906 4589 illud
1942 4535 2056 4589 evi-

2168 4544 2373 4612 Κύριος
2405 4545 2439 4597 ό
2480 4542 2624 4609 Θεὸς
2658 4540 2825 4611 ὑμῶν
2861 4543 3046 4612 ἅγιος.
3109 4544 3218 4596 Καὶ
3260 4549 3479 4615 σημεῖον
3513 4547 3606 4600 τοῦ
3648 4567 3743 4617 φο-

482 4632 620 4686 dens
654 4629 818 4685 fuerit
862 4630 1078 4684 timoris
1113 4628 1353 4693 Domini,
1397 4628 1443 4684 si
1486 4628 1609 4698 quis
1647 4641 1678 4680 a
1717 4627 1973 4682 sordibus
2007 4634 2062 4681 et

480 4724 667 4796 pravis
709 4722 969 4794 operibus
1002 4737 1176 4792 purus
1228 4727 1282 4775 et
1317 4736 1522 4776 vacuus
1576 4720 1781 4785 fuerit,
1831 4734 2061 4788 seseque

482 4825 737 4871 sanctum
776 4830 1008 4885 corpore
1042 4830 1105 4868 ac
1138 4813 1337 4883 spiritu
1364 4811 1683 4866 servaverit.
1716 4809 2059 4865 Timentibus

482 4924 647 4979 porro
672 4908 864 4972 Deum,
899 4907 993 4977 qui
1026 4922 1118 4975 per
1140 4906 1259 4975 ejus
1287 4913 1490 4959 metum
1528 4903 1702 4958 sancti
1730 4900 2056 4967 efﬁciuntur,

482 5001 619 5055 nihil
653 5013 891 5070 unquam
917 4997 1113 5061 deerit,
1138 5004 1325 5066 utpote
1353 4995 1445 5064 qui
1474 4994 1695 5048 divitias
1732 5008 1957 5064 magnas
1990 5007 2055 5047 ac

480 5093 802 5149 thesaurum
830 5091 1095 5163 optimum
1139 5090 1195 5143 in
1248 5089 1369 5158 ipso
1412 5087 1606 5143 timore
1647 5084 1867 5142 Domini
1898 5101 2051 5156 repe-

478 5186 673 5243 rerint.

984 5292 1262 5351 DAVIDIS
1300 5290 1539 5348 XXXIV.

551 5387 716 5444 Vsus.
764 5387 880 5443 1-5.
917 5385 1137 5452 Judica,
1166 5386 1404 5449 Domine,
1452 5391 1694 5439 nocentes
1745 5398 1844 5449 me,
1881 5397 2049 5451 expu-

480 5500 584 5553 gna
607 5485 969 5553 impugnantes
998 5500 1097 5536 me.
1130 5479 1465 5550 Appreltende
1511 5496 1665 5533 arma
1704 5490 1753 5532 et
1793 5488 2000 5531 scutum
2027 5492 2046 5530 :

480 5587 531 5629 et
556 5592 778 5645 exsurge
803 5576 857 5627 in
890 5575 1216 5642 adjutorium
1268 5574 1417 5626 mihi.
1451 5566 1677 5641 Eﬁ'unde
1707 5571 1967 5640 frameam
1994 5578 2047 5622 et

2162 4630 2374 4682 ϐεῖσθαι
2406 4629 2497 4683 τὸν
2528 4630 2732 4702 Κύριον
2764 4630 2909 4683 τοῦτ’
2947 4632 3013 4684 ἂν
3042 4631 3250 4699 γένοιτο
3270 4672 3283 4696 ,
3325 4636 3384 4686 τὸ
3418 4636 3741 4709 καθαρεύειν

2164 4721 2263 4790 μὲν
2289 4719 2467 4791 πάσης
2489 4719 2759 4790 ρυπαρίας
2780 4719 2873 4772 καὶ
2900 4722 3127 4791 αἰσχρᾶς
3152 4721 3401 4791 πράξεως
3419 4766 3433 4789 ,
3453 4724 3741 4793 φυλάττειν

2158 4812 2215 4865 δὲ
2243 4813 2438 4875 αὐτοὺς
2467 4811 2658 4879 ἁγίους
2693 4812 2785 4865 καὶ
2823 4809 3036 4882 σώματι
3066 4812 3159 4865 καὶ
3192 4813 3480 4883 πνεύματι.
3533 4816 3657 4879 Τοῖς
3681 4815 3737 4869 δὲ

2157 4904 2248 4957 τὸν
2300 4902 2504 4975 Κύριον
2539 4903 2926 4973 φοϐουμένοις,
2979 4903 3071 4957 καὶ
3101 4902 3189 4956 διὰ
3238 4904 3327 4957 τὸν
3375 4905 3539 4958 αὑτοῦ
3575 4907 3737 4975 φόϐον

2160 4999 2513 5071 ἡγιασμένοις
2537 5039 2551 5063 ,
2608 4999 2757 5052 οὐδὲν
2797 4998 2863 5051 ἂν
2895 4998 3059 5069 δεήσῃ
3106 4998 3181 5062 ὡς
3210 4998 3276 5052 ἂν
3311 5000 3483 5069 μέγαν
3513 4999 3739 5053 πλοῦτον

2160 5092 2254 5145 καὶ
2287 5090 2556 5163 θησαυρὸν
2585 5089 2786 5159 ἀγαθὸν
2810 5090 2867 5143 ἐν
2891 5088 3038 5160 αύτῷ
3066 5088 3143 5160 τῷ
3171 5090 3319 5161 φόϐῳ
3347 5090 3551 5161 Κυρίου
3575 5092 3737 5162 εὑρη-

2160 5183 2333 5237 κόσιν.

2673 5288 2811 5345 ΤΟΥ
2849 5287 3044 5343 ΔΑΥΙΔ
3078 5288 3197 5342 AA"
3300 5294 3303 5303 ‘

2226 5384 2515 5448 Δίκαονον,
2551 5385 2748 5451 Κύριε,
2783 5385 2925 5450 τοὺς
2953 5383 3313 5449 ἀδικοῦντάς
3340 5400 3448 5453 με,
3474 5383 3735 5451 πολέμη-

2155 5493 2270 5533 σον
2300 5477 2439 5543 τοὺς
2470 5475 2883 5546 πολεμοῦντας
2910 5494 3006 5546 με.
3046 5477 3367 5531 Ἐπιλαόοῦ
3406 5475 3598 5530 ὅπλου
3632 5478 3729 5529 καὶ

2152 5570 2364 5639 θυρεοῦ
2388 5589 2400 5599 ·
2440 5569 2538 5623 καὶ
2563 5568 2857 5637 ἀνάστηθι
2896 5572 2984 5635 εἰς
3014 5568 3305 5636 ,βοήθειάν
3321 5587 3443 5639 μοι.
3477 5570 3732 5637 Ἕκχεον

482 5667 730 5720 conclude
751 5666 998 5720 adversus
1022 5683 1107 5720 eos
1130 5667 1218 5735 qui
1245 5673 1625 5734 persequuntur
1651 5678 1749 5716 me.
1771 5662 2042 5728 Quoniam

2168 5660 2469 5729 ὂομςραίαν,
2493 5658 2591 5714 καί
2622 5661 2994 5731 σύτκλεισον
3021 5658 3371 5726 ἐξεναντίας
3404 5657 3521 5712 τῶν
3550 5674 3728 5713 κατα-

562 5819 603 5849 ⁵³
643 5818 769 5889 Sap.
812 5834 917 5886 vn,
959 5820 1045 5878 15.
1123 5821 1164 5853 ιδ
1208 5817 1354 5876 Psal.
1389 5834 1559 5885 xvm,
1599 5817 1681 5873 l0.
1763 5816 1807 5847 ¹⁸
1848 5814 2025 5870 chit.
2066 5829 2142 5881 ιι,
2188 5814 2278 5870 45.
