  <div class='ocr_page' id='page_1' title='image "/cluster/home/n/w/nwhite01/storage/ocr_20150623/23/nnc1.0046978313/164.png"; bbox 0 0 4138 6380; ppageno 0'>
   <div class='ocr_carea' id='block_1_1' title="bbox 427 419 542 478">
    <p class='ocr_par' dir='ltr' id='par_1_1' title="bbox 427 419 542 478">
     <span class='ocr_line' id='line_1_1' title="bbox 427 419 542 478; baseline -0.017 -1"><span class='ocrx_word' id='word_1_1' title='bbox 427 419 542 478; x_wconf 73' lang='grc'><strong>297</strong></span> 
     </span>
    </p>
   </div>
   <div class='ocr_carea' id='block_1_2' title="bbox 1579 418 2570 478">
    <p class='ocr_par' dir='ltr' id='par_1_2' title="bbox 1579 418 2570 478">
     <span class='ocr_line' id='line_1_2' title="bbox 1579 418 2570 478; baseline -0.002 0"><span class='ocrx_word' id='word_1_2' title='bbox 1579 419 2084 478; x_wconf 74' lang='lat' dir='ltr'><strong>COMMENTARIA</strong></span> <span class='ocrx_word' id='word_1_3' title='bbox 2127 419 2196 478; x_wconf 77' lang='grc' dir='ltr'>ιΝ</span> <span class='ocrx_word' id='word_1_4' title='bbox 2233 418 2570 478; x_wconf 79' lang='lat' dir='ltr'><strong>PSALMOS.</strong></span> 
     </span>
    </p>
   </div>
   <div class='ocr_carea' id='block_1_3' title="bbox 425 523 1993 608">
    <p class='ocr_par' dir='ltr' id='par_1_3' title="bbox 425 523 1993 608">
     <span class='ocr_line' id='line_1_3' title="bbox 425 523 1993 608; baseline 0 -20"><span class='ocrx_word' id='word_1_5' title='bbox 425 535 766 588; x_wconf 69' lang='grc' dir='ltr'>διωκόντων</span> <span class='ocrx_word' id='word_1_6' title='bbox 789 552 887 604; x_wconf 81' lang='grc' dir='ltr'>με.</span> <span class='ocrx_word' id='word_1_7' title='bbox 927 531 1083 588; x_wconf 76' lang='grc' dir='ltr'>Ἐπεὶ</span> <span class='ocrx_word' id='word_1_8' title='bbox 1109 523 1204 588; x_wconf 62' lang='grc' dir='ltr'><strong>καὶ</strong></span> <span class='ocrx_word' id='word_1_9' title='bbox 1223 536 1282 588; x_wconf 85' lang='grc' dir='ltr'><strong>ἐν</strong></span> <span class='ocrx_word' id='word_1_10' title='bbox 1312 533 1390 606; x_wconf 75' lang='grc' dir='ltr'>τῷ</span> <span class='ocrx_word' id='word_1_11' title='bbox 1421 535 1680 608; x_wconf 78' lang='grc' dir='ltr'>Ἰεζεκιὴλ</span> <span class='ocrx_word' id='word_1_12' title='bbox 1697 537 1866 589; x_wconf 80' lang='grc' dir='ltr'>πολλὰ</span> <span class='ocrx_word' id='word_1_13' title='bbox 1895 553 1993 606; x_wconf 70' lang='grc' dir='ltr'><strong>περ</strong></span> 
     </span>
    </p>
   </div>
   <div class='ocr_carea' id='block_1_4' title="bbox 2100 523 3706 608">
    <p class='ocr_par' dir='ltr' id='par_1_4' title="bbox 2133 532 3706 603">
     <span class='ocr_line' id='line_1_4' title="bbox 2133 532 3706 603; baseline -0.003 -11"><span class='ocrx_word' id='word_1_14' title='bbox 2133 538 2188 592; x_wconf 92' lang='lat' dir='ltr'><strong>in</strong></span> <span class='ocrx_word' id='word_1_15' title='bbox 2237 535 2521 598; x_wconf 71' lang='lat' dir='ltr'><strong>Ezechiele</strong></span> <span class='ocrx_word' id='word_1_16' title='bbox 2573 533 2740 588; x_wconf 83' lang='lat' dir='ltr'><strong>multa</strong></span> <span class='ocrx_word' id='word_1_17' title='bbox 2787 532 2852 590; x_wconf 80' lang='lat' dir='ltr'><strong>de</strong></span> <span class='ocrx_word' id='word_1_18' title='bbox 2881 533 3090 590; x_wconf 78' lang='lat' dir='ltr'><strong>framea</strong></span> <span class='ocrx_word' id='word_1_19' title='bbox 3125 533 3274 590; x_wconf 83' lang='lat' dir='ltr'><strong>dicta</strong></span> <span class='ocrx_word' id='word_1_20' title='bbox 3323 542 3494 602; x_wconf 84' lang='lat' dir='ltr'><strong>sunt;</strong></span> <span class='ocrx_word' id='word_1_21' title='bbox 3547 551 3706 603; x_wconf 79' lang='lat' dir='ltr'><strong>nam,</strong></span> 
     </span>
    </p>
   </div>
   <div class='ocr_carea' id='block_1_5' title="bbox 423 623 2012 697">
    <p class='ocr_par' dir='ltr' id='par_1_5' title="bbox 423 623 2012 697">
     <span class='ocr_line' id='line_1_5' title="bbox 423 623 2012 697; baseline 0.001 -20"><span class='ocrx_word' id='word_1_22' title='bbox 423 623 699 695; x_wconf 75' lang='grc' dir='ltr'><strong>ῥομφαίας</strong></span> <span class='ocrx_word' id='word_1_23' title='bbox 723 623 938 694; x_wconf 74' lang='grc' dir='ltr'>εἴρηται</span> <span class='ocrx_word' id='word_1_24' title='bbox 957 640 972 653; x_wconf 75' lang='grc' dir='ltr'><strong>ο</strong></span> <span class='ocrx_word' id='word_1_25' title='bbox 1023 625 1312 693; x_wconf 68' lang='grc' dir='ltr'>Ῥομςςαία</span> <span class='ocrx_word' id='word_1_26' title='bbox 1333 625 1443 695; x_wconf 82' lang='grc' dir='ltr'>γὰρ</span> <span class='ocrx_word' id='word_1_27' title='bbox 1463 665 1477 690; x_wconf 91' lang='grc'><strong>,</strong></span> <span class='ocrx_word' id='word_1_28' title='bbox 1507 627 1642 697; x_wconf 77' lang='grc' dir='ltr'>φησὶ</span> <span class='ocrx_word' id='word_1_29' title='bbox 1665 666 1680 690; x_wconf 90' lang='grc'><strong>,</strong></span> <span class='ocrx_word' id='word_1_30' title='bbox 1724 627 2012 696; x_wconf 64' lang='grc' dir='ltr'>ῥομφαία,</span> 
     </span>
    </p>
   </div>
   <div class='ocr_carea' id='block_1_6' title="bbox 419 712 2008 786">
    <p class='ocr_par' dir='ltr' id='par_1_6' title="bbox 419 712 2008 786">
     <span class='ocr_line' id='line_1_6' title="bbox 419 712 2008 786; baseline 0.001 -17"><span class='ocrx_word' id='word_1_31' title='bbox 419 715 760 785; x_wconf 78' lang='grc' dir='ltr'>ἑξεγέρθητι</span> <span class='ocrx_word' id='word_1_32' title='bbox 775 756 791 780; x_wconf 90' lang='grc'><strong>,</strong></span> <span class='ocrx_word' id='word_1_33' title='bbox 809 716 908 768; x_wconf 79' lang='grc' dir='ltr'>καὶ</span> <span class='ocrx_word' id='word_1_34' title='bbox 925 715 1080 785; x_wconf 62' lang='grc' dir='ltr'>φάγε</span> <span class='ocrx_word' id='word_1_35' title='bbox 1092 712 1236 786; x_wconf 48' lang='lat' dir='ltr'><strong>artua</strong></span> <span class='ocrx_word' id='word_1_36' title='bbox 1262 716 1638 785; x_wconf 81' lang='grc' dir='ltr'><strong>τραυματιῶν</strong></span> <span class='ocrx_word' id='word_1_37' title='bbox 1657 735 1670 748; x_wconf 90' lang='grc'><strong>·</strong></span> <span class='ocrx_word' id='word_1_38' title='bbox 1699 717 1792 770; x_wconf 71' lang='grc' dir='ltr'><strong>καὶ</strong></span> <span class='ocrx_word' id='word_1_39' title='bbox 1817 719 1977 772; x_wconf 69' lang='grc' dir='ltr'>πάλιν</span> <span class='ocrx_word' id='word_1_40' title='bbox 1995 735 2008 748; x_wconf 90' lang='grc'><strong>·</strong></span> 
     </span>
    </p>
   </div>
   <div class='ocr_carea' id='block_1_7' title="bbox 421 805 2010 877">
    <p class='ocr_par' dir='ltr' id='par_1_7' title="bbox 421 805 2010 877">
     <span class='ocr_line' id='line_1_7' title="bbox 421 805 2010 877; baseline -0.001 -15"><span class='ocrx_word' id='word_1_41' title='bbox 421 806 511 876; x_wconf 81' lang='grc' dir='ltr'><strong>Γῆ</strong></span> <span class='ocrx_word' id='word_1_42' title='bbox 547 808 658 862; x_wconf 77' lang='grc' dir='ltr'><strong>ἐὰν</strong></span> <span class='ocrx_word' id='word_1_43' title='bbox 687 805 922 876; x_wconf 64' lang='grc' dir='ltr'>ἁμάρτῃ</span> <span class='ocrx_word' id='word_1_44' title='bbox 949 826 1074 877; x_wconf 81' lang='grc' dir='ltr'>μοι,</span> <span class='ocrx_word' id='word_1_45' title='bbox 1113 809 1210 862; x_wconf 79' lang='grc' dir='ltr'>καὶ</span> <span class='ocrx_word' id='word_1_46' title='bbox 1241 807 1561 862; x_wconf 73' lang='grc' dir='ltr'><strong>ἀποστελῶ</strong></span> <span class='ocrx_word' id='word_1_47' title='bbox 1581 811 1888 877; x_wconf 60' lang='grc' dir='ltr'>ῥομφαίαν</span> <span class='ocrx_word' id='word_1_48' title='bbox 1916 809 2010 862; x_wconf 77' lang='grc' dir='ltr'><strong>ἐπ’</strong></span> 
     </span>
    </p>
   </div>
   <div class='ocr_carea' id='block_1_8' title="bbox 417 900 2012 972">
    <p class='ocr_par' dir='ltr' id='par_1_8' title="bbox 417 900 2012 972">
     <span class='ocr_line' id='line_1_8' title="bbox 417 900 2012 972; baseline 0.003 -20"><span class='ocrx_word' id='word_1_49' title='bbox 417 900 640 968; x_wconf 73' lang='grc' dir='ltr'><strong>αὐτήν·</strong></span> <span class='ocrx_word' id='word_1_50' title='bbox 665 901 842 953; x_wconf 80' lang='grc' dir='ltr'>πάντα</span> <span class='ocrx_word' id='word_1_51' title='bbox 863 900 922 952; x_wconf 84' lang='grc' dir='ltr'><strong>δὲ</strong></span> <span class='ocrx_word' id='word_1_52' title='bbox 943 901 1116 955; x_wconf 76' lang='grc' dir='ltr'>ταῦτα</span> <span class='ocrx_word' id='word_1_53' title='bbox 1131 901 1272 954; x_wconf 79' lang='grc' dir='ltr'>κατὰ</span> <span class='ocrx_word' id='word_1_54' title='bbox 1288 903 1387 972; x_wconf 74' lang='grc' dir='ltr'><strong>τῆς</strong></span> <span class='ocrx_word' id='word_1_55' title='bbox 1408 905 1466 956; x_wconf 87' lang='grc' dir='ltr'><strong>ἐν</strong></span> <span class='ocrx_word' id='word_1_56' title='bbox 1489 901 1794 972; x_wconf 75' lang='grc' dir='ltr'>ἀνθρώποις</span> <span class='ocrx_word' id='word_1_57' title='bbox 1813 903 2012 967; x_wconf 80' lang='grc' dir='ltr'><strong>κακίας</strong></span> 
     </span>
    </p>
   </div>
   <div class='ocr_carea' id='block_1_9' title="bbox 417 993 2012 1067">
    <p class='ocr_par' dir='ltr' id='par_1_9' title="bbox 417 993 2012 1067">
     <span class='ocr_line' id='line_1_9' title="bbox 417 993 2012 1067; baseline 0.001 -21"><span class='ocrx_word' id='word_1_58' title='bbox 417 993 714 1065; x_wconf 73' lang='grc' dir='ltr'><strong>ἐπαφίησιν</strong></span> <span class='ocrx_word' id='word_1_59' title='bbox 731 1033 748 1058; x_wconf 88' lang='grc'><strong>,</strong></span> <span class='ocrx_word' id='word_1_60' title='bbox 773 993 851 1058; x_wconf 85' lang='grc' dir='ltr'>ὡς</span> <span class='ocrx_word' id='word_1_61' title='bbox 871 994 1076 1064; x_wconf 79' lang='grc' dir='ltr'>ἀγαθὸς</span> <span class='ocrx_word' id='word_1_62' title='bbox 1095 1035 1110 1060; x_wconf 88' lang='grc'><strong>,</strong></span> <span class='ocrx_word' id='word_1_63' title='bbox 1143 995 1281 1066; x_wconf 79' lang='grc' dir='ltr'>πρὸς</span> <span class='ocrx_word' id='word_1_64' title='bbox 1299 995 1568 1064; x_wconf 69' lang='grc' dir='ltr'>ὠφέλειαν</span> <span class='ocrx_word' id='word_1_65' title='bbox 1597 994 1704 1047; x_wconf 84' lang='grc' dir='ltr'><strong>τῶν</strong></span> <span class='ocrx_word' id='word_1_66' title='bbox 1727 995 1818 1048; x_wconf 81' lang='grc' dir='ltr'>ὑπ’</span> <span class='ocrx_word' id='word_1_67' title='bbox 1840 995 2012 1067; x_wconf 72' lang='grc' dir='ltr'>αὐτῆς</span> 
     </span>
    </p>
   </div>
   <div class='ocr_carea' id='block_1_10' title="bbox 415 1084 2008 1159">
    <p class='ocr_par' dir='ltr' id='par_1_10' title="bbox 415 1084 2008 1159">
     <span class='ocr_line' id='line_1_10' title="bbox 415 1084 2008 1159; baseline 0.002 -22"><span class='ocrx_word' id='word_1_68' title='bbox 415 1085 844 1156; x_wconf 77' lang='grc' dir='ltr'><strong>κεκρατημένων</strong></span> <span class='ocrx_word' id='word_1_69' title='bbox 863 1102 877 1116; x_wconf 88' lang='grc'>·</span> <span class='ocrx_word' id='word_1_70' title='bbox 909 1086 1032 1138; x_wconf 78' lang='grc' dir='ltr'>ἐπεὶ</span> <span class='ocrx_word' id='word_1_71' title='bbox 1063 1087 1156 1140; x_wconf 73' lang='grc' dir='ltr'><strong>καὶ</strong></span> <span class='ocrx_word' id='word_1_72' title='bbox 1185 1087 1440 1158; x_wconf 85' lang='grc' dir='ltr'>πολέμων</span> <span class='ocrx_word' id='word_1_73' title='bbox 1475 1084 1636 1150; x_wconf 80' lang='grc' dir='ltr'>σώζει</span> <span class='ocrx_word' id='word_1_74' title='bbox 1687 1087 1788 1157; x_wconf 78' lang='lat' dir='ltr'><strong>(l),</strong></span> <span class='ocrx_word' id='word_1_75' title='bbox 1819 1087 2008 1159; x_wconf 82' lang='grc' dir='ltr'>ὥσπερ</span> 
     </span>
    </p>
   </div>
   <div class='ocr_carea' id='block_1_11' title="bbox 417 1176 2008 1251">
    <p class='ocr_par' dir='ltr' id='par_1_11' title="bbox 417 1176 2008 1251">
     <span class='ocr_line' id='line_1_11' title="bbox 417 1176 2008 1251; baseline 0.001 -19"><span class='ocrx_word' id='word_1_76' title='bbox 417 1176 600 1250; x_wconf 70' lang='grc' dir='ltr'>ἰατρὸς</span> <span class='ocrx_word' id='word_1_77' title='bbox 619 1218 634 1240; x_wconf 89' lang='grc'><strong>,</strong></span> <span class='ocrx_word' id='word_1_78' title='bbox 663 1178 880 1248; x_wconf 79' lang='grc' dir='ltr'><strong>τέμνων</strong></span> <span class='ocrx_word' id='word_1_79' title='bbox 917 1181 1010 1234; x_wconf 80' lang='grc' dir='ltr'><strong>καὶ</strong></span> <span class='ocrx_word' id='word_1_80' title='bbox 1044 1181 1214 1234; x_wconf 88' lang='grc' dir='ltr'>καίων</span> <span class='ocrx_word' id='word_1_81' title='bbox 1247 1180 1316 1234; x_wconf 78' lang='grc' dir='ltr'>τὰ</span> <span class='ocrx_word' id='word_1_82' title='bbox 1333 1179 1634 1233; x_wconf 75' lang='grc' dir='ltr'>πεπονθότα</span> <span class='ocrx_word' id='word_1_83' title='bbox 1649 1181 1739 1232; x_wconf 72' lang='grc' dir='ltr'>τοῦ</span> <span class='ocrx_word' id='word_1_84' title='bbox 1757 1179 2008 1251; x_wconf 86' lang='grc' dir='ltr'>σώματος</span> 
     </span>
    </p>
   </div>
   <div class='ocr_carea' id='block_1_12' title="bbox 413 1269 2002 1344">
    <p class='ocr_par' dir='ltr' id='par_1_12' title="bbox 413 1269 2002 1344">
     <span class='ocr_line' id='line_1_12' title="bbox 413 1269 2002 1344; baseline 0.003 -23"><span class='ocrx_word' id='word_1_85' title='bbox 413 1269 553 1340; x_wconf 81' lang='grc' dir='ltr'>πρὸς</span> <span class='ocrx_word' id='word_1_86' title='bbox 569 1269 864 1342; x_wconf 82' lang='grc' dir='ltr'>θεραπείαν</span> <span class='ocrx_word' id='word_1_87' title='bbox 894 1271 1122 1336; x_wconf 76' lang='grc' dir='ltr'>παντός⁴</span> <span class='ocrx_word' id='word_1_88' title='bbox 1150 1272 1358 1336; x_wconf 83' lang='grc' dir='ltr'><strong>τούτοις</strong></span> <span class='ocrx_word' id='word_1_89' title='bbox 1375 1273 1626 1342; x_wconf 65' lang='grc' dir='ltr'>ἐπιφέρει</span> <span class='ocrx_word' id='word_1_90' title='bbox 1651 1271 1824 1340; x_wconf 84' lang='grc' dir='ltr'>λέγων</span> <span class='ocrx_word' id='word_1_91' title='bbox 1849 1275 1973 1344; x_wconf 79' lang='grc' dir='ltr'>ἐξῆς</span> <span class='ocrx_word' id='word_1_92' title='bbox 1989 1291 2002 1303; x_wconf 92' lang='grc'><strong>·</strong></span> 
     </span>
    </p>
   </div>
   <div class='ocr_carea' id='block_1_13' title="bbox 413 1357 2008 1435">
    <p class='ocr_par' dir='ltr' id='par_1_13' title="bbox 413 1357 2008 1435">
     <span class='ocr_line' id='line_1_13' title="bbox 413 1357 2008 1435; baseline 0.004 -22"><span class='ocrx_word' id='word_1_93' title='bbox 413 1357 604 1414; x_wconf 73' lang='grc' dir='ltr'>Εἶπον</span> <span class='ocrx_word' id='word_1_94' title='bbox 639 1361 714 1430; x_wconf 77' lang='grc' dir='ltr'>τῇ</span> <span class='ocrx_word' id='word_1_95' title='bbox 741 1363 914 1431; x_wconf 67' lang='grc' dir='ltr'><strong>ψυχῇ</strong></span> <span class='ocrx_word' id='word_1_96' title='bbox 940 1381 1091 1432; x_wconf 81' lang='grc' dir='ltr'>μου·</span> <span class='ocrx_word' id='word_1_97' title='bbox 1135 1365 1402 1430; x_wconf 80' lang='grc' dir='ltr'>Σωτηρία</span> <span class='ocrx_word' id='word_1_98' title='bbox 1431 1381 1547 1418; x_wconf 73' lang='grc' dir='ltr'><strong>σου</strong></span> <span class='ocrx_word' id='word_1_99' title='bbox 1577 1365 1691 1432; x_wconf 72' lang='grc' dir='ltr'>ἐγώ</span> <span class='ocrx_word' id='word_1_100' title='bbox 1719 1368 1866 1435; x_wconf 77' lang='grc' dir='ltr'>εἰμι·</span> <span class='ocrx_word' id='word_1_101' title='bbox 1919 1385 2008 1420; x_wconf 84' lang='grc' dir='ltr'>πι-</span> 
     </span>
    </p>
   </div>
   <div class='ocr_carea' id='block_1_14' title="bbox 412 1455 2005 1530">
    <p class='ocr_par' dir='ltr' id='par_1_14' title="bbox 412 1455 2005 1530">
     <span class='ocr_line' id='line_1_14' title="bbox 412 1455 2005 1530; baseline 0.006 -25"><span class='ocrx_word' id='word_1_102' title='bbox 412 1455 620 1508; x_wconf 85' lang='grc' dir='ltr'>στεύων</span> <span class='ocrx_word' id='word_1_103' title='bbox 653 1457 746 1508; x_wconf 79' lang='grc' dir='ltr'><strong>καὶ</strong></span> <span class='ocrx_word' id='word_1_104' title='bbox 773 1456 1020 1527; x_wconf 75' lang='grc' dir='ltr'>ἀκριϐῶς</span> <span class='ocrx_word' id='word_1_105' title='bbox 1049 1455 1414 1526; x_wconf 74' lang='grc' dir='ltr'>πεπεισμένος</span> <span class='ocrx_word' id='word_1_106' title='bbox 1441 1496 1455 1520; x_wconf 90' lang='grc'><strong>,</strong></span> <span class='ocrx_word' id='word_1_107' title='bbox 1491 1458 1574 1510; x_wconf 82' lang='grc' dir='ltr'>ὅτι</span> <span class='ocrx_word' id='word_1_108' title='bbox 1622 1457 1683 1510; x_wconf 86' lang='grc' dir='ltr'>τὺ</span> <span class='ocrx_word' id='word_1_109' title='bbox 1716 1457 2005 1530; x_wconf 84' lang='grc' dir='ltr'>λεγόμενον</span> 
     </span>
    </p>
   </div>
   <div class='ocr_carea' id='block_1_15' title="bbox 410 1545 2006 1623">
    <p class='ocr_par' dir='ltr' id='par_1_15' title="bbox 410 1545 2006 1623">
     <span class='ocr_line' id='line_1_15' title="bbox 410 1545 2006 1623; baseline 0.004 -24"><span class='ocrx_word' id='word_1_110' title='bbox 410 1547 516 1600; x_wconf 77' lang='grc' dir='ltr'>ὑπὸ</span> <span class='ocrx_word' id='word_1_111' title='bbox 543 1547 634 1600; x_wconf 76' lang='grc' dir='ltr'>τοῦ</span> <span class='ocrx_word' id='word_1_112' title='bbox 661 1548 796 1600; x_wconf 77' lang='grc' dir='ltr'>Θεοῦ</span> <span class='ocrx_word' id='word_1_113' title='bbox 825 1550 926 1602; x_wconf 82' lang='grc' dir='ltr'><strong>οὐκ</strong></span> <span class='ocrx_word' id='word_1_114' title='bbox 951 1549 1136 1620; x_wconf 80' lang='grc' dir='ltr'>ἀργῶς</span> <span class='ocrx_word' id='word_1_115' title='bbox 1165 1545 1412 1620; x_wconf 72' lang='grc' dir='ltr'>πρόεισιν</span> <span class='ocrx_word' id='word_1_116' title='bbox 1432 1591 1446 1613; x_wconf 94' lang='grc'><strong>,</strong></span> <span class='ocrx_word' id='word_1_117' title='bbox 1483 1550 1596 1604; x_wconf 79' lang='grc' dir='ltr'>ἀλλ’</span> <span class='ocrx_word' id='word_1_118' title='bbox 1621 1553 1700 1614; x_wconf 86' lang='grc' dir='ltr'><strong>είς</strong></span> <span class='ocrx_word' id='word_1_119' title='bbox 1726 1553 1888 1623; x_wconf 79' lang='grc' dir='ltr'>ἔργον</span> <span class='ocrx_word' id='word_1_120' title='bbox 1915 1555 2006 1606; x_wconf 88' lang='grc' dir='ltr'>ἐκ-</span> 
     </span>
    </p>
   </div>
   <div class='ocr_carea' id='block_1_16' title="bbox 408 1635 2004 1714">
    <p class='ocr_par' dir='ltr' id='par_1_16' title="bbox 408 1635 2004 1714">
     <span class='ocr_line' id='line_1_16' title="bbox 408 1635 2004 1714; baseline 0.006 -26"><span class='ocrx_word' id='word_1_121' title='bbox 408 1635 584 1690; x_wconf 76' lang='grc' dir='ltr'>ϐαίνει</span> <span class='ocrx_word' id='word_1_122' title='bbox 613 1639 832 1703; x_wconf 81' lang='grc' dir='ltr'>πάντως</span> <span class='ocrx_word' id='word_1_123' title='bbox 851 1641 912 1693; x_wconf 86' lang='grc' dir='ltr'>τὸ</span> <span class='ocrx_word' id='word_1_124' title='bbox 933 1641 1246 1711; x_wconf 79' lang='grc' dir='ltr'>λεγόμενον.</span> <span class='ocrx_word' id='word_1_125' title='bbox 1279 1641 1388 1694; x_wconf 76' lang='grc' dir='ltr'>Καὶ</span> <span class='ocrx_word' id='word_1_126' title='bbox 1413 1644 1470 1694; x_wconf 89' lang='grc' dir='ltr'><strong>ἐν</strong></span> <span class='ocrx_word' id='word_1_127' title='bbox 1498 1642 1674 1712; x_wconf 84' lang='grc' dir='ltr'>τούτῳ</span> <span class='ocrx_word' id='word_1_128' title='bbox 1693 1643 1750 1696; x_wconf 84' lang='grc' dir='ltr'><strong>δὲ</strong></span> <span class='ocrx_word' id='word_1_129' title='bbox 1779 1643 1874 1714; x_wconf 83' lang='grc' dir='ltr'><strong>τὴν</strong></span> <span class='ocrx_word' id='word_1_130' title='bbox 1906 1645 2004 1714; x_wconf 80' lang='grc' dir='ltr'><strong>μὲν</strong></span> 
     </span>
    </p>
   </div>
   <div class='ocr_carea' id='block_1_17' title="bbox 406 1727 2004 1806">
    <p class='ocr_par' dir='ltr' id='par_1_17' title="bbox 406 1727 2004 1806">
     <span class='ocr_line' id='line_1_17' title="bbox 406 1727 2004 1806; baseline 0.006 -26"><span class='ocrx_word' id='word_1_131' title='bbox 406 1727 606 1782; x_wconf 79' lang='grc' dir='ltr'>ἐαυτοῦ</span> <span class='ocrx_word' id='word_1_132' title='bbox 639 1733 858 1802; x_wconf 70' lang='grc' dir='ltr'>ἠρνεῖτο</span> <span class='ocrx_word' id='word_1_133' title='bbox 893 1733 1165 1803; x_wconf 78' lang='grc' dir='ltr'>σωτηρίαν</span> <span class='ocrx_word' id='word_1_134' title='bbox 1185 1771 1199 1794; x_wconf 91' lang='grc'><strong>,</strong></span> <span class='ocrx_word' id='word_1_135' title='bbox 1225 1733 1318 1785; x_wconf 76' lang='grc' dir='ltr'><strong>καὶ</strong></span> <span class='ocrx_word' id='word_1_136' title='bbox 1349 1733 1448 1804; x_wconf 82' lang='grc' dir='ltr'>τὴν</span> <span class='ocrx_word' id='word_1_137' title='bbox 1482 1733 1676 1786; x_wconf 77' lang='grc' dir='ltr'>ἐαυτοῦ</span> <span class='ocrx_word' id='word_1_138' title='bbox 1711 1739 2004 1806; x_wconf 77' lang='grc' dir='ltr'>παρῃτεῖτο</span> 
     </span>
    </p>
   </div>
   <div class='ocr_carea' id='block_1_18' title="bbox 405 1819 1998 1900">
    <p class='ocr_par' dir='ltr' id='par_1_18' title="bbox 405 1819 1998 1900">
     <span class='ocr_line' id='line_1_18' title="bbox 405 1819 1998 1900; baseline 0.006 -28"><span class='ocrx_word' id='word_1_139' title='bbox 405 1819 586 1892; x_wconf 82' lang='grc' dir='ltr'>ζωὴν,</span> <span class='ocrx_word' id='word_1_140' title='bbox 623 1823 722 1894; x_wconf 77' lang='grc' dir='ltr'>τὴν</span> <span class='ocrx_word' id='word_1_141' title='bbox 759 1825 816 1878; x_wconf 78' lang='grc' dir='ltr'><strong>δὲ</strong></span> <span class='ocrx_word' id='word_1_142' title='bbox 847 1825 943 1879; x_wconf 75' lang='grc' dir='ltr'>τοῦ</span> <span class='ocrx_word' id='word_1_143' title='bbox 975 1827 1180 1895; x_wconf 81' lang='grc' dir='ltr'>Κυρίου</span> <span class='ocrx_word' id='word_1_144' title='bbox 1215 1827 1489 1897; x_wconf 77' lang='grc' dir='ltr'>σωτηρίαν</span> <span class='ocrx_word' id='word_1_145' title='bbox 1521 1829 1587 1897; x_wconf 81' lang='grc' dir='ltr'>τῇ</span> <span class='ocrx_word' id='word_1_146' title='bbox 1621 1827 1816 1880; x_wconf 80' lang='grc' dir='ltr'>ἐαυτοῦ</span> <span class='ocrx_word' id='word_1_147' title='bbox 1855 1829 1998 1900; x_wconf 69' lang='grc' dir='ltr'>ψυχῇ</span> 
     </span>
    </p>
   </div>
   <div class='ocr_carea' id='block_1_19' title="bbox 2125 627 3704 697">
    <p class='ocr_par' dir='ltr' id='par_1_19' title="bbox 2125 627 3704 697">
     <span class='ocr_line' id='line_1_19' title="bbox 2125 627 3704 697; baseline -0.001 -13"><span class='ocrx_word' id='word_1_148' title='bbox 2125 628 2384 693; x_wconf 81' lang='lat' dir='ltr'><strong>Framea,</strong></span> <span class='ocrx_word' id='word_1_149' title='bbox 2417 627 2614 697; x_wconf 83' lang='lat' dir='ltr'><strong>inquit,</strong></span> <span class='ocrx_word' id='word_1_150' title='bbox 2651 627 2858 697; x_wconf 81' lang='lat' dir='ltr'><strong>framea</strong></span> <span class='ocrx_word' id='word_1_151' title='bbox 2908 627 3194 690; x_wconf 77' lang='lat' dir='ltr'><strong>suscitare,</strong></span> <span class='ocrx_word' id='word_1_152' title='bbox 3241 635 3292 681; x_wconf 83' lang='lat' dir='ltr'><strong>et</strong></span> <span class='ocrx_word' id='word_1_153' title='bbox 3325 627 3537 682; x_wconf 77' lang='lat' dir='ltr'><strong>comede</strong></span> <span class='ocrx_word' id='word_1_154' title='bbox 3573 643 3704 682; x_wconf 70' lang='lat' dir='ltr'><strong>san-</strong></span> 
     </span>
    </p>
   </div>
   <div class='ocr_carea' id='block_1_20' title="bbox 2121 718 3704 792">
    <p class='ocr_par' dir='ltr' id='par_1_20' title="bbox 2121 718 3704 792">
     <span class='ocr_line' id='line_1_20' title="bbox 2121 718 3704 792; baseline -0.001 -16"><span class='ocrx_word' id='word_1_155' title='bbox 2121 723 2330 792; x_wconf 86' lang='lat' dir='ltr'><strong>guinem</strong></span> <span class='ocrx_word' id='word_1_156' title='bbox 2377 719 2772 774; x_wconf 75' lang='lat' dir='ltr'><strong>vulneratorum</strong></span> <span class='ocrx_word' id='word_1_157' title='bbox 2805 719 2880 784; x_wconf 82' lang='grc'><strong>¹⁶;</strong></span> <span class='ocrx_word' id='word_1_158' title='bbox 2935 733 3001 772; x_wconf 88' lang='lat' dir='ltr'><strong>ac</strong></span> <span class='ocrx_word' id='word_1_159' title='bbox 3049 733 3306 774; x_wconf 86' lang='lat' dir='ltr'><strong>rursum:</strong></span> <span class='ocrx_word' id='word_1_160' title='bbox 3367 718 3532 774; x_wconf 84' lang='lat' dir='ltr'><strong><em>Terra</em></strong></span> <span class='ocrx_word' id='word_1_161' title='bbox 3581 731 3704 774; x_wconf 74' lang='lat' dir='ltr'><strong>cum</strong></span> 
     </span>
    </p>
   </div>
   <div class='ocr_carea' id='block_1_21' title="bbox 2119 812 3702 884">
    <p class='ocr_par' dir='ltr' id='par_1_21' title="bbox 2119 812 3702 884">
     <span class='ocr_line' id='line_1_21' title="bbox 2119 812 3702 884; baseline -0.003 -16"><span class='ocrx_word' id='word_1_162' title='bbox 2119 815 2410 884; x_wconf 87' lang='lat' dir='ltr'><strong>peccaverit</strong></span> <span class='ocrx_word' id='word_1_163' title='bbox 2441 814 2592 876; x_wconf 86' lang='lat' dir='ltr'><strong>mihi,</strong></span> <span class='ocrx_word' id='word_1_164' title='bbox 2621 813 2783 866; x_wconf 88' lang='lat' dir='ltr'><strong>etiam</strong></span> <span class='ocrx_word' id='word_1_165' title='bbox 2813 812 3102 866; x_wconf 87' lang='lat' dir='ltr'><strong>immittam</strong></span> <span class='ocrx_word' id='word_1_166' title='bbox 3135 812 3394 882; x_wconf 80' lang='lat' dir='ltr'><strong>frameam</strong></span> <span class='ocrx_word' id='word_1_167' title='bbox 3423 821 3614 866; x_wconf 79' lang='lat' dir='ltr'><strong>contra</strong></span> <span class='ocrx_word' id='word_1_168' title='bbox 3629 812 3702 865; x_wconf 60' lang='lat' dir='ltr'><strong>ila</strong></span> 
     </span>
    </p>
   </div>
   <div class='ocr_carea' id='block_1_22' title="bbox 2119 905 3702 971">
    <p class='ocr_par' dir='ltr' id='par_1_22' title="bbox 2119 905 3702 971">
     <span class='ocr_line' id='line_1_22' title="bbox 2119 905 3702 971; baseline 0.001 -13"><span class='ocrx_word' id='word_1_169' title='bbox 2119 907 2230 960; x_wconf 84' lang='lat' dir='ltr'><strong>tam</strong></span> <span class='ocrx_word' id='word_1_170' title='bbox 2253 907 2328 971; x_wconf 70' lang='lat'><strong>‘7;</strong></span> <span class='ocrx_word' id='word_1_171' title='bbox 2363 907 2478 960; x_wconf 79' lang='lat' dir='ltr'><strong>haec</strong></span> <span class='ocrx_word' id='word_1_172' title='bbox 2511 913 2694 960; x_wconf 89' lang='lat' dir='ltr'><strong>autem</strong></span> <span class='ocrx_word' id='word_1_173' title='bbox 2727 905 2910 960; x_wconf 82' lang='lat' dir='ltr'><strong>omnia</strong></span> <span class='ocrx_word' id='word_1_174' title='bbox 2937 906 3204 962; x_wconf 86' lang='lat' dir='ltr'><strong>adversus</strong></span> <span class='ocrx_word' id='word_1_175' title='bbox 3233 905 3496 960; x_wconf 88' lang='lat' dir='ltr'><strong>malitiam</strong></span> <span class='ocrx_word' id='word_1_176' title='bbox 3523 905 3702 960; x_wconf 82' lang='lat' dir='ltr'><strong>homi-</strong></span> 
     </span>
    </p>
   </div>
   <div class='ocr_carea' id='block_1_23' title="bbox 2118 997 3702 1070">
    <p class='ocr_par' dir='ltr' id='par_1_23' title="bbox 2118 997 3702 1070">
     <span class='ocr_line' id='line_1_23' title="bbox 2118 997 3702 1070; baseline -0.001 -16"><span class='ocrx_word' id='word_1_177' title='bbox 2118 1015 2276 1064; x_wconf 92' lang='lat' dir='ltr'><strong>num,</strong></span> <span class='ocrx_word' id='word_1_178' title='bbox 2307 1007 2496 1070; x_wconf 79' lang='lat' dir='ltr'><strong>utpote</strong></span> <span class='ocrx_word' id='word_1_179' title='bbox 2525 1000 2726 1062; x_wconf 90' lang='lat' dir='ltr'><strong>bonus,</strong></span> <span class='ocrx_word' id='word_1_180' title='bbox 2761 999 2828 1054; x_wconf 87' lang='lat' dir='ltr'><strong>ad</strong></span> <span class='ocrx_word' id='word_1_181' title='bbox 2859 999 3152 1054; x_wconf 75' lang='lat' dir='ltr'><strong>utilitatem</strong></span> <span class='ocrx_word' id='word_1_182' title='bbox 3193 1013 3384 1054; x_wconf 88' lang='lat' dir='ltr'><strong>eorum</strong></span> <span class='ocrx_word' id='word_1_183' title='bbox 3417 999 3564 1070; x_wconf 91' lang='lat' dir='ltr'><strong>quia</strong></span> <span class='ocrx_word' id='word_1_184' title='bbox 3587 997 3702 1053; x_wconf 84' lang='lat' dir='ltr'><strong>fra-</strong></span> 
     </span>
    </p>
   </div>
   <div class='ocr_carea' id='block_1_24' title="bbox 2117 1087 3702 1159">
    <p class='ocr_par' dir='ltr' id='par_1_24' title="bbox 2117 1087 3702 1159">
     <span class='ocr_line' id='line_1_24' title="bbox 2117 1087 3702 1159; baseline 0.004 -21"><span class='ocrx_word' id='word_1_185' title='bbox 2117 1101 2238 1140; x_wconf 85' lang='lat' dir='ltr'><strong>mea</strong></span> <span class='ocrx_word' id='word_1_186' title='bbox 2273 1087 2364 1140; x_wconf 90' lang='lat' dir='ltr'><strong>illa</strong></span> <span class='ocrx_word' id='word_1_187' title='bbox 2389 1095 2752 1157; x_wconf 84' lang='lat' dir='ltr'><strong>occupantur,</strong></span> <span class='ocrx_word' id='word_1_188' title='bbox 2785 1087 2988 1142; x_wconf 80' lang='lat' dir='ltr'><strong>emittit</strong></span> <span class='ocrx_word' id='word_1_189' title='bbox 3023 1107 3036 1143; x_wconf 92' lang='lat'><strong>:</strong></span> <span class='ocrx_word' id='word_1_190' title='bbox 3073 1089 3332 1159; x_wconf 87' lang='lat' dir='ltr'><strong>quoniam</strong></span> <span class='ocrx_word' id='word_1_191' title='bbox 3363 1089 3492 1144; x_wconf 85' lang='lat' dir='ltr'><strong>item</strong></span> <span class='ocrx_word' id='word_1_192' title='bbox 3523 1103 3554 1142; x_wconf 91' lang='lat' dir='ltr'><strong>a</strong></span> <span class='ocrx_word' id='word_1_193' title='bbox 3583 1088 3702 1146; x_wconf 87' lang='lat' dir='ltr'><strong>bel-</strong></span> 
     </span>
    </p>
   </div>
   <div class='ocr_carea' id='block_1_25' title="bbox 2115 1178 3700 1250">
    <p class='ocr_par' dir='ltr' id='par_1_25' title="bbox 2115 1178 3700 1250">
     <span class='ocr_line' id='line_1_25' title="bbox 2115 1178 3700 1250; baseline 0.001 -18"><span class='ocrx_word' id='word_1_194' title='bbox 2115 1178 2186 1232; x_wconf 89' lang='lat' dir='ltr'><strong>lis</strong></span> <span class='ocrx_word' id='word_1_195' title='bbox 2215 1187 2396 1232; x_wconf 85' lang='lat' dir='ltr'><strong>servat</strong></span> <span class='ocrx_word' id='word_1_196' title='bbox 2427 1187 2481 1233; x_wconf 90' lang='lat' dir='ltr'><strong>et</strong></span> <span class='ocrx_word' id='word_1_197' title='bbox 2511 1187 2693 1234; x_wconf 83' lang='lat' dir='ltr'><strong>tuetur</strong></span> <span class='ocrx_word' id='word_1_198' title='bbox 2730 1178 2890 1248; x_wconf 89' lang='lat' dir='ltr'><strong>quasi</strong></span> <span class='ocrx_word' id='word_1_199' title='bbox 2945 1179 3214 1246; x_wconf 88' lang='lat' dir='ltr'><strong>medicus,</strong></span> <span class='ocrx_word' id='word_1_200' title='bbox 3241 1181 3490 1250; x_wconf 86' lang='lat' dir='ltr'><strong>corporis</strong></span> <span class='ocrx_word' id='word_1_201' title='bbox 3523 1195 3700 1236; x_wconf 38' lang='lat' dir='ltr'><strong>memi-</strong></span> 
     </span>
    </p>
   </div>
   <div class='ocr_carea' id='block_1_26' title="bbox 2115 1265 3700 1332">
    <p class='ocr_par' dir='ltr' id='par_1_26' title="bbox 2115 1265 3700 1332">
     <span class='ocr_line' id='line_1_26' title="bbox 2115 1265 3700 1332; baseline 0.005 -12"><span class='ocrx_word' id='word_1_202' title='bbox 2115 1265 2212 1320; x_wconf 89' lang='lat' dir='ltr'><strong>bra</strong></span> <span class='ocrx_word' id='word_1_203' title='bbox 2248 1268 2392 1322; x_wconf 89' lang='lat' dir='ltr'><strong>male</strong></span> <span class='ocrx_word' id='word_1_204' title='bbox 2421 1267 2636 1332; x_wconf 80' lang='lat' dir='ltr'><strong>aﬂ‘ecta,</strong></span> <span class='ocrx_word' id='word_1_205' title='bbox 2677 1268 2744 1322; x_wconf 88' lang='lat' dir='ltr'><strong>ad</strong></span> <span class='ocrx_word' id='word_1_206' title='bbox 2769 1270 2942 1324; x_wconf 84' lang='lat' dir='ltr'><strong>totius</strong></span> <span class='ocrx_word' id='word_1_207' title='bbox 2969 1269 3404 1324; x_wconf 87' lang='lat' dir='ltr'><strong>incolumitatem</strong></span> <span class='ocrx_word' id='word_1_208' title='bbox 3435 1283 3700 1328; x_wconf 70' lang='lat' dir='ltr'><strong>resecari!</strong></span> 
     </span>
    </p>
   </div>
   <div class='ocr_carea' id='block_1_27' title="bbox 2113 1359 3698 1430">
    <p class='ocr_par' dir='ltr' id='par_1_27' title="bbox 2113 1359 3698 1430">
     <span class='ocr_line' id='line_1_27' title="bbox 2113 1359 3698 1430; baseline 0.003 -18"><span class='ocrx_word' id='word_1_209' title='bbox 2113 1365 2168 1412; x_wconf 90' lang='lat' dir='ltr'><strong>et</strong></span> <span class='ocrx_word' id='word_1_210' title='bbox 2197 1359 2472 1427; x_wconf 86' lang='lat' dir='ltr'><strong>adurens;</strong></span> <span class='ocrx_word' id='word_1_211' title='bbox 2507 1360 2628 1415; x_wconf 88' lang='lat' dir='ltr'><strong>ideo</strong></span> <span class='ocrx_word' id='word_1_212' title='bbox 2659 1360 2714 1414; x_wconf 90' lang='lat' dir='ltr'><strong>in</strong></span> <span class='ocrx_word' id='word_1_213' title='bbox 2751 1361 3112 1430; x_wconf 85' lang='lat' dir='ltr'><strong>sequentibus</strong></span> <span class='ocrx_word' id='word_1_214' title='bbox 3143 1359 3310 1416; x_wconf 79' lang='lat' dir='ltr'><strong>infert</strong></span> <span class='ocrx_word' id='word_1_215' title='bbox 3336 1359 3469 1414; x_wconf 88' lang='lat' dir='ltr'><strong>:Dic</strong></span> <span class='ocrx_word' id='word_1_216' title='bbox 3501 1361 3698 1416; x_wconf 84' lang='lat' dir='ltr'><strong>anima:</strong></span> 
     </span>
    </p>
   </div>
   <div class='ocr_carea' id='block_1_28' title="bbox 2113 1450 3698 1526">
    <p class='ocr_par' dir='ltr' id='par_1_28' title="bbox 2113 1450 3698 1526">
     <span class='ocr_line' id='line_1_28' title="bbox 2113 1450 3698 1526; baseline 0.004 -23"><span class='ocrx_word' id='word_1_217' title='bbox 2113 1467 2244 1505; x_wconf 63' lang='lat' dir='ltr'><strong>mea:</strong></span> <span class='ocrx_word' id='word_1_218' title='bbox 2271 1467 2290 1505; x_wconf 90' lang='lat'><strong><em>:</em></strong></span> <span class='ocrx_word' id='word_1_219' title='bbox 2321 1450 2484 1507; x_wconf 86' lang='lat' dir='ltr'><strong>Salus</strong></span> <span class='ocrx_word' id='word_1_220' title='bbox 2526 1463 2618 1507; x_wconf 85' lang='lat' dir='ltr'><strong>tua</strong></span> <span class='ocrx_word' id='word_1_221' title='bbox 2659 1471 2750 1525; x_wconf 87' lang='lat' dir='ltr'><strong>ego</strong></span> <span class='ocrx_word' id='word_1_222' title='bbox 2791 1467 2930 1518; x_wconf 76' lang='lat' dir='ltr'><strong>sum,</strong></span> <span class='ocrx_word' id='word_1_223' title='bbox 2963 1455 3198 1510; x_wconf 88' lang='lat' dir='ltr'><strong>credens</strong></span> <span class='ocrx_word' id='word_1_224' title='bbox 3229 1455 3441 1512; x_wconf 83' lang='lat' dir='ltr'><strong>scilicet</strong></span> <span class='ocrx_word' id='word_1_225' title='bbox 3473 1471 3540 1510; x_wconf 88' lang='lat' dir='ltr'><strong>ac</strong></span> <span class='ocrx_word' id='word_1_226' title='bbox 3573 1470 3698 1526; x_wconf 86' lang='lat' dir='ltr'><strong>per-</strong></span> 
     </span>
    </p>
   </div>
   <div class='ocr_carea' id='block_1_29' title="bbox 2113 1545 3696 1626">
    <p class='ocr_par' dir='ltr' id='par_1_29' title="bbox 2113 1545 3696 1626">
     <span class='ocr_line' id='line_1_29' title="bbox 2113 1545 3696 1626; baseline 0.004 -28"><span class='ocrx_word' id='word_1_227' title='bbox 2113 1559 2338 1600; x_wconf 88' lang='lat' dir='ltr'><strong>suasum</strong></span> <span class='ocrx_word' id='word_1_228' title='bbox 2375 1545 2542 1626; x_wconf 33' lang='lat' dir='ltr'><strong>plane.</strong></span> <span class='ocrx_word' id='word_1_229' title='bbox 2567 1548 2796 1612; x_wconf 87' lang='lat' dir='ltr'><strong>habens,</strong></span> <span class='ocrx_word' id='word_1_230' title='bbox 2827 1547 3050 1602; x_wconf 65' lang='lat' dir='ltr'><strong>effatum</strong></span> <span class='ocrx_word' id='word_1_231' title='bbox 3089 1549 3220 1603; x_wconf 92' lang='lat' dir='ltr'><strong>illud</strong></span> <span class='ocrx_word' id='word_1_232' title='bbox 3271 1547 3366 1604; x_wconf 89' lang='lat' dir='ltr'><strong>Dei</strong></span> <span class='ocrx_word' id='word_1_233' title='bbox 3405 1563 3516 1604; x_wconf 88' lang='lat' dir='ltr'><strong>non</strong></span> <span class='ocrx_word' id='word_1_234' title='bbox 3577 1548 3696 1604; x_wconf 90' lang='lat' dir='ltr'><strong>fru-</strong></span> 
     </span>
    </p>
   </div>
   <div class='ocr_carea' id='block_1_30' title="bbox 2113 1637 3697 1714">
    <p class='ocr_par' dir='ltr' id='par_1_30' title="bbox 2113 1637 3697 1714">
     <span class='ocr_line' id='line_1_30' title="bbox 2113 1637 3697 1714; baseline 0.004 -23"><span class='ocrx_word' id='word_1_235' title='bbox 2113 1642 2228 1691; x_wconf 89' lang='lat' dir='ltr'><strong>stra</strong></span> <span class='ocrx_word' id='word_1_236' title='bbox 2255 1637 2524 1704; x_wconf 88' lang='lat' dir='ltr'><strong>prolatum</strong></span> <span class='ocrx_word' id='word_1_237' title='bbox 2561 1653 2704 1704; x_wconf 90' lang='lat' dir='ltr'><strong>esse,</strong></span> <span class='ocrx_word' id='word_1_238' title='bbox 2735 1639 2830 1694; x_wconf 86' lang='lat' dir='ltr'><strong>sed</strong></span> <span class='ocrx_word' id='word_1_239' title='bbox 2851 1655 3018 1710; x_wconf 89' lang='lat' dir='ltr'><strong>opere</strong></span> <span class='ocrx_word' id='word_1_240' title='bbox 3045 1655 3110 1696; x_wconf 89' lang='lat' dir='ltr'><strong>ac</strong></span> <span class='ocrx_word' id='word_1_241' title='bbox 3149 1657 3208 1696; x_wconf 90' lang='lat' dir='ltr'><strong>re</strong></span> <span class='ocrx_word' id='word_1_242' title='bbox 3247 1649 3400 1712; x_wconf 80' lang='lat' dir='ltr'><strong>gesta</strong></span> <span class='ocrx_word' id='word_1_243' title='bbox 3447 1658 3697 1714; x_wconf 85' lang='lat' dir='ltr'><strong>compro-</strong></span> 
     </span>
    </p>
   </div>
   <div class='ocr_carea' id='block_1_31' title="bbox 2109 1727 3696 1804">
    <p class='ocr_par' dir='ltr' id='par_1_31' title="bbox 2109 1727 3696 1804">
     <span class='ocr_line' id='line_1_31' title="bbox 2109 1727 3696 1804; baseline 0.005 -22"><span class='ocrx_word' id='word_1_244' title='bbox 2109 1727 2252 1782; x_wconf 86' lang='lat' dir='ltr'><strong>bari.</strong></span> <span class='ocrx_word' id='word_1_245' title='bbox 2285 1729 2463 1800; x_wconf 81' lang='lat' dir='ltr'><strong>Atque</strong></span> <span class='ocrx_word' id='word_1_246' title='bbox 2492 1745 2555 1784; x_wconf 89' lang='lat' dir='ltr'><strong>ea</strong></span> <span class='ocrx_word' id='word_1_247' title='bbox 2590 1733 2810 1802; x_wconf 86' lang='lat' dir='ltr'><strong>quidem</strong></span> <span class='ocrx_word' id='word_1_248' title='bbox 2853 1733 2908 1787; x_wconf 88' lang='lat' dir='ltr'><strong>in</strong></span> <span class='ocrx_word' id='word_1_249' title='bbox 2955 1749 3016 1788; x_wconf 89' lang='lat' dir='ltr'><strong>re</strong></span> <span class='ocrx_word' id='word_1_250' title='bbox 3066 1733 3299 1788; x_wconf 85' lang='lat' dir='ltr'><strong>salutem</strong></span> <span class='ocrx_word' id='word_1_251' title='bbox 3339 1750 3502 1804; x_wconf 80' lang='lat' dir='ltr'><strong>qtlam</strong></span> <span class='ocrx_word' id='word_1_252' title='bbox 3534 1751 3602 1790; x_wconf 81' lang='lat' dir='ltr'><strong>ex</strong></span> <span class='ocrx_word' id='word_1_253' title='bbox 3635 1751 3696 1792; x_wconf 85' lang='lat' dir='ltr'><strong>se</strong></span> 
     </span>
    </p>
   </div>
   <div class='ocr_carea' id='block_1_32' title="bbox 2111 1821 3692 1898">
    <p class='ocr_par' dir='ltr' id='par_1_32' title="bbox 2111 1821 3692 1898">
     <span class='ocr_line' id='line_1_32' title="bbox 2111 1821 3692 1898; baseline 0.006 -24"><span class='ocrx_word' id='word_1_254' title='bbox 2111 1821 2276 1876; x_wconf 87' lang='lat' dir='ltr'><strong>habet</strong></span> <span class='ocrx_word' id='word_1_255' title='bbox 2325 1823 2650 1893; x_wconf 81' lang='lat' dir='ltr'><strong>abnegabat,</strong></span> <span class='ocrx_word' id='word_1_256' title='bbox 2693 1827 2975 1896; x_wconf 88' lang='lat' dir='ltr'><strong>vitamque</strong></span> <span class='ocrx_word' id='word_1_257' title='bbox 3017 1829 3294 1898; x_wconf 84' lang='lat' dir='ltr'><strong>propriam</strong></span> <span class='ocrx_word' id='word_1_258' title='bbox 3342 1828 3692 1896; x_wconf 85' lang='lat' dir='ltr'><strong>repudiabat,</strong></span> 
     </span>
    </p>
   </div>
   <div class='ocr_carea' id='block_1_33' title="bbox 407 1913 1993 1990">
    <p class='ocr_par' dir='ltr' id='par_1_33' title="bbox 407 1913 1993 1990">
     <span class='ocr_line' id='line_1_33' title="bbox 407 1913 1993 1990; baseline 0.005 -26"><span class='ocrx_word' id='word_1_259' title='bbox 407 1913 734 1984; x_wconf 80' lang='grc' dir='ltr'>χαρισθῆναι</span> <span class='ocrx_word' id='word_1_260' title='bbox 765 1915 996 1988; x_wconf 76' lang='grc' dir='ltr'>ηὔχετο,</span> <span class='ocrx_word' id='word_1_261' title='bbox 1031 1921 1182 1982; x_wconf 84' lang='grc' dir='ltr'>ὅπως</span> <span class='ocrx_word' id='word_1_262' title='bbox 1215 1919 1306 1972; x_wconf 76' lang='grc' dir='ltr'><strong>καὶ</strong></span> <span class='ocrx_word' id='word_1_263' title='bbox 1337 1919 1499 1982; x_wconf 79' lang='grc' dir='ltr'>αὐτὸς</span> <span class='ocrx_word' id='word_1_264' title='bbox 1533 1919 1646 1990; x_wconf 74' lang='grc' dir='ltr'>ἔχοι</span> <span class='ocrx_word' id='word_1_265' title='bbox 1674 1919 1882 1988; x_wconf 81' lang='grc' dir='ltr'>λέγειν·</span> <span class='ocrx_word' id='word_1_266' title='bbox 1913 1917 1993 1972; x_wconf 78' lang='grc' dir='ltr'><strong>Ζιῐ</strong></span> 
     </span>
    </p>
   </div>
   <div class='ocr_carea' id='block_1_34' title="bbox 2100 1913 3690 1990">
    <p class='ocr_par' dir='ltr' id='par_1_34' title="bbox 2109 1913 3690 1990">
     <span class='ocr_line' id='line_1_34' title="bbox 2109 1913 3690 1990; baseline 0.004 -24"><span class='ocrx_word' id='word_1_267' title='bbox 2109 1927 2174 1968; x_wconf 87' lang='lat' dir='ltr'><strong>ac</strong></span> <span class='ocrx_word' id='word_1_268' title='bbox 2203 1913 2422 1968; x_wconf 88' lang='lat' dir='ltr'><strong>Domini</strong></span> <span class='ocrx_word' id='word_1_269' title='bbox 2451 1917 2684 1970; x_wconf 85' lang='lat' dir='ltr'><strong>salutem</strong></span> <span class='ocrx_word' id='word_1_270' title='bbox 2711 1919 2908 1972; x_wconf 69' lang='lat' dir='ltr'><strong>animae</strong></span> <span class='ocrx_word' id='word_1_271' title='bbox 2929 1919 3168 1975; x_wconf 85' lang='lat' dir='ltr'><strong>conferri</strong></span> <span class='ocrx_word' id='word_1_272' title='bbox 3191 1935 3306 1974; x_wconf 67' lang='lat' dir='ltr'><strong>sum</strong></span> <span class='ocrx_word' id='word_1_273' title='bbox 3327 1921 3690 1990; x_wconf 86' lang='lat' dir='ltr'><strong>precabatur;</strong></span> 
     </span>
    </p>
   </div>
   <div class='ocr_carea' id='block_1_35' title="bbox 406 2004 1999 2083">
    <p class='ocr_par' dir='ltr' id='par_1_35' title="bbox 406 2004 1999 2083">
     <span class='ocr_line' id='line_1_35' title="bbox 406 2004 1999 2083; baseline 0.004 -25"><span class='ocrx_word' id='word_1_274' title='bbox 406 2004 476 2059; x_wconf 85' lang='grc' dir='ltr'><strong>δὲ</strong></span> <span class='ocrx_word' id='word_1_275' title='bbox 502 2007 700 2062; x_wconf 80' lang='grc' dir='ltr'>οὐκέτι</span> <span class='ocrx_word' id='word_1_276' title='bbox 728 2009 876 2080; x_wconf 74' lang='grc' dir='ltr'>ἐγὼ,</span> <span class='ocrx_word' id='word_1_277' title='bbox 910 2010 979 2078; x_wconf 75' lang='grc' dir='ltr'><em>ζῇ</em></span> <span class='ocrx_word' id='word_1_278' title='bbox 1003 2010 1072 2063; x_wconf 81' lang='grc' dir='ltr'><strong>δὲ</strong></span> <span class='ocrx_word' id='word_1_279' title='bbox 1099 2012 1170 2064; x_wconf 81' lang='grc' dir='ltr'>ἐν</span> <span class='ocrx_word' id='word_1_280' title='bbox 1199 2009 1330 2079; x_wconf 78' lang='grc' dir='ltr'>ἐμοὶ</span> <span class='ocrx_word' id='word_1_281' title='bbox 1355 2013 1632 2077; x_wconf 79' lang='grc' dir='ltr'>Χριστός.</span> <span class='ocrx_word' id='word_1_282' title='bbox 1685 2011 1860 2074; x_wconf 77' lang='grc' dir='ltr'>Αὐτὸς</span> <span class='ocrx_word' id='word_1_283' title='bbox 1890 2011 1999 2083; x_wconf 85' lang='grc' dir='ltr'>γάρ</span> 
     </span>
    </p>
   </div>
   <div class='ocr_carea' id='block_1_36' title="bbox 407 2095 2000 2184">
    <p class='ocr_par' dir='ltr' id='par_1_36' title="bbox 407 2095 2000 2184">
     <span class='ocr_line' id='line_1_36' title="bbox 407 2095 2000 2184; baseline 0.005 -36"><span class='ocrx_word' id='word_1_284' title='bbox 407 2095 554 2150; x_wconf 85' lang='grc' dir='ltr'>ἐστιν</span> <span class='ocrx_word' id='word_1_285' title='bbox 579 2101 610 2169; x_wconf 86' lang='grc' dir='ltr'><strong>ἡ</strong></span> <span class='ocrx_word' id='word_1_286' title='bbox 640 2101 884 2184; x_wconf 70' lang='grc' dir='ltr'>σωτηρία</span> <span class='ocrx_word' id='word_1_287' title='bbox 917 2101 1106 2172; x_wconf 75' lang='grc' dir='ltr'>ἡμῶν·</span> <span class='ocrx_word' id='word_1_288' title='bbox 1133 2101 1288 2154; x_wconf 77' lang='grc' dir='ltr'>τοῦτο</span> <span class='ocrx_word' id='word_1_289' title='bbox 1313 2101 1442 2170; x_wconf 80' lang='grc' dir='ltr'>γοῦν</span> <span class='ocrx_word' id='word_1_290' title='bbox 1469 2099 1600 2154; x_wconf 80' lang='grc' dir='ltr'>αὐτὸ</span> <span class='ocrx_word' id='word_1_291' title='bbox 1627 2103 1877 2173; x_wconf 82' lang='grc' dir='ltr'>σημαίνει</span> <span class='ocrx_word' id='word_1_292' title='bbox 1903 2101 2000 2158; x_wconf 80' lang='grc' dir='ltr'><strong>καὶ</strong></span> 
     </span>
    </p>
   </div>
   <div class='ocr_carea' id='block_1_37' title="bbox 405 2182 1392 2265">
    <p class='ocr_par' dir='ltr' id='par_1_37' title="bbox 405 2182 1392 2265">
     <span class='ocr_line' id='line_1_37' title="bbox 405 2182 1392 2265; baseline 0.006 -23"><span class='ocrx_word' id='word_1_293' title='bbox 405 2182 440 2260; x_wconf 73' lang='grc' dir='ltr'><strong>ἡ</strong></span> <span class='ocrx_word' id='word_1_294' title='bbox 465 2189 562 2243; x_wconf 81' lang='grc' dir='ltr'>τοῦ</span> <span class='ocrx_word' id='word_1_295' title='bbox 599 2182 776 2262; x_wconf 76' lang='grc' dir='ltr'>Ἰησοῦ</span> <span class='ocrx_word' id='word_1_296' title='bbox 811 2191 1076 2263; x_wconf 82' lang='grc' dir='ltr'>ὀνόματος</span> <span class='ocrx_word' id='word_1_297' title='bbox 1105 2193 1392 2265; x_wconf 84' lang='grc' dir='ltr'>ἑρμηνεία.</span> 
     </span>
    </p>
   </div>
   <div class='ocr_carea' id='block_1_38' title="bbox 473 2365 1998 2438">
    <p class='ocr_par' dir='ltr' id='par_1_38' title="bbox 473 2365 1998 2438">
     <span class='ocr_line' id='line_1_38' title="bbox 473 2365 1998 2438; baseline 0.003 -20"><span class='ocrx_word' id='word_1_298' title='bbox 473 2365 997 2435; x_wconf 76' lang='grc' dir='ltr'>Αίσχυνθήτωσαν</span> <span class='ocrx_word' id='word_1_299' title='bbox 1014 2368 1110 2420; x_wconf 75' lang='grc' dir='ltr'><strong>καί</strong></span> <span class='ocrx_word' id='word_1_300' title='bbox 1129 2368 1600 2435; x_wconf 67' lang='grc' dir='ltr'>ὲντραετήτωσαν</span> <span class='ocrx_word' id='word_1_301' title='bbox 1615 2374 1667 2423; x_wconf 78' lang='grc' dir='ltr'>οἱ</span> <span class='ocrx_word' id='word_1_302' title='bbox 1686 2368 1816 2438; x_wconf 67' lang='lat' dir='ltr'><strong>(nec</strong></span> <span class='ocrx_word' id='word_1_303' title='bbox 1825 2371 1998 2436; x_wconf 66' lang='grc' dir='ltr'>ῦττες</span> 
     </span>
    </p>
   </div>
   <div class='ocr_carea' id='block_1_39' title="bbox 403 2453 1998 2531">
    <p class='ocr_par' dir='ltr' id='par_1_39' title="bbox 403 2453 1998 2531">
     <span class='ocr_line' id='line_1_39' title="bbox 403 2453 1998 2531; baseline -0.004 -20"><span class='ocrx_word' id='word_1_304' title='bbox 403 2453 520 2523; x_wconf 81' lang='grc' dir='ltr'>τὴν</span> <span class='ocrx_word' id='word_1_305' title='bbox 563 2455 776 2524; x_wconf 66' lang='grc' dir='ltr'>ψυχήν</span> <span class='ocrx_word' id='word_1_306' title='bbox 813 2475 954 2526; x_wconf 85' lang='grc' dir='ltr'>μου.</span> <span class='ocrx_word' id='word_1_307' title='bbox 1013 2458 1214 2511; x_wconf 87' lang='grc' dir='ltr'>Τούτου</span> <span class='ocrx_word' id='word_1_308' title='bbox 1249 2459 1392 2531; x_wconf 75' lang='grc' dir='ltr'>γὰρ,</span> <span class='ocrx_word' id='word_1_309' title='bbox 1433 2461 1600 2531; x_wconf 74' lang='grc' dir='ltr'>φησὶ,</span> <span class='ocrx_word' id='word_1_310' title='bbox 1647 2457 1854 2531; x_wconf 69' lang='grc' dir='ltr'>Κύριε,</span> <span class='ocrx_word' id='word_1_311' title='bbox 1891 2459 1998 2512; x_wconf 75' lang='grc' dir='ltr'>ὑπὸ</span> 
     </span>
    </p>
   </div>
   <div class='ocr_carea' id='block_1_40' title="bbox 404 2545 1994 2621">
    <p class='ocr_par' dir='ltr' id='par_1_40' title="bbox 404 2545 1994 2621">
     <span class='ocr_line' id='line_1_40' title="bbox 404 2545 1994 2621; baseline 0.003 -23"><span class='ocrx_word' id='word_1_312' title='bbox 404 2545 498 2598; x_wconf 82' lang='grc' dir='ltr'>σοῦ</span> <span class='ocrx_word' id='word_1_313' title='bbox 537 2547 834 2616; x_wconf 78' lang='grc' dir='ltr'>γενομένου</span> <span class='ocrx_word' id='word_1_314' title='bbox 858 2589 872 2614; x_wconf 90' lang='grc'><strong>,</strong></span> <span class='ocrx_word' id='word_1_315' title='bbox 927 2548 1021 2601; x_wconf 77' lang='grc' dir='ltr'><strong>καὶ</strong></span> <span class='ocrx_word' id='word_1_316' title='bbox 1069 2549 1477 2613; x_wconf 74' lang='grc' dir='ltr'>ἐπακούσαντος</span> <span class='ocrx_word' id='word_1_317' title='bbox 1519 2567 1622 2621; x_wconf 88' lang='grc' dir='ltr'><strong>μου</strong></span> <span class='ocrx_word' id='word_1_318' title='bbox 1669 2551 1768 2620; x_wconf 78' lang='grc' dir='ltr'>τῆς</span> <span class='ocrx_word' id='word_1_319' title='bbox 1807 2551 1994 2620; x_wconf 74' lang='grc' dir='ltr'>εὐχῆς,</span> 
     </span>
    </p>
   </div>
   <div class='ocr_carea' id='block_1_41' title="bbox 402 2639 2000 2714">
    <p class='ocr_par' dir='ltr' id='par_1_41' title="bbox 402 2639 2000 2714">
     <span class='ocr_line' id='line_1_41' title="bbox 402 2639 2000 2714; baseline 0.002 -22"><span class='ocrx_word' id='word_1_320' title='bbox 402 2639 855 2710; x_wconf 80' lang='grc' dir='ltr'>αἰσχυνθήσονται</span> <span class='ocrx_word' id='word_1_321' title='bbox 873 2641 968 2694; x_wconf 75' lang='grc' dir='ltr'><strong>καὶ</strong></span> <span class='ocrx_word' id='word_1_322' title='bbox 989 2643 1421 2714; x_wconf 78' lang='grc' dir='ltr'>ἐντραπήσονται</span> <span class='ocrx_word' id='word_1_323' title='bbox 1439 2645 1513 2706; x_wconf 79' lang='grc' dir='ltr'><strong>ὡς</strong></span> <span class='ocrx_word' id='word_1_324' title='bbox 1535 2645 1708 2714; x_wconf 75' lang='grc' dir='ltr'>μάτην</span> <span class='ocrx_word' id='word_1_325' title='bbox 1725 2644 2000 2714; x_wconf 78' lang='grc' dir='ltr'>ἐπιχειρή-</span> 
     </span>
    </p>
   </div>
   <div class='ocr_carea' id='block_1_42' title="bbox 407 2731 1994 2805">
    <p class='ocr_par' dir='ltr' id='par_1_42' title="bbox 407 2731 1994 2805">
     <span class='ocr_line' id='line_1_42' title="bbox 407 2731 1994 2805; baseline 0.003 -23"><span class='ocrx_word' id='word_1_326' title='bbox 407 2747 600 2794; x_wconf 86' lang='grc' dir='ltr'>σαντες</span> <span class='ocrx_word' id='word_1_327' title='bbox 620 2749 632 2760; x_wconf 92' lang='grc'>·</span> <span class='ocrx_word' id='word_1_328' title='bbox 651 2731 734 2784; x_wconf 83' lang='grc' dir='ltr'>διὸ</span> <span class='ocrx_word' id='word_1_329' title='bbox 763 2733 856 2785; x_wconf 80' lang='grc' dir='ltr'><strong>καὶ</strong></span> <span class='ocrx_word' id='word_1_330' title='bbox 889 2733 1162 2804; x_wconf 78' lang='grc' dir='ltr'>ἀπέτυχον</span> <span class='ocrx_word' id='word_1_331' title='bbox 1189 2733 1282 2788; x_wconf 77' lang='grc' dir='ltr'>τοῦ</span> <span class='ocrx_word' id='word_1_332' title='bbox 1313 2733 1770 2805; x_wconf 74' lang='grc' dir='ltr'>σπουδαζομὲνου.</span> <span class='ocrx_word' id='word_1_333' title='bbox 1823 2735 1874 2787; x_wconf 81' lang='grc' dir='ltr'>Ἀ</span> <span class='ocrx_word' id='word_1_334' title='bbox 1886 2751 1994 2786; x_wconf 77' lang='grc' dir='ltr'>πο-</span> 
     </span>
    </p>
   </div>
   <div class='ocr_carea' id='block_1_43' title="bbox 401 2819 1996 2892">
    <p class='ocr_par' dir='ltr' id='par_1_43' title="bbox 401 2819 1996 2892">
     <span class='ocr_line' id='line_1_43' title="bbox 401 2819 1996 2892; baseline 0.004 -21"><span class='ocrx_word' id='word_1_335' title='bbox 401 2819 942 2888; x_wconf 64' lang='grc' dir='ltr'>στραφήτωσανείς</span> <span class='ocrx_word' id='word_1_336' title='bbox 963 2822 1036 2874; x_wconf 80' lang='grc' dir='ltr'>τὰ</span> <span class='ocrx_word' id='word_1_337' title='bbox 1053 2824 1244 2876; x_wconf 79' lang='grc' dir='ltr'>ὀπίσω</span> <span class='ocrx_word' id='word_1_338' title='bbox 1267 2824 1363 2876; x_wconf 78' lang='grc' dir='ltr'><strong>καί</strong></span> <span class='ocrx_word' id='word_1_339' title='bbox 1377 2823 1996 2892; x_wconf 69' lang='grc' dir='ltr'>καταισχυνθήτωσαν</span> 
     </span>
    </p>
   </div>
   <div class='ocr_carea' id='block_1_44' title="bbox 402 2911 1994 2988">
    <p class='ocr_par' dir='ltr' id='par_1_44' title="bbox 402 2911 1994 2988">
     <span class='ocr_line' id='line_1_44' title="bbox 402 2911 1994 2988; baseline 0.004 -23"><span class='ocrx_word' id='word_1_340' title='bbox 402 2915 458 2965; x_wconf 87' lang='grc' dir='ltr'><strong>οί</strong></span> <span class='ocrx_word' id='word_1_341' title='bbox 483 2911 852 2982; x_wconf 76' lang='grc' dir='ltr'>λογιζόμενοί</span> <span class='ocrx_word' id='word_1_342' title='bbox 876 2933 976 2983; x_wconf 80' lang='grc' dir='ltr'><strong>μοι</strong></span> <span class='ocrx_word' id='word_1_343' title='bbox 1002 2916 1178 2969; x_wconf 75' lang='grc' dir='ltr'>κακά.</span> <span class='ocrx_word' id='word_1_344' title='bbox 1212 2916 1407 2969; x_wconf 80' lang='grc' dir='ltr'>Οὐκέτι</span> <span class='ocrx_word' id='word_1_345' title='bbox 1432 2917 1542 2988; x_wconf 76' lang='grc' dir='ltr'><strong>γὰρ</strong></span> <span class='ocrx_word' id='word_1_346' title='bbox 1573 2919 1861 2988; x_wconf 68' lang='grc' dir='ltr'>στήσονται</span> <span class='ocrx_word' id='word_1_347' title='bbox 1887 2919 1994 2988; x_wconf 87' lang='grc' dir='ltr'><strong>πρὸ</strong></span> 
     </span>
    </p>
   </div>
   <div class='ocr_carea' id='block_1_45' title="bbox 402 3001 1990 3080">
    <p class='ocr_par' dir='ltr' id='par_1_45' title="bbox 402 3001 1990 3080">
     <span class='ocr_line' id='line_1_45' title="bbox 402 3001 1990 3080; baseline 0.004 -24"><span class='ocrx_word' id='word_1_348' title='bbox 402 3001 694 3075; x_wconf 81' lang='grc' dir='ltr'>προσώπου</span> <span class='ocrx_word' id='word_1_349' title='bbox 731 3021 866 3076; x_wconf 87' lang='grc' dir='ltr'>μου·</span> <span class='ocrx_word' id='word_1_350' title='bbox 908 3005 1053 3060; x_wconf 89' lang='grc' dir='ltr'>νῶτα</span> <span class='ocrx_word' id='word_1_351' title='bbox 1083 3007 1140 3059; x_wconf 87' lang='grc' dir='ltr'><strong>δὲ</strong></span> <span class='ocrx_word' id='word_1_352' title='bbox 1177 3007 1360 3072; x_wconf 85' lang='grc' dir='ltr'>δόντες</span> <span class='ocrx_word' id='word_1_353' title='bbox 1399 3008 1859 3080; x_wconf 78' lang='grc' dir='ltr'>παραχωρήσουσί</span> <span class='ocrx_word' id='word_1_354' title='bbox 1897 3026 1990 3080; x_wconf 85' lang='grc' dir='ltr'><strong>μοι</strong></span> 
     </span>
    </p>
   </div>
   <div class='ocr_carea' id='block_1_46' title="bbox 399 3097 1994 3170">
    <p class='ocr_par' dir='ltr' id='par_1_46' title="bbox 399 3097 1994 3170">
     <span class='ocr_line' id='line_1_46' title="bbox 399 3097 1994 3170; baseline 0.003 -21"><span class='ocrx_word' id='word_1_355' title='bbox 399 3097 470 3151; x_wconf 78' lang='grc' dir='ltr'>τὰ</span> <span class='ocrx_word' id='word_1_356' title='bbox 497 3099 806 3170; x_wconf 85' lang='grc' dir='ltr'>νικητήρια.</span> <span class='ocrx_word' id='word_1_357' title='bbox 843 3097 1150 3166; x_wconf 74' lang='grc' dir='ltr'>Φεύγοντας</span> <span class='ocrx_word' id='word_1_358' title='bbox 1176 3099 1233 3152; x_wconf 82' lang='grc' dir='ltr'><strong>δὲ</strong></span> <span class='ocrx_word' id='word_1_359' title='bbox 1264 3097 1460 3162; x_wconf 81' lang='grc' dir='ltr'>αὐτοὺς</span> <span class='ocrx_word' id='word_1_360' title='bbox 1488 3103 1582 3154; x_wconf 74' lang='grc' dir='ltr'><strong>καὶ</strong></span> <span class='ocrx_word' id='word_1_361' title='bbox 1613 3103 1692 3165; x_wconf 86' lang='grc' dir='ltr'><strong>είς</strong></span> <span class='ocrx_word' id='word_1_362' title='bbox 1721 3101 1790 3154; x_wconf 78' lang='grc' dir='ltr'>τὰ</span> <span class='ocrx_word' id='word_1_363' title='bbox 1819 3101 1994 3154; x_wconf 82' lang='grc' dir='ltr'>ὀπίσω</span> 
     </span>
    </p>
   </div>
   <div class='ocr_carea' id='block_1_47' title="bbox 397 3189 1992 3266">
    <p class='ocr_par' dir='ltr' id='par_1_47' title="bbox 397 3189 1992 3266">
     <span class='ocr_line' id='line_1_47' title="bbox 397 3189 1992 3266; baseline 0.004 -24"><span class='ocrx_word' id='word_1_364' title='bbox 397 3189 710 3261; x_wconf 78' lang='grc' dir='ltr'>χωροῦντας</span> <span class='ocrx_word' id='word_1_365' title='bbox 723 3191 1158 3263; x_wconf 81' lang='grc' dir='ltr'>διασκορπισμὸς</span> <span class='ocrx_word' id='word_1_366' title='bbox 1173 3192 1868 3263; x_wconf 65' lang='grc' dir='ltr'>λήψεταιΓενηθιξτωσαν</span> <span class='ocrx_word' id='word_1_367' title='bbox 1883 3195 1992 3266; x_wconf 79' lang='grc' dir='ltr'><strong>γὰρ</strong></span> 
     </span>
    </p>
   </div>
   <div class='ocr_carea' id='block_1_48' title="bbox 2107 2003 3693 2080">
    <p class='ocr_par' dir='ltr' id='par_1_48' title="bbox 2107 2003 3693 2080">
     <span class='ocr_line' id='line_1_48' title="bbox 2107 2003 3693 2080; baseline 0.004 -22"><span class='ocrx_word' id='word_1_368' title='bbox 2107 2009 2169 2058; x_wconf 91' lang='lat' dir='ltr'><strong>ut</strong></span> <span class='ocrx_word' id='word_1_369' title='bbox 2211 2003 2330 2074; x_wconf 91' lang='lat' dir='ltr'><strong>ipse</strong></span> <span class='ocrx_word' id='word_1_370' title='bbox 2383 2021 2601 2075; x_wconf 86' lang='lat' dir='ltr'><strong>quoque</strong></span> <span class='ocrx_word' id='word_1_371' title='bbox 2635 2008 2816 2062; x_wconf 79' lang='lat' dir='ltr'><strong>dicere</strong></span> <span class='ocrx_word' id='word_1_372' title='bbox 2861 2019 3048 2078; x_wconf 89' lang='lat' dir='ltr'><strong>posset</strong></span> <span class='ocrx_word' id='word_1_373' title='bbox 3104 2027 3118 2064; x_wconf 91' lang='lat'><strong>:</strong></span> <span class='ocrx_word' id='word_1_374' title='bbox 3186 2010 3312 2064; x_wconf 86' lang='lat' dir='ltr'><strong>Vivo</strong></span> <span class='ocrx_word' id='word_1_375' title='bbox 3348 2021 3546 2072; x_wconf 86' lang='lat' dir='ltr'><strong>autem,</strong></span> <span class='ocrx_word' id='word_1_376' title='bbox 3569 2012 3693 2080; x_wconf 82' lang='lat' dir='ltr'><strong>jam</strong></span> 
     </span>
    </p>
   </div>
   <div class='ocr_carea' id='block_1_49' title="bbox 2107 2089 3692 2172">
    <p class='ocr_par' dir='ltr' id='par_1_49' title="bbox 2107 2089 3692 2172">
     <span class='ocr_line' id='line_1_49' title="bbox 2107 2089 3692 2172; baseline 0.008 -26"><span class='ocrx_word' id='word_1_377' title='bbox 2107 2107 2212 2146; x_wconf 89' lang='lat' dir='ltr'><strong>non</strong></span> <span class='ocrx_word' id='word_1_378' title='bbox 2241 2109 2371 2164; x_wconf 86' lang='lat' dir='ltr'><strong>ego;</strong></span> <span class='ocrx_word' id='word_1_379' title='bbox 2431 2097 2552 2148; x_wconf 80' lang='lat' dir='ltr'><strong>vivit</strong></span> <span class='ocrx_word' id='word_1_380' title='bbox 2587 2113 2706 2150; x_wconf 81' lang='lat' dir='ltr'><strong>rero</strong></span> <span class='ocrx_word' id='word_1_381' title='bbox 2731 2099 2782 2150; x_wconf 89' lang='lat' dir='ltr'><strong>in</strong></span> <span class='ocrx_word' id='word_1_382' title='bbox 2815 2115 2894 2152; x_wconf 87' lang='lat' dir='ltr'><strong>me</strong></span> <span class='ocrx_word' id='word_1_383' title='bbox 2925 2097 3171 2154; x_wconf 77' lang='lat' dir='ltr'><strong>Christus</strong></span> <span class='ocrx_word' id='word_1_384' title='bbox 3201 2100 3264 2152; x_wconf 68' lang='grc'><strong>³⁸.</strong></span> <span class='ocrx_word' id='word_1_385' title='bbox 3299 2101 3419 2171; x_wconf 84' lang='lat' dir='ltr'><strong>ipse</strong></span> <span class='ocrx_word' id='word_1_386' title='bbox 3453 2089 3692 2172; x_wconf 66' lang='lat' dir='ltr'><strong>dumque</strong></span> 
     </span>
    </p>
   </div>
   <div class='ocr_carea' id='block_1_50' title="bbox 2105 2187 3690 2263">
    <p class='ocr_par' dir='ltr' id='par_1_50' title="bbox 2105 2187 3690 2263">
     <span class='ocr_line' id='line_1_50' title="bbox 2105 2187 3690 2263; baseline 0.004 -22"><span class='ocrx_word' id='word_1_387' title='bbox 2105 2194 2189 2241; x_wconf 90' lang='lat' dir='ltr'><strong>est</strong></span> <span class='ocrx_word' id='word_1_388' title='bbox 2225 2187 2376 2243; x_wconf 89' lang='lat' dir='ltr'><strong>salus</strong></span> <span class='ocrx_word' id='word_1_389' title='bbox 2415 2198 2608 2244; x_wconf 89' lang='lat' dir='ltr'><strong>nostra</strong></span> <span class='ocrx_word' id='word_1_390' title='bbox 2643 2209 2656 2242; x_wconf 89' lang='lat'><strong>:</strong></span> <span class='ocrx_word' id='word_1_391' title='bbox 2695 2189 2935 2259; x_wconf 86' lang='lat' dir='ltr'><strong>idipsum</strong></span> <span class='ocrx_word' id='word_1_392' title='bbox 2979 2207 3146 2262; x_wconf 85' lang='lat' dir='ltr'><strong>porro</strong></span> <span class='ocrx_word' id='word_1_393' title='bbox 3179 2193 3260 2248; x_wconf 88' lang='lat' dir='ltr'><strong>vel</strong></span> <span class='ocrx_word' id='word_1_394' title='bbox 3295 2193 3414 2263; x_wconf 90' lang='lat' dir='ltr'><strong>ipsa</strong></span> <span class='ocrx_word' id='word_1_395' title='bbox 3447 2194 3690 2248; x_wconf 87' lang='lat' dir='ltr'><strong>nominis</strong></span> 
     </span>
    </p>
   </div>
   <div class='ocr_carea' id='block_1_51' title="bbox 2103 2271 2994 2347">
    <p class='ocr_par' dir='ltr' id='par_1_51' title="bbox 2103 2271 2994 2347">
     <span class='ocr_line' id='line_1_51' title="bbox 2103 2271 2994 2347; baseline 0.006 -18"><span class='ocrx_word' id='word_1_396' title='bbox 2103 2271 2234 2331; x_wconf 78' lang='lat' dir='ltr'><strong>Jesu</strong></span> <span class='ocrx_word' id='word_1_397' title='bbox 2259 2277 2662 2347; x_wconf 78' lang='lat' dir='ltr'><strong>significatione</strong></span> <span class='ocrx_word' id='word_1_398' title='bbox 2697 2279 2994 2334; x_wconf 85' lang='lat' dir='ltr'><strong>indicatur.</strong></span> 
     </span>
    </p>
   </div>
   <div class='ocr_carea' id='block_1_52' title="bbox 2177 2365 3686 2446">
    <p class='ocr_par' dir='ltr' id='par_1_52' title="bbox 2177 2365 3686 2446">
     <span class='ocr_line' id='line_1_52' title="bbox 2177 2365 3686 2446; baseline 0.007 -26"><span class='ocrx_word' id='word_1_399' title='bbox 2177 2365 2344 2423; x_wconf 75' lang='lat' dir='ltr'><strong>Vens.</strong></span> <span class='ocrx_word' id='word_1_400' title='bbox 2400 2369 2519 2424; x_wconf 70' lang='grc'><strong>4-8.</strong></span> <span class='ocrx_word' id='word_1_401' title='bbox 2583 2369 2995 2438; x_wconf 77' lang='lat' dir='ltr'><strong>Confundantur</strong></span> <span class='ocrx_word' id='word_1_402' title='bbox 3047 2383 3098 2428; x_wconf 91' lang='lat' dir='ltr'><strong>et</strong></span> <span class='ocrx_word' id='word_1_403' title='bbox 3149 2387 3484 2430; x_wconf 68' lang='lat' dir='ltr'><strong>rever-cantur</strong></span> <span class='ocrx_word' id='word_1_404' title='bbox 3537 2392 3686 2446; x_wconf 68' lang='lat' dir='ltr'><strong>qum-</strong></span> 
     </span>
    </p>
   </div>
   <div class='ocr_carea' id='block_1_53' title="bbox 2103 2463 3686 2532">
    <p class='ocr_par' dir='ltr' id='par_1_53' title="bbox 2103 2463 3686 2532">
     <span class='ocr_line' id='line_1_53' title="bbox 2103 2463 3686 2532; baseline 0.008 -19"><span class='ocrx_word' id='word_1_405' title='bbox 2103 2471 2274 2515; x_wconf 84' lang='lat' dir='ltr'><strong>rentes</strong></span> <span class='ocrx_word' id='word_1_406' title='bbox 2315 2463 2550 2515; x_wconf 83' lang='lat' dir='ltr'><strong>animum</strong></span> <span class='ocrx_word' id='word_1_407' title='bbox 2585 2479 2776 2518; x_wconf 85' lang='lat' dir='ltr'><strong>meam.</strong></span> <span class='ocrx_word' id='word_1_408' title='bbox 2828 2463 2922 2519; x_wconf 85' lang='lat' dir='ltr'><strong>llis</strong></span> <span class='ocrx_word' id='word_1_409' title='bbox 2979 2467 3166 2532; x_wconf 86' lang='lat' dir='ltr'><strong>rebus,</strong></span> <span class='ocrx_word' id='word_1_410' title='bbox 3215 2467 3462 2532; x_wconf 89' lang='lat' dir='ltr'><strong>Domine,</strong></span> <span class='ocrx_word' id='word_1_411' title='bbox 3517 2470 3599 2524; x_wconf 89' lang='lat' dir='ltr'><strong>sic</strong></span> <span class='ocrx_word' id='word_1_412' title='bbox 3651 2483 3686 2525; x_wconf 71' lang='grc' dir='ltr'>ι</span> 
     </span>
    </p>
   </div>
   <div class='ocr_carea' id='block_1_54' title="bbox 2104 2554 3686 2626">
    <p class='ocr_par' dir='ltr' id='par_1_54' title="bbox 2104 2554 3686 2626">
     <span class='ocr_line' id='line_1_54' title="bbox 2104 2554 3686 2626; baseline 0.006 -20"><span class='ocrx_word' id='word_1_413' title='bbox 2104 2561 2158 2606; x_wconf 86' lang='lat' dir='ltr'><strong>te</strong></span> <span class='ocrx_word' id='word_1_414' title='bbox 2187 2554 2380 2624; x_wconf 81' lang='lat' dir='ltr'><strong>gestis,</strong></span> <span class='ocrx_word' id='word_1_415' title='bbox 2422 2563 2710 2624; x_wconf 84' lang='lat' dir='ltr'><strong>postquam</strong></span> <span class='ocrx_word' id='word_1_416' title='bbox 2745 2556 3184 2626; x_wconf 81' lang='lat' dir='ltr'><strong>deprecationem</strong></span> <span class='ocrx_word' id='word_1_417' title='bbox 3219 2574 3393 2614; x_wconf 88' lang='lat' dir='ltr'><strong>meam</strong></span> <span class='ocrx_word' id='word_1_418' title='bbox 3425 2561 3686 2616; x_wconf 81' lang='lat' dir='ltr'><strong>exaudie-</strong></span> 
     </span>
    </p>
   </div>
   <div class='ocr_carea' id='block_1_55' title="bbox 2105 2645 3685 2718">
    <p class='ocr_par' dir='ltr' id='par_1_55' title="bbox 2105 2645 3685 2718">
     <span class='ocr_line' id='line_1_55' title="bbox 2105 2645 3685 2718; baseline 0.007 -22"><span class='ocrx_word' id='word_1_419' title='bbox 2105 2645 2201 2710; x_wconf 88' lang='lat' dir='ltr'><strong>ris,</strong></span> <span class='ocrx_word' id='word_1_420' title='bbox 2239 2645 2648 2700; x_wconf 80' lang='lat' dir='ltr'><strong>confundentur</strong></span> <span class='ocrx_word' id='word_1_421' title='bbox 2679 2647 2755 2702; x_wconf 89' lang='lat' dir='ltr'><strong>illi</strong></span> <span class='ocrx_word' id='word_1_422' title='bbox 2791 2663 2856 2702; x_wconf 89' lang='lat' dir='ltr'><strong>ac</strong></span> <span class='ocrx_word' id='word_1_423' title='bbox 2886 2648 3094 2718; x_wconf 87' lang='lat' dir='ltr'><strong>pudore</strong></span> <span class='ocrx_word' id='word_1_424' title='bbox 3123 2649 3449 2715; x_wconf 80' lang='lat' dir='ltr'><strong>aﬂicientur,</strong></span> <span class='ocrx_word' id='word_1_425' title='bbox 3485 2659 3544 2706; x_wconf 84' lang='lat' dir='ltr'><strong>ut</strong></span> <span class='ocrx_word' id='word_1_426' title='bbox 3569 2652 3685 2708; x_wconf 80' lang='lat' dir='ltr'><strong>fru-</strong></span> 
     </span>
    </p>
   </div>
   <div class='ocr_carea' id='block_1_56' title="bbox 2103 2737 3681 2810">
    <p class='ocr_par' dir='ltr' id='par_1_56' title="bbox 2103 2737 3681 2810">
     <span class='ocr_line' id='line_1_56' title="bbox 2103 2737 3681 2810; baseline 0.006 -22"><span class='ocrx_word' id='word_1_427' title='bbox 2103 2742 2216 2788; x_wconf 87' lang='lat' dir='ltr'><strong>stra</strong></span> <span class='ocrx_word' id='word_1_428' title='bbox 2253 2750 2368 2788; x_wconf 87' lang='lat' dir='ltr'><strong>rem</strong></span> <span class='ocrx_word' id='word_1_429' title='bbox 2399 2737 2644 2806; x_wconf 71' lang='lat' dir='ltr'><strong>aggressi</strong></span> <span class='ocrx_word' id='word_1_430' title='bbox 2677 2755 2690 2792; x_wconf 93' lang='lat'>:</span> <span class='ocrx_word' id='word_1_431' title='bbox 2727 2739 3082 2808; x_wconf 84' lang='lat' dir='ltr'><strong>quamobrem</strong></span> <span class='ocrx_word' id='word_1_432' title='bbox 3113 2755 3142 2793; x_wconf 88' lang='lat' dir='ltr'><strong>a</strong></span> <span class='ocrx_word' id='word_1_433' title='bbox 3175 2755 3342 2810; x_wconf 89' lang='lat' dir='ltr'><strong>scopo</strong></span> <span class='ocrx_word' id='word_1_434' title='bbox 3371 2741 3505 2810; x_wconf 89' lang='lat' dir='ltr'><strong>lapsi</strong></span> <span class='ocrx_word' id='word_1_435' title='bbox 3529 2751 3681 2798; x_wconf 88' lang='lat' dir='ltr'><strong>sunt.</strong></span> 
     </span>
    </p>
   </div>
   <div class='ocr_carea' id='block_1_57' title="bbox 2103 2827 3686 2902">
    <p class='ocr_par' dir='ltr' id='par_1_57' title="bbox 2103 2827 3686 2902">
     <span class='ocr_line' id='line_1_57' title="bbox 2103 2827 3686 2902; baseline 0.008 -24"><span class='ocrx_word' id='word_1_436' title='bbox 2103 2827 2424 2880; x_wconf 78' lang='lat' dir='ltr'><strong>Arertantur</strong></span> <span class='ocrx_word' id='word_1_437' title='bbox 2459 2839 2750 2883; x_wconf 81' lang='lat' dir='ltr'><strong>retrorsum</strong></span> <span class='ocrx_word' id='word_1_438' title='bbox 2777 2840 2828 2884; x_wconf 88' lang='lat' dir='ltr'><strong>et</strong></span> <span class='ocrx_word' id='word_1_439' title='bbox 2863 2831 3174 2885; x_wconf 79' lang='lat' dir='ltr'><strong>erubescant</strong></span> <span class='ocrx_word' id='word_1_440' title='bbox 3217 2833 3510 2902; x_wconf 79' lang='lat' dir='ltr'><strong>cogitantes</strong></span> <span class='ocrx_word' id='word_1_441' title='bbox 3555 2829 3686 2890; x_wconf 69' lang='lat' dir='ltr'><strong>mihi</strong></span> 
     </span>
    </p>
   </div>
   <div class='ocr_carea' id='block_1_58' title="bbox 2101 2917 3680 2983">
    <p class='ocr_par' dir='ltr' id='par_1_58' title="bbox 2101 2917 3680 2983">
     <span class='ocr_line' id='line_1_58' title="bbox 2101 2917 3680 2983; baseline 0.008 -13"><span class='ocrx_word' id='word_1_442' title='bbox 2101 2919 2268 2974; x_wconf 85' lang='lat' dir='ltr'><strong>mala.</strong></span> <span class='ocrx_word' id='word_1_443' title='bbox 2300 2917 2418 2974; x_wconf 81' lang='lat' dir='ltr'><strong>Non</strong></span> <span class='ocrx_word' id='word_1_444' title='bbox 2439 2921 2580 2974; x_wconf 88' lang='lat' dir='ltr'><strong>ultra</strong></span> <span class='ocrx_word' id='word_1_445' title='bbox 2603 2922 2745 2975; x_wconf 91' lang='lat' dir='ltr'><strong>enim</strong></span> <span class='ocrx_word' id='word_1_446' title='bbox 2773 2923 3079 2978; x_wconf 87' lang='lat' dir='ltr'><strong>consistent</strong></span> <span class='ocrx_word' id='word_1_447' title='bbox 3097 2931 3222 2980; x_wconf 87' lang='lat' dir='ltr'><strong>ante</strong></span> <span class='ocrx_word' id='word_1_448' title='bbox 3253 2924 3445 2982; x_wconf 91' lang='lat' dir='ltr'><strong>faciem</strong></span> <span class='ocrx_word' id='word_1_449' title='bbox 3469 2942 3643 2982; x_wconf 87' lang='lat' dir='ltr'><strong>meam</strong></span> <span class='ocrx_word' id='word_1_450' title='bbox 3667 2947 3680 2983; x_wconf 90' lang='lat'><strong>:</strong></span> 
     </span>
    </p>
   </div>
   <div class='ocr_carea' id='block_1_59' title="bbox 2101 3009 3684 3087">
    <p class='ocr_par' dir='ltr' id='par_1_59' title="bbox 2101 3009 3684 3087">
     <span class='ocr_line' id='line_1_59' title="bbox 2101 3009 3684 3087; baseline 0.006 -25"><span class='ocrx_word' id='word_1_451' title='bbox 2101 3009 2196 3063; x_wconf 88' lang='lat' dir='ltr'><strong>sed</strong></span> <span class='ocrx_word' id='word_1_452' title='bbox 2227 3015 2380 3078; x_wconf 77' lang='lat' dir='ltr'><strong>terga</strong></span> <span class='ocrx_word' id='word_1_453' title='bbox 2412 3011 2631 3072; x_wconf 84' lang='lat' dir='ltr'><strong>dantes.</strong></span> <span class='ocrx_word' id='word_1_454' title='bbox 2665 3013 2860 3066; x_wconf 75' lang='lat' dir='ltr'><strong>cedent</strong></span> <span class='ocrx_word' id='word_1_455' title='bbox 2893 3013 3024 3067; x_wconf 90' lang='lat' dir='ltr'><strong>mihi</strong></span> <span class='ocrx_word' id='word_1_456' title='bbox 3055 3015 3362 3070; x_wconf 89' lang='lat' dir='ltr'><strong>victoriam.</strong></span> <span class='ocrx_word' id='word_1_457' title='bbox 3409 3015 3516 3087; x_wconf 84' lang='lat' dir='ltr'><strong>ipsi</strong></span> <span class='ocrx_word' id='word_1_458' title='bbox 3557 3033 3684 3072; x_wconf 79' lang='lat' dir='ltr'><strong>vero</strong></span> 
     </span>
    </p>
   </div>
   <div class='ocr_carea' id='block_1_60' title="bbox 2103 3099 3684 3174">
    <p class='ocr_par' dir='ltr' id='par_1_60' title="bbox 2103 3099 3684 3174">
     <span class='ocr_line' id='line_1_60' title="bbox 2103 3099 3684 3174; baseline 0.007 -23"><span class='ocrx_word' id='word_1_459' title='bbox 2103 3099 2374 3170; x_wconf 80' lang='lat' dir='ltr'><strong>fugientes</strong></span> <span class='ocrx_word' id='word_1_460' title='bbox 2422 3117 2486 3156; x_wconf 88' lang='lat' dir='ltr'><strong>ac</strong></span> <span class='ocrx_word' id='word_1_461' title='bbox 2531 3110 2678 3156; x_wconf 87' lang='lat' dir='ltr'><strong>retro</strong></span> <span class='ocrx_word' id='word_1_462' title='bbox 2731 3101 2990 3159; x_wconf 90' lang='lat' dir='ltr'><strong>cedentes</strong></span> <span class='ocrx_word' id='word_1_463' title='bbox 3023 3103 3465 3174; x_wconf 88' lang='lat' dir='ltr'><strong>dissipabuntur.</strong></span> <span class='ocrx_word' id='word_1_464' title='bbox 3513 3105 3684 3162; x_wconf 83' lang='lat' dir='ltr'><strong>Fiant</strong></span> 
     </span>
    </p>
   </div>
   <div class='ocr_carea' id='block_1_61' title="bbox 2101 3192 3680 3268">
    <p class='ocr_par' dir='ltr' id='par_1_61' title="bbox 2101 3192 3680 3268">
     <span class='ocr_line' id='line_1_61' title="bbox 2101 3192 3680 3268; baseline 0.008 -26"><span class='ocrx_word' id='word_1_465' title='bbox 2101 3199 2355 3261; x_wconf 87' lang='lat' dir='ltr'><strong>tanquam</strong></span> <span class='ocrx_word' id='word_1_466' title='bbox 2385 3192 2557 3262; x_wconf 81' lang='lat' dir='ltr'><strong>pulvis</strong></span> <span class='ocrx_word' id='word_1_467' title='bbox 2610 3201 2728 3246; x_wconf 80' lang='lat' dir='ltr'><strong>ante</strong></span> <span class='ocrx_word' id='word_1_468' title='bbox 2763 3193 2957 3262; x_wconf 75' lang='lat' dir='ltr'><strong>[aciem</strong></span> <span class='ocrx_word' id='word_1_469' title='bbox 3006 3197 3164 3260; x_wconf 79' lang='lat' dir='ltr'><strong>uenti,</strong></span> <span class='ocrx_word' id='word_1_470' title='bbox 3203 3207 3252 3250; x_wconf 88' lang='lat' dir='ltr'><strong>et</strong></span> <span class='ocrx_word' id='word_1_471' title='bbox 3302 3198 3520 3268; x_wconf 81' lang='lat' dir='ltr'><strong>angelus</strong></span> <span class='ocrx_word' id='word_1_472' title='bbox 3573 3197 3680 3254; x_wconf 85' lang='lat' dir='ltr'><strong>Da-</strong></span> 
     </span>
    </p>
   </div>
   <div class='ocr_carea' id='block_1_62' title="bbox 399 3281 1993 3376">
    <p class='ocr_par' dir='ltr' id='par_1_62' title="bbox 399 3281 1992 3357">
     <span class='ocr_line' id='line_1_62' title="bbox 399 3281 1992 3357; baseline 0.004 -23"><span class='ocrx_word' id='word_1_473' title='bbox 399 3281 544 3334; x_wconf 81' lang='grc' dir='ltr'>ὠσεὶ</span> <span class='ocrx_word' id='word_1_474' title='bbox 587 3282 738 3350; x_wconf 83' lang='grc' dir='ltr'>χοῦς</span> <span class='ocrx_word' id='word_1_475' title='bbox 775 3281 928 3336; x_wconf 81' lang='grc' dir='ltr'>κατὰ</span> <span class='ocrx_word' id='word_1_476' title='bbox 973 3286 1302 3352; x_wconf 68' lang='grc' dir='ltr'>πρόσωπον</span> <span class='ocrx_word' id='word_1_477' title='bbox 1334 3285 1558 3354; x_wconf 77' lang='grc' dir='ltr'>ἀνέμου</span> <span class='ocrx_word' id='word_1_478' title='bbox 1593 3287 1690 3340; x_wconf 76' lang='grc' dir='ltr'>καὶ</span> <span class='ocrx_word' id='word_1_479' title='bbox 1737 3285 1992 3357; x_wconf 61' lang='grc' dir='ltr'>ἄγγελος</span> 
     </span>
    </p>
   </div>
   <div class='ocr_carea' id='block_1_63' title="bbox 2100 3281 3680 3376">
    <p class='ocr_par' dir='ltr' id='par_1_63' title="bbox 2100 3285 3680 3362">
     <span class='ocr_line' id='line_1_63' title="bbox 2100 3285 3680 3362; baseline 0.006 -26"><span class='ocrx_word' id='word_1_480' title='bbox 2100 3285 2228 3336; x_wconf 86' lang='lat' dir='ltr'><strong>mini</strong></span> <span class='ocrx_word' id='word_1_481' title='bbox 2257 3295 2536 3338; x_wconf 85' lang='lat' dir='ltr'><strong>coarctans</strong></span> <span class='ocrx_word' id='word_1_482' title='bbox 2582 3301 2692 3350; x_wconf 87' lang='lat' dir='ltr'><strong>eos,</strong></span> <span class='ocrx_word' id='word_1_483' title='bbox 2747 3303 2814 3342; x_wconf 86' lang='lat' dir='ltr'><strong>ne</strong></span> <span class='ocrx_word' id='word_1_484' title='bbox 2855 3289 3000 3342; x_wconf 89' lang='lat' dir='ltr'><strong>ultra</strong></span> <span class='ocrx_word' id='word_1_485' title='bbox 3055 3289 3179 3343; x_wconf 91' lang='lat' dir='ltr'><strong>illos</strong></span> <span class='ocrx_word' id='word_1_486' title='bbox 3229 3291 3554 3362; x_wconf 77' lang='lat' dir='ltr'><strong>congregari</strong></span> <span class='ocrx_word' id='word_1_487' title='bbox 3587 3301 3680 3346; x_wconf 87' lang='lat' dir='ltr'><strong>aut</strong></span> 
     </span>
    </p>
   </div>
   <div class='ocr_carea' id='block_1_64' title="bbox 397 3373 1990 3451">
    <p class='ocr_par' dir='ltr' id='par_1_64' title="bbox 397 3373 1990 3451">
     <span class='ocr_line' id='line_1_64' title="bbox 397 3373 1990 3451; baseline 0.004 -25"><span class='ocrx_word' id='word_1_488' title='bbox 397 3373 618 3440; x_wconf 84' lang='grc' dir='ltr'>Κυρίου</span> <span class='ocrx_word' id='word_1_489' title='bbox 647 3375 940 3429; x_wconf 75' lang='grc' dir='ltr'>ἐκθλίὸων</span> <span class='ocrx_word' id='word_1_490' title='bbox 971 3378 1228 3443; x_wconf 84' lang='grc' dir='ltr'>αὐτοὺς,</span> <span class='ocrx_word' id='word_1_491' title='bbox 1283 3379 1417 3450; x_wconf 83' lang='grc' dir='ltr'>μηδὲ</span> <span class='ocrx_word' id='word_1_492' title='bbox 1452 3379 1819 3451; x_wconf 83' lang='grc' dir='ltr'>συναχθῆναι,</span> <span class='ocrx_word' id='word_1_493' title='bbox 1857 3379 1990 3450; x_wconf 79' lang='grc' dir='ltr'>μηδὲ</span> 
     </span>
    </p>
   </div>
   <div class='ocr_carea' id='block_1_65' title="bbox 397 3465 1990 3542">
    <p class='ocr_par' dir='ltr' id='par_1_65' title="bbox 397 3465 1990 3542">
     <span class='ocr_line' id='line_1_65' title="bbox 397 3465 1990 3542; baseline 0.006 -25"><span class='ocrx_word' id='word_1_494' title='bbox 397 3465 833 3538; x_wconf 65' lang='grc' dir='ltr'>Μλινδρομῆσαι</span> <span class='ocrx_word' id='word_1_495' title='bbox 873 3471 1202 3541; x_wconf 81' lang='grc' dir='ltr'>συγχωρῶν,</span> <span class='ocrx_word' id='word_1_496' title='bbox 1233 3474 1262 3525; x_wconf 80' lang='grc' dir='ltr'><strong>ὁ</strong></span> <span class='ocrx_word' id='word_1_497' title='bbox 1298 3473 1344 3524; x_wconf 78' lang='grc' dir='ltr'><strong>δ’</strong></span> <span class='ocrx_word' id='word_1_498' title='bbox 1378 3471 1540 3534; x_wconf 78' lang='grc' dir='ltr'>αὐτὸς</span> <span class='ocrx_word' id='word_1_499' title='bbox 1566 3472 1872 3542; x_wconf 85' lang='grc' dir='ltr'>ἐπιμενέτω</span> <span class='ocrx_word' id='word_1_500' title='bbox 1895 3475 1990 3526; x_wconf 79' lang='grc' dir='ltr'>ὲκ-</span> 
     </span>
    </p>
   </div>
   <div class='ocr_carea' id='block_1_66' title="bbox 397 3554 1990 3632">
    <p class='ocr_par' dir='ltr' id='par_1_66' title="bbox 397 3554 1990 3632">
     <span class='ocr_line' id='line_1_66' title="bbox 397 3554 1990 3632; baseline 0.004 -22"><span class='ocrx_word' id='word_1_501' title='bbox 397 3554 596 3613; x_wconf 78' lang='grc' dir='ltr'>θλίὸων</span> <span class='ocrx_word' id='word_1_502' title='bbox 621 3561 848 3626; x_wconf 83' lang='grc' dir='ltr'>αὐτοὺς,</span> <span class='ocrx_word' id='word_1_503' title='bbox 879 3561 1124 3616; x_wconf 81' lang='grc' dir='ltr'>τουτέστι</span> <span class='ocrx_word' id='word_1_504' title='bbox 1147 3565 1411 3629; x_wconf 78' lang='grc' dir='ltr'>κολάζων.</span> <span class='ocrx_word' id='word_1_505' title='bbox 1447 3563 1768 3632; x_wconf 77' lang='grc' dir='ltr'><strong>Γενηθήτω</strong></span> <span class='ocrx_word' id='word_1_506' title='bbox 1785 3567 1822 3632; x_wconf 79' lang='grc' dir='ltr'><strong><em>ἠ</em></strong></span> <span class='ocrx_word' id='word_1_507' title='bbox 1850 3564 1990 3629; x_wconf 67' lang='grc' dir='ltr'><strong>ὁδὸς</strong></span> 
     </span>
    </p>
   </div>
   <div class='ocr_carea' id='block_1_67' title="bbox 395 3649 1988 3727">
    <p class='ocr_par' dir='ltr' id='par_1_67' title="bbox 395 3649 1988 3727">
     <span class='ocr_line' id='line_1_67' title="bbox 395 3649 1988 3727; baseline 0.003 -23"><span class='ocrx_word' id='word_1_508' title='bbox 395 3649 598 3705; x_wconf 76' lang='grc' dir='ltr'>αὐτῶν</span> <span class='ocrx_word' id='word_1_509' title='bbox 625 3657 848 3720; x_wconf 83' lang='grc' dir='ltr'>σκότος</span> <span class='ocrx_word' id='word_1_510' title='bbox 876 3655 974 3710; x_wconf 75' lang='grc' dir='ltr'>καὶ</span> <span class='ocrx_word' id='word_1_511' title='bbox 1007 3657 1331 3726; x_wconf 75' lang='grc' dir='ltr'>ὀλίσθημα,</span> <span class='ocrx_word' id='word_1_512' title='bbox 1361 3657 1458 3710; x_wconf 84' lang='grc' dir='ltr'>καὶ</span> <span class='ocrx_word' id='word_1_513' title='bbox 1491 3657 1744 3727; x_wconf 70' lang='grc' dir='ltr'>ἄγγελος</span> <span class='ocrx_word' id='word_1_514' title='bbox 1766 3657 1988 3723; x_wconf 58' lang='grc' dir='ltr'>Κυρίου</span> 
     </span>
    </p>
   </div>
   <div class='ocr_carea' id='block_1_68' title="bbox 2099 3374 3680 3450">
    <p class='ocr_par' dir='ltr' id='par_1_68' title="bbox 2099 3374 3680 3450">
     <span class='ocr_line' id='line_1_68' title="bbox 2099 3374 3680 3450; baseline 0.006 -25"><span class='ocrx_word' id='word_1_515' title='bbox 2099 3374 2296 3426; x_wconf 84' lang='lat' dir='ltr'><strong>reverti</strong></span> <span class='ocrx_word' id='word_1_516' title='bbox 2335 3375 2496 3434; x_wconf 88' lang='lat' dir='ltr'><strong>sinat,</strong></span> <span class='ocrx_word' id='word_1_517' title='bbox 2531 3375 2624 3428; x_wconf 89' lang='lat' dir='ltr'><strong>sed</strong></span> <span class='ocrx_word' id='word_1_518' title='bbox 2663 3375 2829 3430; x_wconf 87' lang='lat' dir='ltr'><strong>instet</strong></span> <span class='ocrx_word' id='word_1_519' title='bbox 2859 3376 2976 3446; x_wconf 89' lang='lat' dir='ltr'><strong>ipse</strong></span> <span class='ocrx_word' id='word_1_520' title='bbox 3009 3388 3322 3442; x_wconf 86' lang='lat' dir='ltr'><strong>coarctans,</strong></span> <span class='ocrx_word' id='word_1_521' title='bbox 3357 3379 3409 3432; x_wconf 91' lang='lat' dir='ltr'><strong>id</strong></span> <span class='ocrx_word' id='word_1_522' title='bbox 3440 3389 3526 3434; x_wconf 90' lang='lat' dir='ltr'><strong>est</strong></span> <span class='ocrx_word' id='word_1_523' title='bbox 3575 3397 3680 3450; x_wconf 88' lang='lat' dir='ltr'><strong>pu-</strong></span> 
     </span>
    </p>
   </div>
   <div class='ocr_carea' id='block_1_69' title="bbox 2097 3464 3677 3536">
    <p class='ocr_par' dir='ltr' id='par_1_69' title="bbox 2097 3464 3677 3536">
     <span class='ocr_line' id='line_1_69' title="bbox 2097 3464 3677 3536; baseline 0.005 -18"><span class='ocrx_word' id='word_1_524' title='bbox 2097 3465 2258 3519; x_wconf 86' lang='lat' dir='ltr'><strong>niens</strong></span> <span class='ocrx_word' id='word_1_525' title='bbox 2281 3465 2424 3520; x_wconf 92' lang='lat' dir='ltr'><strong>illos.</strong></span> <span class='ocrx_word' id='word_1_526' title='bbox 2459 3464 2584 3520; x_wconf 85' lang='lat' dir='ltr'><strong>Fiat</strong></span> <span class='ocrx_word' id='word_1_527' title='bbox 2617 3469 2700 3520; x_wconf 85' lang='lat' dir='ltr'><strong>via</strong></span> <span class='ocrx_word' id='word_1_528' title='bbox 2727 3467 2947 3522; x_wconf 87' lang='lat' dir='ltr'><strong>illorum</strong></span> <span class='ocrx_word' id='word_1_529' title='bbox 2976 3469 3200 3524; x_wconf 68' lang='lat' dir='ltr'><strong>tenebrae</strong></span> <span class='ocrx_word' id='word_1_530' title='bbox 3227 3478 3279 3524; x_wconf 87' lang='lat' dir='ltr'><strong>et</strong></span> <span class='ocrx_word' id='word_1_531' title='bbox 3312 3471 3596 3536; x_wconf 79' lang='lat' dir='ltr'><strong>lubricum,</strong></span> <span class='ocrx_word' id='word_1_532' title='bbox 3626 3481 3677 3528; x_wconf 84' lang='lat' dir='ltr'><strong>et</strong></span> 
     </span>
    </p>
   </div>
   <div class='ocr_carea' id='block_1_70' title="bbox 2098 3557 3676 3633">
    <p class='ocr_par' dir='ltr' id='par_1_70' title="bbox 2098 3557 3676 3633">
     <span class='ocr_line' id='line_1_70' title="bbox 2098 3557 3676 3633; baseline 0.007 -24"><span class='ocrx_word' id='word_1_533' title='bbox 2098 3558 2316 3628; x_wconf 82' lang='lat' dir='ltr'><strong>angelus</strong></span> <span class='ocrx_word' id='word_1_534' title='bbox 2355 3557 2574 3612; x_wconf 84' lang='lat' dir='ltr'><strong>Domini</strong></span> <span class='ocrx_word' id='word_1_535' title='bbox 2594 3575 2906 3631; x_wconf 84' lang='lat' dir='ltr'><strong>persequens</strong></span> <span class='ocrx_word' id='word_1_536' title='bbox 2940 3577 3048 3615; x_wconf 83' lang='lat' dir='ltr'><strong>eos.</strong></span> <span class='ocrx_word' id='word_1_537' title='bbox 3087 3559 3242 3616; x_wconf 78' lang='lat' dir='ltr'><strong>Viam</strong></span> <span class='ocrx_word' id='word_1_538' title='bbox 3273 3562 3567 3633; x_wconf 89' lang='lat' dir='ltr'><strong>impiorum</strong></span> <span class='ocrx_word' id='word_1_539' title='bbox 3599 3565 3676 3620; x_wconf 84' lang='lat' dir='ltr'><strong>vi-</strong></span> 
     </span>
    </p>
   </div>
   <div class='ocr_carea' id='block_1_71' title="bbox 2095 3652 3548 3722">
    <p class='ocr_par' dir='ltr' id='par_1_71' title="bbox 2095 3652 3548 3722">
     <span class='ocr_line' id='line_1_71' title="bbox 2095 3652 3548 3722; baseline 0.004 -20"><span class='ocrx_word' id='word_1_540' title='bbox 2095 3656 2207 3702; x_wconf 89' lang='lat' dir='ltr'><strong>tam</strong></span> <span class='ocrx_word' id='word_1_541' title='bbox 2245 3665 2467 3719; x_wconf 80' lang='lat' dir='ltr'><strong>pravam</strong></span> <span class='ocrx_word' id='word_1_542' title='bbox 2495 3660 2799 3722; x_wconf 86' lang='lat' dir='ltr'><strong>nuncupat,</strong></span> <span class='ocrx_word' id='word_1_543' title='bbox 2835 3667 2941 3722; x_wconf 85' lang='lat' dir='ltr'><strong>qua</strong></span> <span class='ocrx_word' id='word_1_544' title='bbox 2973 3652 3052 3706; x_wconf 89' lang='lat' dir='ltr'><strong>illi</strong></span> <span class='ocrx_word' id='word_1_545' title='bbox 3083 3653 3168 3706; x_wconf 90' lang='lat' dir='ltr'><strong>via</strong></span> <span class='ocrx_word' id='word_1_546' title='bbox 3201 3653 3548 3710; x_wconf 85' lang='lat' dir='ltr'><strong>incedebant.</strong></span> 
     </span>
    </p>
   </div>
   <div class='ocr_carea' id='block_1_72' title="bbox 393 3742 3314 3821">
    <p class='ocr_par' dir='ltr' id='par_1_72' title="bbox 393 3742 3314 3821">
     <span class='ocr_line' id='line_1_72' title="bbox 393 3742 3314 3821; baseline 0 -24"><span class='ocrx_word' id='word_1_547' title='bbox 393 3743 777 3801; x_wconf 73' lang='grc' dir='ltr'>καταδιώκων</span> <span class='ocrx_word' id='word_1_548' title='bbox 794 3749 1038 3814; x_wconf 83' lang='grc' dir='ltr'>αὐτούς.</span> <span class='ocrx_word' id='word_1_549' title='bbox 1071 3748 1446 3803; x_wconf 79' lang='grc' dir='ltr'>Ὀδὸνάσεϐῶν</span> <span class='ocrx_word' id='word_1_550' title='bbox 1462 3749 1553 3803; x_wconf 74' lang='grc' dir='ltr'><strong>τὸν</strong></span> <span class='ocrx_word' id='word_1_551' title='bbox 1573 3749 1846 3821; x_wconf 79' lang='grc' dir='ltr'>μοχθηρὸν</span> <span class='ocrx_word' id='word_1_552' title='bbox 1871 3749 1984 3818; x_wconf 85' lang='grc' dir='ltr'>βίον</span> <span class='ocrx_word' id='word_1_553' title='bbox 2017 3742 2306 3814; x_wconf 80' lang='grc' dir='ltr'>ὀνομάζει,</span> <span class='ocrx_word' id='word_1_554' title='bbox 2341 3743 2461 3796; x_wconf 84' lang='grc' dir='ltr'>καθ’</span> <span class='ocrx_word' id='word_1_555' title='bbox 2491 3743 2550 3796; x_wconf 84' lang='grc' dir='ltr'>ὃν</span> <span class='ocrx_word' id='word_1_556' title='bbox 2581 3744 2679 3816; x_wconf 77' lang='grc' dir='ltr'>τὴν</span> <span class='ocrx_word' id='word_1_557' title='bbox 2715 3746 2939 3816; x_wconf 73' lang='grc' dir='ltr'>πορείαν</span> <span class='ocrx_word' id='word_1_558' title='bbox 2971 3747 3314 3816; x_wconf 79' lang='grc' dir='ltr'>ἐποιήσαντο.</span> 
     </span>
    </p>
   </div>
   <div class='ocr_carea' id='block_1_73' title="bbox 468 3835 1988 3909">
    <p class='ocr_par' dir='ltr' id='par_1_73' title="bbox 468 3835 1988 3909">
     <span class='ocr_line' id='line_1_73' title="bbox 468 3835 1988 3909; baseline 0.002 -22"><span class='ocrx_word' id='word_1_559' title='bbox 468 3836 599 3888; x_wconf 80' lang='grc' dir='ltr'>Ὀτι</span> <span class='ocrx_word' id='word_1_560' title='bbox 647 3835 876 3906; x_wconf 77' lang='grc' dir='ltr'>δωρεὰν</span> <span class='ocrx_word' id='word_1_561' title='bbox 923 3837 1203 3906; x_wconf 67' lang='grc' dir='ltr'>ἔκρυψαν</span> <span class='ocrx_word' id='word_1_562' title='bbox 1229 3857 1330 3908; x_wconf 84' lang='grc' dir='ltr'><strong>μοι</strong></span> <span class='ocrx_word' id='word_1_563' title='bbox 1368 3839 1698 3909; x_wconf 60' lang='grc' dir='ltr'>διαφθορὰν</span> <span class='ocrx_word' id='word_1_564' title='bbox 1736 3837 1988 3908; x_wconf 75' lang='grc' dir='ltr'>παγίδος</span> 
     </span>
    </p>
   </div>
   <div class='ocr_carea' id='block_1_74' title="bbox 393 3923 1987 4002">
    <p class='ocr_par' dir='ltr' id='par_1_74' title="bbox 393 3923 1987 4002">
     <span class='ocr_line' id='line_1_74' title="bbox 393 3923 1987 4002; baseline -0.001 -20"><span class='ocrx_word' id='word_1_565' title='bbox 393 3927 613 3982; x_wconf 78' lang='grc' dir='ltr'>αὐτῶν.</span> <span class='ocrx_word' id='word_1_566' title='bbox 674 3929 813 3982; x_wconf 80' lang='grc' dir='ltr'><strong>’Δνθ’</strong></span> <span class='ocrx_word' id='word_1_567' title='bbox 843 3923 904 3984; x_wconf 74' lang='grc' dir='ltr'>οὗ</span> <span class='ocrx_word' id='word_1_568' title='bbox 932 3933 960 3983; x_wconf 84' lang='grc' dir='ltr'>ὁ</span> <span class='ocrx_word' id='word_1_569' title='bbox 990 3930 1286 4002; x_wconf 84' lang='grc' dir='ltr'>Σύμμαχος</span> <span class='ocrx_word' id='word_1_570' title='bbox 1317 3931 1578 3995; x_wconf 80' lang='grc' dir='ltr'>ἐξέδωκεν</span> <span class='ocrx_word' id='word_1_571' title='bbox 1609 3928 1818 3993; x_wconf 77' lang='grc' dir='ltr'>οὕτως’</span> <span class='ocrx_word' id='word_1_572' title='bbox 1857 3931 1987 3982; x_wconf 75' lang='grc' dir='ltr'>’Ότι</span> 
     </span>
    </p>
   </div>
   <div class='ocr_carea' id='block_1_75' title="bbox 393 4020 1988 4094">
    <p class='ocr_par' dir='ltr' id='par_1_75' title="bbox 393 4020 1988 4094">
     <span class='ocr_line' id='line_1_75' title="bbox 393 4020 1988 4094; baseline 0.001 -19"><span class='ocrx_word' id='word_1_573' title='bbox 393 4020 672 4088; x_wconf 75' lang='grc' dir='ltr'>ἀναιτίως</span> <span class='ocrx_word' id='word_1_574' title='bbox 701 4021 1090 4091; x_wconf 71' lang='grc' dir='ltr'>κατέκρυψάν</span> <span class='ocrx_word' id='word_1_575' title='bbox 1107 4041 1210 4092; x_wconf 81' lang='grc' dir='ltr'><strong>μοι</strong></span> <span class='ocrx_word' id='word_1_576' title='bbox 1244 4024 1574 4094; x_wconf 61' lang='grc' dir='ltr'>διαφθορὰν·</span> <span class='ocrx_word' id='word_1_577' title='bbox 1597 4024 1854 4094; x_wconf 69' lang='grc' dir='ltr'>δικτύων</span> <span class='ocrx_word' id='word_1_578' title='bbox 1881 4025 1988 4077; x_wconf 86' lang='grc' dir='ltr'><strong>αὐ-</strong></span> 
     </span>
    </p>
   </div>
   <div class='ocr_carea' id='block_1_76' title="bbox 391 4111 1987 4188">
    <p class='ocr_par' dir='ltr' id='par_1_76' title="bbox 391 4111 1987 4188">
     <span class='ocr_line' id='line_1_76' title="bbox 391 4111 1987 4188; baseline 0.001 -22"><span class='ocrx_word' id='word_1_579' title='bbox 391 4111 531 4167; x_wconf 80' lang='grc' dir='ltr'>τῶν.</span> <span class='ocrx_word' id='word_1_580' title='bbox 559 4114 742 4184; x_wconf 82' lang='grc' dir='ltr'>Μηδὲν</span> <span class='ocrx_word' id='word_1_581' title='bbox 774 4115 882 4186; x_wconf 82' lang='grc' dir='ltr'>γὰρ</span> <span class='ocrx_word' id='word_1_582' title='bbox 914 4115 1006 4168; x_wconf 86' lang='grc' dir='ltr'>ὑπ’</span> <span class='ocrx_word' id='word_1_583' title='bbox 1033 4114 1166 4186; x_wconf 73' lang='grc' dir='ltr'>ἐμοῦ</span> <span class='ocrx_word' id='word_1_584' title='bbox 1189 4117 1630 4188; x_wconf 81' lang='grc' dir='ltr'>προπεπονθότες</span> <span class='ocrx_word' id='word_1_585' title='bbox 1659 4115 1866 4188; x_wconf 86' lang='grc' dir='ltr'>δωρεὰν</span> <span class='ocrx_word' id='word_1_586' title='bbox 1893 4115 1987 4168; x_wconf 80' lang='grc' dir='ltr'>καὶ</span> 
     </span>
    </p>
   </div>
   <div class='ocr_carea' id='block_1_77' title="bbox 393 4202 1987 4279">
    <p class='ocr_par' dir='ltr' id='par_1_77' title="bbox 393 4202 1987 4279">
     <span class='ocr_line' id='line_1_77' title="bbox 393 4202 1987 4279; baseline 0.001 -20"><span class='ocrx_word' id='word_1_587' title='bbox 393 4206 654 4270; x_wconf 82' lang='grc' dir='ltr'>ἀναιτίως</span> <span class='ocrx_word' id='word_1_588' title='bbox 679 4203 1037 4260; x_wconf 76' lang='grc' dir='ltr'>ἐπεϐούλευόν</span> <span class='ocrx_word' id='word_1_589' title='bbox 1071 4225 1158 4278; x_wconf 85' lang='grc' dir='ltr'><strong>μοι</strong></span> <span class='ocrx_word' id='word_1_590' title='bbox 1195 4207 1528 4279; x_wconf 86' lang='grc' dir='ltr'>κρύπτοντες</span> <span class='ocrx_word' id='word_1_591' title='bbox 1559 4207 1764 4276; x_wconf 80' lang='grc' dir='ltr'>παγίδα</span> <span class='ocrx_word' id='word_1_592' title='bbox 1784 4249 1797 4272; x_wconf 96' lang='grc'><strong>,</strong></span> <span class='ocrx_word' id='word_1_593' title='bbox 1833 4202 1987 4278; x_wconf 51' lang='lat' dir='ltr'><strong>art;</strong></span> 
     </span>
    </p>
   </div>
   <div class='ocr_carea' id='block_1_78' title="bbox 394 4296 1984 4370">
    <p class='ocr_par' dir='ltr' id='par_1_78' title="bbox 394 4296 1984 4370">
     <span class='ocr_line' id='line_1_78' title="bbox 394 4296 1984 4370; baseline 0.001 -21"><span class='ocrx_word' id='word_1_594' title='bbox 394 4297 520 4368; x_wconf 81' lang='grc' dir='ltr'>ἐμοὶ</span> <span class='ocrx_word' id='word_1_595' title='bbox 539 4297 834 4370; x_wconf 72' lang='grc' dir='ltr'>διαφθορὰν</span> <span class='ocrx_word' id='word_1_596' title='bbox 860 4299 1282 4364; x_wconf 79' lang='grc' dir='ltr'>κατεσκεύαζον.</span> <span class='ocrx_word' id='word_1_597' title='bbox 1309 4301 1371 4353; x_wconf 87' lang='grc' dir='ltr'>Εἰ</span> <span class='ocrx_word' id='word_1_598' title='bbox 1395 4296 1486 4353; x_wconf 64' lang='grc' dir='ltr'><strong>καὶ</strong></span> <span class='ocrx_word' id='word_1_599' title='bbox 1513 4299 1580 4353; x_wconf 76' lang='grc' dir='ltr'><strong>τὰ</strong></span> <span class='ocrx_word' id='word_1_600' title='bbox 1614 4299 1848 4370; x_wconf 87' lang='grc' dir='ltr'>μάλιστα</span> <span class='ocrx_word' id='word_1_601' title='bbox 1875 4299 1984 4370; x_wconf 68' lang='grc' dir='ltr'>γὰρ</span> 
     </span>
    </p>
   </div>
   <div class='ocr_carea' id='block_1_79' title="bbox 393 4389 1983 4464">
    <p class='ocr_par' dir='ltr' id='par_1_79' title="bbox 393 4389 1983 4464">
     <span class='ocr_line' id='line_1_79' title="bbox 393 4389 1983 4464; baseline 0 -21"><span class='ocrx_word' id='word_1_602' title='bbox 393 4390 612 4444; x_wconf 81' lang='grc' dir='ltr'>ἐδόκουν</span> <span class='ocrx_word' id='word_1_603' title='bbox 632 4392 697 4445; x_wconf 81' lang='grc' dir='ltr'><strong>δι’</strong></span> <span class='ocrx_word' id='word_1_604' title='bbox 718 4389 1022 4464; x_wconf 78' lang='grc' dir='ltr'>ἀνθρώπων</span> <span class='ocrx_word' id='word_1_605' title='bbox 1043 4409 1109 4462; x_wconf 90' lang='grc' dir='ltr'><strong>με</strong></span> <span class='ocrx_word' id='word_1_606' title='bbox 1133 4391 1260 4447; x_wconf 86' lang='grc' dir='ltr'>πολε</span> <span class='ocrx_word' id='word_1_607' title='bbox 1270 4395 1389 4464; x_wconf 83' lang='grc' dir='ltr'>μεῖν</span> <span class='ocrx_word' id='word_1_608' title='bbox 1410 4434 1424 4458; x_wconf 91' lang='grc'><strong>,</strong></span> <span class='ocrx_word' id='word_1_609' title='bbox 1444 4392 1561 4464; x_wconf 78' lang='grc' dir='ltr'>ἦτοι</span> <span class='ocrx_word' id='word_1_610' title='bbox 1581 4392 1666 4446; x_wconf 80' lang='grc' dir='ltr'><strong>διὰ</strong></span> <span class='ocrx_word' id='word_1_611' title='bbox 1681 4391 1774 4446; x_wconf 78' lang='grc' dir='ltr'>τοῦ</span> <span class='ocrx_word' id='word_1_612' title='bbox 1791 4391 1983 4456; x_wconf 78' lang='grc' dir='ltr'>Σαοὺλ,</span> 
     </span>
    </p>
   </div>
   <div class='ocr_carea' id='block_1_80' title="bbox 391 4475 1986 4554">
    <p class='ocr_par' dir='ltr' id='par_1_80' title="bbox 391 4475 1986 4554">
     <span class='ocr_line' id='line_1_80' title="bbox 391 4475 1986 4554; baseline 0.001 -19"><span class='ocrx_word' id='word_1_613' title='bbox 391 4481 428 4554; x_wconf 75' lang='grc' dir='ltr'>ἢ</span> <span class='ocrx_word' id='word_1_614' title='bbox 458 4483 552 4536; x_wconf 73' lang='grc' dir='ltr'>καὶ</span> <span class='ocrx_word' id='word_1_615' title='bbox 575 4483 640 4535; x_wconf 77' lang='grc' dir='ltr'><strong>δι’</strong></span> <span class='ocrx_word' id='word_1_616' title='bbox 663 4483 864 4553; x_wconf 83' lang='grc' dir='ltr'>ἐτέρων</span> <span class='ocrx_word' id='word_1_617' title='bbox 885 4525 899 4548; x_wconf 93' lang='grc'><strong>,</strong></span> <span class='ocrx_word' id='word_1_618' title='bbox 932 4481 1047 4536; x_wconf 88' lang='grc' dir='ltr'>ἀλλ’</span> <span class='ocrx_word' id='word_1_619' title='bbox 1071 4481 1172 4537; x_wconf 79' lang='grc' dir='ltr'><strong>οὐκ</strong></span> <span class='ocrx_word' id='word_1_620' title='bbox 1196 4475 1422 4553; x_wconf 72' lang='grc' dir='ltr'>ἠγνόουν</span> <span class='ocrx_word' id='word_1_621' title='bbox 1445 4482 1556 4552; x_wconf 80' lang='grc' dir='ltr'><strong>ἐγὼ</strong></span> <span class='ocrx_word' id='word_1_622' title='bbox 1575 4484 1674 4552; x_wconf 78' lang='grc' dir='ltr'><strong>τῆς</strong></span> <span class='ocrx_word' id='word_1_623' title='bbox 1693 4482 1787 4535; x_wconf 81' lang='grc' dir='ltr'>τοῦ</span> <span class='ocrx_word' id='word_1_624' title='bbox 1813 4483 1986 4536; x_wconf 81' lang='grc' dir='ltr'>Σαοὺλ</span> 
     </span>
    </p>
   </div>
   <div class='ocr_carea' id='block_1_81' title="bbox 2169 3831 3674 3903">
    <p class='ocr_par' dir='ltr' id='par_1_81' title="bbox 2169 3831 3674 3903">
     <span class='ocr_line' id='line_1_81' title="bbox 2169 3831 3674 3903; baseline 0.005 -20"><span class='ocrx_word' id='word_1_625' title='bbox 2169 3831 2435 3897; x_wconf 84' lang='lat' dir='ltr'><strong>Quoniam</strong></span> <span class='ocrx_word' id='word_1_626' title='bbox 2482 3834 2650 3903; x_wconf 71' lang='lat' dir='ltr'><strong>gratis</strong></span> <span class='ocrx_word' id='word_1_627' title='bbox 2691 3835 3080 3887; x_wconf 80' lang='lat' dir='ltr'><strong>absconderant</strong></span> <span class='ocrx_word' id='word_1_628' title='bbox 3129 3835 3258 3887; x_wconf 84' lang='lat' dir='ltr'><strong>mihi</strong></span> <span class='ocrx_word' id='word_1_629' title='bbox 3302 3835 3571 3888; x_wconf 83' lang='lat' dir='ltr'><strong>interitum</strong></span> <span class='ocrx_word' id='word_1_630' title='bbox 3603 3835 3674 3889; x_wconf 60' lang='grc' dir='ltr'>ια.</span> 
     </span>
    </p>
   </div>
   <div class='ocr_carea' id='block_1_82' title="bbox 2095 3923 3677 3996">
    <p class='ocr_par' dir='ltr' id='par_1_82' title="bbox 2095 3923 3677 3996">
     <span class='ocr_line' id='line_1_82' title="bbox 2095 3923 3677 3996; baseline 0.003 -20"><span class='ocrx_word' id='word_1_631' title='bbox 2095 3925 2214 3995; x_wconf 81' lang='lat' dir='ltr'><strong>quei</strong></span> <span class='ocrx_word' id='word_1_632' title='bbox 2241 3925 2342 3978; x_wconf 82' lang='lat' dir='ltr'><strong>sui.</strong></span> <span class='ocrx_word' id='word_1_633' title='bbox 2372 3923 2479 3976; x_wconf 85' lang='lat' dir='ltr'><strong>Pro</strong></span> <span class='ocrx_word' id='word_1_634' title='bbox 2511 3941 2620 3994; x_wconf 88' lang='lat' dir='ltr'><strong>quo</strong></span> <span class='ocrx_word' id='word_1_635' title='bbox 2673 3923 3038 3996; x_wconf 75' lang='lat' dir='ltr'><strong>Symmachus</strong></span> <span class='ocrx_word' id='word_1_636' title='bbox 3069 3927 3150 3980; x_wconf 88' lang='lat' dir='ltr'><strong>sic</strong></span> <span class='ocrx_word' id='word_1_637' title='bbox 3183 3925 3374 3990; x_wconf 87' lang='lat' dir='ltr'><strong>edidit,</strong></span> <span class='ocrx_word' id='word_1_638' title='bbox 3407 3926 3677 3990; x_wconf 76' lang='lat' dir='ltr'><strong>Quoniam</strong></span> 
     </span>
    </p>
   </div>
   <div class='ocr_carea' id='block_1_83' title="bbox 2094 4015 3676 4072">
    <p class='ocr_par' dir='ltr' id='par_1_83' title="bbox 2094 4015 3676 4072">
     <span class='ocr_line' id='line_1_83' title="bbox 2094 4015 3676 4072; baseline 0.002 -3"><span class='ocrx_word' id='word_1_639' title='bbox 2094 4022 2206 4069; x_wconf 80' lang='lat' dir='ltr'><strong>sine</strong></span> <span class='ocrx_word' id='word_1_640' title='bbox 2240 4032 2406 4068; x_wconf 85' lang='lat' dir='ltr'><strong>causa</strong></span> <span class='ocrx_word' id='word_1_641' title='bbox 2441 4015 2828 4070; x_wconf 79' lang='lat' dir='ltr'><strong>absconderant</strong></span> <span class='ocrx_word' id='word_1_642' title='bbox 2862 4015 2988 4068; x_wconf 86' lang='lat' dir='ltr'><strong>mihi</strong></span> <span class='ocrx_word' id='word_1_643' title='bbox 3015 4015 3288 4069; x_wconf 79' lang='lat' dir='ltr'><strong>interitum</strong></span> <span class='ocrx_word' id='word_1_644' title='bbox 3326 4015 3515 4070; x_wconf 84' lang='lat' dir='ltr'><strong>retium</strong></span> <span class='ocrx_word' id='word_1_645' title='bbox 3547 4033 3676 4072; x_wconf 77' lang='lat' dir='ltr'><strong>suo-</strong></span> 
     </span>
    </p>
   </div>
   <div class='ocr_carea' id='block_1_84' title="bbox 2095 4105 3674 4176">
    <p class='ocr_par' dir='ltr' id='par_1_84' title="bbox 2095 4105 3674 4176">
     <span class='ocr_line' id='line_1_84' title="bbox 2095 4105 3674 4176; baseline 0.002 -16"><span class='ocrx_word' id='word_1_646' title='bbox 2095 4123 2232 4160; x_wconf 89' lang='lat' dir='ltr'><strong>rum.</strong></span> <span class='ocrx_word' id='word_1_647' title='bbox 2265 4105 2427 4159; x_wconf 83' lang='lat' dir='ltr'><strong>Nullo</strong></span> <span class='ocrx_word' id='word_1_648' title='bbox 2468 4107 2670 4176; x_wconf 83' lang='lat' dir='ltr'><strong>quippe</strong></span> <span class='ocrx_word' id='word_1_649' title='bbox 2705 4122 2733 4160; x_wconf 89' lang='lat' dir='ltr'><strong>a</strong></span> <span class='ocrx_word' id='word_1_650' title='bbox 2779 4121 2866 4160; x_wconf 88' lang='lat' dir='ltr'><strong>me</strong></span> <span class='ocrx_word' id='word_1_651' title='bbox 2915 4105 3092 4161; x_wconf 71' lang='lat' dir='ltr'><strong>aliecti</strong></span> <span class='ocrx_word' id='word_1_652' title='bbox 3140 4105 3364 4170; x_wconf 88' lang='lat' dir='ltr'><strong>damno,</strong></span> <span class='ocrx_word' id='word_1_653' title='bbox 3415 4109 3586 4176; x_wconf 78' lang='lat' dir='ltr'><strong>gratis</strong></span> <span class='ocrx_word' id='word_1_654' title='bbox 3619 4115 3674 4163; x_wconf 83' lang='lat' dir='ltr'><strong>et</strong></span> 
     </span>
    </p>
   </div>
   <div class='ocr_carea' id='block_1_85' title="bbox 2095 4199 3676 4269">
    <p class='ocr_par' dir='ltr' id='par_1_85' title="bbox 2095 4199 3676 4269">
     <span class='ocr_line' id='line_1_85' title="bbox 2095 4199 3676 4269; baseline 0.003 -17"><span class='ocrx_word' id='word_1_655' title='bbox 2095 4199 2214 4254; x_wconf 85' lang='lat' dir='ltr'><strong>sine</strong></span> <span class='ocrx_word' id='word_1_656' title='bbox 2259 4214 2427 4254; x_wconf 87' lang='lat' dir='ltr'><strong>causa</strong></span> <span class='ocrx_word' id='word_1_657' title='bbox 2484 4199 2889 4254; x_wconf 87' lang='lat' dir='ltr'><strong>abscondentes</strong></span> <span class='ocrx_word' id='word_1_658' title='bbox 2938 4199 3216 4269; x_wconf 86' lang='lat' dir='ltr'><strong>laqueum,</strong></span> <span class='ocrx_word' id='word_1_659' title='bbox 3269 4199 3676 4256; x_wconf 85' lang='lat' dir='ltr'><strong>insidiabantur</strong></span> 
     </span>
    </p>
   </div>
   <div class='ocr_carea' id='block_1_86' title="bbox 2093 4289 3675 4361">
    <p class='ocr_par' dir='ltr' id='par_1_86' title="bbox 2093 4289 3675 4361">
     <span class='ocr_line' id='line_1_86' title="bbox 2093 4289 3675 4361; baseline 0.004 -19"><span class='ocrx_word' id='word_1_660' title='bbox 2093 4290 2250 4354; x_wconf 90' lang='lat' dir='ltr'><strong>mihi,</strong></span> <span class='ocrx_word' id='word_1_661' title='bbox 2292 4307 2402 4360; x_wconf 89' lang='lat' dir='ltr'><strong>quo</strong></span> <span class='ocrx_word' id='word_1_662' title='bbox 2445 4291 2577 4344; x_wconf 88' lang='lat' dir='ltr'><strong>mihi</strong></span> <span class='ocrx_word' id='word_1_663' title='bbox 2619 4290 2901 4345; x_wconf 89' lang='lat' dir='ltr'><strong>interitum</strong></span> <span class='ocrx_word' id='word_1_664' title='bbox 2937 4299 3216 4361; x_wconf 78' lang='lat' dir='ltr'><strong>pararent,</strong></span> <span class='ocrx_word' id='word_1_665' title='bbox 3263 4289 3491 4348; x_wconf 87' lang='lat' dir='ltr'><strong>Etiamsi</strong></span> <span class='ocrx_word' id='word_1_666' title='bbox 3527 4295 3675 4349; x_wconf 87' lang='lat' dir='ltr'><strong>enim</strong></span> 
     </span>
    </p>
   </div>
   <div class='ocr_carea' id='block_1_87' title="bbox 2091 4381 3676 4447">
    <p class='ocr_par' dir='ltr' id='par_1_87' title="bbox 2091 4381 3676 4447">
     <span class='ocr_line' id='line_1_87' title="bbox 2091 4381 3676 4447; baseline 0.001 -11"><span class='ocrx_word' id='word_1_667' title='bbox 2091 4382 2444 4447; x_wconf 76' lang='lat' dir='ltr'><strong>videbantur,</strong></span> <span class='ocrx_word' id='word_1_668' title='bbox 2499 4384 2615 4437; x_wconf 87' lang='lat' dir='ltr'><strong>sive</strong></span> <span class='ocrx_word' id='word_1_669' title='bbox 2673 4381 2875 4444; x_wconf 88' lang='lat' dir='ltr'><strong>Saulis,</strong></span> <span class='ocrx_word' id='word_1_670' title='bbox 2935 4383 3050 4438; x_wconf 83' lang='lat' dir='ltr'><strong>sive</strong></span> <span class='ocrx_word' id='word_1_671' title='bbox 3097 4381 3328 4437; x_wconf 87' lang='lat' dir='ltr'><strong>aliorum</strong></span> <span class='ocrx_word' id='word_1_672' title='bbox 3391 4383 3676 4440; x_wconf 87' lang='lat' dir='ltr'><strong>hominum</strong></span> 
     </span>
    </p>
   </div>
   <div class='ocr_carea' id='block_1_88' title="bbox 2092 4474 3675 4548">
    <p class='ocr_par' dir='ltr' id='par_1_88' title="bbox 2092 4474 3675 4548">
     <span class='ocr_line' id='line_1_88' title="bbox 2092 4474 3675 4548; baseline 0.005 -24"><span class='ocrx_word' id='word_1_673' title='bbox 2092 4487 2256 4542; x_wconf 86' lang='lat' dir='ltr'><strong>opera</strong></span> <span class='ocrx_word' id='word_1_674' title='bbox 2290 4475 2614 4544; x_wconf 80' lang='lat' dir='ltr'><strong>impugnare</strong></span> <span class='ocrx_word' id='word_1_675' title='bbox 2654 4489 2770 4538; x_wconf 86' lang='lat' dir='ltr'><strong>me;</strong></span> <span class='ocrx_word' id='word_1_676' title='bbox 2835 4483 2882 4527; x_wconf 90' lang='lat' dir='ltr'><strong>al</strong></span> <span class='ocrx_word' id='word_1_677' title='bbox 2931 4489 3040 4527; x_wconf 89' lang='lat' dir='ltr'><strong>non</strong></span> <span class='ocrx_word' id='word_1_678' title='bbox 3099 4474 3418 4544; x_wconf 82' lang='lat' dir='ltr'><strong>ignorabam</strong></span> <span class='ocrx_word' id='word_1_679' title='bbox 3449 4493 3550 4548; x_wconf 83' lang='lat' dir='ltr'><strong>ego</strong></span> <span class='ocrx_word' id='word_1_680' title='bbox 3578 4477 3675 4548; x_wconf 88' lang='lat' dir='ltr'><strong>qui</strong></span> 
     </span>
    </p>
   </div>
   <div class='ocr_carea' id='block_1_89' title="bbox 393 4563 1993 4644">
    <p class='ocr_par' dir='ltr' id='par_1_89' title="bbox 393 4571 1985 4644">
     <span class='ocr_line' id='line_1_89' title="bbox 393 4571 1985 4644; baseline -0.002 -19"><span class='ocrx_word' id='word_1_681' title='bbox 393 4571 726 4642; x_wconf 84' lang='grc' dir='ltr'>ζηλοτυπίας</span> <span class='ocrx_word' id='word_1_682' title='bbox 750 4575 876 4638; x_wconf 78' lang='grc' dir='ltr'>τοὺς</span> <span class='ocrx_word' id='word_1_683' title='bbox 901 4573 1108 4639; x_wconf 76' lang='grc' dir='ltr'>αἰτίους</span> <span class='ocrx_word' id='word_1_684' title='bbox 1140 4575 1234 4628; x_wconf 75' lang='grc' dir='ltr'><strong>καὶ</strong></span> <span class='ocrx_word' id='word_1_685' title='bbox 1262 4573 1369 4626; x_wconf 89' lang='grc' dir='ltr'><strong>τῶν</strong></span> <span class='ocrx_word' id='word_1_686' title='bbox 1399 4572 1599 4626; x_wconf 83' lang='grc' dir='ltr'>λοιπῶν</span> <span class='ocrx_word' id='word_1_687' title='bbox 1631 4572 1838 4644; x_wconf 81' lang='grc' dir='ltr'>ἐχθρῶν</span> <span class='ocrx_word' id='word_1_688' title='bbox 1858 4571 1985 4634; x_wconf 75' lang='grc' dir='ltr'>τοὺς</span> 
     </span>
    </p>
   </div>
   <div class='ocr_carea' id='block_1_90' title="bbox 2100 4563 3672 4644">
    <p class='ocr_par' dir='ltr' id='par_1_90' title="bbox 2100 4563 3672 4638">
     <span class='ocr_line' id='line_1_90' title="bbox 2100 4563 3672 4638; baseline 0.004 -21"><span class='ocrx_word' id='word_1_689' title='bbox 2100 4563 2244 4618; x_wconf 80' lang='lat' dir='ltr'><strong>Sauli</strong></span> <span class='ocrx_word' id='word_1_690' title='bbox 2281 4565 2502 4620; x_wconf 72' lang='lat' dir='ltr'><strong>invidiae</strong></span> <span class='ocrx_word' id='word_1_691' title='bbox 2535 4573 2813 4630; x_wconf 82' lang='lat' dir='ltr'><strong>auctores,</strong></span> <span class='ocrx_word' id='word_1_692' title='bbox 2843 4575 2897 4621; x_wconf 90' lang='lat' dir='ltr'><strong>et</strong></span> <span class='ocrx_word' id='word_1_693' title='bbox 2925 4567 3020 4637; x_wconf 87' lang='lat' dir='ltr'><strong>qui</strong></span> <span class='ocrx_word' id='word_1_694' title='bbox 3049 4569 3388 4638; x_wconf 88' lang='lat' dir='ltr'><strong>reliquorum</strong></span> <span class='ocrx_word' id='word_1_695' title='bbox 3431 4570 3672 4624; x_wconf 86' lang='lat' dir='ltr'><strong>hostium</strong></span> 
     </span>
    </p>
   </div>
   <div class='ocr_carea' id='block_1_91' title="bbox 393 4653 1986 4736">
    <p class='ocr_par' dir='ltr' id='par_1_91' title="bbox 393 4653 1986 4736">
     <span class='ocr_line' id='line_1_91' title="bbox 393 4653 1986 4736; baseline 0.001 -22"><span class='ocrx_word' id='word_1_696' title='bbox 393 4663 698 4727; x_wconf 77' lang='grc' dir='ltr'>ὑποϐολεῖς.</span> <span class='ocrx_word' id='word_1_697' title='bbox 726 4653 742 4674; x_wconf 81' lang='grc'>⁶</span> <span class='ocrx_word' id='word_1_698' title='bbox 762 4665 945 4718; x_wconf 76' lang='grc' dir='ltr'>Ἄλλοι</span> <span class='ocrx_word' id='word_1_699' title='bbox 977 4663 1087 4736; x_wconf 77' lang='grc' dir='ltr'>γὰρ</span> <span class='ocrx_word' id='word_1_700' title='bbox 1119 4661 1259 4736; x_wconf 83' lang='grc' dir='ltr'>ἦσαν</span> <span class='ocrx_word' id='word_1_701' title='bbox 1290 4661 1338 4719; x_wconf 77' lang='grc' dir='ltr'><strong>οἱ</strong></span> <span class='ocrx_word' id='word_1_702' title='bbox 1372 4665 1469 4727; x_wconf 72' lang='grc' dir='ltr'>τὰς</span> <span class='ocrx_word' id='word_1_703' title='bbox 1504 4661 1710 4718; x_wconf 79' lang='grc' dir='ltr'>ἑαυτῶν</span> <span class='ocrx_word' id='word_1_704' title='bbox 1750 4653 1986 4730; x_wconf 84' lang='grc' dir='ltr'>παγίδας</span> 
     </span>
    </p>
   </div>
   <div class='ocr_carea' id='block_1_92' title="bbox 393 4753 1986 4828">
    <p class='ocr_par' dir='ltr' id='par_1_92' title="bbox 393 4753 1986 4828">
     <span class='ocr_line' id='line_1_92' title="bbox 393 4753 1986 4828; baseline -0.005 -16"><span class='ocrx_word' id='word_1_705' title='bbox 393 4754 732 4828; x_wconf 84' lang='grc' dir='ltr'>κρύπτοντες</span> <span class='ocrx_word' id='word_1_706' title='bbox 768 4757 863 4810; x_wconf 73' lang='grc' dir='ltr'><strong>καὶ</strong></span> <span class='ocrx_word' id='word_1_707' title='bbox 889 4757 988 4826; x_wconf 83' lang='grc' dir='ltr'><strong>τὴν</strong></span> <span class='ocrx_word' id='word_1_708' title='bbox 1024 4756 1202 4827; x_wconf 72' lang='grc' dir='ltr'>ψυχήν</span> <span class='ocrx_word' id='word_1_709' title='bbox 1239 4774 1339 4827; x_wconf 82' lang='grc' dir='ltr'><strong>μου</strong></span> <span class='ocrx_word' id='word_1_710' title='bbox 1368 4755 1678 4825; x_wconf 80' lang='grc' dir='ltr'>διαφθεῖραι</span> <span class='ocrx_word' id='word_1_711' title='bbox 1712 4753 1986 4825; x_wconf 81' lang='grc' dir='ltr'>πειρώμε-</span> 
     </span>
    </p>
   </div>
   <div class='ocr_carea' id='block_1_93' title="bbox 391 4843 1982 4915">
    <p class='ocr_par' dir='ltr' id='par_1_93' title="bbox 391 4843 1982 4915">
     <span class='ocr_line' id='line_1_93' title="bbox 391 4843 1982 4915; baseline -0.003 -14"><span class='ocrx_word' id='word_1_712' title='bbox 391 4861 476 4901; x_wconf 83' lang='grc' dir='ltr'><strong>νοι</strong></span> <span class='ocrx_word' id='word_1_713' title='bbox 495 4885 512 4910; x_wconf 94' lang='grc'><strong>,</strong></span> <span class='ocrx_word' id='word_1_714' title='bbox 534 4845 582 4899; x_wconf 82' lang='grc' dir='ltr'>οἳ</span> <span class='ocrx_word' id='word_1_715' title='bbox 613 4846 707 4899; x_wconf 76' lang='grc' dir='ltr'>καὶ</span> <span class='ocrx_word' id='word_1_716' title='bbox 729 4845 932 4915; x_wconf 75' lang='grc' dir='ltr'>μάτην</span> <span class='ocrx_word' id='word_1_717' title='bbox 962 4845 1284 4900; x_wconf 76' lang='grc' dir='ltr'>ὼνείδισαν</span> <span class='ocrx_word' id='word_1_718' title='bbox 1309 4844 1421 4914; x_wconf 72' lang='grc' dir='ltr'><strong>τὴν</strong></span> <span class='ocrx_word' id='word_1_719' title='bbox 1445 4843 1660 4915; x_wconf 71' lang='grc' dir='ltr'>ψυχήν</span> <span class='ocrx_word' id='word_1_720' title='bbox 1679 4861 1827 4914; x_wconf 78' lang='grc' dir='ltr'>μου·</span> <span class='ocrx_word' id='word_1_721' title='bbox 1865 4843 1982 4898; x_wconf 75' lang='grc' dir='ltr'>ἀνθ’</span> 
     </span>
    </p>
   </div>
   <div class='ocr_carea' id='block_1_94' title="bbox 389 4927 1983 5007">
    <p class='ocr_par' dir='ltr' id='par_1_94' title="bbox 389 4927 1983 5007">
     <span class='ocr_line' id='line_1_94' title="bbox 389 4927 1983 5007; baseline -0.005 -13"><span class='ocrx_word' id='word_1_722' title='bbox 389 4927 453 4994; x_wconf 70' lang='grc' dir='ltr'>οὗ</span> <span class='ocrx_word' id='word_1_723' title='bbox 477 4936 504 4987; x_wconf 83' lang='grc' dir='ltr'>ὁ</span> <span class='ocrx_word' id='word_1_724' title='bbox 525 4936 820 5007; x_wconf 81' lang='grc' dir='ltr'>Σύμμαχος</span> <span class='ocrx_word' id='word_1_725' title='bbox 852 4936 1111 5002; x_wconf 77' lang='grc' dir='ltr'>ἐξέδωκεν</span> <span class='ocrx_word' id='word_1_726' title='bbox 1132 4953 1144 4966; x_wconf 89' lang='grc'><strong>·</strong></span> <span class='ocrx_word' id='word_1_727' title='bbox 1182 4937 1484 5002; x_wconf 82' lang='grc' dir='ltr'>Ἀναιτίως</span> <span class='ocrx_word' id='word_1_728' title='bbox 1511 4933 1842 5002; x_wconf 72' lang='grc' dir='ltr'>ὑπώρυξαν</span> <span class='ocrx_word' id='word_1_729' title='bbox 1868 4931 1983 5000; x_wconf 79' lang='grc' dir='ltr'><strong>τὴν</strong></span> 
     </span>
    </p>
   </div>
   <div class='ocr_carea' id='block_1_95' title="bbox 389 5021 1976 5098">
    <p class='ocr_par' dir='ltr' id='par_1_95' title="bbox 389 5021 1976 5098">
     <span class='ocr_line' id='line_1_95' title="bbox 389 5021 1976 5098; baseline -0.002 -19"><span class='ocrx_word' id='word_1_730' title='bbox 389 5025 604 5096; x_wconf 73' lang='grc' dir='ltr'>ψυχήν</span> <span class='ocrx_word' id='word_1_731' title='bbox 630 5045 770 5096; x_wconf 86' lang='grc' dir='ltr'>μου.</span> <span class='ocrx_word' id='word_1_732' title='bbox 822 5027 1006 5080; x_wconf 79' lang='grc' dir='ltr'>Πάντα</span> <span class='ocrx_word' id='word_1_733' title='bbox 1035 5027 1144 5098; x_wconf 85' lang='grc' dir='ltr'>γὰρ</span> <span class='ocrx_word' id='word_1_734' title='bbox 1177 5027 1464 5098; x_wconf 76' lang='grc' dir='ltr'>ἔπραττον,</span> <span class='ocrx_word' id='word_1_735' title='bbox 1491 5026 1764 5096; x_wconf 74' lang='grc' dir='ltr'>ἐκστῆσαι</span> <span class='ocrx_word' id='word_1_736' title='bbox 1792 5021 1976 5095; x_wconf 87' lang='grc' dir='ltr'>βουλό-</span> 
     </span>
    </p>
   </div>
   <div class='ocr_carea' id='block_1_96' title="bbox 393 5111 1980 5203">
    <p class='ocr_par' dir='ltr' id='par_1_96' title="bbox 393 5111 1980 5203">
     <span class='ocr_line' id='line_1_96' title="bbox 393 5111 1980 5203; baseline -0.001 -33"><span class='ocrx_word' id='word_1_737' title='bbox 393 5133 546 5188; x_wconf 87' lang='grc' dir='ltr'>μενοι</span> <span class='ocrx_word' id='word_1_738' title='bbox 575 5117 740 5172; x_wconf 80' lang='grc' dir='ltr'>αὐτοῦ</span> <span class='ocrx_word' id='word_1_739' title='bbox 761 5119 862 5191; x_wconf 86' lang='grc' dir='ltr'>τὴν</span> <span class='ocrx_word' id='word_1_740' title='bbox 889 5119 1068 5203; x_wconf 68' lang='grc' dir='ltr'>ψυχὴν</span> <span class='ocrx_word' id='word_1_741' title='bbox 1092 5119 1191 5190; x_wconf 82' lang='grc' dir='ltr'>τῆς</span> <span class='ocrx_word' id='word_1_742' title='bbox 1217 5120 1630 5189; x_wconf 79' lang='grc' dir='ltr'>ἐνυπαρχούσης</span> <span class='ocrx_word' id='word_1_743' title='bbox 1654 5117 1792 5187; x_wconf 74' lang='grc' dir='ltr'>αὐτῇ</span> <span class='ocrx_word' id='word_1_744' title='bbox 1818 5111 1980 5188; x_wconf 80' lang='grc' dir='ltr'>πραό-</span> 
     </span>
    </p>
   </div>
   <div class='ocr_carea' id='block_1_97' title="bbox 387 5205 1976 5279">
    <p class='ocr_par' dir='ltr' id='par_1_97' title="bbox 387 5205 1976 5279">
     <span class='ocr_line' id='line_1_97' title="bbox 387 5205 1976 5279; baseline -0.002 -18"><span class='ocrx_word' id='word_1_745' title='bbox 387 5217 552 5279; x_wconf 70' lang='grc' dir='ltr'>τητος</span> <span class='ocrx_word' id='word_1_746' title='bbox 585 5209 679 5260; x_wconf 78' lang='grc' dir='ltr'><strong>καὶ</strong></span> <span class='ocrx_word' id='word_1_747' title='bbox 705 5208 1086 5275; x_wconf 82' lang='grc' dir='ltr'>ἀνεξικακίας,</span> <span class='ocrx_word' id='word_1_748' title='bbox 1115 5211 1208 5262; x_wconf 81' lang='grc' dir='ltr'><strong>καὶ</strong></span> <span class='ocrx_word' id='word_1_749' title='bbox 1237 5209 1386 5272; x_wconf 81' lang='grc' dir='ltr'>ὅπως</span> <span class='ocrx_word' id='word_1_750' title='bbox 1406 5249 1421 5272; x_wconf 92' lang='grc'><strong>,</strong></span> <span class='ocrx_word' id='word_1_751' title='bbox 1455 5206 1764 5278; x_wconf 74' lang='grc' dir='ltr'>πληρωθεὶς</span> <span class='ocrx_word' id='word_1_752' title='bbox 1802 5205 1976 5276; x_wconf 79' lang='grc' dir='ltr'>θυμοῦ</span> 
     </span>
    </p>
   </div>
   <div class='ocr_carea' id='block_1_98' title="bbox 387 5299 1975 5372">
    <p class='ocr_par' dir='ltr' id='par_1_98' title="bbox 387 5299 1975 5372">
     <span class='ocr_line' id='line_1_98' title="bbox 387 5299 1975 5372; baseline -0.001 -20"><span class='ocrx_word' id='word_1_753' title='bbox 387 5299 486 5353; x_wconf 73' lang='grc' dir='ltr'><strong>καὶ</strong></span> <span class='ocrx_word' id='word_1_754' title='bbox 518 5299 718 5372; x_wconf 78' lang='grc' dir='ltr'>ὀργῆς,</span> <span class='ocrx_word' id='word_1_755' title='bbox 750 5302 844 5354; x_wconf 75' lang='grc' dir='ltr'>ἐπὶ</span> <span class='ocrx_word' id='word_1_756' title='bbox 869 5301 968 5372; x_wconf 86' lang='grc' dir='ltr'>τὴν</span> <span class='ocrx_word' id='word_1_757' title='bbox 997 5301 1210 5372; x_wconf 82' lang='grc' dir='ltr'>ἄμυναν</span> <span class='ocrx_word' id='word_1_758' title='bbox 1241 5299 1386 5353; x_wconf 81' lang='grc' dir='ltr'>ἐλθοι</span> <span class='ocrx_word' id='word_1_759' title='bbox 1405 5340 1420 5360; x_wconf 85' lang='grc'><strong>,</strong></span> <span class='ocrx_word' id='word_1_760' title='bbox 1457 5299 1550 5352; x_wconf 70' lang='grc' dir='ltr'>καὶ</span> <span class='ocrx_word' id='word_1_761' title='bbox 1588 5299 1760 5370; x_wconf 83' lang='grc' dir='ltr'>δράσῃ</span> <span class='ocrx_word' id='word_1_762' title='bbox 1793 5315 1846 5351; x_wconf 87' lang='grc' dir='ltr'><strong>τι</strong></span> <span class='ocrx_word' id='word_1_763' title='bbox 1873 5315 1975 5351; x_wconf 56' lang='grc' dir='ltr'><strong>καὸ</strong></span> 
     </span>
    </p>
   </div>
   <div class='ocr_carea' id='block_1_99' title="bbox 387 5385 1979 5465">
    <p class='ocr_par' dir='ltr' id='par_1_99' title="bbox 387 5385 1979 5465">
     <span class='ocr_line' id='line_1_99' title="bbox 387 5385 1979 5465; baseline -0.001 -21"><span class='ocrx_word' id='word_1_764' title='bbox 387 5391 490 5444; x_wconf 82' lang='grc' dir='ltr'><strong>κδν</strong></span> <span class='ocrx_word' id='word_1_765' title='bbox 513 5391 607 5445; x_wconf 84' lang='grc' dir='ltr'><strong>τὸν</strong></span> <span class='ocrx_word' id='word_1_766' title='bbox 635 5385 826 5450; x_wconf 88' lang='grc' dir='ltr'>Σαούλ.</span> <span class='ocrx_word' id='word_1_767' title='bbox 879 5393 1066 5448; x_wconf 80' lang='grc' dir='ltr'>Ταῦτα</span> <span class='ocrx_word' id='word_1_768' title='bbox 1101 5395 1202 5465; x_wconf 82' lang='grc' dir='ltr'><strong>μὲν</strong></span> <span class='ocrx_word' id='word_1_769' title='bbox 1225 5389 1318 5450; x_wconf 78' lang='grc' dir='ltr'><strong>οὖν</strong></span> <span class='ocrx_word' id='word_1_770' title='bbox 1345 5393 1472 5465; x_wconf 71' lang='grc' dir='ltr'>περὶ</span> <span class='ocrx_word' id='word_1_771' title='bbox 1503 5389 1612 5444; x_wconf 86' lang='grc' dir='ltr'><strong>τῶν</strong></span> <span class='ocrx_word' id='word_1_772' title='bbox 1647 5389 1858 5444; x_wconf 86' lang='grc' dir='ltr'>πολλῶν</span> <span class='ocrx_word' id='word_1_773' title='bbox 1890 5392 1979 5461; x_wconf 86' lang='grc' dir='ltr'>ἐχ-</span> 
     </span>
    </p>
   </div>
   <div class='ocr_carea' id='block_1_100' title="bbox 388 5481 1974 5558">
    <p class='ocr_par' dir='ltr' id='par_1_100' title="bbox 388 5481 1974 5558">
     <span class='ocr_line' id='line_1_100' title="bbox 388 5481 1974 5558; baseline -0.001 -22"><span class='ocrx_word' id='word_1_774' title='bbox 388 5483 536 5554; x_wconf 84' lang='grc' dir='ltr'>θρῶν</span> <span class='ocrx_word' id='word_1_775' title='bbox 561 5501 575 5514; x_wconf 88' lang='grc'><strong>·</strong></span> <span class='ocrx_word' id='word_1_776' title='bbox 634 5487 768 5555; x_wconf 78' lang='grc' dir='ltr'><strong>περὶ</strong></span> <span class='ocrx_word' id='word_1_777' title='bbox 789 5485 846 5538; x_wconf 89' lang='grc' dir='ltr'><strong>δέ</strong></span> <span class='ocrx_word' id='word_1_778' title='bbox 889 5485 983 5539; x_wconf 77' lang='grc' dir='ltr'>τοῦ</span> <span class='ocrx_word' id='word_1_779' title='bbox 1031 5487 1090 5539; x_wconf 85' lang='grc' dir='ltr'><strong>ἐν</strong></span> <span class='ocrx_word' id='word_1_780' title='bbox 1131 5487 1316 5550; x_wconf 82' lang='grc' dir='ltr'>αὐτοῖς</span> <span class='ocrx_word' id='word_1_781' title='bbox 1357 5485 1657 5558; x_wconf 81' lang='grc' dir='ltr'>κορυφαίου</span> <span class='ocrx_word' id='word_1_782' title='bbox 1699 5481 1974 5551; x_wconf 78' lang='grc' dir='ltr'>ἐπιλέγει·</span> 
     </span>
    </p>
   </div>
   <div class='ocr_carea' id='block_1_101' title="bbox 401 5573 1979 5647">
    <p class='ocr_par' dir='ltr' id='par_1_101' title="bbox 401 5573 1979 5647">
     <span class='ocr_line' id='line_1_101' title="bbox 401 5573 1979 5647; baseline -0.001 -20"><span class='ocrx_word' id='word_1_783' title='bbox 401 5573 652 5628; x_wconf 80' lang='grc' dir='ltr'>Ἐλθέτω</span> <span class='ocrx_word' id='word_1_784' title='bbox 675 5573 836 5640; x_wconf 85' lang='grc' dir='ltr'><strong>αὐτῷ</strong></span> <span class='ocrx_word' id='word_1_785' title='bbox 867 5577 1048 5647; x_wconf 74' lang='grc' dir='ltr'>παγίς</span> <span class='ocrx_word' id='word_1_786' title='bbox 1074 5575 1155 5644; x_wconf 78' lang='grc' dir='ltr'><strong>ἢν</strong></span> <span class='ocrx_word' id='word_1_787' title='bbox 1182 5579 1252 5630; x_wconf 80' lang='grc' dir='ltr'>οὐ</span> <span class='ocrx_word' id='word_1_788' title='bbox 1283 5575 1562 5646; x_wconf 73' lang='grc' dir='ltr'>γινώσκει</span> <span class='ocrx_word' id='word_1_789' title='bbox 1582 5617 1595 5638; x_wconf 89' lang='grc'><strong>,</strong></span> <span class='ocrx_word' id='word_1_790' title='bbox 1625 5573 1724 5628; x_wconf 78' lang='grc' dir='ltr'><strong>καί</strong></span> <span class='ocrx_word' id='word_1_791' title='bbox 1757 5576 1796 5641; x_wconf 79' lang='grc' dir='ltr'><strong>η</strong></span> <span class='ocrx_word' id='word_1_792' title='bbox 1826 5573 1979 5640; x_wconf 78' lang='grc' dir='ltr'>θήρα</span> 
     </span>
    </p>
   </div>
   <div class='ocr_carea' id='block_1_102' title="bbox 386 5659 1980 5736">
    <p class='ocr_par' dir='ltr' id='par_1_102' title="bbox 386 5659 1980 5736">
     <span class='ocr_line' id='line_1_102' title="bbox 386 5659 1980 5736; baseline 0.002 -19"><span class='ocrx_word' id='word_1_793' title='bbox 386 5659 473 5732; x_wconf 74' lang='grc' dir='ltr'><strong>ἦν</strong></span> <span class='ocrx_word' id='word_1_794' title='bbox 491 5665 718 5734; x_wconf 69' lang='grc' dir='ltr'>ἔκρυψε</span> <span class='ocrx_word' id='word_1_795' title='bbox 738 5669 1091 5722; x_wconf 71' lang='grc' dir='ltr'>συλλαόἐτω</span> <span class='ocrx_word' id='word_1_796' title='bbox 1111 5669 1316 5734; x_wconf 77' lang='grc' dir='ltr'>αὑτὸν,</span> <span class='ocrx_word' id='word_1_797' title='bbox 1343 5669 1440 5722; x_wconf 80' lang='grc' dir='ltr'><strong>καί</strong></span> <span class='ocrx_word' id='word_1_798' title='bbox 1461 5670 1534 5721; x_wconf 78' lang='grc' dir='ltr'>ἐν</span> <span class='ocrx_word' id='word_1_799' title='bbox 1557 5667 1632 5736; x_wconf 74' lang='grc' dir='ltr'>τῇ</span> <span class='ocrx_word' id='word_1_800' title='bbox 1654 5667 1856 5736; x_wconf 82' lang='grc' dir='ltr'>παγίδι</span> <span class='ocrx_word' id='word_1_801' title='bbox 1879 5679 1980 5720; x_wconf 78' lang='grc' dir='ltr'>πε-</span> 
     </span>
    </p>
   </div>
   <div class='ocr_carea' id='block_1_103' title="bbox 459 5804 1558 5872">
    <p class='ocr_par' dir='ltr' id='par_1_103' title="bbox 459 5804 1558 5872">
     <span class='ocr_line' id='line_1_103' title="bbox 459 5804 1558 5872; baseline 0.002 -14"><span class='ocrx_word' id='word_1_802' title='bbox 459 5807 506 5836; x_wconf 87' lang='grc'><strong>¹⁶</strong></span> <span class='ocrx_word' id='word_1_803' title='bbox 543 5804 743 5860; x_wconf 84' lang='lat' dir='ltr'><strong>Ezech.</strong></span> <span class='ocrx_word' id='word_1_804' title='bbox 777 5819 894 5870; x_wconf 67' lang='grc' dir='ltr'>χχι,</span> <span class='ocrx_word' id='word_1_805' title='bbox 928 5806 982 5861; x_wconf 88' lang='grc'><strong>9.</strong></span> <span class='ocrx_word' id='word_1_806' title='bbox 1062 5809 1103 5837; x_wconf 71' lang='grc'><strong>’⁷</strong></span> <span class='ocrx_word' id='word_1_807' title='bbox 1143 5805 1310 5862; x_wconf 78' lang='lat' dir='ltr'><strong>Zaeh.</strong></span> <span class='ocrx_word' id='word_1_808' title='bbox 1347 5823 1473 5872; x_wconf 80' lang='lat' dir='ltr'><strong>xm,</strong></span> <span class='ocrx_word' id='word_1_809' title='bbox 1509 5808 1558 5861; x_wconf 83' lang='lat'><strong>7.</strong></span> 
     </span>
    </p>
   </div>
   <div class='ocr_carea' id='block_1_104' title="bbox 1636 5805 2066 5871">
    <p class='ocr_par' dir='ltr' id='par_1_104' title="bbox 1636 5805 2066 5871">
     <span class='ocr_line' id='line_1_104' title="bbox 1636 5805 2066 5871; baseline 0 -9"><span class='ocrx_word' id='word_1_810' title='bbox 1636 5807 1680 5838; x_wconf 76' lang='grc'><strong>³⁸</strong></span> <span class='ocrx_word' id='word_1_811' title='bbox 1717 5807 1838 5862; x_wconf 83' lang='lat' dir='ltr'><strong>Gal.</strong></span> <span class='ocrx_word' id='word_1_812' title='bbox 1879 5822 1942 5871; x_wconf 86' lang='grc' dir='ltr'><strong>ιι,</strong></span> <span class='ocrx_word' id='word_1_813' title='bbox 1975 5805 2066 5862; x_wconf 72' lang='grc'><strong>20.</strong></span> 
     </span>
    </p>
   </div>
   <div class='ocr_carea' id='block_1_105' title="bbox 2091 4657 3673 4730">
    <p class='ocr_par' dir='ltr' id='par_1_105' title="bbox 2091 4657 3673 4730">
     <span class='ocr_line' id='line_1_105' title="bbox 2091 4657 3673 4730; baseline 0.003 -20"><span class='ocrx_word' id='word_1_814' title='bbox 2091 4658 2296 4710; x_wconf 90' lang='lat' dir='ltr'><strong>occulti</strong></span> <span class='ocrx_word' id='word_1_815' title='bbox 2328 4657 2662 4727; x_wconf 88' lang='lat' dir='ltr'><strong>impulsores</strong></span> <span class='ocrx_word' id='word_1_816' title='bbox 2693 4665 2904 4715; x_wconf 86' lang='lat' dir='ltr'><strong>essent.</strong></span> <span class='ocrx_word' id='word_1_817' title='bbox 2938 4659 3046 4714; x_wconf 81' lang='lat' dir='ltr'><strong>Alii</strong></span> <span class='ocrx_word' id='word_1_818' title='bbox 3094 4675 3332 4720; x_wconf 81' lang='lat' dir='ltr'><strong>namque</strong></span> <span class='ocrx_word' id='word_1_819' title='bbox 3373 4671 3531 4716; x_wconf 84' lang='lat' dir='ltr'><strong>erant</strong></span> <span class='ocrx_word' id='word_1_820' title='bbox 3577 4661 3673 4730; x_wconf 86' lang='lat' dir='ltr'><strong>qui</strong></span> 
     </span>
    </p>
   </div>
   <div class='ocr_carea' id='block_1_106' title="bbox 2089 4746 3672 4824">
    <p class='ocr_par' dir='ltr' id='par_1_106' title="bbox 2089 4746 3672 4824">
     <span class='ocr_line' id='line_1_106' title="bbox 2089 4746 3672 4824; baseline 0.001 -24"><span class='ocrx_word' id='word_1_821' title='bbox 2089 4746 2317 4816; x_wconf 87' lang='lat' dir='ltr'><strong>laqueos</strong></span> <span class='ocrx_word' id='word_1_822' title='bbox 2362 4748 2787 4817; x_wconf 88' lang='lat' dir='ltr'><strong>absconderent,</strong></span> <span class='ocrx_word' id='word_1_823' title='bbox 2845 4758 2902 4804; x_wconf 90' lang='lat' dir='ltr'><strong>et</strong></span> <span class='ocrx_word' id='word_1_824' title='bbox 2950 4751 3187 4806; x_wconf 85' lang='lat' dir='ltr'><strong>animam</strong></span> <span class='ocrx_word' id='word_1_825' title='bbox 3237 4754 3464 4824; x_wconf 90' lang='lat' dir='ltr'><strong>perdere</strong></span> <span class='ocrx_word' id='word_1_826' title='bbox 3493 4765 3672 4804; x_wconf 88' lang='lat' dir='ltr'><strong>meam</strong></span> 
     </span>
    </p>
   </div>
   <div class='ocr_carea' id='block_1_107' title="bbox 2089 4839 3672 4912">
    <p class='ocr_par' dir='ltr' id='par_1_107' title="bbox 2089 4839 3672 4912">
     <span class='ocr_line' id='line_1_107' title="bbox 2089 4839 3672 4912; baseline 0.001 -21"><span class='ocrx_word' id='word_1_827' title='bbox 2089 4839 2435 4905; x_wconf 89' lang='lat' dir='ltr'><strong>molirentur,</strong></span> <span class='ocrx_word' id='word_1_828' title='bbox 2483 4843 2578 4912; x_wconf 91' lang='lat' dir='ltr'><strong>qui</strong></span> <span class='ocrx_word' id='word_1_829' title='bbox 2625 4841 2790 4898; x_wconf 86' lang='lat' dir='ltr'><strong>etiam</strong></span> <span class='ocrx_word' id='word_1_830' title='bbox 2843 4857 3162 4910; x_wconf 83' lang='lat' dir='ltr'><strong>supervacue</strong></span> <span class='ocrx_word' id='word_1_831' title='bbox 3218 4847 3672 4912; x_wconf 71' lang='lat' dir='ltr'><strong>exprobrauerunt</strong></span> 
     </span>
    </p>
   </div>
   <div class='ocr_carea' id='block_1_108' title="bbox 2089 4931 3671 5006">
    <p class='ocr_par' dir='ltr' id='par_1_108' title="bbox 2089 4931 3671 5006">
     <span class='ocr_line' id='line_1_108' title="bbox 2089 4931 3671 5006; baseline 0.004 -24"><span class='ocrx_word' id='word_1_832' title='bbox 2089 4931 2320 4984; x_wconf 85' lang='lat' dir='ltr'><strong>animam</strong></span> <span class='ocrx_word' id='word_1_833' title='bbox 2355 4950 2572 4987; x_wconf 84' lang='lat' dir='ltr'><strong>meam:</strong></span> <span class='ocrx_word' id='word_1_834' title='bbox 2608 4949 2707 5004; x_wconf 92' lang='lat' dir='ltr'><strong>pro</strong></span> <span class='ocrx_word' id='word_1_835' title='bbox 2739 4950 2850 5005; x_wconf 88' lang='lat' dir='ltr'><strong>quo</strong></span> <span class='ocrx_word' id='word_1_836' title='bbox 2893 4933 3260 5006; x_wconf 83' lang='lat' dir='ltr'><strong>Symmachus</strong></span> <span class='ocrx_word' id='word_1_837' title='bbox 3309 4933 3503 4994; x_wconf 85' lang='lat' dir='ltr'><strong>edidit,</strong></span> <span class='ocrx_word' id='word_1_838' title='bbox 3557 4933 3671 4988; x_wconf 81' lang='lat' dir='ltr'><strong>sine</strong></span> 
     </span>
    </p>
   </div>
   <div class='ocr_carea' id='block_1_109' title="bbox 2087 5023 3670 5096">
    <p class='ocr_par' dir='ltr' id='par_1_109' title="bbox 2087 5023 3670 5096">
     <span class='ocr_line' id='line_1_109' title="bbox 2087 5023 3670 5096; baseline 0.003 -23"><span class='ocrx_word' id='word_1_839' title='bbox 2087 5037 2250 5076; x_wconf 87' lang='lat' dir='ltr'><strong>causa</strong></span> <span class='ocrx_word' id='word_1_840' title='bbox 2275 5023 2606 5092; x_wconf 74' lang='lat' dir='ltr'><strong>sti/foderunt</strong></span> <span class='ocrx_word' id='word_1_841' title='bbox 2652 5027 2888 5079; x_wconf 87' lang='lat' dir='ltr'><strong>animam</strong></span> <span class='ocrx_word' id='word_1_842' title='bbox 2923 5041 3111 5079; x_wconf 89' lang='lat' dir='ltr'><strong>meam.</strong></span> <span class='ocrx_word' id='word_1_843' title='bbox 3149 5024 3293 5092; x_wconf 78' lang='lat' dir='ltr'><strong>Nihil</strong></span> <span class='ocrx_word' id='word_1_844' title='bbox 3321 5025 3524 5096; x_wconf 85' lang='lat' dir='ltr'><strong>quippe</strong></span> <span class='ocrx_word' id='word_1_845' title='bbox 3559 5039 3670 5078; x_wconf 80' lang='lat' dir='ltr'><strong>non</strong></span> 
     </span>
    </p>
   </div>
   <div class='ocr_carea' id='block_1_110' title="bbox 2085 5115 3672 5186">
    <p class='ocr_par' dir='ltr' id='par_1_110' title="bbox 2085 5115 3672 5186">
     <span class='ocr_line' id='line_1_110' title="bbox 2085 5115 3672 5186; baseline 0 -18"><span class='ocrx_word' id='word_1_846' title='bbox 2085 5116 2340 5185; x_wconf 83' lang='lat' dir='ltr'><strong>agebant,</strong></span> <span class='ocrx_word' id='word_1_847' title='bbox 2381 5125 2436 5170; x_wconf 86' lang='lat' dir='ltr'><strong>ut</strong></span> <span class='ocrx_word' id='word_1_848' title='bbox 2485 5117 2723 5171; x_wconf 87' lang='lat' dir='ltr'><strong>animam</strong></span> <span class='ocrx_word' id='word_1_849' title='bbox 2757 5118 2878 5186; x_wconf 82' lang='lat' dir='ltr'><strong>ejus</strong></span> <span class='ocrx_word' id='word_1_850' title='bbox 2914 5119 2983 5172; x_wconf 92' lang='lat' dir='ltr'><strong>ab</strong></span> <span class='ocrx_word' id='word_1_851' title='bbox 3015 5117 3182 5172; x_wconf 90' lang='lat' dir='ltr'><strong>insita</strong></span> <span class='ocrx_word' id='word_1_852' title='bbox 3221 5115 3316 5171; x_wconf 88' lang='lat' dir='ltr'><strong>illa</strong></span> <span class='ocrx_word' id='word_1_853' title='bbox 3347 5122 3672 5170; x_wconf 86' lang='lat' dir='ltr'><strong>mansuetu-</strong></span> 
     </span>
    </p>
   </div>
   <div class='ocr_carea' id='block_1_111' title="bbox 2085 5205 3668 5277">
    <p class='ocr_par' dir='ltr' id='par_1_111' title="bbox 2085 5205 3668 5277">
     <span class='ocr_line' id='line_1_111' title="bbox 2085 5205 3668 5277; baseline -0.001 -16"><span class='ocrx_word' id='word_1_854' title='bbox 2085 5205 2214 5261; x_wconf 87' lang='lat' dir='ltr'><strong>dine</strong></span> <span class='ocrx_word' id='word_1_855' title='bbox 2253 5213 2307 5262; x_wconf 88' lang='lat' dir='ltr'><strong>et</strong></span> <span class='ocrx_word' id='word_1_856' title='bbox 2361 5207 2689 5277; x_wconf 87' lang='lat' dir='ltr'><strong>injuriarum</strong></span> <span class='ocrx_word' id='word_1_857' title='bbox 2725 5207 3002 5262; x_wconf 89' lang='lat' dir='ltr'><strong>oblivione</strong></span> <span class='ocrx_word' id='word_1_858' title='bbox 3033 5207 3412 5270; x_wconf 87' lang='lat' dir='ltr'><strong>deturbarent,</strong></span> <span class='ocrx_word' id='word_1_859' title='bbox 3441 5221 3552 5277; x_wconf 93' lang='lat' dir='ltr'><strong>quo</strong></span> <span class='ocrx_word' id='word_1_860' title='bbox 3584 5207 3668 5260; x_wconf 87' lang='lat' dir='ltr'><strong>ira</strong></span> 
     </span>
    </p>
   </div>
   <div class='ocr_carea' id='block_1_112' title="bbox 2081 5295 3663 5368">
    <p class='ocr_par' dir='ltr' id='par_1_112' title="bbox 2081 5295 3663 5368">
     <span class='ocr_line' id='line_1_112' title="bbox 2081 5295 3663 5368; baseline 0.001 -18"><span class='ocrx_word' id='word_1_861' title='bbox 2081 5297 2376 5368; x_wconf 83' lang='lat' dir='ltr'><strong>furoreque</strong></span> <span class='ocrx_word' id='word_1_862' title='bbox 2399 5301 2592 5368; x_wconf 88' lang='lat' dir='ltr'><strong>plenus</strong></span> <span class='ocrx_word' id='word_1_863' title='bbox 2617 5300 2682 5354; x_wconf 88' lang='lat' dir='ltr'><strong>ad</strong></span> <span class='ocrx_word' id='word_1_864' title='bbox 2719 5299 3015 5355; x_wconf 88' lang='lat' dir='ltr'><strong>vindictam</strong></span> <span class='ocrx_word' id='word_1_865' title='bbox 3051 5317 3111 5354; x_wconf 91' lang='lat' dir='ltr'><strong>se</strong></span> <span class='ocrx_word' id='word_1_866' title='bbox 3145 5305 3405 5361; x_wconf 86' lang='lat' dir='ltr'><strong>verteret,</strong></span> <span class='ocrx_word' id='word_1_867' title='bbox 3429 5308 3482 5352; x_wconf 90' lang='lat' dir='ltr'><strong>et</strong></span> <span class='ocrx_word' id='word_1_868' title='bbox 3509 5295 3663 5352; x_wconf 87' lang='lat' dir='ltr'><strong>Sauli</strong></span> 
     </span>
    </p>
   </div>
   <div class='ocr_carea' id='block_1_113' title="bbox 2079 5389 3665 5463">
    <p class='ocr_par' dir='ltr' id='par_1_113' title="bbox 2079 5389 3665 5463">
     <span class='ocr_line' id='line_1_113' title="bbox 2079 5389 3665 5463; baseline -0.003 -17"><span class='ocrx_word' id='word_1_869' title='bbox 2079 5393 2359 5463; x_wconf 90' lang='lat' dir='ltr'><strong>quidpiam</strong></span> <span class='ocrx_word' id='word_1_870' title='bbox 2394 5395 2524 5447; x_wconf 87' lang='lat' dir='ltr'><strong>mali</strong></span> <span class='ocrx_word' id='word_1_871' title='bbox 2548 5392 2795 5448; x_wconf 85' lang='lat' dir='ltr'><strong>inferret.</strong></span> <span class='ocrx_word' id='word_1_872' title='bbox 2843 5393 2974 5448; x_wconf 68' lang='lat' dir='ltr'><strong>&quot;rec</strong></span> <span class='ocrx_word' id='word_1_873' title='bbox 3003 5394 3070 5449; x_wconf 89' lang='lat' dir='ltr'><strong>de</strong></span> <span class='ocrx_word' id='word_1_874' title='bbox 3095 5392 3282 5447; x_wconf 88' lang='lat' dir='ltr'><strong>multis</strong></span> <span class='ocrx_word' id='word_1_875' title='bbox 3313 5391 3550 5446; x_wconf 90' lang='lat' dir='ltr'><strong>inimicis</strong></span> <span class='ocrx_word' id='word_1_876' title='bbox 3581 5389 3665 5444; x_wconf 52' lang='lat' dir='ltr'><strong>did</strong></span> 
     </span>
    </p>
   </div>
   <div class='ocr_carea' id='block_1_114' title="bbox 2078 5479 3664 5554">
    <p class='ocr_par' dir='ltr' id='par_1_114' title="bbox 2078 5479 3664 5554">
     <span class='ocr_line' id='line_1_114' title="bbox 2078 5479 3664 5554; baseline -0.001 -18"><span class='ocrx_word' id='word_1_877' title='bbox 2078 5487 2166 5536; x_wconf 87' lang='lat' dir='ltr'><strong>cta</strong></span> <span class='ocrx_word' id='word_1_878' title='bbox 2203 5502 2216 5537; x_wconf 92' lang='lat'>:</span> <span class='ocrx_word' id='word_1_879' title='bbox 2255 5484 2322 5538; x_wconf 94' lang='lat' dir='ltr'><strong>de</strong></span> <span class='ocrx_word' id='word_1_880' title='bbox 2357 5483 2573 5538; x_wconf 88' lang='lat' dir='ltr'><strong>illorum</strong></span> <span class='ocrx_word' id='word_1_881' title='bbox 2620 5493 2804 5540; x_wconf 88' lang='lat' dir='ltr'><strong>autem</strong></span> <span class='ocrx_word' id='word_1_882' title='bbox 2841 5485 3088 5554; x_wconf 86' lang='lat' dir='ltr'><strong>principe</strong></span> <span class='ocrx_word' id='word_1_883' title='bbox 3135 5484 3251 5538; x_wconf 78' lang='lat' dir='ltr'><strong>haec</strong></span> <span class='ocrx_word' id='word_1_884' title='bbox 3297 5480 3524 5550; x_wconf 85' lang='lat' dir='ltr'><strong>adjicit:</strong></span> <span class='ocrx_word' id='word_1_885' title='bbox 3567 5479 3664 5535; x_wconf 73' lang='lat' dir='ltr'><strong>Ve-</strong></span> 
     </span>
    </p>
   </div>
   <div class='ocr_carea' id='block_1_115' title="bbox 2079 5570 3664 5645">
    <p class='ocr_par' dir='ltr' id='par_1_115' title="bbox 2079 5570 3664 5645">
     <span class='ocr_line' id='line_1_115' title="bbox 2079 5570 3664 5645; baseline -0.001 -19"><span class='ocrx_word' id='word_1_886' title='bbox 2079 5575 2192 5627; x_wconf 87' lang='lat' dir='ltr'><strong>niat</strong></span> <span class='ocrx_word' id='word_1_887' title='bbox 2221 5575 2304 5628; x_wconf 85' lang='lat' dir='ltr'><strong>illi</strong></span> <span class='ocrx_word' id='word_1_888' title='bbox 2339 5574 2554 5645; x_wconf 83' lang='lat' dir='ltr'><strong>laqueus</strong></span> <span class='ocrx_word' id='word_1_889' title='bbox 2588 5591 2740 5644; x_wconf 88' lang='lat' dir='ltr'><strong>quem</strong></span> <span class='ocrx_word' id='word_1_890' title='bbox 2772 5576 3006 5645; x_wconf 85' lang='lat' dir='ltr'><strong>ignorat,</strong></span> <span class='ocrx_word' id='word_1_891' title='bbox 3060 5583 3110 5628; x_wconf 85' lang='lat' dir='ltr'><strong>et</strong></span> <span class='ocrx_word' id='word_1_892' title='bbox 3140 5573 3315 5640; x_wconf 85' lang='lat' dir='ltr'><strong>captio</strong></span> <span class='ocrx_word' id='word_1_893' title='bbox 3344 5589 3500 5641; x_wconf 86' lang='lat' dir='ltr'><strong>quam</strong></span> <span class='ocrx_word' id='word_1_894' title='bbox 3538 5570 3664 5625; x_wconf 80' lang='lat' dir='ltr'><strong>abs-</strong></span> 
     </span>
    </p>
   </div>
   <div class='ocr_carea' id='block_1_116' title="bbox 2079 5666 3662 5738">
    <p class='ocr_par' dir='ltr' id='par_1_116' title="bbox 2079 5666 3662 5738">
     <span class='ocr_line' id='line_1_116' title="bbox 2079 5666 3662 5738; baseline -0.004 -16"><span class='ocrx_word' id='word_1_895' title='bbox 2079 5667 2257 5722; x_wconf 84' lang='lat' dir='ltr'><strong>condit</strong></span> <span class='ocrx_word' id='word_1_896' title='bbox 2290 5667 2646 5738; x_wconf 83' lang='lat' dir='ltr'><strong>apprehendat</strong></span> <span class='ocrx_word' id='word_1_897' title='bbox 2684 5685 2823 5734; x_wconf 80' lang='lat' dir='ltr'><strong>eum,</strong></span> <span class='ocrx_word' id='word_1_898' title='bbox 2854 5681 2904 5723; x_wconf 86' lang='lat' dir='ltr'><strong>et</strong></span> <span class='ocrx_word' id='word_1_899' title='bbox 2935 5670 2990 5722; x_wconf 85' lang='lat' dir='ltr'><strong>in</strong></span> <span class='ocrx_word' id='word_1_900' title='bbox 3025 5668 3270 5738; x_wconf 85' lang='lat' dir='ltr'><strong>laqueum</strong></span> <span class='ocrx_word' id='word_1_901' title='bbox 3309 5677 3468 5720; x_wconf 86' lang='lat' dir='ltr'><strong>caaat</strong></span> <span class='ocrx_word' id='word_1_902' title='bbox 3501 5666 3553 5720; x_wconf 87' lang='lat' dir='ltr'><strong>in</strong></span> <span class='ocrx_word' id='word_1_903' title='bbox 3577 5671 3662 5735; x_wconf 75' lang='lat' dir='ltr'><strong>ip—</strong></span> 
     </span>
    </p>
   </div>
   <div class='ocr_carea' id='block_1_117' title="bbox 457 5897 3322 5975">
    <p class='ocr_par' dir='ltr' id='par_1_117' title="bbox 457 5897 3322 5975">
     <span class='ocr_line' id='line_1_117' title="bbox 457 5897 3322 5975; baseline 0.001 -24"><span class='ocrx_word' id='word_1_904' title='bbox 457 5897 539 5970; x_wconf 83' lang='grc' dir='ltr'><strong>(ι)</strong></span> <span class='ocrx_word' id='word_1_905' title='bbox 566 5899 701 5966; x_wconf 87' lang='lat' dir='ltr'><strong>Quis</strong></span> <span class='ocrx_word' id='word_1_906' title='bbox 730 5915 842 5954; x_wconf 88' lang='lat' dir='ltr'><strong>non</strong></span> <span class='ocrx_word' id='word_1_907' title='bbox 867 5901 1012 5968; x_wconf 69' lang='lat' dir='ltr'><strong>videt</strong></span> <span class='ocrx_word' id='word_1_908' title='bbox 1037 5903 1323 5972; x_wconf 82' lang='lat' dir='ltr'><strong>legendum</strong></span> <span class='ocrx_word' id='word_1_909' title='bbox 1347 5916 1471 5956; x_wconf 87' lang='lat' dir='ltr'><strong>esse</strong></span> <span class='ocrx_word' id='word_1_910' title='bbox 1502 5903 1770 5975; x_wconf 76' lang='grc' dir='ltr'>πολεμῶν,</span> <span class='ocrx_word' id='word_1_911' title='bbox 1788 5903 2088 5974; x_wconf 83' lang='lat' dir='ltr'><strong>Latineque</strong></span> <span class='ocrx_word' id='word_1_912' title='bbox 2119 5902 2461 5960; x_wconf 86' lang='lat' dir='ltr'><strong>reddendum</strong></span> <span class='ocrx_word' id='word_1_913' title='bbox 2497 5919 2510 5958; x_wconf 91' lang='lat'><strong>:</strong></span> <span class='ocrx_word' id='word_1_914' title='bbox 2548 5901 2709 5957; x_wconf 85' lang='lat' dir='ltr'><strong>etiam</strong></span> <span class='ocrx_word' id='word_1_915' title='bbox 2750 5902 3071 5972; x_wconf 85' lang='lat' dir='ltr'><strong>impugnans</strong></span> <span class='ocrx_word' id='word_1_916' title='bbox 3104 5901 3276 5958; x_wconf 71' lang='lat' dir='ltr'><strong>salvat</strong></span> <span class='ocrx_word' id='word_1_917' title='bbox 3297 5903 3322 5955; x_wconf 81' lang='lat'><strong><em>?</em></strong></span> 
     </span>
    </p>
   </div>
   <div class='ocr_carea' id='block_1_118' title="bbox 716 5993 1442 6060">
    <p class='ocr_par' dir='ltr' id='par_1_118' title="bbox 716 5993 1442 6060">
     <span class='ocr_line' id='line_1_118' title="bbox 716 5993 1442 6060; baseline 0.008 -6"><span class='ocrx_word' id='word_1_918' title='bbox 716 5993 991 6056; x_wconf 74' lang='grc' dir='ltr'>ΡΑτιιοι..</span> <span class='ocrx_word' id='word_1_919' title='bbox 1039 5995 1156 6058; x_wconf 79' lang='lat' dir='ltr'><strong>Gn.</strong></span> <span class='ocrx_word' id='word_1_920' title='bbox 1202 5997 1442 6060; x_wconf 76' lang='lat' dir='ltr'><strong>XXIII.</strong></span> 
     </span>
    </p>
   </div>
   <div class='ocr_carea' id='block_1_119' title="bbox 3263 5997 3338 6055">
    <p class='ocr_par' dir='ltr' id='par_1_119' title="bbox 3263 5997 3338 6055">
     <span class='ocr_line' id='line_1_119' title="bbox 3263 5997 3338 6055; baseline 0.013 -1"><span class='ocrx_word' id='word_1_921' title='bbox 3263 5997 3338 6055; x_wconf 84' lang='lat'><strong>10</strong></span> 
     </span>
    </p>
   </div>
  </div>
