4138 6380
450 407 562 474 399

1140 412 1411 468 EUSEBll
1443 407 1927 466 CASSABIENSIS
1959 404 2111 461 OPP.
2145 405 2325 465 PARS
2361 410 2451 468 ΙΙΙ.
2483 444 2552 453 -
2591 412 2999 469 EXEGETICA.

3620 413 3727 471 500

454 548 594 587 sum.
629 529 756 587 Hac
806 532 966 603 quasi
1016 531 1294 604 precando
1325 546 1355 586 a
1385 531 1591 588 Davide
1618 531 1854 603 prolata,
1890 529 2039 584 futu-

2142 530 2331 584 σεῖται
2365 532 2436 585 ἐν
2460 532 2634 602 αὐτῇ,
2688 533 2872 587 Ταῦτα
2901 531 2958 585 δὲ
2986 531 3177 603 ῶσπερ
3204 531 3263 584 ὲν
3288 532 3421 603 εὐχῇ
3454 531 3531 602 τῷ
3565 531 3727 585 Δαυῖδ

456 639 643 681 rerum
695 625 999 695 prmnuntia
1053 632 1234 691 erant,
1293 632 1348 680 et
1404 640 1526 696 quae
1571 630 1834 681 eventura
1879 629 2039 678 erant

455 716 1177 789 prophetice'declarabant.
1209 716 1589 789 Similiterque
1622 717 1877 787 superius
1910 730 2041 786 pro-

454 810 671 882 phetice
702 809 912 865 dictum
944 818 1059 867 est:
1098 809 1430 866 Erubescant
1460 822 1509 865 et
1541 810 1958 881 confundantur,
1983 809 2038 863 id

449 907 557 965 est,
588 899 916 956 erubescent
947 908 1003 957 et
1034 901 1443 957 contundentur
1462 906 1566 967 ;:ac
1593 918 1816 959 rursum
1842 902 2037 957 :Aver-

451 991 1160 1061 laniaret-confundantur,
1187 1003 1237 1049 et
1271 995 1408 1065 ﬁant
1434 1004 1687 1067 tanquam
1710 995 1902 1065 putris,
1935 995 2040 1051 hoc

449 1093 556 1150 est,
586 1091 905 1141 avertantur
935 1094 992 1142 et
1035 1085 1465 1151 confundentur,
1501 1097 1556 1143 et
1609 1080 1741 1143 ﬁent
1773 1096 2039 1159 tanquam

449 1178 651 1249 pulvis.
678 1176 816 1233 Nam
846 1193 968 1251 qua:
994 1179 1233 1236 inimicis
1261 1190 1526 1239 eventura
1577 1189 1735 1237 erant
1778 1195 2040 1253 praenun-

446 1269 645 1330 tiabat.
683 1269 803 1325 Erit
854 1273 947 1343 qui
995 1272 1318 1338 arbitretur,
1368 1274 1438 1330 de
1486 1272 1653 1331 Saule
1678 1274 1794 1330 haec
1824 1276 2037 1346 prolata

451 1378 598 1430 esse,
634 1363 764 1435 quia
793 1364 941 1420 haud
982 1364 1079 1420 diu
1112 1372 1305 1435 postea
1338 1366 1445 1422 hoc
1483 1368 1587 1438 ipsi
1622 1369 1751 1423 mali
1785 1370 2036 1441 contigit.

454 1461 523 1514 At
549 1474 650 1515 nos
677 1473 869 1515 eorum
899 1474 1022 1530 qua:
1054 1459 1219 1515 initio
1242 1461 1441 1531 psalmi
1472 1460 1618 1516 dicta
1650 1472 1779 1518 sunt
1830 1480 2041 1520 memo-

452 1569 567 1618 res,
595 1553 712 1609 haec
735 1554 854 1624 ipsa
877 1552 945 1608 de
973 1553 1213 1624 quodam
1246 1569 1313 1609 ex
1359 1554 1744 1625 spiritualibus
1774 1556 2038 1625 inimicis,

452 1648 548 1719 qui
580 1647 635 1703 in
668 1647 876 1702 malitia
906 1646 1178 1703 valentior
1201 1654 1373 1714 esset,
1401 1648 1664 1704 nimirum
1697 1650 1766 1707 de
1794 1651 2035 1718 diabolo,

455 1740 511 1795 id
541 1740 749 1796 dictum
784 1740 1137 1810 accipiemus.

522 1922 693 1979 Vens.
724 1923 780 1984 9.
816 1923 906 1980 10.
949 1923 1143 1979 Omnia
1183 1941 1305 1979 ossa
1342 1943 1457 1980 mea
1513 1924 1690 1982 dicent
1722 1945 1739 1983 :
1788 1928 2034 1994 Domine,

450 2018 569 2089 quis
594 2018 789 2072 similis
820 2018 961 2073 tibi?
997 2018 1241 2089 Eripiens
1290 2021 1497 2090 inopem
1535 2022 1599 2076 de
1642 2037 1802 2076 manu
1845 2023 2039 2093 fortio-

451 2126 574 2163 rum
611 2127 694 2175 eo,
733 2126 951 2181 egenum
997 2122 1050 2165 et
1099 2128 1385 2182 pauperem
1421 2132 1456 2168 a
1503 2114 1873 2183 diripientibus
1895 2126 2034 2173 eum.

452 2200 592 2258 Ossa
626 2203 822 2257 animae
852 2210 983 2258 sunt
1014 2203 1254 2260 virtutes
1284 2205 1409 2275 ejus
1440 2206 1802 2278 intelligendi,
1835 2209 1914 2263 uti
1945 2223 2040 2263 su-

452 2294 641 2365 perius
672 2294 879 2350 dictum
905 2302 1011 2351 est.
1065 2294 1203 2367 Ipsa:
1232 2314 1363 2354 vero
1395 2303 1516 2369 ejus
1567 2302 1860 2371 praesentia
1912 2302 2040 2355 illu-

451 2394 658 2451 strataz,
690 2385 877 2442 dicent
910 2405 924 2443 :
954 2387 1196 2456 Domine,
1226 2392 1343 2462 quis
1367 2392 1559 2446 similis
1585 2393 1679 2446 tibi
1702 2397 1726 2449 .9
1746 2392 1861 2449 Nisi
1891 2396 2037 2449 enim

449 2487 510 2532 tu
541 2492 716 2549 egeno
748 2478 1042 2546 adfuisses,
1076 2482 1184 2537 nisi
1209 2483 1391 2553 ipsum
1421 2485 1628 2539 auxilio
1658 2484 1917 2556 dignatus
1947 2502 2037 2543 es-

450 2584 541 2623 ses
611 2576 727 2632 tuo,
777 2569 939 2640 quis,
996 2586 1225 2641 quaeso,
1273 2580 1625 2644 quantusque
1681 2575 1772 2630 ille
1835 2576 2038 2642 homo,

448 2659 544 2729 qui
582 2661 734 2715 solus
780 2670 859 2715 tot
903 2661 1187 2733 tantisque
1233 2663 1475 2720 inimicis
1519 2665 1761 2720 conferri
1810 2669 2041 2738 posset?

449 2752 496 2806 Α
524 2752 673 2806 nuda
702 2760 757 2807 et
790 2754 1029 2824 simplici
1055 2771 1239 2811 rerum
1273 2757 1504 2814 historia
1539 2759 1672 2814 dicti
1707 2762 2037 2816 sententiam

449 2845 743 2915 percipies,
775 2848 822 2901 si
873 2850 1139 2903 memoria
1188 2858 1427 2920 repetas,
1491 2868 1603 2922 quo
1654 2862 1817 2923 pacto
1868 2852 2040 2908 David

448 2937 580 2992 dum
617 2938 848 3009 fugeret,
902 2940 971 2995 ad
1005 2947 1215 2995 tantam
1271 2942 1511 3014 inopiam
1545 2944 1805 3000 redactus
1841 2953 1946 3009 est,
1980 2956 2040 3001 ut

446 3044 592 3103 pane
626 3046 691 3086 ac
719 3034 1053 3091 necessariis
1093 3036 1369 3091 alimentis
1400 3046 1653 3102 careret;
1697 3053 1762 3094 ac
1792 3039 2039 3094 necessi-

448 3132 565 3181 tate
593 3132 820 3181 coactus
860 3141 1033 3197 panes
1080 3128 1476 3199 propositionis
1525 3130 1815 3185 comedere
1868 3132 2037 3185 aude-

2141 627 2406 698 εἰρημένα
2432 626 2732 699 μελλόντων
2750 623 2818 698 ἦν
2840 625 3276 697 προαγορευτικὰ
3296 667 3311 689 ,
3335 627 3429 678 καὶ
3451 642 3513 678 συ
3522 624 3726 696 μϐησο-

2144 720 2321 789 μένων
2353 720 2687 792 προφητικά.
2723 719 2879 773 Οὕτω
2908 718 3038 788 γοῦν
3066 719 3160 771 καὶ
3185 718 3439 790 ἀνωτέρω
3465 735 3730 789 προφητι-

2142 813 2253 877 κῶς
2280 814 2498 883 ἐλέγετο
2517 831 2529 843 ·
2562 811 3082 882 Αἰσχυνθήτωσαν
3103 811 3199 864 καί
3234 810 3726 879 ἑντραπήτωσαν,

2141 907 2262 961 ἀντὶ
2293 905 2383 959 τοῦ
2401 947 2415 969 ,
2445 905 2872 976 Αίχυνθήσονται
2896 904 2990 958 καὶ
3017 905 3478 974 ἐντραπήσονται-⁸
3503 904 3598 957 καὶ
3622 903 3730 957 πά·-

2140 998 2242 1051 λιν·
2262 1000 2319 1053 Ἀ
2328 999 2852 1067 ποστραφήτωσαν
2861 997 2959 1050 καὶ
2974 996 3609 1064 καταισχυνθήτωσαν,
3627 994 3728 1049 καὶ

2141 1092 2572 1162 γενηθήτωσαν
2596 1092 2677 1157 ὡς
2701 1091 2869 1162 χοῦς,
2906 1090 3029 1146 ἀντί⁵
3065 1089 3159 1143 τοῦ
3179 1106 3193 1119 ⁸
3262 1090 3730 1160 ’Λποστραιρήσον-

2140 1204 2232 1241 ται
2266 1183 2361 1240 καὶ
2390 1184 2841 1256 αἰσχυνθήσονται
2893 1187 2989 1239 καὶ
3018 1186 3338 1257 γενήσονται
3366 1182 3441 1245 ὡς
3464 1182 3609 1253 χοῦς.
3644 1182 3727 1237 Τὰ

2142 1276 2252 1346 γὰρ
2281 1275 2564 1347 μέλλονται
2595 1274 2967 1347 συμϐήσεσθαι
2991 1278 3101 1338 τοῖς
3128 1274 3341 1345 ἐχθροῖς
3364 1271 3528 1327 αὐτοῦ
3550 1289 3725 1343 προη-

2141 1370 2386 1440 γὸρευεν.
2475 1369 2586 1421 Καὶ
2623 1370 2651 1421 ὁ
2693 1368 2791 1438 μὲν
2824 1367 2933 1440 γὰρ
2966 1367 3231 1438 ἡγήσεται
3271 1367 3398 1438 περὶ
3429 1366 3522 1418 τοῦ
3558 1364 3728 1419 Σαοὺλ

2142 1462 2393 1536 εἰρῆσθαι
2422 1462 2519 1535 τὴν
2549 1462 2915 1534 προκειμένην
2953 1464 3109 1534 ῥῆσιν
3128 1478 3142 1491 ·
3190 1462 3313 1514 ἐπεὶ
3343 1461 3436 1514 καὶ
3461 1458 3729 1514 πέπονθεν

2141 1558 2239 1610 οὐκ
2259 1559 2335 1621 είς
2360 1556 2577 1629 μακρὰν
2596 1553 2769 1608 ταῦτα
2788 1571 2801 1584 ’
2826 1556 2988 1625 ἡμεῖς
3007 1554 3083 1613 δὲ,
3114 1552 3450 1624 μεμνημένοι
3473 1551 3580 1604 τῶν
3603 1568 3731 1623 προ-

2140 1650 2483 1721 λελεγμένων
2509 1650 2588 1713 εἰς
2616 1649 2713 1720 τὴν
2738 1647 2911 1719 ἀρχὴν
2934 1646 3027 1700 τοῦ
3058 1642 3273 1717 ψαλμοῦ
3294 1687 3307 1711 ,
3339 1646 3433 1699 καὶ
3456 1645 3627 1698 ταῦτα
3648 1646 3728 1707 et;

2142 1745 2238 1797 ἕνα
2268 1743 2389 1797 τινὰ
2421 1743 2531 1797 τῶν
2559 1741 2764 1814 νοητῶν
2800 1740 3011 1811 ἐχθρῶν
3042 1741 3134 1793 τὸν
3174 1741 3249 1803 ὡς
3283 1742 3340 1792 ἐν
3369 1739 3537 1811 κακίᾳ
3568 1738 3727 1793 δυνα-

2069 1872 2119 1933 B
2146 1838 2410 1910 τώτερον,
2440 1835 2638 1908 δηλαδὴ
2669 1835 2761 1888 τὸν
2783 1833 3028 1887 διάϐολον
3051 1873 3066 1895 ,
3097 1831 3465 1903 ἐκληψόμεθα.

2219 1932 2424 1986 Πάντα
2452 1929 2525 1983 τὰ
2554 1929 2706 1983 ὀστᾶ
2730 1947 2849 1998 μου
2879 1928 3085 1997 ἐροῦσι
3104 1943 3117 1956 ·
3154 1928 3361 1994 Κύριε,
3391 1926 3484 1991 τίς
3529 1924 3728 1992 ὅμοιός

2143 2041 2278 2087 om;
2341 2024 2661 2092 Ῥυόμενος
2707 2019 2947 2089 πτωχὸν
2987 2019 3054 2071 ἐκ
3092 2016 3289 2086 χειρὸς
3323 2015 3731 2083 στερεωτέρων

2143 2116 2331 2170 αὐτοῦ
2351 2157 2365 2180 ,
2417 2114 2512 2168 καὶ
2544 2111 2784 2182 πτωχόν
2812 2112 2908 2165 καὶ
2940 2110 3171 2177 πένητα
3195 2110 3312 2165 ἀπὸ
3339 2108 3455 2162 τῶν
3479 2109 3730 2176 διαρπα-

2143 2207 2361 2268 ζόντων
2395 2207 2601 2260 αὐτόν.
2671 2202 2834 2257 Ὁστᾶ
2880 2204 3057 2275 ψυχῆς
3096 2206 3150 2256 αἱ
3180 2200 3519 2272 διανοητικαὶ
3556 2198 3731 2268 αὐτῆς

2142 2302 2397 2371 δυνάμεις
2413 2300 2489 2362 ὡς
2511 2297 2819 2370 ἔμπροσθεν
2836 2296 3049 2367 εἴρηται
3065 2312 3077 2324 '
3103 2294 3467 2365 φωτιζόμεναι
3489 2293 3545 2346 δὲ
3567 2285 3727 2346 αὗται

2143 2397 2206 2447 ἐκ
2234 2396 2333 2465 τῆς
2356 2392 2519 2446 αὐτοῦ
2542 2392 2863 2463 παρουσίας,
2895 2391 3127 2460 φήσουσι
3147 2404 3160 2418 ⁸
3188 2389 3384 2456 Κύριε,
3414 2387 3505 2451 τίς
3529 2385 3731 2454 ὅμοιός

2141 2502 2273 2549 om;
2300 2485 2362 2538 Et
2394 2484 2467 2555 μὴ
2488 2484 2595 2555 γὰρ
2620 2487 2683 2536 σὺ
2707 2484 2887 2553 παρῇς
2911 2481 2989 2551 τῷ
3006 2480 3204 2551 πτωχῷ
3222 2522 3235 2546 ,
3264 2479 3359 2533 καὶ
3386 2478 3731 2548 κατηξίωσας

2142 2578 2301 2631 αὑτὸν
2326 2578 2423 2647 τῆς
2447 2576 2598 2645 παρὰ
2628 2574 2721 2627 σοῦ
2747 2573 3024 2645 βοηθείας,
3055 2573 3137 2635 τίς
3163 2572 3227 2624 ἂν
3249 2573 3342 2624 καὶ¹
3372 2569 3533 2633 πόσος
3565 2570 3728 2641 μόνος

2142 2669 2304 2733 αὐτὸς
2347 2667 2770 2739 συγκρινόμενος
2808 2670 2921 2729 τοῖς
2962 2664 3235 2727 τοσούτοις
3267 2664 3360 2716 καὶ
3392 2663 3731 2733 τηλικούτοις

2141 2762 2306 2817 αὑτοῦ
2340 2761 2587 2833 ἐχθροῖς;
2645 2762 2877 2829 Νοήσεις
2908 2758 2964 2812 δὲ
3001 2760 3095 2811 καὶ
3135 2758 3241 2811 ἀπὸ
3269 2755 3429 2826 ψιλῆς
3456 2756 3557 2825 τῆς
3586 2757 3730 2807 ίστο-

2143 2854 2265 2924 ρίας
2296 2853 2386 2906 τὸν
2412 2852 2568 2921 λόγον
2587 2892 2600 2915 ,
2630 2854 2686 2905 ἐν
2719 2852 2795 2922 νῷ
2820 2850 2999 2905 λαϐὼν
3019 2892 3032 2915 ,
3066 2851 3140 2913 ὡς
3168 2839 3382 2919 φεύγων
3405 2849 3435 2901 ὁ
3460 2846 3625 2901 Δαυῖδ
3647 2849 3730 2911 είς

2139 2947 2409 3019 τοσαύτην
2453 2947 2651 3018 ἤλαυνε
2703 2946 3013 3015 πτωχείαν,
3063 2943 3204 2996 ὥστε
3259 2942 3438 3013 ἄρτων
3488 2941 3583 2994 καὶ
3627 2941 3728 3013 τῆς

2141 3039 2442 3109 ἀναγκαίας
2474 3039 2682 3111 τροφῆς
2714 3036 3001 3109 δεηθῆναι,
3065 3041 3144 3101 εἰς
3177 3039 3422 3108 ἀνάγκην
3459 3054 3519 3089 τε
3554 3035 3722 3089 tmen

2139 3132 2235 3185 τοῦ
2260 3131 2528 3202 τολμῆσαι
2557 3129 2665 3183 τῶν
2694 3128 2871 3202 ἄρτων
2901 3119 2999 3199 τῆς
3036 3128 3344 3198 προθέσεως
3382 3126 3726 3198 μεταλαϐεῖν.

452 3224 559 3273 ret.
590 3215 709 3273 Non
730 3218 882 3302 enim.
900 3216 1222 3274 deliciarum
1253 3235 1444 3288 causa,
1474 3236 1583 3276 non
1604 3222 1672 3277 de
1696 3221 1914 3291 justitia
1936 3238 2036 3278 sua

2142 3224 2218 3279 Ού
2259 3224 2370 3297 γὰρ
2400 3223 2618 3296 τρυφῶν
2654 3224 2745 3276 ἐπὶ
2776 3222 2917 3275 τοῦτ’
2947 3224 3174 3294 ἤρχετο,
3223 3222 3332 3275 οὐδ’
3367 3221 3733 3292 ἐπαιρόμενος

449 3311 652 3378 elatus,
696 3327 806 3367 non
835 3311 1098 3383 despectu
1138 3312 1320 3385 legum
1354 3314 1409 3369 id
1462 3330 1758 3385 aggressus
1785 3323 1903 3382 est;
1941 3313 2034 3370 sed

450 3420 518 3461 ex
549 3419 747 3474 magna
798 3405 1048 3461 ciborum
1082 3407 1338 3478 penuria.
1372 3406 1741 3474 Quamobrem
1788 3407 2040 3463 Salvator

449 3495 573 3550 ait:
613 3488 736 3551 Non
767 3497 967 3568 legistis
1018 3497 1147 3568 quid
1180 3497 1362 3566 fecerit
1414 3497 1611 3563 David,
1665 3498 1879 3570 quando
1912 3516 2035 3554 esu—
2086 3520 2093 3533 ν

448 3589 543 3644 riit
575 3590 656 3644 "?
683 3590 804 3661 Ipse
838 3589 1063 3660 quidem
1092 3598 1301 3661 egenus
1337 3599 1459 3646 erat
1514 3607 1640 3646 cum
1692 3592 1886 3662 paucis
1947 3591 2069 3646 fu-c

450 3684 607 3753 giens
647 3701 660 3739 :
695 3685 788 3755 qui
815 3700 946 3740 vero
978 3682 1415 3756 insequebantur
1445 3701 1570 3741 eum
1609 3688 1912 3758 praevalidi,
1956 3688 2040 3759 ip-

451 3789 620 3845 seque
652 3771 786 3829 Saul
817 3784 937 3830 erat
994 3791 1088 3830 rex
1146 3776 1313 3831 totius
1364 3776 1566 3847 gentis,
1622 3792 1686 3831 ac
1735 3777 2036 3848 principes,

448 3865 572 3937 ejus
603 3869 836 3924 comites
864 3887 878 3922 :
907 3884 1122 3924 necnon
1151 3869 1583 3940 alienigenarum
1610 3871 1841 3925 militum
1868 3872 2040 3927 duces

449 3958 661 4015 Davidc
690 3960 1052 4031 potentiores,
1086 3977 1324 4032 quorum
1370 3979 1572 4019 manus
1601 3978 1726 4018 cum
1753 3962 2037 4033 eﬂ'ugeret,

448 4064 560 4105 non
593 4050 881 4122 ignorabat
911 4053 1036 4122 quis
1087 4053 1195 4108 sibi
1250 4055 1547 4109 auxiliator
1592 4061 1761 4112 esset.
1812 4054 1879 4109 Et
1926 4056 2041 4110 haec

450 4143 673 4215 quidem
713 4142 782 4198 de
820 4144 1054 4199 historia
1102 4145 1252 4200 dicta
1308 4146 1441 4201 sint.
1487 4145 1641 4213 Quod
1705 4147 1752 4202 si
1790 4148 2040 4201 occultos

451 4242 618 4306 atque
645 4235 954 4292 invisibiles
988 4237 1187 4293 anima:
1233 4238 1371 4309 justi
1424 4239 1681 4296 inimicos
1728 4242 2038 4312 intelligas;

452 4342 588 4381 sane
620 4328 1048 4395 animadvertes,
1082 4347 1183 4388 nes
1233 4333 1287 4386 in
1324 4335 1443 4389 acie
1476 4335 1741 4390 adversus
1786 4335 2041 4392 inimicos

450 4422 612 4485 istos,
647 4423 741 4492 qui
767 4425 1005 4479 animam
1041 4441 1258 4497 semper
1285 4437 1535 4483 nostram
1566 4428 1885 4499 depraedare
1923 4436 2041 4484 ten-

451 4521 592 4578 tant,
642 4517 795 4571 nullo
840 4518 949 4573 alio
1003 4520 1255 4591 adjutore
1286 4538 1351 4577 ac
1386 4529 1668 4578 servatore
1718 4538 1878 4593 egere
1932 4523 2040 4578 nisi

453 4609 574 4677 ipso
600 4606 841 4666 Christo.
869 4611 1126 4668 Animum
1160 4631 1291 4671 vero
1324 4616 1585 4671 intendas
1615 4632 1747 4670 num
1788 4616 1928 4671 alius
1961 4616 2034 4671 sit

450 4716 658 4772 egenus
694 4717 723 4756 a
755 4719 1015 4775 paupere,
1065 4723 1128 4763 ac
1171 4716 1354 4763 utrum
1388 4726 1446 4766 re
1478 4711 1596 4781 ipsa
1630 4709 1907 4771 diﬂ‘erant,
1940 4719 2035 4765 aut

451 4794 630 4849 solum
662 4796 940 4867 cogitandi
975 4798 1141 4854 modo
1195 4820 1208 4856 :
1258 4803 1388 4872 quia
1421 4802 1537 4858 ﬁeri
1584 4811 1765 4871 potest
1796 4809 1855 4854 ut
1890 4800 2036 4856 idem

451 4885 523 4940 sit
548 4900 753 4953 egenus
803 4895 857 4943 et
899 4890 1241 4957 mendicans,
1278 4894 1421 4962 quod
1453 4908 1484 4946 a
1517 4893 1721 4948 divitiis
1747 4909 1884 4965 quas
1916 4895 2026 4965 pri-

449 4979 573 5031 dem
611 4978 879 5035 habuerat
916 4982 1214 5051 excidcrit;
1274 4993 1441 5056 atque
1488 5001 1595 5040 una
1625 5003 1853 5058 pauper,
1889 4987 2035 5057 quod

376 5119 386 5137 ,
450 5068 639 5125 labore
668 5071 871 5126 victum
900 5073 1005 5127 sibi
1035 5086 1209 5144 paret.

380 5157 384 5162 ’
522 5157 689 5216 Vens.
724 5161 811 5216 11.
839 5161 1123 5233 Surgentes
1183 5174 1336 5220 testes
1377 5168 1547 5238 iniqui
1573 5186 1690 5240 qua:
1726 5169 2037 5239 ignorabam

450 5251 850 5323 interrogabant
886 5272 986 5309 me.
1016 5256 1119 5323 Qui
1151 5273 1261 5313 non
1291 5260 1541 5328 justitiae,
1601 5263 1696 5317 sed
1733 5264 2038 5333 iniquitatis

450 5350 625 5399 testes
664 5354 816 5407 sunt,
870 5355 1162 5418 surgentes
1194 5358 1359 5419 atque
1412 5367 1474 5407 se
1518 5355 1823 5410 excitantes
1847 5355 2038 5412 dolose

453 5451 575 5504 quae
600 5437 793 5506 ignoro
823 5441 1183 5511 interrogant.
1210 5441 1360 5497 Nihil
1380 5446 1582 5515 quippe
1610 5449 1738 5501 mali
1773 5449 1860 5501 vir
1890 5447 2035 5520 frugi

455 5526 651 5593 novit,
701 5530 905 5584 nemini
970 5534 1182 5588 scilicet
1237 5534 1611 5606 improborum
1673 5538 2031 5619 admiscetur.

456 5613 853 5717 Teati'monium
907 5635 1086 5679 autem
1134 5626 1282 5684 illius
1309 5636 1394 5685 est
1434 5630 1583 5697 :Qui
1632 5642 1803 5688 servat
1838 5613 2035 5705 prlece-

456 5717 626 5776 ptum,
658 5726 759 5764 non
783 5724 956 5767 noscet
980 5732 1086 5768 rem
1118 5719 1316 5772 malam
1346 5722 1413 5775 ’°.
1448 5720 1584 5775 Nam
1605 5723 1692 5779 hic
1708 5742 1810 5780 non
1835 5738 2032 5795 noscat,

536 5887 578 5919 ⁸⁹
619 5885 808 5943 Matth.
848 5906 957 5960 xu,
992 5893 1047 5950 5.
1122 5897 1168 5930 ⁸⁸
1209 5895 1389 5956 Eccle.
1426 5915 1553 5965 Vm,
1590 5901 1642 5955 5.

2141 3317 2458 3391 δικαιοσύνῃ
2478 3357 2492 3377 ,
2524 3316 2633 3370 οὐδ’
2661 3316 2835 3380 ἄλλως
2873 3315 3228 3386 καταφρονῶν
3260 3314 3354 3368 τοῦ
3380 3310 3578 3385 νόμου,
3613 3310 3729 3368 ἀλλ’

2144 3408 2209 3461 ἐκ
2244 3406 2443 3478 πολλῆς
2478 3408 2710 3470 ἀσιτίας.
2765 3406 2855 3459 Διό
2889 3423 3053 3476 φησιν
3087 3409 3114 3459 ὁ
3148 3406 3371 3477 Σωτήρ*
3431 3408 3555 3459 Οὐκ
3588 3404 3729 3460 ἀνέ-

2143 3517 2330 3570 γνωτε
2360 3500 2417 3553 τί
2440 3500 2691 3567 ἐποίησε
2712 3497 2923 3563 Δαυῒδ,
2958 3498 3055 3551 ὅτε
3082 3499 3403 3561 castra“;
3431 3496 3541 3550 Καὶ
3566 3497 3731 3561 αὐτὸς

2147 3593 2245 3663 μὲν
2277 3588 2345 3663 ἦν
2380 3591 2597 3663 πτωχὸς
2633 3592 2732 3644 σὺν
2763 3590 2963 3659 ὀλίγοις
2987 3589 3230 3659 φεύγωνδ
3261 3593 3310 3643 oi.
3339 3590 3383 3643 δ’
3414 3588 3730 3652 ἐλαύνοντες

2143 3681 2305 3737 αὐτὸν
2337 3678 2580 3735 δυνατοί·
2643 3679 2894 3751 βασιλεὺς
2931 3680 3037 3752 γὰρ
3075 3675 3144 3751 ἦν
3180 3679 3273 3733 τοῦ
3309 3676 3510 3742 παντὸς
3544 3677 3732 3740 ἔθνους

2142 3772 2316 3825 Σαοὺλ
2336 3812 2350 3837 ,
2382 3775 2480 3826 παὶ
2512 3774 2560 3826 ot
2594 3772 2711 3843 μετ’
2743 3771 2908 3825 αὐτοῦ
2941 3771 3230 3843 ἄρχοντες’
3265 3766 3320 3823 οἵ
3347 3781 3404 3822 τε
3434 3768 3544 3822 τῶν
3574 3768 3733 3823 ἅλλο-

2143 3867 2326 3935 φύλων
2356 3866 2630 3937 πολεμίων
2665 3864 3039 3935 καθηγεμόνες
3070 3863 3423 3935 στερεώτεροι
3457 3860 3609 3925 ὄντες
3635 3861 3729 3914 τοῦ

2141 3958 2336 4025 Δαυῒδ,
2371 3953 2447 4012 ὧν
2476 3959 2575 4022 τὰς
2603 3961 2792 4029 χεῖρας
2818 3957 3238 4029 διαδιδράσκων,
3288 3957 3387 4008 οὐκ
3419 3955 3605 4025 ἠγνόει
3637 3956 3730 4008 τὸν

2143 4051 2308 4105 αὐτοῦ
2337 4051 2551 4122 βοηθόν.
2604 4052 2713 4104 Καὶ
2736 4050 2909 4104 ταῦτα
2946 4052 3043 4121 μὲν
3076 4049 3211 4121 πρὸς
3240 4049 3338 4120 τὴν
3375 4047 3633 4117 ἱστορίαν·
3682 4049 3731 4100 εἰ

2142 4143 2201 4198 δὲ
2221 4145 2347 4209 τοὺς
2374 4146 2600 4214 ἀφανεῖς
2624 4143 2717 4198 καὶ¹
2742 4144 3007 4215 ἀοράτους
3031 4143 3258 4213 ἐχθροὺς
3281 4142 3379 4211 τῆς
3400 4140 3493 4193 τοῦ
3518 4140 3729 4193 δικαίου

2142 4238 2318 4310 ψυχῆς
2351 4239 2603 4307 νοήσειας
2621 4277 2634 4301 ,
2669 4236 2818 4306 ὄψει,
2853 4235 2928 4299 ὡς
2953 4234 3058 4289 οὐδ’
3087 4234 3245 4288 ἄλλου
3275 4231 3468 4304 βοηθοῦ
3497 4230 3732 4303 δεόμεθα

2144 4337 2239 4387 καὶ
2275 4333 2526 4404 Σωτῆρος
2560 4332 2592 4402 ἦ
2631 4330 2726 4384 τοῦ
2759 4328 2996 4401 Χριστοῦ
3025 4327 3187 4381 αὐτοῦ
3229 4329 3287 4379 ὲν
3320 4330 3385 4398 τῇ
3427 4326 3731 4399 παρατάξει

2142 4429 2208 4497 τῇ
2232 4425 2369 4498 πρὸς
2391 4426 2515 4489 τοὺς
2532 4425 2755 4496 νοητοὺς
2774 4422 3084 4494 πολεμίους,
3105 4422 3231 4483 τοὺς
3251 4417 3346 4490 τὴν
3366 4419 3543 4489 ψυχὴν
3564 4415 3730 4469 αὑτοῦ

2145 4517 2467 4589 διαρπάζειν
2495 4517 2581 4570 ἀεὶ
2598 4514 2987 4586 πειρωμένους.
3019 4512 3361 4583 Ἐπιστήσεις
3390 4510 3445 4562 δὲ
3475 4512 3523 4563 εί
3546 4509 3732 4581 ἕτερός

2146 4610 2294 4661 ἐστιν
2333 4609 2362 4660 ὀ
2408 4606 2624 4676 πτωχὸς
2657 4605 2808 4675 παρὰ
2840 4605 2928 4657 τὸν
2968 4602 3203 4673 πένητα,
3265 4602 3359 4654 καὶ
3398 4600 3624 4671 πότερον
3662 4603 3729 4671 τῇ

2144 4700 2471 4763 ὑποστάσει,
2512 4700 2545 4770 ἢ
2579 4700 2644 4770 τῇ
2685 4697 2900 4769 ἐπινοίᾳ
2930 4696 3006 4767 τῷ
3037 4697 3299 4766 ἐγχωρεῖν
3326 4693 3415 4746 τὸν
3442 4693 3602 4746 αὑτὸν
3638 4692 3733 4745 καὶ

2144 4794 2359 4864 πτωχὸν
2378 4789 2518 4847 εἶναι
2543 4791 2757 4863 πτωχεύ
2766 4809 2933 4845 σαντα
2951 4790 3029 4862 τῷ
3049 4787 3505 4843 ἀποπεπωκέναι
3526 4780 3588 4840 οὗ
3616 4781 3754 4866 εἶχε.

2145 4888 2413 4953 πλούτου,
2452 4889 2547 4941 καὶ
2587 4887 2795 4958 πένητα
2832 4884 2909 4956 τῷ
2950 4882 3089 4955 μετὰ
3126 4882 3289 4935 πόνον
3325 4882 3628 4953 περιποιεῖν
3660 4878 3729 4932 τά

2144 4984 2283 5055 πρὸς
2308 4983 2369 5035 τὸ
2396 4982 2603 5052 διαζῇν.

2231 5167 2627 5233 Ἀναστάντες
2646 5163 2943 5235 μάρτυρες
2971 5161 3162 5215 ἄδικοι
3185 5157 3223 5211 ἂ
3253 5157 3361 5211 οὐκ
3393 5154 3730 5225 ἐγίνωσκον

2144 5262 2385 5331 ἠρώτων
2413 5279 2507 5331 με.
2563 5261 2625 5313 Οί
2656 5258 2729 5330 μὴ
2758 5250 3138 5323 δικαιοσύνης,
3176 5251 3293 5305 ἀλλ’
3328 5248 3541 5311 ἀδικίας
3591 5245 3733 5317 μάρ-

2144 5372 2306 5426 τυρες
2333 5395 2347 5416 ,
2382 5353 2764 5412 διαναστάντες
2796 5350 2888 5402 καὶ
2915 5346 3281 5417 διεγείραντες
3307 5342 3503 5403 αὐτοὺς
3529 5381 3543 5403 ,
3580 5356 3732 5406 coget-

2147 5445 2348 5509 στικῶς
2378 5443 2727 5515 ἐπερωτῶσιν
2755 5441 2789 5495 ἃ
2841 5441 2903 5493 οὑ
2932 5438 3207 5508 γινώσκω.
3281 5434 3448 5488 Οὐδὲν
3482 5432 3591 5504 γὰρ
3621 5430 3732 5486 τῶν

2144 5540 2362 5609 φαύλων
2388 5536 2643 5605 γινώσκει
2677 5536 2706 5587 ὁ
2743 5534 3029 5596 σπουδαῖος
3051 5571 3065 5594 ,
3107 5529 3381 5584 τουτέστιν
3413 5526 3589 5579 οὐδενὶ
3621 5524 3731 5578 τῶν

2144 5634 2395 5705 πονηρῶν
2421 5632 2809 5703 ἀνακέκραται.
2837 5629 3153 5700 Μαρτύριον
3180 5625 3237 5679 δέ
3256 5642 3267 5654 ·
3309 5625 3372 5676 '0
3391 5620 3734 5691 φυλάσσων

2142 5729 2402 5797 ἐντολὴν
2432 5730 2503 5783 οὐ
2535 5727 2819 5797 ’γνώσεται
2847 5723 3013 5794 ῥῆμα
3042 5722 3327 5787 πονηρὲν.
3362 5716 3470 5769 Καὶ
3494 5712 3731 5768 ἐνταῦθα
