4138 6380
471 425 574 485 531

1609 435 2114 498 COMMENTARIA
2147 441 2215 497 IN
2245 439 2584 498 PSALMOS.

3643 443 3750 498 503

471 542 584 612 γὰρ
613 542 677 596 τὸ
702 545 774 598 οὐ
813 547 1104 615 Tuba-erat
1129 593 1143 616 ,
1175 552 1236 604 οὐ
1269 555 1564 626 πεποίηται
1593 560 1715 613 οὐδέ
1753 561 2047 633 ἀνακέκραι

2171 561 2226 616 id
2243 569 2350 624 est,
2381 576 2488 614 non
2517 557 2870 630 perpetravit,
2901 571 3078 628 neque
3103 571 3274 627 pravo
3297 553 3448 626 operi
3477 555 3748 616 admistns

471 649 564 688 ται
591 635 734 689 κατά
767 637 922 708 ῥῆμα
953 642 1188 713 πονηρόν
1211 659 1224 673 ·
1259 645 1452 714 ψεῦδος
1481 647 1591 720 γὰρ
1629 652 1690 703 τὸ
1715 652 1957 722 νομίζειν
1991 653 2064 724 μὴ

471 725 798 781 ἐπίστασθαι
837 731 990 802 ρἦα
1023 737 1258 806 πονηρὸν
1297 739 1387 792 τὸν
1417 740 1751 808 φυλάττοντα
1787 745 1888 814 τὴν
1917 745 2064 800 Θείαν

471 819 717 891 ἐντολήν.
789 824 1072 896 Διάκρισιν
1099 828 1209 900 γὰρ
1249 830 1386 901 ἔχων
1427 836 1664 904 πονηροῦ
1697 835 1790 888 καὶ
1823 837 2060 904 ἀγαθοῦ,

471 911 638 965 τᾶλλα
663 913 842 968 πάντα
871 917 1242 990 ἀποστραφεὶς
1273 925 1518 996 ῥήματα,
1548 929 1826 1000 ἐπιτηρεῖν
1851 930 1948 1002 τὴν
1977 933 2063 984 ὲν-

470 1004 632 1074 τολὴν
653 1001 838 1076 ἦλθεν.
875 1009 940 1061 Ὅ
963 1005 1056 1063 οὖν
1079 1011 1229 1080 λέγει
1257 1017 1496 1070 τοιοῦτόν
1523 1019 1672 1072 ἐστιν
1695 1036 1708 1050 ·
1735 1001 1937 1092 Πείραν
1963 1023 2062 1076 οὐκ

469 1097 664 1168 ἔχοντα
688 1101 811 1153 οὐδὲ
839 1102 1041 1170 γνῶσιν
1063 1105 1096 1176 ἢ
1123 1105 1332 1160 ἔννοιαν
1359 1109 1468 1163 τῶν
1499 1111 1714 1176 κακῶν,
1745 1114 2063 1185 διερεθίζον-

469 1190 562 1254 τές
587 1208 654 1259 με
686 1193 978 1265 ἐπερώτων
1014 1215 1080 1267 με
1118 1201 1242 1270 περὶ
1269 1201 1446 1254 αὐτῶν
1465 1243 1479 1266 ,
1511 1203 1700 1275 ὥσπερ
1726 1209 1757 1276 ἡ
1785 1209 2060 1277 Αἰγυπτία

467 1280 562 1335 τὸν
598 1284 794 1356 Ἰωσὴφ
814 1331 827 1350 ,
861 1288 955 1340 καὶ
981 1292 1030 1342 ol
1064 1294 1424 1366 πρεσϐύτεροι
1451 1298 1550 1366 τὴν
1581 1299 1902 1354 Σουσάνναν.

554 1375 1070 1434 Ἀνταττεδίδοσάν
1115 1401 1224 1452 μοι
1259 1390 1494 1455 πονηρὰ
1530 1391 1666 1444 ἀντὶ
1711 1393 1912 1447 καλῶν
1959 1396 2058 1449 καὶ

467 1469 754 1524 ἀτεκνίαν
779 1472 856 1541 τῇ
891 1475 1068 1544 ψυχῇ
1100 1495 1227 1546 μου.
1313 1480 1476 1551 Ἑμοῦ
1510 1484 1958 1556 φιλοτιμουμένου
1991 1487 2059 1541 τὰ

469 1561 608 1632 πρὸς
659 1563 868 1628 πάντας
923 1567 1234 1637 καθήκοντα
1289 1572 1594 1642 ἀμέμπτως
1633 1577 1898 1630 ἐπιτελεῖν
1934 1579 2058 1648 βού-

465 1651 675 1719 λεσθαι,
699 1658 745 1708 εί
769 1656 992 1710 δυνατὸν
1017 1660 1155 1730 μετὰ
1175 1663 1391 1716 πάντων
1414 1665 1510 1718 ἀνθ
1521 1665 1716 1736 ρώπων
1733 1671 2056 1740 εἰρηνεύειν,

463 1749 619 1828 αυτοὶ
666 1750 788 1802 ἀντὶ
831 1751 1034 1805 τούτων
1067 1753 1175 1806 τῶν
1210 1754 1390 1810 καλῶν
1425 1759 1636 1830 πονηρᾶ
1671 1761 2058 1816 ἀνταπεδίδουν

467 1855 588 1908 μοι,
619 1841 805 1913 ἐχθροὶ
831 1845 924 1896 καὶ
945 1843 1230 1915 δυσμενεῖς
1250 1846 1336 1900 διὰ
1361 1849 1580 1903 πάντων
1601 1852 2018 1923 ἁναφαινόμενοι
2039 1871 2052 1884 °

2167 663 2252 710 est
2283 672 2296 707 :
2335 653 2692 708 hallucinatio
2721 651 2925 722 quippe
2945 659 3032 706 est
3059 651 3340 714 arbitrari,
3387 665 3514 705 eum
3539 651 3634 720 qui
3661 651 3750 705 di-

2165 748 2353 800 vinum
2377 755 2560 802 servat
2587 744 2927 810 mandatum,
2977 744 3175 798 malam
3211 757 3324 798 non
3351 744 3575 800 novisse
3607 760 3743 800 rem.

2165 833 2301 890 Nam
2357 837 2750 892 discretionem
2777 835 2905 889 boni
2949 841 3003 890 et
3037 834 3168 888 mali
3219 843 3440 899 nactus,
3471 851 3502 888 a
3531 834 3746 890 caeteris

2165 943 2412 992 aversus,
2441 927 2508 981 ad
2537 935 2868 998 praeceptum
2915 925 3244 981 servandum
3276 926 3507 982 accedit.
3539 925 3748 995 Hujus-

2163 1020 2310 1074 modi
2337 1021 2500 1090 igitur
2547 1028 2630 1075 est
2679 1018 2824 1088 quod
2865 1017 2958 1072 hic
2992 1018 3188 1073 eﬂ‘atur
3215 1038 3228 1072 :
3253 1018 3335 1072 Me
3357 1019 3564 1072 nullum
3587 1018 3746 1074 malae

2163 1110 2240 1163 rei
2265 1110 2696 1178 experimenttun
2731 1107 3084 1162 autnotitiam
3103 1107 3218 1163 sive
3245 1106 3628 1176 cogitationem
3648 1105 3746 1160 ha-
3821 1117 3828 1122 ·

2163 1201 2380 1256 bentem
2409 1203 2774 1263 concitantes,
2813 1201 2881 1254 de
2903 1199 2972 1254 iis
3013 1199 3448 1270 interrogabant,
3479 1198 3746 1269 quemad-

2161 1295 2382 1349 modum
2429 1294 2686 1365 [Egyptia
2723 1292 3047 1364 Josephum,
3077 1301 3132 1346 et
3157 1307 3316 1348 senes
3338 1291 3668 1346 Susannam.

2232 1387 2404 1441 Vens.
2441 1387 2528 1440 1‘2.
2561 1385 2936 1440 Retribuebant
2967 1385 3096 1438 mihi
3125 1385 3270 1438 mala
3285 1399 3378 1448 pro
3393 1384 3540 1438 bonis
3561 1392 3611 1438 el.
3635 1392 3716 1438 ste

2161 1481 2415 1534 rilitatem
2445 1480 2638 1534 animm
2671 1494 2818 1533 mete.
2842 1477 2978 1532 Cum
3017 1478 3121 1532 hoc
3152 1492 3333 1530 unum
3355 1475 3654 1538 studerem,
3683 1481 3744 1530 ut

2161 1574 2520 1645 congruentia
2543 1573 2804 1628 omnibus
2833 1573 2952 1628 sine
2971 1571 3396 1640 reprehensione
3427 1583 3746 1640 peragerent

2161 1665 2452 1736 siquidem
2485 1665 2658 1733 possit
2710 1679 2834 1720 cum
2870 1663 3129 1718 onmibus
3179 1662 3496 1718 hominibus
3549 1667 3744 1730 pacate

2161 1761 2280 1829 agi;
2319 1773 2419 1828 pro
2475 1759 2542 1812 iis
2593 1759 2671 1812 illi
2705 1758 2866 1812 bonis
2915 1757 3058 1810 mala
3093 1755 3466 1825 rependebant
3502 1754 3658 1816 mihi,
3685 1754 3746 1809 in

2159 1851 2416 1904 omnibus
2455 1865 2576 1905 sese
2612 1849 2862 1904 inimicos
2911 1857 3074 1918 atque
3114 1847 3346 1902 infestos
3371 1847 3692 1904 exhibentes
3723 1863 3739 1898 :

461 1933 526 1985 τὺ
575 1934 700 1986 ὅσον
747 1934 804 1988 δὲ
855 1937 944 1988 ἐπ’
975 1937 1162 2001 αὐτοῖς
1196 1940 1294 2009 τὴν
1327 1943 1384 1994 ἐν
1421 1943 1603 2006 καλοῖς
1647 1946 1928 1999 εὐτεκνίαν
1957 1947 2047 2018 τῆς

2159 1958 2224 1998 ac
2251 1949 2516 2012 quantum
2557 1941 2612 1994 in
2641 1941 2932 2010 ipsiserat,
2969 1941 3164 1994 animae
3211 1955 3345 1994 mea:
3393 1941 3448 1994 in
3479 1939 3638 1994 bonis
3663 1937 3745 1996 fe-

461 2027 640 2100 ψυχῆς
679 2048 778 2101 μου
809 2033 1052 2103 ἀναιρεῖν
1083 2035 1414 2106 ἐπεχείρουν.
1495 2038 1556 2090 ΕΞ
1599 2039 1760 2106 γοῦν,
1813 2041 2057 2104 πεισθεὶς

461 2121 646 2174 αὐτῶν
669 2125 790 2186 ταῖς
815 2125 1118 2195 ἐρωτήσεσι
1145 2128 1386 2190 τοιοῦτος
1415 2127 1688 2197 ἐγεγόνειν
1727 2127 1837 2184 οἷον
1867 2133 2054 2202 ἧθελόν

465 2231 531 2286 με
563 2216 788 2287 ποιῆσαι
811 2257 825 2280 ,
857 2217 1137 2290 ὴτεκνώθη
1167 2218 1232 2272 ἂν
1259 2221 1290 2291 ἡ
1318 2220 1462 2291 ψυχή
1499 2239 1600 2292 μου
1629 2266 1642 2288 ,
1681 2225 1876 2294 μηκέτι
1899 2227 2053 2296 δεχο-

461 2305 601 2376 μένη
633 2307 732 2371 τὰς
761 2307 912 2372 θείας
939 2308 1034 2362 τοῦ
1069 2312 1306 2381 νυμφίου
1340 2313 1522 2380 γονάς.
1597 2315 1661 2367 Εἰ
1691 2316 1748 2368 δὲ
1775 2317 1941 2370 τέκνα
1969 2318 2055 2371 λέ-

458 2413 642 2468 γοιντο
663 2402 713 2454 οἱ
738 2403 978 2473 μαθηταὶ
999 2404 1093 2457 τοῦ
1114 2405 1422 2472 διδάξαντος
1441 2449 1453 2470 ,
1487 2409 1580 2461 καὶ
1603 2409 1772 2473 ὅντως
1799 2411 2054 2464 ἁτεκνοῦ-

457 2505 548 2546 ται
576 2494 608 2564 ἡ
643 2493 788 2564 ψυχὴ
823 2495 916 2547 τοῦ
949 2495 1268 2550 διδασκάλου
1289 2540 1304 2564 ,
1361 2500 1639 2570 σφάλμασι
1677 2502 2052 2571 περιπεσοῦσα

458 2583 540 2654 τῷ
567 2587 764 2657 ἑαυτῆς
792 2587 1072 2658 σκανδάλῳ
1091 2629 1105 2650 ,
1135 2590 1437 2661 ἀναιροῦσα
1467 2593 1594 2654 τοὺς
1621 2593 1678 2658 ἐξ
1705 2594 1874 2663 αὐτῆς
1899 2611 2053 2662 γενο-

464 2679 662 2749 μένους
689 2679 778 2734 διὰ
833 2681 1153 2752 μαθητείας.
1217 2685 1362 2736 Ἀντὶ
1391 2683 1447 2736 δὲ
1477 2685 1571 2737 τοῦ
1591 2727 1606 2749 ,
1659 2687 1944 2741 ἀτεκνίαν
1975 2688 2051 2758 τῇ

457 2772 635 2841 ⁴ψυχῇ
661 2791 781 2842 μου
803 2814 817 2837 ,
861 2775 1346 2845 Ἀνεστραμμένα
1373 2777 1526 2831 κατὰ
1555 2776 1664 2846 τῆς
1685 2779 1892 2848 ψυχῆς
1906 2799 2046 2848 μου,

456 2861 487 2916 ὁ
521 2863 818 2936 Σύμμαχος
833 2865 1115 2932 ἐξέδωκεν.

541 3035 758 3110 Ἐπειδὴ
789 3041 857 3094 τὰ
889 3041 1225 3114 προκείμενα
1257 3043 1526 3114 συνῆπται
1557 3047 1668 3108 τοῖς
1699 3046 1756 3099 ἐν
1787 3045 1865 3117 τῷ
1891 3064 2047 3119 τρια-

455 3130 638 3202 ⁴κοστῷ
669 3133 838 3203 τρίτῳ
874 3133 1074 3204 ψαλμῷ
1107 3135 1560 3206 προλελεγμένοις
1581 3153 1596 3170 ο
1647 3137 1833 3191 ἐκεῖνα
1861 3138 1916 3191 δὲ
1949 3139 2048 3208 τῆς

459 3222 701 3293 ἱστορίας
731 3225 1073 3294 ἐμνημόνευε
1099 3228 1197 3297 τῆς
1229 3226 1369 3280 κατὰ
1399 3227 1490 3280 τὸν
1529 3228 1816 3300 Ἀϐιμέλεχ
1835 3271 1849 3292 ,
1875 3232 1958 3299 ἐφ’
1983 3225 2046 3283 οὗ

2161 2034 2496 2088 eunditatem
2543 2032 2611 2086 de
2661 2031 2842 2086 medio
2899 2032 3094 2086 tollere
3155 2033 3444 2086 curabant.
3486 2029 3632 2086 Sane
3691 2031 3743 2088 si

2158 2142 2348 2182 eorum
2369 2125 2760 2195 qumstionibus
2785 2125 3278 2192 obtemperassem,
3315 2125 3440 2178 talis
3495 2121 3743 2194 profecto

2157 2218 2374 2287 qualem
2405 2218 2508 2287 ipsi
2533 2216 2789 2271 volebant
2819 2215 3048 2270 elfectus
3089 2231 3290 2281 essem,
3325 2216 3568 2285 orbaque
3585 2215 3742 2282 prole

2155 2309 2350 2365 fuisset
2375 2309 2556 2363 anima
2587 2324 2727 2372 mea,
2752 2307 2940 2362 divina
2982 2309 3168 2376 sponsi
3213 2307 3424 2363 semina
3458 2322 3570 2361 non
3597 2307 3742 2361 ulte-

2155 2401 2271 2456 rius
2300 2401 2600 2470 excipiens.
2626 2399 2782 2466 Quod
2828 2399 2874 2452 si
2925 2398 3182 2468 discipuli
3213 2398 3457 2474 doctoris
3506 2397 3592 2452 sui
3641 2397 3741 2451 lilii

2154 2507 2276 2546 esse
2327 2491 2612 2554 dicantur:
2662 2505 2726 2543 ea
2783 2505 3004 2558 quoque
3056 2489 3271 2542 ratione
3310 2488 3460 2557 prole
3513 2487 3740 2542 orbatur

2153 2585 2332 2638 anima
2353 2583 2614 2644 doctoris,
2637 2581 2882 2650 ejusdem
2904 2581 3103 2636 erratis
3133 2581 3188 2635 in
3217 2578 3606 2636 offendiculum
3637 2579 3738 2636 abs

2153 2691 2212 2730 se
2253 2685 2506 2744 paratum
2555 2673 2800 2743 delapsa,
2843 2673 2972 2726 dum
3016 2688 3116 2742 per
3166 2671 3474 2727 doctrinam
3505 2687 3602 2728 eos
3639 2672 3736 2742 qui

2152 2765 2249 2820 abs
2279 2781 2338 2820 se
2359 2765 2472 2820 nati
2503 2773 2632 2820 sunt
2665 2763 2952 2818 interimit.
2976 2763 3082 2818 Pro
3109 2751 3204 2818 illo
3239 2771 3442 2825 autem,
3475 2761 3737 2816 sterilita-

2151 2869 2253 2913 tem
2280 2860 2470 2913 animae
2491 2875 2617 2912 mere
2640 2899 2656 2924 ,
2710 2873 2956 2927 perversa
3008 2865 3198 2912 contra
3259 2857 3496 2910 animum
3541 2872 3736 2924 meam,

2149 2953 2315 3008 vertit
2347 2949 2731 3022 Symmachus.

2219 3044 2486 3112 Quoniam
2523 3044 2640 3098 ιιαιο
2669 3057 2792 3114 quae
2845 3043 2958 3113 jam
2983 3049 3300 3098 tractamus
3343 3057 3470 3097 eum
3513 3041 3582 3100 iis
3615 3057 3740 3112 qua:

2149 3137 2206 3192 in
2249 3137 2528 3192 tricesimo
2561 3137 2725 3192 tertio
2767 3135 2984 3205 psalmo
3017 3133 3304 3204 praemissa
3359 3139 3492 3188 sunt
3525 3147 3738 3188 conne-

2151 3236 2408 3296 ctuntur;
2447 3229 2539 3283 illa
2569 3243 2698 3284 vero
2719 3229 2786 3284 de
2807 3227 3038 3283 historia
3057 3225 3374 3282 Abimelech
3400 3225 3736 3282 mentionem

457 3315 718 3384 ἠλλοίωσε
749 3317 808 3370 τὸ
842 3319 1133 3390 πρόσωπον
1157 3319 1320 3373 αὑτοῦ
1340 3360 1354 3384 ,
1389 3321 1529 3375 κατά
1555 3321 1624 3374 τὰ
1649 3321 2043 3392 ἀποδεδομένασ

2155 3321 2352 3384 fecere,
2381 3321 2528 3392 apud
2553 3335 2739 3392 quem,
2777 3321 2858 3374 uti
2899 3319 3158 3389 superius
3193 3305 3456 3374 traditum
3487 3325 3592 3382 est,
3631 3317 3737 3372 im-

455 3406 598 3478 ’σάχα
624 3425 728 3461 που
759 3408 983 3464 δύναται
1009 3411 1194 3464 καὶτὰ
1223 3412 1358 3482 μετά
1388 3415 1576 3484 χεῖρας
1608 3415 1694 3466 ἐπ’
1723 3415 1906 3468 ἐκεῖνα
1926 3417 2049 3470 ἀνα-

457 3498 738 3570 φέρεσθαι.
759 3501 962 3554 Μαθὼν
983 3503 1091 3575 γάρ
1111 3505 1140 3556 ὀ
1161 3504 1332 3557 Σαοὺλ
1352 3521 1425 3557 πα
1434 3505 1501 3574 ρὰ
1523 3506 1680 3578 Δωὴκ
1699 3547 1712 3570 ,
1731 3507 1805 3570 ὡς
1823 3508 2048 3576 ἀφῖκται

455 3591 620 3646 Δαυῒδ
649 3594 786 3665 πρὸς
827 3594 1116 3666 Ἀϐιμέλεχ
1140 3635 1154 3656 ,
1195 3597 1393 3668 ἄρτους
1425 3615 1482 3650 τε
1522 3598 1760 3670 εἰληφὼς
1785 3599 2048 3652 διασέσω-

458 3691 582 3735 orat
599 3724 614 3747 ,
647 3685 854 3748 πάντας
887 3687 1064 3740 ἀνεῖλε
1090 3689 1214 3752 τοὺς
1243 3691 1406 3760 ἱερεῖς
1429 3689 1524 3742 τοῦ
1555 3690 1783 3760 Κυρίου,
1801 3691 1962 3746 αὐτόν
1986 3707 2048 3744 τε

455 3775 548 3830 τὸν
595 3776 884 3848 Ἀϐιμέλεχ
920 3780 1201 3846 παγγενεί.
1241 3779 1474 3834 Δύναται
1500 3778 1592 3836 οὖν
1622 3783 1796 3836 ταῦτα
1827 3787 1856 3838 ὁ
1885 3785 2048 3838 Δαυῒδ

457 3869 538 3932 εἰς
565 3869 860 3939 πρόσωπον
885 3869 980 3923 τοῦ
1007 3871 1181 3924 Σαοὺλ
1207 3874 1506 3944 εἰρηκέναι,
1537 3875 1611 3938 ώς
1639 3875 1734 3928 καὶ
1759 3876 1934 3929 πάντα
1955 3877 2046 3932 τὸν

453 3961 666 4033 ψαλμὸν
699 3965 780 4025 είς
814 3964 1020 4017 ἐκεῖνον
1047 3963 1414 4036 ἀναφέρεσθαι
1449 3966 1541 4019 τὸν
1579 3968 1798 4038 καιρὸν,
1829 3967 1954 4022 καθ’
1987 3969 2046 4022 δν

454 4052 615 4124 Δωὴκ
669 4053 1186 4128 ἐψευδομαρτύρησε
1245 4057 1338 4112 τοῦ
1400 4057 1688 4129 Ἀϐιμέλεχ
1747 4059 1899 4128 παρά
1949 4060 2044 4114 τοῦ

455 4139 628 4197 Σαούλ
648 4161 662 4174 ·
699 4143 793 4197 καὶ
829 4145 971 4216 τάχα
1004 4147 1064 4198 τὸ
1091 4147 1317 4218 Πνεῦμα
1345 4147 1406 4200 τὸ
1442 4148 1625 4216 ἅγιον,
1655 4148 1724 4201 τὰ
1756 4149 1902 4219 πάοη
1935 4151 2044 4204 τῶν

457 4235 647 4307 ἱερέων
675 4237 990 4308 ὑπογράφον
1019 4277 1032 4302 ,
1067 4237 1136 4291 τὰ
1171 4238 1506 4310 προκείμενα
1541 4239 1802 4308 ἁνεφώνει
1835 4241 2006 4307 λέγων
2027 4259 2040 4272 ο

455 4331 738 4394 Δίκασον,
763 4333 959 4398 Κύριε,
994 4332 1136 4398 τοὺς
1174 4332 1532 4399 ἀδικοῦντάς
1551 4352 1647 4403 με,
1680 4335 1772 4388 καὶ
1795 4336 1862 4389 τὰ
1893 4337 2042 4406 ἑξῆς.

454 4419 536 4474 Τὰ
567 4421 624 4474 δὲ
660 4423 1008 4493 μονοτρόπως
1040 4425 1306 4496 εἰρημένα
1339 4427 1465 4496 περὶ
1497 4425 1616 4491 ἑνός
1655 4443 1798 4492 τινος
1837 4430 1895 4480 ἐν
1927 4429 2004 4500 τῷ
2025 4472 2039 4495 ,

466 4511 718 4570 Ἐλθέτω
741 4515 904 4580 αὐτῷ
931 4517 1112 4585 παγίς
1135 4517 1214 4584 ἣν
1246 4519 1318 4570 οὐ
1347 4517 1624 4587 γινώσκει
1643 4562 1656 4585 ,
1691 4522 1788 4573 καὶ
1819 4523 1858 4589 ἡ
1891 4522 2043 4590 θήρα

451 4602 533 4672 ἣν
553 4605 784 4675 ἔκρυψε
804 4608 1160 4662 συλλαϐἑτω
1181 4610 1385 4674 αὐτὸν,
1413 4611 1508 4663 καὶ
1534 4609 1604 4664 ἐν
1625 4612 1700 4680 τῇ
1722 4614 1924 4682 παγίδι
1947 4629 2042 4668 πε-

451 4697 642 4751 σεῖται
671 4700 742 4752 ἐν
768 4699 950 4767 αὐτῇ,
993 4699 1214 4753 δύναται
1242 4700 1320 4772 τῷ
1351 4701 1508 4772 Δωὴκ
1537 4703 1888 4773 ἐφαρμόζειν.
1925 4705 2036 4759 Καὶ

450 4787 510 4841 τὸ
524 4830 540 4852 ,
567 4785 968 4858 Ἀναστάντες
980 4791 1278 4862 μάρτιφες
1293 4793 1507 4858 ἄδικοι,
1524 4794 1562 4848 ἂ
1579 4798 1688 4849 οὐκ
1704 4796 2038 4864 ἐγίνωσκον

449 4879 691 4948 ἠρώτων
703 4899 782 4950 με
801 4899 814 4913 ·
849 4883 1336 4940 (ἱνταπεδίδοσάν
1359 4905 1464 4954 μοι
1494 4886 1728 4954 πονηρὰ
1747 4887 1882 4944 ἀντὶ
1900 4888 2038 4956 ἁγια-

450 4973 570 5028 θῶν
595 5015 612 5040 ,
648 4975 747 5028 καὶ
785 4975 1070 5031 ἀτεκνίαν·
1095 4973 1171 5046 τῇ
1196 4977 1372 5048 ψυχῇ
1408 4997 1528 5048 μου
1549 5019 1564 5043 ,
1628 4983 1692 5033 ἐκ
1745 4982 2034 5052 προσώπου

450 5066 665 5137 λεχθείη
694 5067 760 5121 ἂν
791 5067 886 5121 τοῦ
929 5069 1233 5141 Ἀϐιμέλεχ.
1270 5071 1378 5123 Καὶ
1407 5071 1578 5124 ταῦτα
1611 5072 1667 5125 δὲ
1701 5071 1848 5136 εἰκὸς
1880 5075 2033 5144 εἰρη-

450 5158 602 5212 κέναι
626 5157 716 5212 τὸν
749 5157 912 5214 Δαυῖδ
935 5178 948 5190 ·
981 5163 1143 5215 αὑτοῦ
1174 5163 1284 5234 γὰρ
1312 5163 1717 5235 ἐπιγέγραπται
1749 5167 1777 5218 ὁ
1798 5165 2033 5236 ψαλμδς,

450 5249 776 5322 ἀποστολικῇ
811 5251 1048 5306 διαθέσει
1079 5255 1322 5322 λέξοντος
1351 5255 1415 5308 ἄν
1435 5271 1447 5286 ’
1507 5256 1604 5324 Τίς
1630 5257 1901 5324 ἀσθενεῖ,
1937 5257 2036 5313 καὶ

450 5343 560 5394 οὐκ
590 5341 826 5396 ἀσθενῶ
842 5357 862 5406 ;
889 5344 979 5408 τίς
1004 5343 1494 5406 σκανδαλίζεται,
1525 5345 1623 5398 καὶ
1655 5347 1766 5398 οὐκ
1788 5345 1902 5415 ἐγὼ
1923 5363 2034 5401 πυ-

450 5431 696 5500 ροῦμαι;
735 5433 828 5486 καὶ
851 5473 867 5498 ,
900 5436 1203 5500 Παθόντος
1234 5436 1372 5502 ἑνὸς
1395 5437 1651 5505 μέλους,
1683 5437 2033 5506 συμπίὶσχει

451 5523 646 5578 πάντα
677 5525 748 5578 τὰ
772 5524 952 5596 μέλη.
989 5527 1098 5580 Καὶ
1125 5527 1279 5590 ἄλλος
1297 5529 1353 5581 δὲ
1381 5527 1532 5600 παρὰ
1553 5528 1723 5582 ταῦτα
1752 5530 2034 5601 μάρτυρας

450 5617 547 5684 μὲν
577 5611 795 5680 ἀδίκους
829 5618 970 5671 εἴποι
997 5618 1062 5672 ἄν
1093 5637 1177 5684 τις
1212 5623 1418 5684 πάντας
1443 5621 1570 5685 τοὺς
1591 5619 2032 5688 ἐνδιαϐάλλοντας

454 5709 536 5762 τὸν
567 5707 728 5762 Δαυῖδ
761 5711 911 5781 παρά
941 5711 1034 5764 τοῦ
1065 5713 1238 5766 Σαούλ
1261 5731 1274 5742 ·
1307 5711 1429 5766 τότε
1464 5715 1560 5784 μὲν
1594 5715 1702 5786 γὰρ
1737 5717 1784 5769 οἱ
1818 5717 2030 5786 Ζιφαῖοι

515 5885 560 5916 ἰ
600 5883 644 5938 ll
677 5883 804 5942 Cor.
845 5902 932 5952 XI,
968 5887 1038 5942 29
1137 5889 1180 5921 ¹²
1220 5889 1241 5942 1
1277 5889 1404 5945 Cor.
1439 5907 1516 5946 xu
1540 5929 1556 5956 ,
1585 5889 1678 5946 26.

2149 3415 2381 3469 mutavit
2409 3411 3099 3490 vultumsuum;_fortasse
3129 3413 3342 3482 possint
3373 3409 3492 3466 haec
3519 3425 3644 3480 qua:
3677 3411 3736 3466 in

2149 3507 2416 3578 praesenti
2457 3513 2694 3577 aguntur
2723 3506 2788 3560 ad
2839 3504 2930 3557 illa
2955 3503 3167 3560 referri.
3195 3501 3330 3556 Nam
3363 3517 3488 3558 cum
3525 3501 3654 3556 Saul
3701 3515 3736 3556 a

2149 3600 2294 3656 Doec
2317 3600 2638 3656 edidicisset
2677 3597 2941 3654 Davidem
2965 3597 3032 3651 ad
3057 3595 3375 3650 Abimelech
3403 3595 3731 3659 accessisse,

2149 3702 2331 3764 atque,
2360 3695 2598 3764 acceptis
2619 3693 2878 3764 panibus,
2923 3693 3150 3746 salutem
3197 3697 3420 3746 nactum
3456 3705 3579 3746 esse
3629 3688 3732 3760 [ne

2151 3783 2292 3840 fame
2320 3785 2569 3856 periret],
2603 3799 2794 3838 omnes
2853 3782 3166 3838 sacerdotes
3191 3779 3408 3834 Domini
3442 3779 3733 3851 ipsumque

2146 3875 2460 3932 Abimelech
2491 3892 2614 3930 cum
2637 3891 2836 3945 genere
2876 3891 2976 3930 suo
3008 3873 3372 3930 internecioni
3419 3873 3588 3928 dedit.
3624 3870 3734 3926 Po-

2147 3968 2395 4039 tuitergo
2417 3967 2584 4024 David
2621 3969 2736 4022 lucc
2753 3967 2821 4022 de
2845 3982 3080 4038 persona
3110 3965 3293 4020 Saulis
3318 3965 3520 4026 dicere,
3561 3965 3636 4018 ita
3671 3971 3734 4018 ut

2147 4067 2295 4115 totus
2325 4061 2568 4130 psalmus
2622 4061 2690 4114 ad
2737 4060 2794 4114 id
2815 4059 3081 4130 temporis
3125 4057 3423 4121 referatur,
3448 4072 3558 4127 quo
3587 4055 3733 4110 Doce

2147 4162 2339 4209 contra
2397 4154 2712 4208 Abimelech
2759 4155 2902 4224 apud
2958 4153 3177 4208 Saulem
3242 4153 3438 4206 falsum
3483 4151 3734 4205 testimo-

2145 4248 2296 4301 nium
2328 4247 2501 4301 dixit:
2531 4256 2584 4302 et
2603 4247 2838 4302 fortasse
2865 4246 3106 4317 Spiritus
3125 4251 3351 4300 sanctus
3383 4242 3732 4298 sacerdotum

2145 4341 2356 4396 cladem
2413 4341 2732 4396 describens
2765 4341 2880 4396 htec
2923 4341 3168 4394 dixerit:
3227 4335 3447 4400 Indica,
3483 4333 3730 4396 Domine.

2144 4441 2384 4486 nocentes
2415 4449 2514 4493 me.
2543 4441 2597 4487 et
2635 4442 2851 4488 czetera.
2887 4431 3018 4498 Quae
3063 4445 3228 4500 porro
3259 4429 3324 4482 de
3355 4441 3466 4481 uno
3495 4427 3612 4482 solo
3655 4423 3734 4492 dig

2144 4533 2364 4588 cuntur,
2402 4534 2461 4578 ut
2501 4525 2632 4579 illud
2665 4535 2750 4580 est
2782 4545 2794 4581 :
2837 4524 3020 4578 Veniat
3047 4523 3130 4576 illi
3151 4523 3371 4591 laqueus
3397 4535 3548 4600 quem
3575 4521 3730 4588 igno-

2147 4627 2254 4680 rat,
2281 4627 2330 4670 et
2359 4617 2532 4686 captio
2550 4633 2708 4686 quam
2732 4615 3006 4670 abscondit
3033 4612 3387 4682 apprehendat
3432 4627 3571 4676 eum,
3595 4617 3644 4662 et
3671 4609 3732 4662 in

2146 4712 2388 4779 laqueum
2428 4710 2584 4763 eadat
2615 4713 2669 4764 in
2698 4711 2889 4779 ipsum,
2913 4708 3054 4762 Doec
3080 4706 3280 4762 ascribi
3317 4709 3567 4774 possunt.
3594 4699 3730 4754 Illud

2145 4809 2348 4868 autem,
2387 4799 2666 4867 Surgentes
2691 4809 2842 4853 testes
2865 4799 3054 4868 iniqui,
3084 4813 3200 4867 qua:
3233 4795 3544 4866 ignorabam
3567 4791 3730 4842 inter-

2145 4893 2404 4962 rogabant
2447 4905 2560 4944 me:
2595 4890 2954 4944 retribuebant
2995 4887 3124 4942 mihi
3173 4885 3318 4940 mala
3350 4899 3444 4953 pro
3477 4881 3648 4944 bonis,
3676 4887 3729 4933 et

2145 4984 2480 5038 sterilitatem
2504 4985 2695 5036 anima!
2722 4997 2869 5046 mete,
2896 4995 2959 5034 ex
2983 4976 3320 5034 Abimelechi
3345 4987 3577 5044 persona
3599 4985 3728 5040 pro-

2140 5077 2392 5130 nuntiata
2437 5075 2637 5128 fuerint
2674 5093 2686 5127 :
2723 5089 2842 5142 qua:
2889 5087 2988 5142 par
3039 5079 3124 5126 est
3175 5069 3382 5122 dixisse
3439 5063 3722 5124 Davidem,

2137 5169 2381 5238 psalmus
2424 5166 2626 5236 quippe
2684 5166 2802 5232 ejus
2855 5179 2978 5219 esse
3023 5160 3390 5216 inscribitur:
3429 5157 3477 5211 is
3507 5165 3724 5224 aposto-

2139 5258 2242 5312 lico
2283 5271 2436 5310 more
2463 5257 2542 5310 sic
2574 5255 2769 5310 eilatus
2819 5254 3109 5307 credatur:
3145 5250 3276 5316 Quis
3311 5249 3639 5314 inﬁrmatur.
3665 5252 3721 5298 et

2135 5367 2228 5421 ego
2261 5367 2364 5403 non
2397 5347 2820 5418 inﬁrmor?quis
2877 5345 3298 5405 scandalizatur,
3367 5347 3416 5393 et
3471 5355 3564 5408 ego
3613 5351 3720 5393 non

2142 5457 2268 5493 uror
2288 5442 2328 5471 “
2355 5437 2452 5492 ?Et
2485 5455 2496 5490 :
2536 5435 2593 5492 Si
2622 5435 2745 5506 quid
2775 5437 3014 5504 patiatur
3037 5451 3200 5487 unum
3231 5431 3541 5499 membrum,
3573 5445 3720 5482 com-

2139 5533 2417 5599 patiuntur
2447 5532 2622 5584 omnia
2656 5528 2888 5583 membra
2919 5529 2984 5578 “.
3038 5524 3104 5578 Et
3147 5523 3376 5579 forsitan
3408 5521 3548 5574 alius
3577 5533 3718 5589 pric-

2141 5633 2288 5678 tcrea
2321 5621 2488 5682 dicat.
2541 5621 2760 5689 iniquos
2811 5625 2978 5674 testes
2999 5631 3122 5672 esse
3163 5619 3432 5685 quotquot
3459 5610 3716 5664 Davidem

2140 5714 2284 5785 apud
2307 5713 2524 5774 Saulem
2551 5712 2870 5770 calumniati
2901 5719 3058 5778 sunt;
3093 5709 3254 5762 modo
3281 5707 3480 5776 quippe
3497 5699 3718 5770 .Ζίρὶεωὶ
