4138 6380
390 392 397 434 ῖ
412 405 521 461 ωδ

1063 402 1333 460 EUSEBII
1370 403 1860 463 CJESARIENSIS
1897 406 2051 465 OPP.
2096 406 2277 462 PARS
2329 408 2418 463 Ill.
2454 442 2524 451 --
2565 409 2974 466 EXEGETICA.

3573 406 3685 463 306

408 520 736 578 accedentes
745 519 1000 576 dicebant
1019 536 1033 572 :
1063 519 1197 576 Ecce
1210 520 1378 577 David
1399 522 1737 579 absconditus
1751 534 1829 578 est
1844 523 1987 595 apud

2092 524 2278 594 ἔλεγον
2297 524 2542 589 ἐλθόντες
2566 542 2579 555 ³
2623 526 2777 579 Ἰδοὺ
2801 523 2982 579 Δαυῒδ
3011 526 3335 591 κέκρυπται
3363 534 3482 589 παρ
3500 519 3683 595 ’ήμῖνν

409 630 508 670 nos
532 613 579 647 "
608 630 621 665 :
653 623 708 669 et
736 612 844 667 alio
880 621 1127 683 tempore
1176 614 1291 679 alii,
1347 616 1604 685 gratiam,
1655 624 1716 673 ut
1756 617 1993 682 videtur,

413 705 557 778 apud
590 718 772 775 regem
829 704 1045 769 inituri,
1097 706 1271 761 multa
1305 706 1443 761 falsa
1497 708 1814 764 testimonia
1846 710 1996 764 dice-

411 798 563 862 bant,
587 805 644 854 et
666 811 790 867 qua
820 796 939 867 ipse
966 812 1141 868 neque
1162 809 1387 855 noverat
1408 801 1874 874 neque'cogitarat
1892 801 1997 872 ipsi

413 888 789 944 ascribebant.
837 885 977 943 lllud
1038 896 1247 953 autem,
1289 889 1651 947 retribuebant
1689 892 1819 946 mihi
1850 892 1997 947 mala

407 995 506 1049 pro
521 979 694 1044 bonis,
726 978 795 1034 ad
825 979 1006 1050 ipsum
1036 995 1257 1052 quoque
1282 980 1545 1039 Davidem
1572 982 1766 1040 referri
1789 990 1991 1056 pote“.

408 1069 544 1126 Nam
573 1070 762 1127 multis
789 1085 822 1125 a
842 1070 1050 1127 Davide
1096 1071 1258 1129 bonis
1287 1072 1518 1130 aﬂ'ectus
1576 1073 1731 1140 Saul,
1768 1083 1996 1131 contra-

406 1163 547 1221 riam
580 1164 688 1236 ipsi
706 1165 882 1222 vicem
936 1167 1293 1237 rependebat,
1333 1168 1464 1224 dum
1501 1171 1754 1241 graviora
1803 1177 1997 1225 contra

407 1258 784 1329 animamejus
813 1259 1246 1327 machinaretur,
1310 1268 1365 1317 et
1417 1263 1766 1320 sterilitatem
1799 1265 1998 1319 anime

406 1349 531 1420 ejus
578 1349 829 1407 inferret.
863 1350 1020 1407 Tunc
1056 1367 1223 1423 porro
1275 1354 1536 1411 sterilitas
1572 1356 1767 1411 animae
1814 1356 1994 1422 adest,

407 1440 538 1497 dum
571 1443 781 1499 semina
801 1459 923 1514 qua:
954 1443 1011 1499 in
1052 1445 1288 1500 aliorum
1320 1446 1614 1503 utilitatem
1646 1448 1876 1518 spargit,
1900 1455 1997 1502 aut

406 1548 530 1607 quae
560 1550 660 1605 per
683 1536 992 1591 doctrinam
1021 1538 1241 1604 emittit,
1262 1538 1502 1595 fructum
1531 1556 1643 1595 non
1670 1540 1872 1596 ferunt.
1904 1539 1997 1596 Sic

406 1643 540 1700 ergo
561 1643 687 1684 cum
721 1628 893 1684 David
929 1631 1101 1685 multa
1136 1630 1287 1685 Sauli
1333 1633 1473 1687 bona
1506 1634 1772 1705 gigneret,
1793 1633 1995 1690 sterili-

406 1729 574 1777 tatem
606 1721 713 1792 ipsi
739 1719 872 1775 Saul
892 1720 1179 1787 inferebat,
1201 1737 1312 1778 non
1334 1724 1531 1796 dignos
1557 1724 1816 1781 emittens
1837 1741 1995 1797 spar-

409 1828 600 1870 sorum
632 1813 908 1870 seminum
941 1811 1183 1870 fructus.

476 1903 650 1962 Vitas.
684 1905 771 1959 l5.
806 1904 920 1976 Ego
975 1915 1174 1973 autem,
1216 1919 1337 1962 cum
1371 1908 1501 1963 mihi
1546 1909 1756 1964 molesti
1797 1919 1991 1978 essent,
2025 1891 2066 1947 Β

405 1994 666 2050 ίιιάαεὸατ
694 1997 891 2053 cilicio.
926 1994 995 2050 Et
1020 1984 1371 2052 humiliabam
1418 2000 1474 2053 in
1516 2000 1724 2070 jejunio
1751 2003 1990 2055 animam

405 2104 600 2153 meam,
630 2097 679 2143 et
702 2090 876 2142 oratio
902 2105 1019 2142 mea
1032 2090 1089 2143 in
1115 2091 1235 2143 sinu
1280 2106 1395 2145 meo
1439 2102 1783 2147 convertatur.
1814 2093 1897 2148 Ad
1926 2109 1991 2150 ea

404 2194 528 2249 qua
578 2180 731 2250 prius
782 2180 984 2235 tradita
1013 2188 1165 2244 sunt,
1218 2183 1514 2252 perpende,
1553 2199 1748 2254 quaeso
1778 2225 1795 2248 ,
1861 2201 1990 2240 num

404 2271 521 2328 hac
558 2287 807 2342 persona:
862 2270 1163 2328 Salvatoris
1211 2274 1387 2329 nostri
1420 2276 1715 2331 convenire
1765 2286 1987 2347 queant,

403 2366 831 2439 propheticeque
883 2365 952 2421 de
997 2366 1119 2437 ipso
1163 2366 1531 2435 praenuntiata
1581 2367 1803 2425 fuerint.
1856 2366 1990 2427 Vide

403 2457 571 2527 igitur
623 2471 757 2512 num
782 2470 850 2511 eo
879 2462 1044 2526 pacto
1074 2456 1367 2521 sententia,
1398 2456 1551 2509 nullo
1601 2457 1759 2512 obice
1778 2496 1794 2521 ,
1828 2458 1990 2527 plana

402 2546 620 2602 evadat.
680 2544 932 2601 Salvator
979 2545 1125 2601 enim
1181 2553 1366 2600 noster
1427 2541 1577 2601 Patli
1625 2560 1728 2603 suo
1771 2545 1988 2602 initium

403 2638 601 2710 psalmi
680 2636 981 2694 secundum
1056 2636 1451 2691 humanitatem
1506 2636 1751 2703 dixerit,
1814 2655 1990 2709 usque

404 2729 476 2783 ad
507 2729 662 2795 illud,
693 2737 745 2784 et
791 2718 1044 2784 conclude
1071 2720 1324 2784 adversus
1365 2743 1454 2782 eos
1485 2729 1575 2798 qui
1605 2740 1990 2800 persequuntur

404 2835 490 2873 nte
517 2835 536 2872 :
571 2819 628 2873 in
658 2820 923 2875 vicesimo
954 2818 1133 2890 primo
1156 2821 1284 2874 item
1315 2819 1550 2889 psalmo,
1580 2820 1672 2889 qui
1698 2822 1989 2891 perspicue

405 2910 477 2966 ab
503 2911 623 2981 ipso
646 2909 941 2981 profertur,
978 2909 1182 2965 dictum
1212 2917 1327 2966 est:
1362 2908 1428 2965 In
1456 2907 1784 2979 adjutorium
1817 2930 1989 2968 meum

403 3002 648 3065 intende;
685 3002 798 3058 imo
821 3010 875 3058 et
906 3004 961 3056 in
989 3001 1302 3073 Evangeliis
1331 3002 1566 3058 orationi
1601 3018 1826 3062 vacasse
1855 3021 1987 3060 nar-

402 3102 580 3150 ratur.
613 3093 681 3149 Et
703 3109 836 3151 sane
856 3110 979 3165 quae
1021 3094 1111 3149 hic
1142 3094 1346 3164 scripta
1379 3102 1528 3158 sunt,
1560 3107 1685 3165 post
1717 3106 1986 3167 patratum

405 3202 438 3244 a
461 3185 668 3243 ludatis
700 3188 759 3243 in
782 3203 906 3244 eum
940 3186 1156 3244 facinus
1178 3202 1344 3258 opere
1372 3187 1486 3257 ipse
1513 3190 1827 3259 complevit.
1862 3188 1989 3246 Fra-

2098 621 2192 672 καὶ
2224 618 2412 673 ἄλλοτε
2444 618 2637 683 ἄλλους
2679 618 2859 683 εἰκὸς,
2919 616 3292 687 κεχαρισμένα
3343 614 3421 685 τῷ
3476 611 3686 683 βασιλεῖ

2097 709 2439 779 πράττοντας
2458 748 2473 771 ,
2510 707 2683 762 πολλὰ
2715 710 2834 762 κατ’
2863 708 3029 761 αὐτοῦ
3056 707 3520 777 ψευδομαρτυρεῖν
3543 744 3559 769 ,
3588 703 3686 763 καὶ

2096 798 2134 854 ἃ
2168 801 2242 872 μὴ
2268 801 2562 870 ἐγίνωσκεν
2593 801 2727 872 μηδὲ
2751 801 3024 864 διενοεῖτο,
3059 799 3234 853 ταῦτα
3263 799 3383 853 κατ’
3404 798 3568 852 αὐτοῦ
3596 797 3687 851 λέ-

2100 909 2235 961 γειν.
2267 894 2310 945 Τ
2312 893 2342 946 ὸ
2368 893 2435 957 δ’,
2473 892 2986 948 Ἀνταπεδίδοσάν
2998 911 3099 962 μοι
3129 891 3363 959 πονηρὰ
3386 892 3519 947 ἀντὶ
3542 891 3685 960 ἁγα-

2098 984 2240 1051 θῶν,
2271 986 2493 1040 δύναται
2518 988 2598 1050 εἰς
2627 986 2789 1040 αὐτὸν
2811 985 3198 1057 ἀναφέρεσθαι.
3245 983 3461 1054 Ἐπειδὴ
3483 981 3684 1036 πολλά-

2098 1094 2187 1142 κις
2225 1072 2284 1132 εὖ
2315 1078 2502 1133 παθὼν
2537 1080 2641 1132 ὑπὸ
2664 1078 2759 1132 τοῦ
2789 1078 2953 1132 Δαυῖδ
2983 1083 3013 1131 6
3036 1077 3209 1131 Σαοὺλ
3231 1116 3246 1139 ,
3281 1079 3391 1137 τοϊς
3419 1075 3685 1138 ἐναντίοις

2097 1171 2259 1225 αὑτὸν
2286 1170 2547 1243 ἠμείϐετο
2568 1212 2583 1235 ,
2618 1171 2765 1225 δεινὰ
2796 1168 2939 1225 κατὰ
2960 1169 3061 1240 τῆς
3096 1168 3277 1239 ψυχῆς
3298 1166 3464 1222 αὐτοῦ
3502 1183 3684 1238 μηχα-

2098 1264 2377 1335 νώμενος,
2426 1266 2521 1319 καὶ
2579 1265 2833 1319 ἀτεκνίαν
2883 1262 3128 1333 ὲμποιῶν
3178 1262 3244 1332 τῇ
3298 1260 3443 1331 ψυχῇ
3493 1256 3684 1312 αὑτοῦ.

2111 1356 2359 1411 Ἀτεκνία
2391 1356 2447 1410 δὲ
2473 1356 2652 1427 ψυχῆς
2680 1359 2856 1419 ἐστιν,
2886 1356 3014 1408 ὅταν
3041 1354 3106 1407 τὰ
3139 1351 3341 1423 ἑαυτῆς
3372 1350 3681 1422 σπέρματα,

2095 1448 2134 1504 ἃ
2165 1448 2559 1503 καταϐάλλεται
2590 1448 2655 1502 δι’
2687 1447 2942 1502 εὐποιιῶν
2972 1450 3053 1511 είς
3099 1447 3319 1516 ἐτέρους
3343 1487 3356 1509 ,
3394 1443 3428 1515 ἢ
3469 1442 3565 1499 καὶ
3595 1444 3684 1497 διὰ

2095 1539 2447 1602 διδασκαλίας
2496 1538 2568 1610 μὴ
2618 1538 2773 1610 φέρει
2809 1537 3041 1609 καρπόν.
3112 1536 3269 1590 Οὕτω
3300 1533 3464 1603 γοῦν,
3514 1532 3683 1587 πολλὰ

2096 1631 2394 1701 γεννῶντος
2421 1631 2601 1700 ἀγαθὰ
2620 1629 2712 1683 τοῦ
2746 1629 2909 1684 Δαυῖδ
2935 1631 3016 1692 εὶς
3051 1629 3141 1681 τὸν
3173 1626 3345 1682 Σαοὺλ
3365 1667 3380 1690 ,
3429 1626 3684 1681 ἀτεκνίαν

2096 1723 2248 1796 αὐτῷ
2275 1726 2304 1777 6
2330 1723 2500 1779 Σαοὺλ
2532 1724 2820 1795 εἰργάζετο
2843 1763 2857 1788 ,
2903 1722 2977 1793 μὴ
3004 1720 3186 1786 ἀξίους
3226 1719 3513 1792 προφέρων
3545 1735 3684 1793 acap-

2098 1815 2234 1878 ποὺς
2261 1813 2370 1867 τῶν
2395 1814 2474 1876 είς
2497 1813 2660 1866 αὑτὸν
2690 1811 3072 1883 ἑσπαρμένων.

2179 1904 2319 1975 Ἐγὼ
2355 1903 2443 1965 δὲ,
2487 1905 2557 1956 ἐν
2596 1902 2677 1969 τῷ
2718 1902 2938 1968 αὐτοὺς
2972 1899 3370 1970 παρενοχλεῖν
3394 1917 3518 1970 μοι,
3549 1899 3680 1953 ἑνε-

2092 1996 2326 2066 δυόμην
2357 1995 2609 2058 σάκκον,
2652 1995 2752 2050 καὶ
2796 1993 3153 2048 ἐταπείνουν
3181 1993 3251 2045 ἐν
3276 1992 3528 2060 νηστείᾳ
3566 1990 3684 2058 τὴν

2092 2090 2305 2159 ψυχήν
2326 2108 2469 2158 μου,
2494 2089 2593 2142 καὶ
2621 2091 2659 2155 ἡ
2693 2086 3004 2157 προσευχή
3042 2105 3162 2155 μου
3200 2089 3289 2152 είς
3315 2086 3547 2139 κόλπον
3561 2101 3682 2154 μου

2090 2182 2645 2251 ἀποστραφήσεται.
2677 2181 2822 2252 Πρὸς
2854 2184 2965 2243 τοῖς
2996 2178 3333 2233 άποδοθεῖσιν
3366 2176 3679 2246 ἐπίσκεψαι,

2094 2276 2303 2345 μήποτε
2329 2273 2397 2327 τὰ
2428 2274 2760 2345 προκείμενα
2794 2271 3127 2342 ἐφαρμόζειν
3159 2266 3381 2324 δύναται
3408 2268 3486 2340 τῷ
3514 2285 3683 2341 προσ-

2090 2365 2223 2437 ώπῳ
2251 2367 2346 2420 τοῦ
2371 2367 2620 2437 Σωτῆρος
2648 2365 2826 2436 ἡμῶν,
2861 2363 3216 2437 προφητικῶς
3244 2362 3304 2427 ἐξ
3333 2362 3496 2415 αὑτοῦ
3530 2360 3682 2414 τεθε-

2092 2459 2385 2529 σπισμένα.
2416 2459 2556 2528 Ὅρα
2581 2457 2624 2510 δ’
2647 2454 2740 2510 οῦν
2775 2457 2823 2509 εί
2858 2454 2933 2526 μὴ
2979 2455 3072 2507 καὶ
3095 2453 3268 2517 οὕτως
3303 2449 3679 2523 ἐξομαλίζεται

2090 2549 2123 2619 ἡ
2165 2549 2374 2605 διάνοια
2418 2549 2538 2602 κατ’
2575 2548 2767 2602 οὐδένα
2814 2546 3018 2618 τρόπον
3048 2542 3469 2615 ὲμποδιζομένη.
3497 2543 3680 2595 Ἔστω

2089 2641 2198 2713 γὰρ
2225 2643 2253 2695 6
2274 2642 2465 2714 Σωτὴρ
2504 2641 2658 2712 ἡμῶν
2699 2640 2872 2709 λέγων
2912 2639 3052 2694 κατὰ
3080 2639 3140 2691 τὸ
3168 2634 3504 2707 ἀνθρώπινον
3541 2631 3679 2703 πρὸς

2088 2733 2178 2787 τὸν
2208 2733 2402 2787 ἑαυτοῦ
2433 2733 2654 2806 Πατέρα
2684 2732 2782 2803 τὴν
2827 2732 3003 2804 ἀρχὴν
3042 2728 3132 2784 τοῦ
3161 2718 3374 2798 ψαλμοῦ
3406 2726 3531 2788 ἓως,
3566 2722 3675 2777 Καὶ

2089 2826 2458 2895 σύγκλεισον
2484 2826 2555 2889 ἐξ
2584 2824 2864 2890 ἐναντίας
2904 2816 3023 2876 τῶν
3063 2821 3397 2875 διωκόντων
3430 2832 3538 2887 με’
3581 2813 3679 2868 καὶ

2088 2919 2147 2970 ὲν
2176 2916 2405 2989 εἰκοστῷ
2449 2916 2506 2973 δὲ
2552 2916 2648 2970 καὶ
2678 2914 2882 2987 πρώτῳ
2928 2912 3146 2984 ψαλμῷ,
3180 2911 3364 2980 σαφῶς
3390 2911 3482 2963 ὑπ’
3511 2905 3678 2962 αὑτοῦ

2087 3006 2388 3080 λεγομένῳ,
2409 3008 2642 3079 εἴρηται·
2672 3010 2776 3073 Eu;
2800 3006 2916 3074 τὴν
2929 3000 3223 3072 βοήθειάν
3243 3020 3361 3073 μου
3387 3001 3673 3070 πρόσχες’

2088 3098 2225 3154 ἀλλὰ
2256 3096 2349 3152 καί¹
2378 3100 2436 3152 ὲν
2463 3101 2576 3162 τοῖς
2612 3098 2966 3169 Εὐαγγελίοις
2996 3092 3063 3169 τῇ
3096 3099 3372 3170 προσευχῇ
3402 3094 3682 3165 σχολάζων

2093 3188 2408 3264 ἱστορεῖται.
2438 3191 2547 3245 Ναὶ
2579 3191 2686 3262 μὴν
2719 3191 2815 3244 καὶ
2858 3189 2923 3243 δι’
2954 3189 3129 3262 ἔργων
3160 3189 3399 3260 ἐπλήρου
3437 3187 3507 3241 τὰ
3542 3188 3677 3242 ἀνα-

404 3294 528 3336 nea
569 3280 771 3352 quippe
817 3270 1095 3345 militaris,
1128 3280 1444 3350 bellumque
1470 3277 1845 3359 Ilomanorum
1878 3298 1989 3339 non

2092 3261 2455 3355 γεγραμμένα
2482 3280 2620 3352 μετὰ
2650 3280 2749 3354 τὴν
2778 3282 2898 3334 κατ’
2922 3261 3085 3335 αὐτοῦ
3112 3280 3221 3334 τῶν
3261 3277 3526 3334 Ἰουδαίων
3555 3278 3678 3334 τόλ-

406 3371 502 3427 diu
534 3379 746 3443 postea,
774 3387 877 3428 nec
899 3372 1021 3427 sine
1050 3370 1145 3426 Dei
1172 3370 1403 3441 judicio,
1429 3373 1650 3428 institit.
1681 3371 1818 3428 Nam
1843 3373 1989 3433 Deus

406 3462 528 3535 Ipse
558 3472 699 3531 erat,
735 3464 832 3535 qui
864 3478 961 3535 per
998 3462 1256 3519 hostilem
1295 3462 1596 3520 exercitum
1628 3464 1780 3536 ipsos
1810 3466 1992 3538 impu-

404 3555 631 3628 gnabat.
666 3556 724 3611 Id
759 3571 856 3629 per
906 3556 1226 3628 parabolam
1284 3555 1540 3614 Salvator
1586 3558 1703 3628 ipse
1747 3559 1990 3615 declarat

406 3649 480 3705 iis
508 3650 603 3721 qui
628 3652 974 3717 vocationem
1004 3648 1072 3704 ad
1100 3648 1322 3718 nuptias
1349 3657 1696 3720 respuerant,
1732 3648 1988 3705 nuntios-

405 3756 517 3813 que
556 3740 975 3807 interfecerant;
1006 3739 1138 3796 dum
1168 3739 1266 3802 ait,
1291 3755 1492 3812 'regem
1522 3741 1743 3798 misisse
1777 3742 1991 3798 exerci-

406 3840 501 3891 tus
551 3848 684 3890 suos
714 3840 771 3889 et
819 3833 1099 3889 civitatem
1153 3847 1346 3888 eorum
1393 3833 1751 3889 succendisse
1782 3832 1849 3886 “.
1897 3833 1989 3889 Sic

407 3924 596 3994 itaque
623 3938 688 3979 ea
739 3938 863 3995 qua
904 3922 1017 3992 jam
1048 3916 1352 3980 tractamus
1394 3925 1617 3996 impleta
1666 3934 1815 3983 sunt.
1848 3926 1988 3993 Quia

404 4019 553 4074 enim
579 4017 656 4073 illi
676 4031 801 4073 cum
824 4015 963 4072 Filio
981 4016 1074 4074 Dei
1102 4017 1289 4089 inique
1306 4026 1556 4089 egerunt,
1572 4020 1812 4075 damnati
1836 4029 1986 4086 sunt,

405 4110 653 4182 ultioque
682 4111 967 4183 sanguinis
994 4111 1116 4182 ejus
1148 4119 1365 4182 sumpta
1418 4123 1525 4168 est.
1577 4113 1644 4169 Et
1690 4116 1818 4187 quia
1865 4131 1989 4171 sese

404 4199 615 4254 Christi
645 4200 899 4256 inimicos
932 4199 1302 4270 praebuerunt,
1340 4213 1371 4253 a
1415 4198 1525 4255 Deo
1563 4200 1686 4271 ipso
1732 4201 1988 4257 debellati

407 4299 560 4353 sunt,
600 4305 725 4345 cum
755 4290 903 4356 telis,
933 4291 1124 4361 clypeo
1161 4299 1217 4346 et
1263 4291 1491 4357 framea,
1548 4292 1812 4349 irruente.
1867 4292 1987 4348 Non

405 4382 627 4439 occulte
657 4381 803 4437 enim
836 4381 988 4452 ipsos
1020 4381 1204 4436 divina
1237 4380 1393 4448 ultio,
1441 4382 1535 4438 sed
1574 4397 1672 4453 per
1704 4369 1988 4439 hominum

404 4472 685 4530 exercitus
724 4471 917 4528 adorta
955 4478 1059 4528 est.
1091 4471 1277 4526 Mirari
1310 4487 1444 4527 sane
1474 4473 1642 4536 subit,
1676 4488 1787 4543 quo
1828 4460 1989 4544 pacto

404 4567 614 4623 dictum
643 4565 836 4623 fuerit:
866 4563 1091 4635 E/funde
1115 4565 1392 4635 frameam.
1417 4563 1535 4619 Non
1555 4566 1723 4631 enim,
1748 4575 1807 4621 at
1832 4567 1984 4633 olim,

404 4672 472 4714 ex
522 4666 679 4728 parte
731 4656 908 4711 solum
952 4655 1095 4711 bello
1144 4655 1586 4733 incessebantur,
1639 4657 1734 4712 sed
1767 4657 1984 4716 hostilis

406 4745 617 4801 framea
662 4754 852 4802 contra
884 4745 1010 4801 illos
1041 4744 1213 4800 effusa
1241 4754 1361 4812 est;
1412 4755 1743 4817 quapropter
1774 4746 1983 4803 dictum

402 4848 521 4897 est:
558 4837 798 4894 Pervenit
823 4847 999 4893 autem
1019 4838 1088 4892 ad
1114 4838 1236 4892 illos
1256 4838 1341 4892 ira
1368 4840 1421 4892 in
1443 4839 1601 4907 ﬁnem
1625 4840 1670 4872 ³⁸
1691 4854 1708 4909 ;
1728 4847 1781 4896 et
1807 4840 1937 4895 alibi
1966 4860 1980 4897 :

406 4929 642 5001 Eﬁ'unde
661 4947 819 5000 super
846 4947 933 4987 eos
961 4931 1109 4985 iram
1151 4939 1297 4984 tuam
1331 4931 1398 4985 ³⁸.
1431 4930 1566 4998 Quis
1602 4947 1767 5002 porro
1798 4931 1984 4989 Histo-

404 5023 521 5078 rias
551 5021 723 5078 Flavii
770 5021 993 5094 Iosephi
1028 5038 1376 5093 percurrens.
1408 5038 1711 5093 earumque
1753 5031 1983 5082 narratu

402 5116 776 5186 comperiens,
806 5131 915 5186 qua
958 5115 1174 5171 ratione
1220 5114 1507 5171 obsidione
1535 5116 1806 5180 conclusi,
1841 5116 1984 5174 fame

404 5214 464 5263 et
487 5206 850 5263 seditionibus
892 5206 1210 5272 interibant,
1238 5221 1347 5262 non
1376 5222 1620 5277 praesens
1646 5208 1852 5265 dictum
1886 5209 1984 5264 ad-

404 5299 665 5354 miretur:
700 5297 770 5354 Et
800 5297 1053 5354 conclude
1081 5297 1331 5353 adversus
1361 5315 1449 5353 eos
1479 5300 1568 5369 qui
1604 5309 1985 5372 persequuntur

406 5391 535 5445 me?
566 5389 698 5457 Quae
730 5405 860 5446 vero
888 5397 1073 5460 postea
1102 5389 1537 5461 subsequuntur,
1569 5393 1746 5447 solum
1779 5390 1980 5447 Serva-

400 5489 580 5535 torem
624 5480 776 5535 Patri
840 5496 944 5537 suo
992 5480 1292 5537 secundum
1351 5480 1742 5536 humanitatem
1795 5482 1980 5538 dicere

402 5570 660 5629 convenit
691 5588 705 5623 :
736 5568 839 5623 Dic
867 5570 1058 5624 anima:
1098 5584 1225 5622 meae
1248 5584 1267 5623 :
1302 5566 1462 5623 Salus
1503 5578 1597 5622 tua
1624 5584 1715 5640 ego
1756 5585 1893 5629 sum,
1926 5575 1980 5624 cl

401 5667 802 5735 ceteraneque
829 5660 896 5714 ad
926 5659 1060 5716 illud
1086 5679 1101 5716 :
1129 5658 1426 5732 Etangetua
1452 5659 1666 5715 Domini
1703 5668 1977 5715 coarctans

2094 3392 2222 3446 μαν.
2271 3372 2541 3445 Ῥομφαία
2570 3372 2679 3444 γὰρ
2720 3372 3086 3445 στρατιωτικὴ
3134 3373 3229 3427 καὶ
3266 3370 3500 3442 πόλεμος
3542 3370 3679 3424 Ῥω·-

2094 3466 2290 3539 μαῖκδς
2336 3466 2438 3520 οὐκ
2486 3468 2564 3529 εἰς
2604 3468 2821 3537 μακρὰν
2854 3465 3117 3538 μετῆλθεν
3158 3466 3375 3531 αὐτοὺς,
3406 3465 3505 3519 οὐκ
3546 3464 3676 3518 ἄνευ

2089 3560 2188 3631 τῆς
2225 3559 2321 3613 τοῦ
2360 3558 2496 3612 Θεοῦ
2544 3558 2796 3632 κρίσεως.
2833 3558 2964 3623 Θεὸς
2997 3560 3105 3632 γὰρ
3134 3554 3200 3632 ἦν
3233 3561 3262 3613 6
3292 3559 3542 3630 πολεμῶν
3574 3559 3675 3610 αὺ-

2088 3653 2217 3717 τοὺς
2243 3652 2331 3707 διὰ
2354 3651 2450 3706 τοῦ
2478 3652 2587 3706 τῶν
2614 3653 2889 3723 πολεμίων
2916 3653 3166 3725 στρατοῦ.
3194 3653 3365 3706 Τοῦτο
3388 3654 3482 3706 καὶ
3514 3650 3677 3715 αὐτὸς

2089 3742 2119 3795 6
2149 3741 2339 3813 Σωτὴρ
2360 3741 2446 3795 διὰ
2472 3741 2780 3814 παραϐολῆς
2807 3743 3105 3814 παρίστησι
3132 3746 3243 3805 τοῖς
3269 3741 3676 3815 παρῃτημένοις

2088 3834 2189 3905 τὴν
2214 3832 2403 3905 κλῆσιν
2423 3832 2516 3888 τοῦ
2542 3833 2742 3904 γάμου,
2777 3833 2871 3886 κα)⁸
2896 3834 3023 3896 τοὺς
3051 3832 3318 3904 κλήτορας
3344 3831 3635 3901 φονεύσασι
3657 3846 3671 3858 ·

2089 3924 2302 3994 πέμψαι
2332 3925 2511 3995 φήσας
2542 3925 2633 3978 τὸν
2663 3924 2888 3995 βασιλέα
2902 3923 2972 3977 τὰ
2989 3921 3355 3995 στρατιωτικὰ
3386 3920 3550 3975 αὐτοῦ
3578 3920 3675 3974 καὶ

2087 4018 2188 4089 τὴν
2236 4012 2391 4071 πόλιν
2446 4017 2626 4071 αὐτῶν
2673 4017 2975 4088 ἐμπρῆσαι.
3028 4014 3184 4068 Οῦτω
3238 4014 3416 4068 τοίνυν
3465 4013 3558 4066 καὶ
3603 4012 3675 4066 τὰ

2091 4107 2230 4179 μετὰ
2273 4110 2462 4179 χεῖρας
2505 4107 2824 4180 ἐπληροῦτο.
2869 4105 3084 4177 Ἐπειδὴ
3128 4105 3237 4178 γὰρ
3270 4106 3422 4160 αὐτοὶ
3454 4104 3674 4175 ἠδίκουν

2086 4199 2181 4254 τὸν
2213 4199 2342 4253 Υίδν
2382 4199 2477 4253 τοῦ
2521 4200 2655 4254 Θεοῦ
2679 4241 2693 4265 ,
2733 4199 3116 4271 ὲδικάσθησαν,
3163 4197 3541 4269 ὲκδικουμένου
3575 4194 3672 4249 τοῦ

2089 4291 2318 4361 αἵματος
2360 4288 2545 4344 αὐτοῦ.
2576 4292 2687 4345 Καὶ
2728 4288 2916 4363 ἐπειδὴ
2942 4289 3233 4362 πολεμίους
3272 4289 3470 4352 αὐτοὺς
3510 4287 3675 4342 κατέ-

2090 4398 2294 4454 στησαν
2338 4376 2431 4435 τοῦ
2476 4383 2749 4453 Χριστοῦ,
2785 4382 3203 4454 ἐπολεμήθησαν
3252 4382 3356 4434 ὑπὸ
3397 4381 3490 4434 τοῦ
3533 4379 3674 4434 Θεοῦ

2092 4470 2442 4543 μετελθόντος
2471 4470 2620 4541 ὅπλῳ
2669 4471 2762 4525 καὶ
2795 4469 2975 4543 θυρεῷ
3013 4470 3107 4524 καὶ
3162 4468 3422 4541 ῥομφαίᾳ.
3455 4468 3531 4521 Οὐ
3562 4468 3673 4540 γὰρ

2090 4561 2312 4632 ἀφανῶς
2342 4563 2539 4626 αὐτοὺς
2566 4564 2600 4633 ὴ
2632 4560 2750 4615 θεία
2785 4561 2971 4634 μετῄει
3013 4560 3156 4630 δίκη,
3190 4558 3324 4613 ἀλλὰ
3363 4558 3453 4613 διὰ
3478 4559 3586 4611 τῶν
3613 4558 3673 4613 ὲν

2089 4653 2397 4728 ἀνθρώποις
2418 4653 2708 4725 πολεμίων.
2741 4653 3029 4725 Θαυμάσαι
3051 4652 3097 4707 δ’
3118 4651 3262 4706 ἔστιν
3284 4653 3431 4714 ὅπως
3458 4652 3672 4723 εἴρηται

2091 4748 2184 4801 τόο
2233 4750 2489 4817 Ἐκχεον
2518 4746 2854 4816 ῥομφαίαν
2894 4745 3078 4799 οὐκέτι
3118 4744 3227 4816 γὰρ
3281 4744 3423 4809 κατὰ
3458 4743 3519 4797 τὸ
3567 4760 3673 4798 πα-

2089 4836 2238 4893 λαιὸν
2266 4836 2507 4909 μερικῶς
2533 4836 2727 4900 αὐτοὺς
2748 4838 2775 4889 6
2797 4834 3029 4905 πόλεμος
3052 4831 3270 4906 μετῄει·
3302 4833 3415 4888 ἀλλ’
3441 4832 3671 4905 ἐξεχύθη

2090 4932 2211 4984 κατ’
2239 4927 2417 4984 αὐτῶν
2448 4927 2717 4999 πολεμικὴ
2750 4928 2991 5000 ῥομφαία
3013 4944 3026 4957 ·
3052 4927 3133 4981 διὸ
3159 4925 3434 4981 λέλεκται·
3464 4927 3673 4995 Ἕφθα-

2090 5036 2164 5076 σε
2187 5020 2236 5075 δ’
2262 5022 2354 5076 ἐπ’
2376 5021 2598 5087 αὐτοὺς
2627 5021 2666 5090 ἡ
2696 5020 2842 5090 ὀργὴ
2887 5021 2974 5086 εις
3012 5018 3214 5084 τέλος⁸
3260 5018 3355 5073 καὶ
3396 5017 3628 5088 ἀλλαχοῦ
3653 5035 3668 5049 ·

2090 5115 2341 5183 Ἕκχεον
2370 5113 2463 5165 ἐπ’
2497 5110 2719 5177 αὐτοὺς
2756 5110 2871 5179 τὴν
2909 5112 3093 5180 ὀργήν
3131 5126 3266 5165 σου.
3304 5109 3399 5173 Τίς
3425 5109 3502 5173 δὲ,
3527 5107 3668 5161 διελ-

2086 5202 2195 5262 θὼν
2221 5207 2319 5271 τὰς
2352 5206 2582 5260 Φλαυϊου
2624 5205 2928 5275 Ἰωσήππου
2974 5201 3257 5272 Ἱστορίας,
3296 5198 3483 5271 μαθών
3516 5217 3575 5253 τε
3609 5198 3670 5264 ἐξ

2083 5298 2261 5354 αὐτῶν
2302 5299 2481 5360 ὅπως,
2531 5296 2589 5353 ὲν
2642 5293 2992 5365 συγκλεισμῷ
3038 5290 3472 5362 ἀποληφθέντες,
3525 5287 3670 5359 λιμῷ

2083 5391 2179 5444 καὶ
2218 5389 2408 5444 στάσει
2450 5386 2840 5458 διεφθάρησαν,
2875 5386 2940 5437 οὐ
2969 5382 3240 5455 θαυμάσει
3288 5381 3385 5453 τὴν
3434 5378 3669 5434 ἐνταῦθα

2084 5480 2348 5549 λέγουσαν
2402 5479 2614 5550 φωνήν
2672 5478 2783 5533 Καὶ
2838 5479 3210 5547 σύγκλεισον
3261 5473 3331 5538 ἐξ
3389 5472 3673 5538 ἐναντίας

2085 5569 2204 5624 τῶν
2233 5567 2716 5624 καταδιωκόντων
2745 5583 2853 5637 με;
2891 5566 3049 5637 Ἑξῆς
3079 5564 3136 5619 δὲ
3168 5566 3375 5626 τούτοις
3413 5561 3558 5632 μόνῳ
3588 5557 3673 5632 τῷ

2088 5660 2301 5731 Σωτῆρι
2333 5660 2533 5732 πρέπει
2562 5659 2629 5714 ἂν
2645 5660 2825 5728 λέγειν
2861 5658 2941 5730 τῷ
2982 5656 3175 5711 ἑαυτοῦ
3214 5653 3390 5727 Πατρὶ
3421 5651 3566 5708 κατὰ
3604 5649 3672 5709 τὸ

475 5840 522 5873 ’³
560 5838 582 5894 ι
613 5838 744 5914 Reg.
785 5855 954 5911 mu,
986 5841 1071 5900 i9.
1149 5840 1195 5874 “
1233 5839 1422 5897 Matth.
1455 5839 1603 5912 ιτιιξ,
1644 5841 1691 5895 7.
1770 5841 1816 5873 ’⁸
1851 5840 1870 5892 ι
1901 5840 1990 5895 Τῒιι

2091 5889 2093 5895 ,
2132 5858 2202 5906 ιι,
2242 5842 2323 5896 l6.
2402 5843 2447 5873 ¹⁶
2488 5839 2627 5895 Psal.
2664 5854 2865 5904 uvm,
2898 5837 2991 5894 25.
