4138 6380
491 427 599 484 565

1610 425 2116 483 COMMENTARIA
2155 426 2220 480 IN
2261 422 2599 483 PSALMOS.

3662 425 3766 482 306

486 544 859 618 ἀνθρώπινον·
896 540 1092 601 Εἴπον
1129 540 1201 612 τῇ
1232 545 1406 615 ψυχῇ
1447 562 1598 614 μου·
1658 544 1926 612 Σωτηριά
1972 560 2073 598 σοι

2190 560 2297 598 eos.
2335 542 2462 598 Haec
2487 557 2650 614 porro
2681 548 2794 595 tum
2831 540 3378 610 implebantur,.cum
3409 554 3440 594 ιι
3477 541 3763 611 metropoli

481 639 600 710 είμὶ
625 637 761 708 ἐγὼ,
793 638 888 691 καὶ
930 639 1000 692 τὰ
1039 636 1186 708 ἐξῆς.
1216 638 1321 700 ἓως
1364 637 1481 700 τοῦ,
1516 636 1626 692 Καὶ
1674 635 1928 706 ἄγγελος
1959 638 2079 689 Κυ-

474 728 615 796 ρίου
653 728 948 783 ὲκθλίὸων
991 729 1232 795 αὐτούς.
1281 730 1393 783 Καὶ
1433 729 1612 784 ταῦτα
1653 729 1709 782 δὲ
1753 728 2077 801 ἐπληροῦτο,

481 820 572 874 ὅτε
616 819 716 888 τῆς
764 821 861 891 μὲν
905 819 1114 874 ἑαυτῶν
1159 821 1549 893 μητροπόλεως
1597 821 1925 891 ᾕλαύνοντο,
1969 823 2079 875 διε-

385 937 391 943 ·
482 913 840 985 σκορπίζοντο
880 913 937 966 δὲ
977 915 1058 977 εἱς
1099 913 1275 967 πάντα
1314 914 1382 968 τὰ
1423 913 1572 985 ἔθνη.
1623 911 1756 968 Εἶτα
1793 913 2075 967 λέλεκται·

483 1003 801 1070 Γενηθήτω
841 1005 878 1071 ἡ
921 1003 1062 1070 ὁδὸς
1099 1004 1300 1059 αὐτῶν
1341 1006 1561 1071 σκότος
1604 1005 1703 1059 καὶ
1755 1005 2074 1074 ὀλίσθημα.

491 1090 640 1155 Ὁδὸς
673 1091 730 1144 δὲ
765 1091 945 1146 αὐτῶν
974 1092 1040 1163 ἢν
1072 1092 1272 1146 ὥδευον
1306 1094 1475 1148 πάλαι
1516 1096 1549 1166 ἡ
1592 1094 1880 1166 σωματικὴ
1913 1096 2076 1164 ἐτύγ-

477 1197 611 1250 χανε
665 1181 923 1252 λατρεία,
978 1182 1099 1252 ἧτις
1147 1184 1331 1248 αὐτοῖς
1386 1184 1575 1255 γέγονε
1618 1185 1807 1249 σκότος
1839 1186 1934 1239 καὶ
1969 1185 2078 1239 ὀλί-

480 1271 698 1343 σθημαο
753 1271 888 1326 ἀλλὰ
938 1275 1052 1337 καὶ,
1087 1275 1370 1344 Ἀγγελος
1408 1262 1634 1343 Κυρίου
1694 1275 2078 1330 καταδιώκων

477 1363 720 1427 αὐτούς.
766 1361 954 1416 Ταῦτα
998 1363 1096 1434 μὲν
1140 1359 1233 1417 οὗν
1279 1364 1574 1436 τάπίχειρα
1619 1358 1695 1418 ὧν
1741 1367 1861 1418 κατ’
1909 1366 2074 1420 αὐτοῦ

474 1453 897 1525 τετολμήκασιν.
941 1455 1172 1528 Ἀκούσῃ
1219 1457 1277 1508 δέ
1326 1457 1433 1510 τῶν
1481 1458 1814 1529 εἰρημένων,
1859 1460 1956 1530 οὐχ
1999 1461 2075 1524 ὡς

474 1547 570 1599 τοῦ
596 1547 850 1619 Σωτῆρος
879 1549 1280 1619 κατευχομένου
1325 1548 1434 1602 τῶν
1485 1550 1679 1604 ἐαυτοῦ
1724 1551 1938 1622 ἐχθρῶν
1978 1553 2073 1606 τοῦ

474 1640 588 1700 τοῖς
620 1638 812 1704 ἐαυτοῦ
847 1640 1116 1710 μαθηταῖς
1150 1643 1617 1713 παρηγγελκότος,
1649 1647 2074 1715 Προσεύχεσθε

473 1731 627 1798 ὑπὲρ
657 1729 776 1783 τῶν
803 1731 1248 1800 ἑπηρεαζῖἷντων
1281 1734 1376 1788 καὶ
1412 1734 1784 1791 ἀδικούντων
1807 1739 2033 1805 αὐτούς
2055 1756 2067 1769 ο

472 1820 610 1875 ἀλλὰ
640 1823 749 1894 γὰρ
780 1822 984 1878 τούτων
1016 1826 1180 1879 ἄκουε
1235 1826 1311 1889 ὼς
1351 1828 1709 1900 προφητικῶς
1741 1831 2068 1903 εἰρημένων,

2185 652 2292 692 sua
2317 636 2482 705 pulsi,
2515 635 2571 689 in
2601 649 2794 688 omnes
2827 641 3017 702 gentes
3045 632 3521 704 dispergebantur.
3555 633 3766 690 Deinde

2187 730 2398 785 dictum
2431 736 2516 784 est
2559 749 2571 783 :
2607 726 2770 780 Fiant
2800 727 2896 780 viae
2929 726 3143 780 illorum
3172 724 3392 780 tenebra:
3409 734 3459 780 et
3481 725 3760 782 lubricum.

2193 822 2293 877 Via
2315 838 2422 892 qua
2460 821 2787 876 incedebant
2821 827 2938 873 crat
2976 819 3279 890 corporalis
3309 820 3400 874 ille
3422 821 3625 883 cultus,
3666 821 3760 891 qui

2183 915 2325 985 ipsis
2359 915 2596 969 tenebrae
2625 921 2679 968 et
2712 913 2978 966 lubricum
3013 911 3145 977 fuit;
3171 911 3282 966 imo
3313 913 3498 977 etiam,
3530 913 3760 983 Angelus

2185 1008 2398 1061 Domini
2426 1022 2735 1075 persequens
2763 1020 2871 1058 eos.
2903 1003 3027 1058 Haec
3058 1019 3282 1058 suorum
3315 1003 3578 1059 adversus
3603 1002 3764 1059 Chri-

2183 1108 2328 1155 stum
2371 1098 2679 1153 facinorum
2713 1098 2933 1169 praemia
2959 1097 3131 1151 luere.
3166 1096 3433 1150 Caeterum
3463 1110 3584 1165 qua
3617 1095 3762 1150 dirla

2183 1203 2314 1250 sunt
2343 1209 2454 1247 non
2499 1194 2573 1247 ita
2600 1194 2841 1263 accipias
2871 1193 3053 1254 velim,
3083 1191 3241 1260 quasi
3275 1190 3526 1244 Salvator
3554 1190 3620 1244 de
3651 1191 3761 1243 iui-

2181 1288 2447 1340 micorum
2479 1283 2721 1352 pernicie
2747 1283 3030 1352 glorietur,
3057 1281 3150 1351 qui
3173 1279 3456 1350 discipulis
3479 1281 3595 1334 suis
3623 1295 3762 1350 prae-

2182 1375 2347 1444 cepit,
2383 1373 2545 1429 Orate
2575 1390 2670 1442 pro
2696 1373 2764 1426 iis
2792 1374 2881 1443 qui
2912 1372 3206 1426 molestiam
3235 1381 3285 1424 et
3317 1370 3572 1439 injuriam
3610 1371 3759 1423 vobis

2183 1465 2419 1534 inferunt
2451 1466 2494 1498 ’τ
2533 1483 2545 1517 :
2580 1464 2674 1519 sed
2703 1463 2821 1518 haec
2846 1471 2907 1518 ut
2937 1463 3254 1534 prophetico
3278 1462 3423 1516 dicta
3467 1471 3522 1516 et
3551 1461 3761 1517 futura-

2180 1574 2301 1612 rum
2355 1574 2545 1613 eorum
2611 1557 2982 1612 calamitatum
3037 1554 3344 1625 praenuntia
3409 1553 3760 1624 intelligenda

2179 1657 2328 1704 sunt.
2375 1649 2508 1716 Qua:
2557 1665 2725 1707 causa
2774 1664 2938 1718 porro
2970 1647 3134 1702 fuerit
3171 1662 3272 1701 cur
3299 1662 3364 1701 ea
3412 1646 3758 1704 vaticinetur.

2177 1743 2444 1812 deinceps
2476 1742 2652 1813 aperit
2677 1741 2766 1796 his
2791 1741 2977 1796 verbis
3011 1759 3024 1794 :
3055 1740 3323 1806 Quoniam
3351 1740 3518 1810 gratis
3543 1737 3762 1792 abscon-

2177 1835 2370 1889 derunt
2408 1833 2539 1887 mihi
2577 1835 2848 1887 interitum
2883 1832 3057 1902 laquei
3093 1832 3200 1896 sui,
3230 1847 3545 1900 supervacue
3568 1845 3760 1899 ea'pre-

475 1913 566 1966 καὶ
593 1912 661 1967 τὰ
692 1913 955 1984 μέλλοντα
979 1915 1164 1980 αὐτοῖς
1199 1916 1578 1989 συμϐήσεσθαι
1614 1901 2073 1992 προαναφωνούν-

2178 1925 2461 1981 braverunt
2493 1927 2729 1980 animam
2760 1941 2950 1979 meam.
2968 1932 2974 1956 ‘-

470 2026 599 2063 των.
645 2010 831 2065 Ταῦτα
876 2011 935 2064 δὲ
985 2013 1168 2077 αὐτοῖς
1216 2013 1434 2068 ἔσεσθαι
1490 2016 1734 2081 θεσπίζει
1778 2018 1865 2072 διὰ
1905 2021 2066 2075 ποίαν
2105 2022 2305 2085 αἰτίαν,
2334 2024 2460 2095 ἑξῆς
2487 2022 2726 2077 διδάσκει
2767 2021 2976 2090 λέγων’
3008 2088 3009 2091 η
3042 2021 3171 2074 Ὅτι
3205 2017 3432 2087 δωρεὰν
3485 2015 3761 2085 ἕκρυψάν

472 2119 568 2158 ttat
597 2103 928 2174 διαφθορὰν
961 2108 1213 2179 παγίδος
1245 2110 1466 2174 αὐτῶν,
1511 2112 1714 2182 μάτην
1749 2114 2070 2171 ώνείδισαν
2108 2119 2221 2188 τὴν
2247 2120 2462 2189 ψυχήν
2483 2138 2624 2190 μου.

545 2201 655 2254 Kal
695 2202 869 2256 ταῦτα
919 2205 1018 2274 μέν
1053 2205 1183 2276 περὶ
1215 2206 1308 2259 τοῦ
1344 2207 1584 2278 πλήθους
1610 2210 1718 2263 τῶν
1752 2213 1872 2264 κατ’
1901 2212 2068 2266 αὑτοῦ

474 2291 874 2376 συνελθόντων⁸
911 2295 982 2349 τὰ
1031 2297 1087 2349 δὲ
1129 2298 1257 2367 ἑξῆς
1285 2299 1469 2352 οὐκέτι
1507 2301 1636 2371 περὶ
1675 2302 1906 2367 πολλῶν,
1942 2304 2071 2376 περὶ

471 2384 514 2437 δ’
532 2371 668 2450 ’ἐνὸς
691 2386 1014 2459 λελεγμένα,
1042 2389 1265 2443 δύναται
1298 2392 1798 2465 προσαγορεύεσθαι
1817 2398 1944 2467 περὶ
1974 2395 2069 2449 τοῦ

483 2477 675 2544 Ἰούδα,
709 2479 790 2544 ὃς,
828 2481 1087 2553 κρύπτων
1133 2483 1232 2553 τὴν
1277 2484 1399 2546 κατ’
1430 2484 1595 2538 αὐτοῦ
1650 2489 1942 2559 συσκευὴν,
1984 2507 2070 2558 φι-

471 2569 591 2624 λίαν
621 2589 681 2624 τε
722 2571 1290 2646 καθυποκρινόμενος,
1342 2576 1608 2646 φιλήματι
1651 2579 1937 2650 παρεδίδου
1979 2581 2070 2635 τὸν

472 2663 824 2726 Διδάσκαλον.
857 2665 948 2719 Διὸ
991 2667 1120 2738 περὶ
1163 2665 1328 2720 αὐτοῦ
1375 2668 1522 2736 λέγοι
1567 2669 1634 2723 ἂν
1682 2671 1778 2733 τὸ,
1819 2673 2070 2726 Ἐλθὲτω

470 2755 633 2822 αὐτῴ
659 2756 949 2827 παγίς-,ῆν
975 2761 1048 2813 οὐ
1077 2759 1375 2830 γινώσκει,
1410 2761 1508 2814 καὶ
1543 2762 1581 2830 ἠ
1612 2763 1765 2830 θήρα
1792 2762 1873 2829 ἣν
1901 2763 2072 2831 ἐκρυ-

472 2849 554 2914 ύοε
584 2847 939 2902 συλλαϐἐτω
967 2849 1176 2913 αὐτὸν,
1215 2850 1314 2904 καὶ
1347 2851 1417 2904 ἐν
1443 2849 1518 2919 τῇ
1556 2852 1759 2922 παγίδι
1800 2853 2070 2907 πεσεῖται

469 2939 542 2994 ἐν
565 2940 741 3010 αὐτῇ.
775 2943 886 2995 Καὶ
917 2941 1089 2996 ταῦτα
1125 2943 1224 3013 μὲν
1253 2947 1384 3015 περὶ
1414 2945 1639 2998 τούτων.

541 3027 617 3087 Εὖ
661 3033 718 3086 δὲ
762 3033 918 3097 εἰδὼς
963 3036 1043 3098 εἰς
1077 3029 1189 3088 ὀἷον
1233 3035 1436 3104 ἀγαθὸν
1473 3037 1627 3101 τέλος
1668 3040 1701 3109 ἡ
1737 3038 1871 3091 κατ’
1903 3038 2068 3092 αὑτοῦ

473 3127 888 3197 παραστήσεται
930 3126 1224 3199 ἐπιϐουλὴ,
1276 3130 1371 3183 καὶ
1420 3128 1579 3183 τοῦτο
1630 3130 1928 3202 παρίστησι
1978 3131 2067 3185 λέ-

471 3237 618 3286 γων’
666 3221 728 3274 Ἡ
759 3219 828 3273 δὲ
854 3219 1025 3289 ψυχή
1047 3238 1167 3289 μου
1210 3221 1642 3292 ἀγαλλιάσετω
1687 3221 1786 3276 ἐπὶ
1825 3222 1908 3289 τῷ
1949 3227 2068 3277 Κυ-

465 3313 596 3382 ρίῳ,
638 3313 1033 3383 τερφθήσεται
1069 3313 1149 3380 τῷ
1187 3315 1459 3383 σωτηρίῳ
1500 3316 1708 3370 αὐτοῦ.
1758 3315 1963 3370 Πάντα
1997 3316 2071 3370 τὰ

473 3405 628 3461 ὀστᾶ
651 3423 772 3475 μου
805 3407 1040 3474 ἑροῦσι’
1077 3408 1275 3475 Κύριε,
1309 3408 1402 3472 τίς
1438 3407 1640 3475 ὅμοιός
1679 3423 1778 3461 σοι
1798 3423 1817 3469 ;
1853 3407 2070 3476 ρυόμε·

2245 2215 2313 2269 Et
2341 2216 2456 2270 lucc
2481 2215 2702 2284 quidem
2737 2214 2805 2268 de
2829 2213 3182 2267 multitudine
3211 2218 3403 2266 contra
3431 2225 3556 2264 eum
3590 2209 3761 2264 colle-

2173 2315 2295 2371 cta;
2326 2321 2447 2376 qtae
2491 2312 2799 2374 sequuntur
2829 2313 3034 2368 autem,
3077 2318 3189 2357 non
3218 2301 3286 2357 de
3320 2301 3528 2361 multis.
3563 2299 3658 2356 sed
3690 2299 3762 2355 de

2174 2412 2284 2452 uno
2324 2398 2500 2452 solum
2537 2396 2704 2457 dicta,
2737 2397 2805 2451 de
2835 2394 2976 2450 Juda
3021 2402 3390 2466 congruenter
3428 2394 3640 2463 prolata
3675 2392 3763 2446 in-

2173 2488 2511 2556 telligantur,
2581 2488 2673 2557 qui
2739 2487 3203 2559 conspirationem
3280 2485 3545 2541 adversus
3603 2486 3760 2540 illum

2174 2579 2466 2633 conﬂatam
2499 2579 2782 2635 occultans
2818 2580 3224 2649 amicitiamque
3254 2577 3544 2644 simulans,
3566 2577 3758 2633 osculo

2174 2669 2494 2741 Magistrum
2528 2670 2772 2726 tradidit.
2825 2671 3008 2738 Quare
3038 2671 3107 2726 de
3158 2670 3251 2724 illo
3281 2670 3481 2724 dixerit
3514 2688 3528 2723 :
3573 2667 3759 2722 Veniat

2174 2764 2258 2816 illi
2301 2763 2519 2833 laqueus
2546 2779 2697 2833 quem
2732 2765 2962 2835 ignorat,
2988 2772 3038 2818 et
3071 2761 3249 2832 captio
3286 2778 3446 2832 quam
3481 2759 3760 2814 abscondit

2174 2855 2530 2925 apprehendat
2585 2873 2726 2918 eum,
2789 2865 2838 2910 et
2888 2858 2944 2910 in
2993 2856 3242 2926 laqueum
3273 2855 3430 2909 cadat
3469 2857 3524 2908 in
3562 2856 3755 2925 ipsum.

2176 2946 2302 3003 Haec
2330 2949 2550 3018 quidem
2579 2949 2666 3004 his
2696 2950 2764 3003 de
2796 2949 2963 3003 rebus
2997 2949 3144 3003 dicta
3183 2948 3405 3005 fuerint.

2243 3037 2379 3092 Cum
2405 3039 2572 3108 probe
2600 3046 2812 3100 nosset,
2842 3053 3004 3107 quam
3036 3039 3216 3093 bonus
3268 3039 3594 3093 insidiarum
3651 3039 3760 3094 sibi

2174 3139 2487 3201 paratarum
2533 3131 2713 3186 exitus
2757 3131 2978 3185 futurus
3011 3136 3180 3192 esset,
3230 3130 3283 3183 id
3319 3146 3540 3200 quoque
3576 3131 3760 3185 decla-

2174 3231 2263 3276 rat
2289 3222 2376 3279 his
2400 3222 2583 3278 verbis
2615 3239 2629 3275 :
2665 3221 2858 3275 Anima
2896 3232 3072 3276 autem
3099 3239 3215 3277 mea
3245 3223 3535 3277 exsultabit
3565 3225 3621 3278 in
3650 3221 3760 3278 Do-

2174 3314 2339 3380 mino,
2380 3313 2730 3385 delectabitur
2768 3329 2924 3382 super
2952 3313 3185 3366 salutari
3229 3330 3348 3367 suo.
3402 3312 3598 3368 Omnia
3637 3329 3785 3374 ossa.

2175 3425 2292 3462 mea
2323 3408 2495 3465 dicent
2553 3423 2572 3462 :
2619 3407 2863 3470 Domine,
2902 3409 3018 3479 quis
3071 3407 3266 3460 similis
3315 3405 3460 3463 tibi?
3511 3407 3754 3474 Eripiens

472 3516 581 3566 νος
621 3501 863 3568 πτωχὸν
901 3499 1019 3554 ἀπὸ
1066 3499 1186 3554 τῶν
1229 3499 1672 3569 διαρπαζόντων
1720 3502 1928 3555 αὐτόν.
1977 3501 2066 3554 Ἐν

2178 3516 2387 3571 egenum
2434 3517 2468 3553 a
2509 3497 2880 3568 diripientibus
2921 3496 3095 3552 illum.
3149 3497 3208 3552 ln
3254 3499 3466 3568 psalmo
3507 3515 3621 3562 ut,
3663 3499 3784 3569 qui..

473 3591 576 3660 μὲν
603 3585 697 3646 οὖν
729 3591 806 3662 τῷ
836 3597 920 3645 κα¹
949 3591 1169 3662 ψαλμῷ,
1205 3591 1395 3661 σαφῶς
1427 3592 1492 3644 ἐκ
1517 3590 1808 3663 προσώπου
1837 3590 1933 3644 τοῦ
1964 3591 2070 3644 Σω-

470 3680 641 3752 τῆρος
687 3679 1018 3752 λελεγμένῳ,
1068 3681 1287 3752 εἴρητο·
1331 3680 1486 3734 Ὠσεὶ
1539 3680 1696 3748 ὕδωρ
1749 3680 2066 3750 ἐξεχύθην,

471 3773 572 3826 καὶ
607 3773 1039 3847 διεσκορπίσθη
1082 3773 1280 3827 πάντα
1328 3773 1399 3828 τὰ
1425 3771 1577 3827 ὀστᾶ
1599 3792 1718 3842 μου
1738 3790 1752 3804 ’
1780 3773 1874 3827 τοῦ
1908 3773 2068 3842 λόγου

476 3863 831 3933 σημαίνοντος
875 3864 984 3918 τῶν
1040 3865 1353 3918 ἀποστόλων
1402 3864 1566 3918 αὑτοῦ
1613 3864 1704 3918 τὸν
1752 3866 2071 3936 διασκορπι-

474 3955 611 4026 σμὺν
646 3957 741 4010 καὶ
769 3957 866 4027 τὴν
909 3956 1107 4028 φυγὴν,
1142 3957 1208 4028 ἣν
1242 3957 1542 4028 ὑπέμειναν
1580 3956 1722 4011 κατὰ
1758 3959 1849 4010 τὸν
1881 3959 2070 4028 καιρὸν

472 4047 568 4101 τοῦ
603 4048 810 4112 πάθους
849 4049 1012 4102 αὐτοῦ
1035 4088 1048 4112 ,
1094 4050 1184 4103 ὅτε
1222 4049 1526 4122 ἐπληροῦτο
1562 4050 1654 4103 τόο
1684 4048 1935 4114 Πατάξω
1963 4049 2072 4103 τὸν

473 4140 747 4210 ποιμένα,
781 4142 882 4195 καὶ
912 4141 1532 4212 διασκορπισθήσεται
1562 4141 1636 4195 τὰ
1669 4143 1931 4210 πρόϐατα
1960 4140 2072 4210 τῆς

473 4232 752 4300 ποίμνης.
795 4233 959 4286 Ὀστᾶ
1008 4233 1118 4304 γὰρ
1161 4229 1300 4305 ἦσαν
1345 4233 1441 4286 τοῦ
1505 4231 1753 4305 σώματος
1809 4233 1974 4287 αὑτοῦ
2021 4236 2070 4287 οἱ

475 4323 682 4394 πρῶτοι
711 4325 875 4378 αὑτοῦ
913 4326 1176 4398 μαθηταὶ,
1213 4328 1261 4380 οἳ
1295 4328 1416 4380 τότε
1447 4328 1544 4398 μὲν
1575 4326 2072 4400 διεσκορπίσθησαν

476 4417 960 4482 σκανδαλισθέντες
985 4421 1074 4472 ἐπ’
1104 4419 1273 4490 αὐτῷ,
1297 4418 1486 4492 ὥσπερ
1514 4418 1608 4474 οὖν
1639 4421 1734 4475 καὶ
1763 4420 1926 4483 αὐτὸς
1951 4419 2074 4491 ἐδή-

473 4508 566 4563 λου
599 4509 774 4585 λέγων
793 4529 805 4541 ⁸
858 4510 1090 4578 Πάντες
1136 4511 1306 4580 ὑμεῖς
1356 4511 1967 4578 σκανδαλισθήσεσθε
2005 4512 2075 4564 ἐν

473 4602 604 4672 ἐμοὶ
629 4603 700 4657 ἐν
726 4602 802 4672 τῇ
831 4605 1005 4658 νυκτὶ
1046 4607 1258 4675 ταύτῃ.
1319 4605 1474 4660 Μετὰ
1519 4605 1577 4658 δέ
1615 4605 1714 4676 τὴν
1756 4605 2071 4667 ἀνάστασιν,

477 4698 801 4769 θεασάμενοι
835 4700 1017 4762 αὐτὸν,
1047 4698 1446 4772 ἐπληρώθησαν
1486 4699 1662 4771 χαρᾶς
1688 4698 1780 4751 καὶ
1811 4698 2074 4768 ἀγαλλιά-

477 4784 646 4857 came.
673 4791 785 4844 Καὶ
817 4792 874 4842 ἐν
906 4794 1020 4855 τοῖς
1059 4792 1431 4863 μετὰ-χεῖρας
1477 4790 1534 4843 δέ
1578 4792 1708 4863 περὶ
1745 4790 1853 4844 τῶν
1893 4791 2074 4844 αὐτῶν

475 4880 746 4934 λέλεκταιο
783 4881 986 4934 Πάντα
1021 4881 1094 4936 τὰ
1138 4883 1290 4937 ὀστᾶ
1329 4902 1450 4952 μου
1484 4883 1720 4952 ἐροῦσι’
1757 4882 1952 4949 Κύριε,
1986 4882 2077 4948 τίς

476 4975 679 5043 ὅμοιός
705 4990 839 5037 σοι;
874 4975 1084 5046 Σφόδρα
1116 4976 1172 5028 δὲ
1209 4975 1520 5045 κατάλληλα
1564 4975 1642 5046 τῷ
1679 4973 1773 5027 τοῦ
1824 4973 2078 5044 Σωτῆρος

479 5068 635 5141 ἡμῶν
666 5069 942 5142 προσώπῳ
980 5072 1073 5122 καὶ
1101 5070 1169 5123 τὰ
1210 5070 1420 5132 τούτοις
1449 5070 1770 5139 συνημμένα
1797 5067 2076 5138 τυγχάνει,

476 5162 546 5215 δι’
591 5155 665 5214 ὧν
717 5162 969 5234 εἴρηται·
1017 5161 1416 5226 Ἀναστάντες
1459 5160 1757 5230 μάρτυρες
1805 5159 1996 5213 ἄδικοι
2039 5160 2078 5214 ιῖ

477 5255 592 5307 οὐκ
634 5254 969 5324 ἐγίνωσκον
1008 5254 1250 5323 ἠρώτων
1296 5271 1393 5324 με.
1433 5250 1946 5306 Ἀνταπεδίδοσοὶν
1974 5269 2077 5320 ⁶ιιοι

477 5348 714 5416 πονηρὰ
743 5348 875 5402 ἀντὶ
902 5346 1161 5416 ἀγαθῶν,
1185 5348 1282 5400 καὶ
1306 5347 1592 5400 ἀτεκνίαν
1624 5345 1700 5413 τῇ
1731 5343 1907 5413 ψυχῇ
1934 5363 2072 5414 μου.

479 5438 703 5504 Τούτοις
731 5443 893 5512 opma
934 5441 1027 5494 καὶ
1072 5442 1130 5493 ἐν
1170 5445 1251 5513 ρη¹
1287 5437 1485 5509 ψαλμῴ
1524 5440 1776 5509 εὑρήσεις
1801 5438 1860 5490 ἐν
1885 5432 1968 5501 οἷς
1997 5437 2077 5489 εἷ’-

483 5547 674 5602 ρηται·
728 5533 840 5587 Καὶ
893 5530 1283 5601 ἐπολέμησαν
1333 5547 1410 5600 με
1461 5529 1720 5598 δωρεάν’
1783 5529 1918 5583 ἀντὶ
1968 5528 2076 5581 τοῦ

479 5623 722 5693 ἀγαπᾷν
754 5642 832 5694 με
863 5623 1256 5677 ἐνδιέϐιιλλόν
1275 5641 1352 5692 με
1370 5640 1382 5653 ·
1416 5622 1515 5676 καὶ
1545 5624 1750 5676 ἔθεντο
1781 5623 1907 5674 κατ’
1929 5620 2076 5689 ἐμοῦ

479 5716 638 5770 κακὰ
682 5715 817 5770 ἀντὶ
867 5715 1124 5785 ἀγαθῶ-ν,
1155 5716 1252 5767 καὶ
1287 5713 1469 5784 μῖσος
1517 5713 1650 5767 ἀντὶ
1707 5710 1814 5778 τῆς
1846 5710 2077 5780 ἀγαπή-

554 5897 598 5940 ³⁷
639 5895 771 5954 Luc.
810 5914 862 5952 Vl
889 5939 901 5963 ,
933 5896 1022 5951 28.
1107 5893 1308 5951 "Psal.
1349 5911 1459 5960 xxi,
1505 5896 1589 5951 l5.

1668 5894 1709 5925 ⁵⁵³
1731 5892 1893 5951 Zach.
1933 5907 2066 5958 xm,
2101 5891 2132 5944 7

2173 3598 2362 3660 aperte
2390 3606 2458 3645 ex
2495 3606 2730 3661 persona
2765 3590 3068 3645 Salvatoris
3113 3591 3504 3660 pronuntiatus
3537 3600 3641 3654 est,
3680 3595 3762 3647 sic

2173 3681 2406 3734 habetur
2434 3699 2448 3734 :
2482 3680 2632 3735 Sicut
2673 3697 2814 3749 aqua
2846 3680 3046 3749 effusus
3094 3695 3235 3740 sum,
3282 3688 3331 3733 et
3363 3678 3604 3746 dispersa
3637 3688 3784 3733 sunt.

2173 3772 2354 3827 omnia
2388 3790 2512 3826 ossa
2541 3790 2658 3836 mea
2693 3775 2758 3829 ’⁸.
2794 3774 3000 3842 Hisque
3050 3771 3325 3841 significat
3384 3771 3777 3840 apostolorum.

2172 3864 2295 3932 ejus
2322 3863 2744 3933 dispersionem,
2768 3873 2822 3919 et
2853 3865 3034 3934 fugam
3063 3879 3184 3932 qua:
3209 3869 3454 3932 tempore
3486 3864 3776 3932 passionis.

2174 3957 2294 4026 ejus
2320 3955 2538 4021 accidit,
2566 3957 2786 4026 quando
2813 3957 3094 4026 impletum
3124 3954 3225 4007 fuit
3254 3954 3384 4008 illud
3414 3973 3428 4008 :
3456 3953 3768 4008 Percutiarn.

2177 4057 2466 4117 pastorem,
2496 4058 2546 4103 et
2573 4049 2943 4120 dispergentur
2973 4065 3090 4101 oves
3122 4047 3292 4117 gregis
3327 4047 3395 4101 ³³.
3427 4046 3560 4100 Nam
3598 4047 3761 4117 primi

2175 4140 2296 4209 ejus
2327 4140 2602 4209 discipuli,
2631 4156 2758 4196 ossa
2786 4140 3036 4210 corporis
3077 4139 3252 4208 ipsius
3278 4145 3456 4202 erant,
3507 4139 3601 4209 qui
3629 4146 3764 4193 tunc

2176 4233 2411 4302 dispersi
2440 4245 2568 4287 sunt
2605 4233 2927 4288 scandalum
2956 4231 3104 4302 passi
3134 4231 3187 4284 in
3220 4231 3372 4300 ipso;
3406 4229 3760 4300 quemadmo-

2179 4325 2310 4380 dum
2343 4326 2461 4394 ipse
2485 4323 2791 4380 declaravit
2820 4325 2923 4380 hoc
2953 4324 3115 4379 modo
3149 4343 3162 4379 :
3203 4323 3396 4378 Omnes
3421 4341 3516 4405 ‘vos
3542 4320 3766 4376 scanda-

2183 4418 2292 4473 lum
2317 4419 2594 4488 patiemini
2624 4420 2679 4473 in
2704 4435 2784 4473 me
2823 4419 2930 4475 ista
2963 4427 3112 4471 nocte
3139 4418 3205 4472 ³⁸.
3242 4416 3370 4472 Post
3400 4415 3761 4471 resurrectio-

2179 4527 2305 4567 nem
2350 4526 2508 4576 vero,
2551 4511 2644 4566 ubi
2695 4513 2874 4581 ipsum
2924 4518 3357 4582 conspdxerunt,
3391 4508 3584 4578 repleti
3632 4517 3762 4562 sunt

2180 4604 2380 4674 gaudio
2412 4613 2465 4660 et
2485 4605 2871 4659 exsultatione.
2906 4603 2962 4657 lu
2992 4604 3077 4660 his
3109 4605 3236 4657 item
3264 4617 3384 4672 quae
3409 4603 3521 4670 jam
3557 4599 3764 4668 agitan-

2181 4705 2273 4751 tur
2297 4697 2364 4751 de
2391 4697 2503 4751 illis
2526 4697 2733 4752 dictum
2759 4705 2842 4753 est
2873 4717 2885 4751 :
2917 4696 3110 4751 Omnia
3141 4713 3264 4750 ossa
3289 4711 3403 4748 mea
3430 4692 3626 4754 dicent,
3655 4690 3766 4743 Do-

2184 4789 2345 4852 mine,
2375 4789 2491 4859 quis
2525 4790 2716 4844 similis
2747 4789 2891 4843 tibi?
2919 4787 3050 4853 Quae
3083 4787 3150 4840 iis
3184 4801 3346 4855 porro
3369 4783 3760 4851 subjiciuntur,

2185 4895 2434 4950 personae
2469 4877 2773 4933 Salvatoris
2831 4879 3007 4933 nostri
3055 4876 3346 4932 admodum
3405 4873 3782 4941 congruentia.

2182 4980 2333 5037 sunt,
2359 4987 2481 5041 quze
2529 4973 2610 5026 sic
2643 4971 2844 5026 habent
2891 4991 2904 5026 :
2938 4971 3220 5040 Surgentes
3254 4976 3408 5021 testes
3443 4963 3612 5032 iniqui
3647 4978 3764 5032 qua:

2181 5062 2489 5133 ignorabam
2518 5061 2915 5130 interrogabant
2937 5077 3034 5114 me.
3061 5057 3431 5114 Retribuebant
3463 5054 3590 5108 mihi
3618 5053 3766 5106 mala

2182 5171 2278 5224 pro
2307 5154 2476 5219 bonis,
2517 5153 2851 5206 sterilitatem
2881 5153 3074 5206 anima:
3119 5165 3267 5203 mew.
3298 5145 3396 5201 His
3423 5144 3602 5199 alliuia
3634 5151 3768 5199 sunt

2180 5261 2302 5315 quae
2333 5245 2389 5299 in
2423 5246 2635 5316 psalmo
2665 5261 2793 5299 cwu
2827 5246 3100 5298 habentur
3130 5240 3426 5311 hisverbis
3452 5257 3466 5291 :
3503 5237 3570 5291 Et
3601 5251 3766 5303 expu-

2182 5347 2471 5408 gnaverunt
2503 5355 2582 5392 me
2612 5338 2806 5407 gratis.
2853 5337 2959 5389 Pro
2991 5352 3050 5389 ea
3085 5345 3141 5388 ut
3175 5350 3256 5386 me
3278 5332 3553 5402 diligerent
3584 5328 3766 5382 detra-

2181 5432 2370 5485 hebant
2409 5431 2556 5485 mihi.
2598 5431 2661 5482 Et
2702 5437 2989 5498 posuerunt
3029 5428 3310 5480 adversum
3363 5439 3444 5476 me
3487 5421 3634 5474 mala
3668 5436 3774 5488 pra

2182 5522 2353 5587 bonis,
2395 5531 2445 5574 et
2486 5520 2666 5574 odium
2707 5536 2802 5587 pro
2838 5518 3120 5572 dilectione
3152 5532 3266 5570 mea
3297 5514 3364 5567 ³¹.
3403 5512 3764 5567 Sterilitatetn

2181 5631 2310 5671 vero
2367 5613 2633 5685 parabant
2674 5613 2775 5682 ipsi
2811 5612 2903 5677 qui
2958 5610 3094 5664 nihil
3142 5624 3252 5664 non
3297 5605 3491 5677 agebat
3537 5610 3597 5658 ut
3631 5611 3764 5656 con-

2181 5717 2433 5780 gregaret
2469 5707 2591 5761 illos
2636 5722 2697 5760 ac
2729 5705 2834 5760 sibi
2885 5709 3274 5775 regeneraret;
3333 5698 3478 5770 quod
3521 5697 3639 5768 ipse
3681 5694 3772 5758 sic.

2231 5891 2275 5923 ιο
2317 5889 2502 5945 Matth.
2540 5905 2688 5956 nm,
2723 5887 2809 5944 δι.
2889 5888 2929 5919 ³³
2971 5883 3118 5941 Psal.
3153 5897 3318 5950 cvm.
3353 5881 3408 5943 5o
