  <div class='ocr_page' id='page_1' title='image "/cluster/home/n/w/nwhite01/storage/ocr_20150623/23/nnc1.0046978313/169.png"; bbox 0 0 4138 6380; ppageno 0'>
   <div class='ocr_carea' id='block_1_1' title="bbox 385 394 493 455">
    <p class='ocr_par' dir='ltr' id='par_1_1' title="bbox 385 394 493 455">
     <span class='ocr_line' id='line_1_1' title="bbox 385 394 493 455; baseline -0.028 0"><span class='ocrx_word' id='word_1_1' title='bbox 385 394 493 455; x_wconf 70' lang='grc'><strong>807</strong></span> 
     </span>
    </p>
   </div>
   <div class='ocr_carea' id='block_1_2' title="bbox 1129 386 3028 457">
    <p class='ocr_par' dir='ltr' id='par_1_2' title="bbox 1129 386 3028 457">
     <span class='ocr_line' id='line_1_2' title="bbox 1129 386 3028 457; baseline -0.001 -6"><span class='ocrx_word' id='word_1_2' title='bbox 1129 396 1399 453; x_wconf 82' lang='lat' dir='ltr'><strong>EUSEBII</strong></span> <span class='ocrx_word' id='word_1_3' title='bbox 1437 396 1915 454; x_wconf 65' lang='lat' dir='ltr'><strong>CAESARIENSIS</strong></span> <span class='ocrx_word' id='word_1_4' title='bbox 1953 398 2103 457; x_wconf 90' lang='lat' dir='ltr'><strong>OPP.</strong></span> <span class='ocrx_word' id='word_1_5' title='bbox 2142 397 2323 454; x_wconf 77' lang='lat' dir='ltr'><strong>PARS</strong></span> <span class='ocrx_word' id='word_1_6' title='bbox 2359 398 2444 456; x_wconf 84' lang='lat' dir='ltr'><strong>Ill.</strong></span> <span class='ocrx_word' id='word_1_7' title='bbox 2482 429 2556 439; x_wconf 96' lang='lat'>—</span> <span class='ocrx_word' id='word_1_8' title='bbox 2591 386 3028 454; x_wconf 32' lang='lat' dir='ltr'><strong>EXEGETICA.’</strong></span> 
     </span>
    </p>
   </div>
   <div class='ocr_carea' id='block_1_3' title="bbox 3554 398 3659 454">
    <p class='ocr_par' dir='ltr' id='par_1_3' title="bbox 3554 398 3659 454">
     <span class='ocr_line' id='line_1_3' title="bbox 3554 398 3659 454; baseline -0.019 0"><span class='ocrx_word' id='word_1_9' title='bbox 3554 398 3659 454; x_wconf 77' lang='lat'><strong>308</strong></span> 
     </span>
    </p>
   </div>
   <div class='ocr_carea' id='block_1_4' title="bbox 387 508 1979 590">
    <p class='ocr_par' dir='ltr' id='par_1_4' title="bbox 387 509 1967 581">
     <span class='ocr_line' id='line_1_4' title="bbox 387 509 1967 581; baseline -0.002 -13"><span class='ocrx_word' id='word_1_10' title='bbox 387 510 651 570; x_wconf 72' lang='lat' dir='ltr'><strong>iudicavit</strong></span> <span class='ocrx_word' id='word_1_11' title='bbox 697 531 712 566; x_wconf 89' lang='lat'><strong>:</strong></span> <span class='ocrx_word' id='word_1_12' title='bbox 769 510 986 576; x_wconf 72' lang='lat' dir='ltr'><strong>Quoties</strong></span> <span class='ocrx_word' id='word_1_13' title='bbox 1038 509 1180 564; x_wconf 85' lang='lat' dir='ltr'><strong>volui</strong></span> <span class='ocrx_word' id='word_1_14' title='bbox 1245 526 1561 581; x_wconf 81' lang='lat' dir='ltr'><strong><em>congregare</em></strong></span> <span class='ocrx_word' id='word_1_15' title='bbox 1623 512 1765 581; x_wconf 83' lang='lat' dir='ltr'><strong>ﬁlios</strong></span> <span class='ocrx_word' id='word_1_16' title='bbox 1819 521 1967 575; x_wconf 86' lang='lat' dir='ltr'><strong>tuos,</strong></span> 
     </span>
    </p>
   </div>
   <div class='ocr_carea' id='block_1_5' title="bbox 2085 508 3662 590">
    <p class='ocr_par' dir='ltr' id='par_1_5' title="bbox 2085 508 3662 581">
     <span class='ocr_line' id='line_1_5' title="bbox 2085 508 3662 581; baseline 0.001 -16"><span class='ocrx_word' id='word_1_17' title='bbox 2085 511 2230 578; x_wconf 83' lang='grc' dir='ltr'>σεώς</span> <span class='ocrx_word' id='word_1_18' title='bbox 2275 530 2415 581; x_wconf 86' lang='grc' dir='ltr'>μου.</span> <span class='ocrx_word' id='word_1_19' title='bbox 2481 509 2758 565; x_wconf 83' lang='grc' dir='ltr'>Ἀτεκνίαν</span> <span class='ocrx_word' id='word_1_20' title='bbox 2809 510 2867 563; x_wconf 80' lang='grc' dir='ltr'>δὲ</span> <span class='ocrx_word' id='word_1_21' title='bbox 2916 508 3062 581; x_wconf 81' lang='grc' dir='ltr'>αὐτῷ</span> <span class='ocrx_word' id='word_1_22' title='bbox 3111 510 3433 581; x_wconf 79' lang='grc' dir='ltr'><strong>εἰργάσαντο</strong></span> <span class='ocrx_word' id='word_1_23' title='bbox 3484 511 3662 567; x_wconf 82' lang='grc' dir='ltr'>πάντα</span> 
     </span>
    </p>
   </div>
   <div class='ocr_carea' id='block_1_6' title="bbox 385 603 1969 678">
    <p class='ocr_par' dir='ltr' id='par_1_6' title="bbox 385 603 1969 678">
     <span class='ocr_line' id='line_1_6' title="bbox 385 603 1969 678; baseline -0.001 -19"><span class='ocrx_word' id='word_1_24' title='bbox 385 604 827 678; x_wconf 78' lang='lat' dir='ltr'><strong>quemadmodum</strong></span> <span class='ocrx_word' id='word_1_25' title='bbox 888 603 1093 674; x_wconf 77' lang='lat' dir='ltr'><strong>gallina</strong></span> <span class='ocrx_word' id='word_1_26' title='bbox 1142 615 1424 675; x_wconf 75' lang='lat' dir='ltr'><strong>congregat</strong></span> <span class='ocrx_word' id='word_1_27' title='bbox 1471 604 1644 674; x_wconf 88' lang='lat' dir='ltr'><strong>pullos</strong></span> <span class='ocrx_word' id='word_1_28' title='bbox 1702 621 1825 659; x_wconf 91' lang='lat' dir='ltr'><strong>suos</strong></span> <span class='ocrx_word' id='word_1_29' title='bbox 1874 603 1969 658; x_wconf 87' lang='lat' dir='ltr'><strong>sub</strong></span> 
     </span>
    </p>
   </div>
   <div class='ocr_carea' id='block_1_7' title="bbox 389 691 1972 765">
    <p class='ocr_par' dir='ltr' id='par_1_7' title="bbox 389 691 1972 765">
     <span class='ocr_line' id='line_1_7' title="bbox 389 691 1972 765; baseline 0.001 -17"><span class='ocrx_word' id='word_1_30' title='bbox 389 695 531 761; x_wconf 80' lang='lat' dir='ltr'><strong>alas,</strong></span> <span class='ocrx_word' id='word_1_31' title='bbox 578 703 627 749; x_wconf 91' lang='lat' dir='ltr'><strong>et</strong></span> <span class='ocrx_word' id='word_1_32' title='bbox 659 693 905 747; x_wconf 73' lang='lat' dir='ltr'><strong>noluistis</strong></span> <span class='ocrx_word' id='word_1_33' title='bbox 948 691 1015 747; x_wconf 81' lang='grc'>³⁸.</span> <span class='ocrx_word' id='word_1_34' title='bbox 1054 691 1146 747; x_wconf 78' lang='lat' dir='ltr'><strong>Sic</strong></span> <span class='ocrx_word' id='word_1_35' title='bbox 1193 693 1379 764; x_wconf 97' lang='lat' dir='ltr'><strong>itaque</strong></span> <span class='ocrx_word' id='word_1_36' title='bbox 1430 695 1810 750; x_wconf 86' lang='lat' dir='ltr'><strong>retribuerunt</strong></span> <span class='ocrx_word' id='word_1_37' title='bbox 1865 692 1972 765; x_wconf 87' lang='lat' dir='ltr'><strong>ipsi</strong></span> 
     </span>
    </p>
   </div>
   <div class='ocr_carea' id='block_1_8' title="bbox 387 786 1756 858">
    <p class='ocr_par' dir='ltr' id='par_1_8' title="bbox 387 786 1756 858">
     <span class='ocr_line' id='line_1_8' title="bbox 387 786 1756 858; baseline 0.001 -15"><span class='ocrx_word' id='word_1_38' title='bbox 387 787 531 843; x_wconf 83' lang='lat' dir='ltr'><strong>mala</strong></span> <span class='ocrx_word' id='word_1_39' title='bbox 572 802 673 858; x_wconf 92' lang='lat' dir='ltr'><strong>pro</strong></span> <span class='ocrx_word' id='word_1_40' title='bbox 701 786 881 851; x_wconf 84' lang='lat' dir='ltr'><strong>bonis,</strong></span> <span class='ocrx_word' id='word_1_41' title='bbox 928 793 982 842; x_wconf 88' lang='lat' dir='ltr'><strong>et</strong></span> <span class='ocrx_word' id='word_1_42' title='bbox 1018 786 1363 843; x_wconf 72' lang='lat' dir='ltr'><strong>sterilitatem</strong></span> <span class='ocrx_word' id='word_1_43' title='bbox 1394 789 1590 842; x_wconf 78' lang='lat' dir='ltr'><strong><em>animae</em></strong></span> <span class='ocrx_word' id='word_1_44' title='bbox 1614 789 1756 858; x_wconf 84' lang='lat' dir='ltr'><strong>ejus.</strong></span> 
     </span>
    </p>
   </div>
   <div class='ocr_carea' id='block_1_9' title="bbox 2078 601 3660 677">
    <p class='ocr_par' dir='ltr' id='par_1_9' title="bbox 2078 601 3660 677">
     <span class='ocr_line' id='line_1_9' title="bbox 2078 601 3660 677; baseline 0 -20"><span class='ocrx_word' id='word_1_45' title='bbox 2078 606 2370 677; x_wconf 80' lang='grc' dir='ltr'><strong>πράττοντι</strong></span> <span class='ocrx_word' id='word_1_46' title='bbox 2410 606 2502 658; x_wconf 75' lang='grc' dir='ltr'><strong>ἐπὶ</strong></span> <span class='ocrx_word' id='word_1_47' title='bbox 2531 604 2592 656; x_wconf 85' lang='grc' dir='ltr'><strong>τὸ</strong></span> <span class='ocrx_word' id='word_1_48' title='bbox 2635 606 2961 672; x_wconf 80' lang='grc' dir='ltr'>συναγαγεῖν</span> <span class='ocrx_word' id='word_1_49' title='bbox 2994 602 3193 665; x_wconf 76' lang='grc' dir='ltr'>αὐτοὺς</span> <span class='ocrx_word' id='word_1_50' title='bbox 3228 601 3322 657; x_wconf 78' lang='grc' dir='ltr'><strong>καὶ</strong></span> <span class='ocrx_word' id='word_1_51' title='bbox 3361 604 3660 675; x_wconf 76' lang='grc' dir='ltr'>ἀναγεννῆ-</span> 
     </span>
    </p>
   </div>
   <div class='ocr_carea' id='block_1_10' title="bbox 2081 695 3663 767">
    <p class='ocr_par' dir='ltr' id='par_1_10' title="bbox 2081 695 3663 767">
     <span class='ocr_line' id='line_1_10' title="bbox 2081 695 3663 767; baseline 0.002 -18"><span class='ocrx_word' id='word_1_52' title='bbox 2081 714 2169 750; x_wconf 89' lang='grc' dir='ltr'><strong>σαι</strong></span> <span class='ocrx_word' id='word_1_53' title='bbox 2202 697 2412 766; x_wconf 63' lang='grc' dir='ltr'>ἐαυτιξγ</span> <span class='ocrx_word' id='word_1_54' title='bbox 2443 696 2472 749; x_wconf 84' lang='grc' dir='ltr'><strong>ὃ</strong></span> <span class='ocrx_word' id='word_1_55' title='bbox 2507 696 2570 767; x_wconf 82' lang='grc' dir='ltr'><strong>δὴ</strong></span> <span class='ocrx_word' id='word_1_56' title='bbox 2610 700 2705 750; x_wconf 74' lang='grc' dir='ltr'><strong>καὶ</strong></span> <span class='ocrx_word' id='word_1_57' title='bbox 2749 696 2937 766; x_wconf 79' lang='grc' dir='ltr'>ἐδήλου</span> <span class='ocrx_word' id='word_1_58' title='bbox 2979 695 3186 763; x_wconf 70' lang='grc' dir='ltr'>λέγων*</span> <span class='ocrx_word' id='word_1_59' title='bbox 3235 695 3501 763; x_wconf 83' lang='grc' dir='ltr'>Ποσάκις</span> <span class='ocrx_word' id='word_1_60' title='bbox 3537 696 3663 752; x_wconf 78' lang='grc' dir='ltr'>ἐθέ-</span> 
     </span>
    </p>
   </div>
   <div class='ocr_carea' id='block_1_11' title="bbox 2078 788 3665 860">
    <p class='ocr_par' dir='ltr' id='par_1_11' title="bbox 2078 788 3665 860">
     <span class='ocr_line' id='line_1_11' title="bbox 2078 788 3665 860; baseline 0.002 -19"><span class='ocrx_word' id='word_1_61' title='bbox 2078 792 2243 856; x_wconf 75' lang='grc' dir='ltr'>λησα</span> <span class='ocrx_word' id='word_1_62' title='bbox 2271 788 2736 858; x_wconf 76' lang='grc' dir='ltr'><strong>ἐπισυναγαγεῖν</strong></span> <span class='ocrx_word' id='word_1_63' title='bbox 2759 788 2833 842; x_wconf 82' lang='grc' dir='ltr'>τὰ</span> <span class='ocrx_word' id='word_1_64' title='bbox 2860 789 3044 842; x_wconf 81' lang='grc' dir='ltr'>τέκνα</span> <span class='ocrx_word' id='word_1_65' title='bbox 3079 804 3195 842; x_wconf 92' lang='grc' dir='ltr'><strong>σου</strong></span> <span class='ocrx_word' id='word_1_66' title='bbox 3231 788 3304 843; x_wconf 87' lang='grc' dir='ltr'>ὃν</span> <span class='ocrx_word' id='word_1_67' title='bbox 3329 791 3550 858; x_wconf 86' lang='grc' dir='ltr'>τρόπον</span> <span class='ocrx_word' id='word_1_68' title='bbox 3568 790 3665 860; x_wconf 74' lang='grc' dir='ltr'>θρ-</span> 
     </span>
    </p>
   </div>
   <div class='ocr_carea' id='block_1_12' title="bbox 388 880 3664 959">
    <p class='ocr_par' dir='ltr' id='par_1_12' title="bbox 388 880 3664 959">
     <span class='ocr_line' id='line_1_12' title="bbox 388 880 3664 959; baseline 0.002 -22"><span class='ocrx_word' id='word_1_69' title='bbox 388 884 486 947; x_wconf 76' lang='grc' dir='ltr'>νὶς</span> <span class='ocrx_word' id='word_1_70' title='bbox 510 881 859 950; x_wconf 65' lang='grc' dir='ltr'>ἐπισυνάγει</span> <span class='ocrx_word' id='word_1_71' title='bbox 893 881 966 936; x_wconf 69' lang='grc' dir='ltr'><em>τὰ</em></span> <span class='ocrx_word' id='word_1_72' title='bbox 999 882 1224 936; x_wconf 85' lang='grc' dir='ltr'>νοσσία</span> <span class='ocrx_word' id='word_1_73' title='bbox 1273 880 1393 936; x_wconf 82' lang='grc' dir='ltr'><strong>ὑπὸ</strong></span> <span class='ocrx_word' id='word_1_74' title='bbox 1432 882 1540 945; x_wconf 82' lang='grc' dir='ltr'>τὰς</span> <span class='ocrx_word' id='word_1_75' title='bbox 1556 883 1874 954; x_wconf 76' lang='grc' dir='ltr'>πτέρυγας,</span> <span class='ocrx_word' id='word_1_76' title='bbox 1941 883 2040 937; x_wconf 77' lang='grc' dir='ltr'>καὶ</span> <span class='ocrx_word' id='word_1_77' title='bbox 2079 886 2191 938; x_wconf 79' lang='grc' dir='ltr'><strong>οὐκ</strong></span> <span class='ocrx_word' id='word_1_78' title='bbox 2244 884 2617 954; x_wconf 72' lang='grc' dir='ltr'>ἠθελήσατε;</span> <span class='ocrx_word' id='word_1_79' title='bbox 2659 883 2816 940; x_wconf 76' lang='grc' dir='ltr'>Οὕτω</span> <span class='ocrx_word' id='word_1_80' title='bbox 2870 887 3000 954; x_wconf 80' lang='grc' dir='ltr'>γοῦν</span> <span class='ocrx_word' id='word_1_81' title='bbox 3048 885 3466 940; x_wconf 78' lang='grc' dir='ltr'>ἁνταπεδίδοσαν</span> <span class='ocrx_word' id='word_1_82' title='bbox 3515 885 3664 959; x_wconf 83' lang='grc' dir='ltr'>αὐτῷ</span> 
     </span>
    </p>
   </div>
   <div class='ocr_carea' id='block_1_13' title="bbox 389 971 1902 1047">
    <p class='ocr_par' dir='ltr' id='par_1_13' title="bbox 389 971 1902 1047">
     <span class='ocr_line' id='line_1_13' title="bbox 389 971 1902 1047; baseline 0.002 -20"><span class='ocrx_word' id='word_1_83' title='bbox 389 971 605 1043; x_wconf 84' lang='grc' dir='ltr'>πονηρὰ</span> <span class='ocrx_word' id='word_1_84' title='bbox 631 972 752 1025; x_wconf 82' lang='grc' dir='ltr'>ἀντὶ</span> <span class='ocrx_word' id='word_1_85' title='bbox 775 972 1017 1042; x_wconf 82' lang='grc' dir='ltr'>ἀγαθῶν,</span> <span class='ocrx_word' id='word_1_86' title='bbox 1045 974 1140 1027; x_wconf 73' lang='grc' dir='ltr'><strong>καὶ</strong></span> <span class='ocrx_word' id='word_1_87' title='bbox 1163 974 1414 1029; x_wconf 85' lang='grc' dir='ltr'>ἀτεκνίαν</span> <span class='ocrx_word' id='word_1_88' title='bbox 1446 978 1511 1046; x_wconf 85' lang='grc' dir='ltr'>τῇ</span> <span class='ocrx_word' id='word_1_89' title='bbox 1544 975 1687 1047; x_wconf 72' lang='grc' dir='ltr'><strong>ψυχῇ</strong></span> <span class='ocrx_word' id='word_1_90' title='bbox 1714 977 1902 1030; x_wconf 77' lang='grc' dir='ltr'>αὐτοῦ.</span> 
     </span>
    </p>
   </div>
   <div class='ocr_carea' id='block_1_14' title="bbox 379 1065 1973 1141">
    <p class='ocr_par' dir='ltr' id='par_1_14' title="bbox 379 1065 1973 1141">
     <span class='ocr_line' id='line_1_14' title="bbox 379 1065 1973 1141; baseline 0.002 -18"><span class='ocrx_word' id='word_1_91' title='bbox 379 1094 383 1099; x_wconf 62' lang='grc' dir='ltr'><strong>υ</strong></span> <span class='ocrx_word' id='word_1_92' title='bbox 457 1065 585 1123; x_wconf 74' lang='lat' dir='ltr'><strong>Haec</strong></span> <span class='ocrx_word' id='word_1_93' title='bbox 607 1068 804 1125; x_wconf 84' lang='lat' dir='ltr'><strong>ibidem</strong></span> <span class='ocrx_word' id='word_1_94' title='bbox 825 1070 1175 1137; x_wconf 84' lang='lat' dir='ltr'><strong>vaticinatus.</strong></span> <span class='ocrx_word' id='word_1_95' title='bbox 1200 1071 1254 1125; x_wconf 91' lang='lat' dir='ltr'><strong>in</strong></span> <span class='ocrx_word' id='word_1_96' title='bbox 1269 1072 1623 1141; x_wconf 78' lang='lat' dir='ltr'><strong>sequentibus</strong></span> <span class='ocrx_word' id='word_1_97' title='bbox 1644 1089 1800 1128; x_wconf 91' lang='lat' dir='ltr'><strong>suam</strong></span> <span class='ocrx_word' id='word_1_98' title='bbox 1819 1088 1973 1126; x_wconf 87' lang='lat' dir='ltr'><strong>man-</strong></span> 
     </span>
    </p>
   </div>
   <div class='ocr_carea' id='block_1_15' title="bbox 387 1158 1971 1235">
    <p class='ocr_par' dir='ltr' id='par_1_15' title="bbox 387 1158 1971 1235">
     <span class='ocr_line' id='line_1_15' title="bbox 387 1158 1971 1235; baseline 0.003 -21"><span class='ocrx_word' id='word_1_99' title='bbox 387 1158 732 1215; x_wconf 78' lang='lat' dir='ltr'><strong>suetudinem</strong></span> <span class='ocrx_word' id='word_1_100' title='bbox 779 1169 835 1216; x_wconf 89' lang='lat' dir='ltr'><strong>et</strong></span> <span class='ocrx_word' id='word_1_101' title='bbox 884 1162 1231 1217; x_wconf 82' lang='lat' dir='ltr'><strong>tolerantiam</strong></span> <span class='ocrx_word' id='word_1_102' title='bbox 1285 1164 1548 1229; x_wconf 84' lang='lat' dir='ltr'><strong>declarat,</strong></span> <span class='ocrx_word' id='word_1_103' title='bbox 1579 1165 1774 1221; x_wconf 87' lang='lat' dir='ltr'><strong>dicens</strong></span> <span class='ocrx_word' id='word_1_104' title='bbox 1812 1184 1824 1218; x_wconf 93' lang='lat'>:</span> <span class='ocrx_word' id='word_1_105' title='bbox 1860 1164 1971 1235; x_wconf 84' lang='lat' dir='ltr'><strong><em>Ego</em></strong></span> 
     </span>
    </p>
   </div>
   <div class='ocr_carea' id='block_1_16' title="bbox 387 1252 1972 1315">
    <p class='ocr_par' dir='ltr' id='par_1_16' title="bbox 387 1252 1972 1315">
     <span class='ocr_line' id='line_1_16' title="bbox 387 1252 1972 1315; baseline 0.004 -9"><span class='ocrx_word' id='word_1_106' title='bbox 387 1261 565 1306; x_wconf 88' lang='lat' dir='ltr'><strong>autem</strong></span> <span class='ocrx_word' id='word_1_107' title='bbox 591 1252 718 1306; x_wconf 86' lang='lat' dir='ltr'><strong>dum</strong></span> <span class='ocrx_word' id='word_1_108' title='bbox 747 1253 876 1307; x_wconf 83' lang='lat' dir='ltr'><strong>mihi</strong></span> <span class='ocrx_word' id='word_1_109' title='bbox 914 1254 1125 1308; x_wconf 80' lang='lat' dir='ltr'><strong>molesti</strong></span> <span class='ocrx_word' id='word_1_110' title='bbox 1152 1268 1323 1310; x_wconf 79' lang='lat' dir='ltr'><strong>essent</strong></span> <span class='ocrx_word' id='word_1_111' title='bbox 1356 1256 1614 1310; x_wconf 87' lang='lat' dir='ltr'><strong>induebar</strong></span> <span class='ocrx_word' id='word_1_112' title='bbox 1637 1258 1833 1315; x_wconf 84' lang='lat' dir='ltr'><strong>cilicio.</strong></span> <span class='ocrx_word' id='word_1_113' title='bbox 1866 1256 1972 1313; x_wconf 87' lang='lat' dir='ltr'><strong>Pro</strong></span> 
     </span>
    </p>
   </div>
   <div class='ocr_carea' id='block_1_17' title="bbox 386 1341 1971 1409">
    <p class='ocr_par' dir='ltr' id='par_1_17' title="bbox 386 1341 1971 1409">
     <span class='ocr_line' id='line_1_17' title="bbox 386 1341 1971 1409; baseline 0.004 -13"><span class='ocrx_word' id='word_1_114' title='bbox 386 1341 485 1396; x_wconf 84' lang='lat' dir='ltr'><strong>illo</strong></span> <span class='ocrx_word' id='word_1_115' title='bbox 526 1349 732 1407; x_wconf 89' lang='lat' dir='ltr'><strong>autem,</strong></span> <span class='ocrx_word' id='word_1_116' title='bbox 758 1343 883 1397; x_wconf 84' lang='lat' dir='ltr'><strong>dum</strong></span> <span class='ocrx_word' id='word_1_117' title='bbox 915 1345 1045 1399; x_wconf 84' lang='lat' dir='ltr'><strong>mihi</strong></span> <span class='ocrx_word' id='word_1_118' title='bbox 1102 1347 1311 1401; x_wconf 81' lang='lat' dir='ltr'><strong>molesti</strong></span> <span class='ocrx_word' id='word_1_119' title='bbox 1361 1358 1555 1409; x_wconf 83' lang='lat' dir='ltr'><strong>essent,</strong></span> <span class='ocrx_word' id='word_1_120' title='bbox 1594 1348 1733 1403; x_wconf 89' lang='lat' dir='ltr'><strong>mire</strong></span> <span class='ocrx_word' id='word_1_121' title='bbox 1778 1347 1971 1403; x_wconf 83' lang='lat' dir='ltr'><strong>admo-</strong></span> 
     </span>
    </p>
   </div>
   <div class='ocr_carea' id='block_1_18' title="bbox 387 1422 1968 1509">
    <p class='ocr_par' dir='ltr' id='par_1_18' title="bbox 387 1422 1968 1509">
     <span class='ocr_line' id='line_1_18' title="bbox 387 1422 1968 1509; baseline 0.004 -21"><span class='ocrx_word' id='word_1_122' title='bbox 387 1434 520 1489; x_wconf 89' lang='lat' dir='ltr'><strong>dum</strong></span> <span class='ocrx_word' id='word_1_123' title='bbox 556 1434 753 1505; x_wconf 81' lang='lat' dir='ltr'><strong>Aquila</strong></span> <span class='ocrx_word' id='word_1_124' title='bbox 776 1422 909 1492; x_wconf 78' lang='lat' dir='ltr'><strong>dicit</strong></span> <span class='ocrx_word' id='word_1_125' title='bbox 939 1456 953 1492; x_wconf 87' lang='lat'><strong>:</strong></span> <span class='ocrx_word' id='word_1_126' title='bbox 983 1437 1092 1509; x_wconf 86' lang='lat' dir='ltr'><strong><em>Ego</em></strong></span> <span class='ocrx_word' id='word_1_127' title='bbox 1123 1449 1298 1493; x_wconf 87' lang='lat' dir='ltr'><strong>autem</strong></span> <span class='ocrx_word' id='word_1_128' title='bbox 1328 1441 1384 1495; x_wconf 88' lang='lat' dir='ltr'><strong>in</strong></span> <span class='ocrx_word' id='word_1_129' title='bbox 1424 1442 1735 1509; x_wconf 86' lang='lat' dir='ltr'><strong>inﬁrmitate</strong></span> <span class='ocrx_word' id='word_1_130' title='bbox 1765 1458 1968 1507; x_wconf 85' lang='lat' dir='ltr'><strong>eorum,</strong></span> 
     </span>
    </p>
   </div>
   <div class='ocr_carea' id='block_1_19' title="bbox 388 1526 1972 1604">
    <p class='ocr_par' dir='ltr' id='par_1_19' title="bbox 388 1526 1972 1604">
     <span class='ocr_line' id='line_1_19' title="bbox 388 1526 1972 1604; baseline 0.003 -21"><span class='ocrx_word' id='word_1_131' title='bbox 388 1526 753 1583; x_wconf 70' lang='lat' dir='ltr'><strong>indumentum</strong></span> <span class='ocrx_word' id='word_1_132' title='bbox 778 1546 949 1583; x_wconf 87' lang='lat' dir='ltr'><strong>meum</strong></span> <span class='ocrx_word' id='word_1_133' title='bbox 979 1531 1248 1595; x_wconf 81' lang='lat' dir='ltr'><strong>cilicium;</strong></span> <span class='ocrx_word' id='word_1_134' title='bbox 1296 1531 1658 1604; x_wconf 84' lang='lat' dir='ltr'><strong>Symmachus</strong></span> <span class='ocrx_word' id='word_1_135' title='bbox 1691 1549 1820 1588; x_wconf 89' lang='lat' dir='ltr'><strong>vero</strong></span> <span class='ocrx_word' id='word_1_136' title='bbox 1850 1551 1862 1586; x_wconf 98' lang='lat'>:</span> <span class='ocrx_word' id='word_1_137' title='bbox 1902 1532 1972 1587; x_wconf 86' lang='lat' dir='ltr'><strong>In</strong></span> 
     </span>
    </p>
   </div>
   <div class='ocr_carea' id='block_1_20' title="bbox 389 1619 1971 1689">
    <p class='ocr_par' dir='ltr' id='par_1_20' title="bbox 389 1619 1971 1689">
     <span class='ocr_line' id='line_1_20' title="bbox 389 1619 1971 1689; baseline 0.003 -18"><span class='ocrx_word' id='word_1_138' title='bbox 389 1619 801 1689; x_wconf 76' lang='lat' dir='ltr'><strong>inﬁrmitatibus</strong></span> <span class='ocrx_word' id='word_1_139' title='bbox 854 1638 1036 1676; x_wconf 89' lang='lat' dir='ltr'><strong>eorum</strong></span> <span class='ocrx_word' id='word_1_140' title='bbox 1078 1622 1444 1677; x_wconf 87' lang='lat' dir='ltr'><strong>indumentum</strong></span> <span class='ocrx_word' id='word_1_141' title='bbox 1485 1640 1659 1678; x_wconf 89' lang='lat' dir='ltr'><strong>meum</strong></span> <span class='ocrx_word' id='word_1_142' title='bbox 1696 1624 1971 1686; x_wconf 83' lang='lat' dir='ltr'><strong>cilicium;</strong></span> 
     </span>
    </p>
   </div>
   <div class='ocr_carea' id='block_1_21' title="bbox 389 1704 1969 1781">
    <p class='ocr_par' dir='ltr' id='par_1_21' title="bbox 389 1704 1969 1781">
     <span class='ocr_line' id='line_1_21' title="bbox 389 1704 1969 1781; baseline 0.001 -17"><span class='ocrx_word' id='word_1_143' title='bbox 389 1704 697 1766; x_wconf 85' lang='lat' dir='ltr'><strong>Theodotio</strong></span> <span class='ocrx_word' id='word_1_144' title='bbox 711 1718 767 1765; x_wconf 82' lang='lat' dir='ltr'><strong>et</strong></span> <span class='ocrx_word' id='word_1_145' title='bbox 797 1711 992 1781; x_wconf 88' lang='lat' dir='ltr'><strong>quinta</strong></span> <span class='ocrx_word' id='word_1_146' title='bbox 1015 1711 1184 1768; x_wconf 87' lang='lat' dir='ltr'><strong>editio</strong></span> <span class='ocrx_word' id='word_1_147' title='bbox 1210 1731 1223 1766; x_wconf 87' lang='lat'><strong>:</strong></span> <span class='ocrx_word' id='word_1_148' title='bbox 1256 1711 1369 1781; x_wconf 89' lang='lat' dir='ltr'><strong><em>Ego</em></strong></span> <span class='ocrx_word' id='word_1_149' title='bbox 1391 1721 1568 1766; x_wconf 88' lang='lat' dir='ltr'><strong>autem</strong></span> <span class='ocrx_word' id='word_1_150' title='bbox 1596 1729 1714 1767; x_wconf 89' lang='lat' dir='ltr'><strong>cum</strong></span> <span class='ocrx_word' id='word_1_151' title='bbox 1738 1713 1820 1766; x_wconf 85' lang='lat' dir='ltr'><strong>illi</strong></span> <span class='ocrx_word' id='word_1_152' title='bbox 1852 1727 1969 1765; x_wconf 87' lang='lat' dir='ltr'><strong>mo-</strong></span> 
     </span>
    </p>
   </div>
   <div class='ocr_carea' id='block_1_22' title="bbox 2163 1063 3663 1141">
    <p class='ocr_par' dir='ltr' id='par_1_22' title="bbox 2163 1063 3663 1141">
     <span class='ocr_line' id='line_1_22' title="bbox 2163 1063 3663 1141; baseline -0.003 -17"><span class='ocrx_word' id='word_1_153' title='bbox 2163 1070 2322 1124; x_wconf 81' lang='grc' dir='ltr'>Ἀλλὰ</span> <span class='ocrx_word' id='word_1_154' title='bbox 2368 1068 2477 1141; x_wconf 78' lang='grc' dir='ltr'><strong>γὰρ</strong></span> <span class='ocrx_word' id='word_1_155' title='bbox 2526 1070 2583 1121; x_wconf 85' lang='grc' dir='ltr'>ὲν</span> <span class='ocrx_word' id='word_1_156' title='bbox 2622 1067 2832 1130; x_wconf 79' lang='grc' dir='ltr'>τούτοις</span> <span class='ocrx_word' id='word_1_157' title='bbox 2882 1066 3053 1121; x_wconf 72' lang='grc' dir='ltr'>ταῦτα</span> <span class='ocrx_word' id='word_1_158' title='bbox 3095 1065 3383 1130; x_wconf 81' lang='grc' dir='ltr'><strong>θεσπίσας,</strong></span> <span class='ocrx_word' id='word_1_159' title='bbox 3424 1065 3509 1120; x_wconf 78' lang='grc' dir='ltr'>διὰ</span> <span class='ocrx_word' id='word_1_160' title='bbox 3554 1063 3663 1119; x_wconf 77' lang='grc' dir='ltr'><strong>τῶν</strong></span> 
     </span>
    </p>
   </div>
   <div class='ocr_carea' id='block_1_23' title="bbox 2082 1157 3663 1235">
    <p class='ocr_par' dir='ltr' id='par_1_23' title="bbox 2082 1157 3663 1235">
     <span class='ocr_line' id='line_1_23' title="bbox 2082 1157 3663 1235; baseline -0.004 -18"><span class='ocrx_word' id='word_1_161' title='bbox 2082 1163 2207 1235; x_wconf 77' lang='grc' dir='ltr'><strong>ἑξῆς</strong></span> <span class='ocrx_word' id='word_1_162' title='bbox 2230 1163 2290 1217; x_wconf 83' lang='grc' dir='ltr'><strong>τὸ</strong></span> <span class='ocrx_word' id='word_1_163' title='bbox 2313 1161 2475 1215; x_wconf 80' lang='grc' dir='ltr'>αὑτοῦ</span> <span class='ocrx_word' id='word_1_164' title='bbox 2506 1160 2885 1233; x_wconf 84' lang='grc' dir='ltr'>φιλάνθρωπον</span> <span class='ocrx_word' id='word_1_165' title='bbox 2907 1159 3000 1213; x_wconf 76' lang='grc' dir='ltr'><strong>καὶ</strong></span> <span class='ocrx_word' id='word_1_166' title='bbox 3025 1158 3343 1223; x_wconf 79' lang='grc' dir='ltr'>ἀνεξίκακον</span> <span class='ocrx_word' id='word_1_167' title='bbox 3368 1157 3663 1230; x_wconf 78' lang='grc' dir='ltr'>παρίστησι</span> 
     </span>
    </p>
   </div>
   <div class='ocr_carea' id='block_1_24' title="bbox 2078 1251 3660 1326">
    <p class='ocr_par' dir='ltr' id='par_1_24' title="bbox 2078 1251 3660 1326">
     <span class='ocr_line' id='line_1_24' title="bbox 2078 1251 3660 1326; baseline -0.005 -16"><span class='ocrx_word' id='word_1_168' title='bbox 2078 1258 2278 1326; x_wconf 76' lang='grc' dir='ltr'>λέγων·</span> <span class='ocrx_word' id='word_1_169' title='bbox 2325 1254 2474 1324; x_wconf 75' lang='grc' dir='ltr'><strong>Ἐγὼ</strong></span> <span class='ocrx_word' id='word_1_170' title='bbox 2518 1253 2570 1307; x_wconf 82' lang='grc' dir='ltr'>δ’</span> <span class='ocrx_word' id='word_1_171' title='bbox 2608 1254 2678 1307; x_wconf 85' lang='grc' dir='ltr'><strong>ἐν</strong></span> <span class='ocrx_word' id='word_1_172' title='bbox 2726 1251 2806 1318; x_wconf 84' lang='grc' dir='ltr'>τῷ</span> <span class='ocrx_word' id='word_1_173' title='bbox 2846 1251 3069 1318; x_wconf 84' lang='grc' dir='ltr'>αὐτοὺς</span> <span class='ocrx_word' id='word_1_174' title='bbox 3112 1251 3508 1320; x_wconf 71' lang='grc' dir='ltr'>παρενοχλεῖν</span> <span class='ocrx_word' id='word_1_175' title='bbox 3537 1267 3660 1320; x_wconf 87' lang='grc' dir='ltr'>μοι,</span> 
     </span>
    </p>
   </div>
   <div class='ocr_carea' id='block_1_25' title="bbox 2077 1341 3665 1417">
    <p class='ocr_par' dir='ltr' id='par_1_25' title="bbox 2077 1341 3665 1417">
     <span class='ocr_line' id='line_1_25' title="bbox 2077 1341 3665 1417; baseline -0.006 -14"><span class='ocrx_word' id='word_1_176' title='bbox 2077 1350 2413 1417; x_wconf 78' lang='grc' dir='ltr'>ὲνεδυόμην</span> <span class='ocrx_word' id='word_1_177' title='bbox 2453 1346 2679 1413; x_wconf 81' lang='grc' dir='ltr'>σάκκῳ.</span> <span class='ocrx_word' id='word_1_178' title='bbox 2732 1344 2875 1397; x_wconf 66' lang='grc' dir='ltr'>Ἀντί</span> <span class='ocrx_word' id='word_1_179' title='bbox 2924 1344 2980 1398; x_wconf 80' lang='grc' dir='ltr'>δὲ</span> <span class='ocrx_word' id='word_1_180' title='bbox 3024 1344 3140 1407; x_wconf 83' lang='grc' dir='ltr'>τοῦ,</span> <span class='ocrx_word' id='word_1_181' title='bbox 3178 1344 3281 1398; x_wconf 87' lang='grc' dir='ltr'>Ἐν</span> <span class='ocrx_word' id='word_1_182' title='bbox 3318 1342 3399 1408; x_wconf 85' lang='grc' dir='ltr'>τῷ</span> <span class='ocrx_word' id='word_1_183' title='bbox 3442 1341 3665 1408; x_wconf 86' lang='grc' dir='ltr'>αὐτοὺς</span> 
     </span>
    </p>
   </div>
   <div class='ocr_carea' id='block_1_26' title="bbox 2074 1434 3665 1510">
    <p class='ocr_par' dir='ltr' id='par_1_26' title="bbox 2074 1434 3665 1510">
     <span class='ocr_line' id='line_1_26' title="bbox 2074 1434 3665 1510; baseline -0.005 -14"><span class='ocrx_word' id='word_1_184' title='bbox 2074 1439 2477 1510; x_wconf 74' lang='grc' dir='ltr'>παρενοχλεῖν</span> <span class='ocrx_word' id='word_1_185' title='bbox 2494 1457 2625 1508; x_wconf 87' lang='grc' dir='ltr'>μοι,</span> <span class='ocrx_word' id='word_1_186' title='bbox 2653 1438 2856 1509; x_wconf 77' lang='grc' dir='ltr'>σφόδρα</span> <span class='ocrx_word' id='word_1_187' title='bbox 2885 1435 3214 1509; x_wconf 81' lang='grc' dir='ltr'>θαυμαστῶς</span> <span class='ocrx_word' id='word_1_188' title='bbox 3242 1439 3271 1490; x_wconf 97' lang='lat'><strong>6</strong></span> <span class='ocrx_word' id='word_1_189' title='bbox 3299 1434 3398 1507; x_wconf 86' lang='grc' dir='ltr'><strong>μὲν</strong></span> <span class='ocrx_word' id='word_1_190' title='bbox 3433 1434 3665 1499; x_wconf 77' lang='grc' dir='ltr'>Ἀκύλας</span> 
     </span>
    </p>
   </div>
   <div class='ocr_carea' id='block_1_27' title="bbox 2074 1527 3667 1605">
    <p class='ocr_par' dir='ltr' id='par_1_27' title="bbox 2074 1527 3667 1605">
     <span class='ocr_line' id='line_1_27' title="bbox 2074 1527 3667 1605; baseline -0.004 -18"><span class='ocrx_word' id='word_1_191' title='bbox 2074 1533 2241 1605; x_wconf 73' lang='grc' dir='ltr'>φησί’</span> <span class='ocrx_word' id='word_1_192' title='bbox 2269 1532 2377 1588; x_wconf 79' lang='lat' dir='ltr'><strong>Kal</strong></span> <span class='ocrx_word' id='word_1_193' title='bbox 2411 1530 2525 1601; x_wconf 68' lang='grc' dir='ltr'>ἐγὼ</span> <span class='ocrx_word' id='word_1_194' title='bbox 2568 1531 2640 1584; x_wconf 87' lang='grc' dir='ltr'><strong>ἐν</strong></span> <span class='ocrx_word' id='word_1_195' title='bbox 2676 1530 2978 1599; x_wconf 74' lang='grc' dir='ltr'>ἀρρωστίᾳ</span> <span class='ocrx_word' id='word_1_196' title='bbox 3026 1528 3227 1583; x_wconf 82' lang='grc' dir='ltr'>αὐτῶν</span> <span class='ocrx_word' id='word_1_197' title='bbox 3265 1527 3517 1593; x_wconf 82' lang='grc' dir='ltr'>ἕνδυσίς</span> <span class='ocrx_word' id='word_1_198' title='bbox 3541 1543 3667 1596; x_wconf 86' lang='grc' dir='ltr'><strong>μου</strong></span> 
     </span>
    </p>
   </div>
   <div class='ocr_carea' id='block_1_28' title="bbox 2073 1619 3665 1693">
    <p class='ocr_par' dir='ltr' id='par_1_28' title="bbox 2073 1619 3665 1693">
     <span class='ocr_line' id='line_1_28' title="bbox 2073 1619 3665 1693; baseline -0.005 -14"><span class='ocrx_word' id='word_1_199' title='bbox 2073 1623 2325 1690; x_wconf 76' lang='grc' dir='ltr'>σάκκοςο</span> <span class='ocrx_word' id='word_1_200' title='bbox 2352 1625 2381 1677; x_wconf 91' lang='lat'><strong>6</strong></span> <span class='ocrx_word' id='word_1_201' title='bbox 2408 1622 2466 1676; x_wconf 75' lang='grc' dir='ltr'>δὲ</span> <span class='ocrx_word' id='word_1_202' title='bbox 2491 1622 2815 1693; x_wconf 82' lang='grc' dir='ltr'><strong>Σύμμαχος·</strong></span> <span class='ocrx_word' id='word_1_203' title='bbox 2851 1619 3023 1691; x_wconf 84' lang='grc' dir='ltr'>Ἐμοῦ</span> <span class='ocrx_word' id='word_1_204' title='bbox 3051 1620 3120 1674; x_wconf 84' lang='grc' dir='ltr'><strong>ἐν</strong></span> <span class='ocrx_word' id='word_1_205' title='bbox 3152 1619 3281 1685; x_wconf 82' lang='grc' dir='ltr'>ταῖς</span> <span class='ocrx_word' id='word_1_206' title='bbox 3307 1619 3665 1687; x_wconf 76' lang='grc' dir='ltr'>ἀρρωστίαις</span> 
     </span>
    </p>
   </div>
   <div class='ocr_carea' id='block_1_29' title="bbox 2073 1710 3666 1784">
    <p class='ocr_par' dir='ltr' id='par_1_29' title="bbox 2073 1710 3666 1784">
     <span class='ocr_line' id='line_1_29' title="bbox 2073 1710 3666 1784; baseline -0.004 -13"><span class='ocrx_word' id='word_1_207' title='bbox 2073 1716 2273 1771; x_wconf 84' lang='grc' dir='ltr'>αὐτῶν</span> <span class='ocrx_word' id='word_1_208' title='bbox 2295 1716 2362 1771; x_wconf 83' lang='grc' dir='ltr'>τὸ</span> <span class='ocrx_word' id='word_1_209' title='bbox 2390 1715 2622 1784; x_wconf 78' lang='grc' dir='ltr'>ἔνδυμα</span> <span class='ocrx_word' id='word_1_210' title='bbox 2654 1712 2919 1780; x_wconf 79' lang='grc' dir='ltr'><strong>σάκκος·</strong></span> <span class='ocrx_word' id='word_1_211' title='bbox 2952 1713 3046 1767; x_wconf 76' lang='grc' dir='ltr'><strong>καὶ</strong></span> <span class='ocrx_word' id='word_1_212' title='bbox 3091 1715 3118 1767; x_wconf 86' lang='lat'><strong>6</strong></span> <span class='ocrx_word' id='word_1_213' title='bbox 3157 1712 3447 1767; x_wconf 86' lang='grc' dir='ltr'>Θεοδοτίων</span> <span class='ocrx_word' id='word_1_214' title='bbox 3484 1712 3541 1764; x_wconf 85' lang='grc' dir='ltr'>δὲ</span> <span class='ocrx_word' id='word_1_215' title='bbox 3570 1710 3666 1765; x_wconf 74' lang='grc' dir='ltr'><strong>καὶ</strong></span> 
     </span>
    </p>
   </div>
   <div class='ocr_carea' id='block_1_30' title="bbox 392 1799 1979 1883">
    <p class='ocr_par' dir='ltr' id='par_1_30' title="bbox 392 1799 1969 1877">
     <span class='ocr_line' id='line_1_30' title="bbox 392 1799 1969 1877; baseline 0.002 -24"><span class='ocrx_word' id='word_1_216' title='bbox 392 1799 546 1855; x_wconf 83' lang='lat' dir='ltr'><strong>testia</strong></span> <span class='ocrx_word' id='word_1_217' title='bbox 574 1801 857 1871; x_wconf 56' lang='lat' dir='ltr'><strong>amarent.</strong></span> <span class='ocrx_word' id='word_1_218' title='bbox 899 1800 1041 1862; x_wconf 88' lang='lat' dir='ltr'><strong>Mala</strong></span> <span class='ocrx_word' id='word_1_219' title='bbox 1086 1804 1289 1874; x_wconf 87' lang='lat' dir='ltr'><strong>quippe</strong></span> <span class='ocrx_word' id='word_1_220' title='bbox 1311 1812 1365 1858; x_wconf 89' lang='lat' dir='ltr'><strong>et</strong></span> <span class='ocrx_word' id='word_1_221' title='bbox 1400 1802 1752 1859; x_wconf 82' lang='lat' dir='ltr'><strong>inﬁrmitates</strong></span> <span class='ocrx_word' id='word_1_222' title='bbox 1779 1817 1969 1877; x_wconf 78' lang='lat' dir='ltr'><strong>eorum</strong></span> 
     </span>
    </p>
   </div>
   <div class='ocr_carea' id='block_1_31' title="bbox 2085 1799 3666 1883">
    <p class='ocr_par' dir='ltr' id='par_1_31' title="bbox 2085 1805 3666 1883">
     <span class='ocr_line' id='line_1_31' title="bbox 2085 1805 3666 1883; baseline -0.004 -19"><span class='ocrx_word' id='word_1_223' title='bbox 2085 1814 2106 1883; x_wconf 73' lang='grc' dir='ltr'><strong>Ι)</strong></span> <span class='ocrx_word' id='word_1_224' title='bbox 2136 1812 2363 1883; x_wconf 79' lang='grc' dir='ltr'>πέμπτη</span> <span class='ocrx_word' id='word_1_225' title='bbox 2392 1809 2633 1875; x_wconf 76' lang='grc' dir='ltr'>ἕκδοσις’</span> <span class='ocrx_word' id='word_1_226' title='bbox 2681 1808 2830 1880; x_wconf 70' lang='grc' dir='ltr'>Ἐγὼ</span> <span class='ocrx_word' id='word_1_227' title='bbox 2857 1806 2926 1861; x_wconf 85' lang='grc' dir='ltr'>δὲ</span> <span class='ocrx_word' id='word_1_228' title='bbox 2953 1808 3023 1861; x_wconf 84' lang='grc' dir='ltr'><strong>ἐν</strong></span> <span class='ocrx_word' id='word_1_229' title='bbox 3047 1806 3127 1873; x_wconf 79' lang='grc' dir='ltr'>τῷ</span> <span class='ocrx_word' id='word_1_230' title='bbox 3163 1805 3666 1876; x_wconf 79' lang='grc' dir='ltr'><strong>παρενοχλεῖσθαι</strong></span> 
     </span>
    </p>
   </div>
   <div class='ocr_carea' id='block_1_32' title="bbox 393 1890 1967 1957">
    <p class='ocr_par' dir='ltr' id='par_1_32' title="bbox 393 1890 1967 1957">
     <span class='ocr_line' id='line_1_32' title="bbox 393 1890 1967 1957; baseline 0.002 -12"><span class='ocrx_word' id='word_1_231' title='bbox 393 1891 690 1948; x_wconf 86' lang='lat' dir='ltr'><strong>miseratus</strong></span> <span class='ocrx_word' id='word_1_232' title='bbox 752 1890 1040 1957; x_wconf 88' lang='lat' dir='ltr'><strong>Dominus,</strong></span> <span class='ocrx_word' id='word_1_233' title='bbox 1117 1907 1309 1949; x_wconf 89' lang='lat' dir='ltr'><strong>eorum</strong></span> <span class='ocrx_word' id='word_1_234' title='bbox 1389 1908 1564 1949; x_wconf 88' lang='lat' dir='ltr'><strong>causa</strong></span> <span class='ocrx_word' id='word_1_235' title='bbox 1657 1894 1715 1948; x_wconf 90' lang='lat' dir='ltr'><strong>in</strong></span> <span class='ocrx_word' id='word_1_236' title='bbox 1781 1895 1967 1948; x_wconf 91' lang='lat' dir='ltr'><strong>luctus</strong></span> 
     </span>
    </p>
   </div>
   <div class='ocr_carea' id='block_1_33' title="bbox 392 1980 1973 2057">
    <p class='ocr_par' dir='ltr' id='par_1_33' title="bbox 392 1980 1973 2057">
     <span class='ocr_line' id='line_1_33' title="bbox 392 1980 1973 2057; baseline 0.002 -20"><span class='ocrx_word' id='word_1_237' title='bbox 392 1990 449 2037; x_wconf 80' lang='lat' dir='ltr'><strong>et</strong></span> <span class='ocrx_word' id='word_1_238' title='bbox 478 1983 888 2041; x_wconf 88' lang='lat' dir='ltr'><strong>lamentationis</strong></span> <span class='ocrx_word' id='word_1_239' title='bbox 936 1980 1373 2057; x_wconf 48' lang='lat' dir='ltr'><strong>signumvcilicio</strong></span> <span class='ocrx_word' id='word_1_240' title='bbox 1429 1987 1805 2042; x_wconf 85' lang='lat' dir='ltr'><strong>induebatur:</strong></span> <span class='ocrx_word' id='word_1_241' title='bbox 1860 1986 1973 2041; x_wconf 90' lang='lat' dir='ltr'><strong>imo</strong></span> 
     </span>
    </p>
   </div>
   <div class='ocr_carea' id='block_1_34' title="bbox 392 2077 1975 2151">
    <p class='ocr_par' dir='ltr' id='par_1_34' title="bbox 392 2077 1975 2151">
     <span class='ocr_line' id='line_1_34' title="bbox 392 2077 1975 2151; baseline 0.005 -21"><span class='ocrx_word' id='word_1_242' title='bbox 392 2077 556 2131; x_wconf 88' lang='lat' dir='ltr'><strong>etiam</strong></span> <span class='ocrx_word' id='word_1_243' title='bbox 588 2077 921 2135; x_wconf 88' lang='lat' dir='ltr'><strong>humiliabat</strong></span> <span class='ocrx_word' id='word_1_244' title='bbox 969 2080 1025 2134; x_wconf 92' lang='lat' dir='ltr'><strong>in</strong></span> <span class='ocrx_word' id='word_1_245' title='bbox 1054 2080 1269 2151; x_wconf 85' lang='lat' dir='ltr'><strong>jejunio</strong></span> <span class='ocrx_word' id='word_1_246' title='bbox 1298 2080 1539 2137; x_wconf 89' lang='lat' dir='ltr'><strong>animam</strong></span> <span class='ocrx_word' id='word_1_247' title='bbox 1564 2097 1744 2137; x_wconf 85' lang='lat' dir='ltr'><strong>suam.</strong></span> <span class='ocrx_word' id='word_1_248' title='bbox 1790 2080 1975 2149; x_wconf 86' lang='lat' dir='ltr'><strong>Quare</strong></span> 
     </span>
    </p>
   </div>
   <div class='ocr_carea' id='block_1_35' title="bbox 393 2166 1973 2244">
    <p class='ocr_par' dir='ltr' id='par_1_35' title="bbox 393 2166 1973 2244">
     <span class='ocr_line' id='line_1_35' title="bbox 393 2166 1973 2244; baseline 0.002 -22"><span class='ocrx_word' id='word_1_249' title='bbox 393 2175 467 2222; x_wconf 91' lang='lat' dir='ltr'><strong>Ita</strong></span> <span class='ocrx_word' id='word_1_250' title='bbox 501 2166 767 2227; x_wconf 87' lang='lat' dir='ltr'><strong>docebat:</strong></span> <span class='ocrx_word' id='word_1_251' title='bbox 807 2168 1002 2225; x_wconf 78' lang='lat' dir='ltr'><strong>Tristis</strong></span> <span class='ocrx_word' id='word_1_252' title='bbox 1044 2181 1124 2225; x_wconf 82' lang='lat' dir='ltr'><strong>est</strong></span> <span class='ocrx_word' id='word_1_253' title='bbox 1160 2172 1341 2225; x_wconf 81' lang='lat' dir='ltr'><strong>anima</strong></span> <span class='ocrx_word' id='word_1_254' title='bbox 1368 2189 1487 2226; x_wconf 91' lang='lat' dir='ltr'><strong>mea</strong></span> <span class='ocrx_word' id='word_1_255' title='bbox 1535 2190 1699 2244; x_wconf 86' lang='lat' dir='ltr'><strong>usque</strong></span> <span class='ocrx_word' id='word_1_256' title='bbox 1727 2173 1799 2229; x_wconf 87' lang='lat' dir='ltr'><strong>ad</strong></span> <span class='ocrx_word' id='word_1_257' title='bbox 1828 2189 1973 2233; x_wconf 78' lang='lat' dir='ltr'><strong>mor-</strong></span> 
     </span>
    </p>
   </div>
   <div class='ocr_carea' id='block_1_36' title="bbox 392 2258 1976 2327">
    <p class='ocr_par' dir='ltr' id='par_1_36' title="bbox 392 2258 1976 2327">
     <span class='ocr_line' id='line_1_36' title="bbox 392 2258 1976 2327; baseline 0.004 -14"><span class='ocrx_word' id='word_1_258' title='bbox 392 2268 496 2315; x_wconf 83' lang='lat' dir='ltr'><strong>tem</strong></span> <span class='ocrx_word' id='word_1_259' title='bbox 515 2260 596 2327; x_wconf 87' lang='grc'><strong>³³;</strong></span> <span class='ocrx_word' id='word_1_260' title='bbox 628 2267 713 2316; x_wconf 86' lang='lat' dir='ltr'><strong>et:</strong></span> <span class='ocrx_word' id='word_1_261' title='bbox 770 2258 930 2318; x_wconf 83' lang='lat' dir='ltr'><strong>Nunc</strong></span> <span class='ocrx_word' id='word_1_262' title='bbox 971 2262 1152 2321; x_wconf 85' lang='lat' dir='ltr'><strong>anima</strong></span> <span class='ocrx_word' id='word_1_263' title='bbox 1197 2280 1315 2319; x_wconf 88' lang='lat' dir='ltr'><strong>mea</strong></span> <span class='ocrx_word' id='word_1_264' title='bbox 1361 2263 1581 2318; x_wconf 88' lang='lat' dir='ltr'><strong>turbata</strong></span> <span class='ocrx_word' id='word_1_265' title='bbox 1625 2275 1705 2319; x_wconf 87' lang='lat' dir='ltr'><strong>est</strong></span> <span class='ocrx_word' id='word_1_266' title='bbox 1729 2265 1796 2320; x_wconf 73' lang='lat'><strong>“.</strong></span> <span class='ocrx_word' id='word_1_267' title='bbox 1848 2263 1976 2320; x_wconf 72' lang='lat' dir='ltr'><strong>Haec</strong></span> 
     </span>
    </p>
   </div>
   <div class='ocr_carea' id='block_1_37' title="bbox 393 2352 1977 2428">
    <p class='ocr_par' dir='ltr' id='par_1_37' title="bbox 393 2352 1977 2428">
     <span class='ocr_line' id='line_1_37' title="bbox 393 2352 1977 2428; baseline 0.003 -22"><span class='ocrx_word' id='word_1_268' title='bbox 393 2352 537 2407; x_wconf 88' lang='lat' dir='ltr'><strong>enim</strong></span> <span class='ocrx_word' id='word_1_269' title='bbox 565 2352 619 2407; x_wconf 87' lang='lat' dir='ltr'><strong>vi</strong></span> <span class='ocrx_word' id='word_1_270' title='bbox 659 2353 1108 2410; x_wconf 88' lang='lat' dir='ltr'><strong>mansuetudinis</strong></span> <span class='ocrx_word' id='word_1_271' title='bbox 1152 2369 1267 2410; x_wconf 63' lang='lat' dir='ltr'><strong>suae</strong></span> <span class='ocrx_word' id='word_1_272' title='bbox 1301 2356 1597 2421; x_wconf 86' lang='lat' dir='ltr'><strong>tolerabat,</strong></span> <span class='ocrx_word' id='word_1_273' title='bbox 1624 2356 1792 2412; x_wconf 88' lang='lat' dir='ltr'><strong>veluti</strong></span> <span class='ocrx_word' id='word_1_274' title='bbox 1820 2367 1977 2428; x_wconf 86' lang='lat' dir='ltr'><strong>pater</strong></span> 
     </span>
    </p>
   </div>
   <div class='ocr_carea' id='block_1_38' title="bbox 393 2442 1976 2519">
    <p class='ocr_par' dir='ltr' id='par_1_38' title="bbox 393 2442 1976 2519">
     <span class='ocr_line' id='line_1_38' title="bbox 393 2442 1976 2519; baseline 0.003 -20"><span class='ocrx_word' id='word_1_275' title='bbox 393 2444 462 2499; x_wconf 89' lang='lat' dir='ltr'><strong>de</strong></span> <span class='ocrx_word' id='word_1_276' title='bbox 484 2442 721 2499; x_wconf 79' lang='lat' dir='ltr'><strong>ﬁliorum</strong></span> <span class='ocrx_word' id='word_1_277' title='bbox 755 2445 1000 2515; x_wconf 88' lang='lat' dir='ltr'><strong>pernicie</strong></span> <span class='ocrx_word' id='word_1_278' title='bbox 1029 2446 1383 2503; x_wconf 82' lang='lat' dir='ltr'><strong>vehementer</strong></span> <span class='ocrx_word' id='word_1_279' title='bbox 1413 2446 1605 2504; x_wconf 84' lang='lat' dir='ltr'><strong>dolens</strong></span> <span class='ocrx_word' id='word_1_280' title='bbox 1632 2458 1797 2519; x_wconf 87' lang='lat' dir='ltr'><strong>atque</strong></span> <span class='ocrx_word' id='word_1_281' title='bbox 1834 2463 1976 2503; x_wconf 86' lang='lat' dir='ltr'><strong>moe-</strong></span> 
     </span>
    </p>
   </div>
   <div class='ocr_carea' id='block_1_39' title="bbox 394 2533 1972 2609">
    <p class='ocr_par' dir='ltr' id='par_1_39' title="bbox 394 2533 1972 2609">
     <span class='ocr_line' id='line_1_39' title="bbox 394 2533 1972 2609; baseline 0.004 -21"><span class='ocrx_word' id='word_1_282' title='bbox 394 2548 545 2589; x_wconf 88' lang='lat' dir='ltr'><strong>rens.</strong></span> <span class='ocrx_word' id='word_1_283' title='bbox 594 2533 962 2600; x_wconf 86' lang='lat' dir='ltr'><strong>Quamobrem</strong></span> <span class='ocrx_word' id='word_1_284' title='bbox 1012 2541 1069 2593; x_wconf 80' lang='lat' dir='ltr'><strong>in</strong></span> <span class='ocrx_word' id='word_1_285' title='bbox 1124 2537 1408 2609; x_wconf 89' lang='lat' dir='ltr'><strong>prophetis</strong></span> <span class='ocrx_word' id='word_1_286' title='bbox 1458 2538 1526 2594; x_wconf 90' lang='lat' dir='ltr'><strong>de</strong></span> <span class='ocrx_word' id='word_1_287' title='bbox 1573 2538 1668 2593; x_wconf 89' lang='lat' dir='ltr'><strong>illo</strong></span> <span class='ocrx_word' id='word_1_288' title='bbox 1726 2538 1972 2595; x_wconf 87' lang='lat' dir='ltr'><strong>dicitur:</strong></span> 
     </span>
    </p>
   </div>
   <div class='ocr_carea' id='block_1_40' title="bbox 396 2624 1978 2701">
    <p class='ocr_par' dir='ltr' id='par_1_40' title="bbox 396 2624 1978 2701">
     <span class='ocr_line' id='line_1_40' title="bbox 396 2624 1978 2701; baseline 0.003 -21"><span class='ocrx_word' id='word_1_289' title='bbox 396 2624 577 2681; x_wconf 80' lang='lat' dir='ltr'><strong><em>Homo</em></strong></span> <span class='ocrx_word' id='word_1_290' title='bbox 611 2627 667 2680; x_wconf 90' lang='lat' dir='ltr'><strong>in</strong></span> <span class='ocrx_word' id='word_1_291' title='bbox 690 2627 852 2699; x_wconf 85' lang='lat' dir='ltr'><strong>plaga</strong></span> <span class='ocrx_word' id='word_1_292' title='bbox 883 2631 1226 2696; x_wconf 85' lang='lat' dir='ltr'><strong>constitutus,</strong></span> <span class='ocrx_word' id='word_1_293' title='bbox 1256 2639 1307 2684; x_wconf 88' lang='lat' dir='ltr'><strong>et</strong></span> <span class='ocrx_word' id='word_1_294' title='bbox 1353 2631 1522 2685; x_wconf 85' lang='lat' dir='ltr'><strong>sciens</strong></span> <span class='ocrx_word' id='word_1_295' title='bbox 1568 2631 1717 2701; x_wconf 26' lang='lat' dir='ltr'><strong>ferre.</strong></span> <span class='ocrx_word' id='word_1_296' title='bbox 1746 2631 1978 2700; x_wconf 86' lang='lat' dir='ltr'><strong>inﬁrmi-</strong></span> 
     </span>
    </p>
   </div>
   <div class='ocr_carea' id='block_1_41' title="bbox 394 2716 1959 2790">
    <p class='ocr_par' dir='ltr' id='par_1_41' title="bbox 394 2716 1959 2790">
     <span class='ocr_line' id='line_1_41' title="bbox 394 2716 1959 2790; baseline 0.003 -20"><span class='ocrx_word' id='word_1_297' title='bbox 394 2716 652 2785; x_wconf 78' lang='lat' dir='ltr'><strong>tatem&quot;;</strong></span> <span class='ocrx_word' id='word_1_298' title='bbox 700 2726 755 2772; x_wconf 90' lang='lat' dir='ltr'><strong>et</strong></span> <span class='ocrx_word' id='word_1_299' title='bbox 795 2734 1049 2775; x_wconf 77' lang='lat' dir='ltr'><strong>rursum:</strong></span> <span class='ocrx_word' id='word_1_300' title='bbox 1089 2719 1209 2789; x_wconf 87' lang='lat' dir='ltr'><strong>Ipse</strong></span> <span class='ocrx_word' id='word_1_301' title='bbox 1254 2730 1469 2789; x_wconf 86' lang='lat' dir='ltr'><strong>peccata</strong></span> <span class='ocrx_word' id='word_1_302' title='bbox 1514 2730 1703 2776; x_wconf 86' lang='lat' dir='ltr'><strong>nostra</strong></span> <span class='ocrx_word' id='word_1_303' title='bbox 1755 2730 1959 2790; x_wconf 85' lang='lat' dir='ltr'><strong>portat,</strong></span> 
     </span>
    </p>
   </div>
   <div class='ocr_carea' id='block_1_42' title="bbox 395 2808 1979 2882">
    <p class='ocr_par' dir='ltr' id='par_1_42' title="bbox 395 2808 1979 2882">
     <span class='ocr_line' id='line_1_42' title="bbox 395 2808 1979 2882; baseline 0.002 -19"><span class='ocrx_word' id='word_1_304' title='bbox 395 2817 444 2863; x_wconf 83' lang='lat' dir='ltr'><strong>et</strong></span> <span class='ocrx_word' id='word_1_305' title='bbox 481 2824 578 2879; x_wconf 87' lang='lat' dir='ltr'><strong>pro</strong></span> <span class='ocrx_word' id='word_1_306' title='bbox 602 2808 752 2863; x_wconf 83' lang='lat' dir='ltr'><strong>nobis</strong></span> <span class='ocrx_word' id='word_1_307' title='bbox 780 2809 922 2865; x_wconf 87' lang='lat' dir='ltr'><strong>dolet</strong></span> <span class='ocrx_word' id='word_1_308' title='bbox 943 2811 1023 2875; x_wconf 85' lang='grc'><strong>³⁶;</strong></span> <span class='ocrx_word' id='word_1_309' title='bbox 1057 2819 1110 2868; x_wconf 88' lang='lat' dir='ltr'><strong>et</strong></span> <span class='ocrx_word' id='word_1_310' title='bbox 1142 2813 1377 2867; x_wconf 89' lang='lat' dir='ltr'><strong>iterum:</strong></span> <span class='ocrx_word' id='word_1_311' title='bbox 1423 2810 1542 2882; x_wconf 86' lang='lat' dir='ltr'><strong>Ipse</strong></span> <span class='ocrx_word' id='word_1_312' title='bbox 1577 2822 1758 2868; x_wconf 89' lang='lat' dir='ltr'><strong>autem</strong></span> <span class='ocrx_word' id='word_1_313' title='bbox 1800 2813 1979 2867; x_wconf 78' lang='lat' dir='ltr'><strong>vulne-</strong></span> 
     </span>
    </p>
   </div>
   <div class='ocr_carea' id='block_1_43' title="bbox 396 2904 1978 2974">
    <p class='ocr_par' dir='ltr' id='par_1_43' title="bbox 396 2904 1978 2974">
     <span class='ocr_line' id='line_1_43' title="bbox 396 2904 1978 2974; baseline 0.003 -20"><span class='ocrx_word' id='word_1_314' title='bbox 396 2909 548 2955; x_wconf 84' lang='lat' dir='ltr'><strong>ratus</strong></span> <span class='ocrx_word' id='word_1_315' title='bbox 582 2909 660 2955; x_wconf 84' lang='lat' dir='ltr'><strong>est</strong></span> <span class='ocrx_word' id='word_1_316' title='bbox 708 2911 924 2972; x_wconf 80' lang='lat' dir='ltr'><strong>propter</strong></span> <span class='ocrx_word' id='word_1_317' title='bbox 969 2913 1187 2973; x_wconf 88' lang='lat' dir='ltr'><strong>peccata</strong></span> <span class='ocrx_word' id='word_1_318' title='bbox 1217 2914 1424 2967; x_wconf 86' lang='lat' dir='ltr'><strong>nostra,</strong></span> <span class='ocrx_word' id='word_1_319' title='bbox 1455 2916 1501 2958; x_wconf 91' lang='lat' dir='ltr'><strong>et</strong></span> <span class='ocrx_word' id='word_1_320' title='bbox 1543 2904 1704 2959; x_wconf 87' lang='lat' dir='ltr'><strong>vibice</strong></span> <span class='ocrx_word' id='word_1_321' title='bbox 1736 2904 1850 2974; x_wconf 83' lang='lat' dir='ltr'><strong>ejus</strong></span> <span class='ocrx_word' id='word_1_322' title='bbox 1886 2921 1978 2959; x_wconf 88' lang='lat' dir='ltr'><strong>nos</strong></span> 
     </span>
    </p>
   </div>
   <div class='ocr_carea' id='block_1_44' title="bbox 2076 1897 3668 1975">
    <p class='ocr_par' dir='ltr' id='par_1_44' title="bbox 2076 1897 3668 1975">
     <span class='ocr_line' id='line_1_44' title="bbox 2076 1897 3668 1975; baseline -0.005 -18"><span class='ocrx_word' id='word_1_323' title='bbox 2076 1903 2319 1970; x_wconf 80' lang='grc' dir='ltr'>αὐτοὺς,</span> <span class='ocrx_word' id='word_1_324' title='bbox 2353 1905 2665 1975; x_wconf 76' lang='grc' dir='ltr'>εἰρήκασιν.</span> <span class='ocrx_word' id='word_1_325' title='bbox 2728 1899 2882 1955; x_wconf 79' lang='grc' dir='ltr'>Ἐπεὶ</span> <span class='ocrx_word' id='word_1_326' title='bbox 2912 1898 3023 1970; x_wconf 85' lang='grc' dir='ltr'>γὰρ</span> <span class='ocrx_word' id='word_1_327' title='bbox 3062 1901 3174 1961; x_wconf 86' lang='grc' dir='ltr'>τοῖς</span> <span class='ocrx_word' id='word_1_328' title='bbox 3218 1897 3441 1951; x_wconf 80' lang='grc' dir='ltr'>ἐκείνων</span> <span class='ocrx_word' id='word_1_329' title='bbox 3475 1897 3668 1960; x_wconf 82' lang='grc' dir='ltr'>κακοῖς</span> 
     </span>
    </p>
   </div>
   <div class='ocr_carea' id='block_1_45' title="bbox 2075 1987 3668 2067">
    <p class='ocr_par' dir='ltr' id='par_1_45' title="bbox 2075 1987 3668 2067">
     <span class='ocr_line' id='line_1_45' title="bbox 2075 1987 3668 2067; baseline -0.006 -18"><span class='ocrx_word' id='word_1_330' title='bbox 2075 1995 2171 2049; x_wconf 73' lang='grc' dir='ltr'><strong>καὶ</strong></span> <span class='ocrx_word' id='word_1_331' title='bbox 2210 1996 2330 2059; x_wconf 81' lang='grc' dir='ltr'>ταῖς</span> <span class='ocrx_word' id='word_1_332' title='bbox 2362 1993 2696 2067; x_wconf 72' lang='grc' dir='ltr'>ἀρρωστίαις</span> <span class='ocrx_word' id='word_1_333' title='bbox 2742 1991 2841 2061; x_wconf 79' lang='grc' dir='ltr'>τῆς</span> <span class='ocrx_word' id='word_1_334' title='bbox 2873 1989 3053 2045; x_wconf 81' lang='grc' dir='ltr'>αὐτῶν</span> <span class='ocrx_word' id='word_1_335' title='bbox 3098 1987 3276 2058; x_wconf 77' lang='grc' dir='ltr'>ψυχῆς</span> <span class='ocrx_word' id='word_1_336' title='bbox 3328 1987 3668 2058; x_wconf 85' lang='grc' dir='ltr'>συμπάσχων</span> 
     </span>
    </p>
   </div>
   <div class='ocr_carea' id='block_1_46' title="bbox 2075 2075 3668 2157">
    <p class='ocr_par' dir='ltr' id='par_1_46' title="bbox 2075 2075 3668 2157">
     <span class='ocr_line' id='line_1_46' title="bbox 2075 2075 3668 2157; baseline -0.008 -17"><span class='ocrx_word' id='word_1_337' title='bbox 2075 2088 2105 2140; x_wconf 89' lang='lat'><strong>6</strong></span> <span class='ocrx_word' id='word_1_338' title='bbox 2135 2084 2325 2157; x_wconf 80' lang='grc' dir='ltr'>Σωτὴρ</span> <span class='ocrx_word' id='word_1_339' title='bbox 2355 2083 2584 2146; x_wconf 80' lang='grc' dir='ltr'>πένθους</span> <span class='ocrx_word' id='word_1_340' title='bbox 2616 2082 2710 2137; x_wconf 75' lang='grc' dir='ltr'><strong>καὶ</strong></span> <span class='ocrx_word' id='word_1_341' title='bbox 2755 2078 3002 2154; x_wconf 82' lang='grc' dir='ltr'>ὀδυρμῶν</span> <span class='ocrx_word' id='word_1_342' title='bbox 3043 2076 3287 2149; x_wconf 90' lang='grc' dir='ltr'>σύμϐολα</span> <span class='ocrx_word' id='word_1_343' title='bbox 3330 2079 3490 2142; x_wconf 86' lang='grc' dir='ltr'>ποιεῖ,</span> <span class='ocrx_word' id='word_1_344' title='bbox 3533 2075 3668 2129; x_wconf 85' lang='grc' dir='ltr'>σάκ-</span> 
     </span>
    </p>
   </div>
   <div class='ocr_carea' id='block_1_47' title="bbox 2077 2157 3669 2249">
    <p class='ocr_par' dir='ltr' id='par_1_47' title="bbox 2077 2157 3669 2249">
     <span class='ocr_line' id='line_1_47' title="bbox 2077 2157 3669 2249; baseline -0.008 -18"><span class='ocrx_word' id='word_1_345' title='bbox 2077 2195 2171 2232; x_wconf 88' lang='grc' dir='ltr'><strong>κον</strong></span> <span class='ocrx_word' id='word_1_346' title='bbox 2203 2175 2657 2249; x_wconf 86' lang='grc' dir='ltr'>περιϐαλλόμενος</span> <span class='ocrx_word' id='word_1_347' title='bbox 2710 2173 2849 2244; x_wconf 82' lang='grc' dir='ltr'>ὑπὲρ</span> <span class='ocrx_word' id='word_1_348' title='bbox 2901 2170 3101 2235; x_wconf 73' lang='grc' dir='ltr'>αὐτῶν,</span> <span class='ocrx_word' id='word_1_349' title='bbox 3133 2169 3271 2223; x_wconf 71' lang='grc' dir='ltr'>ἀλλὰ</span> <span class='ocrx_word' id='word_1_350' title='bbox 3305 2157 3409 2222; x_wconf 73' lang='grc' dir='ltr'>’καὶ</span> <span class='ocrx_word' id='word_1_351' title='bbox 3452 2166 3669 2221; x_wconf 73' lang='grc' dir='ltr'>ἐταπείο</span> 
     </span>
    </p>
   </div>
   <div class='ocr_carea' id='block_1_48' title="bbox 2077 2257 3669 2339">
    <p class='ocr_par' dir='ltr' id='par_1_48' title="bbox 2077 2257 3669 2339">
     <span class='ocr_line' id='line_1_48' title="bbox 2077 2257 3669 2339; baseline -0.008 -16"><span class='ocrx_word' id='word_1_352' title='bbox 2077 2287 2168 2323; x_wconf 93' lang='grc' dir='ltr'><strong>νου</strong></span> <span class='ocrx_word' id='word_1_353' title='bbox 2207 2270 2264 2322; x_wconf 84' lang='grc' dir='ltr'><strong>ἐν</strong></span> <span class='ocrx_word' id='word_1_354' title='bbox 2306 2267 2530 2339; x_wconf 80' lang='grc' dir='ltr'>νηστείᾳ</span> <span class='ocrx_word' id='word_1_355' title='bbox 2574 2265 2670 2336; x_wconf 79' lang='grc' dir='ltr'><strong>τὴν</strong></span> <span class='ocrx_word' id='word_1_356' title='bbox 2707 2265 2885 2335; x_wconf 75' lang='grc' dir='ltr'>ψυχὴν</span> <span class='ocrx_word' id='word_1_357' title='bbox 2924 2260 3109 2316; x_wconf 79' lang='grc' dir='ltr'>αὐτοῦ.</span> <span class='ocrx_word' id='word_1_358' title='bbox 3159 2260 3251 2313; x_wconf 84' lang='grc' dir='ltr'>Διὸ</span> <span class='ocrx_word' id='word_1_359' title='bbox 3291 2260 3387 2313; x_wconf 71' lang='grc' dir='ltr'>καὶ</span> <span class='ocrx_word' id='word_1_360' title='bbox 3422 2257 3669 2311; x_wconf 78' lang='grc' dir='ltr'>ἐδίδασκε</span> 
     </span>
    </p>
   </div>
   <div class='ocr_carea' id='block_1_49' title="bbox 2076 2345 3665 2427">
    <p class='ocr_par' dir='ltr' id='par_1_49' title="bbox 2076 2345 3665 2427">
     <span class='ocr_line' id='line_1_49' title="bbox 2076 2345 3665 2427; baseline -0.008 -17"><span class='ocrx_word' id='word_1_361' title='bbox 2076 2357 2249 2427; x_wconf 86' lang='grc' dir='ltr'>λέγων</span> <span class='ocrx_word' id='word_1_362' title='bbox 2268 2375 2280 2387; x_wconf 93' lang='grc'><strong>·</strong></span> <span class='ocrx_word' id='word_1_363' title='bbox 2307 2358 2647 2426; x_wconf 76' lang='grc' dir='ltr'>Περίλυπός</span> <span class='ocrx_word' id='word_1_364' title='bbox 2668 2354 2838 2408; x_wconf 84' lang='grc' dir='ltr'>ἐστιν</span> <span class='ocrx_word' id='word_1_365' title='bbox 2856 2354 2895 2420; x_wconf 78' lang='grc' dir='ltr'><strong>ἠ</strong></span> <span class='ocrx_word' id='word_1_366' title='bbox 2919 2348 3088 2420; x_wconf 71' lang='grc' dir='ltr'><strong>ψυχή</strong></span> <span class='ocrx_word' id='word_1_367' title='bbox 3104 2367 3222 2419; x_wconf 87' lang='grc' dir='ltr'><strong>μου</strong></span> <span class='ocrx_word' id='word_1_368' title='bbox 3244 2348 3354 2414; x_wconf 79' lang='grc' dir='ltr'>ἕως</span> <span class='ocrx_word' id='word_1_369' title='bbox 3375 2345 3634 2402; x_wconf 85' lang='grc' dir='ltr'>θανάτου</span> <span class='ocrx_word' id='word_1_370' title='bbox 3649 2361 3665 2375; x_wconf 75' lang='grc'><strong>⁸</strong></span> 
     </span>
    </p>
   </div>
   <div class='ocr_carea' id='block_1_50' title="bbox 2078 2436 3668 2517">
    <p class='ocr_par' dir='ltr' id='par_1_50' title="bbox 2078 2436 3668 2517">
     <span class='ocr_line' id='line_1_50' title="bbox 2078 2436 3668 2517; baseline -0.008 -13"><span class='ocrx_word' id='word_1_371' title='bbox 2078 2450 2207 2514; x_wconf 71' lang='grc' dir='ltr'>καὶ,</span> <span class='ocrx_word' id='word_1_372' title='bbox 2254 2449 2384 2504; x_wconf 86' lang='grc' dir='ltr'><strong>Νῦν</strong></span> <span class='ocrx_word' id='word_1_373' title='bbox 2435 2449 2474 2517; x_wconf 76' lang='grc' dir='ltr'><strong><em>ἡ</em></strong></span> <span class='ocrx_word' id='word_1_374' title='bbox 2526 2446 2696 2516; x_wconf 68' lang='grc' dir='ltr'><strong>ψυχή</strong></span> <span class='ocrx_word' id='word_1_375' title='bbox 2741 2462 2860 2515; x_wconf 82' lang='grc' dir='ltr'><strong>μου</strong></span> <span class='ocrx_word' id='word_1_376' title='bbox 2910 2442 3280 2512; x_wconf 81' lang='grc' dir='ltr'>τετάρακται.</span> <span class='ocrx_word' id='word_1_377' title='bbox 3326 2439 3512 2493; x_wconf 79' lang='grc' dir='ltr'>Ταῦτα</span> <span class='ocrx_word' id='word_1_378' title='bbox 3559 2436 3668 2509; x_wconf 83' lang='grc' dir='ltr'>γὰρ</span> 
     </span>
    </p>
   </div>
   <div class='ocr_carea' id='block_1_51' title="bbox 2080 2528 3669 2610">
    <p class='ocr_par' dir='ltr' id='par_1_51' title="bbox 2080 2528 3669 2610">
     <span class='ocr_line' id='line_1_51' title="bbox 2080 2528 3669 2610; baseline -0.007 -18"><span class='ocrx_word' id='word_1_379' title='bbox 2080 2538 2354 2610; x_wconf 79' lang='grc' dir='ltr'>ὑπερϐολῇ</span> <span class='ocrx_word' id='word_1_380' title='bbox 2391 2535 2803 2607; x_wconf 84' lang='grc' dir='ltr'>φιλανθρωπίας</span> <span class='ocrx_word' id='word_1_381' title='bbox 2842 2534 3133 2603; x_wconf 80' lang='grc' dir='ltr'>ὑπέμεινεν</span> <span class='ocrx_word' id='word_1_382' title='bbox 3173 2531 3541 2602; x_wconf 81' lang='grc' dir='ltr'>ὑπερπάσχων</span> <span class='ocrx_word' id='word_1_383' title='bbox 3574 2528 3669 2582; x_wconf 78' lang='grc' dir='ltr'><strong>καὶ</strong></span> 
     </span>
    </p>
   </div>
   <div class='ocr_carea' id='block_1_52' title="bbox 2081 2622 3671 2704">
    <p class='ocr_par' dir='ltr' id='par_1_52' title="bbox 2081 2622 3671 2704">
     <span class='ocr_line' id='line_1_52' title="bbox 2081 2622 3671 2704; baseline -0.006 -19"><span class='ocrx_word' id='word_1_384' title='bbox 2081 2630 2425 2704; x_wconf 83' lang='grc' dir='ltr'>ὑπεραλγῶν,</span> <span class='ocrx_word' id='word_1_385' title='bbox 2460 2625 2548 2684; x_wconf 78' lang='grc' dir='ltr'>οἷα</span> <span class='ocrx_word' id='word_1_386' title='bbox 2585 2629 2767 2701; x_wconf 77' lang='grc' dir='ltr'>πατὴρ</span> <span class='ocrx_word' id='word_1_387' title='bbox 2812 2629 2896 2697; x_wconf 79' lang='grc' dir='ltr'><strong>ἐφ’</strong></span> <span class='ocrx_word' id='word_1_388' title='bbox 2928 2629 3078 2691; x_wconf 78' lang='grc' dir='ltr'>υἱοὺς</span> <span class='ocrx_word' id='word_1_389' title='bbox 3115 2624 3538 2695; x_wconf 82' lang='grc' dir='ltr'>ἀπολλυμένους.</span> <span class='ocrx_word' id='word_1_390' title='bbox 3578 2622 3671 2677; x_wconf 79' lang='grc' dir='ltr'>Διὸ</span> 
     </span>
    </p>
   </div>
   <div class='ocr_carea' id='block_1_53' title="bbox 2081 2715 3673 2795">
    <p class='ocr_par' dir='ltr' id='par_1_53' title="bbox 2081 2715 3673 2795">
     <span class='ocr_line' id='line_1_53' title="bbox 2081 2715 3673 2795; baseline -0.006 -16"><span class='ocrx_word' id='word_1_391' title='bbox 2081 2725 2265 2794; x_wconf 77' lang='grc' dir='ltr'>ἔλεγεν</span> <span class='ocrx_word' id='word_1_392' title='bbox 2317 2727 2373 2778; x_wconf 86' lang='grc' dir='ltr'><strong>ἐν</strong></span> <span class='ocrx_word' id='word_1_393' title='bbox 2427 2725 2733 2795; x_wconf 73' lang='grc' dir='ltr'>προφήταις</span> <span class='ocrx_word' id='word_1_394' title='bbox 2792 2722 2922 2794; x_wconf 73' lang='grc' dir='ltr'>περὶ</span> <span class='ocrx_word' id='word_1_395' title='bbox 2986 2719 3179 2773; x_wconf 82' lang='grc' dir='ltr'>αὑτοῦ·</span> <span class='ocrx_word' id='word_1_396' title='bbox 3225 2720 3558 2787; x_wconf 81' lang='grc' dir='ltr'>’Ἄνθρωπος</span> <span class='ocrx_word' id='word_1_397' title='bbox 3600 2715 3673 2770; x_wconf 77' lang='grc' dir='ltr'><strong>ἐν</strong></span> 
     </span>
    </p>
   </div>
   <div class='ocr_carea' id='block_1_54' title="bbox 2082 2810 3668 2887">
    <p class='ocr_par' dir='ltr' id='par_1_54' title="bbox 2082 2810 3668 2887">
     <span class='ocr_line' id='line_1_54' title="bbox 2082 2810 3668 2887; baseline -0.006 -15"><span class='ocrx_word' id='word_1_398' title='bbox 2082 2816 2287 2887; x_wconf 74' lang='grc' dir='ltr'>πληγῇ</span> <span class='ocrx_word' id='word_1_399' title='bbox 2313 2813 2419 2879; x_wconf 85' lang='grc' dir='ltr'>ὢν,</span> <span class='ocrx_word' id='word_1_400' title='bbox 2444 2815 2541 2868; x_wconf 75' lang='grc' dir='ltr'>καὶ</span> <span class='ocrx_word' id='word_1_401' title='bbox 2565 2814 2737 2880; x_wconf 70' lang='grc' dir='ltr'>εἰδὼς</span> <span class='ocrx_word' id='word_1_402' title='bbox 2762 2813 2966 2883; x_wconf 66' lang='grc' dir='ltr'>φέρειν</span> <span class='ocrx_word' id='word_1_403' title='bbox 2988 2812 3293 2882; x_wconf 78' lang='grc' dir='ltr'>μαλακίαν</span> <span class='ocrx_word' id='word_1_404' title='bbox 3310 2827 3324 2840; x_wconf 73' lang='grc' dir='ltr'><strong>ο</strong></span> <span class='ocrx_word' id='word_1_405' title='bbox 3349 2812 3442 2865; x_wconf 74' lang='grc' dir='ltr'>καὶ</span> <span class='ocrx_word' id='word_1_406' title='bbox 3470 2810 3632 2864; x_wconf 86' lang='grc' dir='ltr'>πάλιν</span> <span class='ocrx_word' id='word_1_407' title='bbox 3650 2823 3668 2840; x_wconf 88' lang='grc'><strong>·</strong></span> 
     </span>
    </p>
   </div>
   <div class='ocr_carea' id='block_1_55' title="bbox 2087 2898 3674 2977">
    <p class='ocr_par' dir='ltr' id='par_1_55' title="bbox 2087 2898 3674 2977">
     <span class='ocr_line' id='line_1_55' title="bbox 2087 2898 3674 2977; baseline -0.008 -12"><span class='ocrx_word' id='word_1_408' title='bbox 2087 2908 2273 2977; x_wconf 75' lang='grc' dir='ltr'>Οὗτος</span> <span class='ocrx_word' id='word_1_409' title='bbox 2302 2910 2408 2975; x_wconf 86' lang='grc' dir='ltr'>τὰς</span> <span class='ocrx_word' id='word_1_410' title='bbox 2440 2907 2729 2976; x_wconf 69' lang='grc' dir='ltr'>ἁμαρτίας</span> <span class='ocrx_word' id='word_1_411' title='bbox 2770 2906 2939 2975; x_wconf 72' lang='grc' dir='ltr'>ἡμῶν</span> <span class='ocrx_word' id='word_1_412' title='bbox 2962 2906 3145 2974; x_wconf 64' lang='grc' dir='ltr'>φέρει,</span> <span class='ocrx_word' id='word_1_413' title='bbox 3194 2904 3291 2957; x_wconf 80' lang='grc' dir='ltr'><strong>καὶ</strong></span> <span class='ocrx_word' id='word_1_414' title='bbox 3338 2903 3472 2971; x_wconf 81' lang='grc' dir='ltr'>περὶ</span> <span class='ocrx_word' id='word_1_415' title='bbox 3503 2898 3674 2971; x_wconf 74' lang='grc' dir='ltr'>ἡμῶν</span> 
     </span>
    </p>
   </div>
   <div class='ocr_carea' id='block_1_56' title="bbox 395 2992 1979 3065">
    <p class='ocr_par' dir='ltr' id='par_1_56' title="bbox 395 2992 1979 3057">
     <span class='ocr_line' id='line_1_56' title="bbox 395 2992 1979 3057; baseline 0.001 -11"><span class='ocrx_word' id='word_1_416' title='bbox 395 2992 576 3057; x_wconf 69' lang='lat' dir='ltr'><strong>sanati</strong></span> <span class='ocrx_word' id='word_1_417' title='bbox 602 2994 868 3048; x_wconf 81' lang='lat' dir='ltr'><strong>sumus&quot;.</strong></span> <span class='ocrx_word' id='word_1_418' title='bbox 904 2993 1035 3050; x_wconf 86' lang='lat' dir='ltr'><strong>Ideo</strong></span> <span class='ocrx_word' id='word_1_419' title='bbox 1081 2996 1137 3049; x_wconf 90' lang='lat' dir='ltr'><strong>in</strong></span> <span class='ocrx_word' id='word_1_420' title='bbox 1164 2996 1584 3051; x_wconf 77' lang='lat' dir='ltr'><strong>inﬁrmitatibus</strong></span> <span class='ocrx_word' id='word_1_421' title='bbox 1611 3010 1823 3057; x_wconf 88' lang='lat' dir='ltr'><strong>eorum,</strong></span> <span class='ocrx_word' id='word_1_422' title='bbox 1855 3008 1979 3049; x_wconf 91' lang='lat' dir='ltr'><strong>cum</strong></span> 
     </span>
    </p>
   </div>
   <div class='ocr_carea' id='block_1_57' title="bbox 2085 2992 3675 3065">
    <p class='ocr_par' dir='ltr' id='par_1_57' title="bbox 2085 2992 3675 3065">
     <span class='ocr_line' id='line_1_57' title="bbox 2085 2992 3675 3065; baseline -0.005 -9"><span class='ocrx_word' id='word_1_423' title='bbox 2085 3002 2366 3057; x_wconf 78' lang='grc' dir='ltr'>ὀδυνᾶται</span> <span class='ocrx_word' id='word_1_424' title='bbox 2391 3019 2403 3031; x_wconf 93' lang='grc'>·</span> <span class='ocrx_word' id='word_1_425' title='bbox 2440 3001 2535 3053; x_wconf 71' lang='grc' dir='ltr'><strong>καὶ</strong></span> <span class='ocrx_word' id='word_1_426' title='bbox 2578 2997 2765 3061; x_wconf 76' lang='grc' dir='ltr'>αὖθιςο</span> <span class='ocrx_word' id='word_1_427' title='bbox 2798 2998 2990 3063; x_wconf 72' lang='grc' dir='ltr'>Αὐτὸς</span> <span class='ocrx_word' id='word_1_428' title='bbox 3020 2997 3071 3049; x_wconf 83' lang='grc' dir='ltr'>δ’</span> <span class='ocrx_word' id='word_1_429' title='bbox 3101 2996 3546 3065; x_wconf 80' lang='grc' dir='ltr'>ἐτραυματίσθη</span> <span class='ocrx_word' id='word_1_430' title='bbox 3575 2992 3675 3048; x_wconf 85' lang='grc' dir='ltr'>διὰ</span> 
     </span>
    </p>
   </div>
   <div class='ocr_carea' id='block_1_58' title="bbox 394 3082 1979 3164">
    <p class='ocr_par' dir='ltr' id='par_1_58' title="bbox 394 3082 1979 3160">
     <span class='ocr_line' id='line_1_58' title="bbox 394 3082 1979 3160; baseline 0.003 -25"><span class='ocrx_word' id='word_1_431' title='bbox 394 3082 474 3151; x_wconf 79' lang='lat' dir='ltr'><strong>illi</strong></span> <span class='ocrx_word' id='word_1_432' title='bbox 505 3084 758 3140; x_wconf 84' lang='lat' dir='ltr'><strong>molestia</strong></span> <span class='ocrx_word' id='word_1_433' title='bbox 785 3084 1152 3153; x_wconf 63' lang='lat' dir='ltr'><strong>adicerentur,</strong></span> <span class='ocrx_word' id='word_1_434' title='bbox 1179 3088 1520 3160; x_wconf 79' lang='lat' dir='ltr'><strong>prospiciens</strong></span> <span class='ocrx_word' id='word_1_435' title='bbox 1552 3087 1805 3143; x_wconf 82' lang='lat' dir='ltr'><strong>Salvator</strong></span> <span class='ocrx_word' id='word_1_436' title='bbox 1836 3102 1979 3140; x_wconf 88' lang='lat' dir='ltr'><strong>mor-</strong></span> 
     </span>
    </p>
   </div>
   <div class='ocr_carea' id='block_1_59' title="bbox 2085 3082 3675 3164">
    <p class='ocr_par' dir='ltr' id='par_1_59' title="bbox 2085 3086 3675 3164">
     <span class='ocr_line' id='line_1_59' title="bbox 2085 3086 3675 3164; baseline -0.009 -12"><span class='ocrx_word' id='word_1_437' title='bbox 2085 3098 2191 3163; x_wconf 82' lang='grc' dir='ltr'>τὰς</span> <span class='ocrx_word' id='word_1_438' title='bbox 2219 3094 2507 3164; x_wconf 80' lang='grc' dir='ltr'>ἁμαρτίας</span> <span class='ocrx_word' id='word_1_439' title='bbox 2536 3090 2722 3161; x_wconf 73' lang='grc' dir='ltr'>ἡμῶν,</span> <span class='ocrx_word' id='word_1_440' title='bbox 2755 3093 2849 3145; x_wconf 76' lang='grc' dir='ltr'>καὶ</span> <span class='ocrx_word' id='word_1_441' title='bbox 2886 3092 2966 3157; x_wconf 84' lang='grc' dir='ltr'>τῷ</span> <span class='ocrx_word' id='word_1_442' title='bbox 2987 3091 3232 3160; x_wconf 75' lang='grc' dir='ltr'>μώλωπι</span> <span class='ocrx_word' id='word_1_443' title='bbox 3265 3088 3450 3144; x_wconf 85' lang='grc' dir='ltr'>αὑτοῦ</span> <span class='ocrx_word' id='word_1_444' title='bbox 3505 3086 3675 3155; x_wconf 74' lang='grc' dir='ltr'>ἡμεῖς</span> 
     </span>
    </p>
   </div>
   <div class='ocr_carea' id='block_1_60' title="bbox 394 3169 1979 3253">
    <p class='ocr_par' dir='ltr' id='par_1_60' title="bbox 394 3177 1979 3252">
     <span class='ocr_line' id='line_1_60' title="bbox 394 3177 1979 3252; baseline 0.001 -19"><span class='ocrx_word' id='word_1_445' title='bbox 394 3184 507 3243; x_wconf 68' lang='lat' dir='ltr'><strong>tem</strong></span> <span class='ocrx_word' id='word_1_446' title='bbox 540 3177 692 3248; x_wconf 91' lang='lat' dir='ltr'><strong>ipsos</strong></span> <span class='ocrx_word' id='word_1_447' title='bbox 739 3187 1159 3250; x_wconf 88' lang='lat' dir='ltr'><strong>occupaturam,</strong></span> <span class='ocrx_word' id='word_1_448' title='bbox 1214 3190 1381 3252; x_wconf 84' lang='lat' dir='ltr'><strong>atque</strong></span> <span class='ocrx_word' id='word_1_449' title='bbox 1424 3193 1731 3237; x_wconf 71' lang='lat' dir='ltr'><strong>extremam</strong></span> <span class='ocrx_word' id='word_1_450' title='bbox 1788 3196 1979 3236; x_wconf 90' lang='lat' dir='ltr'><strong>eorum</strong></span> 
     </span>
    </p>
   </div>
   <div class='ocr_carea' id='block_1_61' title="bbox 2085 3169 3675 3253">
    <p class='ocr_par' dir='ltr' id='par_1_61' title="bbox 2090 3176 3675 3253">
     <span class='ocr_line' id='line_1_61' title="bbox 2090 3176 3675 3253; baseline -0.005 -15"><span class='ocrx_word' id='word_1_451' title='bbox 2090 3185 2357 3253; x_wconf 78' lang='grc' dir='ltr'>ὶάθημεν.</span> <span class='ocrx_word' id='word_1_452' title='bbox 2394 3181 2486 3234; x_wconf 62' lang='lat' dir='ltr'><strong>ne</strong></span> <span class='ocrx_word' id='word_1_453' title='bbox 2515 3183 2609 3234; x_wconf 77' lang='grc' dir='ltr'><strong>καὶ</strong></span> <span class='ocrx_word' id='word_1_454' title='bbox 2644 3183 2701 3233; x_wconf 86' lang='grc' dir='ltr'><strong>ἐν</strong></span> <span class='ocrx_word' id='word_1_455' title='bbox 2740 3184 2859 3243; x_wconf 88' lang='grc' dir='ltr'>ταῖς</span> <span class='ocrx_word' id='word_1_456' title='bbox 2892 3178 3225 3253; x_wconf 74' lang='grc' dir='ltr'>ἀρρωστίαις</span> <span class='ocrx_word' id='word_1_457' title='bbox 3258 3176 3437 3230; x_wconf 83' lang='grc' dir='ltr'>αὐτῶν</span> <span class='ocrx_word' id='word_1_458' title='bbox 3482 3177 3577 3228; x_wconf 72' lang='grc' dir='ltr'><strong>καὶ</strong></span> <span class='ocrx_word' id='word_1_459' title='bbox 3616 3176 3675 3231; x_wconf 74' lang='grc' dir='ltr'><strong>ἐν</strong></span> 
     </span>
    </p>
   </div>
   <div class='ocr_carea' id='block_1_62' title="bbox 395 3269 1981 3355">
    <p class='ocr_par' dir='ltr' id='par_1_62' title="bbox 395 3269 1981 3355">
     <span class='ocr_line' id='line_1_62' title="bbox 395 3269 1981 3355; baseline 0.001 -33"><span class='ocrx_word' id='word_1_460' title='bbox 395 3269 720 3342; x_wconf 85' lang='lat' dir='ltr'><strong>perniciem,</strong></span> <span class='ocrx_word' id='word_1_461' title='bbox 742 3287 936 3328; x_wconf 87' lang='lat' dir='ltr'><strong>eorum</strong></span> <span class='ocrx_word' id='word_1_462' title='bbox 977 3288 1145 3330; x_wconf 87' lang='lat' dir='ltr'><strong>causa</strong></span> <span class='ocrx_word' id='word_1_463' title='bbox 1198 3274 1530 3355; x_wconf 69' lang='lat' dir='ltr'><strong>induebatur</strong></span> <span class='ocrx_word' id='word_1_464' title='bbox 1563 3272 1761 3337; x_wconf 81' lang='lat' dir='ltr'><strong>cilicio,</strong></span> <span class='ocrx_word' id='word_1_465' title='bbox 1793 3281 1849 3327; x_wconf 83' lang='lat' dir='ltr'><strong>et</strong></span> <span class='ocrx_word' id='word_1_466' title='bbox 1880 3272 1981 3325; x_wconf 86' lang='lat' dir='ltr'><strong>hu-</strong></span> 
     </span>
    </p>
   </div>
   <div class='ocr_carea' id='block_1_63' title="bbox 395 3358 1981 3432">
    <p class='ocr_par' dir='ltr' id='par_1_63' title="bbox 395 3358 1981 3432">
     <span class='ocr_line' id='line_1_63' title="bbox 395 3358 1981 3432; baseline 0.004 -20"><span class='ocrx_word' id='word_1_467' title='bbox 395 3358 646 3418; x_wconf 78' lang='lat' dir='ltr'><strong>miliabat</strong></span> <span class='ocrx_word' id='word_1_468' title='bbox 692 3360 746 3415; x_wconf 89' lang='lat' dir='ltr'><strong>in</strong></span> <span class='ocrx_word' id='word_1_469' title='bbox 771 3361 984 3432; x_wconf 88' lang='lat' dir='ltr'><strong>jejunio</strong></span> <span class='ocrx_word' id='word_1_470' title='bbox 1025 3364 1265 3419; x_wconf 89' lang='lat' dir='ltr'><strong>animam</strong></span> <span class='ocrx_word' id='word_1_471' title='bbox 1297 3380 1478 3421; x_wconf 90' lang='lat' dir='ltr'><strong>suam.</strong></span> <span class='ocrx_word' id='word_1_472' title='bbox 1514 3364 1596 3418; x_wconf 90' lang='lat' dir='ltr'><strong>llli</strong></span> <span class='ocrx_word' id='word_1_473' title='bbox 1639 3378 1769 3418; x_wconf 88' lang='lat' dir='ltr'><strong>vero</strong></span> <span class='ocrx_word' id='word_1_474' title='bbox 1806 3363 1880 3417; x_wconf 88' lang='lat' dir='ltr'><strong>ita</strong></span> <span class='ocrx_word' id='word_1_475' title='bbox 1922 3377 1981 3418; x_wconf 90' lang='lat' dir='ltr'><strong>se</strong></span> 
     </span>
    </p>
   </div>
   <div class='ocr_carea' id='block_1_64' title="bbox 396 3449 1981 3526">
    <p class='ocr_par' dir='ltr' id='par_1_64' title="bbox 396 3449 1981 3526">
     <span class='ocr_line' id='line_1_64' title="bbox 396 3449 1981 3526; baseline 0.003 -22"><span class='ocrx_word' id='word_1_476' title='bbox 396 3449 685 3521; x_wconf 77' lang='lat' dir='ltr'><strong>gerebant,</strong></span> <span class='ocrx_word' id='word_1_477' title='bbox 733 3462 793 3507; x_wconf 91' lang='lat' dir='ltr'><strong>ut</strong></span> <span class='ocrx_word' id='word_1_478' title='bbox 845 3454 1027 3509; x_wconf 90' lang='lat' dir='ltr'><strong>oratio</strong></span> <span class='ocrx_word' id='word_1_479' title='bbox 1064 3453 1283 3510; x_wconf 84' lang='lat' dir='ltr'><strong>Domini</strong></span> <span class='ocrx_word' id='word_1_480' title='bbox 1315 3471 1413 3526; x_wconf 91' lang='lat' dir='ltr'><strong>pro</strong></span> <span class='ocrx_word' id='word_1_481' title='bbox 1460 3454 1596 3525; x_wconf 84' lang='lat' dir='ltr'><strong>ipsis</strong></span> <span class='ocrx_word' id='word_1_482' title='bbox 1627 3455 1831 3518; x_wconf 83' lang='lat' dir='ltr'><strong>oblata,</strong></span> <span class='ocrx_word' id='word_1_483' title='bbox 1869 3468 1981 3508; x_wconf 86' lang='lat' dir='ltr'><strong>non</strong></span> 
     </span>
    </p>
   </div>
   <div class='ocr_carea' id='block_1_65' title="bbox 394 3540 1976 3619">
    <p class='ocr_par' dir='ltr' id='par_1_65' title="bbox 394 3540 1976 3619">
     <span class='ocr_line' id='line_1_65' title="bbox 394 3540 1976 3619; baseline 0.005 -24"><span class='ocrx_word' id='word_1_484' title='bbox 394 3540 465 3595; x_wconf 80' lang='lat' dir='ltr'><strong>ad</strong></span> <span class='ocrx_word' id='word_1_485' title='bbox 517 3557 682 3610; x_wconf 82' lang='lat' dir='ltr'><strong>aures</strong></span> <span class='ocrx_word' id='word_1_486' title='bbox 730 3560 906 3617; x_wconf 87' lang='lat' dir='ltr'><strong>usque</strong></span> <span class='ocrx_word' id='word_1_487' title='bbox 939 3545 1121 3603; x_wconf 88' lang='lat' dir='ltr'><strong>Patris</strong></span> <span class='ocrx_word' id='word_1_488' title='bbox 1171 3548 1490 3616; x_wconf 80' lang='lat' dir='ltr'><strong>adveniret;</strong></span> <span class='ocrx_word' id='word_1_489' title='bbox 1533 3550 1630 3604; x_wconf 89' lang='lat' dir='ltr'><strong>sed</strong></span> <span class='ocrx_word' id='word_1_490' title='bbox 1684 3549 1842 3619; x_wconf 87' lang='lat' dir='ltr'><strong>quasi</strong></span> <span class='ocrx_word' id='word_1_491' title='bbox 1884 3563 1976 3603; x_wconf 90' lang='lat' dir='ltr'><strong>re-</strong></span> 
     </span>
    </p>
   </div>
   <div class='ocr_carea' id='block_1_66' title="bbox 394 3637 1985 3713">
    <p class='ocr_par' dir='ltr' id='par_1_66' title="bbox 394 3637 1985 3713">
     <span class='ocr_line' id='line_1_66' title="bbox 394 3637 1985 3713; baseline 0.005 -23"><span class='ocrx_word' id='word_1_492' title='bbox 394 3637 555 3707; x_wconf 79' lang='lat' dir='ltr'><strong>pulsa</strong></span> <span class='ocrx_word' id='word_1_493' title='bbox 580 3639 649 3694; x_wconf 85' lang='lat' dir='ltr'><strong>ab</strong></span> <span class='ocrx_word' id='word_1_494' title='bbox 677 3639 979 3711; x_wconf 87' lang='lat' dir='ltr'><strong>impietatis</strong></span> <span class='ocrx_word' id='word_1_495' title='bbox 1003 3656 1197 3696; x_wconf 84' lang='lat' dir='ltr'><strong>eorum</strong></span> <span class='ocrx_word' id='word_1_496' title='bbox 1228 3643 1629 3713; x_wconf 84' lang='lat' dir='ltr'><strong>magnitudine,</strong></span> <span class='ocrx_word' id='word_1_497' title='bbox 1669 3643 1985 3698; x_wconf 82' lang='lat' dir='ltr'><strong>retrahere--</strong></span> 
     </span>
    </p>
   </div>
   <div class='ocr_carea' id='block_1_67' title="bbox 394 3732 1987 3804">
    <p class='ocr_par' dir='ltr' id='par_1_67' title="bbox 394 3732 1987 3804">
     <span class='ocr_line' id='line_1_67' title="bbox 394 3732 1987 3804; baseline 0.003 -21"><span class='ocrx_word' id='word_1_498' title='bbox 394 3734 489 3784; x_wconf 81' lang='lat' dir='ltr'><strong>tur</strong></span> <span class='ocrx_word' id='word_1_499' title='bbox 526 3737 582 3785; x_wconf 89' lang='lat' dir='ltr'><strong>et</strong></span> <span class='ocrx_word' id='word_1_500' title='bbox 628 3732 699 3786; x_wconf 90' lang='lat' dir='ltr'><strong>ad</strong></span> <span class='ocrx_word' id='word_1_501' title='bbox 749 3733 931 3802; x_wconf 89' lang='lat' dir='ltr'><strong>ipsum</strong></span> <span class='ocrx_word' id='word_1_502' title='bbox 965 3734 1208 3789; x_wconf 90' lang='lat' dir='ltr'><strong>rediret:</strong></span> <span class='ocrx_word' id='word_1_503' title='bbox 1242 3750 1417 3804; x_wconf 87' lang='lat' dir='ltr'><strong>quare</strong></span> <span class='ocrx_word' id='word_1_504' title='bbox 1462 3735 1703 3800; x_wconf 81' lang='lat' dir='ltr'><strong>dicebat,</strong></span> <span class='ocrx_word' id='word_1_505' title='bbox 1732 3744 1779 3789; x_wconf 84' lang='lat' dir='ltr'><strong>et</strong></span> <span class='ocrx_word' id='word_1_506' title='bbox 1811 3734 1987 3788; x_wconf 86' lang='lat' dir='ltr'><strong>oratio</strong></span> 
     </span>
    </p>
   </div>
   <div class='ocr_carea' id='block_1_68' title="bbox 395 3826 1987 3890">
    <p class='ocr_par' dir='ltr' id='par_1_68' title="bbox 395 3826 1987 3890">
     <span class='ocr_line' id='line_1_68' title="bbox 395 3826 1987 3890; baseline 0.001 -12"><span class='ocrx_word' id='word_1_507' title='bbox 395 3840 516 3890; x_wconf 77' lang='lat' dir='ltr'><strong>mea</strong></span> <span class='ocrx_word' id='word_1_508' title='bbox 546 3826 602 3880; x_wconf 91' lang='lat' dir='ltr'><strong>in</strong></span> <span class='ocrx_word' id='word_1_509' title='bbox 628 3826 751 3885; x_wconf 82' lang='lat' dir='ltr'><strong>sinu</strong></span> <span class='ocrx_word' id='word_1_510' title='bbox 776 3844 889 3883; x_wconf 88' lang='lat' dir='ltr'><strong>meo</strong></span> <span class='ocrx_word' id='word_1_511' title='bbox 918 3837 1269 3884; x_wconf 72' lang='lat' dir='ltr'><strong>convertatur.</strong></span> <span class='ocrx_word' id='word_1_512' title='bbox 1310 3827 1446 3883; x_wconf 85' lang='lat' dir='ltr'><strong>Nam</strong></span> <span class='ocrx_word' id='word_1_513' title='bbox 1485 3830 1532 3885; x_wconf 91' lang='lat' dir='ltr'><strong>si</strong></span> <span class='ocrx_word' id='word_1_514' title='bbox 1569 3829 1603 3882; x_wconf 89' lang='lat' dir='ltr'><strong>ii</strong></span> <span class='ocrx_word' id='word_1_515' title='bbox 1632 3829 1864 3883; x_wconf 86' lang='lat' dir='ltr'><strong>salutem</strong></span> <span class='ocrx_word' id='word_1_516' title='bbox 1892 3843 1987 3881; x_wconf 87' lang='lat' dir='ltr'><strong>na-</strong></span> 
     </span>
    </p>
   </div>
   <div class='ocr_carea' id='block_1_69' title="bbox 396 3916 1985 3989">
    <p class='ocr_par' dir='ltr' id='par_1_69' title="bbox 396 3916 1985 3989">
     <span class='ocr_line' id='line_1_69' title="bbox 396 3916 1985 3989; baseline 0 -18"><span class='ocrx_word' id='word_1_517' title='bbox 396 3916 564 3983; x_wconf 87' lang='lat' dir='ltr'><strong>cturi,</strong></span> <span class='ocrx_word' id='word_1_518' title='bbox 593 3925 652 3980; x_wconf 85' lang='lat' dir='ltr'><strong>,et</strong></span> <span class='ocrx_word' id='word_1_519' title='bbox 686 3918 756 3973; x_wconf 89' lang='lat' dir='ltr'><strong>ab</strong></span> <span class='ocrx_word' id='word_1_520' title='bbox 794 3918 1169 3989; x_wconf 87' lang='lat' dir='ltr'><strong>impietatibus</strong></span> <span class='ocrx_word' id='word_1_521' title='bbox 1202 3920 1481 3974; x_wconf 78' lang='lat' dir='ltr'><strong>reversuri</strong></span> <span class='ocrx_word' id='word_1_522' title='bbox 1514 3918 1771 3984; x_wconf 77' lang='lat' dir='ltr'><strong>fuissent,</strong></span> <span class='ocrx_word' id='word_1_523' title='bbox 1807 3918 1985 3971; x_wconf 81' lang='lat' dir='ltr'><strong>oratio</strong></span> 
     </span>
    </p>
   </div>
   <div class='ocr_carea' id='block_1_70' title="bbox 400 4004 1984 4072">
    <p class='ocr_par' dir='ltr' id='par_1_70' title="bbox 400 4004 1984 4072">
     <span class='ocr_line' id='line_1_70' title="bbox 400 4004 1984 4072; baseline 0.003 -10"><span class='ocrx_word' id='word_1_524' title='bbox 400 4004 714 4072; x_wconf 76' lang='lat' dir='ltr'><strong>Servatoris</strong></span> <span class='ocrx_word' id='word_1_525' title='bbox 774 4018 927 4065; x_wconf 83' lang='lat' dir='ltr'><strong>recto</strong></span> <span class='ocrx_word' id='word_1_526' title='bbox 962 4025 1131 4066; x_wconf 87' lang='lat' dir='ltr'><strong>cursu</strong></span> <span class='ocrx_word' id='word_1_527' title='bbox 1182 4025 1249 4065; x_wconf 87' lang='lat' dir='ltr'><strong>ac</strong></span> <span class='ocrx_word' id='word_1_528' title='bbox 1301 4012 1453 4064; x_wconf 81' lang='lat' dir='ltr'><strong>nullo</strong></span> <span class='ocrx_word' id='word_1_529' title='bbox 1483 4011 1642 4065; x_wconf 82' lang='lat' dir='ltr'><strong>obice</strong></span> <span class='ocrx_word' id='word_1_530' title='bbox 1697 4010 1763 4064; x_wconf 91' lang='lat' dir='ltr'><strong>ad</strong></span> <span class='ocrx_word' id='word_1_531' title='bbox 1822 4025 1984 4067; x_wconf 88' lang='lat' dir='ltr'><strong>aures</strong></span> 
     </span>
    </p>
   </div>
   <div class='ocr_carea' id='block_1_71' title="bbox 398 4098 1988 4171">
    <p class='ocr_par' dir='ltr' id='par_1_71' title="bbox 398 4098 1988 4171">
     <span class='ocr_line' id='line_1_71' title="bbox 398 4098 1988 4171; baseline 0.001 -18"><span class='ocrx_word' id='word_1_532' title='bbox 398 4114 577 4171; x_wconf 82' lang='lat' dir='ltr'><strong>usque</strong></span> <span class='ocrx_word' id='word_1_533' title='bbox 627 4098 809 4156; x_wconf 90' lang='lat' dir='ltr'><strong>Patris</strong></span> <span class='ocrx_word' id='word_1_534' title='bbox 837 4101 1142 4157; x_wconf 77' lang='lat' dir='ltr'><strong>adventura</strong></span> <span class='ocrx_word' id='word_1_535' title='bbox 1195 4109 1333 4156; x_wconf 84' lang='lat' dir='ltr'><strong>erat.</strong></span> <span class='ocrx_word' id='word_1_536' title='bbox 1394 4101 1461 4154; x_wconf 87' lang='lat' dir='ltr'><strong>Et</strong></span> <span class='ocrx_word' id='word_1_537' title='bbox 1497 4101 1611 4155; x_wconf 64' lang='lat' dir='ltr'><strong>hanc</strong></span> <span class='ocrx_word' id='word_1_538' title='bbox 1651 4116 1680 4154; x_wconf 91' lang='lat' dir='ltr'><strong>a</strong></span> <span class='ocrx_word' id='word_1_539' title='bbox 1719 4116 1805 4154; x_wconf 85' lang='lat' dir='ltr'><strong>me</strong></span> <span class='ocrx_word' id='word_1_540' title='bbox 1834 4111 1988 4171; x_wconf 88' lang='lat' dir='ltr'><strong>post-</strong></span> 
     </span>
    </p>
   </div>
   <div class='ocr_carea' id='block_1_72' title="bbox 397 4192 1987 4265">
    <p class='ocr_par' dir='ltr' id='par_1_72' title="bbox 397 4192 1987 4265">
     <span class='ocr_line' id='line_1_72' title="bbox 397 4192 1987 4265; baseline 0.003 -20"><span class='ocrx_word' id='word_1_541' title='bbox 397 4207 564 4263; x_wconf 87' lang='lat' dir='ltr'><strong>quam</strong></span> <span class='ocrx_word' id='word_1_542' title='bbox 596 4192 841 4263; x_wconf 80' lang='lat' dir='ltr'><strong>singulas</strong></span> <span class='ocrx_word' id='word_1_543' title='bbox 892 4194 1202 4255; x_wconf 79' lang='lat' dir='ltr'><strong>sententias</strong></span> <span class='ocrx_word' id='word_1_544' title='bbox 1253 4193 1555 4265; x_wconf 77' lang='lat' dir='ltr'><strong>exploravi,</strong></span> <span class='ocrx_word' id='word_1_545' title='bbox 1612 4194 1707 4248; x_wconf 85' lang='lat' dir='ltr'><strong>ubi</strong></span> <span class='ocrx_word' id='word_1_546' title='bbox 1758 4209 1987 4255; x_wconf 87' lang='lat' dir='ltr'><strong>necesse</strong></span> 
     </span>
    </p>
   </div>
   <div class='ocr_carea' id='block_1_73' title="bbox 396 4282 1095 4354">
    <p class='ocr_par' dir='ltr' id='par_1_73' title="bbox 396 4282 1095 4354">
     <span class='ocr_line' id='line_1_73' title="bbox 396 4282 1095 4354; baseline -0.004 -14"><span class='ocrx_word' id='word_1_547' title='bbox 396 4282 525 4349; x_wconf 78' lang='lat' dir='ltr'><strong>fuit,</strong></span> <span class='ocrx_word' id='word_1_548' title='bbox 562 4283 873 4354; x_wconf 70' lang='lat' dir='ltr'><strong>excogitata</strong></span> <span class='ocrx_word' id='word_1_549' title='bbox 908 4291 1095 4339; x_wconf 90' lang='lat' dir='ltr'><strong>sunto.</strong></span> 
     </span>
    </p>
   </div>
   <div class='ocr_carea' id='block_1_74' title="bbox 2091 3267 3677 3349">
    <p class='ocr_par' dir='ltr' id='par_1_74' title="bbox 2091 3267 3677 3349">
     <span class='ocr_line' id='line_1_74' title="bbox 2091 3267 3677 3349; baseline -0.006 -19"><span class='ocrx_word' id='word_1_550' title='bbox 2091 3279 2169 3349; x_wconf 83' lang='grc' dir='ltr'>τῷ</span> <span class='ocrx_word' id='word_1_551' title='bbox 2194 3274 2650 3347; x_wconf 81' lang='grc' dir='ltr'>παρενοχλεῖσθαι</span> <span class='ocrx_word' id='word_1_552' title='bbox 2674 3276 2891 3340; x_wconf 79' lang='grc' dir='ltr'>αὐτοὺς,</span> <span class='ocrx_word' id='word_1_553' title='bbox 2921 3273 3159 3335; x_wconf 81' lang='grc' dir='ltr'>ἐκείνους</span> <span class='ocrx_word' id='word_1_554' title='bbox 3182 3269 3402 3341; x_wconf 86' lang='grc' dir='ltr'>θεωρῶν</span> <span class='ocrx_word' id='word_1_555' title='bbox 3429 3272 3456 3323; x_wconf 88' lang='grc' dir='ltr'>ὁ</span> <span class='ocrx_word' id='word_1_556' title='bbox 3484 3267 3677 3339; x_wconf 79' lang='grc' dir='ltr'>Σωτὴρ</span> 
     </span>
    </p>
   </div>
   <div class='ocr_carea' id='block_1_75' title="bbox 2088 3360 3678 3439">
    <p class='ocr_par' dir='ltr' id='par_1_75' title="bbox 2088 3360 3678 3439">
     <span class='ocr_line' id='line_1_75' title="bbox 2088 3360 3678 3439; baseline -0.007 -16"><span class='ocrx_word' id='word_1_557' title='bbox 2088 3370 2179 3423; x_wconf 83' lang='grc' dir='ltr'><strong>τὸν</strong></span> <span class='ocrx_word' id='word_1_558' title='bbox 2230 3367 2676 3439; x_wconf 73' lang='grc' dir='ltr'>καταληψόμενον</span> <span class='ocrx_word' id='word_1_559' title='bbox 2725 3368 2921 3429; x_wconf 73' lang='grc' dir='ltr'>αὐτοὺς</span> <span class='ocrx_word' id='word_1_560' title='bbox 2963 3364 3203 3436; x_wconf 76' lang='grc' dir='ltr'>ὄλεθρον,</span> <span class='ocrx_word' id='word_1_561' title='bbox 3237 3362 3330 3415; x_wconf 78' lang='grc' dir='ltr'><strong>καὶ</strong></span> <span class='ocrx_word' id='word_1_562' title='bbox 3374 3360 3471 3432; x_wconf 82' lang='grc' dir='ltr'>τὴν</span> <span class='ocrx_word' id='word_1_563' title='bbox 3514 3360 3678 3430; x_wconf 85' lang='grc' dir='ltr'>ἐσχά-</span> 
     </span>
    </p>
   </div>
   <div class='ocr_carea' id='block_1_76' title="bbox 2087 3451 3677 3534">
    <p class='ocr_par' dir='ltr' id='par_1_76' title="bbox 2087 3451 3677 3534">
     <span class='ocr_line' id='line_1_76' title="bbox 2087 3451 3677 3534; baseline -0.006 -20"><span class='ocrx_word' id='word_1_564' title='bbox 2087 3479 2186 3534; x_wconf 89' lang='grc' dir='ltr'><strong>την</strong></span> <span class='ocrx_word' id='word_1_565' title='bbox 2239 3462 2535 3525; x_wconf 85' lang='grc' dir='ltr'>ἀπώλειαν,</span> <span class='ocrx_word' id='word_1_566' title='bbox 2595 3460 2734 3531; x_wconf 87' lang='grc' dir='ltr'>ὑπὲρ</span> <span class='ocrx_word' id='word_1_567' title='bbox 2791 3457 2971 3511; x_wconf 81' lang='grc' dir='ltr'>αὐτῶν</span> <span class='ocrx_word' id='word_1_568' title='bbox 3020 3456 3262 3511; x_wconf 77' lang='grc' dir='ltr'>ἐνεδύετο</span> <span class='ocrx_word' id='word_1_569' title='bbox 3317 3455 3539 3518; x_wconf 81' lang='grc' dir='ltr'>σάκκον,</span> <span class='ocrx_word' id='word_1_570' title='bbox 3580 3451 3677 3505; x_wconf 82' lang='grc' dir='ltr'>καὶ</span> 
     </span>
    </p>
   </div>
   <div class='ocr_carea' id='block_1_77' title="bbox 2088 3546 3677 3626">
    <p class='ocr_par' dir='ltr' id='par_1_77' title="bbox 2088 3546 3677 3626">
     <span class='ocr_line' id='line_1_77' title="bbox 2088 3546 3677 3626; baseline -0.008 -17"><span class='ocrx_word' id='word_1_571' title='bbox 2088 3556 2369 3609; x_wconf 79' lang='grc' dir='ltr'>ἐταπείνου</span> <span class='ocrx_word' id='word_1_572' title='bbox 2393 3560 2450 3610; x_wconf 85' lang='grc' dir='ltr'><strong>ἐν</strong></span> <span class='ocrx_word' id='word_1_573' title='bbox 2474 3554 2695 3626; x_wconf 68' lang='grc' dir='ltr'>νηστείᾳ</span> <span class='ocrx_word' id='word_1_574' title='bbox 2722 3552 2818 3623; x_wconf 77' lang='grc' dir='ltr'>τὴν</span> <span class='ocrx_word' id='word_1_575' title='bbox 2849 3552 3026 3621; x_wconf 72' lang='grc' dir='ltr'>ψυχὴν</span> <span class='ocrx_word' id='word_1_576' title='bbox 3061 3548 3247 3605; x_wconf 77' lang='grc' dir='ltr'>αὐτοῦ.</span> <span class='ocrx_word' id='word_1_577' title='bbox 3276 3552 3338 3602; x_wconf 84' lang='lat' dir='ltr'><strong>Ol</strong></span> <span class='ocrx_word' id='word_1_578' title='bbox 3365 3548 3422 3600; x_wconf 84' lang='grc' dir='ltr'><strong>δέ</strong></span> <span class='ocrx_word' id='word_1_579' title='bbox 3450 3546 3677 3605; x_wconf 78' lang='grc' dir='ltr'>τοιαῦτα</span> 
     </span>
    </p>
   </div>
   <div class='ocr_carea' id='block_1_78' title="bbox 2088 3638 3675 3719">
    <p class='ocr_par' dir='ltr' id='par_1_78' title="bbox 2088 3638 3675 3719">
     <span class='ocr_line' id='line_1_78' title="bbox 2088 3638 3675 3719; baseline -0.006 -18"><span class='ocrx_word' id='word_1_580' title='bbox 2088 3649 2376 3719; x_wconf 77' lang='grc' dir='ltr'>ἔπραττον,</span> <span class='ocrx_word' id='word_1_581' title='bbox 2412 3648 2487 3710; x_wconf 83' lang='grc' dir='ltr'>ὡς</span> <span class='ocrx_word' id='word_1_582' title='bbox 2512 3648 2611 3719; x_wconf 76' lang='grc' dir='ltr'>τὴν</span> <span class='ocrx_word' id='word_1_583' title='bbox 2654 3646 2816 3716; x_wconf 81' lang='grc' dir='ltr'>εὐχὴν</span> <span class='ocrx_word' id='word_1_584' title='bbox 2858 3642 3020 3696; x_wconf 78' lang='grc' dir='ltr'>αὐτοῦ</span> <span class='ocrx_word' id='word_1_585' title='bbox 3062 3644 3160 3713; x_wconf 82' lang='grc' dir='ltr'>τὴν</span> <span class='ocrx_word' id='word_1_586' title='bbox 3209 3642 3347 3712; x_wconf 78' lang='grc' dir='ltr'>ὑπὲρ</span> <span class='ocrx_word' id='word_1_587' title='bbox 3382 3638 3561 3693; x_wconf 85' lang='grc' dir='ltr'>αὐτῶν</span> <span class='ocrx_word' id='word_1_588' title='bbox 3599 3639 3675 3709; x_wconf 84' lang='grc' dir='ltr'>μὴ</span> 
     </span>
    </p>
   </div>
   <div class='ocr_carea' id='block_1_79' title="bbox 2090 3731 3678 3812">
    <p class='ocr_par' dir='ltr' id='par_1_79' title="bbox 2090 3731 3678 3812">
     <span class='ocr_line' id='line_1_79' title="bbox 2090 3731 3678 3812; baseline -0.007 -19"><span class='ocrx_word' id='word_1_589' title='bbox 2090 3740 2556 3812; x_wconf 84' lang='grc' dir='ltr'>παραπέμπεσθαι</span> <span class='ocrx_word' id='word_1_590' title='bbox 2590 3740 2669 3801; x_wconf 83' lang='grc' dir='ltr'><strong>είς</strong></span> <span class='ocrx_word' id='word_1_591' title='bbox 2701 3738 2771 3790; x_wconf 83' lang='grc' dir='ltr'>τὰ</span> <span class='ocrx_word' id='word_1_592' title='bbox 2807 3731 2921 3790; x_wconf 79' lang='grc' dir='ltr'>ὦτα</span> <span class='ocrx_word' id='word_1_593' title='bbox 2943 3735 3037 3788; x_wconf 75' lang='grc' dir='ltr'><strong>τοῦ</strong></span> <span class='ocrx_word' id='word_1_594' title='bbox 3072 3735 3307 3805; x_wconf 80' lang='grc' dir='ltr'>Πατρός·</span> <span class='ocrx_word' id='word_1_595' title='bbox 3342 3733 3455 3788; x_wconf 79' lang='grc' dir='ltr'>ἀλλ’</span> <span class='ocrx_word' id='word_1_596' title='bbox 3485 3733 3678 3801; x_wconf 84' lang='grc' dir='ltr'>ὥσπερ</span> 
     </span>
    </p>
   </div>
   <div class='ocr_carea' id='block_1_80' title="bbox 2090 3824 3677 3904">
    <p class='ocr_par' dir='ltr' id='par_1_80' title="bbox 2090 3824 3677 3904">
     <span class='ocr_line' id='line_1_80' title="bbox 2090 3824 3677 3904; baseline -0.006 -19"><span class='ocrx_word' id='word_1_597' title='bbox 2090 3832 2548 3904; x_wconf 83' lang='grc' dir='ltr'>ἀντικρουομένην</span> <span class='ocrx_word' id='word_1_598' title='bbox 2584 3830 2691 3883; x_wconf 85' lang='grc' dir='ltr'><strong>ὑπὸ</strong></span> <span class='ocrx_word' id='word_1_599' title='bbox 2722 3828 2815 3882; x_wconf 77' lang='grc' dir='ltr'><strong>τοῦ</strong></span> <span class='ocrx_word' id='word_1_600' title='bbox 2852 3828 3113 3898; x_wconf 79' lang='grc' dir='ltr'>μεγέθους</span> <span class='ocrx_word' id='word_1_601' title='bbox 3135 3827 3232 3897; x_wconf 78' lang='grc' dir='ltr'>τῆς</span> <span class='ocrx_word' id='word_1_602' title='bbox 3266 3825 3444 3879; x_wconf 74' lang='grc' dir='ltr'>αὐτῶν</span> <span class='ocrx_word' id='word_1_603' title='bbox 3482 3824 3677 3877; x_wconf 88' lang='grc' dir='ltr'>δυσσε-</span> 
     </span>
    </p>
   </div>
   <div class='ocr_carea' id='block_1_81' title="bbox 2092 3912 3678 3987">
    <p class='ocr_par' dir='ltr' id='par_1_81' title="bbox 2092 3912 3678 3987">
     <span class='ocr_line' id='line_1_81' title="bbox 2092 3912 3678 3987; baseline -0.006 -13"><span class='ocrx_word' id='word_1_604' title='bbox 2092 3922 2261 3985; x_wconf 80' lang='grc' dir='ltr'>ϐείας,</span> <span class='ocrx_word' id='word_1_605' title='bbox 2290 3920 2650 3974; x_wconf 79' lang='grc' dir='ltr'>καθέλκεσθαι</span> <span class='ocrx_word' id='word_1_606' title='bbox 2699 3921 2792 3973; x_wconf 72' lang='grc' dir='ltr'><strong>καὶ</strong></span> <span class='ocrx_word' id='word_1_607' title='bbox 2840 3917 3268 3987; x_wconf 73' lang='grc' dir='ltr'>ἐπαναστρέφειν</span> <span class='ocrx_word' id='word_1_608' title='bbox 3303 3915 3449 3983; x_wconf 64' lang='grc' dir='ltr'>πρὸς.</span> <span class='ocrx_word' id='word_1_609' title='bbox 3477 3912 3678 3966; x_wconf 58' lang='grc' dir='ltr'>αὺτόνε</span> 
     </span>
    </p>
   </div>
   <div class='ocr_carea' id='block_1_82' title="bbox 2092 4006 3679 4081">
    <p class='ocr_par' dir='ltr' id='par_1_82' title="bbox 2092 4006 3679 4081">
     <span class='ocr_line' id='line_1_82' title="bbox 2092 4006 3679 4081; baseline -0.007 -15"><span class='ocrx_word' id='word_1_610' title='bbox 2092 4013 2173 4066; x_wconf 82' lang='grc' dir='ltr'><strong>διὸ</strong></span> <span class='ocrx_word' id='word_1_611' title='bbox 2218 4012 2397 4081; x_wconf 79' lang='grc' dir='ltr'>ἔλεγε·</span> <span class='ocrx_word' id='word_1_612' title='bbox 2431 4012 2541 4065; x_wconf 81' lang='grc' dir='ltr'><strong>Καὶ</strong></span> <span class='ocrx_word' id='word_1_613' title='bbox 2594 4012 2632 4080; x_wconf 75' lang='grc' dir='ltr'>ἡ</span> <span class='ocrx_word' id='word_1_614' title='bbox 2677 4007 2986 4077; x_wconf 64' lang='grc' dir='ltr'>προσευχὴ</span> <span class='ocrx_word' id='word_1_615' title='bbox 3023 4025 3142 4077; x_wconf 87' lang='grc' dir='ltr'><strong>μου</strong></span> <span class='ocrx_word' id='word_1_616' title='bbox 3189 4008 3276 4071; x_wconf 81' lang='grc' dir='ltr'>εἰς</span> <span class='ocrx_word' id='word_1_617' title='bbox 3309 4006 3541 4059; x_wconf 73' lang='grc' dir='ltr'>κόλπον</span> <span class='ocrx_word' id='word_1_618' title='bbox 3558 4019 3679 4071; x_wconf 82' lang='grc' dir='ltr'><strong>μου</strong></span> 
     </span>
    </p>
   </div>
   <div class='ocr_carea' id='block_1_83' title="bbox 2094 4094 3680 4171">
    <p class='ocr_par' dir='ltr' id='par_1_83' title="bbox 2094 4094 3680 4171">
     <span class='ocr_line' id='line_1_83' title="bbox 2094 4094 3680 4171; baseline -0.005 -16"><span class='ocrx_word' id='word_1_619' title='bbox 2094 4101 2646 4171; x_wconf 55' lang='grc' dir='ltr'>ἀποστραφήσεται.</span> <span class='ocrx_word' id='word_1_620' title='bbox 2706 4102 2768 4153; x_wconf 84' lang='lat' dir='ltr'><strong>El</strong></span> <span class='ocrx_word' id='word_1_621' title='bbox 2825 4099 2934 4171; x_wconf 80' lang='grc' dir='ltr'><strong>γὰρ</strong></span> <span class='ocrx_word' id='word_1_622' title='bbox 2992 4098 3259 4163; x_wconf 79' lang='grc' dir='ltr'>σώζεσθαι</span> <span class='ocrx_word' id='word_1_623' title='bbox 3310 4095 3532 4167; x_wconf 79' lang='grc' dir='ltr'>ἔμελλον</span> <span class='ocrx_word' id='word_1_624' title='bbox 3582 4094 3680 4149; x_wconf 69' lang='grc' dir='ltr'>καὶ</span> 
     </span>
    </p>
   </div>
   <div class='ocr_carea' id='block_1_84' title="bbox 2098 4188 3683 4264">
    <p class='ocr_par' dir='ltr' id='par_1_84' title="bbox 2098 4188 3683 4264">
     <span class='ocr_line' id='line_1_84' title="bbox 2098 4188 3683 4264; baseline -0.005 -19"><span class='ocrx_word' id='word_1_625' title='bbox 2098 4193 2450 4264; x_wconf 77' lang='grc' dir='ltr'>μεταϐάλλειν</span> <span class='ocrx_word' id='word_1_626' title='bbox 2483 4194 2590 4246; x_wconf 85' lang='grc' dir='ltr'><strong>τῶν</strong></span> <span class='ocrx_word' id='word_1_627' title='bbox 2621 4192 3003 4263; x_wconf 74' lang='grc' dir='ltr'>ἀσεϐημάτων,</span> <span class='ocrx_word' id='word_1_628' title='bbox 3032 4188 3489 4260; x_wconf 77' lang='grc' dir='ltr'>εὐθυδρομοῦσαή</span> <span class='ocrx_word' id='word_1_629' title='bbox 3520 4202 3683 4257; x_wconf 77' lang='grc' dir='ltr'>προσ-ι</span> 
     </span>
    </p>
   </div>
   <div class='ocr_carea' id='block_1_85' title="bbox 2096 4279 3681 4358">
    <p class='ocr_par' dir='ltr' id='par_1_85' title="bbox 2096 4279 3681 4358">
     <span class='ocr_line' id='line_1_85' title="bbox 2096 4279 3681 4358; baseline -0.004 -20"><span class='ocrx_word' id='word_1_630' title='bbox 2096 4286 2228 4358; x_wconf 84' lang='grc' dir='ltr'>ευχὴ</span> <span class='ocrx_word' id='word_1_631' title='bbox 2278 4285 2370 4339; x_wconf 76' lang='grc' dir='ltr'><strong>τοῦ</strong></span> <span class='ocrx_word' id='word_1_632' title='bbox 2427 4286 2707 4357; x_wconf 79' lang='grc' dir='ltr'>Σωτῆρος,</span> <span class='ocrx_word' id='word_1_633' title='bbox 2754 4284 3046 4347; x_wconf 82' lang='grc' dir='ltr'>ἀκωλύτως</span> <span class='ocrx_word' id='word_1_634' title='bbox 3085 4283 3181 4336; x_wconf 80' lang='grc' dir='ltr'>καὶ</span> <span class='ocrx_word' id='word_1_635' title='bbox 3224 4279 3681 4352; x_wconf 80' lang='grc' dir='ltr'>ἁπαραποδίστως</span> 
     </span>
    </p>
   </div>
   <div class='ocr_carea' id='block_1_86' title="bbox 397 4372 3679 4455">
    <p class='ocr_par' dir='ltr' id='par_1_86' title="bbox 397 4372 3679 4455">
     <span class='ocr_line' id='line_1_86' title="bbox 397 4372 3679 4455; baseline -0.002 -24"><span class='ocrx_word' id='word_1_636' title='bbox 397 4378 493 4431; x_wconf 79' lang='grc' dir='ltr'><strong>ἐπὶ</strong></span> <span class='ocrx_word' id='word_1_637' title='bbox 528 4376 598 4432; x_wconf 82' lang='grc' dir='ltr'>τὰ</span> <span class='ocrx_word' id='word_1_638' title='bbox 632 4372 748 4431; x_wconf 81' lang='grc' dir='ltr'>ὦτα</span> <span class='ocrx_word' id='word_1_639' title='bbox 784 4378 852 4432; x_wconf 82' lang='grc' dir='ltr'>τὰ</span> <span class='ocrx_word' id='word_1_640' title='bbox 897 4378 1143 4449; x_wconf 85' lang='grc' dir='ltr'>πατρικὰ</span> <span class='ocrx_word' id='word_1_641' title='bbox 1176 4380 1399 4451; x_wconf 78' lang='grc' dir='ltr'>παρῄει.</span> <span class='ocrx_word' id='word_1_642' title='bbox 1441 4380 1551 4433; x_wconf 75' lang='grc' dir='ltr'><strong>Καὶ</strong></span> <span class='ocrx_word' id='word_1_643' title='bbox 1593 4378 1765 4433; x_wconf 78' lang='grc' dir='ltr'>ταῦτα</span> <span class='ocrx_word' id='word_1_644' title='bbox 1801 4380 1858 4433; x_wconf 90' lang='grc' dir='ltr'><strong>δέ</strong></span> <span class='ocrx_word' id='word_1_645' title='bbox 1904 4396 1993 4451; x_wconf 87' lang='grc' dir='ltr'><strong>μοι</strong></span> <span class='ocrx_word' id='word_1_646' title='bbox 2034 4383 2216 4435; x_wconf 83' lang='grc' dir='ltr'>πᾶσαν</span> <span class='ocrx_word' id='word_1_647' title='bbox 2265 4381 2583 4455; x_wconf 69' lang='grc' dir='ltr'>ψηλαφῶντι</span> <span class='ocrx_word' id='word_1_648' title='bbox 2634 4380 2899 4446; x_wconf 78' lang='grc' dir='ltr'>διάνοιαν,</span> <span class='ocrx_word' id='word_1_649' title='bbox 2965 4380 3045 4443; x_wconf 88' lang='grc' dir='ltr'>εἰς</span> <span class='ocrx_word' id='word_1_650' title='bbox 3084 4378 3211 4441; x_wconf 74' lang='grc' dir='ltr'>τοὺς</span> <span class='ocrx_word' id='word_1_651' title='bbox 3247 4378 3458 4437; x_wconf 60' lang='grc' dir='ltr'>’τόπους</span> <span class='ocrx_word' id='word_1_652' title='bbox 3507 4374 3679 4441; x_wconf 84' lang='grc' dir='ltr'>ἀναγ-</span> 
     </span>
    </p>
   </div>
   <div class='ocr_carea' id='block_1_87' title="bbox 397 4469 985 4543">
    <p class='ocr_par' dir='ltr' id='par_1_87' title="bbox 397 4469 985 4543">
     <span class='ocr_line' id='line_1_87' title="bbox 397 4469 985 4543; baseline 0.003 -21"><span class='ocrx_word' id='word_1_653' title='bbox 397 4469 571 4533; x_wconf 73' lang='grc' dir='ltr'>καίως</span> <span class='ocrx_word' id='word_1_654' title='bbox 607 4469 985 4543; x_wconf 83' lang='grc' dir='ltr'>τεθεωρήσθω.</span> 
     </span>
    </p>
   </div>
   <div class='ocr_carea' id='block_1_88' title="bbox 468 4557 1979 4633">
    <p class='ocr_par' dir='ltr' id='par_1_88' title="bbox 468 4565 1979 4633">
     <span class='ocr_line' id='line_1_88' title="bbox 468 4565 1979 4633; baseline 0 -13"><span class='ocrx_word' id='word_1_655' title='bbox 468 4565 638 4626; x_wconf 69' lang='lat' dir='ltr'><strong>Vens.</strong></span> <span class='ocrx_word' id='word_1_656' title='bbox 672 4566 760 4633; x_wconf 73' lang='grc'><strong>15,</strong></span> <span class='ocrx_word' id='word_1_657' title='bbox 813 4566 903 4622; x_wconf 77' lang='grc'><strong>16.</strong></span> <span class='ocrx_word' id='word_1_658' title='bbox 961 4565 1031 4620; x_wconf 83' lang='grc' dir='ltr'>Ει</span> <span class='ocrx_word' id='word_1_659' title='bbox 1082 4565 1363 4625; x_wconf 84' lang='lat' dir='ltr'><strong>adversum</strong></span> <span class='ocrx_word' id='word_1_660' title='bbox 1412 4584 1495 4623; x_wconf 88' lang='lat' dir='ltr'><strong>me</strong></span> <span class='ocrx_word' id='word_1_661' title='bbox 1547 4568 1722 4623; x_wconf 75' lang='lat' dir='ltr'><strong>laztati</strong></span> <span class='ocrx_word' id='word_1_662' title='bbox 1760 4576 1884 4622; x_wconf 86' lang='lat' dir='ltr'><strong>sunt</strong></span> <span class='ocrx_word' id='word_1_663' title='bbox 1938 4577 1979 4621; x_wconf 82' lang='lat' dir='ltr'><strong>et</strong></span> 
     </span>
    </p>
   </div>
   <div class='ocr_carea' id='block_1_89' title="bbox 2085 4557 3685 4633">
    <p class='ocr_par' dir='ltr' id='par_1_89' title="bbox 2166 4557 3685 4631">
     <span class='ocr_line' id='line_1_89' title="bbox 2166 4557 3685 4631; baseline -0.009 -14"><span class='ocrx_word' id='word_1_664' title='bbox 2166 4563 2278 4618; x_wconf 78' lang='grc' dir='ltr'><strong>Καὶ</strong></span> <span class='ocrx_word' id='word_1_665' title='bbox 2306 4564 2431 4616; x_wconf 80' lang='grc' dir='ltr'>κατ’</span> <span class='ocrx_word' id='word_1_666' title='bbox 2456 4561 2602 4631; x_wconf 82' lang='grc' dir='ltr'>ἐμοῦ</span> <span class='ocrx_word' id='word_1_667' title='bbox 2631 4559 3086 4629; x_wconf 60' lang='grc' dir='ltr'>ηὐφράνθησαν,</span> <span class='ocrx_word' id='word_1_668' title='bbox 3114 4558 3211 4611; x_wconf 78' lang='grc' dir='ltr'>καὶ</span> <span class='ocrx_word' id='word_1_669' title='bbox 3237 4557 3646 4625; x_wconf 81' lang='grc' dir='ltr'>συνήχθησαν</span> <span class='ocrx_word' id='word_1_670' title='bbox 3663 4572 3685 4604; x_wconf 81' lang='lat'><strong>-.</strong></span> 
     </span>
    </p>
   </div>
   <div class='ocr_carea' id='block_1_90' title="bbox 398 4661 1985 4731">
    <p class='ocr_par' dir='ltr' id='par_1_90' title="bbox 398 4661 1985 4731">
     <span class='ocr_line' id='line_1_90' title="bbox 398 4661 1985 4731; baseline -0.001 -17"><span class='ocrx_word' id='word_1_671' title='bbox 398 4667 785 4723; x_wconf 79' lang='lat' dir='ltr'><strong>convenerunt;</strong></span> <span class='ocrx_word' id='word_1_672' title='bbox 831 4669 1150 4730; x_wconf 83' lang='lat' dir='ltr'><strong>congregata</strong></span> <span class='ocrx_word' id='word_1_673' title='bbox 1197 4668 1322 4719; x_wconf 82' lang='lat' dir='ltr'><strong>sunt</strong></span> <span class='ocrx_word' id='word_1_674' title='bbox 1363 4677 1521 4731; x_wconf 86' lang='lat' dir='ltr'><strong>super</strong></span> <span class='ocrx_word' id='word_1_675' title='bbox 1550 4678 1629 4715; x_wconf 89' lang='lat' dir='ltr'><strong>me</strong></span> <span class='ocrx_word' id='word_1_676' title='bbox 1662 4661 1903 4731; x_wconf 84' lang='lat' dir='ltr'><strong>ﬂagella,</strong></span> <span class='ocrx_word' id='word_1_677' title='bbox 1933 4670 1985 4715; x_wconf 87' lang='lat' dir='ltr'><strong>et</strong></span> 
     </span>
    </p>
   </div>
   <div class='ocr_carea' id='block_1_91' title="bbox 397 4751 1987 4824">
    <p class='ocr_par' dir='ltr' id='par_1_91' title="bbox 397 4751 1987 4824">
     <span class='ocr_line' id='line_1_91' title="bbox 397 4751 1987 4824; baseline 0 -18"><span class='ocrx_word' id='word_1_678' title='bbox 397 4752 659 4824; x_wconf 81' lang='lat' dir='ltr'><strong>ignoravi.</strong></span> <span class='ocrx_word' id='word_1_679' title='bbox 706 4751 967 4821; x_wconf 85' lang='lat' dir='ltr'><strong>Dissipati</strong></span> <span class='ocrx_word' id='word_1_680' title='bbox 1016 4760 1139 4807; x_wconf 84' lang='lat' dir='ltr'><strong>sunt</strong></span> <span class='ocrx_word' id='word_1_681' title='bbox 1194 4769 1288 4813; x_wconf 85' lang='lat' dir='ltr'><strong>nec</strong></span> <span class='ocrx_word' id='word_1_682' title='bbox 1341 4755 1663 4822; x_wconf 85' lang='lat' dir='ltr'><strong>compuncti.</strong></span> <span class='ocrx_word' id='word_1_683' title='bbox 1717 4753 1864 4817; x_wconf 57' lang='lat' dir='ltr'><strong>Haec.</strong></span> <span class='ocrx_word' id='word_1_684' title='bbox 1907 4753 1987 4807; x_wconf 91' lang='lat' dir='ltr'><strong>uti</strong></span> 
     </span>
    </p>
   </div>
   <div class='ocr_carea' id='block_1_92' title="bbox 397 4843 1987 4916">
    <p class='ocr_par' dir='ltr' id='par_1_92' title="bbox 397 4843 1987 4916">
     <span class='ocr_line' id='line_1_92' title="bbox 397 4843 1987 4916; baseline -0.003 -15"><span class='ocrx_word' id='word_1_685' title='bbox 397 4844 512 4916; x_wconf 81' lang='lat' dir='ltr'><strong>jam</strong></span> <span class='ocrx_word' id='word_1_686' title='bbox 550 4844 813 4911; x_wconf 79' lang='lat' dir='ltr'><strong>diximus,</strong></span> <span class='ocrx_word' id='word_1_687' title='bbox 849 4843 1054 4913; x_wconf 90' lang='lat' dir='ltr'><strong>duplici</strong></span> <span class='ocrx_word' id='word_1_688' title='bbox 1114 4844 1279 4899; x_wconf 91' lang='lat' dir='ltr'><strong>modo</strong></span> <span class='ocrx_word' id='word_1_689' title='bbox 1305 4845 1648 4915; x_wconf 84' lang='lat' dir='ltr'><strong>accipienda.</strong></span> <span class='ocrx_word' id='word_1_690' title='bbox 1697 4844 1796 4900; x_wconf 79' lang='lat' dir='ltr'><strong>Vel</strong></span> <span class='ocrx_word' id='word_1_691' title='bbox 1840 4846 1987 4899; x_wconf 88' lang='lat' dir='ltr'><strong>enim</strong></span> 
     </span>
    </p>
   </div>
   <div class='ocr_carea' id='block_1_93' title="bbox 400 4936 1985 5009">
    <p class='ocr_par' dir='ltr' id='par_1_93' title="bbox 400 4936 1985 5009">
     <span class='ocr_line' id='line_1_93' title="bbox 400 4936 1985 5009; baseline -0.001 -18"><span class='ocrx_word' id='word_1_692' title='bbox 400 4936 594 5004; x_wconf 84' lang='lat' dir='ltr'><strong>David,</strong></span> <span class='ocrx_word' id='word_1_693' title='bbox 652 4945 1020 5009; x_wconf 88' lang='lat' dir='ltr'><strong>persequente</strong></span> <span class='ocrx_word' id='word_1_694' title='bbox 1077 4936 1262 5003; x_wconf 86' lang='lat' dir='ltr'><strong>Saule,</strong></span> <span class='ocrx_word' id='word_1_695' title='bbox 1320 4938 1434 4993; x_wconf 69' lang='lat' dir='ltr'><strong>haec</strong></span> <span class='ocrx_word' id='word_1_696' title='bbox 1466 4938 1534 4993; x_wconf 82' lang='lat' dir='ltr'><strong>de</strong></span> <span class='ocrx_word' id='word_1_697' title='bbox 1582 4954 1641 4993; x_wconf 92' lang='lat' dir='ltr'><strong>se</strong></span> <span class='ocrx_word' id='word_1_698' title='bbox 1689 4939 1985 5005; x_wconf 88' lang='lat' dir='ltr'><strong>narrabat;</strong></span> 
     </span>
    </p>
   </div>
   <div class='ocr_carea' id='block_1_94' title="bbox 400 5026 1989 5102">
    <p class='ocr_par' dir='ltr' id='par_1_94' title="bbox 400 5026 1989 5102">
     <span class='ocr_line' id='line_1_94' title="bbox 400 5026 1989 5102; baseline -0.001 -18"><span class='ocrx_word' id='word_1_699' title='bbox 400 5038 497 5084; x_wconf 86' lang='lat' dir='ltr'><strong>aut</strong></span> <span class='ocrx_word' id='word_1_700' title='bbox 529 5030 849 5102; x_wconf 82' lang='lat' dir='ltr'><strong>prophetice</strong></span> <span class='ocrx_word' id='word_1_701' title='bbox 881 5045 913 5084; x_wconf 91' lang='lat' dir='ltr'><strong>a</strong></span> <span class='ocrx_word' id='word_1_702' title='bbox 967 5026 1175 5098; x_wconf 88' lang='lat' dir='ltr'><strong>Spiritu</strong></span> <span class='ocrx_word' id='word_1_703' title='bbox 1202 5037 1396 5084; x_wconf 87' lang='lat' dir='ltr'><strong>sancto</strong></span> <span class='ocrx_word' id='word_1_704' title='bbox 1426 5030 1493 5084; x_wconf 91' lang='lat' dir='ltr'><strong>de</strong></span> <span class='ocrx_word' id='word_1_705' title='bbox 1525 5031 1813 5085; x_wconf 85' lang='lat' dir='ltr'><strong>Salvatore</strong></span> <span class='ocrx_word' id='word_1_706' title='bbox 1842 5029 1989 5083; x_wconf 81' lang='lat' dir='ltr'><strong>dicta</strong></span> 
     </span>
    </p>
   </div>
   <div class='ocr_carea' id='block_1_95' title="bbox 400 5122 1985 5189">
    <p class='ocr_par' dir='ltr' id='par_1_95' title="bbox 400 5122 1985 5189">
     <span class='ocr_line' id='line_1_95' title="bbox 400 5122 1985 5189; baseline -0.004 -8"><span class='ocrx_word' id='word_1_707' title='bbox 400 5132 551 5181; x_wconf 71' lang='lat' dir='ltr'><strong>sunt.</strong></span> <span class='ocrx_word' id='word_1_708' title='bbox 584 5122 731 5179; x_wconf 87' lang='lat' dir='ltr'><strong>Loco</strong></span> <span class='ocrx_word' id='word_1_709' title='bbox 763 5132 944 5179; x_wconf 90' lang='lat' dir='ltr'><strong>autem</strong></span> <span class='ocrx_word' id='word_1_710' title='bbox 978 5123 1148 5188; x_wconf 89' lang='lat' dir='ltr'><strong>illius,</strong></span> <span class='ocrx_word' id='word_1_711' title='bbox 1181 5124 1461 5178; x_wconf 85' lang='lat' dir='ltr'><strong>adversum</strong></span> <span class='ocrx_word' id='word_1_712' title='bbox 1492 5140 1575 5178; x_wconf 91' lang='lat' dir='ltr'><strong>me</strong></span> <span class='ocrx_word' id='word_1_713' title='bbox 1606 5125 1781 5177; x_wconf 80' lang='lat' dir='ltr'><strong>twtati</strong></span> <span class='ocrx_word' id='word_1_714' title='bbox 1825 5132 1948 5177; x_wconf 86' lang='lat' dir='ltr'><strong>sunt</strong></span> <span class='ocrx_word' id='word_1_715' title='bbox 1969 5163 1985 5189; x_wconf 90' lang='lat'><strong>,</strong></span> 
     </span>
    </p>
   </div>
   <div class='ocr_carea' id='block_1_96' title="bbox 399 5211 1992 5284">
    <p class='ocr_par' dir='ltr' id='par_1_96' title="bbox 399 5211 1992 5284">
     <span class='ocr_line' id='line_1_96' title="bbox 399 5211 1992 5284; baseline 0.001 -19"><span class='ocrx_word' id='word_1_716' title='bbox 399 5213 599 5284; x_wconf 73' lang='lat' dir='ltr'><strong>Aquila</strong></span> <span class='ocrx_word' id='word_1_717' title='bbox 630 5213 877 5269; x_wconf 82' lang='lat' dir='ltr'><strong>serviens</strong></span> <span class='ocrx_word' id='word_1_718' title='bbox 906 5211 1184 5267; x_wconf 67' lang='lat' dir='ltr'><strong>llebraica:</strong></span> <span class='ocrx_word' id='word_1_719' title='bbox 1238 5213 1432 5268; x_wconf 64' lang='lat' dir='ltr'><strong>litterae</strong></span> <span class='ocrx_word' id='word_1_720' title='bbox 1464 5214 1562 5277; x_wconf 88' lang='lat' dir='ltr'><strong>ait,</strong></span> <span class='ocrx_word' id='word_1_721' title='bbox 1613 5215 1666 5268; x_wconf 86' lang='lat' dir='ltr'><strong>in</strong></span> <span class='ocrx_word' id='word_1_722' title='bbox 1713 5213 1992 5267; x_wconf 83' lang='lat' dir='ltr'><strong>claudica-</strong></span> 
     </span>
    </p>
   </div>
   <div class='ocr_carea' id='block_1_97' title="bbox 404 5304 1978 5377">
    <p class='ocr_par' dir='ltr' id='par_1_97' title="bbox 404 5304 1978 5377">
     <span class='ocr_line' id='line_1_97' title="bbox 404 5304 1978 5377; baseline 0.002 -21"><span class='ocrx_word' id='word_1_723' title='bbox 404 5305 545 5360; x_wconf 87' lang='lat' dir='ltr'><strong>tione</strong></span> <span class='ocrx_word' id='word_1_724' title='bbox 565 5321 682 5359; x_wconf 89' lang='lat' dir='ltr'><strong>mea</strong></span> <span class='ocrx_word' id='word_1_725' title='bbox 712 5304 881 5360; x_wconf 71' lang='lat' dir='ltr'><strong>laetati</strong></span> <span class='ocrx_word' id='word_1_726' title='bbox 908 5315 959 5359; x_wconf 91' lang='lat' dir='ltr'><strong>et</strong></span> <span class='ocrx_word' id='word_1_727' title='bbox 987 5306 1197 5360; x_wconf 85' lang='lat' dir='ltr'><strong>collecti</strong></span> <span class='ocrx_word' id='word_1_728' title='bbox 1233 5316 1394 5370; x_wconf 88' lang='lat' dir='ltr'><strong>sunt;</strong></span> <span class='ocrx_word' id='word_1_729' title='bbox 1430 5305 1796 5377; x_wconf 88' lang='lat' dir='ltr'><strong>Symmachus</strong></span> <span class='ocrx_word' id='word_1_730' title='bbox 1826 5321 1978 5371; x_wconf 89' lang='lat' dir='ltr'><strong>vero,</strong></span> 
     </span>
    </p>
   </div>
   <div class='ocr_carea' id='block_1_98' title="bbox 402 5396 1991 5468">
    <p class='ocr_par' dir='ltr' id='par_1_98' title="bbox 402 5396 1991 5468">
     <span class='ocr_line' id='line_1_98' title="bbox 402 5396 1991 5468; baseline 0.001 -18"><span class='ocrx_word' id='word_1_731' title='bbox 402 5396 740 5453; x_wconf 76' lang='lat' dir='ltr'><strong>elaudicante</strong></span> <span class='ocrx_word' id='word_1_732' title='bbox 762 5415 843 5452; x_wconf 89' lang='lat' dir='ltr'><strong>me</strong></span> <span class='ocrx_word' id='word_1_733' title='bbox 872 5397 1040 5452; x_wconf 75' lang='lat' dir='ltr'><strong>lwtati</strong></span> <span class='ocrx_word' id='word_1_734' title='bbox 1065 5408 1114 5452; x_wconf 87' lang='lat' dir='ltr'><strong>et</strong></span> <span class='ocrx_word' id='word_1_735' title='bbox 1148 5398 1356 5453; x_wconf 89' lang='lat' dir='ltr'><strong>collecti</strong></span> <span class='ocrx_word' id='word_1_736' title='bbox 1380 5408 1540 5464; x_wconf 86' lang='lat' dir='ltr'><strong>sunt;</strong></span> <span class='ocrx_word' id='word_1_737' title='bbox 1584 5400 1775 5468; x_wconf 87' lang='lat' dir='ltr'><strong>quinta</strong></span> <span class='ocrx_word' id='word_1_738' title='bbox 1806 5405 1991 5452; x_wconf 86' lang='lat' dir='ltr'><strong>autem</strong></span> 
     </span>
    </p>
   </div>
   <div class='ocr_carea' id='block_1_99' title="bbox 406 5489 1992 5561">
    <p class='ocr_par' dir='ltr' id='par_1_99' title="bbox 406 5489 1992 5561">
     <span class='ocr_line' id='line_1_99' title="bbox 406 5489 1992 5561; baseline 0.001 -18"><span class='ocrx_word' id='word_1_739' title='bbox 406 5489 600 5553; x_wconf 82' lang='lat' dir='ltr'><strong>editio,</strong></span> <span class='ocrx_word' id='word_1_740' title='bbox 627 5499 677 5543; x_wconf 86' lang='lat' dir='ltr'><strong>et</strong></span> <span class='ocrx_word' id='word_1_741' title='bbox 708 5491 762 5543; x_wconf 89' lang='lat' dir='ltr'><strong>in</strong></span> <span class='ocrx_word' id='word_1_742' title='bbox 786 5491 1101 5560; x_wconf 86' lang='lat' dir='ltr'><strong>inﬁrmitate</strong></span> <span class='ocrx_word' id='word_1_743' title='bbox 1122 5508 1241 5547; x_wconf 88' lang='lat' dir='ltr'><strong>mea</strong></span> <span class='ocrx_word' id='word_1_744' title='bbox 1273 5491 1442 5545; x_wconf 71' lang='lat' dir='ltr'><strong>laetati</strong></span> <span class='ocrx_word' id='word_1_745' title='bbox 1468 5500 1611 5546; x_wconf 89' lang='lat' dir='ltr'><strong>sunt.</strong></span> <span class='ocrx_word' id='word_1_746' title='bbox 1642 5490 1808 5557; x_wconf 81' lang='lat' dir='ltr'><strong>Queis</strong></span> <span class='ocrx_word' id='word_1_747' title='bbox 1824 5491 1992 5561; x_wconf 80' lang='lat' dir='ltr'><strong>signi-</strong></span> 
     </span>
    </p>
   </div>
   <div class='ocr_carea' id='block_1_100' title="bbox 405 5581 1986 5659">
    <p class='ocr_par' dir='ltr' id='par_1_100' title="bbox 405 5581 1986 5659">
     <span class='ocr_line' id='line_1_100' title="bbox 405 5581 1986 5659; baseline 0.001 -23"><span class='ocrx_word' id='word_1_748' title='bbox 405 5581 561 5636; x_wconf 80' lang='lat' dir='ltr'><strong>ﬁcari</strong></span> <span class='ocrx_word' id='word_1_749' title='bbox 593 5583 850 5638; x_wconf 82' lang='lat' dir='ltr'><strong>existimo</strong></span> <span class='ocrx_word' id='word_1_750' title='bbox 878 5584 1154 5652; x_wconf 86' lang='lat' dir='ltr'><strong>passionis</strong></span> <span class='ocrx_word' id='word_1_751' title='bbox 1179 5594 1418 5654; x_wconf 90' lang='lat' dir='ltr'><strong>tempus,</strong></span> <span class='ocrx_word' id='word_1_752' title='bbox 1452 5587 1507 5638; x_wconf 90' lang='lat' dir='ltr'><strong>in</strong></span> <span class='ocrx_word' id='word_1_753' title='bbox 1534 5600 1646 5654; x_wconf 86' lang='lat' dir='ltr'><strong>quo</strong></span> <span class='ocrx_word' id='word_1_754' title='bbox 1682 5584 1986 5659; x_wconf 82' lang='lat' dir='ltr'><strong>secundum</strong></span> 
     </span>
    </p>
   </div>
   <div class='ocr_carea' id='block_1_101' title="bbox 330 5674 1986 5746">
    <p class='ocr_par' dir='ltr' id='par_1_101' title="bbox 330 5674 1986 5746">
     <span class='ocr_line' id='line_1_101' title="bbox 330 5674 1986 5746; baseline 0 -18"><span class='ocrx_word' id='word_1_755' title='bbox 330 5738 333 5745; x_wconf 20' lang='grc' dir='ltr'><em>Α</em></span> <span class='ocrx_word' id='word_1_756' title='bbox 407 5674 732 5742; x_wconf 79' lang='lat' dir='ltr'><strong>Apostolum</strong></span> <span class='ocrx_word' id='word_1_757' title='bbox 773 5676 1062 5745; x_wconf 71' lang='lat' dir='ltr'><strong>cruciﬁxus</strong></span> <span class='ocrx_word' id='word_1_758' title='bbox 1102 5685 1180 5731; x_wconf 85' lang='lat' dir='ltr'><strong>est</strong></span> <span class='ocrx_word' id='word_1_759' title='bbox 1221 5691 1289 5730; x_wconf 76' lang='lat' dir='ltr'><strong>ex</strong></span> <span class='ocrx_word' id='word_1_760' title='bbox 1332 5677 1684 5746; x_wconf 87' lang='lat' dir='ltr'><strong>inﬁrmitate,</strong></span> <span class='ocrx_word' id='word_1_761' title='bbox 1725 5676 1814 5729; x_wconf 86' lang='lat' dir='ltr'><strong>sed</strong></span> <span class='ocrx_word' id='word_1_762' title='bbox 1863 5676 1986 5729; x_wconf 71' lang='lat' dir='ltr'><strong>virit</strong></span> 
     </span>
    </p>
   </div>
   <div class='ocr_carea' id='block_1_102' title="bbox 483 5857 1979 5933">
    <p class='ocr_par' dir='ltr' id='par_1_102' title="bbox 483 5857 1979 5933">
     <span class='ocr_line' id='line_1_102' title="bbox 483 5857 1979 5933; baseline 0.005 -19"><span class='ocrx_word' id='word_1_763' title='bbox 483 5858 529 5893; x_wconf 80' lang='grc'><strong>³¹</strong></span> <span class='ocrx_word' id='word_1_764' title='bbox 567 5857 756 5917; x_wconf 68' lang='lat' dir='ltr'><strong>Matth.</strong></span> <span class='ocrx_word' id='word_1_765' title='bbox 793 5877 953 5932; x_wconf 77' lang='lat' dir='ltr'><strong>mu,</strong></span> <span class='ocrx_word' id='word_1_766' title='bbox 988 5863 1075 5920; x_wconf 80' lang='lat'><strong>37.</strong></span> <span class='ocrx_word' id='word_1_767' title='bbox 1154 5863 1201 5908; x_wconf 66' lang='grc'>⁸⁸</span> <span class='ocrx_word' id='word_1_768' title='bbox 1242 5862 1432 5921; x_wconf 77' lang='lat' dir='ltr'><strong>Matth.</strong></span> <span class='ocrx_word' id='word_1_769' title='bbox 1471 5879 1634 5933; x_wconf 78' lang='lat' dir='ltr'><strong>xxvt,</strong></span> <span class='ocrx_word' id='word_1_770' title='bbox 1669 5865 1757 5921; x_wconf 80' lang='lat'><strong>58.</strong></span> <span class='ocrx_word' id='word_1_771' title='bbox 1836 5865 1881 5901; x_wconf 64' lang='grc'><strong>³⁸</strong></span> <span class='ocrx_word' id='word_1_772' title='bbox 1917 5862 1979 5922; x_wconf 83' lang='lat' dir='ltr'><strong>Jo</strong></span> 
     </span>
    </p>
   </div>
   <div class='ocr_carea' id='block_1_103' title="bbox 2085 5857 2868 5933">
    <p class='ocr_par' dir='ltr' id='par_1_103' title="bbox 2112 5862 2868 5932">
     <span class='ocr_line' id='line_1_103' title="bbox 2112 5862 2868 5932; baseline -0.001 -14"><span class='ocrx_word' id='word_1_773' title='bbox 2112 5878 2222 5932; x_wconf 72' lang='lat' dir='ltr'><strong>xu,</strong></span> <span class='ocrx_word' id='word_1_774' title='bbox 2258 5862 2348 5919; x_wconf 70' lang='lat'><strong>27.</strong></span> <span class='ocrx_word' id='word_1_775' title='bbox 2426 5865 2469 5898; x_wconf 79' lang='grc'><strong>³³</strong></span> <span class='ocrx_word' id='word_1_776' title='bbox 2512 5864 2618 5920; x_wconf 78' lang='lat' dir='ltr'><strong>Isa.</strong></span> <span class='ocrx_word' id='word_1_777' title='bbox 2652 5878 2777 5930; x_wconf 77' lang='lat' dir='ltr'><strong>Ltll,</strong></span> <span class='ocrx_word' id='word_1_778' title='bbox 2814 5862 2868 5917; x_wconf 83' lang='lat'><strong>5.</strong></span> 
     </span>
    </p>
   </div>
   <div class='ocr_carea' id='block_1_104' title="bbox 2092 4648 3680 4724">
    <p class='ocr_par' dir='ltr' id='par_1_104' title="bbox 2092 4648 3680 4724">
     <span class='ocr_line' id='line_1_104' title="bbox 2092 4648 3680 4724; baseline -0.005 -14"><span class='ocrx_word' id='word_1_779' title='bbox 2092 4654 2501 4724; x_wconf 79' lang='grc' dir='ltr'>συνήχθησαν</span> <span class='ocrx_word' id='word_1_780' title='bbox 2545 4654 2636 4706; x_wconf 72' lang='grc' dir='ltr'>ἐπ’</span> <span class='ocrx_word' id='word_1_781' title='bbox 2679 4651 2784 4721; x_wconf 83' lang='grc' dir='ltr'>ἐμὲ</span> <span class='ocrx_word' id='word_1_782' title='bbox 2824 4652 3133 4722; x_wconf 72' lang='grc' dir='ltr'>μάστιγες,</span> <span class='ocrx_word' id='word_1_783' title='bbox 3182 4650 3281 4703; x_wconf 74' lang='grc' dir='ltr'>καὶ</span> <span class='ocrx_word' id='word_1_784' title='bbox 3322 4650 3433 4702; x_wconf 79' lang='grc' dir='ltr'>οὐκ</span> <span class='ocrx_word' id='word_1_785' title='bbox 3466 4648 3680 4718; x_wconf 77' lang='grc' dir='ltr'>ἔγνων.</span> 
     </span>
    </p>
   </div>
   <div class='ocr_carea' id='block_1_105' title="bbox 2090 4740 3684 4819">
    <p class='ocr_par' dir='ltr' id='par_1_105' title="bbox 2090 4740 3684 4819">
     <span class='ocr_line' id='line_1_105' title="bbox 2090 4740 3684 4819; baseline -0.007 -16"><span class='ocrx_word' id='word_1_786' title='bbox 2090 4749 2565 4819; x_wconf 80' lang='grc' dir='ltr'>Διεσχίσθησαν,</span> <span class='ocrx_word' id='word_1_787' title='bbox 2596 4746 2695 4799; x_wconf 74' lang='grc' dir='ltr'>καὶ</span> <span class='ocrx_word' id='word_1_788' title='bbox 2725 4748 2795 4799; x_wconf 86' lang='grc' dir='ltr'>οὐ</span> <span class='ocrx_word' id='word_1_789' title='bbox 2832 4746 3269 4814; x_wconf 76' lang='grc' dir='ltr'>κατενύγησαν.</span> <span class='ocrx_word' id='word_1_790' title='bbox 3299 4742 3482 4796; x_wconf 75' lang='grc' dir='ltr'>Ταῦτα</span> <span class='ocrx_word' id='word_1_791' title='bbox 3522 4740 3684 4809; x_wconf 85' lang='grc' dir='ltr'>ἐκλη-</span> 
     </span>
    </p>
   </div>
   <div class='ocr_carea' id='block_1_106' title="bbox 2093 4831 3687 4912">
    <p class='ocr_par' dir='ltr' id='par_1_106' title="bbox 2093 4831 3687 4912">
     <span class='ocr_line' id='line_1_106' title="bbox 2093 4831 3687 4912; baseline -0.009 -15"><span class='ocrx_word' id='word_1_792' title='bbox 2093 4844 2256 4897; x_wconf 86' lang='grc' dir='ltr'>πτέον</span> <span class='ocrx_word' id='word_1_793' title='bbox 2309 4839 2491 4912; x_wconf 79' lang='grc' dir='ltr'>διχῶς,</span> <span class='ocrx_word' id='word_1_794' title='bbox 2541 4843 2615 4902; x_wconf 84' lang='grc' dir='ltr'>ὡς</span> <span class='ocrx_word' id='word_1_795' title='bbox 2645 4839 2739 4892; x_wconf 75' lang='grc' dir='ltr'><strong>καὶ</strong></span> <span class='ocrx_word' id='word_1_796' title='bbox 2784 4838 2883 4910; x_wconf 71' lang='grc' dir='ltr'>ἤδη</span> <span class='ocrx_word' id='word_1_797' title='bbox 2932 4838 3156 4907; x_wconf 78' lang='grc' dir='ltr'>ἔφαμεν.</span> <span class='ocrx_word' id='word_1_798' title='bbox 3192 4836 3260 4887; x_wconf 87' lang='grc' dir='ltr'><em>Ἢ</em></span> <span class='ocrx_word' id='word_1_799' title='bbox 3303 4834 3410 4904; x_wconf 85' lang='grc' dir='ltr'>γὰρ</span> <span class='ocrx_word' id='word_1_800' title='bbox 3453 4835 3481 4886; x_wconf 91' lang='lat'><strong>6</strong></span> <span class='ocrx_word' id='word_1_801' title='bbox 3519 4831 3687 4885; x_wconf 79' lang='grc' dir='ltr'><strong>Δαυῖδ</strong></span> 
     </span>
    </p>
   </div>
   <div class='ocr_carea' id='block_1_107' title="bbox 2093 4925 3688 5006">
    <p class='ocr_par' dir='ltr' id='par_1_107' title="bbox 2093 4925 3688 5006">
     <span class='ocr_line' id='line_1_107' title="bbox 2093 4925 3688 5006; baseline -0.008 -18"><span class='ocrx_word' id='word_1_802' title='bbox 2093 4936 2267 4988; x_wconf 77' lang='grc' dir='ltr'>ταῦτα</span> <span class='ocrx_word' id='word_1_803' title='bbox 2289 4935 2415 5006; x_wconf 71' lang='grc' dir='ltr'>περὶ</span> <span class='ocrx_word' id='word_1_804' title='bbox 2438 4932 2631 4987; x_wconf 80' lang='grc' dir='ltr'>ἐαυτοῦ</span> <span class='ocrx_word' id='word_1_805' title='bbox 2656 4930 2855 5001; x_wconf 78' lang='grc' dir='ltr'>διεξῄει</span> <span class='ocrx_word' id='word_1_806' title='bbox 2882 4931 2987 4984; x_wconf 79' lang='grc' dir='ltr'><strong>ὑπὸ</strong></span> <span class='ocrx_word' id='word_1_807' title='bbox 3009 4928 3101 4984; x_wconf 80' lang='grc' dir='ltr'><strong>τοῦ</strong></span> <span class='ocrx_word' id='word_1_808' title='bbox 3126 4925 3298 4981; x_wconf 78' lang='grc' dir='ltr'>Σαοὺλ</span> <span class='ocrx_word' id='word_1_809' title='bbox 3320 4926 3647 4996; x_wconf 82' lang='grc' dir='ltr'>διωκόμενος</span> <span class='ocrx_word' id='word_1_810' title='bbox 3664 4939 3688 4976; x_wconf 77' lang='grc' dir='ltr'>ο.</span> 
     </span>
    </p>
   </div>
   <div class='ocr_carea' id='block_1_108' title="bbox 2096 5015 3683 5099">
    <p class='ocr_par' dir='ltr' id='par_1_108' title="bbox 2096 5015 3683 5099">
     <span class='ocr_line' id='line_1_108' title="bbox 2096 5015 3683 5099; baseline -0.007 -19"><span class='ocrx_word' id='word_1_811' title='bbox 2096 5029 2130 5099; x_wconf 83' lang='grc' dir='ltr'>ἢ</span> <span class='ocrx_word' id='word_1_812' title='bbox 2184 5029 2313 5099; x_wconf 74' lang='grc' dir='ltr'>περὶ</span> <span class='ocrx_word' id='word_1_813' title='bbox 2367 5026 2461 5079; x_wconf 72' lang='grc' dir='ltr'><strong>τοῦ</strong></span> <span class='ocrx_word' id='word_1_814' title='bbox 2517 5025 2769 5096; x_wconf 84' lang='grc' dir='ltr'>Σωτῆρος</span> <span class='ocrx_word' id='word_1_815' title='bbox 2822 5022 3175 5095; x_wconf 73' lang='grc' dir='ltr'>προφητικῶς</span> <span class='ocrx_word' id='word_1_816' title='bbox 3227 5020 3331 5089; x_wconf 58' lang='grc' dir='ltr'>ὑπὸ</span> <span class='ocrx_word' id='word_1_817' title='bbox 3375 5018 3470 5071; x_wconf 84' lang='grc' dir='ltr'><strong>τοῦ</strong></span> <span class='ocrx_word' id='word_1_818' title='bbox 3526 5015 3683 5086; x_wconf 82' lang='grc' dir='ltr'>ἁγίου</span> 
     </span>
    </p>
   </div>
   <div class='ocr_carea' id='block_1_109' title="bbox 2095 5109 3685 5191">
    <p class='ocr_par' dir='ltr' id='par_1_109' title="bbox 2095 5109 3685 5191">
     <span class='ocr_line' id='line_1_109' title="bbox 2095 5109 3685 5191; baseline -0.008 -17"><span class='ocrx_word' id='word_1_819' title='bbox 2095 5121 2413 5191; x_wconf 80' lang='grc' dir='ltr'>Πνεύματος</span> <span class='ocrx_word' id='word_1_820' title='bbox 2451 5118 2686 5188; x_wconf 85' lang='grc' dir='ltr'>λέγεται.</span> <span class='ocrx_word' id='word_1_821' title='bbox 2737 5118 2883 5171; x_wconf 73' lang='grc' dir='ltr'>Ἀντὶ</span> <span class='ocrx_word' id='word_1_822' title='bbox 2929 5116 2986 5169; x_wconf 82' lang='grc' dir='ltr'>δὲ</span> <span class='ocrx_word' id='word_1_823' title='bbox 3031 5115 3159 5169; x_wconf 78' lang='grc' dir='ltr'>τοῦ·</span> <span class='ocrx_word' id='word_1_824' title='bbox 3202 5115 3339 5167; x_wconf 83' lang='grc' dir='ltr'>Κατ’</span> <span class='ocrx_word' id='word_1_825' title='bbox 3370 5109 3517 5181; x_wconf 84' lang='grc' dir='ltr'>ἐμοῦ</span> <span class='ocrx_word' id='word_1_826' title='bbox 3572 5111 3685 5177; x_wconf 85' lang='grc' dir='ltr'><strong>ηὐ-</strong></span> 
     </span>
    </p>
   </div>
   <div class='ocr_carea' id='block_1_110' title="bbox 2096 5198 3686 5279">
    <p class='ocr_par' dir='ltr' id='par_1_110' title="bbox 2096 5198 3686 5279">
     <span class='ocr_line' id='line_1_110' title="bbox 2096 5198 3686 5279; baseline -0.006 -16"><span class='ocrx_word' id='word_1_827' title='bbox 2096 5209 2474 5279; x_wconf 73' lang='grc' dir='ltr'>φράνθησαν,</span> <span class='ocrx_word' id='word_1_828' title='bbox 2509 5210 2538 5261; x_wconf 89' lang='grc' dir='ltr'>ὁ</span> <span class='ocrx_word' id='word_1_829' title='bbox 2577 5206 2807 5269; x_wconf 80' lang='grc' dir='ltr'>Ἀκύλας</span> <span class='ocrx_word' id='word_1_830' title='bbox 2846 5205 3111 5259; x_wconf 85' lang='grc' dir='ltr'>δουλεύων</span> <span class='ocrx_word' id='word_1_831' title='bbox 3143 5205 3207 5274; x_wconf 83' lang='grc' dir='ltr'>τῇ</span> <span class='ocrx_word' id='word_1_832' title='bbox 3250 5202 3510 5272; x_wconf 81' lang='grc' dir='ltr'>Ἐϐραϊκῇ</span> <span class='ocrx_word' id='word_1_833' title='bbox 3543 5198 3686 5265; x_wconf 78' lang='grc' dir='ltr'>λέξει</span> 
     </span>
    </p>
   </div>
   <div class='ocr_carea' id='block_1_111' title="bbox 2098 5294 3688 5374">
    <p class='ocr_par' dir='ltr' id='par_1_111' title="bbox 2098 5294 3688 5374">
     <span class='ocr_line' id='line_1_111' title="bbox 2098 5294 3688 5374; baseline -0.006 -19"><span class='ocrx_word' id='word_1_834' title='bbox 2098 5303 2230 5374; x_wconf 78' lang='grc' dir='ltr'>φησι</span> <span class='ocrx_word' id='word_1_835' title='bbox 2251 5320 2264 5331; x_wconf 93' lang='grc'><strong>·</strong></span> <span class='ocrx_word' id='word_1_836' title='bbox 2289 5302 2399 5356; x_wconf 83' lang='grc' dir='ltr'><strong>Καὶ</strong></span> <span class='ocrx_word' id='word_1_837' title='bbox 2422 5303 2491 5355; x_wconf 88' lang='grc' dir='ltr'>ἑν</span> <span class='ocrx_word' id='word_1_838' title='bbox 2510 5299 2765 5369; x_wconf 79' lang='grc' dir='ltr'>σκασμῷ</span> <span class='ocrx_word' id='word_1_839' title='bbox 2789 5317 2905 5369; x_wconf 88' lang='grc' dir='ltr'><strong>μου</strong></span> <span class='ocrx_word' id='word_1_840' title='bbox 2931 5296 3390 5366; x_wconf 62' lang='grc' dir='ltr'>ηὐερρτὶνθησαν,</span> <span class='ocrx_word' id='word_1_841' title='bbox 3419 5294 3516 5347; x_wconf 78' lang='grc' dir='ltr'>καὶ</span> <span class='ocrx_word' id='word_1_842' title='bbox 3543 5309 3688 5346; x_wconf 87' lang='grc' dir='ltr'>συν-</span> 
     </span>
    </p>
   </div>
   <div class='ocr_carea' id='block_1_112' title="bbox 2095 5386 3691 5464">
    <p class='ocr_par' dir='ltr' id='par_1_112' title="bbox 2095 5386 3691 5464">
     <span class='ocr_line' id='line_1_112' title="bbox 2095 5386 3691 5464; baseline -0.007 -15"><span class='ocrx_word' id='word_1_843' title='bbox 2095 5393 2433 5464; x_wconf 74' lang='grc' dir='ltr'>ελέγησαν·</span> <span class='ocrx_word' id='word_1_844' title='bbox 2465 5397 2493 5448; x_wconf 91' lang='lat'><strong>6</strong></span> <span class='ocrx_word' id='word_1_845' title='bbox 2526 5395 2584 5448; x_wconf 83' lang='grc' dir='ltr'>δὲ</span> <span class='ocrx_word' id='word_1_846' title='bbox 2616 5393 2939 5463; x_wconf 69' lang='grc' dir='ltr'>Σύμμαχος*</span> <span class='ocrx_word' id='word_1_847' title='bbox 2972 5387 3298 5455; x_wconf 71' lang='grc' dir='ltr'>Σκάζοντος</span> <span class='ocrx_word' id='word_1_848' title='bbox 3342 5386 3409 5441; x_wconf 82' lang='grc' dir='ltr'><strong>δέ</strong></span> <span class='ocrx_word' id='word_1_849' title='bbox 3437 5404 3557 5456; x_wconf 87' lang='grc' dir='ltr'><strong>μου</strong></span> <span class='ocrx_word' id='word_1_850' title='bbox 3587 5386 3691 5454; x_wconf 81' lang='grc' dir='ltr'><strong>ηὐ-</strong></span> 
     </span>
    </p>
   </div>
   <div class='ocr_carea' id='block_1_113' title="bbox 2098 5478 3685 5557">
    <p class='ocr_par' dir='ltr' id='par_1_113' title="bbox 2098 5478 3685 5557">
     <span class='ocr_line' id='line_1_113' title="bbox 2098 5478 3685 5557; baseline -0.008 -15"><span class='ocrx_word' id='word_1_851' title='bbox 2098 5488 2418 5557; x_wconf 69' lang='grc' dir='ltr'>φραίνοντο</span> <span class='ocrx_word' id='word_1_852' title='bbox 2454 5487 2555 5540; x_wconf 75' lang='grc' dir='ltr'><strong>καὶ</strong></span> <span class='ocrx_word' id='word_1_853' title='bbox 2587 5484 2925 5553; x_wconf 81' lang='grc' dir='ltr'>ἠθροίζοντο</span> <span class='ocrx_word' id='word_1_854' title='bbox 2950 5501 2962 5514; x_wconf 89' lang='grc'>·</span> <span class='ocrx_word' id='word_1_855' title='bbox 2999 5484 3033 5554; x_wconf 86' lang='grc' dir='ltr'><strong>ή</strong></span> <span class='ocrx_word' id='word_1_856' title='bbox 3078 5482 3134 5535; x_wconf 81' lang='grc' dir='ltr'><strong>δὲ</strong></span> <span class='ocrx_word' id='word_1_857' title='bbox 3175 5482 3400 5552; x_wconf 84' lang='grc' dir='ltr'>πέμπτη</span> <span class='ocrx_word' id='word_1_858' title='bbox 3435 5478 3685 5542; x_wconf 79' lang='grc' dir='ltr'>ἔκδοσιςο</span> 
     </span>
    </p>
   </div>
   <div class='ocr_carea' id='block_1_114' title="bbox 2096 5563 3687 5650">
    <p class='ocr_par' dir='ltr' id='par_1_114' title="bbox 2096 5563 3687 5650">
     <span class='ocr_line' id='line_1_114' title="bbox 2096 5563 3687 5650; baseline -0.007 -15"><span class='ocrx_word' id='word_1_859' title='bbox 2096 5582 2208 5635; x_wconf 81' lang='grc' dir='ltr'><strong>Καὶ</strong></span> <span class='ocrx_word' id='word_1_860' title='bbox 2258 5582 2327 5634; x_wconf 84' lang='grc' dir='ltr'><strong>ἐν</strong></span> <span class='ocrx_word' id='word_1_861' title='bbox 2374 5580 2451 5650; x_wconf 78' lang='grc' dir='ltr'>τῇ</span> <span class='ocrx_word' id='word_1_862' title='bbox 2501 5580 2780 5646; x_wconf 81' lang='grc' dir='ltr'>ἀσθενείᾳ</span> <span class='ocrx_word' id='word_1_863' title='bbox 2821 5597 2939 5649; x_wconf 89' lang='grc' dir='ltr'><strong>μου</strong></span> <span class='ocrx_word' id='word_1_864' title='bbox 2988 5575 3449 5645; x_wconf 59' lang='grc' dir='ltr'>ηὐφράνθησαν.</span> <span class='ocrx_word' id='word_1_865' title='bbox 3486 5574 3564 5625; x_wconf 74' lang='grc' dir='ltr'><strong>Δι’</strong></span> <span class='ocrx_word' id='word_1_866' title='bbox 3609 5563 3687 5627; x_wconf 84' lang='grc' dir='ltr'>ὧν</span> 
     </span>
    </p>
   </div>
   <div class='ocr_carea' id='block_1_115' title="bbox 2098 5660 3689 5746">
    <p class='ocr_par' dir='ltr' id='par_1_115' title="bbox 2098 5660 3689 5746">
     <span class='ocr_line' id='line_1_115' title="bbox 2098 5660 3689 5746; baseline -0.005 -19"><span class='ocrx_word' id='word_1_867' title='bbox 2098 5674 2231 5746; x_wconf 74' lang='grc' dir='ltr'>ἡγοῦ</span> <span class='ocrx_word' id='word_1_868' title='bbox 2240 5692 2338 5745; x_wconf 87' lang='grc' dir='ltr'><strong>μαι</strong></span> <span class='ocrx_word' id='word_1_869' title='bbox 2363 5673 2651 5745; x_wconf 77' lang='grc' dir='ltr'>δηλοῦσθαι</span> <span class='ocrx_word' id='word_1_870' title='bbox 2672 5673 2761 5726; x_wconf 74' lang='grc' dir='ltr'>τὸν</span> <span class='ocrx_word' id='word_1_871' title='bbox 2788 5672 2979 5742; x_wconf 72' lang='grc' dir='ltr'>καιρὸν</span> <span class='ocrx_word' id='word_1_872' title='bbox 3007 5669 3100 5723; x_wconf 74' lang='grc' dir='ltr'><strong>τοῦ</strong></span> <span class='ocrx_word' id='word_1_873' title='bbox 3128 5668 3354 5733; x_wconf 81' lang='grc' dir='ltr'>πάθους,</span> <span class='ocrx_word' id='word_1_874' title='bbox 3381 5669 3439 5720; x_wconf 88' lang='grc' dir='ltr'><strong>ἐν</strong></span> <span class='ocrx_word' id='word_1_875' title='bbox 3544 5665 3689 5721; x_wconf 72' lang='grc' dir='ltr'>κατὰ</span> 
     </span>
    </p>
   </div>
   <div class='ocr_carea' id='block_1_116' title="bbox 2945 5852 3644 5915">
    <p class='ocr_par' dir='ltr' id='par_1_116' title="bbox 2945 5852 3644 5915">
     <span class='ocr_line' id='line_1_116' title="bbox 2945 5852 3644 5915; baseline -0.011 0"><span class='ocrx_word' id='word_1_876' title='bbox 2945 5862 2987 5894; x_wconf 63' lang='grc'><strong>³⁸</strong></span> <span class='ocrx_word' id='word_1_877' title='bbox 3028 5859 3158 5915; x_wconf 83' lang='lat' dir='ltr'><strong>ibid.</strong></span> <span class='ocrx_word' id='word_1_878' title='bbox 3201 5859 3255 5913; x_wconf 73' lang='grc'>4.</span> <span class='ocrx_word' id='word_1_879' title='bbox 3335 5858 3377 5889; x_wconf 81' lang='grc'><strong>³⁷</strong></span> <span class='ocrx_word' id='word_1_880' title='bbox 3419 5854 3532 5911; x_wconf 83' lang='lat' dir='ltr'><strong>ibid</strong></span> <span class='ocrx_word' id='word_1_881' title='bbox 3587 5852 3644 5908; x_wconf 80' lang='lat'><strong>5.</strong></span> 
     </span>
    </p>
   </div>
  </div>
