4138 6380
394 297 493 355 3H

1098 269 1385 357 ‘EUEEBII
1423 301 1907 360 CESARIENSIS
1943 305 2095 363 OPP.
2136 307 2320 365 PARS
2357 308 2445 366 Ill.
2483 340 2554 351 —
2618 310 3032 369 EXEGETICA.

3556 321 3661 376 512

391 417 522 481 Hec
559 427 739 477 autem
769 420 968 478 ibidem
1002 422 1141 478 dixit
1191 430 1315 494 post
1345 423 1510 481 illud:
1541 424 1684 481 Erue
1708 444 1742 481 a
1767 426 1973 497 framea

2090 432 2457 501 Ἐκκλησίας
2471 432 2721 503 ὑμνήσω
2735 450 2829 490 σε.
2854 434 3042 490 Ταῦτα
3067 435 3124 490 δὲ
3149 438 3266 491 ἐκεῖ
3283 437 3498 508 ὲλέγετο
3520 442 3660 513 μετά

392 515 636 577 animam
660 530 851 579 meam,
881 524 931 570 et
959 514 1025 570 de
1046 531 1209 570 manu
1235 517 1383 572 canis
1413 519 1739 590 unigenitam
1777 537 1969 578 meam.

392 605 554 667 Salva
586 624 667 662 me
698 622 764 662 ea:
802 624 892 662 ore
919 607 1085 664 leonis
1107 618 1209 664 eta
1242 611 1489 667 cornibus
1512 612 1847 669 unicomium
1872 615 1974 672 Itu-

389 699 671 754 militatem
725 715 918 757 meam.
971 699 1069 757 His
1126 702 1295 774 igitur
1350 703 1597 759 additum
1656 705 1793 761 illud
1844 717 1968 765 est:

390 789 645 847 Narrabo
681 807 870 847 nomen
917 799 1065 846 tuum
1100 792 1362 863 fratribus
1405 796 1558 859 meis,
1589 796 1646 850 in
1688 798 1859 853 medio
1887 816 1971 855 ec-

386 883 566 941 clesia:
614 881 848 937 laudabo
899 894 967 940 te.
1011 884 1070 940 In
1120 889 1377 956 praesenti
1428 889 1685 946 similiter
1732 892 1967 962 psalmo,

398 981 694 1045 postquam
730 973 980 1030 dixerat:
1007 974 1245 1031 Restitue
1281 973 1516 1032 animam
1549 996 1720 1035 meam
1748 998 1781 1035 α
1810 982 1962 1037 mali-

383 1066 585 1138 gnitate
610 1081 814 1135 eorum,
847 1083 880 1121 a
905 1066 1139 1122 leonibus
1170 1069 1493 1140 unigenitum
1518 1088 1711 1136 meam,
1733 1072 1965 1144 adjecit:

384 1156 692 1230 Conﬁtebor
728 1160 827 1214 tibi
864 1161 921 1215 in
970 1160 1192 1215 ecclesia
1244 1162 1436 1230 multa,
1476 1164 1533 1218 in
1580 1165 1773 1235 populo
1821 1167 1972 1238 gravi

385 1251 618 1310 laudabo
649 1261 699 1308 te
720 1252 787 1309 “.
823 1252 932 1311 Pro
980 1255 1074 1311 illo
1104 1263 1307 1324 autem,
1337 1257 1507 1326 gravi,
1543 1256 1763 1328 Aquila,
1791 1276 1965 1321 ossea,

385 1343 581 1409 edidit,
608 1343 666 1400 id
698 1354 806 1411 est,
853 1344 1018 1402 forti:
1052 1362 1180 1404 ossa
1226 1348 1430 1419 quippe
1467 1351 1715 1404 omnium
1749 1368 1871 1423 quae
1909 1353 1967 1407 in

383 1450 624 1507 corpore
663 1445 907 1511 exstant,
942 1437 1247 1495 fortissima
1289 1449 1345 1495 et
1389 1440 1779 1498 robustissima
1811 1451 1963 1498 sunt.

384 1524 582 1583 Gravis
612 1526 785 1598 igitur
814 1536 921 1593 est,
953 1527 1049 1599 qui
1076 1526 1340 1584 fundatus
1369 1529 1427 1584 in
1453 1537 1631 1601 petra,
1660 1530 1964 1587 immobilis

384 1623 440 1674 et
467 1617 737 1677 infractus
763 1628 968 1677 manet.
1018 1618 1169 1675 Patri
1204 1620 1392 1692 itaque
1421 1623 1734 1689 conﬁtetur,
1757 1625 1965 1696 gratias

384 1708 491 1780 ipsi
520 1725 689 1782 agens
728 1710 785 1766 in
809 1710 1046 1767 ecclesia
1076 1726 1175 1767 sua
1199 1713 1396 1769 multa.
1440 1710 1609 1767 Multa
1640 1714 1843 1785 quippe
1877 1729 1965 1771 re-

2076 525 2172 578 rd'
2214 524 2415 579 Ῥῦσαι
2465 525 2582 580 ἀπὸ
2622 526 2925 596 ῥομφαίας
2972 526 3087 595 τὴν
3130 529 3340 599 ψυχήν
3385 549 3519 600 μου,
3562 534 3663 588 καί

2076 618 2146 673 ἐκ
2190 619 2390 689 χειρὸς
2428 619 2618 686 κυνὸς
2642 621 2760 688 τὴν
2770 619 3069 692 μονογενῆ
3091 641 3231 691 μου.
3258 622 3469 679 Σῶσόν
3485 642 3563 695 με
3590 627 3660 680 ἐκ

2078 712 2376 779 στόματος
2394 710 2665 777 λέοντος,
2690 711 2786 766 καὶ
2813 711 2930 765 ἀπὸ
2963 712 3226 781 κεράτων
3242 716 3663 784 μονοκερὼτων

2076 800 2192 871 τὴν
2233 803 2600 859 ταπείνωσίν
2634 822 2775 873 μου.
2824 804 3073 875 Συνῆπτο
3121 805 3252 874 γοῦν
3296 805 3505 871 τούτοις
3562 809 3658 864 του

2075 891 2443 963 Διηγήσομαι
2475 892 2541 946 τὸ
2580 893 2768 964 ὄνομά
2793 911 2910 949 σου
2946 895 3069 962 τοῖς
3100 895 3384 966 ἀδελφοῖς
3420 917 3564 968 μου,
3591 900 3663 955 ἐν

2068 984 2238 1055 μέσῳ
2270 985 2637 1053 Ἐκκλησίας
2668 985 2919 1056 ὑμνήσω
2955 1004 3048 1042 σε.
3081 990 3191 1043 Καὶ
3214 991 3273 1043 ἐν
3302 992 3415 1055 τοῖς
3442 1008 3665 1064 προκει-

2078 1071 2261 1141 μένοις
2305 1072 2704 1144 παραπλησίως
2760 1075 3063 1147 προειπώνε
3128 1070 3663 1149 Ἀποκατάστησον

2075 1162 2191 1232 τὴν
2217 1163 2429 1234 ψυχήν
2460 1183 2580 1234 μου
2613 1164 2729 1220 ἀπὸ
2767 1164 2879 1235 τῆς
2907 1168 3264 1238 κακουργίας
3290 1168 3509 1235 αὐτῶν,
3540 1168 3662 1226 ἀπὸ

2071 1254 2339 1307 λεόντων
2364 1252 2479 1323 τὴν
2510 1254 2810 1325 μονογενῆ
2846 1273 2986 1324 μου,
3028 1256 3299 1327 ὲπιλέγει’
3342 1258 3659 1329 Ἐξομολο-

2072 1341 2342 1413 γήσομαί
2388 1360 2490 1398 σοι
2529 1345 2600 1398 ἐν
2627 1345 2928 1414 ἐκκλησίᾳ
2962 1346 3186 1416 πολλῇ,
3235 1348 3449 1415 ἑνλαῷ
3485 1350 3662 1419 ,ϐαρεῖ

2070 1434 2290 1496 αἰνέσω
2317 1451 2411 1491 σε.
2451 1438 2596 1491 Ἀντὶ
2621 1437 2678 1491 δὲ
2705 1438 2821 1504 τοῦ,
2845 1440 3042 1508 βάρεῖ,
3075 1442 3104 1493 ὁ
3144 1441 3375 1505 Ἀκύλας
3401 1441 3661 1509 ἐξέδωκεν

2071 1527 2344 1594 ὀστεΐνῳ,
2380 1529 2676 1596 τουτέστιν,
2716 1529 2951 1603 ἰσχυρῷ,
2981 1532 3106 1586 ἐπεὶ
3144 1532 3237 1586 τοῦ
3297 1534 3498 1598 παντὸς
3556 1532 3662 1587 σώ-

2074 1636 2243 1691 ματος
2278 1619 2348 1675 τὰ
2375 1621 2726 1677 δυνατώτατα
2754 1624 2848 1677 ml.
2877 1625 3202 1697 ἰσχυρότατα
3224 1625 3357 1680 ὀστᾶ
3382 1628 3656 1697 τυγχάνει.

2070 1713 2254 1787 Βαρὺς
2284 1712 2378 1770 οὖν
2407 1719 2436 1771 ό
2461 1718 2554 1771 ἐπὶ
2581 1718 2679 1789 τὴν
2700 1718 2908 1792 πέτραν
2932 1719 3414 1791 τεθεμελιωμένος,
3456 1723 3485 1774 ὁ
3528 1721 3647 1785 ἀσά-

383 1814 514 1855 vera
563 1807 649 1856 est
692 1800 809 1857 haec
854 1801 1111 1867 ecclesia,
1146 1816 1311 1872 quam
1350 1802 1405 1856 in
1438 1801 1651 1873 psalmo
1692 1817 1787 1856 xxI
1849 1817 1967 1856 ma-

2077 1810 2254 1874 λευτος
2291 1809 2385 1863 καὶ
2427 1810 2696 1883 άρῤαγής.
2752 1812 2843 1883 Τῷ
2884 1812 3061 1867 τοίνυν
3112 1812 3287 1885 Πατρί
3323 1812 3661 1884 ἐξομολογεῖ-

384 1906 550 1966 gnam
583 1892 823 1958 vocavit,
860 1893 1084 1949 dicens:
1119 1893 1274 1963 Apud
1304 1902 1354 1948 te
1376 1894 1493 1949 laus
1525 1911 1643 1950 mea
1659 1896 1712 1948 in
1743 1895 1966 1950 ecclesia

383 2003 603 2058 magna.
651 1984 814 2043 Pater
845 1986 1013 2057 igitur
1035 1986 1264 2057 gloriam
1300 1985 1448 2042 Filio
1477 1987 1534 2042 in
1580 1988 1819 2043 ecclesia
1844 2002 1965 2041 ma—

384 2094 492 2151 gna
524 2080 815 2148 conciliat;
851 2079 1026 2136 Filius
1057 2087 1242 2135 autem
1269 2078 1420 2135 Patri
1452 2081 1751 2141 conﬁtetur
1785 2082 1840 2135 in
1876 2095 1968 2135 ec-

383 2174 554 2231 clesia
601 2175 801 2240 multa,
853 2190 976 2247 quae
1038 2174 1255 2235 scilicet
1308 2175 1368 2230 in
1418 2176 1678 2231 universa
1722 2173 1968 2231 Ecclesia

384 2267 686 2324 stabilitur.

2066 1916 2177 1963 ται,
2211 1898 2550 1971 εὐχαριστῶν
2583 1901 2676 1953 ἐπὶ
2694 1903 2761 1973 τῇ
2821 1900 3114 1971 Ἐκκλησία
3159 1897 3323 1954 αὑτοῦ
3361 1901 3426 1970 τῇ
3469 1898 3658 1971 πολλῇ.

2068 1990 2244 2061 Πολλὴ
2266 1991 2376 2063 γὰρ
2405 1990 2480 2056 ὡς
2511 1990 2722 2062 ἀληθῶς
2771 1990 2909 2063 αὕτη
2942 1994 2976 2064 ἡ
3015 1990 3309 2063 Ἐκκλησία
3329 2007 3343 2021 ’
3394 1990 3461 2061 ἢν
3496 1990 3555 2042 ὲν
3583 1987 3663 2060 τῷ

2068 2081 2301 2154 εἰκοστῷ
2345 2082 2549 2155 πρώτῳ
2598 2084 2840 2155 μεγάλην
2888 2084 3172 2154 ὠνόμασεν
3231 2080 3435 2136 εἰπών·
3493 2078 3663 2149 Παρὰ

2068 2175 2186 2231 σοῦ
2232 2179 2265 2230 ό
2302 2175 2550 2243 ἔπαινός
2587 2194 2706 2247 μου
2748 2177 2818 2230 ἐν
2851 2177 3151 2244 ἐκκλησίᾳ
3179 2174 3432 2245 μεγάλῃ.
3472 2173 3531 2226 Ὀ
3564 2172 3666 2243 μὲν

2067 2262 2160 2320 οὖν
2189 2267 2378 2338 Πατὴρ
2401 2267 2620 2323 ἔπαινον
2657 2267 2734 2339 τῷ
2763 2267 2893 2339 Υἰῷ]
2916 2266 3313 2340 κατεργάζεται
3346 2266 3406 2319 ὲν
3437 2263 3666 2333 Ἐκκλη-

384 2362 478 2436 σία
510 2363 748 2439 μεγάλῃ·
791 2363 822 2417 δ
860 2365 919 2420 δὲ
938 2364 1068 2429 Υἰδς
1102 2363 1507 2438 ὲξομολογεῖται
1534 2363 1614 2436 τῷ
1655 2363 1831 2435 Πατρί
1871 2364 1931 2417 ὲν
1979 2363 2279 2436 Ἐκκλησία
2322 2363 2515 2439 πολλῇ,
2543 2365 2609 2435 τῇ
2651 2363 2780 2434 καθ’⁴
2805 2363 2935 2435 ὅλης
2962 2363 3061 2435 τῆς
3130 2361 3455 2434 Ἐκκλησίας
3515 2358 3664 2429 ἱδρυτ

387 2454 546 2529 μένῃ.

457 2545 626 2603 Vens.
659 2547 852 2603 i9-2l.
908 2548 1035 2604 Non
1080 2548 1507 2618 supergaudeant
1554 2549 1685 2604 mihi
1735 2549 1826 2621 qui
1871 2547 1969 2603 ad-

2146 2542 2244 2613 Μὴ
2273 2539 2711 2613 ἐπιχαρείησάν
2737 2558 2841 2611 μοι
2876 2542 2931 2595 οι
2971 2538 3391 2610 ἐχθραίνοντές
3410 2557 3511 2609 μοι
3536 2539 3666 2596 ἁδί-

383 2648 664 2696 υεηαηιιιι·
690 2641 822 2695 mihi
853 2643 1051 2714 inique,
1078 2644 1168 2715 qui
1211 2642 1439 2698 oderunt
1483 2660 1564 2698 me
1593 2643 1761 2714 gratis
1798 2651 1846 2698 et
1871 2660 1971 2697 an-

2077 2653 2194 2702 κως
2213 2674 2229 2701 ,
2272 2637 2328 2689 ol
2371 2632 2699 2705 μισοῦντές
2739 2650 2816 2702 με
2865 2631 3093 2701 δωρεὰν
3136 2630 3237 2686 καί
3288 2631 3668 2701 διανεύοντες

383 2741 559 2795 nuunt
587 2732 774 2788 oculis.
806 2734 1074 2801 Quoniam
1117 2735 1246 2790 mihi
1284 2735 1495 2806 quidem
1526 2737 1748 2807 paci/ioc
1791 2735 1971 2807 loque-

2077 2724 2427 2795 ὀφθαλμοῖς.
2461 2726 2590 2779 Ὅτι
2630 2723 2761 2794 ἐμοὶ
2800 2722 2918 2793 μὲν
2947 2720 3220 2791 εἰρηνικὰ
3253 2721 3541 2787 ἐλάλουν,
3569 2724 3669 2778 καὶ

386 2821 602 2888 bantur,
626 2832 676 2879 et
702 2825 757 2879 in
804 2825 1087 2880 iracundia
1123 2825 1276 2889 dolos
1303 2826 1629 2897 cogitabant.
1672 2825 1745 2881 Et
1769 2826 1972 2881 dilata-

2077 2818 2168 2873 ex
2224 2815 2373 2887 ὀργῇ
2419 2815 2642 2880 δόλους
2689 2811 3104 2883 διελογίζοντο.
3152 2812 3263 2866 Καὶ
3320 2811 3672 2867 ἐπλάτυναν

384 2921 567 2972 verunt
600 2929 757 2983 super
788 2930 869 2969 me
895 2932 953 2971 os
975 2933 1152 2982 suum,
1188 2916 1477 2971 dixerunt:
1509 2914 1678 2987 Euge,
1709 2933 1858 2985 euge,
1902 2917 1973 2971 ui-

2077 2910 2170 2963 ért‘
2195 2909 2301 2978 ἐμὲ
2331 2907 2398 2961 τὸ
2434 2908 2629 2977 στόμα
2664 2906 2895 2961 αὐτῶν·
2927 2901 3132 2959 εἷπον·
3174 2899 3352 2974 Εὖγε,
3391 2899 3553 2975 εὖγε,
3583 2901 3668 2960 εἷ-

383 2999 575 3069 derunt
613 3003 754 3058 oculi
788 3006 976 3060 nostri.
1032 3004 1089 3061 Si
1125 3013 1251 3078 post
1309 3007 1621 3077 passionem
1671 3006 1972 3062 Salvatoris

2079 3000 2189 3055 δον
2213 3004 2269 3056 οὶ
2287 2999 2579 3070 ὀφθαλμοὶ
2608 2998 2797 3068 ἡμῶν.
2815 2998 2878 3051 Εἰ
2911 2997 2985 3068 μὴ
3006 2996 3075 3050 τὰ
3091 2996 3220 3067 τέλη
3254 2995 3405 3049 αίσια
3436 2996 3505 3049 τὰ
3533 2997 3670 3068 μετὰ

384 3092 567 3155 nostri
600 3108 712 3150 non
748 3093 968 3153 faustus
1016 3113 1200 3153 rerum
1233 3098 1416 3154 exitus
1454 3100 1607 3155 visus
1667 3105 1811 3157 esset
1835 3138 1850 3163 ,
1879 3099 1973 3169 qui

2077 3090 2177 3163 τοῦ,
2194 3061 2399 3156 πάθους
2416 3061 2511 3145 τού
2696 3107 2785 3161 ρος
2813 3061 2984 3160 ἡμων.
3003 3061 3232 3160 ἑωρᾶτο,
3260 3088 3399 3159 τάχα
3432 3061 3545 3141 που,
3563 3086 3672 3159 χὼ-

384 3181 442 3238 in
466 3199 590 3241 eum
612 3187 1084 3257 conspiraverant,
1105 3189 1154 3244 ei
1181 3189 1599 3260 supergaudendi
1621 3205 1684 3244 ac
1718 3189 1977 3246 deriden-

385 3273 440 3330 di
476 3290 602 3330 cum
631 3275 770 3339 forte
789 3278 967 3333 locum
997 3279 1341 3344 habuissent,
1366 3287 1555 3350 utpote
1580 3280 1673 3349 qui
1698 3280 1766 3335 de
1794 3278 1976 3335 medio

387 3357 640 3432 sublatus
689 3368 828 3427 nihil
876 3370 1190 3427 valuisset:
1233 3378 1288 3424 at
1318 3370 1540 3441 quando
1577 3369 1822 3425 Ecclesia
1855 3370 1979 3438 ejus

384 3458 557 3527 multa
590 3466 644 3515 et
676 3476 871 3536 magna
916 3477 1013 3532 per
1037 3470 1211 3516 totum
1238 3463 1426 3518 orbem
1466 3460 1797 3533 resplendet,
1832 3462 1979 3532 ipse—

387 3565 496 3621 que
528 3551 798 3608 hactenus
853 3553 910 3607 in
942 3552 1123 3609 medio
1162 3555 1494 3619 consistens,
1521 3553 1782 3627 populum
1815 3569 1976 3608 suum

386 3656 609 3715 gravem
644 3650 1036 3728 potentemque
1062 3652 1382 3717 congregat,
1409 3661 1473 3700 ac
1511 3660 1608 3715 per
1656 3659 1781 3699 eum
1826 3643 1978 3705 Patri

387 3748 492 3789 suo
520 3734 815 3803 conﬁtetur
839 3753 854 3798 ;
878 3750 1005 3789 nam
1040 3736 1132 3796 ubi
1164 3737 1268 3791 duo
1290 3737 1368 3791 vel
1399 3746 1502 3791 tres
1526 3736 1829 3807 congregati
1862 3736 1981 3807 fue-

387 3823 498 3878 rint
527 3823 583 3878 in
610 3825 817 3895 nomine
831 3825 969 3895 ejus,
993 3826 1106 3881 illic
1130 3844 1248 3882 sum
1273 3828 1327 3882 in
1349 3828 1520 3882 medio
1538 3844 1721 3882 eorum
1744 3828 1787 3860 ’⁵³
1812 3847 1826 3895 ;
1853 3828 1978 3899 jure

390 3913 493 3981 illi,
526 3916 621 3987 qui
656 3918 854 3975 alienis
892 3920 1149 3976 laetantur
1188 3922 1371 3987 malis,
1404 3923 1614 3993 pudore
1641 3922 1856 3989 sullusi,
1888 3938 1979 3978 re-

391 4011 486 4069 tro
540 4007 949 4070 abscesserunt.
1004 4009 1149 4077 Quid
1203 4014 1351 4067 enim
1398 4013 1687 4067 inimicitia
1747 4013 1979 4083 dignum

387 4096 637 4169 perpessi
665 4104 876 4153 tantum
906 4099 1029 4169 ejus
1049 4104 1239 4159 odium
1270 4104 1571 4171 ceperunt?
1596 4101 1779 4169 Quare
1806 4103 1980 4174 Aqui-

386 4185 465 4251 la,
503 4187 618 4254 sine
646 4204 834 4254 causa,
868 4190 1265 4262 interpretatus
1299 4201 1403 4248 est.
1433 4192 1770 4248 Annuebant
1797 4204 1979 4250 autem

387 4279 568 4336 oculis
591 4296 677 4336 me
706 4282 1043 4352 deridentes,
1073 4284 1569 4356 institutionesque
1603 4302 1756 4341 meas
1783 4286 1852 4341 ad
1885 4301 1979 4343 sa-

387 4371 651 4445 pientiam
675 4373 837 4449 datas
865 4377 1239 4436 traducentes.
1260 4377 1549 4448 Deinceps,
1579 4376 1713 4431 Mihi
1742 4377 1975 4447 quidem,

388 4467 591 4539 inquit,
619 4470 837 4545 paci/ica
869 4469 1239 4543 loquebantur,
1281 4470 1379 4527 sed
1428 4471 1485 4525 in
1517 4471 1685 4526 corde
1722 4485 1824 4525 suo
1875 4468 1975 4524 do-

387 4559 474 4619 los
502 4568 557 4616 et
587 4560 929 4617 iracundiam
975 4563 1403 4622 meditabantur.
1448 4562 1576 4624 Haec
1620 4569 1804 4633 autem
1842 4569 1974 4619 tunc

387 4654 611 4724 impleta
632 4661 783 4721 sunt,
807 4670 933 4710 cum
958 4656 1223 4712 Pharisaei
1274 4657 1623 4712 occasionem
1684 4663 1975 4726 captantes

388 4742 648 4800 dicebant
680 4745 759 4800 illi
790 4765 805 4801 ε
831 4743 1112 4816 Magister,
1143 4746 1342 4802 scimus
1363 4748 1491 4817 quia
1507 4761 1667 4803 verax
1693 4763 1768 4812 es,
1792 4756 1841 4801 et
1863 4762 1977 4803 ver-

393 4834 518 4899 bum
540 4834 642 4891 Dei
674 4837 726 4890 in
749 4838 969 4903 veritate
983 4837 1160 4912 doces,
1194 4848 1244 4893 et
1270 4856 1375 4894 non
1406 4848 1486 4894 est
1518 4839 1612 4892 tibi
1634 4855 1764 4893 cura
1784 4838 1846 4894 de
1879 4838 1982 4911 ali-

387 4945 492 5000 quo
514 4946 535 4996 ;
568 4947 673 4986 non
698 4932 837 5006 enim
873 4933 1091 5002 respicis
1112 4948 1391 5001 personam
1412 4949 1431 5001 ;
1457 4932 1542 4987 die
1560 4950 1680 5002 ergo
1704 4933 1874 4999 nobis,
1909 4935 1977 5006 li-

387 5032 470 5077 cet
518 5038 736 5080 censum
782 5023 914 5101 dare
952 5024 1160 5087 Caesari
1190 5042 1260 5080 an
1312 5043 1416 5080 non
1437 5025 1532 5079 “‘2
1564 5024 1740 5081 Hasce
1772 5027 1977 5097 quippe

389 5129 557 5172 voces
587 5131 712 5173 cum
754 5117 882 5173 dolo
911 5117 1266 5189 proferebant
1303 5135 1318 5173 :
1350 5133 1521 5188 quare
1540 5118 1657 5173 haec
1692 5117 1847 5188 prius
1877 5116 1977 5171 ad-

393 5205 685 5262 umbrabat
719 5208 806 5265 bis
838 5209 1021 5265 verbis
1049 5227 1062 5263 :
1095 5209 1231 5264 Mihi
1285 5209 1496 5281 quidem
1544 5210 1765 5281 paciﬁca
1795 5209 1979 5280 loque-

392 5294 605 5363 bantur,
629 5300 755 5353 etin
783 5300 1064 5357 iracundia
1084 5303 1235 5357 dolos
1265 5303 1593 5373 cogitabant.
1620 5299 1728 5356 Sed
1743 5301 1836 5355 hic
1860 5299 1983 5371 qui-

392 5382 517 5437 dem
541 5385 731 5442 dolose
764 5404 888 5443 cum
913 5405 979 5446 eo
1008 5392 1282 5463 colloquia
1317 5393 1732 5459 miscebant;at
1759 5392 1815 5446 in
1846 5390 1975 5455 line,

392 5480 642 5545 tempore
664 5480 959 5548 passionis,
984 5482 1147 5551 pleno
1168 5498 1264 5538 ore
1290 5484 1624 5552 clamabant,
1654 5485 1978 5555 sanguinem

393 5563 516 5635 ejus
547 5576 865 5638 expetentes
894 5586 1058 5643 super
1088 5588 1149 5643 se
1175 5583 1230 5629 et
1256 5589 1423 5645 super
1452 5574 1595 5631 ﬁlios
1626 5591 1758 5633 suos
1787 5599 1797 5632 :
1830 5574 1978 5647 quod

2085 3200 2182 3255 ραν
2210 3178 2355 3253 εἶχον
2397 3180 2777 3251 καταχαρῆναι
2814 3177 2977 3260 αὐτού
3016 3178 3066 3230 οἰ
3089 3176 3191 3249 τὴν
3217 3179 3337 3231 κατ’
3372 3176 3537 3230 αὑτοῦ
3572 3193 3668 3229 συ·-

2080 3276 2285 3347 σκευὴν
2319 3272 2789 3345 μεμηχανημένοι,
2821 3271 2898 3334 ὼς
2940 3269 3327 3339 ἀφανισθέντος
3364 3273 3458 3325 καὶ
3502 3272 3675 3344 μηδὲν,

2078 3367 2438 3440 δεδυνημένου
2462 3383 2476 3396 ’
2513 3366 2636 3419 ἐπεὶ
2656 3365 2712 3418 δὲ
2737 3367 2772 3437 ἡ
2810 3364 3107 3437 Ἐκκλησία
3132 3362 3296 3439 αὐτοῦ
3318 3365 3351 3435 ἡ
3382 3363 3548 3434 πολλὴ
3573 3366 3670 3418 καὶ

2084 3461 2294 3534 μεγάλη
2328 3459 2625 3530 διαλάμπει
2672 3458 2793 3512 καθ’
2830 3457 2958 3530 ὅλης
2997 3459 3095 3529 τῆς
3116 3458 3464 3529 οἰκουμένης·
3509 3456 3673 3533 αὐτός

2078 3570 2139 3607 τε
2166 3554 2337 3607 εἰσέτι
2357 3552 2451 3606 καὶ
2473 3551 2569 3606 νῦν
2598 3554 2656 3611 ἐν
2686 3549 2837 3622 μέσῳ
2864 3548 3033 3614 ἑστὼς
3057 3552 3350 3622 συγκροτεῖ
3380 3549 3472 3603 τὸν
3498 3548 3673 3620 βαρὺν

2080 3647 2176 3699 καὶ
2201 3645 2422 3700 δυνατὸν
2458 3643 2623 3698 αὐτοῦ
2664 3643 2811 3709 λαὸν,
2844 3644 2938 3698 καὶ
2966 3641 3368 3715 ὲξομολογείται
3401 3642 3466 3695 δι’
3490 3640 3670 3696 αὐτῶν

2080 3737 2159 3809 τῷ
2209 3736 2403 3792 ἑαυτοῦ
2452 3735 2655 3808 Πατρί·
2697 3736 2881 3788 Ὅπου
2932 3733 3041 3807 γὰρ
3084 3734 3193 3788 δύο
3237 3733 3275 3802 ἢ
3322 3732 3481 3802 τρεῖς
3521 3749 3672 3787 συν-

2080 3828 2328 3899 ηγμένοι
2355 3830 2445 3895 είς
2468 3828 2534 3882 τὸ
2551 3826 2736 3882 αὐτοῦ
2753 3826 2965 3896 ὄνομα,
2986 3826 3115 3880 ἐκεῖ
3127 3828 3244 3897 ειμί
3273 3828 3343 3882 ἐν
3364 3828 3531 3898 μέσῳ
3560 3830 3672 3883 αὑ·-

2080 3923 2229 3978 τῶν·
2253 3924 2478 3987 εἰκότως
2506 3923 2559 3995 oi
2588 3919 3080 3992 ἐπιχαιρεσίκακοι,
3113 3922 3376 3993 αἰσχύνην
3399 3921 3671 3992 καταχεά-

2085 4032 2259 4086 μενοι,
2284 4011 2715 4085 ἀπεστράφησαν
2741 4011 2820 4073 εἰς
2847 4009 2916 4062 τὰ
2936 4011 3131 4066 ὀπίσω.
3164 4010 3231 4065 Τί
3261 4011 3370 4080 γὰρ
3393 4010 3488 4064 καὶ
3520 4010 3671 4075 ἄξιον

2082 4106 2283 4179 ἔχθρας
2320 4104 2583 4168 παθόντες
2619 4103 2680 4156 τὸ
2713 4101 2849 4174 πρὸς
2893 4103 3053 4156 αὐτὸν
3085 4104 3283 4175 ηραντο
3324 4105 3509 4174 μῖσος;
3559 4102 3670 4156 διό-

2083 4215 2191 4270 περ
2243 4198 2273 4250 ὁ
2306 4195 2558 4260 Ἀκύλας,
2609 4194 2907 4264 ἀναιτίως,
2938 4194 3271 4266 ἡρμήνευσε.
3322 4197 3567 4247 Διένευον
3613 4192 3674 4248 δὲ

2082 4288 2381 4360 ὀφθαλμοῖς
2430 4287 2781 4359 χλευάζοντες
2826 4287 3024 4351 αὐτὸν,
3073 4287 3167 4340 καὶ
3204 4286 3554 4359 διασύροντες
3603 4284 3677 4341 τὰ

2081 4383 2180 4454 τῆς
2220 4380 2412 4451 σοφίας
2448 4396 2547 4451 μου
2592 4378 2956 4449 παιδεύματα.
3002 4373 3157 4441 Εἶτα,
3202 4377 3358 4446 Ἐμοὶ
3399 4376 3537 4446 μὲν,
3569 4394 3677 4448 φη.

2083 4473 2187 4541 civ,
2216 4471 2487 4541 εἰρηνικὰ
2526 4470 2816 4535 ἐλάλουν,
2851 4472 2906 4523 ἐν
2939 4469 2997 4533 δὲ
3025 4472 3092 4541 τῇ
3126 4469 3326 4542 καρδίᾳ.
3371 4468 3553 4523 αὐτῶν
3589 4470 3677 4523 δό-

2080 4566 2205 4629 λους
2264 4564 2360 4618 καὶ
2411 4563 2581 4636 ὀργῆν
2650 4559 3025 4630 διελογίζοντο.
3071 4559 3406 4632 Ἐπληροῦτο
3458 4560 3515 4614 δὲ
3582 4563 3679 4621 καὶ

2077 4657 2275 4723 ταῦτα,
2308 4656 2398 4709 ὅτε
2444 4653 2618 4717 λαϐὰς
2660 4653 2968 4725 θηρώμενοι
3024 4650 3208 4721 ἔλεγον
3244 4652 3380 4723 πρὸς
3422 4652 3582 4707 αὑτὸν
3626 4654 3685 4729 οἰ)

2077 4747 2378 4819 Φαρισαῖοι⁹
2433 4743 2806 4808 Διδάσκαλε,
2868 4742 3131 4813 οἴδαμεν,
3179 4742 3269 4797 ὅτι
3312 4743 3545 4812 ἀληθὴς
3601 4740 3675 4810 εἷ,

2079 4838 2180 4892 καὶ
2219 4837 2328 4892 τὸν
2366 4841 2552 4908 λόγον
2579 4836 2686 4891 τοῦ
2722 4836 2870 4890 Θεοῦ
2899 4835 2992 4912 ἐφ’
3026 4836 3311 4903 ἀληθείας
3349 4834 3685 4917 διδάσκεις,

2080 4931 2178 4985 καί
2210 4932 2281 4985 οὐ
2330 4928 2505 4999 μέλει
2547 4947 2648 4985 σοι
2686 4930 2820 4999 περὶ
2855 4927 3136 4993 οὐδενός-³
3173 4929 3245 4982 οὐ
3287 4929 3397 4997 γὰρ
3424 4927 3678 4995 βλέπεις

2079 5025 2169 5089 είς
2204 5023 2560 5090 πρόσωπον·
2615 5019 2746 5076 εἰπὲ
2799 5016 2912 5077 οὖν
2960 5019 3137 5090 ἡμῖν·
3172 5019 3417 5085 Ἔξεστι
3468 5019 3682 5089 δοῦναι⁴

2081 5112 2317 5181 κῆνσον
2360 5113 2616 5185 Καίσαρι
2659 5110 2699 5181 ἢ
2733 5111 2841 5176 oi};
2891 5111 3108 5181 Ταύτας
3145 5109 3254 5182 γὰρ
3301 5110 3490 5174 δολίως
3546 5126 3678 5181 προτ

2083 5203 2279 5276 έφερον
2310 5203 2410 5268 τὰς
2439 5204 2623 5273 φωνάς
2641 5218 2655 5234 ’
2695 5202 2776 5256 διὸ
2807 5201 3095 5274 προλαϐὼν
3127 5195 3279 5256 ταῦτ’
3307 5202 3553 5274 ᾐνίττετο
3579 5203 3676 5273 φά-

2086 5281 2231 5349 σκων
2250 5311 2265 5325 ·
2315 5295 2479 5364 Ἐμοὶ
2506 5293 2620 5365 μὲν
2649 5296 2919 5364 εἰρηνικὰ
2959 5291 3246 5358 ἐλάλουν,
3278 5294 3377 5368 καὶ
3412 5295 3507 5348 ἐπ’
3532 5293 3683 5373 ὀργῇ

2084 5386 2308 5455 δόλους
2334 5386 2751 5458 διελογίζοντο.
2795 5387 2933 5440 Ἀλλ’
2959 5387 3192 5443 ἐνταῦθα
3235 5386 3333 5459 μὲν
3363 5386 3550 5449 δολίως
3579 5386 3678 5452 τὰς

2087 5482 2224 5548 πρὸς
2257 5481 2420 5535 αὑτὸν
2444 5479 2726 5535 ἐποιοῦντο
2757 5480 3005 5552 ὁμιλίας·
3042 5482 3102 5535 ὲν
3126 5480 3271 5534 τέλει
3298 5497 3362 5548 γε
3399 5480 3507 5552 μὴν
3540 5480 3687 5547 κατὰ

2087 5576 2179 5630 τὸν
2212 5576 2403 5647 καιρὸν
2422 5574 2516 5629 τοῦ
2548 5574 2753 5640 πάθους
2780 5575 2886 5645 ὅλῳ
2910 5574 2989 5646 τῷ
3020 5573 3249 5645 στόματι
3278 5574 3448 5630 ἐϐόων
3474 5572 3667 5641 αἱτοῦν

488 5745 997 5819 “Psal.xx1.22,25.
1046 5751 1088 5786 "
1129 5753 1319 5822 Matth.
1352 5773 1528 5828 svnt,
1559 5756 1651 5814 20.
1727 5757 1774 5792 “
1813 5755 1973 5815 Matth

2080 5773 2192 5826 xu,
2230 5756 2430 5823 16,17.
