4138 6380
388 397 499 453 1515

1508 401 2019 460 COMMENTARIA
2059 404 2128 458 IN
2170 402 2514 460 PSALMOS.

3580 409 3688 465 '5”

346 530 349 533 ·
385 529 477 576 τες
505 510 672 565 αὐτοῦ
705 511 765 564 τὸ
791 507 931 584 αἷμα
957 511 1078 567 καθ’
1102 512 1311 567 ἑαυτῶν
1341 514 1603 568 καὶκατὰ
1636 515 1744 569 τῶν
1786 516 1976 570 τέκνωη

2099 517 2279 586 ipsum
2307 515 2398 570 hic
2427 514 2692 583 declarat,
2721 524 2798 571 ita
2830 515 3062 587 loquens
3096 535 3110 571 :
3139 514 3509 570 Dilataverunt
3532 531 3690 586 super

387 604 602 660 αὐτῶν
634 605 663 659 ὃ
690 605 754 678 δὴ
776 606 870 659 καὶ
903 605 1056 676 αὐτῷ
1088 606 1387 678 παρίστησι
1429 607 1517 662 διὰ
1553 609 1662 662 τῶν
1689 610 1986 680 προκειμέ-

385 712 492 750 νων
519 694 724 764 λέγωνο
759 695 1142 750 Ἐπλάτυναν
1173 697 1265 749 ἐπ’
1287 696 1393 766 ἐμὲ
1422 696 1488 750 τὸ
1520 699 1716 768 στόμα
1747 700 1980 760 αὐτῶν.

385 781 499 840 Εἶτ’
535 783 726 853 ἐπειδὴ
772 786 1044 857 παρεδόθη
1079 787 1262 852 αὐτοῖς
1305 788 1382 852 ὡς
1414 787 1684 858 πρόϐατον
1717 791 1810 844 ἐπὶ
1843 809 1985 860 σφα-

383 877 510 951 γὴν,
554 879 651 933 καὶ
685 877 766 942 ὡς
804 879 978 951 ἀμνὸς
1021 881 1226 944 ἄκακος
1268 881 1508 934 ἐναντίον
1562 883 1656 935 τοῦ
1701 884 1985 956 κείραντος

382 972 620 1040 ἄφωνος,
655 973 889 1045 ὁρῶντες
919 973 1084 1027 αὐτοῦ
1117 973 1178 1026 τὸ
1216 974 1389 1039 πάθος
1425 974 1773 1045 ἐπεφώνουν·
1801 974 1981 1047 Εὖγε,

380 1061 544 1136 εὖγε,
578 1063 745 1120 εἶδον
773 1069 827 1119 οἱ
860 1067 1155 1136 ὀφθαλμοὶ
1187 1067 1376 1137 ἡμῶν.

448 1153 642 1222 Εἶδες,
682 1158 893 1226 Κύριε,
929 1157 1017 1226 μὴ
1064 1160 1564 1229 παρασιωπιξσῃς.
1622 1160 1734 1213 Καὶ
1775 1159 1983 1213 ἄνωθεν

381 1245 536 1304 εἴπεο
588 1250 743 1303 Πότε
799 1251 1036 1320 ἐκκόψω
1091 1253 1186 1306 καὶ
1247 1253 1337 1306 διὰ
1391 1253 1501 1306 τῶν
1556 1252 1935 1324 προκειμένων
1964 1271 1978 1284 ο

381 1341 578 1407 Εἶδες,
610 1342 806 1409 Κύριε.
832 1343 898 1394 Τί
929 1341 985 1395 δὲ
1032 1341 1202 1408 εἷδεν;
1243 1344 1329 1408 Ὠς
1373 1343 1564 1408 δολίως
1616 1344 1765 1415 αὐτῷ
1811 1362 1982 1417 προσ-

379 1434 572 1506 ῄεσαν,
606 1435 699 1489 καὶ
739 1435 814 1499 ὡς
854 1436 1162 1490 ὲπλάτυναν
1211 1439 1332 1490 κατ’
1369 1437 1536 1490 αὐτοῦ
1574 1439 1634 1491 τὸ
1669 1438 1843 1508 στόμα
1887 1440 1983 1492 αὺ-

380 1527 512 1593 τῶν,
550 1529 646 1581 καὶ⁴
672 1528 748 1591 ὡς
781 1529 899 1581 κατ’
933 1529 1100 1599 εὐχὰς
1142 1528 1453 1601 πράξαντες
1497 1530 1770 1583 ἐπεϐόων·
1799 1527 1978 1600 Εὖγε,

378 1614 554 1688 εὖγε,
602 1614 768 1673 εἶδον
814 1622 869 1673 οὶ
923 1620 1219 1688 ὀφθαλμοὶ
1272 1619 1461 1688 ἡμῶν.
1516 1622 1587 1674 Σὺ
1639 1621 1730 1687 δὲ,
1783 1622 1978 1691 Κύριε,

375 1709 552 1762 ταῦτα
590 1709 946 1781 θεασάμενος,
994 1711 1366 1782 ἀνασχόμενος
1401 1729 1459 1765 τε
1493 1713 1587 1766 καὶ
1622 1713 1979 1788 μακροθυμή-

381 1819 503 1867 σας,
525 1801 612 1872 μὴ
637 1803 1120 1873 παρασιωπνήσῃς
1139 1821 1152 1834 ο
1188 1803 1303 1858 ἀλλ’
1331 1805 1617 1860 ἀναλαϐὼν
1658 1807 1720 1860 τὸ
1766 1807 1868 1877 τῆς
1903 1808 1980 1860 δι-

2088 625 2171 662 me
2217 627 2274 663 os
2327 625 2504 664 suum.
2536 608 2742 664 Deinde
2790 610 2922 680 quia
2958 609 3097 680 ipsis
3137 609 3376 665 traditus
3411 608 3514 663 fuit
3543 609 3688 664 sicut

2087 701 2210 756 ovis
2243 701 2311 755 ad
2348 701 2770 772 jugulationem,
2809 710 2864 757 et
2903 702 3048 756 sicut
3080 717 3257 772 agnus
3295 701 3416 757 sine
3450 701 3682 768 malitia,

2087 808 2275 850 coram
2310 794 2575 849 tondente
2603 794 2726 850 sine
2749 810 2906 858 voce,
2925 795 3178 849 videntes
3213 793 3334 864 ejus
3365 794 3682 864 passionem

2088 885 2172 939 sic
2217 885 2667 940 vociferabantur
2720 901 2732 941 :
2801 883 2969 955 Euge,
3028 883 3207 955 Euge!
3249 883 3494 940 viderunt
3543 885 3688 940 oculi

2087 977 2280 1031 nostri.

2160 1152 2544 1210 “235.2326.
2611 1152 2824 1219 Vidisti,
2870 1154 3117 1214 Domine,
3169 1171 3234 1209 ne
3284 1154 3466 1210 sileas.
3506 1154 3684 1226 Supe-

2086 1247 2204 1302 rius
2236 1247 2374 1300 dixit
2429 1267 2441 1302 :
2485 1247 2713 1314 Quando
2760 1250 3048 1316 respicies?
3097 1249 3153 1301 in
3197 1247 3454 1317 prteseuti
3500 1262 3682 1302 vero:

2097 1338 2310 1404 Vidisti,
2334 1340 2607 1396 Domine?
2636 1340 2843 1412 Ecquid
2863 1343 3037 1397 vidit?
3057 1341 3215 1409 Quod
3249 1342 3438 1398 dolose
3466 1358 3526 1397 se
3548 1358 3684 1398 con-

2085 1434 2360 1499 venerint,
2401 1443 2457 1488 et
2516 1433 2663 1503 quod
2719 1434 3078 1490 dilataverint
3137 1443 3334 1490 contra
3389 1437 3570 1506 ipsum
3619 1449 3684 1490 os

2086 1543 2270 1586 suum,
2301 1534 2356 1580 et
2401 1527 2573 1596 quod,
2617 1542 2676 1580 re
2731 1543 2831 1598 pro
2891 1536 3020 1582 voto
3075 1537 3250 1599 gesta,
3277 1528 3681 1584 clamaverint:

2085 1618 2255 1690 Euge,
2277 1617 2462 1688 Euge!
2493 1617 2734 1672 viderunt
2757 1621 2898 1673 oculi
2932 1621 3120 1674 nostri.
3143 1619 3225 1674 Tu
3258 1627 3465 1683 autem,
3498 1617 3686 1673 Domi-

2084 1726 2174 1779 ne,
2209 1712 2306 1782 qui
2343 1712 2459 1766 haec
2482 1712 2698 1778 vidisti,
2737 1713 2834 1769 sed
2873 1713 3151 1784 patienter
3183 1728 3249 1768 ac
3277 1713 3560 1769 moderate
3593 1723 3685 1767 tu-

2084 1803 2221 1870 listi,
2257 1820 2320 1858 ne
2342 1804 2501 1858 sileas
2531 1821 2549 1859 :
2581 1805 2678 1861 sed
2710 1814 2996 1877 assumpto
3015 1807 3247 1877 iustitia:
3279 1815 3386 1861 tuae
3417 1804 3682 1861 tribunali

377 1895 675 1968 καιοσύνης
703 1913 796 1949 σου
825 1898 1110 1968 κριτήριον
1129 1898 1254 1967 λέγε
1275 1916 1287 1929 ο
1325 1899 1514 1953 Ταῦτα
1535 1900 1851 1969 ἐποίησας,
1879 1901 1976 1954 καὶ

2086 1896 2174 1950 dic
2212 1915 2225 1949 :
2261 1895 2391 1950 llam
2435 1898 2630 1965 fecisti,
2658 1907 2708 1951 et
2757 1899 2899 1951 tacui
2939 1899 3024 1965 ‘7;
3073 1913 3138 1952 ac
3167 1913 3391 1952 rursum
3424 1917 3439 1953 :
3485 1896 3679 1960 Tacui,

377 1987 642 2056 ἑσίγησα
660 2005 672 2018 ·
709 1990 804 2042 καὶ
833 1989 993 2044 πάλιν
1017 2008 1031 2021 ’
1076 1990 1445 2060 Ἐσιώπησα,
1469 1993 1555 2062 μὴ
1588 1995 1686 2048 καὶ
1714 1994 1806 2047 ἀεὶ
1836 2010 1977 2048 σιω-

377 2076 683 2148 πήσομαι;
730 2079 1116 2150 Ἀνθρωπίνως
1135 2073 1194 2127 δὲ
1245 2081 1478 2134 ἱκετεύει
1519 2080 1693 2148 λέγων
1722 2081 1861 2152 πρὸς
1887 2081 1978 2134 τὸν

377 2169 572 2223 ἑαυτοῦ
613 2170 836 2242 Πατέρα
856 2187 870 2200 ·
912 2171 1011 2240 Μὴ
1045 2171 1324 2241 ἀποστῇς
1348 2173 1450 2226 ἀπ’
1480 2173 1626 2242 ἐμοῦ
1646 2189 1659 2202 ·
1692 2173 1807 2237 καὶ,
1846 2173 1976 2237 Ἐξ-

377 2261 649 2332 ειγέρθητι
683 2265 784 2318 καὶ
823 2265 1091 2334 πρόσχες
1119 2263 1194 2333 τῇ
1221 2265 1440 2333 κρίσει,
1473 2268 1506 2319 ό
1544 2267 1689 2332 Θεός
1711 2283 1831 2335 μου
1874 2266 1975 2320 καὶ

376 2355 408 2407 ὁ
434 2355 651 2421 Κυριός
690 2371 810 2423 μου
856 2357 944 2421 είς
993 2354 1110 2424 τὴν
1157 2355 1338 2424 δίκην
1370 2373 1511 2425 μου.
1549 2357 1708 2410 Κατὰ
1744 2357 1854 2428 γὰρ
1887 2356 1976 2409 τὸν

376 2444 568 2516 καιρὸν
598 2445 694 2498 τοῦ
725 2446 866 2518 ὑπὲρ
896 2446 1053 2518 ἡμῶν
1082 2446 1290 2512 πάθους
1313 2448 1567 2512 τοιαύτας
1588 2448 1740 2518 ἠφίει
1767 2447 1973 2518 φωνὰς,

376 2537 465 2590 ἵνα
513 2538 780 2610 πιστευθῇ
830 2538 1120 2612 ἅνθρωπος
1173 2540 1453 2611 ἀτρεκέως
1522 2540 1666 2594 κατὰ
1715 2540 1972 2612 ἀλήθειαν

377 2630 637 2701 γεγονὼς,
664 2632 758 2685 καὶ
784 2632 875 2686 τὸν
899 2633 1041 2704 ὑπὲρ
1075 2632 1232 2704 ἡμῶν
1263 2632 1492 2688 θάνατον
1514 2633 1776 2697 ἑκουσίως
1809 2651 1976 2687 κατα-

374 2723 682 2794 δεχόμενος.
737 2724 849 2778 Καὶ
891 2723 977 2793 μὴ
1026 2724 1466 2794 ἐπιχαρήσειάν
1495 2743 1620 2794 μοι,
1655 2725 1742 2795 μὴ
1791 2725 1975 2779 εἴποι-

375 2831 497 2868 σαν
548 2816 619 2868 ἐν
667 2816 943 2883 καρδίαις
981 2815 1214 2870 αὐτῶν·
1267 2812 1446 2887 Εὖγε,
1495 2813 1656 2886 εὖγε,
1705 2819 1744 2885 ἡ
1800 2817 1972 2887 ψυχὴ

374 2908 579 2978 ήμῶνί
619 2909 776 2978 μηδὲ
821 2909 1138 2963 εἵποισιιν·
1186 2911 1558 2979 Κατεπίομεν
1601 2911 1814 2976 αὐτόν,
1871 2911 1971 2963 Σοῦ

373 3002 506 3074 γὰρ,
521 3003 710 3072 φησιν,
732 3002 1112 3066 ἐπεξελθόντος
1136 3005 1248 3064 τοῖς
1267 3003 1712 3074 τετολμημένοις,
1743 3002 1834 3055 καὶ
1857 3002 1974 3074 κρί-

374 3112 565 3158 ναντος
599 3093 740 3148 κατὰ
767 3093 868 3164 τὴν
903 3093 1252 3163 δικαιοσύνην
1305 3109 1420 3158 σου,
1463 3093 1564 3145 οὐκ
1611 3095 1972 3166 ἐπιχαρήσον-

373 3202 496 3248 ται,
548 3184 657 3237 οὐδ’
705 3182 923 3255 ἐροῦσιν
972 3185 1030 3236 ὲν
1070 3189 1191 3248 ταῖς
1240 3185 1494 3256 καρδίαις
1526 3186 1739 3238 αὐτῶν·
1791 3183 1970 3256 Εὖγε,

2087 2007 2156 2044 an
2177 2007 2379 2060 semper
2403 1989 2582 2045 tacebo
2599 1992 2684 2046 ‘3?
2714 1991 2967 2047 Humano
2998 2001 3180 2046 autem
3207 2006 3361 2046 more
3395 1989 3547 2045 Patri
3577 2004 3682 2045 suo

2086 2082 2364 2152 supplicat
2396 2083 2484 2136 bis
2516 2078 2701 2138 verbis
2741 2099 2754 2138 :
2793 2082 2878 2139 Ne
2925 2083 3169 2138 discedas
3202 2101 3235 2137 a
3280 2099 3404 2147 me;
3430 2089 3485 2136 et
3521 2101 3534 2137 :
3567 2081 3682 2136 Εαεο

2084 2191 2239 2244 surge
2267 2185 2315 2228 et
2343 2175 2554 2229 intende
2589 2176 2800 2245 judicio
2824 2192 2960 2240 meo,
2990 2175 3134 2229 Deus
3158 2190 3302 2229 meus
3334 2184 3385 2228 et
3415 2172 3678 2228 Dominus

2085 2283 2233 2319 meus
2252 2267 2308 2320 in
2324 2283 2544 2320 causam
2578 2284 2768 2322 meam.
2800 2267 3071 2336 Tempore
3102 2281 3341 2336 namque
3377 2279 3478 2335 pro
3515 2264 3680 2318 nobis

2084 2364 2354 2429 susceptze
2387 2357 2664 2426 passionis
2698 2359 2835 2412 tales
2857 2357 3140 2411 emittebat
3170 2371 3356 2420 voces,
3395 2365 3455 2408 ut
3481 2353 3675 2408 crede-

2083 2457 2236 2504 retur
2265 2451 2428 2505 homo
2448 2451 2625 2506 factus
2648 2451 2952 2506 secundum
2982 2452 3061 2505 rei
3096 2450 3483 2511 veritatem,ac
3512 2463 3678 2517 spon-

2082 2545 2136 2593 te
2161 2554 2261 2609 pro
2300 2540 2462 2595 nobis
2488 2548 2721 2595 mortem
2778 2541 3118 2611 suscepisse.
3152 2539 3221 2592 Et
3245 2555 3350 2592 non
3379 2554 3676 2607 supergau-

2081 2629 2240 2685 deant
2271 2631 2419 2696 mihi,
2445 2650 2508 2688 ne
2543 2632 2727 2685 dicant
2763 2633 2817 2685 in
2861 2630 3110 2685 cordibus
3153 2631 3265 2684 suis
3295 2628 3505 2700 :Euge,
3531 2628 3679 2698 Euge

2083 2725 2277 2780 anima:
2315 2726 2537 2780 nostrae!
2568 2743 2660 2780 nec
2681 2725 2866 2778 dicant
2899 2723 3320 2779 :Devoravimus
3355 2741 3496 2778 eum.
3537 2723 3594 2777 Si
3616 2731 3676 2780 tu

2081 2817 2250 2880 enim,
2279 2817 2480 2888 inquit,
2511 2819 2625 2872 haec
2656 2817 2904 2872 facinora
2929 2816 3241 2881 ulciscaris,
3273 2827 3327 2871 et
3350 2817 3568 2886 judices
3589 2830 3678 2871 se-

2081 2907 2322 2962 cundum
2341 2907 2615 2977 justitiam
2651 2918 2823 2972 tuam,
2842 2923 3191 2979 nequaquam
3215 2907 3294 2961 illi
3325 2909 3673 2979 gaudebunt:

2081 3015 2260 3070 neque
2289 3000 2480 3055 dicent
2509 3001 2566 3054 in
2599 3001 2864 3056 cordibus
2899 3001 3018 3056 suis
3052 3020 3064 3055 :
3104 2999 3271 3071 Euge,
3317 2996 3504 3070 Euge!
3535 3014 3667 3068 paea

2079 3093 2253 3145 valuit
2281 3093 2462 3146 anima
2498 3101 2708 3148 nostra.
2737 3092 2965 3147 Etiamsi
2999 3093 3145 3148 enim
3175 3093 3228 3146 id
3255 3107 3350 3146 ore
3379 3091 3676 3162 aliquanth

2082 3184 2447 3253 protulerint,
2493 3195 2547 3239 at
2579 3185 2746 3241 corde
2781 3199 2893 3239 non
2929 3185 3005 3238 ita
3035 3186 3350 3254 loquentur,
3381 3200 3560 3254 neque
3590 3184 3676 3238 di.

370 3271 535 3348 εὖτε,
555 3276 775 3348 ἴσχυσεν
868 3277 1016 3348 ψυχὴ
1050 3277 1226 3348 ἡμῶν.
1269 3280 1332 3331 Εἰ
1361 3278 1472 3349 γὰρ
1511 3279 1606 3331 καὶ
1635 3276 1714 3349 τῷ
1749 3279 1975 3350 στόματι

2081 3285 2253 3332 cent:
2288 3275 2670 3330 Devoravimus
2726 3294 2867 3342 eum,
2917 3277 3141 3348 quando
3209 3278 3674 3332 resurrectionem

375 3369 555 3421 αὐτῶν
584 3385 716 3421 ποτε
744 3370 905 3422 τοῦτο
934 3370 1242 3441 εἰρήκασιν,
1273 3370 1388 3423 ἀλλ’
1431 3371 1492 3423 οὐ
1540 3372 1634 3424 καὶ
1681 3374 1801 3434 ταῖς
1835 3390 1975 3444 καρ-

372 3458 515 3522 δίαις
540 3459 719 3514 αὐτῶν
759 3459 976 3533 ἐροῦσιν
999 3478 1012 3491 ·
1046 3461 1166 3514 οὐδὲ
1198 3463 1430 3532 φήσουσι
1451 3479 1464 3492 °
1490 3463 1861 3534 Κατεπίομεν
1879 3469 1978 3519 αὺ-

373 3553 503 3618 τὸν,
559 3552 658 3625 τὴν
708 3554 1009 3607 ἀνάστασίν
1072 3571 1173 3626 μου
1220 3555 1314 3608 καὶ
1365 3556 1464 3626 τῆς
1506 3557 1831 3628 Ἐκκλησίας
1877 3559 1976 3630 τῆς

373 3644 515 3714 ἐμῆς
538 3643 638 3715 τὴν
667 3643 788 3696 καθ’
813 3643 943 3714 ὅλης
967 3643 1069 3713 τῆς
1095 3643 1422 3715 οἰκουμένης
1447 3644 1656 3715 ἵδρυσιν
1687 3643 1981 3716 θεώμενοι.

371 3733 748 3789 Καταπίνεται
775 3735 872 3805 μὲν
894 3734 1004 3808 γὰρ
1031 3737 1058 3788 ὁ
1089 3733 1237 3799 ἅπαξ
1268 3736 1347 3798 εἰς
1391 3735 1548 3804 βυθὸν
1582 3736 1838 3807 χωρήσας
1882 3739 1976 3788 καὶ

377 3825 572 3898 μηκέτ’
604 3825 993 3898 ἀναϐεϐηκώς’
1027 3826 1170 3880 οὕτω
1202 3828 1311 3898 γάρ
1345 3845 1474 3881 ποτε
1506 3827 1767 3880 κατέπιεν
1811 3831 1840 3881 ὁ
1880 3829 1975 3881 θά-

371 3935 532 3981 νατος
568 3919 814 3989 ἰσχύσας.
854 3918 1013 3973 Ἀλλὰ
1040 3921 1200 3973 κάκεῖ
1238 3922 1286 3973 οἱ
1331 3919 1729 3985 καταποθέντες
1755 3921 1974 3976 ἐπαλιν-

373 4010 681 4081 δρόμησαν,
714 4010 796 4064 διὸ
826 4011 1100 4065 λέλεκται·
1134 4013 1244 4066 Καὶ
1281 4011 1467 4066 πάλιν
1493 4011 1742 4081 ἀφεῖλεν
1762 4016 1796 4066 ὁ
1830 4014 1974 4082 Θεὸς

374 4097 500 4171 πᾶν
531 4099 801 4168 δάκρυον
831 4101 948 4154 ἀπὸ
977 4099 1205 4166 παντὸς
1237 4097 1584 4169 προσώπου.

446 4194 557 4245 Καὶ
597 4193 836 4248 ἐνταῦθα
877 4193 1076 4259 τοίνυν,
1102 4196 1150 4246 εἰ
1189 4195 1286 4246 καὶ
1314 4196 1450 4265 πρὸς
1488 4195 1678 4267 καιρόν
1711 4212 1830 4248 τινα
1864 4195 1975 4248 ἐδο-

373 4282 474 4358 ξαν
517 4284 681 4338 αὐτὸν
726 4285 1046 4338 καταπίνειν
1071 4325 1086 4350 ,
1152 4285 1265 4338 ἀλλ’
1293 4287 1393 4339 οὐκ
1431 4288 1511 4350 είς
1555 4287 1740 4350 τέλος,
1785 4288 1973 4358 φησὶν,

373 4363 594 4446 ἐροῦσι,
645 4375 1000 4448 προφητικῶς
1039 4376 1157 4429 κατ’
1201 4376 1342 4430 αὐτὰ
1377 4377 1681 4442 θεσπίζων·
1719 4379 1975 4445 Αἰσχυν-

373 4468 629 4536 ᾂείησαν
672 4467 772 4521 καὶ
813 4467 1260 4535 ἐντραπείησαν
1301 4467 1422 4540 ἅμα
1464 4470 1517 4521 ol
1560 4467 1972 4535 ἐπιχαίροντες

372 4562 501 4628 τοῖς
537 4561 748 4628 κακοῖς
791 4579 944 4632 μου·
995 4561 1476 4616 ἐνδυσάσθωσαν
1524 4561 1830 4630 αἰσχύνην
1872 4560 1973 4614 καὶ

371 4654 680 4727 «ἐντροπὴν
731 4657 785 4708 οἱ
837 4654 1512 4730 μεγαλορῤημονοῦντες
1562 4655 1654 4707 ἐπ’
1699 4653 1822 4722 ἐμέ.
1863 4654 1973 4706 Καὶ

372 4748 552 4805 ταῦτα
576 4749 634 4801 δὲ
660 4748 809 4812 ὅπως
834 4749 1023 4812 τέλους
1043 4748 1233 4818 ἔτυχεν
1262 4747 1643 4818 ἀναφερόμενα
1668 4747 1762 4798 ἐπὶ
1789 4745 1850 4798 τὸ
1875 4743 1970 4797 τοῦ

373 4822 630 4915 Σωτῆρος
652 4841 811 4913 ἡμῶν
859 4841 1170 4912 πρόσωπον,
1205 4840 1384 4912 ῥᾴδιον
1410 4839 1474 4910 δὴ
1512 4840 1659 4893 ἰδεῖν.
1703 4838 1792 4904 Ἐξ
1831 4838 1974 4892 ὲκεί-

372 4951 466 4986 νου
492 4933 622 5004 γὰρ,
653 4934 748 4987 καὶ
788 4935 866 4997 είς
898 4934 1056 5005 δεῦρο
1087 4931 1184 4985 τοῦ
1217 4933 1408 5003 χρόνοι)
1443 4931 1844 5004 ἀπερριμμένοι
1877 4931 1972 4982 καὶ

373 5023 671 5099 ᾁπόϐλητοι
703 5025 1029 5096 τυγχάνουσι
1081 5024 1251 5078 πάλαι
1300 5024 1579 5096 κομῶντες
1629 5026 1722 5077 ἐπὶ
1758 5023 1971 5086 πολλοῖς

371 5114 730 5188 χαρίσμασιν.
769 5117 831 5170 Oi.
873 5116 917 5168 δ’
959 5116 1018 5182 ἐξ
1065 5115 1320 5170 ἁπάντων
1367 5115 1476 5170 τῶν
1527 5117 1696 5170 ἐθνῶν
1739 5115 1831 5169 τὸν
1876 5116 1968 5167 ὑπ’

370 5200 555 5263 αὐτῶν
581 5210 925 5285 ἀνῃρημένον
957 5211 1419 5283 παραδεδεγμένοι
1444 5211 1541 5282 τῆς
1579 5211 1678 5280 μὲν
1705 5208 1966 5262 πολυθέου

370 5301 586 5373 πλάνης
611 5301 1038 5375 ἠλευθέρωνται,
1069 5302 1159 5354 τὸν
1199 5303 1242 5355 δ’
1277 5303 1370 5355 ἐπὶ
1403 5303 1620 5355 πάντων
1643 5301 1776 5354 Θεὸν
1815 5302 1970 5354 εὐσε-

369 5393 597 5468 ῆοῦντες
621 5394 976 5448 διατελοῦσιν.
1006 5391 1120 5449 Εἶθ’
1154 5397 1202 5448 οἱ
1248 5396 1346 5466 μὲν
1385 5394 1650 5466 αἰσχύνην
1693 5396 1968 5465 καταχεά-

373 5506 529 5561 μενοι
559 5484 744 5558 ὲφόἴς
775 5489 1028 5564 ἔδρασαν,
1063 5491 1460 5562 ὲνετράπησαν,
1505 5491 1552 5541 οἱ
1597 5488 1652 5541 δὲ
1691 5489 1832 5559 χαρᾷ
1877 5488 1970 5540 καὶ

367 5581 683 5654 παρρησίας
714 5583 983 5654 ὁσημέραι
1035 5582 1396 5654 πληροῦνται·
1433 5581 1507 5645 ῶς
1540 5579 1878 5653 πληροῦσθαι
1912 5580 1971 5631 τὸ

369 5673 527 5745 παρὰ
550 5673 772 5727 Μωῠσεῖ
807 5673 984 5742 λόγιον
1015 5673 1194 5745 φῆσαν
1225 5672 1359 5742 πρὸς
1387 5670 1477 5724 τὸν
1515 5668 1782 5724 Ἰουδαίων
1807 5666 1934 5721 λαόν
1952 5683 1965 5696 ο

440 5856 486 5890 δ’
525 5855 831 5928 Psal.xux,
863 5855 953 5912 21.
1030 5855 1074 5888 ⁸⁸
1113 5852 1218 5915 lsa.
1258 5867 1402 5922 XLII,
1444 5852 1527 5906 lt.
1605 5849 1650 5883 ⁵9
1691 5848 1795 5906 lsa.
1834 5833 1974 5916 xxv,
2012 5848 2066 5902 8.

2081 3384 2283 3434 meam,
2311 3378 2366 3425 et
2415 3369 2720 3426 Ecclesiam
2774 3371 2904 3426 item
2967 3386 3144 3426 meam
3185 3371 3296 3427 late
3331 3388 3427 3442 per
3481 3368 3674 3426 orbem

2081 3474 2437 3534 propagatam
2468 3463 2836 3533 conspicient.
2877 3461 2925 3524 Is
2955 3478 3194 3532 namque
3227 3463 3548 3530 devoratur,
3578 3467 3672 3536 qui

2080 3557 2251 3611 semel
2275 3556 2330 3609 in
2356 3555 2690 3626 profundum
2725 3555 3006 3627 delapsus,
3027 3554 3156 3609 inde
3191 3571 3474 3625 nunquam
3503 3573 3679 3612 emer—

2080 3649 2158 3718 git
2188 3669 2200 3700 :
2238 3649 2318 3703 sic
2344 3649 2489 3702 enim
2525 3663 2673 3702 mors
2704 3649 2855 3713 olim,
2888 3663 3014 3702 cum
3071 3648 3410 3717 praevaleret,
3441 3647 3666 3703 devora-

2079 3738 2192 3792 bat.
2247 3739 2445 3793 Verum
2494 3740 2587 3808 qui
2627 3739 2874 3794 devorati
2925 3745 3077 3803 sunt,
3118 3738 3230 3808 jam
3282 3745 3668 3801 revertuntur,

2078 3847 2249 3901 quare
2269 3831 2478 3886 dictum
2504 3838 2590 3886 est
2627 3849 2641 3886 :
2680 3830 2745 3884 Et
2774 3848 2987 3886 rursum
3010 3833 3232 3886 abstulit
3265 3831 3526 3887 Dominus
3556 3851 3672 3889 om-

2078 3940 2195 3977 nem
2232 3924 2523 3994 lacrgmam
2552 3922 2616 3976 ab
2656 3924 2799 3977 omni
2823 3925 2972 3977 uultu
3001 3923 3072 3974 ‘9.

2149 4187 2251 4242 l-lic
2301 4188 2467 4258 igitur
2499 4188 2717 4242 etiamsi
2772 4188 2840 4242 ad
2882 4196 3098 4258 tempus
3140 4189 3320 4257 ipsum
3378 4189 3670 4246 devorasse

2076 4282 2179 4337 visi
2213 4290 2376 4347 sunt;
2401 4289 2456 4335 at
2486 4297 2595 4335 non
2631 4283 2687 4335 in
2715 4281 2876 4335 finem
2903 4297 3099 4351 usque,
3134 4281 3331 4350 inquit,
3360 4281 3431 4336 ita
3459 4282 3668 4350 dicent,

2076 4377 2506 4447 propheticeque
2534 4378 2720 4432 statim
2746 4376 3119 4429 vaticinatur:
3152 4373 3485 4428 Erubescant
3517 4385 3566 4429 et
3591 4393 3671 4430 re-

2079 4478 2355 4522 vereantur
2380 4467 2562 4531 simul,
2594 4468 2685 4538 qui
2706 4466 3054 4536 gratulantur
3082 4466 3241 4520 malis
3263 4467 3413 4520 meis.
3434 4465 3671 4521 lnduan—

2079 4569 2166 4612 tur
2220 4557 2527 4626 confusione
2561 4566 2612 4612 et
2663 4558 2956 4611 reverentia
3006 4558 3098 4626 qui
3153 4573 3348 4628 magna
3383 4557 3671 4627 loquuntur

2078 4667 2233 4720 super
2267 4667 2366 4704 me.
2419 4648 2545 4704 Haec
2601 4639 2769 4718 porro
2802 4663 2964 4718 quem
3010 4649 3173 4702 tinem
3215 4648 3411 4702 sortita
3457 4648 3569 4702 sint
3598 4647 3668 4701 ad

2080 4758 2375 4811 personam
2417 4741 2725 4795 Salvatoris
2759 4739 2938 4795 nostri
2972 4739 3223 4806 reducta,
3253 4737 3560 4807 intelligere
3587 4735 3670 4790 fa-

2079 4831 2183 4886 cile
2207 4840 2310 4886 est.
2347 4829 2425 4885 Ex
2447 4846 2513 4885 eo
2541 4829 2745 4900 quippe
2776 4829 2843 4884 ad
2877 4829 2984 4884 hoc
3015 4844 3194 4900 usque
3219 4837 3439 4897 tempus
3466 4827 3666 4898 abjecti

2080 4939 2144 4978 ac
2179 4923 2392 4993 depulsi
2423 4929 2575 4986 sunt,
2621 4922 2713 4992 qui
2749 4922 2880 4975 olim
2927 4921 3107 4992 gratia
3150 4921 3426 4990 donisque
3475 4919 3666 4974 multis

2079 5017 2441 5072 ornabantur.
2502 5015 2574 5069 At
2627 5022 2898 5087 quotquot
2959 5030 3026 5070 ex
3089 5014 3346 5085 gentibus
3393 5013 3665 5069 universis

2077 5122 2224 5170 eum,
2253 5106 2349 5176 qui
2396 5106 2467 5161 ab
2513 5106 2621 5162 illis
2673 5105 3002 5162 interfectus
3044 5113 3150 5172 est,
3180 5113 3526 5175 receperunt,
3563 5103 3605 5160 ii
3631 5119 3665 5160 a

2077 5201 2376 5254 multorum
2424 5199 2654 5254 deorum
2704 5214 2895 5255 errore
2933 5199 3148 5254 liberati
3185 5205 3335 5262 sunt,
3383 5196 3665 5267 Deumque

2077 5293 2464 5347 universorum
2525 5298 2846 5346 constanter
2905 5305 2970 5346 ac
3019 5291 3109 5360 pie
3176 5290 3388 5345 colunt.
3449 5288 3663 5344 Exhinc

2078 5399 2246 5456 porro
2274 5383 2352 5436 illi
2373 5383 2618 5454 quidem,
2643 5383 2715 5436 ob
2744 5381 2962 5436 facinus
2985 5388 3220 5446 tantum,
3248 5381 3460 5451 pudore
3483 5377 3662 5435 οπεοιί

2080 5493 2146 5532 ac
2206 5477 2424 5533 confusi
2476 5483 2634 5542 sunt;
2667 5475 2746 5528 illi
2780 5481 2962 5530 autem
3004 5472 3206 5545 gaudio
3262 5471 3574 5542 fiduciaque
3603 5469 3660 5525 in

2079 5572 2199 5626 dies
2227 5571 2548 5642 replentur;
2581 5569 2655 5622 ita
2716 5575 2777 5622 ut
2826 5567 2960 5622 illud
3014 5566 3216 5637 Moysis
3254 5565 3538 5621 oraculum
3589 5561 3659 5619 ad

2080 5664 2392 5722 Judaeorum
2429 5663 2688 5735 populum
2735 5670 2992 5733 spectans
3030 5660 3323 5732 impleatur
3360 5679 3374 5717 :
3409 5657 3658 5730 Proscig-
