4138 6380
508 378 617 435 315

1225 370 1497 429 EUSEBII
1528 367 2015 426 CAESARIENSIS
2052 366 2203 424 OPP.
2248 368 2430 425 PARS
2464 369 2554 426 lli.
2595 400 2665 411 —-
2697 367 3109 425 EXEGETICA.

3665 366 3771 424 316

511 505 597 552 tus
634 497 723 570 qui
750 494 1020 550 vobiscum
1052 504 1321 556 versatur,
1343 492 1453 547 erit-
1471 507 1635 562 supra
1660 507 1857 561 supra;
1894 502 1951 549 tu
1982 507 2085 545 au-

2198 492 2263 545 Ὀ
2291 491 2679 561 προσήλυτος
2717 494 2750 545 ὀ
2777 492 2846 544 ἐν
2876 488 3020 559 ὑμῖν
3051 488 3222 542 ἔσται
3267 486 3389 541 ἅνω
3417 454 3567 541 ἄνοι’
3596 485 3679 541 σὺ
3703 486 3773 540 δὲ

511 599 615 643 tem
640 588 743 641 eris
767 585 915 655 infra
956 583 1121 653 infra.
1152 582 1272 651 Ipse
1295 583 1396 637 erit
1426 582 1521 636 tibi
1559 590 1737 651 caput,
1763 589 1820 635 tu
1851 582 1956 639 eris
1986 582 2086 651 ipsi

509 677 686 731 cauda
712 676 780 727 ⁸⁸.

583 765 748 819 Vens.
776 763 868 830 27,
886 762 976 819 28.
997 762 1279 817 Exsultent
1300 771 1350 815 et
1368 761 1612 816 ltetentur
1626 762 1714 832 qui
1734 760 2087 829 uoluntjusti-

511 860 641 914 tiam
655 874 845 923 meam,
868 866 917 911 et
933 857 1330 926 dicantsemper
1358 873 1376 911 :
1408 855 1785 927 Magniﬁcetur
1802 856 2083 921 Dominus,

505 951 599 1020 qui
621 950 797 1003 volunt
823 964 1004 1019 pacem
1020 950 1155 1003 servi
1171 949 1309 1018 ejus.
1329 948 1397 1002 Et
1417 948 1597 1020 lingua
1614 966 1730 1002 mea
1750 948 2089 1003 meditabitur

503 1043 772 1112 justitiam
800 1054 967 1107 tuam,
1003 1051 1115 1097 tota
1142 1041 1476 1096 dievlaudem
1508 1052 1677 1095 tuam.
1716 1042 1935 1096 Initium
1967 1056 2089 1111 pro-

509 1138 705 1208 phetia:
729 1137 1002 1207 judicium
1034 1144 1088 1193 et
1119 1136 1327 1191 bellum
1367 1136 1683 1190 minabatur
1706 1136 1774 1191 iis
1799 1136 1891 1205 qui
1924 1135 2089 1204 impie

508 1235 756 1298 egerunt,
802 1235 965 1298 atque
1012 1227 1403 1297 impugnarunt
1435 1242 1560 1281 eum
1592 1227 1685 1296 qui
1710 1227 1766 1280 in
1805 1228 1925 1296 ipsa
1960 1241 2089 1296 pro-

509 1322 697 1391 phetia
726 1321 935 1388 fertur;
969 1320 1149 1375 media
1190 1335 1322 1375 vero
1360 1335 1542 1374 mores
1586 1336 1776 1375 eorum
1821 1319 2090 1389 perstrin-

509 1421 681 1483 gunt;
736 1419 1009 1483 postrema
1056 1416 1260 1477 autem,
1316 1411 1673 1482 ignominiam
1721 1418 1775 1466 et
1817 1411 2091 1466 confusio-

510 1521 636 1560 nem
665 1503 1077 1574 qua,alliciendi
1105 1515 1234 1559 sunt
1283 1502 1626 1559 describunt.
1650 1502 1720 1571 _At
1763 1504 1931 1559 totius
1960 1518 2087 1573 pro-

509 1595 709 1666 pbetiae
737 1610 948 1651 summa
980 1595 1425 1659 exsultationem,
1458 1596 1700 1651 laetitiam
1730 1603 1783 1651 et
1818 1595 1961 1651 bona
1994 1611 2090 1649 an-

510 1689 727 1742 nuntiat
760 1688 830 1743 iis
852 1688 947 1758 qui
978 1688 1168 1742 volunt
1198 1687 1472 1758 justitiam
1502 1688 1645 1757 ejus.
1672 1687 1777 1742 Per
1816 1688 2089 1757 justitiam

509 1794 641 1835 vero
672 1778 815 1849 ejus,
846 1779 1190 1834 divinitatem
1223 1779 1397 1848 ipsius
1449 1780 1761 1849 intelligas;
1795 1780 1922 1850 quia
1971 1781 2088 1849 ipse

508 1870 685 1938 factus
708 1848 789 1925 est
821 1871 972 1929 nobis
1011 1871 1274 1939 sapientia
1305 1888 1336 1924 (ι
1366 1870 1495 1936 Deo,
1532 1882 1580 1925 et
1613 1848 1856 1939 jiustitia,
1890 1880 1938 1925 et
1962 1848 2089 1925 san-
2124 1848 2165 1903 Β

507 1963 788 2033 ctiﬁcatio,
831 1971 881 2015 et
916 1960 1203 2030 redemptio
1226 1961 1295 2014 ⁵¹.
1329 1961 1435 2026 Qui
1480 1961 1648 2031 igitur
1689 1961 1837 2017 illam
1885 1961 2093 2015 intelli-

514 2061 671 2123 gunt,
702 2053 999 2119 exsultent,
1028 2053 1122 2116 ait,
1155 2061 1209 2107 et
1242 2052 1528 2119 laetentur;
1562 2053 1821 2123 ipsasque
1853 2053 2092 2107 instituit

517 2157 577 2201 ut
598 2146 785 2205 dicant
809 2161 1041 2215 semper,
1068 2143 1441 2215 Magni/icetur
1470 2144 1750 2208 Dominus,
1788 2148 1833 2201 si
1870 2149 2090 2217 quidem

511 2254 707 2308 pacem
731 2253 855 2293 cum
883 2253 949 2293 eo
981 2238 1073 2307 qui
1109 2237 1163 2291 in
1185 2237 1445 2291 vaticinia
1472 2235 1646 2291 fertur
1668 2239 2088 2308 amplectantur;

510 2326 953 2398 quandoquidem
981 2327 1020 2380 ii
1047 2327 1142 2397 qui
1177 2336 1371 2381 contra
1395 2342 1517 2381 eum
1539 2327 1877 2382 inimicitiam
1911 2346 2088 2385 susce~

508 2427 730 2490 perunt,
766 2419 963 2490 dignas
991 2434 1089 2488 pro
1118 2404 1184 2474 eo
1207 2434 1397 2488 pcenas
1427 2418 1718 2474 dederunt.
1752 2418 1877 2475 Ilaec
1908 2430 2090 2475 autem

507 2528 614 2583 pax
651 2527 716 2567 ea
742 2515 860 2582 ipsa
896 2511 1083 2573 fuerit,
1117 2526 1280 2580 quam
1313 2510 1406 2565 ille
1449 2510 1737 2579 discipulis
1782 2513 1899 2566 suis
1924 2513 2091 2582 largi-

510 2615 602 2659 tus
618 2612 722 2667 est,
758 2603 949 2658 dicens
980 2619 993 2655 :
1024 2602 1219 2656 Pacem
1244 2619 1413 2656 meam
1431 2602 1500 2657 do
1531 2604 1697 2665 vobis,
1728 2618 1906 2671 pacem
1923 2622 2093 2659 meam

508 2696 749 2766 relinquo
779 2695 1001 2748 vobis“.
1047 2694 1112 2749 Et
1150 2695 1265 2748 hinc
1296 2695 1363 2749 de
1406 2695 1474 2750 iis
1503 2699 1596 2765 qui
1643 2698 1834 2751 volunt
1864 2712 1927 2751 ac
1967 2696 2094 2749 dili-

509 2791 645 2854 gunt
677 2799 866 2853 pacem
901 2783 1044 2852 ejus,
1079 2798 1144 2837 ac
1187 2782 1456 2852 justitiam
1495 2784 1616 2859 ejus
1668 2788 1957 2843 honorant.
1992 2785 2095 2840 Dc-

511 2893 663 2932 tnum
708 2878 777 2931 de
807 2877 990 2946 seipso
1029 2878 1260 2947 loquens
1308 2879 1581 2933 sermonis
1624 2878 1785 2933 linem
1820 2880 2091 2950 obsignat,

510 2970 704 3026 dicens
737 2985 750 3021 :
787 2967 854 3022 Et
888 2969 1070 3039 lingua
1101 2986 1216 3023 mea
1247 2969 1587 3023 meditabitur
1607 2971 1882 3040 justitiam
1923 2981 2091 3036 tuam,

511 3069 629 3115 tota
666 3059 754 3121 die
798 3059 1010 3114 laudem
1050 3070 1218 3114 tuam.
1255 3058 1373 3125 llis,
1414 3062 1620 3130 inquit,
1667 3063 1740 3115 ita
1785 3065 1953 3131 gestis
1986 3072 2093 3115 tam

2186 583 2302 651 ἔσῃ
2330 583 2487 637 κάτω
2514 582 2672 637 κάτω
2691 600 2703 613 ·
2735 584 2917 649 αὐτός
2943 598 3060 636 σου
3098 582 3269 636 ἔσται
3298 578 3554 649 κεφαλὴ,
3583 578 3666 634 σὺ
3702 577 3772 632 δὲ

2188 674 2305 741 ἔσῃ
2334 674 2501 741 οὐρά.
3812 736 3819 739 _

2272 764 2762 835 Ἀγαλλιάσαιντο
2784 763 2882 817 καὶ
2909 763 3392 832 εὐφρανθείησαν
3412 764 3465 813 οἱ
3494 759 3773 826 θέλοντες

2186 857 2302 925 τὴν
2330 857 2725 925 δικαιοσύνην
2751 877 2871 926 μου
2902 858 2999 912 καὶ
3028 856 3369 911 εἰπάτωσαν
3396 853 3493 906 διὰ
3521 853 3771 917 παντός·

2188 949 2630 1019 Μεταλυνθήτω
2659 955 2691 1005 ό
2725 953 2959 1018 Κύριος,
2989 953 3040 1003 οἱ
3071 949 3351 1013 θέλοντες
3386 946 3500 1015 τὴν
3528 946 3776 1014 εἰρήνην

2187 1042 2294 1096 τοῦ
2322 1041 2548 1096 δούλου
2577 1042 2781 1096 αὐτοῦ.
2821 1043 2931 1096 Καὶ
2961 1043 2998 1110 ἢ
3027 1039 3276 1112 γλῶσσά
3299 1057 3418 1109 μου
3450 1036 3774 1108 μελετήσει

2188 1137 2305 1205 τὴν
2331 1137 2724 1203 δικαιοσύνην
2751 1152 2890 1199 σου,
2906 1135 3059 1201 ὅλην
3081 1132 3196 1200 τὴν
3222 1131 3449 1201 ἡμέραν
3473 1130 3581 1183 τὸν
3606 1129 3775 1184 ἐπαι-

2189 1229 2301 1283 νόν
2348 1228 2567 1282 σου.Ἠ
2614 1227 2711 1298 μὲν
2761 1227 2901 1300 ἁρχὴ
2950 1227 3045 1297 τῆς
3088 1224 3424 1295 προφητείας
3471 1222 3623 1292 δίκην
3677 1222 3773 1275 καὶ

2191 1322 2426 1393 πόλεμον
2456 1320 2839 1374 ἐπελεύσεσθαι
2859 1318 3071 1391 ἠπείλει
3095 1317 3237 1371 κατά
3264 1317 3370 1369 τῶν
3396 1314 3772 1384 ἀδικησάντων

2191 1417 2286 1469 καὶ
2318 1414 2743 1485 πολεμησάντων
2780 1413 2872 1465 τὸν
2906 1410 3381 1481 προφητευόμενον
3401 1424 3413 1437 ’
3442 1405 3511 1459 τὰ
3545 1406 3601 1459 δὲ
3634 1404 3774 1475 μέσα

2190 1507 2283 1560 τὸν
2331 1506 2533 1579 τρόπον
2575 1504 2755 1559 αὐτῶν
2808 1502 3081 1557 διέϐαλλε·
3116 1500 3187 1553 τά
3231 1500 3289 1552 δὲ
3344 1498 3437 1559 ἐπὶ
3482 1497 3624 1551 τέλει
3671 1498 3771 1567 τὴν

2193 1598 2608 1653 καταλαϐοῦσαν
2633 1597 2828 1659 αὐτοὺς
2856 1595 3147 1666 διέγραφεν
3172 1591 3431 1662 αἰσχύνην
3465 1591 3557 1644 καλ¹
3586 1593 3771 1662 ἐντρο-

2193 1693 2323 1762 πὴν.
2376 1691 2443 1743 Ἥ
2481 1690 2536 1742 δὲ
2568 1691 2666 1760 τῆς
2706 1688 2833 1757 ὅλης
2875 1684 3211 1758 προφητείας
3243 1682 3558 1753 περιγραφὴ
3592 1681 3767 1749 ἀγαλ-

2193 1782 2372 1836 λίασιν
2404 1783 2497 1835 καὶ
2528 1780 2885 1857 εὐφροσύνην,
2920 1778 3015 1831 καὶ
3047 1776 3226 1845 ἀγαθά
3283 1778 3491 1838 πάντας
3542 1775 3773 1843 εὐαγγε-

2191 1877 2395 1942 ligarat
2421 1876 2546 1939 τοὺς
2565 1877 2663 1946 τὴν
2686 1874 3031 1944 δικαιοσύνην
3061 1871 3225 1934 αὑτοῦ
3249 1872 3517 1934 θέλοντας.
3543 1870 3776 1940 Νοήσεις

2191 1968 2248 2022 δὲ
2293 1970 2389 2040 τὴν
2434 1967 2597 2021 αὐτοῦ
2642 1966 3007 2037 δικαιοσύνην,
3039 1965 3268 2034 θεότητα
3302 1962 3463 2023 αὐτοῦ
3491 1960 3771 2015 ἐκλαϐών·

2193 2062 2379 2132 ἐπειδὴ
2401 2062 2559 2123 αὐτὸς
2581 2059 2833 2130 ἐγενήθη
2853 2058 2995 2128 ἡμῖν
3019 2058 3205 2125 σοφία
3224 2055 3342 2110 ἀπὸ
3371 2053 3538 2117 Θεοῦ,
3556 2054 3779 2108 δικαιο-

2193 2158 2355 2225 σύνη
2385 2173 2449 2209 τε
2492 2154 2589 2208 καὶ
2622 2151 2915 2223 ἁγιασμὸς
2947 2150 3045 2204 καὶ
3075 2149 3512 2215 ἀπολύτρωσις.
3544 2148 3607 2199 Οἱ
3643 2144 3775 2214 γοῦν

2193 2247 2395 2318 ταύτην
2432 2246 2722 2315 νοήσαντες
2753 2241 3193 2311 ἀγαλλιάσαιντο,
3230 2238 3383 2309 φησὶ,
3421 2238 3513 2290 καὶ
3538 2236 3778 2307 εὐφραν-

2195 2339 2418 2409 θείησαν
2439 2354 2452 2367 ’
2493 2335 2715 2399 τούτους
2748 2335 2803 2387 δὲ
2840 2335 2934 2393 καὶ
2957 2332 3199 2386 διδάσκει
3228 2331 3407 2400 λέγειν
3439 2330 3545 2393 ἀεὶ,
3586 2331 3761 2398 Mero

2193 2426 2468 2493 λυνθήτω
2498 2430 2529 2480 ό
2558 2428 2789 2494 Κύριος,
2821 2426 2869 2477 εί
2897 2425 2957 2496 δὴ
3004 2423 3333 2487 ἀσπάζοιντο
3372 2420 3471 2492 τὴν
3518 2420 3654 2491 πρὸς
3686 2418 3778 2471 τὸν

2195 2520 2667 2592 προφητευόμενον
2692 2520 2911 2589 εἰρήνην
2928 2532 2939 2544 ·
2961 2515 3083 2567 ἐπεὶ
3102 2516 3151 2567 οἱ
3168 2509 3431 2585 ἀράμενοι
3456 2511 3591 2584 πρὸς
3614 2509 3777 2565 αὐτὸν

2196 2614 2414 2684 ἔχθραν,
2451 2612 2607 2683 δίκην
2634 2610 2927 2665 δεδώκασιν
2968 2608 3066 2680 τὴν
3104 2607 3281 2673 ἀξίαν.
3313 2606 3411 2676 Εῖη
3445 2605 3489 2667 δ’
3523 2604 3589 2659 ἂν
3636 2603 3776 2676 αὕτη

2193 2709 2226 2777 ἡ
2263 2707 2451 2777 εἰρήνη
2504 2704 2688 2769 αὑτοῦ,
2731 2704 2795 2773 ἣν
2830 2700 3111 2774 ἐχαρίζετο
3135 2702 3247 2763 τοῖς
3283 2698 3473 2753 ἑαυτοῦ
3510 2696 3779 2771 μαθηταῖς

2194 2798 2401 2865 λέγων·
2455 2797 2720 2864 Εἰρήνην
2758 2795 2872 2863 τὴν
2909 2793 3063 2862 ἐμὴν
3094 2791 3301 2860 δίδωμι
3344 2789 3507 2859 ὑμῖν,
3531 2788 3778 2857 εἰρήνην

2194 2889 2309 2956 τὴν
2327 2886 2481 2958 ἐμὴν
2502 2888 2714 2956 ἀφίημι
2742 2886 2900 2955 ὑμῖν.
2928 2885 3036 2936 Καὶ
3063 2882 3237 2937 ταῦτα
3268 2883 3363 2952 μὲν
3389 2881 3644 2953 περὶτῶν
3671 2880 3779 2934 ἑθε-

2195 2982 2393 3035 λόντων
2451 2983 2545 3034 καὶ
2591 2980 2928 3048 ἀγαπώντων
2958 2976 3055 3048 τὴν
3098 2978 3317 3047 εἰρήνην
3351 2974 3540 3038 αὑτοῦ,
3570 2975 3672 3045 τήν
3717 2992 3777 3027 τε

2196 3073 2540 3143 δικαιοσύνην
2592 3073 2755 3125 αὑτοῦ
2808 3070 3109 3141 τιμώντων.
3144 3069 3345 3122 Λοιπὸν
3370 3068 3428 3121 δὲ
3462 3068 3624 3131 αὐτὸς
3651 3068 3780 3138 περὶ

511 3153 662 3207 circa
690 3168 785 3206 eos
816 3152 909 3221 qui
942 3169 1028 3207 me
1051 3153 1303 3222 diligunt,
1340 3169 1502 3223 quam
1536 3154 1682 3207 circa
1710 3169 1805 3208 eos
1835 3155 1927 3223 qui
1968 3156 2093 3209 odio

2198 3165 2391 3220 ἑαυτοῦ
2429 3166 2490 3218 τὸ
2536 3164 2686 3227 τέλος
2729 3163 2823 3216 τοῦ
2872 3162 3071 3225 παντὸς
3115 3162 3275 3229 λόγου
3326 3158 3781 3230 ἐπισφραγίξεται

510 3241 735 3307 habent,
756 3257 866 3297 non
891 3242 1052 3298 linem
1077 3242 1272 3297 faciam
1297 3244 1598 3299 meditandi
1619 3244 1887 3314 justitiam
1918 3253 2087 3311 tuam,

2188 3260 2443 3328 φάσκων*
2478 3257 2587 3309 Καὶ
2631 3258 2669 3323 ἡ
2714 3254 2965 3325 γλῶσσά
3005 3272 3125 3323 μου
3163 3251 3489 3321 μελετήσει
3532 3250 3649 3318 τὴν
3690 3250 3780 3303 δι-

511 3341 629 3388 tota
658 3334 746 3389 die
793 3335 1012 3390 laudem
1046 3342 1197 3388 tuam
1228 3351 1240 3386 :
1280 3350 1390 3389 non
1435 3337 1692 3391 omnibus
1741 3336 1957 3402 diebus,
1994 3339 2086 3392 sed

2192 3350 2521 3415 καιοσύνην
2553 3364 2689 3411 σου,
2728 3347 2881 3414 ὅλην
2929 3346 3044 3414 τὴν
3083 3345 3312 3413 ἡμέραν
3368 3343 3474 3395 τὸν
3526 3342 3779 3395 ἔπαινόν

514 3438 624 3478 una
659 3424 775 3479 sola
809 3424 916 3489 die,
947 3441 1122 3496 eaque
1151 3426 1365 3480 infinita
1399 3441 1464 3480 ac
1491 3426 1741 3496 perenni.
1776 3425 1912 3480 Nam
1944 3442 2094 3481 man-

511 3515 596 3570 sio
633 3515 725 3569 illa
766 3524 820 3570 et
848 3517 1213 3572 commoratio
1273 3518 1417 3586 apud
1455 3526 1527 3579 te,
1572 3517 1691 3572 dies
1737 3525 1822 3572 est
1863 3526 2087 3574 aeterna.

513 3608 817 3676 Meditabor
849 3619 1029 3665 autem
1060 3611 1228 3675 illam,
1257 3610 1621 3680 laudibusque
1644 3612 2089 3681 celebrabo,quia

509 3701 660 3769 justo
691 3715 824 3756 sane
854 3699 1086 3770 judicio,
1128 3717 1238 3755 non
1290 3717 1451 3755 unam
1484 3710 1719 3772 gentem,
1756 3703 1851 3757 sed
1900 3718 2090 3758 omnes

512 3807 765 3867 prorsus,
785 3793 893 3848 late
916 3808 1013 3863 per
1038 3794 1226 3847 orbem
1247 3793 1495 3858 dillusas,
1520 3794 1693 3864 gratia
1724 3802 1778 3849 et
1807 3798 2092 3851 vocatione

512 3894 605 3940 tua
629 3886 885 3955 dignatus
918 3901 999 3940 es.
1035 3884 1349 3940 Secundum
1381 3887 1542 3940 aliam
1574 3895 1754 3941 autem
1784 3890 2094 3959 explicandi

498 3977 804 4041 .rationem,
834 3977 961 4046 quia
988 3993 1169 4031 sumus
1198 3993 1388 4044 corpus
1422 3976 1643 4042 Christi,
1675 3987 1723 4032 et
1770 3981 2002 4033 membra
2030 3995 2095 4033 ea:

511 4066 742 4134 parte",
778 4066 870 4136 qui
927 4066 1128 4121 divinis
1177 4068 1549 4121 exercitautur
1595 4067 1923 4137 disciplinis,
1976 4068 2089 4136 ejus

513 4158 703 4228 lingua
728 4159 1033 4228 nuncupari
1057 4159 1295 4228 possint,
1322 4160 1397 4213 ita
1433 4166 1491 4212 ut
1514 4158 1581 4215 iis
1603 4159 1727 4228 jure
1753 4161 1866 4214 hac
1896 4161 2087 4215 referri

512 4259 735 4322 queant.

2189 3458 2341 3506 o‘ov;
2393 3441 2633 3506 Τούτων,
2673 3442 2827 3511 φησι,
2862 3439 3168 3511 γενομένων
3218 3436 3310 3490 ὲπί
3359 3452 3418 3488 τε
3472 3435 3600 3513 τοὺς
3643 3436 3780 3501 ἀγα-

2189 3529 2409 3593 πῶντάς
2444 3548 2510 3601 με
2548 3531 2643 3584 καὶ
2677 3530 2969 3601 μισοῦντας
3005 3546 3091 3599 με,
3132 3529 3190 3581 οὐ
3228 3525 3505 3595 παύσομαι
3530 3521 3781 3594 μελετῶν

2190 3623 2291 3694 τὴν
2318 3623 2661 3693 δικαιοσύνην
2692 3641 2806 3689 σου,
2841 3624 2933 3676 καὶ
2964 3622 3092 3691 ὃλην
3122 3623 3219 3692 τὴν
3246 3621 3459 3691 ἡμέραν
3502 3617 3592 3672 τὸν
3620 3615 3781 3669 ἐπαι-

2193 3715 2282 3767 νὸν
2310 3731 2426 3777 σου,
2454 3716 2574 3785 οὐχὶ
2606 3716 2784 3779 πάσας
2809 3715 2906 3777 τὰς
2931 3712 3315 3785 ἡμέρας,ἀλλὰ
3337 3712 3465 3781 μίαν
3492 3709 3659 3780 μόνην
3681 3705 3780 3778 τὴν

2194 3805 2417 3877 ἄπειρον
2448 3808 2542 3859 καὶ
2572 3806 2815 3877 διηνεκῆ.
2857 3808 2920 3859 Ἦ
2946 3807 3054 3873 γὰρ
3088 3805 3237 3875 παρά
3272 3804 3353 3857 σοὶ
3384 3801 3519 3873 μονὴ
3552 3801 3647 3855 καὶ
3673 3800 3781 3853 δια⁸

2194 3898 2355 3969 τριϐὴ
2414 3899 2595 3969 ἡμέρα
2626 3897 2839 3961 αἰώνιος
2872 3899 3150 3967 τυγχάνει.
3190 3896 3487 3965 Μελετήσω
3518 3893 3574 3945 δὲ
3608 3891 3779 3963 αὐτὴν

2198 3988 2473 4057 ἀνυμνῶν,
2518 3989 2638 4042 καθ’
2675 3990 2741 4060 ἣν
2797 3990 2866 4043 τά
2914 3989 3097 4043 δίκαια
3136 3988 3347 4059 κρίνας,
3382 3987 3481 4056 οὐχ
3512 3985 3570 4036 ἓν
3603 3982 3778 4049 ἔθνος,

2196 4076 2331 4129 ἀλλά
2382 4079 2561 4132 πάντα
2593 4078 2662 4131 τά
2702 4079 2822 4134 καθ’
2851 4079 2977 4149 ὅλης
3011 4079 3112 4148 τῆς
3148 4076 3468 4147 οἰκουμένης
3524 4074 3624 4144 τῆς
3678 4074 3781 4143 σῆς

2196 4170 2416 4240 χάριτος
2460 4170 2553 4224 καὶ
2598 4170 2839 4241 κλήσεως
2871 4171 3235 4241 κατηξίωσας.
3295 4168 3431 4221 Καθ’
3480 4165 3675 4237 ἑτέραν
3723 4163 3780 4217 δὲ

2193 4259 2450 4325 διάνοιαν,
2492 4263 2615 4317 ἐπεὶ
2656 4262 2827 4331 σῶμά
2858 4263 3052 4329 ἐσμεν
3082 4260 3361 4329 Χριστοῦ,
3392 4257 3491 4311 καὶ
3511 4256 3669 4326 μέλη
3709 4255 3777 4319 ἐκ

507 4348 749 4418 μέρους,
780 4348 829 4400 οἱ
857 4347 1093 4417 ἀσκηταὶ
1122 4346 1230 4400 τῶν
1263 4347 1421 4407 θείων
1456 4348 1814 4419 μαθημάτων,
1848 4348 2089 4418 λέγοιντο
2127 4352 2194 4407 ἂν
2257 4358 2421 4411 αὐτοῦ
2454 4358 2695 4427 γλῶσσα,
2767 4358 2841 4422 ὡς
2875 4358 3133 4411 δύνασθαι
3165 4358 3260 4411 καὶ
3294 4358 3374 4419 εἰς
3405 4354 3604 4416 αὐτοὺς
3644 4354 3779 4418 ἀνατί

513 4443 775 4518 φέρεσθαι
804 4444 872 4497 τά
900 4445 1256 4516 προκείμενα.

565 4563 618 4619 1.
652 4560 722 4616 ΙΝ
758 4560 991 4627 FINEM,
1039 4560 1266 4617 SERVO
1306 4559 1543 4616 DOMINI
1585 4559 1792 4617 DAVtD
1833 4560 2050 4616 XXXV.
2123 4578 2169 4632 Ι)

487 4756 493 4763 ο
582 4733 771 4806 Neque
796 4734 1055 4805 psalmus,
1087 4750 1265 4805 neque
1320 4737 1609 4800 canticum,
1645 4752 1822 4806 neque
1858 4736 1987 4806 quid
2020 4738 2095 4792 si-

515 4826 646 4881 mile
674 4826 1027 4891 inscribitur;
1058 4826 1479 4897 doctrinamque
1522 4828 1926 4897 complectitur,
1974 4844 2095 4897 quae

510 4918 620 4975 sub
648 4919 862 4973 initium
890 4920 1112 4989 quidem
1145 4922 1421 4991 quoslibet
1448 4921 1649 4975 timore
1674 4920 1767 4973 Dei
1807 4935 1871 4974 ac
1896 4922 2096 4990 pietate

513 5026 739 5078 vacuos,
782 5012 876 5081 qui
922 5011 1045 5067 ideo
1078 5013 1224 5066 omni
1273 5012 1644 5082 improbitatis
1686 5012 1873 5081 generi
1924 5012 2096 5067 dediti

515 5111 669 5168 sunt,
720 5106 997 5176 coarguit;
1041 5104 1187 5175 quod
1240 5106 1648 5160 conclusionem
1691 5120 1822 5159 vero
1856 5113 2089 5175 spectat,

513 5211 703 5252 eorum
748 5195 908 5254 finem
938 5198 1229 5269 signiﬁcat.
1261 5196 1559 5268 Postquam
1594 5196 1761 5267 igitur
1805 5196 1888 5251 sic
1924 5212 2087 5251 orsus

2337 4565 2446 4616 ΕΙΣ
2481 4564 2571 4619 ΤΟ
2610 4562 3214 4688 ΤΕΛυῖᾏΙΕΔΔἋῚὲρΩ
3253 4561 3515 4615 ΚΥΡΙΟΥ
3556 4560 3645 4615 ΤΩ

2266 4726 2402 4781 Οὔτε
2424 4729 2686 4797 ψαλμὸς,
2704 4725 2827 4780 οὔτε
2842 4725 2985 4794 ᾠδὴ,
3006 4724 3128 4778 οὔτε
3149 4743 3203 4778 τι
3222 4722 3459 4778 τοιοῦτον
3480 4723 3779 4795 ἐπιγέγραφ

2196 4836 2357 4871 πται·
2393 4819 2740 4874 διδασκαλίαν
2773 4821 2831 4872 δὲ
2878 4817 3125 4890 περιέχει
3158 4816 3299 4870 κατὰ
3333 4816 3431 4885 μὲν
3462 4813 3561 4885 τὴν
3603 4814 3776 4883 ἀρχὴν

2197 4914 2519 4982 ἑλέγχουσαν
2553 4913 2730 4967 πάντα
2754 4913 2845 4965 τὸν
2871 4912 3071 4981 ἄφοϐον
3102 4910 3195 4963 καλ⁸
3239 4907 3535 4977 ὰνευλαϐἧ,
3567 4907 3659 4960 καὶ
3688 4906 3778 4960 διὰ

2197 5006 2353 5057 τοῦτο
2400 5006 2602 5068 πάσαις
2650 5003 3015 5075 παρανομίαις
3055 5000 3424 5071 ὲκδεδομένον,
3458 4998 3597 5052 κατά
3632 4997 3689 5051 δὲ
3715 4996 3778 5049 τὸ

2197 5104 2569 5174 συμπέρασμα
2614 5102 2675 5154 τὸ
2716 5101 2822 5153 τῶν
2849 5099 3103 5151 τοιούτων
3136 5096 3307 5158 τέλος.
3346 5094 3529 5148 Εἰπὼν
3555 5094 3685 5162 γοῦν
3718 5082 3777 5144 ἐν

2196 5195 2359 5265 ἀρχῇ·
2400 5193 2593 5261 Φησὶν
2646 5197 2677 5246 ὀ
2728 5191 3069 5260 παράνομος
3122 5187 3229 5248 τοῦ
3290 5184 3651 5256 ἁμαρτάνειν
3706 5185 3778 5241 ἐν

585 5350 632 5383 ⁵ο
668 5349 829 5409 Deut.
858 5368 1067 5418 xxvm,
1101 5351 1189 5407 45.
1265 5352 1307 5384 ⁵¹
1351 5351 1369 5405 l
1402 5350 1528 5405 Cor.
1572 5366 1626 5416 1,
1661 5350 1751 5406 '50.
1827 5350 1871 5382 ⁵³
1912 5348 2072 5406 Joan.

2192 5366 2232 5414 ν,
2267 5351 2359 5404 27.
2435 5348 2531 5403 ⁸³1
2570 5347 2698 5403 Cor.
2733 5365 2790 5413 x,
2836 5347 2927 5400 27.

587 5460 793 5534 _(l)_Sic
828 5480 961 5520 mss.
1008 5465 1074 5519 Et
1106 5466 1220 5521 haec
1249 5467 1410 5521 lectio
1440 5465 1745 5534 frequentet
1766 5467 2078 5525 occurritin

519 5528 941 5607 _S_S'_.'Patrib_t_ts,
991 5544 1053 5607 et
1110 5536 1165 5591 in
1217 5537 1503 5607 codicibus
1541 5528 1765 5607 Graecis.
1811 5536 2085 5607 Interpres

515 5595 742 5676 Vulgat:
766 5620 779 5654 :
823 5595 1132 5676 'Expéloug
1162 5607 1309 5676 legit,
1347 5606 1578 5659 membra
1602 5604 1664 5659 de
1694 5609 1942 5659 membro.

510 5674 525 5681 “
587 5667 664 5747 ςθὶ)
698 5668 823 5747 llaec
846 5667 1168 5747 Scholiastis
1191 5667 1319 5747 n'ota
1342 5677 1631 5747 Katarb-rbg
1669 5676 1765 5747 μὲν
1793 5677 1822 5727 ὁ
1848 5691 2088 5747 συγγρα-

520 5738 754 5815 φεὺς-είς
779 5757 837 5815 τε
877 5743 976 5815 τὴνΔ
998 5740 1159 5815 nasia
1196 5746 1289 5797 καὶ
1320 5747 1398 5808 εἰς
1428 5746 1517 5797 τὸν
1551 5738 1781 5815 Χριστὸν
1834 5738 2088 5809 ἐξέλαϐεν

518 5805 610 5869 τὸν
637 5807 866 5878 ψαλμὸν,
892 5812 1085 5881 μᾶλλον
1108 5814 1163 5867 οὲ
1186 5816 1264 5876 ei;
1294 5805 1392 5867 τὸν
1419 5816 1459 5867 Χ
1470 5805 1669 5893 ριστδν,
1708 5818 1735 5868 ὁ
1764 5814 1819 5868 δὲ
1850 5805 1933 5869 ἐπ’
1955 5816 2091 5886 ὡφε-

2193 5469 2313 5539 λείᾳ
2337 5467 2444 5521 τῶν
2474 5465 2682 5539 ἐχθρῶν
2699 5464 2885 5539 -ταῦτα
2914 5462 3187 5539 λέγεσθαι,
3221 5459 3277 5539 id
3328 5468 3412 5539 est
3446 5476 3459 5511 :
3497 5456 3596 5509 Hic
3616 5525 3628 5539 Ι
3652 5456 3773 5524 qui—

2193 5526 2311 5592 dem
2345 5525 2661 5605 scriptor‘de
2689 5535 2888 5589 Davide
2914 5525 3072 5605 ac'de
3105 5530 3320 5586 Christo
3344 5529 3481 5605 hunc
3510 5525 3774 5605 psalmum

2196 5595 2496 5675 explicavit,
2526 5609 2601 5661 ita
2623 5615 2679 5659 ut
2705 5606 2873 5674 magis
2897 5604 3107 5676 Christo
3141 5595 3774 5676 accommodaret._A_lius

2196 5666 2316 5732 vero
2365 5679 2439 5731 ait
2483 5666 2551 5731 ad
2583 5666 2869 5730 utilitatem
2902 5674 3237 5728 inimicorum
3271 5670 3379 5722 hazc
3408 5668 3549 5721 dicta
3586 5666 3771 5735 fuisse.

2199 5748 2345 5818 Haec,
2369 5750 2585 5820 inquan-r
2602 5798 2618 5827 ,
2642 5756 2769 5803 nota
2803 5747 2859 5801 in
2884 5751 3087 5800 textum
3120 5743 3434 5811 irrepserat.
