4138 6380
332 353 436 409 517

1453 359 1962 416 COMMENTARIA
2001 362 2066 418 IN
2101 361 2443 424 PSALMOS.

3512 373 3619 430 318

329 467 542 533 ἐαυτῷ,
583 469 719 542 πρὸς
780 471 860 542 τῷ
907 472 1074 538 τέλει,
1119 474 1276 528 Ἐκεῖ
1309 475 1542 528 ἔπεσαν
1597 477 1822 544 πάντες
1874 496 1903 530 0

2033 479 2212 536 fuerat
2247 500 2260 535 :
2293 481 2446 535 Dixit
2467 482 2700 552 injustas
2747 490 2804 535 ut
2825 481 3099 555 delinquat
3133 486 3186 539 in
3218 487 3527 556 semetipso;
3562 491 3618 542 in

329 559 704 631 ἐργαζόμενοι
741 562 857 631 τὴν
889 565 1167 634 ἀνομίαν,
1197 566 1557 636 ἐξώσθησαν
1585 572 1682 624 καὶ
1713 574 1783 625 οὺ
1819 571 1922 625 δυ-

325 651 622 719 νήσονται
654 655 898 724 στῆναι.
925 659 1084 711 Κατὰ
1121 659 1178 711 δὲ
1211 661 1278 713 τὰ
1317 661 1456 731 μέσα
1505 662 1782 730 θεολογίαν
1821 681 1918 715 πε-

329 745 501 815 ριέχει
545 747 640 798 καὶ
681 743 789 799 τῶν
841 748 1104 817 θεοφιλῶν
1154 751 1362 822 ἀνδρῶν
1411 753 1620 820 ἀγαοὰς
1675 753 1916 818 ἐλπίδας.

324 835 594 888 Λέλεκται
622 835 678 889 δὲ
715 837 890 892 ταῦτα
912 838 990 908 τῷ
1015 839 1186 909 δούλῳ
1215 841 1420 912 Κυρίου
1445 841 1524 912 τῷ
1541 842 1732 896 Δαυῖδ.
1749 843 1920 897 Τοῦτο

324 927 434 999 γὰρ
464 929 496 998 ἡ
545 929 842 1000 προτραῳὴ
880 934 1163 1000 σημαίνει·
1192 931 1270 996 ὃς,
1296 933 1564 1004 ἀφορίσας
1599 935 1791 987 ἑαυτὸν
1819 936 1918 1006 τῆς

321 1019 432 1074 τῶν
467 1020 802 1090 παρανόμων
827 1021 1269 1093 τάξεωςβυνῆῲε
1303 1027 1367 1092 τῇ
1403 1023 1497 1076 τοῦ
1525 1024 1660 1077 Θεοῦ
1689 1026 1913 1097 ἱκετείᾳ,

322 1111 401 1182 τῷ
423 1113 575 1183 νόμῳ
611 1113 702 1165 καὶ
732 1115 853 1175 ταῖς
886 1114 982 1166 τοῦ
1018 1113 1152 1166 Θεοῦ
1192 1115 1474 1184 διαταγαῖς
1503 1117 1696 1170 ἑαυτὸν
1743 1135 1916 1170 κατα-

319 1204 616 1268 δουλώσας.
659 1205 910 1258 Διδάσκει
959 1205 1014 1258 δὲ
1055 1207 1148 1258 καὶ
1177 1207 1306 1270 τοὺς
1346 1207 1567 1270 λοιποὺς
1594 1207 1917 1280 ἀνθρώπους

317 1298 388 1351 τὰ
422 1298 584 1368 ὃμοια
619 1298 770 1368 αὐτῷ
807 1297 1090 1370 πράττειν,
1119 1301 1212 1354 καὶ
1253 1301 1326 1371 μὴ
1363 1301 1770 1368 συναπέιγεσθαι
1803 1305 1916 1365 τοῖς

317 1392 681 1463 παρανόμοις.

389 1483 588 1551 (Mair
611 1487 644 1537 ὁ
679 1483 1026 1553 παράνομος
1053 1485 1159 1538 τοῦ
1191 1486 1552 1554 ἁμαρτάνειν
1589 1487 1659 1539 ἐν
1688 1485 1910 1551 ἑαυτῷο

313 1577 430 1630 οὐκ
479 1574 614 1629 ἐστι
653 1577 836 1645 φόϐος
887 1576 1036 1630 Θεοῦ
1077 1577 1367 1631 ἀπέναντι
1414 1577 1534 1631 τῶν
1589 1579 1915 1647 ὀφθαλμῶν

311 1665 522 1722 αὑτοῦ.
555 1668 674 1720 Ὅτι
705 1667 1009 1722 ἑδόλωσεν
1039 1667 1298 1722 ἐνώπιον
1333 1669 1545 1731 αὑτοῦ,
1579 1669 1682 1722 τοῦ
1713 1669 1914 1736 εὑρεῖν

311 1761 432 1830 τὴν
449 1761 708 1830 ἀνομίαν
731 1760 918 1814 αὐτοῦ
949 1761 1050 1817 καὶ
1077 1761 1362 1832 μισῆσαι.
1385 1763 1726 1834 Σαφέστερον
1754 1763 1810 1816 δὲ
1843 1765 1913 1818 τὰ

311 1855 654 1927 προκείμενα
683 1855 1026 1926 ἡρμήνευσεν
1055 1857 1083 1908 6
1123 1855 1438 1927 Σύμμαχος,
1461 1856 1648 1908 τοῦτον
1677 1857 1908 1920 ἀποδοὺς

309 1951 404 2004 τὸν
425 1951 656 2021 τρόπον·
681 1934 878 2018 Φ-ηόνὶν
917 1949 1051 2020 περὶ
1087 1949 1465 2014 ἀσυνθεσίας
1502 1950 1610 2002 τοῦ
1646 1949 1910 2016 ἀσεϐοῦς

311 2041 615 2110 ἐνδοθενή
629 2041 842 2111 καρδία
851 2059 972 2111 μου
991 2058 1004 2071 ·
1033 2038 1118 2094 Οὐ
1148 2042 1452 2109 πρόκειται
1485 2044 1518 2094 ό
1546 2042 1729 2109 φόϐος
1759 2041 1910 2094 Θεοῦ

307 2133 596 2203 ἄντικρυς
625 2125 746 2188 τῶν
783 2135 1107 2204 ὀφθαλμῶν
1148 2133 1358 2188 αὑτοῦ.
1391 2135 1521 2186 ’Ὀτι
1566 2135 1909 2198 ἐξολισθαί-

307 2243 442 2281 νειν
483 2225 558 2280 τὰ
595 2227 726 2295 περὶ
789 2227 974 2281 αὑτοῦ
1023 2225 1205 2288 δοκεῖ,
1257 2226 1363 2280 τοῦ
1417 2225 1732 2294 εὑρεθῆναι
1795 2227 1912 2296 τὴν

309 2319 554 2373 ἀδικίαν
577 2319 765 2373 αὑτοῦ
793 2321 880 2385 εὶς
907 2319 974 2373 τὸ
992 2317 1327 2388 μισηθῆναι
1357 2317 1570 2384 αὐτήν.
1587 2319 1684 2374 Διὰ
1707 2319 1911 2372 τούτων

305 2411 418 2482 γὰρ
463 2411 626 2475 αὐτὸς
659 2413 686 2464 6
721 2411 904 2476 Δαυῒδ,
950 2409 1140 2482 Ἐμοῦ,
1187 2411 1374 2482 φησὶν,
1423 2413 1456 2482 ἡ
1499 2411 1696 2482 καρδία
1749 2413 1844 2466 καὶ
1881 2415 1910 2465 6

304 2502 440 2572 ἐμὸς
467 2501 728 2574 λογισμὸς
761 2499 932 2556 ταῦτα
965 2503 1094 2573 περὶ
1120 2501 1215 2554 τοῦ
1243 2501 1474 2564 ἀσεϐοῦς
1501 2501 1692 2573 ἀνδρὸς
1731 2502 1908 2556 ἐνενό-

303 2609 426 2664 ησε.
453 2592 562 2666 Τὴν
591 2592 698 2665 γὰρ
759 2591 1099 2663 θεωρητικὴν
1131 2589 1296 2645 αὑτοῦ
1333 2591 1583 2663 δύναμιν,
1609 2594 1676 2645 δι’
1697 2589 1764 2666 ἧς
1791 2594 1908 2647 ἐδύ-

305 2701 438 2738 νατο
453 2683 654 2753 γνῶναι
667 2685 760 2737 τὸν
776 2683 940 2753 φόϐον
954 2683 1046 2736 τοῦ
1064 2683 1222 2747 Θεοῦ,
1245 2683 1505 2737 ὲδόλωσεν
1547 2683 1774 2758 αὐτοὺς(
1791 2685 1905 2758 sic)

303 2777 498 2831 ἑαυτὸν
523 2777 622 2848 τῆς
655 2777 892 2840 διανοίας
929 2777 1094 2830 αὑτοῦ
1133 2780 1261 2841 τοὺς
1300 2777 1612 2849 ὀφθαλμοὺς
1655 2777 1908 2850 διαστρέ-

299 2870 431 2940 ψας.
456 2871 548 2923 Διὸ
567 2871 711 2924 κατὰ
733 2871 832 2942 τὴν
863 2869 1158 2943 Ἑϐραῖκὴν
1184 2873 1492 2939 ἀνάγνωσιν
1512 2888 1525 2900 ·
1559 2872 1661 2924 Ἐν
1683 2873 1906 2938 ὀφθαλ-

299 2963 440 3032 μοῖς
479 2963 666 3020 αὑτοῦ
723 2964 940 3035 εἴρηται
977 2962 1395 3026 δεδολωκέναι,
1426 2961 1534 3015 τοῦ
1566 2962 1765 3029 εὲιρεῖν
1791 2961 1906 3030 τὴν

299 3053 562 3120 ἀνομίαν
585 3053 795 3116 αὐτοῦ,
829 3053 928 3106 καὶ
949 3053 1214 3122 μισῆσαι
1235 3070 1247 3083 ·
1283 3052 1459 3116 Οὕτω,
1494 3055 1678 3124 φησὶν,
1711 3053 1903 3106 ἑαυτὸν

299 3143 609 3216 διέστρεψε,
637 3145 731 3197 καὶ
759 3144 850 3198 τὸν
882 3144 1044 3214 φόϐον
1070 3145 1165 3198 τοῦ
1198 3145 1334 3198 Θεοῦ
1367 3145 1475 3199 τῶν
1505 3145 1699 3198 ἑαυτοῦ
1735 3148 1903 3218 ἀπέρ-

303 3237 462 3309 ριψεν
509 3235 826 3308 ὀφθαλμῶν,
867 3237 942 3300 ὡς
991 3237 1090 3308 τὴν
1144 3239 1373 3309 ἀνομίαν
1423 3240 1588 3292 αὐτοῦ
1645 3243 1898 3314 προφανῆ

299 3329 616 3398 τυγχάνειν,
656 3329 750 3380 καὶ
795 3328 958 3381 πάλιν
986 3327 1219 3397 ὁρᾶσθαι
1251 3331 1344 3382 καὶ
1364 3331 1780 3400 εὑρίσκεσθαι·
1805 3334 1900 3386 καὶ

301 3420 390 3474 διὲι
413 3419 572 3473 τοῦτο
599 3419 790 3490 μίσους
817 3421 976 3488 ἀξίαν
1003 3418 1164 3475 εἶναι.
1203 3421 1554 3485 Ἀκαλύπτως
1587 3423 1643 3476 δὲ
1675 3427 1703 3477 6
1725 3425 1899 3478 τοιοῦ-

301 3529 390 3576 τος
430 3511 692 3577 ἐξέδωκεν
724 3513 913 3566 ἑαυτον
939 3515 1005 3584 τῇ
1039 3514 1305 3585 ἁμαρτίᾳ,
1337 3513 1412 3578 ὡς
1440 3515 1534 3568 καὶ
1569 3516 1636 3568 τὰ
1675 3517 1896 3587 ῥήματα

301 3604 396 3658 τοῦ
423 3605 694 3676 στόματος
721 3605 886 3658 αὐτοῦ
921 3605 1152 3676 ἀνομίαν
1188 3602 1326 3660 εἶναι
1357 3607 1451 3660 καὶ
1475 3607 1640 3662 δόλον.
1664 3609 1813 3661 Πάνυ
1842 3609 1898 3662 δὲ

301 3697 476 3751 ταῦτα
503 3699 644 3753 ἑκὼν
673 3699 864 3766 εἵλετο,
893 3700 988 3752 ἆτε
1019 3700 1082 3770 δὴ
1109 3699 1459 3763 αὐτεξούσιος
1497 3698 1592 3764 ὢν,
1623 3702 1716 3754 καὶ
1741 3702 1897 3755 δυνά-

303 3810 468 3864 μενος
509 3794 608 3863 μὲν
641 3793 740 3864 τὴν
771 3793 980 3864 ἀγαθὴν
1022 3793 1300 3864 μετελθεῖν
1323 3793 1462 3858 ὁδὸν,
1503 3793 1580 3864 μὴ
1619 3794 1898 3866 βουληθεὶς

301 3883 391 3936 δέ·
447 3883 526 3937 διὸ
571 3883 850 3938 λέλεκται·
913 3889 1035 3938 Οὐκ
1096 3885 1398 3955 ἐϐουλήθη
1457 3887 1731 3941 συνιέναι
1791 3889 1897 3942 τοῦ

299 3975 624 4044 ἀγαθῦνιιν
664 3978 922 4046 ἀνομίαν
966 3977 1023 4030 δὲ
1067 3977 1450 4048 διελογίσατο
1491 3979 1590 4032 ἐπὶ
1627 3979 1738 4046 τῆς
1767 3982 1889 4034 κοί-

298 4085 410 4136 της
441 4069 647 4122 αὐτοῦ.
676 4069 812 4123 Οὐδὲ
841 4071 970 4142 γὰρ,
997 4072 1139 4125 κατὰ
1181 4071 1272 4124 τὸν
1309 4071 1500 4144 καιρὸν
1537 4073 1636 4141 τῆς
1663 4073 1893 4145 ἡσυχίας

2024 573 2132 626 line
2167 575 2240 627 ait
2273 591 2286 626 :
2323 575 2406 626 Ibi
2435 575 2730 627 ceciderunt
2761 591 2941 628 omnes
2986 578 3076 646 qui
3108 589 3396 646 operantur
3425 580 3623 649 iniqui-

2025 673 2206 727 tatem,
2239 667 2443 732 expulsi
2477 677 2600 718 sunt
2634 683 2725 719 nec
2753 677 2998 734 poterunt
3023 679 3186 724 stare.
3214 671 3274 724 In
3305 672 3487 726 medio
3519 687 3620 727 au-

2025 765 2137 812 tem
2211 759 2536 828 theologiam
2569 773 2631 810 ac
2667 758 2864 812 bonam
2900 761 3116 830 piorum
3157 764 3440 818 hominum
3464 779 3616 834 spem

2022 851 2424 921 complectitur.
2449 851 2574 905 [hec
2605 867 2770 920 porro
2799 851 2986 908 Davidi
3013 873 3174 912 servo
3205 856 3424 912 Domini
3461 858 3617 914 dicta

2023 950 2182 1008 sunt;
2223 943 2274 996 id
2304 945 2448 998 enim
2479 945 2769 1016 inscriptio
2802 949 3078 1018 significat
3106 965 3118 1000 :
3149 950 3246 1019 qui
3279 949 3452 1006 David
3485 967 3614 1006 cum

2020 1048 2078 1088 se
2119 1035 2188 1088 ab
2213 1036 2584 1105 improborum
2617 1039 2810 1094 ordine
2850 1041 3194 1105 semovisset,
3229 1040 3342 1095 Deo
3379 1057 3438 1098 se
3474 1057 3612 1112 sup-

2020 1127 2216 1197 plicem
2247 1129 2518 1194 exhibuit,
2549 1145 2614 1184 ac
2663 1132 2766 1202 legi
2801 1132 3118 1203 divinisque
3149 1134 3372 1188 statutis
3423 1135 3612 1205 subje-

2020 1221 2096 1274 cit
2129 1240 2141 1274 :
2175 1223 2498 1292 ueterisque
2532 1223 2850 1280 hominibus
2887 1239 3080 1279 auctor
3112 1235 3217 1288 est,
3255 1233 3317 1279 ut
3355 1225 3615 1280 similiter

2019 1321 2205 1378 agant,
2255 1329 2434 1382 neque
2491 1313 2560 1368 ad
2597 1315 2974 1385 improborum
3029 1315 3376 1370 consortium
3423 1314 3613 1370 detra—

2020 1403 2254 1463 hantur,

2087 1493 2252 1550 Vens.
2284 1495 2406 1552 2-5.
2445 1495 2595 1551 Dixit
2643 1499 2874 1568 injustas
2919 1507 2978 1552 ut
3019 1499 3292 1571 delinquat
3331 1501 3388 1554 in
3420 1508 3613 1554 semet-

2015 1587 2150 1656 ipso,
2189 1607 2292 1644 non
2321 1601 2400 1646 est
2435 1593 2592 1645 timor
2631 1592 2729 1646 Dei
2785 1603 2907 1647 ante
2947 1593 3124 1647 oculos
3169 1593 3305 1662 ejus.
3345 1593 3610 1660 Quoniam

2017 1679 2198 1734 dolose
2213 1685 2314 1752 egit
2329 1683 2384 1736 in
2405 1695 2680 1752 conspectu
2695 1686 2830 1754 ejus,
2845 1695 2903 1738 ut
2919 1687 3478 1756 inveniaturiniquitas
3495 1687 3610 1756 ejus

2019 1773 2088 1825 ad
2113 1773 2312 1828 odium.
2339 1775 2464 1832 Hazc
2490 1779 2735 1846 apertius
2757 1777 3217 1849 Symmachushis
3234 1780 3414 1834 verbis
3439 1781 3608 1848 inter-

1943 1840 1986 1897 Β
2015 1871 2262 1932 pretatus
2303 1875 2431 1921 est:
2475 1866 2628 1919 Dixit
2680 1867 2743 1920 de
2793 1840 3082 1937 defectione
3129 1870 3279 1938 impii
3319 1869 3462 1924 intus
3516 1887 3607 1924 cor

2011 1969 2182 2006 meum
2201 1971 2218 2006 :
2237 1952 2358 2008 Non
2390 1957 2689 2023 propositus
2713 1966 2789 2010 est
2810 1958 2970 2010 timor
2994 1957 3090 2011 Dei
3117 1969 3238 2012 ante
3261 1945 3439 2012 oculos
3467 1961 3603 2028 ejus.

2013 2047 2155 2113 Quia
2189 2065 2342 2108 ruere
2363 2047 2603 2108 videntur
2623 2065 2704 2103 res
2740 2053 2878 2118 ejus,
2911 2059 2968 2102 ut
3019 2051 3320 2104 inveniatur
3347 2052 3603 2122 iniquitas

2011 2137 2124 2206 ejus
2153 2138 2221 2191 ad
2255 2139 2538 2206 adiendum
2559 2157 2696 2194 eam.
2717 2139 2816 2195 l-lis
2851 2141 3052 2212 quippe
3077 2141 3248 2196 David
3282 2143 3397 2196 haec
3427 2159 3608 2198 enun-

2011 2231 2112 2284 tiat
2143 2251 2156 2284 :
2183 2229 2292 2285 Cor
2319 2229 2500 2286 meum
2530 2240 2584 2286 et
2617 2233 2879 2302 cogitatio
2906 2248 3024 2287 mea
3057 2233 3173 2288 hac
3204 2234 3270 2288 de
3289 2235 3458 2304 impio
3485 2237 3606 2292 viro

2011 2322 2422 2378 intellexerunt.
2453 2323 2588 2377 Nam
2633 2341 2732 2395 per
2780 2325 3106 2394 speculandi
3155 2328 3290 2391 vim,
3347 2343 3457 2398 qua
3507 2327 3605 2384 Dei

2013 2413 2264 2468 timorem
2297 2429 2464 2471 nosse
2495 2423 2734 2486 poterat,
2767 2417 3036 2472 intellexit
3066 2433 3190 2472 eum
3216 2419 3335 2473 suis
3360 2435 3420 2474 se
3461 2418 3605 2476 dolis

2011 2503 2319 2576 decepisse,
2369 2511 2684 2578 mentisque
2713 2524 2826 2562 sua:
2872 2510 3065 2564 oculos
3093 2511 3381 2564 evertisse.
3419 2509 3604 2576 Quare

2011 2599 2316 2653 secundum
2359 2598 2686 2654 l-lebraicam
2728 2601 3020 2656 lectionem
3062 2601 3268 2654 dicitur
3295 2617 3308 2652 :
3337 2599 3404 2654 In
3433 2601 3602 2656 oculis

2009 2690 2124 2759 ejus
2155 2690 2337 2745 dolose
2382 2694 2569 2761 egisse,
2617 2703 2674 2746 ut
2723 2694 2956 2747 inveniat
2993 2693 3329 2762 iniquitatem
3378 2693 3513 2762 ejus,
3551 2703 3602 2748 et

2009 2783 2130 2836 odio
2161 2783 2373 2838 habeat.
2395 2783 2494 2851 Ita,
2529 2785 2728 2856 inquit,
2750 2801 2872 2840 sese
2904 2786 3195 2850 subvertit,
3230 2786 3598 2856 timoremque

2007 2872 2104 2928 Dei
2133 2875 2201 2928 ab
2239 2875 2417 2930 oculis
2450 2875 2569 2930 suis
2615 2876 2838 2946 abjecit,
2873 2883 2931 2930 ut
2981 2876 3248 2946 iniquitas
3279 2876 3399 2945 ejus
3424 2877 3600 2931 mani-

2009 2967 2147 3022 festa
2192 2968 2471 3034 evaderet,
2515 2969 2761 3038 ipsisque
2795 2969 2972 3024 oculis
3005 2976 3216 3038 pateret
3249 2983 3313 3024 ac
3345 2969 3594 3024 invenire-

2009 3053 2095 3114 tur
2123 3105 2137 3129 ,
2193 3077 2366 3132 eoque
2401 3061 2563 3116 modo
2613 3049 2776 3132 digna
2827 3062 2956 3116 odio
2985 3074 3152 3116 esset.
3185 3060 3372 3114 Palam
3415 3069 3598 3116 autem

2007 3151 2098 3205 ille
2128 3167 2186 3206 se
2227 3159 2452 3218 peccato
2486 3151 2713 3216 dedidit,
2764 3153 2836 3204 ita
2873 3159 2932 3206 ut
2971 3153 3135 3206 verba
3181 3151 3296 3207 oris
3327 3152 3448 3221 ejus
3491 3151 3600 3206 ini-

1931 3218 1973 3278 Ο
2009 3248 2190 3314 quitas
2223 3251 2277 3298 et
2317 3243 2478 3298 dolus
2510 3252 2719 3298 essent.
2769 3243 2894 3298 llaec
2936 3251 3120 3298 autem
3152 3243 3270 3314 ipsa
3302 3218 3597 3298 admodum

2007 3335 2178 3390 libere
2219 3335 2404 3405 elegit,
2461 3342 2651 3404 utpote
2703 3335 2862 3389 liberi
2925 3336 3160 3400 arbitrii,
3215 3353 3382 3406 penes
3432 3354 3595 3408 quem

2005 3435 2122 3482 erat
2148 3429 2292 3480 viam
2343 3427 2495 3482 adire
2525 3429 2748 3490 bonam,
2781 3428 2926 3503 quod
2959 3429 3049 3482 ille
3083 3429 3287 3496 noluit;
3326 3431 3596 3500 quamob-

2013 3535 2128 3573 rem
2192 3518 2401 3572 dictum
2438 3527 2560 3572 est:
2597 3517 2785 3571 Noluit
2825 3519 3116 3589 intelligere
3147 3529 3204 3572 ut
3237 3519 3360 3574 bene
3398 3532 3597 3592 ageret;

2004 3611 2121 3674 sed,
2154 3612 2488 3682 iniquitatem
2512 3612 2794 3665 meditatus
2818 3622 2894 3668 est
2922 3613 2974 3665 in
2995 3613 3236 3668 cubiculo
3267 3631 3384 3670 suo.
3410 3615 3600 3686 Neque

2003 3706 2148 3761 enim
2181 3705 2384 3775 quietis
2437 3713 2700 3775 tempore,
2743 3721 2851 3774 quo
2897 3713 3020 3776 post
3053 3705 3252 3760 diurna
3303 3721 3468 3776 opera
3497 3708 3598 3761 ho-

2003 3797 2180 3852 mines
2207 3799 2340 3862 otio,
2395 3798 2784 3868 tranquillitati
2823 3805 2878 3852 et
2929 3813 3124 3853 somno
3166 3813 3228 3853 se
3270 3799 3471 3854 dedere
3513 3815 3600 3855 so-

2002 3889 2135 3954 lent,
2173 3891 2298 3945 talis
2336 3889 2500 3944 homo
2551 3891 2606 3944 in
2649 3891 2946 3960 tranquillo
2997 3899 3142 3945 statu
3190 3891 3460 3961 degebat;
3497 3889 3596 3947 sed

1971 4049 1974 4052 Α
2003 3999 2069 4039 eo
2101 3999 2320 4054 quoque
2351 3991 2596 4054 tempore
2626 3985 2960 4054 iniquitatem
3001 3984 3288 4038 meditatus
3314 3991 3394 4038 est
3415 3985 3466 4036 ir.
3500 3997 3593 4038 ett-

2004 4075 2097 4130 bili
2128 4093 2243 4132 suo.

299 4159 359 4212 ὲν
384 4153 428 4226 ᾧ
464 4160 604 4232 μετὰ
634 4163 732 4225 τὰς
769 4162 1141 4234 μεθημερινὰς
1186 4161 1416 4233 πράξεις
1451 4165 1679 4226 ἑαυτοὺς
1716 4165 2048 4219 ἐπιδιδόασιν
2111 4165 2386 4238 ἅνθρωποι
2421 4165 2628 4238 ἠρεμίᾳ
2690 4164 2783 4218 καὶ
2826 4165 3118 4237 εὐσταθείᾳ
3147 4165 3242 4219 καὶ
3305 4165 3476 4238 ὕπνῳ,
3533 4167 3593 4220 ὲν

299 4251 634 4306 καταστάσει
669 4253 880 4324 γαλήνῃ
919 4253 1141 4322 γέγονεν
1198 4253 1226 4304 ὁ
1263 4253 1530 4317 τοιοῦτος·
1575 4253 1710 4307 ἀλλὰ
1743 4258 1836 4311 καὶ
1873 4257 1930 4310 ἐν
1967 4255 2143 4330 τούτῳ
2169 4259 2248 4330 τῷ
2307 4259 2484 4330 καιρῴ
2516 4258 2776 4328 ἀνομίαν
2792 4257 3173 4328 διελογίσατο
3201 4259 3300 4312 ἐπὶ
3329 4258 3438 4328 τῆς
3467 4262 3592 4314 κοί-

295 4361 409 4413 της
448 4346 656 4400 αὐτοῦ.

369 4439 570 4508 Κύριε,
597 4439 668 4492 ἐν
697 4440 776 4505 τῷ
810 4441 1044 4508 οἰξρανῷ
1073 4442 1139 4494 τὸ
1161 4444 1334 4510 ἔλεός
1362 4459 1499 4498 σου.
1525 4445 1737 4518 Σφόδρα
1765 4447 1894 4500 ἀκο-

2072 4443 2238 4500 Vens.
2269 4445 2322 4510 6,
2359 4445 2410 4498 7.
2431 4445 2674 4510 Domine,
2697 4443 2754 4497 in
2775 4443 2901 4497 caelo
2927 4443 3290 4498 misericordia
3315 4455 3425 4502 tua.
3461 4445 3594 4505 Post

295 4529 508 4593 λούΘως
537 4529 674 4601 μετά
705 4531 808 4602 τὴν
846 4532 1168 4605 ὑπογραφὴν
1192 4536 1291 4606 τῆς
1315 4536 1410 4588 τοῦ
1446 4537 1763 4608 παρανόμου
1795 4555 1892 4591 κα-

2005 4539 2334 4608 descriptam
2351 4536 2586 4608 improbi
2611 4535 2853 4590 hominis
2875 4535 3196 4603 nequitiam,
3216 4537 3589 4605 praecellentes

297 4623 426 4685 κίας
453 4623 546 4676 τὸν
580 4623 986 4694 ὑπερϐάλλοντα
1019 4625 1245 4680 πλοῦτον
1273 4628 1372 4698 τῆς
1404 4629 1496 4681 τοῦ
1522 4628 1654 4682 Θεοῦ
1689 4647 1897 4702 μακρο-

299 4715 504 4786 θυμίας
543 4718 895 4788 παρίστησιν,
934 4717 1002 4770 δι’
1039 4715 1109 4790 ἧς
1144 4719 1237 4772 καὶ
1284 4719 1392 4772 τῶν
1436 4721 1768 4792 παρανόμων
1797 4723 1891 4776 καὶ

297 4808 514 4862 ἀσεϐῶν
548 4809 756 4880 ἀνδρῶν
806 4807 1090 4878 ἀνέχεται·
1126 4809 1414 4874 διδάσκων,
1443 4813 1524 4864 ὅτι
1553 4815 1584 4864 ό
1625 4813 1890 4879 πλοῦτος

298 4899 414 4978 τῆς
437 4901 848 4968 χρηστότητος
880 4901 1067 4956 αὐτοῦ
1111 4901 1211 4955 καὶ
1253 4901 1360 4970 τῆς
1391 4903 1622 4973 ἀνοχῆς
1651 4905 1749 4958 καὶ
1778 4906 1889 4973 τῆς

293 4995 710 5062 μακροθυμίας
742 4993 891 5046 ἐλέου
928 4995 1283 5066 πεπλήρωται
1314 4997 1570 5066 μεγάλου.
1599 4998 1707 5049 Καὶ
1729 4997 1890 5051 τοῦτο

297 5087 362 5139 τὸ
393 5087 540 5150 ἕλεος
575 5087 667 5140 τοῦ
696 5085 830 5139 Θεοῦ
875 5089 1046 5142 αἴτιον
1074 5089 1330 5158 τυγχάνει
1363 5091 1458 5160 τῆς
1485 5089 1592 5142 τῶν
1625 5091 1892 5164 ἁμαρτω-

297 5177 408 5232 λῶν
459 5179 553 5230 καὶ
587 5179 798 5232 ἀσεϐῶν
831 5180 1037 5253 ἀνδρῶν
1071 5179 1216 5252 ζωῆς
1248 5198 1306 5234 τε
1349 5182 1443 5234 καὶ
1474 5180 1756 5251 εὐθυμίας.
1789 5181 1891 5234 Τὸν

300 5271 403 5344 μὲν
445 5267 536 5324 οὖν
579 5272 850 5344 θησαυρὸν
905 5273 998 5342 τοῦ
1050 5273 1231 5337 ἐλέους
1265 5273 1448 5344 ,αὑτοῦ
1501 5273 1892 5345 τεταμιεῦσθαί

299 5381 467 5434 φησιν
515 5365 572 5416 ἐν
624 5363 701 5434 τῷ
741 5365 952 5436 οὐρανῷ
1001 5365 1137 5418 ἀλλὰ
1172 5368 1264 5419 καὶ
1303 5366 1399 5437 τὴν
1437 5365 1696 5438 ἀλήθειαν
1727 5367 1890 5420 αὑτοῦ

297 5452 441 5509 εἶναι
473 5457 602 5525 παρ’
633 5457 800 5526 αὐτῷ,
831 5457 1160 5530 πληροῦντες
1181 5463 1198 5481 ’
1217 5458 1392 5514 πάντα
1413 5457 1482 5512 τὰ
1499 5460 1600 5512 ὑπε
1611 5461 1888 5532 ρουράνια·

295 5549 448 5620 ὅμως
487 5547 542 5600 δὲ
595 5548 898 5618 καὶμέχρι
947 5549 1066 5602 τῶν
1117 5550 1410 5619 νεφελῶν,
1445 5551 1498 5622 ἢ,
1544 5551 1722 5621 μέχρι
1775 5553 1894 5607 τῶν

295 5638 567 5707 ςιὲθέρων,
593 5641 732 5693 κατὰ
761 5641 852 5694 τὸν
876 5641 1190 5714 Σύμμαχον,
1212 5643 1442 5716 διήκειν.
1460 5643 1614 5698 Οὕτω
1639 5644 1770 5714 γοῦν
1795 5647 1886 5701 καὶ

370 5819 418 5866 'é‘
455 5819 617 5886 Rom.
653 5838 725 5891 ιι,
759 5823 812 5884 4.
890 5826 933 5858 ⁸⁸
975 5825 1121 5882 Psal.
1155 5841 1402 5882 Lxxxvm
1426 5875 1440 5895 ,
1476 5826 1531 5881 ‘2.

2001 4633 2126 4688 illas
2173 4631 2374 4686 divinae
2423 4629 2730 4685 tolerantiae
2787 4627 3007 4683 divitias
3053 4627 3344 4683 admodum
3397 4643 3592 4685 conse-

2001 4733 2234 4796 quenter
2271 4731 2516 4787 enarrat,
2563 4737 2672 4792 qua
2717 4721 2935 4790 iniquos
2989 4719 3294 4789 impiosque
3337 4718 3588 4774 homines

1997 4817 2141 4873 ferre
2167 4815 2544 4878 solet,docens
2563 4813 2780 4868 divitias
2815 4811 3066 4865 bonitatis
3094 4811 3208 4880 ejus
3237 4819 3284 4863 et
3318 4810 3588 4879 patientia?

1999 4921 2048 4964 et
2076 4909 2502 4979 longanimitatis
2524 4908 2605 4972 ⁵⁵⁵,
2656 4902 3042 4961 misericordia
3097 4915 3293 4971 magna
3349 4901 3584 4969 repletas

2000 5017 2142 5058 esse.
2177 5005 2356 5072 Atque
2395 5003 2588 5056 isthaec
2635 4999 3019 5055 misericordia
3053 4997 3148 5052 Dei
3187 4997 3244 5050 in
3278 5007 3444 5048 causa
3474 5000 3580 5058 est,

1999 5095 2146 5164 quod
2178 5101 2494 5164 peccatores
2523 5101 2577 5147 et
2609 5093 2760 5161 impii
2794 5093 2979 5145 vivant
3019 5096 3074 5144 et
3111 5087 3366 5142 alacriter
3395 5093 3579 5156 agant.

1999 5186 2342 5242 Thes-aurum
2399 5185 2583 5254 itaque
2637 5183 3035 5238 misericordiae
3085 5180 3205 5249 ejus
3249 5179 3304 5233 in
3328 5177 3469 5232 c0310
3495 5192 3582 5231 re-

2000 5278 2282 5332 conditum
2313 5277 2412 5341 ait,
2452 5274 2548 5331 sed
2580 5275 2868 5330 veritatem
2908 5287 3126 5342 quoque
3153 5271 3272 5340 ejus
3301 5284 3467 5339 penes
3497 5267 3582 5338 ip-

2000 5383 2122 5423 sum
2153 5384 2303 5435 esse;
2336 5367 2450 5421 haec
2500 5373 2684 5420 autem
2729 5364 2978 5418 coelestia
3027 5375 3214 5415 omnia
3265 5359 3577 5429 complent;

2001 5471 2240 5516 attamen
2275 5477 2437 5532 usque
2465 5459 2534 5512 ad
2571 5457 2754 5523 nubes,
2781 5457 2888 5520 vel,
2921 5461 2981 5508 ut
3006 5453 3367 5525 Symmachus
3392 5451 3575 5516 habet,

2000 5571 2161 5624 usque
2194 5551 2261 5606 ad
2286 5553 2482 5608 (ethera
2515 5557 2822 5620 penetrant.
2862 5547 2952 5602 Sic
2979 5549 3034 5601 in
3055 5547 3162 5600 alio
3193 5559 3409 5615 quoque
3437 5542 3578 5612 psal-

1994 5661 2084 5702 mo
2116 5647 2321 5703 dictum
2345 5653 2427 5702 est
2455 5662 2467 5697 :
2509 5643 2570 5699 ln
2597 5641 2723 5699 coelo
2749 5641 3138 5712 prwparabitur
3169 5639 3362 5696 veritas
3391 5646 3484 5690 tua
3505 5636 3574 5693 “.
