4138 6380
552 415 656 471 519
1254 402 1525 460 EUSEBll
1563 398 2044 459 CASSARIENSIS
2081 396 2235 454 OPI‘.
2274 394 2455 451 PARS
2493 392 2581 451 Ill.
2605 425 2677 436 —
2713 387 3123 448 EXEGETICA.
3723 380 3833 439 320

552 530 772 590 Veritas
801 530 985 600 itaque
1016 525 1114 583 Dei
1146 525 1203 581 in
1236 525 1379 579 coelo
1402 532 1489 580 est
1519 541 1535 578 :
1562 523 1689 579 inde
1713 536 1843 578 vero
1875 535 1977 576 ceu
2014 519 2129 590 plu-

2234 518 2293 572 ὲν
2324 516 2499 587 ἑτέρῳ
2521 513 2801 568 λέλεκται·
2845 513 2949 566 Ἔν
2968 508 3049 575 τῷ
3068 503 3303 576 οὐρανῷ
3332 502 3830 574 ἐτοιμασθήσεται

540 627 629 681 via
660 626 714 680 in
750 595 991 678 nubibus
1020 621 1135 675 lata
1166 617 1338 674 stillat
1369 617 1427 671 in
1460 622 1686 670 terram.
1741 612 1867 669 Ideo
1901 608 2124 675 dicitur,

2237 611 2280 678 ἡ
2310 606 2565 674 ἀλήθειά
2602 623 2737 660 σου.
2775 605 2932 657 Ἐστι
2964 602 3062 673 μὲν
3087 596 3180 654 οὖν
3212 601 3245 670 ή
3282 598 3507 670 ἀλήθεια
3551 596 3647 650 τοῦ
3690 595 3827 650 Θεοῦ

541 717 614 772 Ει
646 715 837 771 veritas
862 722 955 767 tua
976 728 1140 783 usque
1169 709 1238 764 ad
1262 709 1447 763 nubes.
1484 706 1561 767 Ex
1590 706 1832 762 nubibus
1865 713 2044 759 autem
2070 705 2127 757 in

2238 701 2299 753 ἑν
2332 699 2413 770 τῷ
2445 698 2679 770 οὐρανῷ,
2713 696 2870 769 δίκην
2921 695 2978 749 δὲ
3011 693 3179 782 ὑετοῦ.
3206 690 3503 762 φερομένου
3533 688 3623 743 διά
3651 688 3829 759 νεφῶν

542 808 795 865 homines
835 782 1061 862 veritas
1092 803 1189 859 Dei
1236 801 1538 858 efl‘unditur
1567 817 1583 866 ;
1616 798 1791 855 nubes
1839 798 1972 852 vitro
2005 810 2129 866 pro-

2237 793 2336 848 καὶ
2394 792 2556 864 μέχρι
2599 792 2698 863 τῆς
2753 791 2855 860 γῆς
2913 786 3216 850 ὲπιστάζει.
3247 784 3338 837 Διὸ
3368 783 3617 854 εἴρηταιο
3651 782 3762 836 Καὶ
3789 784 3829 853 ἡ

541 903 736 973 phetas
780 905 835 956 et
890 898 1167 969 angelicas
1198 895 1450 955 virtutes,
1485 907 1516 947 a
1549 891 1764 962 fquibus
1790 889 1997 944 veritas
2031 886 2129 941 Dei

2236 882 2496 953 ἀλήθειά
2523 900 2639 936 σου
2662 882 2774 948 ἕως
2797 878 2918 934 τῶν
2937 875 3230 947 νεφελῶν.
3267 876 3360 928 Ἐκ
3388 874 3445 927 δὲ
3476 873 3583 925 τῶν
3609 871 3831 942 λεγομέ-

542 962 859 1047 hominibus
890 962 1055 1042 allata
1085 995 1189 1052 est,
1221 982 1510 1053 Scriptura
1537 982 1677 1037 solet
1697 979 1990 1049 appellare.
2036 974 2128 1030 Sic

2240 978 2349 1033 νῶν
2369 975 2607 1046 νεφελῶν
2627 974 2724 1029 καὶ
2749 976 2829 1037 είς
2855 970 3174 1043 ἀνθρώπους
3195 968 3487 1040 προχέεται
3512 968 3546 1036 ή
3572 964 3668 1018 τοῦ
3693 962 3831 1018 Θεοῦ

459 1064 463 1069 θ
541 1086 598 1139 in
659 1082 803 1138 isaia
847 1081 1051 1136 dictum
1076 1084 1161 1133 est
1187 1094 1200 1129 :
1225 1075 1295 1131 Et
1320 1073 1547 1131 nubibus
1569 1071 1833 1127 mandabo
1855 1086 1919 1125 ne
1942 1069 2129 1139 pluunt

2240 1069 2473 1143 ἀλήθεια
2493 1086 2506 1099 ·
2539 1066 2770 1138 νεφέλας
2808 1064 2865 1119 δὲ
2888 1065 3015 1127 τοὺς
3041 1062 3326 1135 προφήτας
3353 1060 3386 1132 ἢ
3410 1059 3506 1123 τὰς
3533 1056 3832 1126 ἀγγελικὰς

539 1190 697 1245 super
714 1191 828 1229 eam
848 1172 1067 1227 imbrem
1088 1171 1157 1235 “,
1180 1169 1393 1225 scilicet
1422 1181 1588 1238 super
1610 1164 1925 1222 Judzeorum
1958 1178 2132 1234 popu-

542 1268 676 1329 lum,
708 1270 794 1336 qu.‘
829 1264 1040 1335 tr0pice
1072 1264 1235 1319 vinea
1277 1268 1530 1317 vocatur.

2240 1160 2526 1232 δυνάμεις,
2551 1159 2618 1212 δι’
2646 1151 2721 1212 ὧν
2747 1159 2781 1229 ή
2809 1154 3035 1227 ἀλήθεια
3066 1153 3161 1206 τοῦ
3191 1150 3327 1205 Θεοῦ
3361 1152 3456 1205 καὶ
3494 1152 3574 1213 είς
3620 1146 3831 1219 ἀνθρώ-

2244 1271 2382 1316 πους
2420 1250 2808 1323 κατελήλυθεν,
2839 1247 3027 1302 εἴωθεν
3068 1249 3097 1300 ὁ
3138 1245 3295 1313 λόγος
3332 1244 3641 1315 ὀνομάζειν.
3671 1240 3830 1295 Οὕτω

541 1333 789 1415 λέλεκται
821 1362 878 1414 ὲν
918 1333 1147 1431 Ἧσαῖᾳι
1170 1355 1283 1412 Καὶ
1314 1354 1445 1421 ταῖς
1498 1352 1784 1424 νεφέλαις
1819 1349 2177 1420 ἐντελοῦμαι
2214 1348 2322 1404 τοῦ
2365 1347 2453 1419 μὴ
2493 1346 2709 1415 βρέξαι
2752 1346 2840 1410 είς
2884 1340 3076 1397 αὐτὸν
3122 1338 3321 1404 ὑετὸν,
3363 1334 3565 1409 δηλαδὴ
3610 1336 3692 1400 είς
3735 1333 3830 1387 τδν

554 1454 826 1509 Ἰουδαίων
881 1452 1031 1518 λαὸν,
1077 1448 1378 1521 ἀμπελῶνα
1420 1446 1700 1519 τροπικῶς
1725 1443 2134 1517 ὠνομασμένον.

612 1549 693 1605 Ad
717 1549 833 1604 haec
864 1554 1070 1612 autem,
1097 1545 1313 1616 justitia
1341 1549 1456 1608 tua,
1487 1541 1686 1614 inquit,
1719 1540 1970 1603 Domine,
2004 1554 2125 1593 ma-

542 1659 649 1716 gna
681 1642 1031 1713 excelsaque,
1066 1639 1371 1706 montibus,
1402 1638 1514 1693 imo
1546 1636 1829 1692 montibus
1853 1633 1947 1689 Dei
1976 1647 2128 1687 com-

2315 1534 2439 1587 Ἔτι
2492 1530 2630 1604 πρὸς
2670 1529 2882 1591 τούτοις
2929 1529 2963 1598 ή
3014 1524 3329 1593 δικαιοσύνη
3376 1540 3491 1587 σου,
3545 1521 3742 1591 φησὶν,
3782 1512 3830 1573 ὦ

2240 1626 2436 1697 Κύριε,
2454 1620 2664 1694 μεγάλη
2691 1618 2947 1691 τυγχάνει
2970 1617 3065 1671 καὶ¹
3093 1614 3292 1685 ὑψηλὴ,
3309 1613 3459 1685 ὄρεσι
3487 1609 3833 1682 παραϐαλλο-

544 1704 793 1808 paratur,
829 1749 895 1790 ac
920 1704 1152 1803 insuper
1172 1704 1379 1804 judicia
1414 1738 1508 1785 tua
1531 1726 2128 1799 incomprehensibilia.

2244 1717 2401 1789 μένη,
2434 1715 2527 1770 καὶ
2554 1715 2704 1787 δρεσι
2738 1712 2894 1776 Θεοῦ,
2927 1711 3023 1765 καὶ
3069 1709 3205 1782 πρὸς
3244 1707 3455 1771 τούτοις
3484 1705 3556 1759 τά
3587 1704 3835 1777 κρίμα-τά

544 1824 1016 1893 Quemadmodum
1040 1824 1187 1880 enim
1224 1823 1481 1896 abyssus,
1513 1829 1575 1877 ut
1603 1827 1824 1884 vocant,
1863 1820 2129 1875 immensa

2240 1826 2335 1864 σου
2383 1808 2769 1878 ἀκατάληπτα.
2837 1805 2925 1867 Ὧς
2978 1802 3090 1875 γὰρ
3133 1803 3167 1873 ή
3224 1798 3536 1870 καλουμένη
3595 1797 3834 1896 ἄϐυ-σσρς

544 1925 600 1972 et
622 1916 941 1971 hominibus
969 1914 1548 1987 incomprehensibilis
1570 1921 1686 1980 est;
1714 1912 1862 1983 quod
1896 1926 2028 1967 sane
2048 1911 2133 1967 his

546 2009 907 2082 signiﬁcatur,
935 2026 1131 2079 ponens
1158 2025 1212 2061 ιη
1237 2007 1499 2062 thesauris
1520 2006 1776 2077 abyssos:
1803 2004 1883 2060 sic
1901 2004 2132 2074 judicia,

547 2103 796 2164 Domine.
827 2116 949 2174 qua:
977 2117 1038 2158 ex
1069 2101 1287 2171 justitia
1334 2100 1604 2170 prodeunt
1635 2107 1748 2163 tua,
1775 2113 1877 2153 ceu
1906 2098 2129 2169 abyssus

547 2197 715 2253 multa
733 2197 778 2228 "
800 2203 950 2251 sunt.
979 2193 1086 2249 Pro
1117 2194 1211 2248 illo
1241 2200 1446 2257 autem,
1464 2191 1683 2262 justitia
1712 2200 1802 2244 tua
1824 2191 1961 2247 sicut
1979 2208 2128 2247 mon-

547 2299 624 2344 tes
663 2287 793 2351 Dei;
836 2286 1057 2357 Aquila,
1098 2285 1320 2355 justitia
1369 2293 1465 2339 tua
1508 2284 1647 2339 sicut
1672 2293 1873 2337 montes
1904 2284 2129 2350 robusti,

546 2378 941 2449 interpretatus
980 2382 1083 2432 est.
1119 2374 1245 2431 Haec
1275 2390 1440 2447 porro
1468 2374 1653 2429 omnia
1680 2381 1991 2445 opportune
2024 2389 2133 2429 me-

544 2477 879 2524 morantur:
913 2467 1359 2537 declaraturque,
1415 2480 1514 2537 per
1562 2465 1994 2521 misericordiam
2037 2465 2128 2520 Dei

546 2578 674 2631 qure
705 2562 762 2616 in
792 2561 939 2616 caelo
980 2569 1088 2624 est,
1132 2576 1231 2631 per
1261 2558 1548 2614 veritatem
1578 2566 1633 2612 et
1674 2558 1944 2627 justitiam
1985 2559 2131 2629 ejus,

552 2667 618 2707 ac
640 2668 738 2723 per
768 2651 923 2716 illud,
962 2650 1185 2706 Iudicia
1222 2651 1336 2721 ejus
1359 2659 1420 2704 ut
1466 2649 1689 2719 abyssus
1718 2650 1886 2705 multa
1930 2653 2131 2706 incom-

544 2744 922 2813 prehensibilia
974 2752 1133 2806 sunt,
1186 2743 1406 2814 impios,
1476 2744 1665 2798 atheos
1715 2752 1769 2805 et
1820 2754 2133 2814 peccatores

547 2851 657 2892 non
688 2836 800 2891 vita
830 2836 1030 2897 solum,
1064 2835 1159 2892 sed
1195 2836 1424 2906 reliquis
1457 2838 1622 2891 etiam
1654 2834 1763 2891 frui
1787 2838 1945 2894 bonis
1976 2853 2005 2891 a
2030 2838 2132 2894 bo-

547 2927 723 2984 nitate
752 2928 927 2999 ipsius
951 2927 1409 2984 subministratis.

2235 1903 2463 1974 ἇπειρός
2510 1904 2660 1956 ἐστιν
2716 1894 3026 1970 ἀνθρώποις
3074 1893 3170 1947 καὶ
3209 1889 3642 1960 ἀκατάληπτος·
3690 1886 3720 1940 δ
3765 1884 3832 1957 δὴ

2237 1997 2498 2068 σημαίνει
2521 1996 2549 2047 ὁ
2571 1993 2749 2065 φήσας
2772 1989 2949 2057 λόγος·
2975 1983 3159 2051 Τιθεις
3195 1977 3620 2068 ἐτ’-θησαυροῖς
3646 1978 3833 2068 ἀϐύσ-

2236 2065 2391 2154 σοιις
2411 2104 2425 2116 ’
2450 2085 2624 2147 οὔτως
2653 2082 2747 2136 καὶ⁵
2773 2079 2842 2133 τὰ
2872 2077 2942 2133 σὰ
2969 2074 3236 2149 κρίματα,
3261 2065 3308 2125 ὦ
3340 2068 3533 2143 Κύριε,
3550 2068 3619 2122 τὰ
3645 2069 3710 2121 ὲκ
3731 2066 3831 2136 τῆς

2241 2181 2339 2252 σῆς
2415 2178 2762 2249 δικαιοσύνης
2843 2171 3139 2243 φερόμενα,
3187 2165 3264 2230 ὡς
3335 2165 3373 2233 ή
3405 2162 3680 2226 ἄϐυσσος
3714 2159 3831 2212 ἐστι

2238 2251 2461 2338 πολλή.
2506 2271 2653 2325 Ἀντ)⁸
2685 2270 2744 2324 δὲ
2773 2265 2892 2330 τοῦ,
2935 2265 3007 2320 Ἠ
3033 2258 3388 2325 δικαιοσύνη
3432 2271 3551 2309 σου
3599 2254 3680 2319 ὡς
3723 2251 3830 2319 ὅρη

2240 2364 2411 2430 Θεοῦ,
2442 2366 2472 2418 ὁ
2511 2360 2762 2425 Ἀκύλας,
2792 2354 3153 2422 Δικαιοσύνη
3187 2368 3305 2406 σου
3328 2349 3410 2415 ὡς
3445 2347 3554 2417 ὅρη
3588 2343 3830 2415 ὶσχιιρὰ,

2238 2456 2574 2528 ἡρμήνευσε.
2616 2451 2835 2505 Τούτων
2859 2448 2918 2503 δὲ
2945 2446 3164 2501 πάντων
3189 2440 3464 2511 εὐκαίρως
3491 2435 3830 2528 έμνηριόγευΣ

2190 2560 2203 2577 ⁸
2426 2543 2612 2613 λόγος·
2648 2539 2887 2604 δεικνὺς,
2915 2538 2998 2591 ὅτι
3036 2534 3127 2590 διὰ
3166 2533 3229 2587 τὸ
3254 2530 3403 2594 ἔλεός
3435 2545 3531 2582 σου
3566 2526 3660 2582 τοῦ
3694 2523 3831 2579 Θεοῦ

2239 2633 2304 2688 τὸ
2341 2635 2400 2688 ὲν
2430 2631 2510 2703 τῷ
2543 2629 2778 2702 οὐρανῷ,
2811 2628 2906 2682 καὶ
2939 2625 3028 2681 διὰ
3070 2625 3170 2696 τὴν
3222 2620 3482 2694 ἀλήθειαν
3527 2615 3693 2685 αὐτοῦ
3737 2616 3833 2668 καὶ

2240 2723 2332 2777 διὰ
2372 2724 2472 2795 τὴν
2497 2720 2844 2793 δικαιοσύνην
2874 2717 3062 2782 αὐτοῦ,
3092 2716 3187 2770 καὶ
3212 2712 3302 2769 διὰ
3334 2712 3428 2765 τό·
3470 2711 3561 2775 Ὠς
3596 2706 3831 2770 ἄϐυσσος

2239 2816 2408 2886 πολλὴ
2450 2814 2817 2885 ἀκατάληπτα
2853 2811 2924 2866 τὰ
2963 2810 3209 2882 κρίματα
3241 2803 3429 2870 αὐτοῦ,
3476 2802 3574 2858 καὶ
3613 2798 3830 2863 ἀσεϐεῖς

2243 2909 2337 2963 καὶ
2363 2907 2514 2963 ἄθεοι
2533 2894 2630 2962 καὶ
2661 2904 2976 2978 ἁμαρτωλοὶ
3007 2903 3067 2958 οὐ
3095 2901 3254 2973 μόνον
3278 2898 3421 2970 ζωῆς
3444 2892 3829 2961 ἀπολαύουσιν,

547 3019 685 3074 ἀλλὰ
721 3021 817 3076 καὶ
863 3021 974 3075 τῶν
1016 3021 1222 3076 λοιπῶν
1281 3024 1390 3078 τῶν
1445 3025 1553 3079 ἀπὸ
1592 3026 1692 3097 τῆς
1734 3023 2142 3097 φιλανθρωπίας
2179 3026 2343 3080 αὐτοῦ
2367 3024 2809 3098 χορηγουμένων.

622 3134 788 3192 Vens.
821 3136 875 3193 8.
909 3136 1276 3207 Quamobrem
1332 3140 1593 3211 adjicitur
1626 3161 1640 3198 :
1678 3141 1933 3201 Homines
1957 3154 2008 3199 et
2038 3145 2130 3216 ju-

2313 3144 2405 3198 Διὸ
2436 3143 2748 3213 ὲπιλέγεται
2772 3160 2785 3173 ’
2835 3140 3201 3208 Ἀνθρώπους
3237 3136 3335 3192 καί
3364 3136 3553 3203 κτήνη
3584 3133 3827 3200 σώσεις,

548 3237 724 3283 menta
750 3227 1006 3295 satvabis,
1026 3229 1284 3295 Domine;
1305 3233 2129 3306 quemadmodum’multiplicasti

2234 3237 2428 3305 Κύριε,
2459 3236 2541 3302 ὡς
2571 3233 2921 3301 ἐπλήθυινας
2955 3234 3021 3287 τὸ
3057 3234 3232 3298 ἔλεός
3274 3244 3416 3296 σου,
3441 3232 3475 3289 d
3521 3228 3685 3293 Θεός.
3731 3225 3832 3279 Διὰ

548 3316 975 3370 misericordiam
1008 3327 1177 3383 tuam,
1212 3319 1377 3377 Deus.
1408 3319 1543 3385 Nam
1574 3323 2014 3399 propterjudicia
2042 3334 2133 3380 tua

548 3422 671 3479 qua:
704 3415 764 3462 ut
816 3408 1057 3481 abyssus
1100 3411 1273 3466 multa
1322 3420 1473 3477 sunt,
1527 3422 1752 3485 propter
1777 3415 2049 3485 justitiam
2081 3425 2136 3472 et

544 3499 834 3555 veritatem
859 3510 1007 3557 tuam
1034 3519 1154 3573 quae
1178 3503 1232 3557 in
1260 3505 1402 3559 cmlo
1418 3512 1523 3570 est,
1551 3505 1802 3563 homines
1820 3508 2135 3577 etjumenta

545 3591 712 3650 simul
750 3594 983 3650 salutem
1018 3596 1287 3652 obtinent.
1317 3596 1409 3653 Sic
1436 3598 1806 3669 multiplicasti
1836 3601 2136 3655 misericor-

547 3681 696 3737 diam
728 3691 898 3748 tuam,
925 3683 1158 3749 Deus,ut
1188 3702 1299 3741 non
1324 3688 1488 3743 modo
1520 3689 1611 3758 qui
1646 3688 1818 3759 digni.
1851 3690 1947 3744 sed
1969 3691 2133 3745 etiam

551 3773 645 3846 qui
704 3776 885 3832 brutis
913 3778 1172 3833 moribus
1217 3787 1272 3834 et
1319 3779 1643 3851 insipientes
1689 3789 1815 3836 sunt
1857 3781 2129 3845 homines,

548 3867 659 3923 vita
710 3868 808 3924 abs
859 3876 914 3924 te
964 3869 1092 3925 data
1148 3871 1420 3927 fruantur.
1482 3872 1935 3944 Quandoquidem
1987 3874 2131 3929 enim

547 3959 709 4014 multi
739 3970 1159 4032 conqueruntur
1177 3973 1232 4019 et
1262 3968 1611 4037 expostulant
1633 3982 1755 4020 cum
1785 3967 1878 4020 illo
1902 3966 1990 4021 his
2022 3982 2138 4021 ver-

548 4053 668 4110 bis:
694 4051 876 4120 Quare
901 4053 1055 4126 impii
1075 4070 1337 4126 prospere
1358 4065 1547 4127 agunt,
1565 4073 1627 4111 ac
1651 4057 1741 4113 Dei
1763 4056 1922 4113 bonis
1948 4057 2133 4112 fruun-

548 4145 678 4200 tur?
704 4145 1026 4202 necessario
1066 4146 1228 4202 docet
1262 4149 1489 4202 multam
1527 4148 1649 4220 ejus
1691 4149 2130 4205 misericordiam

548 4250 693 4291 esse.
720 4235 789 4290 At
816 4236 865 4291 si
890 4237 1271 4294 misericordia
1303 4246 1517 4294 tantum
1550 4256 1614 4295 ac
1635 4242 1922 4301 clementia
1952 4241 2133 4298 exsis-

548 4333 710 4391 teret,
743 4324 880 4380 nihil
909 4341 940 4379 a
969 4336 1322 4405 peccatorum
1358 4330 1471 4385 vita
1503 4330 1743 4386 ineunda
1764 4341 1994 4388 arceret.
2018 4331 2128 4387 Ve-

550 4430 677 4469 rum
722 4414 917 4471 edocet
945 4416 1038 4473 ille
1066 4421 1351 4475 veritatem
1382 4430 1439 4476 et
1494 4422 1767 4492 justitiam
1806 4439 1931 4477 cum
1965 4425 2131 4481 mise-

2239 3327 2349 3399 γὰρ
2405 3326 2473 3380 τὰ
2517 3327 2764 3398 κρίματα
2799 3343 2892 3379 σου
2928 3324 2995 3378 τά
3025 3326 3100 3389 ὼς
3129 3323 3362 3386 ἄϐυσσος
3407 3320 3598 3391 πολλή,
3622 3318 3717 3372 καὶ
3743 3316 3833 3371 διὰ

2235 3417 2334 3490 τὴν
2363 3417 2709 3489 δικαιοσύνην
2736 3433 2827 3469 σου
2862 3416 2954 3469 καὶ
2990 3415 3086 3487 τὴν
3121 3412 3375 3484 ἀλήθειάν
3411 3428 3504 3464 σου
3535 3410 3633 3482 τὴν
3662 3409 3720 3461 ὲν
3751 3405 3832 3477 τῷ

2235 3509 2470 3582 οὐρανῷ,
2492 3509 2770 3580 ἄνθρωποι
2801 3509 2894 3562 καὶ
2933 3509 3103 3578 κτήνη
3133 3505 3276 3559 κατά
3292 3505 3351 3557 τὸ
3373 3503 3504 3556 αὐτὸ
3530 3498 3829 3565 σώζονται·

2234 3602 2407 3666 οὕτως
2428 3600 2779 3670 ἐπλήθυνας
2799 3599 2865 3653 τὸ
2887 3597 3064 3664 ἔλεός
3092 3611 3231 3664 σου,
3258 3595 3423 3660 Θεὸς,
3458 3594 3534 3656 ὡς
3563 3591 3637 3664 μὴ
3671 3592 3830 3663 μόνον

2233 3696 2359 3758 τοὺς
2391 3694 2574 3761 ἀξίους
2604 3693 2702 3764 τῆς
2736 3695 2800 3746 ὲκ
2851 3692 2945 3745 σοῦ
2984 3691 3130 3761 ζωῆς
3182 3685 3639 3762 μεταλαμϐάνειν,
3690 3682 3828 3738 ἀλλὰ

2235 3787 2328 3839 καὶ
2373 3787 2498 3849 τοὺς
2543 3784 2837 3857 κτηνώδεις
2885 3785 2980 3837 καὶ
3032 3783 3292 3854 ἀνοήτους
3345 3779 3454 3833 τῶν
3499 3776 3822 3850 ἀνθρώπων.

2246 3876 2461 3947 Ἐπειδὴ
2515 3876 2622 3948 γὰρ
2671 3875 2857 3929 πολλοὶ
2908 3874 3214 3945 μέμφονται
3257 3873 3353 3926 καὶ
3403 3866 3824 3923 καταιτιῶνται’

2236 3966 2354 4019 Ἵνα
2382 3967 2435 4018 τί
2466 3967 2683 4028 ἀσεϐεῖς
2708 3964 3015 4035 εὐθηνοῦσι,
3053 3961 3148 4016 καὶ
3175 3960 3282 4013 τῶν
3317 3958 3410 4012 τοῦ
3437 3956 3572 4011 Θεοῦ
3606 3954 3828 4024 ἀγαθῶν

2234 4059 2636 4125 ἀπολαύουσιν;
2698 4057 3014 4126 ἀναγκαίως
3072 4053 3333 4119 διδάσκει,
3391 4051 3474 4105 ὅτι
3535 4047 3828 4112 πολυέλεός

2234 4154 2403 4204 ἐστιν.
2443 4151 2580 4204 Ἀλλ’
2606 4152 2656 4203 εἰ
2695 4151 2792 4221 μὲν
2821 4146 2888 4221 ἦν
2927 4149 3071 4212 ἕλεος
3102 4146 3261 4219 μόνον
3296 4143 3389 4198 καὶ
3419 4140 3821 4213 φιλανθρωπία,

2232 4239 2386 4295 οὐδὲν
2410 4240 2645 4294 ἐκώλυεν
2673 4240 2766 4293 τὸν
2794 4239 2900 4293 τῶν
2925 4237 3277 4311 ἁμαρτωλῶν.
3293 4233 3650 4308 μετέρχεσθαι
3673 4233 3785 4302 βίον
3806 4249 3823 4265 ο

2228 4331 2471 4385 διδάσκει
2519 4331 2597 4395 δὲ,
2638 4331 2718 4384 ὅτι
2773 4333 2870 4385 σὺν
2899 4332 2976 4402 τῷ
3012 4328 3147 4400 ἐλέῳ
3190 4327 3562 4398 ἀνακέκραται
3597 4322 3829 4393 ἀλήθεια

2231 4422 2327 4475 καὶ
2352 4420 2690 4492 δικαιοσύνη,
2718 4421 2793 4485 ὡς
2814 4422 2911 4492 τῆς
2928 4420 3280 4491 δικαιοσύνης
3304 4418 3400 4472 καὶ
3436 4416 3536 4488 τῆς
3564 4415 3826 4488 ἀληθείας

548 4504 786 4560 ricordia
819 4505 1064 4571 misceri,
1090 4507 1167 4562 ita
1202 4516 1261 4564 ut
1295 4516 1421 4580 post
1458 4511 1893 4566 miscricordiam
1915 4513 2129 4582 justitia

2234 4511 2629 4583 διαληψομένης
2656 4512 2780 4575 τοὺς
2802 4511 3157 4582 ἁμαρτωλοὺς
3188 4510 3324 4583 μετὰ
3357 4511 3418 4563 τὸ
3442 4509 3608 4571 ἕλεος.
3632 4508 3694 4560 El
3716 4505 3825 4576 γάρ

546 4603 604 4650 et
646 4596 851 4651 veritas
891 4608 1212 4667 peccatores
1254 4608 1565 4673 exceptura:
1609 4610 1759 4661 sunt.
1790 4602 1928 4658 Nam
1980 4605 2026 4660 si
2058 4620 2127 4661 ex

2236 4608 2311 4679 μὴ
2342 4608 2633 4677 ὠφελοῖντο
2655 4606 2733 4677 τῷ
2762 4606 2895 4678 ἐλέῳ
2924 4607 3017 4660 καὶ
3047 4608 3112 4676 τῇ
3152 4600 3504 4675 μακροθυμίᾳ
3536 4598 3632 4653 τοῦ
3662 4596 3819 4659 Θεοῦ,

546 4687 929 4744 misericordia
977 4698 1033 4746 et
1072 4691 1340 4761 patientia
1373 4691 1468 4748 Dei
1502 4693 1635 4748 nihil
1663 4695 1914 4751 utilitatis
1947 4698 2114 4768 perci-

546 4780 722 4852 piant,
749 4780 963 4850 justitia
995 4790 1049 4837 et
1079 4782 1287 4838 veritas
1311 4784 1432 4852 ejus
1464 4784 1686 4841 invadet
1720 4787 1842 4842 illos
1880 4806 1892 4842 :
1914 4787 2126 4859 judicio

545 4872 914 4943 quippejusto
940 4873 1324 4944 subjicientur.
1358 4874 1499 4931 Sunt
1534 4878 1680 4932 enim
1717 4894 1929 4945 revera,
1972 4887 2123 4948 sunt,

545 4964 791 5034 inquam,
837 4963 1043 5035 judicia
1094 4964 1187 5021 Dei
1230 4969 1483 5036 occulta;
1524 4970 1696 5024 multa
1754 4971 2127 5042 immensaque

546 5056 916 5127 profunditas,
952 5058 1058 5123 vel,
1091 5068 1153 5114 ut
1183 5062 1261 5114 ait
1288 5059 1594 5131 Scriptura,
1619 5061 1841 5133 abyssus
1867 5064 2038 5118 multa
2070 5067 2123 5119 in

542 5148 873 5220 iudiciorum
910 5152 1031 5222 ejus
1063 5153 1279 5209 ratione
1311 5154 1814 5224 comprehenditur.
1851 5154 1975 5211 Haec
2020 5158 2125 5229 igi-

541 5245 637 5296 tur
667 5244 863 5312 lmpios
890 5254 1134 5299 manent.

619 5324 788 5385 Vnus.
814 5330 868 5393 9,
895 5331 982 5386 10.
1012 5329 1145 5386 Filii
1168 5341 1346 5388 autem
1377 5333 1646 5390 hominum
1673 5337 1726 5390 in
1758 5339 1979 5408 tegmine
2002 5339 2119 5393 ala-

2229 4703 2264 4773 ἡ
2300 4700 2614 4771 δικαιοσύνη
2657 4700 2821 4754 αὐτοῦ
2854 4700 3007 4771 καὶὴ
3040 4696 3266 4769 ἀλήθεια
3316 4691 3696 4766 μετελεύσεται
3725 4690 3823 4743 αὐ-

2233 4791 2388 4857 τούς·
2426 4793 2893 4865 ὐποϐληθήσονται
2920 4792 3029 4863 γὰρ
3059 4791 3239 4862 κρίσει
3263 4786 3484 4859 δικαίᾳ.¹
3505 4786 3662 4840 Ἔστι
3688 4783 3819 4855 γὰρ,

2239 4885 2389 4939 ἔστιν
2417 4886 2707 4957 ἀπόρρητα
2747 4884 2814 4939 τὰ
2848 4885 3095 4956 κρίματα
3119 4881 3214 4934 τοῦ
3242 4879 3378 4933 Θεοῦ
3397 4896 3410 4910 ·
3446 4878 3612 4942 πολύς
3635 4895 3694 4930 τε
3725 4878 3822 4931 καὶ

2233 4977 2458 5049 ἄπειρος
2503 4978 2682 5048 βυθὸς,
2713 4977 2780 5049 ἢ,
2817 4975 2999 5041 καθὼς
3040 4980 3072 5048 ή
3106 4976 3295 5048 Γραφή
3333 4990 3516 5043 φησιν,
3549 4973 3821 5034 ἄϐυσσος

2234 5071 2436 5141 πολλὴ
2466 5074 2524 5125 ἐν
2550 5072 2627 5143 τῷ
2652 5071 2793 5142 λόγῳ
2824 5070 2932 5123 τῶν
2968 5071 3251 5142 χριμάτων
3286 5070 3446 5125 αὐτοῦ
3484 5066 3814 5138 περιέχεται,

2235 5160 2418 5215 Ταῦτα
2453 5162 2632 5216 τοίνυν
2666 5162 2815 5232 μένει
2841 5162 2966 5225 τούς
3000 5159 3232 5223 ἀσεϐεῖς.

2303 5341 2368 5394 Οἱ
2392 5338 2461 5392 δὲ
2482 5338 2599 5393 υἱοὶ
2625 5339 2744 5393 τῶν
2770 5337 3094 5407 ἀνθρώπων
3127 5337 3197 5391 ἐν
3229 5336 3426 5405 σκέπῃ
3453 5333 3573 5389 τῶν
3601 5332 3819 5401 πτερύ-

545 5434 664 5473 rum
709 5434 921 5475 murum
971 5424 1274 5491 sperabunt.
1320 5424 1736 5482 Inebriabunlur
1765 5429 1831 5482 ab
1884 5429 2122 5485 ubertate

2234 5447 2351 5500 των
2376 5444 2494 5485 σου
2521 5430 2823 5486 ἐλπιοῦσι.
2848 5427 3352 5494 Μεθυσθὴσονται
3381 5427 3499 5481 ἀπὸ
3532 5427 3819 5491 πιότητος

544 5512 731 5567 domus
761 5526 885 5581 tum,
919 5526 969 5571 et
1004 5525 1233 5574 torrente
1289 5520 1569 5589 voluptatis
1595 5529 1701 5576 tua:
1750 5522 1955 5590 potabis
2007 5540 2116 5577 eos.

546 5602 810 5668 Quoniam
845 5608 984 5674 apud
1005 5618 1054 5663 te
1077 5621 1154 5665 est
1184 5610 1302 5680 fons
1328 5613 1465 5677 vitae,
1494 5613 1550 5666 iu
1582 5613 1780 5669 lumine
1820 5624 1909 5671 tuo
1934 5616 2121 5670 videbi-

547 5713 660 5757 mus
689 5699 883 5755 ιιιιιιεη.
925 5701 1194 5767 Quoniam
1231 5702 1439 5771 judicia
1495 5713 1588 5759 tua
1640 5708 1873 5778 abyssus
1924 5711 2114 5776 multa,

619 5848 663 5889 ιδ
704 5848 806 5913 ιδο.
842 5868 908 5917 v,
941 5853 992 5911 6.
1071 5858 1111 5889 "
1154 5857 1299 5913 Psal.
1343 5873 1507 5924 xxv,
1548 5858 1601 5921 7.

2229 5524 2399 5579 οἴκου
2430 5537 2567 5591 σου,
2609 5523 2709 5579 καὶ
2739 5524 2847 5578 τὸν
2876 5522 3236 5593 χειμάρρουν
3280 5519 3389 5589 τῆς
3430 5517 3663 5588 τρυφῆς
3698 5533 3819 5571 σου

2227 5617 2453 5682 ποτιεῒς
2488 5617 2732 5683 αὐτούς.
2769 5618 2898 5670 Ὅτι
2924 5616 3083 5684 παρὰ
3120 5614 3221 5667 σοὶ
3248 5612 3410 5683 πηγὴ
3441 5610 3613 5679 ζωῆς,
3637 5610 3708 5664 ἐν
3735 5605 3818 5675 τῷ

2227 5708 2376 5778 φωτί
2413 5722 2528 5763 σου
2576 5709 2845 5777 ὀψόμεθα
2889 5706 3031 5777 φῶς.
3070 5705 3287 5776 Ἐπειδὴ
3321 5702 3389 5756 τὰ
3426 5701 3671 5773 κρίματά
3721 5714 3819 5763 σου
