4138 6380
315 341 417 395 521

1416 331 1928 395 COMMENTABIA
1963 339 2032 396 IN
2072 339 2419 397 PSALMOS.

3488 343 3596 398 312

313 456 552 517 ἄϐυσσος
589 450 777 523 πολλὴ,
804 449 1030 514 είκότως
1085 450 1146 503 οὐ
1201 450 1359 522 μόνον
1413 451 1738 523 ἀνθρώπων,
1772 453 1900 506 ἀλλὰ

2010 452 2135 523 jure
2166 469 2272 508 non
2299 454 2615 508 hominibus
2638 454 2823 521 modo,
2853 455 2948 511 sed
2981 455 3148 511 etiam
3176 456 3441 527 jumentis
3477 477 3601 531 pro-

313 551 412 604 καὶ
456 545 670 618 κτηνῶν
722 547 1000 619 προνοεῖς·
1037 543 1210 608 οὕτως
1250 543 1602 614 ἐπλήθυνας
1633 547 1699 599 τὸ
1733 545 1908 614 ἔλεός

311 657 453 704 σου,
491 642 525 693 ό
571 639 734 704 Θεός.
787 639 944 690 Ἔστι
987 636 1032 688 δ’
1065 636 1146 689 ἔτι
1204 637 1358 708 παρὰ
1410 636 1585 691 ταῦτα
1633 637 1910 710 ἐξαίρετον

304 733 500 804 τάγμα
529 731 639 784 τῶν
670 729 808 801 μετὰ
841 728 908 782 τὰ
948 727 1311 801 προλεχθέντα
1337 728 1753 800 ὀνομαζομένων
1777 730 1910 783 υἱῶν

308 824 648 896 ἀνθρώπων·
681 822 897 886 οἵτινες,
938 821 1097 874 πλέον
1126 839 1177 875 τι
1207 821 1423 891 ἔχοντες
1454 823 1565 875 τῶν
1606 821 1910 894 ἀνθρώπων

308 920 408 972 καὶ
426 917 534 971 τῶν
557 915 770 987 κτηνῶν
798 915 906 968 τῶν
931 915 1036 968 ὑπὸ
1065 914 1158 967 σοῦ
1179 916 1522 986 σωζομένων,
1545 916 1908 986 κατηξίωνται

313 1014 374 1063 ὲν
411 1010 591 1083 σκέπῃ
632 1008 742 1062 τῶν
790 1006 1077 1079 πτερύγων
1109 1024 1200 1059 σου
1233 1006 1512 1072 ἐλπίζειν·
1562 1007 1594 1078 ἦ
1645 1008 1786 1062 κατὰ
1817 1011 1910 1063 τὸν

306 1101 632 1172 Σύμμαχον,
681 1098 816 1152 Ὑπὸ
858 1098 1043 1152 σκιὰν
1083 1098 1202 1151 τῶν
1231 1099 1538 1167 πτερύγων
1569 1113 1685 1152 σου
1713 1101 1911 1170 ἀμερι-

299 1191 549 1264 μνοῦσι.
583 1193 720 1254 Τοὺς
750 1191 860 1263 γὰρ
893 1191 987 1244 ἐπὶ
1016 1190 1078 1243 σὲ
1118 1189 1441 1260 ὴλπικότας,
1467 1190 1561 1244 καὶ
1589 1193 1908 1264 ἀφωρισμέ-

307 1304 435 1350 νους
477 1285 572 1339 τοῦ
623 1286 906 1357 τάγματος
938 1285 1046 1340 τῶν
1081 1284 1545 1357 διαϐεϐλημένων,
1583 1288 1647 1340 σὺ
1687 1287 1850 1351 αὐτὸς
1881 1290 1909 1341 6

304 1378 444 1442 Θεὸς
471 1381 593 1442 ταῖς
619 1377 812 1432 ἑαυτοῦ
842 1377 1069 1450 πτέρυξι
1104 1379 1388 1450 περιέπεις
1410 1378 1505 1432 καὶ
1532 1379 1771 1443 σκέπεις.
1799 1381 1909 1433 Καὶ

306 1471 433 1523 ἐπεὶ⁵
461 1471 698 1542 ἤλπισαν
739 1463 886 1524 οὗτοι
924 1471 1136 1542 ἀγαθὴν
1171 1471 1384 1536 ἐλπίδα,
1432 1470 1498 1523 Ἠ
1532 1470 1600 1523 δὲ
1627 1471 1808 1536 ἐλπὶς
1836 1474 1907 1526 οὐ

305 1565 730 1633 καταισχύνει·
759 1563 1254 1632 μεθυσθήσονται
1279 1564 1395 1616 ἀπὸ
1428 1565 1710 1630 πιότητος
1737 1565 1908 1617 οἴκου

304 1669 447 1717 σου,
481 1655 580 1708 καὶ
609 1655 717 1708 τὸν
744 1653 1106 1725 χειμάῤῥουν
1130 1654 1240 1722 τῆς
1276 1654 1509 1723 τρυφῆς
1543 1673 1658 1710 σου
1686 1655 1908 1722 ποτιεῖς

303 1749 552 1813 αὐτούς.
585 1745 745 1812 Οἶκος
772 1749 869 1820 μὲν
893 1747 986 1802 τοῦ
1011 1747 1144 1802 Θεοῦ
1172 1751 1318 1802 ἐστιν
1346 1748 1691 1821 ἡἘκκλησία
1715 1750 1903 1803 αὑτοῦ·

2016 547 2205 615 Spit-is,
2247 550 2328 603 sic
2365 547 2740 615 multiplicasti
2773 550 3194 604 misericordiam
3229 561 3399 620 tuam,
3429 552 3594 611 Deus.

2014 633 2220 692 Prmter
2271 637 2385 692 bmc
2420 647 2600 692 autem
2638 639 2779 693 alius
2819 641 3053 696 eximius
3081 649 3166 697 est
3211 645 3346 697 ordo
3385 659 3598 714 eorum,

2014 731 2108 798 qui
2139 737 2264 798 post
2302 729 2560 799 praedicta
2594 729 2687 784 ﬁlii
2732 731 3016 787 hominum
3048 742 3335 790 vocantur.
3380 735 3446 790 Hi
3479 738 3603 808 plu-

2014 821 2092 874 ris
2121 821 2329 891 aliquid
2364 822 2630 878 habentes
2663 839 2824 892 quam
2860 824 3112 881 homines
3133 834 3186 880 ct
3208 826 3455 896 jumenta
3478 830 3604 900 qui-

2014 912 2118 966 bus
2149 914 2379 968 salutem
2406 929 2591 983 paras,
2618 914 2768 985 digni
2802 916 2974 971 habiti
3005 926 3134 973 sunt
3164 922 3256 990 qui
3285 923 3341 974 in
3364 923 3603 990 tegmine

2013 1008 2222 1060 alarum
2257 1014 2472 1061 tuarum
2511 1024 2661 1078 spem
2710 1009 2975 1077 habeant;
3008 1018 3185 1065 autut
3216 1011 3600 1082 Symmachus,

2014 1098 2123 1154 Sub
2159 1099 2348 1153 umbra
2375 1100 2588 1154 alarum
2623 1110 2836 1156 tuarum
2865 1105 3034 1158 securi
3060 1115 3202 1160 sunt.
3223 1105 3328 1162 Eos
3345 1108 3488 1162 enim
3508 1111 3604 1179 qui

2013 1192 2069 1246 in
2105 1199 2158 1247 te
2185 1208 2337 1262 spem
2368 1193 2591 1258 habent,
2617 1196 2821 1265 quique
2851 1196 2920 1251 ab
2942 1196 3134 1252 ordine
3161 1196 3449 1253 infamium
3482 1200 3601 1256 illo-

2013 1302 2135 1340 rum
2187 1296 2570 1357 segregantur,
2609 1297 2667 1342 tu
2702 1289 2839 1358 ipse,
2879 1288 3046 1352 Deus,
3076 1290 3179 1344 alis
3214 1289 3366 1345 foves
3416 1292 3529 1348 tuis
3549 1303 3605 1347 et

2011 1381 2280 1450 contegis.
2313 1379 2522 1451 thuia
2560 1397 2711 1451 spem
2745 1398 2937 1452 cepere
2962 1398 3237 1453 magnam,
3269 1383 3398 1452 Spes
3428 1394 3605 1440 autem
3642 1365 3650 1377 ’

2012 1489 2117 1524 non
2161 1472 2521 1540 confundit“.
2569 1473 2987 1528 Inebriabuntur
3033 1475 3097 1528 ab
3128 1475 3368 1530 ubertate
3413 1477 3606 1535 domus

2014 1575 2141 1628 tum,
2170 1575 2218 1619 et
2262 1575 2494 1620 torrente
2524 1567 2807 1635 voluptatis
2853 1576 2958 1620 tua:
2993 1568 3202 1635 potabis
3249 1585 3358 1623 eos.
3397 1568 3606 1626 Domus

2011 1655 2106 1711 Dei
2131 1665 2216 1713 est
2249 1657 2492 1714 Ecclesia
2522 1659 2642 1728 ejus
2671 1675 2682 1710 :
2719 1659 2943 1716 ubertas
2965 1660 3184 1727 domus,
3221 1661 3485 1717 divinitus
3520 1663 3604 1716 in-

2012 1749 2235 1818 Spiratae
2266 1750 2533 1806 lectiones
2559 1770 2571 1805 :
2605 1752 2843 1807 ebrietas
2871 1752 2960 1806 illa
2995 1760 3296 1824 temperata
3319 1763 3374 1808 et
3395 1753 3601 1820 sobria,

303 1842 505 1913 πιότης
546 1842 602 1895 δὲ
635 1841 730 1895 τοῦ
780 1842 929 1896 οἴκου
983 1841 1051 1895 τὰ
1103 1841 1436 1896 Οεόπνευστα
1474 1842 1900 1914 ἀναγνώσματαο

2009 1840 2217 1895 utilitas
2237 1856 2304 1895 ex
2335 1841 2670 1896 lectionibus
2706 1844 3037 1912 proveniens
3067 1858 3078 1894 :
3116 1852 3332 1898 torrens
3361 1844 3606 1914 volupta-

305 1935 450 2007 μέθη
494 1935 552 1988 δὲ
599 1935 831 2007 σώφρων
868 1935 963 1988 καὶ
999 1935 1260 2006 νηφάλιος
1299 1938 1332 2009 ἡ
1381 1935 1489 1988 ἀπὸ
1517 1936 1624 1989 τῶν
1656 1938 1904 2004 ἀναγνω-

304 2029 532 2099 σμάτων
558 2028 800 2096 ὠφέλεια
823 2045 836 2058 ⁸
875 2027 1180 2099 χείμαρρος
1205 2029 1262 2081 δὲ
1295 2029 1534 2100 τρυφῆς,
1563 2027 1621 2092 ἐξ
1651 2025 1712 2081 οὗ
1753 2029 1906 2083 ποτί-

302 2120 490 2186 ζονται
525 2123 574 2174 οἱ
601 2123 694 2175 ἐπὶ
729 2123 906 2193 σκέπῃ
953 2120 1060 2175 τῶν
1095 2123 1384 2194 πτερύγων
1407 2123 1571 2175 αὐτοῦ
1589 2116 1901 2193 ἠλπικότες,

301 2216 333 2267 ὁ
364 2216 420 2267 ὲν
460 2213 756 2285 Ἐκκλησία
785 2214 877 2267 τοῦ
905 2214 1040 2268 Θεοῦ
1075 2214 1340 2286 ποταμὸς,
1371 2214 1499 2286 περὶ
1525 2210 1586 2269 οὗ
1617 2215 1900 2270 λέλεκται’

307 2305 422 2360 Τοῦ
459 2305 729 2376 ποταμοῦ
770 2305 842 2359 τὰ
875 2306 1187 2376 ὁρμήματα
1218 2308 1613 2376 εὐφραίνουσι
1644 2307 1758 2375 τὴν
1791 2308 1903 2360 πό-

300 2399 407 2450 λιν
438 2397 543 2451 τοῦ
569 2396 719 2451 Θεοῦ
739 2416 751 2428 ·
788 2400 902 2462 καὶ,
945 2399 998 2450 '0
1036 2400 1304 2470 ποταμὸς
1326 2399 1434 2454 τοῦ
1463 2399 1610 2452 Θεοῦ
1637 2399 1906 2466 ἐπληρώ-

303 2491 380 2556 θη
412 2487 668 2542 ὑδάτων.
699 2490 1018 2563 Χείμαῤῥος
1057 2491 1115 2544 δὲ
1155 2492 1372 2564 τρυφῆς
1408 2493 1436 2544 6
1468 2491 1701 2562 Χριστὸς
1726 2490 1814 2543 διὰ
1845 2483 1904 2543 τὸ

301 2583 644 2654 πρόσκαιρον
673 2583 772 2654 τῆς
800 2584 857 2638 ὲν
883 2583 1191 2655 ἀνθρώποις
1221 2584 1545 2652 ἐπιφανείας
1568 2581 1753 2636 αὐτοῦ.
1775 2585 1903 2635 Ὅτι

299 2671 467 2740 παρὰ
513 2673 613 2726 σοὶ
662 2671 825 2742 πηγὴ
873 2671 1044 2742 ζωῆς.
1080 2674 1233 2743 Ζωὴν
1260 2674 1318 2727 δὲ
1349 2673 1475 2726 ὄντα
1507 2672 1756 2744 ἔγνωμεν
1809 2673 1902 2725 τὸν

299 2763 540 2835 Χριστὸν
600 2766 666 2818 ὲκ
725 2766 825 2836 τῆς
881 2765 1242 2836 εὐαγγελικῆς
1287 2765 1658 2830 διδασκαλίας,
1717 2765 1784 2817 δι’
1834 2755 1904 2836 ἧς

297 2855 469 2920 αὐτὸς
511 2856 540 2908 6
594 2857 787 2929 Σωτὴρ
830 2857 1072 2911 διδάσκει
1105 2857 1282 2926 λέγων
1306 2873 1318 2886 ·
1362 2856 1502 2926 Ἐγώ
1528 2859 1645 2926 ειμι
1674 2857 1740 2909 τό
1775 2856 1902 2925 φῶς

299 2947 403 3001 καὶ
444 2948 483 3016 h
518 2947 771 3015 ἀλήθεια
798 2949 897 3003 καὶ
920 2950 959 3018 ἡ
997 2947 1130 3018 ζωή.
1173 2949 1334 3002 Ἀλλὰ
1358 2949 1471 3012 καὶ,
1493 2948 1524 3001 ὃ
1558 2947 1806 3018 γέγονεν
1832 2948 1902 2999 ἐν

299 3039 466 3106 αὺτῷ
501 3039 612 3108 ζωὴ
649 3040 749 3110 ἦν,
786 3041 886 3095 καὶ
937 3043 976 3111 ἡ
1015 3040 1128 3110 ζωὴ
1154 3037 1234 3111 ἦν
1269 3040 1335 3094 τὸ
1362 3040 1489 3110 φῶς
1523 3038 1643 3093 τῶν
1679 3037 1901 3106 ἀνθρώ-

2008 1933 2101 1997 tis,
2137 1949 2247 2002 quo
2287 1942 2544 2005 petantur
2581 1935 2617 1989 ii
2663 1937 2754 2006 qui
2791 1937 2894 1991 sub
2936 1937 3174 2007 tegmine
3223 1937 3431 1991 alarum
3480 1938 3603 2008 ejus

2009 2035 2254 2101 sperant,
2302 2028 2504 2084 ﬂuvius
2554 2029 2608 2083 in
2662 2029 2909 2085 Ecclesia
2952 2029 3049 2085 Dei
3086 2044 3342 2096 manans,
3381 2029 3449 2086 de
3494 2046 3605 2101 quo

2007 2099 2215 2170 dictum
2273 2127 2398 2174 est:
2432 2119 2700 2173 Fluminis
2757 2120 2982 2188 impetus
3038 2119 3283 2190 lwtiﬁcat
3339 2099 3605 2174 civitatem

2007 2208 2202 2273 Dei”;
2231 2218 2316 2265 et:
2343 2210 2569 2266 Flumen
2591 2212 2687 2266 Dei
2703 2213 2956 2282 repletum
2985 2221 3064 2267 est
3093 2215 3247 2282 aquis
3275 2214 3340 2267 ⁸ο.
3363 2215 3606 2270 Torrens

2006 2301 2316 2371 voluptatis
2358 2303 2616 2358 Christus
2662 2313 2768 2369 est,
2813 2305 2884 2359 ob
2921 2313 3331 2375 temporaneam
3373 2305 3496 2375 ejus
3549 2308 3603 2361 in

2005 2392 2324 2448 hominibus
2369 2396 2740 2463 prmsentiam.
2778 2396 3048 2462 Quoniam
3087 2395 3229 2464 apud
3279 2404 3326 2449 te
3373 2406 3451 2450 est
3482 2397 3602 2463 fons

2005 2482 2144 2534 vita".
2197 2481 2274 2535 Ex
2310 2485 2625 2554 evangelica
2655 2485 2907 2540 doctrina
2955 2487 3236 2541 Christum
3268 2501 3392 2540 esse
3431 2488 3600 2541 vitam

2003 2573 2324 2637 ediscimus,
2374 2582 2434 2628 ut
2491 2574 2746 2630 Salvator
2779 2577 2896 2648 ipse
2934 2579 3096 2633 docet
3137 2579 3224 2634 his
3251 2578 3454 2642 verbis,
3489 2578 3603 2648 Ego

2004 2683 2123 2719 sum
2166 2666 2281 2730 lux,
2317 2669 2511 2722 veritas
2545 2679 2594 2721 et
2625 2669 2815 2723 vita“.
2847 2669 2954 2723 Sed
2989 2671 3177 2732 etiam,
3211 2668 3349 2740 quod
3398 2669 3604 2739 factum

2003 2768 2082 2813 est
2124 2760 2178 2812 in
2221 2760 2334 2828 ipso
2380 2762 2488 2816 vita
2525 2770 2662 2826 erat,
2705 2772 2756 2816 et
2792 2764 2900 2816 vita
2943 2771 3060 2816 erat
3109 2762 3202 2816 lus:
3244 2761 3600 2818 hominum".

2004 2850 2187 2916 Quare
2214 2853 2302 2907 hic
2334 2855 2562 2924 pariter,
2598 2857 2738 2909 utin
2766 2855 3082 2925 Evangelio,
3112 2857 3235 2909 vitae
3289 2856 3379 2908 lux
3413 2855 3603 2910 subdi-

2004 2953 2136 2998 tur:
2175 2961 2300 3000 nam
2338 2954 2630 3017 postquam
2666 2949 2902 3012 dixerat,
2939 2948 3212 3015 Quoniam
3255 2947 3395 3017 apud
3437 2959 3486 3002 te
3519 2957 3600 3000 est

2004 3036 2124 3105 fons
2150 3040 2290 3104 vitm,
2323 3041 2604 3110 adjicitur,
2633 3039 2698 3095 In
2733 3041 2928 3094 lumine
2961 3052 3049 3096 tuo
3080 3041 3370 3096 videbimus
3399 3041 3598 3096 lumen.

299 3146 452 3187 πων.
486 3133 578 3187 Διὸ
607 3135 701 3187 καὶ
724 3133 957 3188 ἐνταῦθα
987 3137 1053 3207 τῇ
1081 3133 1192 3205 ζωῇ
1220 3134 1487 3204 συνῆπται
1514 3133 1574 3186 τὸ
1607 3131 1722 3203 φῶς
1762 3149 1898 3202 συμ-

2007 3127 2133 3183 llaec
2166 3131 2368 3201 quippe
2393 3134 2516 3204 .vita
2560 3133 2942 3188 rationabilem
2980 3133 3157 3187 lucem
3191 3131 3595 3188 subministrat.

301 3223 499 3296 φώνως
545 3224 626 3296 τῷ
672 3225 1010 3297 Εὐαγγελίῳ·
1044 3226 1184 3297 μετὰ
1227 3225 1337 3298 γὰρ
1370 3225 1555 3294 φάναι·
1589 3225 1710 3276 Ὅτι
1743 3221 1900 3289 παρὰ

2012 3221 2382 3286 Quamobrem
2431 3225 2658 3290 dicitur,
2711 3224 2782 3279 Et
2825 3227 2932 3279 vita
2981 3237 3094 3280 erat
3146 3227 3240 3280 lux
3294 3227 3595 3280 hominum.

300 3317 401 3372 σοὶ
462 3318 626 3388 πηγὴ
694 3315 862 3387 ζωῆς,
926 3319 1274 3389 ὲπιλέγεταιο
1318 3320 1414 3372 Ἐν
1455 3316 1536 3384 τῷ
1602 3315 1750 3386 φωτί
1782 3331 1900 3368 σου

302 3407 572 3479 ὁ“έί⁴¹ό.(ριεθιι
593 3407 737 3478 φῶς.
775 3410 958 3475 Φωτὺς
995 3411 1105 3483 γὰρ
1139 3409 1359 3480 λογικοῦ
1392 3407 1732 3481 χορηγητικὴ
1766 3421 1901 3473 τυγ-

2011 3313 2115 3379 Qui
2151 3332 2318 3385 porro
2352 3319 2468 3373 hac
2517 3319 2851 3390 acceperint,
2883 3335 2980 3390 pro
3018 3319 3144 3386 line,
3182 3319 3323 3376 lucis
3351 3325 3604 3374 contenta

2011 3406 2307 3476 plationem
2335 3412 2685 3468 obtinebunt.

301 3501 457 3574 χάνει
484 3501 622 3573 αὕτη
652 3504 684 3574 ἡ
724 3501 837 3574 ζωή
857 3513 870 3532 ⁴
902 3499 983 3556 διὸ
1020 3501 1268 3571 λέγεται·
1327 3501 1432 3556 Καὶ
1475 3503 1514 3569 ἠ
1562 3497 1675 3570 ζωὴ
1717 3497 1799 3572 ἦν
1826 3499 1893 3556 τὸ
1919 3499 2044 3568 φῶς
2069 3502 2186 3556 τῶν
2221 3501 2567 3574 ἀνθρώπων.
2598 3509 2660 3561 Οἱ
2689 3507 2746 3560 δὲ
2777 3505 2982 3561 τούτων
3018 3505 3413 3576 μεταλαϐόντες
3441 3503 3596 3574 τέλος

301 3593 484 3660 ἕξουσι
517 3593 612 3648 τοῦ
649 3595 826 3665 φωτὸς
852 3595 952 3667 τὴν
978 3595 1130 3651 θέαν.

376 3686 748 3755 Παράτεινον
784 3687 848 3741 τό
879 3689 1054 3755 ἔλεός
1094 3703 1210 3742 σου
1241 3687 1367 3755 τοῖς
1400 3686 1771 3760 γινώσκουσί
1799 3701 1893 3750 σε,

303 3779 402 3832 καὶ
430 3779 547 3847 τὴν
574 3778 972 3847 δικαιοσύνην
1012 3794 1128 3834 σου
1162 3780 1286 3846 τοῖς
1325 3781 1530 3836 εὺθέσι
1558 3778 1634 3848 τῇ
1658 3778 1894 3847 καρδίᾳ.

302 3867 430 3934 Τοῖς
450 3870 524 3942 μὴ
541 3871 899 3939 γινώσκουσιν
921 3872 1084 3926 αὑτὸν
1108 3872 1446 3944 πρόσκαιρον
1464 3872 1616 3926 ἔσται
1636 3872 1696 3924 τὸ
1717 3871 1864 3933 ἔλεος
1878 3880 1892 3901 ί

301 3967 418 4028 τοῖς
453 3964 512 4018 δὲ
540 3964 871 4032 γινώσκουσί
907 3982 988 4032 σε,
1024 3965 1230 4036 Σῶτερ,
1271 3965 1599 4037 παρὰτεινον
1645 3964 1706 4017 τὸ
1747 3962 1896 4027 ἔλεός

304 4073 398 4109 σου
429 4057 523 4110 καὶ
544 4057 644 4127 τὴν
672 4058 1019 4129 δικαιοσύνην
1047 4075 1141 4111 σου
1162 4075 1173 4086 ·
1202 4060 1260 4110 ἐν
1349 4059 1468 4112 κατ’
1497 4057 1654 4124 ἀξίαν
1690 4056 1892 4127 κρίνων

300 4151 414 4212 τοῖς
445 4150 545 4220 μὲν
575 4147 876 4212 ἀποδώσεις
901 4148 1046 4202 κατὰ
1077 4149 1146 4204 τὰ
1177 4149 1314 4221 ἔργα
1340 4149 1540 4213 αὐτῶν,
1574 4151 1686 4212 τοῖς
1714 4147 1770 4200 δὲ
1802 4166 1894 4200 πι-

303 4234 534 4300 στώσεις
561 4236 659 4300 τὰς
690 4239 790 4301 σὰς
823 4239 1180 4306 ἐπαγγελίας.
1225 4239 1370 4292 ’Λντὶ
1405 4240 1462 4292 δὲ
1497 4238 1612 4303 τοῦ,
1640 4238 1751 4292 Καὶ
1779 4237 1895 4307 τὴν

299 4327 696 4397 δικαιοσύνην
715 4340 832 4385 σου
865 4331 991 4397 τοῖς
1021 4323 1225 4385 εὐθέσι
1260 4329 1334 4400 τῇ
1361 4331 1590 4400 καρδίᾳ,
1614 4334 1641 4385 ό
1668 4330 1894 4402 Σύμμα-

301 4437 416 4491 χος,
447 4421 557 4475 Καὶ
610 4423 724 4491 τὴν
791 4423 1217 4493 ἐλεημοσύνην
1241 4441 1357 4477 σου
1385 4424 1507 4490 τοῖς
1535 4424 1753 4490 ἁπλοῖς
1778 4423 1894 4492 τὴν

2080 3680 2244 3739 Vens.
2320 3684 2552 3739 11-15.
2625 3683 2903 3739 Ρνωιεηάε
2962 3683 3384 3738 miseriam-diam
3446 3693 3593 3737 tuam

2005 3778 2289 3832 scientibus
2341 3787 2408 3841 te,
2440 3787 2488 3831 et
2530 3777 2802 3848 justitiam
2857 3785 3002 3830 tuam
3052 3776 3118 3829 iis
3166 3777 3256 3846 qui
3298 3785 3439 3831 recto
3467 3784 3595 3830 sunt

2005 3870 2178 3924 corde.
2212 3867 2598 3924 Nescientibus
2623 3869 2792 3924 Deum
2823 3878 3173 3939 temporanea
3213 3869 3592 3925 misericordia

2005 3964 2142 4031 erit;
2174 3971 2227 4017 at
2261 3963 2544 4018 scientibus
2578 3973 2646 4029 te,
2687 3949 2958 4028 Salvator,
2994 3963 3260 4033 praetende
3288 3963 3592 4017 misericor-

2004 4053 2150 4106 diam
2182 4063 2327 4106 tuam
2357 4063 2406 4107 et
2431 4053 2705 4123 justitiam
2738 4062 2904 4118 tuam,
2940 4068 3045 4124 qua
3069 4068 3171 4124 pro
3203 4069 3384 4108 rerum
3417 4053 3594 4124 digni-

2000 4153 2111 4200 tate
2131 4143 2406 4214 judicans,
2427 4145 2549 4200 aliis
2572 4145 2871 4200 secundum
2894 4160 3056 4215 opera
3083 4160 3271 4200 eorum
3297 4145 3588 4210 retribues,

2000 4239 2124 4295 aliis
2155 4239 2423 4308 promissa
2452 4246 2547 4292 tua
2573 4239 2947 4294 conﬁrmabis.
2992 4237 3100 4292 Pro
3127 4238 3220 4291 illo
3253 4245 3432 4291 autem
3468 4255 3481 4292 :
3521 4236 3592 4292 Et

1992 4331 2266 4401 justitiam
2318 4340 2465 4385 tuam
2507 4332 2575 4385 iis
2627 4332 2716 4401 qui
2765 4340 2905 4385 recto
2956 4341 3078 4384 sunt
3109 4329 3299 4392 corde;
3335 4327 3590 4400 Symma-

2001 4427 2139 4481 chus
2172 4445 2185 4480 :
2220 4424 2291 4479 Et
2330 4424 2756 4479 misericordiam
2805 4422 3134 4492 simplicibus
3187 4422 3363 4484 corde,
3395 4421 3587 4479 edidit.

300 4513 584 4582 καρδίαν,
639 4516 892 4582 ἐξέδωκε.
946 4517 1044 4585 Mh
1087 4518 1310 4573 ἐλθέτω
1352 4535 1455 4587 μοι
1505 4518 1657 4584 ποῦς
1709 4520 1893 4586 ὑπερ-

2005 4516 2129 4572 Non
2161 4520 2337 4573 ueniat
2366 4518 2497 4572 mihi
2519 4533 2608 4587 pes
2649 4516 2929 4585 superbia',
2966 4526 3014 4569 et
3063 4532 3252 4568 manus
3295 4525 3588 4583 peccatoris

299 4607 582 4674 ηρανίας,
625 4607 723 4660 καὶ
764 4608 892 4677 χεὶρ
927 4609 1290 4678 ἁμαρτωλῶν
1319 4608 1406 4679 μὴ
1452 4611 1752 4663 σαλεῦσαι
1794 4627 1890 4679 με.

313 4697 476 4752 Ἐκεῖ
503 4699 731 4753 ἔπεσον
762 4703 815 4754 οἱ
847 4701 1223 4771 ἐργαζόμενοι
1252 4701 1366 4770 τὴν
1395 4704 1670 4772 ἀνομίαν.
1721 4702 1892 4768 Έξώ-

302 4793 548 4857 σθησαν
604 4792 703 4846 καί
757 4795 830 4847 οὺ
877 4793 963 4863 μὴ
1015 4793 1389 4863 δυνήσονται
1444 4793 1685 4864 στῆναι.
1740 4795 1894 4867 Μηδὲ

301 4883 615 4955 κτησαίμην
640 4889 795 4958 χεῖρα
818 4888 912 4941 καὶ
934 4886 1162 4959 πράξεις
1185 4887 1525 4959 ἁμαρτωλῶν
1545 4905 1558 4919 ·
1593 4887 1765 4942 ταῦτα
1784 4889 1893 4960 γὰρ

304 4974 550 5029 σαλεύειν
618 4977 775 5031 εἴωθε
814 4980 909 5033 καὶ
965 4983 1275 5050 μετακινεῖν
1322 4981 1422 5052 τῆς
1479 4981 1628 5051 παρὰ
1677 4982 1761 5034 σοὶ
1813 4980 1894 5052 τῷ

301 5070 420 5141 Θεῷ
466 5072 710 5136 στάσεως
761 5074 886 5137 τοὺς
931 5075 1012 5136 είς
1057 5066 1119 5125 τὸ
1151 5073 1340 5136 σκότος
1375 5073 1434 5125 τὸ
1465 5072 1730 5144 ἐξώτερον
1762 5071 1893 5137 ἐξω-

302 5165 686 5237 σθησομένους.
717 5166 864 5221 Ἀντὶ
900 5165 957 5219 δὲ
991 5165 1082 5219 τοῦ
1103 5182 1114 5194 ⁸
1157 5165 1318 5219 Ἐ’κεῖ
1335 5166 1582 5230 ἔπεσον,
1609 5167 1638 5219 6
1670 5166 1900 5237 Σύμμαιι

299 5273 414 5328 χος,
461 5257 614 5311 ὅπου
643 5259 971 5312 πίπτουσιν
995 5260 1046 5312 οἱ
1075 5255 1447 5328 ἐργαζόμενοι
1481 5257 1597 5328 τὴν
1634 5258 1896 5323 ἀδικίαν,

299 5347 552 5413 ἐξέδωκε.
578 5349 669 5420 Μὴ
698 5348 806 5422 γὰρ
834 5347 1114 5420 γενοίμην,
1147 5348 1334 5420 φησὶν,
1364 5349 1498 5412 ἐκεῖ,
1532 5348 1660 5402 ἔνθα
1703 5348 1752 5401 οἱ
1797 5365 1893 5400 σα-

297 5439 582 5504 λευθέντες
625 5441 906 5504 πίπτουσι,
955 5443 1048 5496 καὶ
1101 5441 1359 5505 πεσόντες
1396 5440 1746 5506 ἐξωθοῦνται,
1796 5441 1890 5493 καὶ

298 5530 624 5596 ἔξωσθέντες
645 5532 826 5586 οὐκέτι
853 5533 1164 5586 ἐπανελθεῖν
1191 5533 1525 5605 δυνήσονται.
1559 5531 1890 5595 Ἀκολούθως

368 5800 415 5832 ³⁸
454 5796 611 5860 Rom,
647 5814 721 5865 ν,
746 5797 798 5853 5.
874 5798 920 5830 ⁸⁵
960 5796 1105 5855 Psal.
1143 5811 1284 5864 ην,
1322 5796 1380 5853 5.

1457 5797 1502 5829 “
1541 5795 1686 5853 Psal.
1723 5811 1880 5862 utv,
1915 5793 2002 5851 10.
2085 5794 2128 5826 ⁸⁸
2168 5791 2327 5848 Joan.
2383 5803 2505 5859 xw,
2541 5793 2598 5848 6.

2002 4628 2106 4665 non
2137 4619 2340 4665 moveat
2372 4628 2470 4666 me.
2505 4609 2589 4664 Ibi
2621 4609 2918 4664 ceciderunt
2948 4608 3037 4678 qui
3061 4615 3349 4675 operantur
3393 4606 3588 4674 iniqui-

2004 4714 2185 4769 tatem,
2219 4705 2429 4775 expulsi
2475 4713 2618 4769 sunt,
2647 4721 2739 4758 nec
2786 4708 3033 4772 poterunt
3083 4709 3246 4753 stare.
3275 4697 3354 4753 Ne
3390 4712 3588 4753 manus

1999 4806 2053 4853 et
2103 4805 2253 4868 gesta
2307 4804 2658 4867 peccatorum
2687 4793 2964 4850 obtineam
2998 4810 3010 4846 :
3046 4791 3161 4845 haec
3190 4789 3391 4860 quippe
3418 4803 3586 4841 excu-

2002 4895 2116 4945 tere
2151 4890 2328 4944 solent
2355 4896 2410 4942 et
2444 4902 2725 4942 rcmm'ere
2775 4887 2873 4940 abs
2901 4893 2952 4939 te
2983 4899 3078 4939 eos
3107 4881 3198 4952 qui
3238 4881 3292 4934 in
3329 4877 3587 4932 tenebras

1997 4984 2302 5038 exteriores
2346 4981 2715 5050 depelluntur.
2748 4977 2856 5032 Pro
2885 4978 2979 5032 illo
3011 4982 3190 5029 autem
3222 4992 3233 5025 :
3270 4971 3354 5024 lbi
3388 4968 3584 5023 cecide-
3617 4978 3621 4981 '

1997 5085 2141 5139 runt,
2182 5075 2543 5146 Symmachus
2566 5073 2758 5136 edidit,
2803 5071 2895 5125 ubi
2944 5069 3143 5123 cadunt
3182 5065 3271 5137 qui
3299 5071 3587 5133 operantur

1999 5169 2354 5238 iniquitatem.
2381 5165 2478 5228 Ne,
2508 5165 2707 5234 inquit,
2740 5179 2806 5218 eo
2852 5164 2908 5216 in
2958 5164 3081 5216 loco
3133 5159 3258 5221 sim,
3291 5171 3399 5226 quo
3429 5169 3582 5208 com-

2000 5257 2135 5310 moti
2165 5256 2390 5319 cadunt,
2420 5255 2559 5325 lapsi
2593 5253 2964 5323 expelluntur,
2992 5248 3205 5319 expulsi
3239 5245 3447 5316 regredi
3472 5259 3580 5298 non

2001 5355 2278 5418 poterunt.
2313 5346 2439 5400 Haec
2483 5354 2664 5398 autem
2717 5348 3118 5412 consequenter
3172 5337 3387 5399 eﬂatur,
3426 5342 3577 5404 post-

1999 5456 2162 5512 quam
2197 5440 2291 5511 qui
2323 5439 2446 5493 linis
2475 5437 2578 5492 erit
2609 5451 2820 5498 eorum,
2852 5434 2946 5504 qui
2978 5431 3030 5486 in
3069 5430 3290 5501 tegmine
3322 5427 3414 5480 Det
3452 5439 3574 5496 spe-

2000 5531 2265 5596 raverint,
2301 5527 2616 5600 descripsit,
2647 5531 2931 5596 resumpta
2961 5521 3135 5592 impii,
3171 5519 3263 5590 qui
3299 5517 3456 5574 initio
3488 5513 3576 5571 di-

2680 5790 2723 5822 ⁶¹
2763 5785 2920 5843 Joan.
2959 5802 3010 5852 ι,
3051 5782 3166 5850 5,6.
