4138 6380
593 415 699 472 523

1300 411 1568 469 EUSEBll
1608 411 2089 470 CESARIENSIS
2126 411 2275 469 OPP.
2315 412 2496 468 PARS
2532 413 2623 469 Ill.
2662 445 2733 456 —
2771 414 3183 474 EXEGETICA.

3764 419 3872 476 εει

590 534 747 589 cebat
775 533 829 588 in
853 532 1126 601 semetipso
1162 541 1219 585 ut
1250 530 1594 604 delinqueret,
1629 533 2025 603 hominumque
2070 531 2154 603 ips

2278 531 2336 585 δὲ
2383 534 2521 587 αὑτά
2566 533 2692 605 ἔφη,
2755 534 2894 605 μετά
2941 536 3001 588 τὸ
3034 534 3348 606 ὑπογράψαι
3392 535 3573 587 ὁποῖον
3623 533 3775 587 ἔσται
3807 540 3875 592 τὸ

589 625 871 689 similium,
905 625 1189 679 memoria.

2277 624 2429 688 τέλος
2482 625 2589 679 τῶν
2643 628 2700 678 ὲν
2720 629 2785 697 τῇ
2830 628 3008 698 σκέπῃ
3044 627 3137 681 τοῦ
3171 627 3304 680 Θεοῦ
3332 626 3641 697 ἡλπικότων
3669 626 3870 680 ἐπανα-

586 720 877 792 λαμϐἀνων
906 719 1004 791 τήν
1040 722 1261 792 μνήμην
1294 718 1387 773 τοῦ
1420 718 1539 774 κατ’
1568 719 1743 791 ἀρχάς
1772 721 2123 791 παρανόμου,
2148 720 2207 785 ὃς
2244 721 2481 791 ἔφασκεν
2508 722 2578 775 ἐν
2612 721 2803 787 ἐαυτῷ
2832 722 2936 775 τοῦ
2973 721 3351 791 ἁμαρτάνειν,
3393 722 3488 776 καὶ
3523 721 3631 775 τῶν
3677 720 3871 795 ἐκείνῳ

588 814 1003 888 παραπλησίων.

1078 935 1130 989 1.
1162 932 1435 988 DAVIDIS
1471 932 1710 990 XXXVI.

662 1043 792 1099 Noli
839 1044 1086 1099 aemulari
1126 1045 1181 1098 in
1234 1045 1675 1116 malignantibus,
1710 1065 1871 1118 neque
1919 1049 2171 1104 zelaveris

580 1134 832 1197 facientes
881 1136 1233 1207 iniquitatem.
1276 1135 1415 1203 Quia
1468 1138 1522 1191 in
1578 1139 1905 1210 praecedenti
1962 1142 2171 1210 psalmo

583 1236 924 1294 peccatorem
951 1227 1243 1283 induxerat
1276 1246 1395 1285 sese
1428 1229 1493 1284 ad
1530 1242 1749 1301 peccata
1777 1235 2167 1298 concitantem,
2206 1214 2221 1239 ‘

580 1325 858 1392 vitamque
905 1322 1048 1393 ejus,
1086 1338 1301 1378 necnon
1335 1322 1495 1378 linem
1528 1325 1869 1395 exitiumque
1898 1327 2045 1381 illius
2072 1327 2167 1380 de-

580 1412 899 1482 scripserat,
932 1420 1332 1482 consequenter
1363 1413 1415 1466 in
1444 1414 1544 1467 hoc
1576 1415 1786 1485 psalmo
1829 1415 2075 1471 hortatur
2098 1416 2166 1470 ad

579 1505 938 1561 declinandos
981 1505 1354 1576 improborum
1400 1522 1604 1573 mores,
1636 1517 1688 1562 et
1721 1524 1829 1563 non
1861 1511 2166 1565 :eumlanda

579 1612 769 1652 eorum
816 1613 1003 1668 opera.
1060 1597 1331 1664 Quoniam
1379 1615 1510 1653 vero
1561 1601 1708 1654 aliud
1763 1610 1846 1656 est
1894 1603 2160 1667 aemulari,

577 1688 725 1742 aliud
769 1690 977 1756 zelare;
1010 1689 1162 1744 dicas
1211 1690 1491 1744 concitare
1522 1700 1576 1746 et
1604 1691 1672 1746 ad
1711 1693 2039 1764 zelotypiam
2084 1695 2168 1747 in-

576 1782 835 1844 cendere,
874 1782 927 1836 id
968 1798 1089 1838 esse
1132 1783 1399 1837 aemulari.
1432 1782 1614 1850 Quare
1654 1784 1851 1856 Aquila
1883 1787 1963 1841 sic
1992 1789 2163 1842 inter-

577 1880 826 1942 pretatur
852 1891 863 1926 :
894 1871 976 1925 Ne
1018 1872 1217 1926 dimica
1264 1889 1384 1926 cum
1430 1874 1879 1944 malignantibus;
1918 1875 2164 1948 Symma-

577 1965 716 2020 chus
745 1981 873 2021 vero
902 1985 914 2020 :
946 1964 1029 2019 Ne
1064 1967 1323 2020 altercare
1367 1984 1486 2020 cum
1528 1968 1807 2038 maleﬁcis.
1844 1969 1957 2023 lloc
2002 1985 2167 2039 porro

575 2056 784 2111 dictum
830 2072 894 2112 ex
949 2057 1034 2111 his
1077 2057 1350 2128 intelligas
1378 2078 1389 2112 :
1420 2058 1533 2128 Ipsi
1565 2076 1644 2113 me
1670 2070 2083 2128 prouocauerunt
2113 2063 2166 2115 in

573 2166 636 2203 eo
666 2151 758 2221 qui
790 2168 895 2205 non
920 2160 1036 2205 erat
1074 2151 1237 2216 Deus,
1266 2162 1317 2206 et
1345 2154 1692 2208 irritaverant
1724 2155 1778 2208 in
1810 2155 1967 2209 idolis
1998 2157 2109 2209 suis
2147 2171 2165 2208 :

571 2249 625 2297 et
649 2259 740 2313 ego
761 2243 1057 2313 provocabo
1087 2262 1174 2299 eos
1205 2246 1260 2299 in
1288 2262 1348 2300 eo
1374 2248 1465 2316 qui
1493 2265 1596 2300 non
1627 2256 1706 2301 est
1748 2250 1996 2316 populus,
2032 2259 2080 2302 et
2112 2249 2166 2301 in

571 2347 722 2408 gente
750 2339 1027 2408 insipiente
1058 2339 1288 2393 irritabo
1348 2341 1473 2394 illos
1494 2342 1557 2393 ⁸³.
1586 2342 1880 2410 Apostolus
1903 2345 2031 2397 item
2060 2344 2167 2398 Co-

574 2429 796 2497 rihtbiis
831 2430 1079 2485 scribens
1106 2432 1178 2485 ita
1208 2433 1488 2502 loquitur’:
1517 2433 1600 2486 An
1631 2434 1950 2488 wmulamur
1984 2435 2166 2490 Domi-

572 2535 698 2575 num
730 2520 1027 2593 ?.Vunquid
1058 2523 1305 2592 fortiores
1346 2524 1441 2579 illo
1473 2542 1655 2579 sumus
1681 2526 1762 2578 6‘?
1790 2526 1951 2581 Zelus
1983 2536 2164 2581 autem

572 2632 671 2671 seu
728 2616 984 2670 voluntas
1046 2617 1357 2687 cujuspiatn
1408 2618 1752 2689 adipiscendi
1802 2620 1853 2673 id
1905 2621 2049 2691 quod
2108 2622 2163 2675 in

572 2707 826 2777 proximo
851 2723 975 2765 esse
1002 2709 1324 2771 arbitratur,
1353 2709 1497 2763 bona
1524 2719 1632 2765 est.
1665 2710 1759 2765 Est
1784 2712 1924 2768 alius
1951 2713 2164 2768 medius

573 2800 749 2863 zelus,
788 2800 1116 2871 plerumque
1150 2802 1277 2857 talis
1304 2804 1521 2872 qualem
1550 2804 1817 2859 describit
1850 2805 1992 2860 idem
2028 2822 2162 2877 apo-

571 2893 750 2947 stolus
807 2892 893 2948 his
927 2893 1109 2948 verbis
1144 2913 1157 2948 :
1191 2893 1548 2948 Emulantur
1603 2914 1691 2951 vos
1742 2914 1846 2952 non
1896 2897 2040 2963 bene,
2072 2899 2163 2953 sed

571 2982 848 3038 excludere
876 3002 963 3040 vos
1000 2985 1263 3040 volunt“.
1302 2985 1509 3041 Invidia
1543 3004 1675 3044 sane
1705 3005 1985 3061 nunquam
2020 2993 2163 3046 bona

572 3091 699 3132 esse
726 3086 925 3146 queat;
956 3092 1081 3132 nam
1115 3078 1271 3132 dolor
1290 3085 1374 3132 est
1401 3079 1469 3133 de
1495 3081 1776 3150 prosperis
1810 3083 2042 3152 proximi
2076 3100 2163 3140 re-

575 3168 898 3226 bus:zelus
947 3185 1079 3225 vero
1127 3170 1403 3225 interdum
1458 3172 1658 3238 bonus,
1695 3174 1773 3228 uti
1811 3175 2157 3232 tradidimus.

2784 931 2923 984 τοι*
2968 932 3167 984 ΔΑΥιΔ
3210 930 3348 1001 ΑΕΓ.

2339 1046 2434 1115 Μὴ
2475 1044 2819 1113 παριιζήλου
2852 1044 2922 1097 ἐν
2953 1042 3480 1113 πονηρευομένοις,
3508 1046 3664 1117 μηδὲ
3684 1047 3869 1115 ζήλου

2228 1140 2415 1205 ιτοὺς
2475 1138 2799 1203 ποιοῦντας
2852 1136 2968 1203 τὴν
3019 1136 3297 1205 ἀνομίαν.
3368 1138 3587 1210 Ἐπειδὴ
3642 1142 3750 1213 γάρ
3807 1143 3869 1197 ὲν

2271 1234 2469 1304 ἐκείνῳ
2513 1234 2700 1303 εἰσῆγε
2743 1233 2833 1286 τὸν
2883 1232 3201 1302 παράνομον
3254 1233 3626 1304 παρορμῶντα
3676 1234 3869 1290 ἑαυτὸν

2275 1328 2353 1389 εἰς
2389 1326 2683 1395 ἁμαρτίας,
2718 1324 2810 1377 τόν
2837 1341 2896 1377 τε
2928 1324 3040 1394 βίον
3071 1324 3355 1396 ὑπέγραφε
3382 1324 3476 1378 τοῦ
3511 1325 3749 1378 τοιούτου
3773 1326 3869 1383 καὶ

2274 1418 2335 1470 τὸ
2371 1417 2524 1479 τέλος
2553 1416 2653 1487 τῆς
2678 1415 3062 1486 καταστροφῆς
3092 1415 3276 1467 αὐτοῦ·
3320 1414 3627 1480 ἀκολούθως
3660 1420 3752 1472 ἐπὶ
3773 1417 3866 1473 τοῦ

2277 1511 2543 1581 παρόντος
2572 1505 2856 1579 ’παραινεῖ
2923 1507 3143 1577 φεύγειν
3194 1508 3320 1571 τοὺς
3379 1507 3488 1561 τῶν
3536 1510 3867 1580 παρανόμων

2276 1603 2530 1674 τρόπους,
2572 1602 2705 1671 μηδὲ
2748 1600 2844 1663 τὰς
2877 1601 3095 1670 ὁμοίους
3147 1599 3326 1652 αὐτῶν
3370 1600 3597 1669 πράξεις
3647 1601 3863 1673 ζηλοῦν.

2290 1695 2441 1747 Ἐπεὶ
2466 1694 2509 1747 δ’
2538 1693 2725 1763 ἕτερόν
2748 1694 2862 1744 ἐστι
2887 1691 2979 1743 τοῦ
3016 1690 3211 1760 ζηλοῦν
3229 1691 3289 1744 τὸ
3311 1689 3675 1761 παραζηλοῦν,
3699 1696 3863 1764 ἐρεῖς,

2268 1787 2350 1839 ὅτι
2388 1785 2449 1838 τὸ
2492 1781 2754 1855 ἐρεθίζειν
2794 1782 2887 1834 καὶ
2918 1784 2996 1844 είς
3032 1781 3361 1851 ζηλοτυπίαν
3407 1783 3662 1854 ἐγείρειν,
3708 1783 3866 1838 τοῦτό

2274 1881 2388 1932 ἐστι
2414 1877 2474 1930 τὸ
2507 1873 3042 1947 παραζηλοῦν.Ὂθεν
3070 1875 3098 1925 ὁ
3127 1874 3223 1943 μὲν
3241 1873 3469 1937 Ἀκύλας
3492 1876 3860 1946 ήρμήνευσεψ

2202 1934 2240 1988 Β
2269 1970 2367 2038 Μὴ
2400 1934 2688 2038 (tundier;
2712 1934 2788 2021 ¹ἑν
2820 1934 3327 2034 ποιοηρευοσιιένοις
3346 1982 3359 1996 ·
3388 1968 3416 2018 ό
3450 1934 3860 2037 διε-ξύμμαχος·

2268 2062 2365 2130 Μὴ
2402 2061 2731 2130 φιλονείκει
2780 2060 3159 2125 κακούργοις.
3206 2058 3438 2129 Νοήσεις
3468 2058 3612 2111 δὲτὸ
3639 2058 3867 2130 εἰρημέ-

2268 2170 2357 2206 νον
2407 2152 2501 2205 καὶ
2543 2152 2650 2204 ἀπὸ
2690 2153 2814 2203 τοῦ·
2844 2150 3020 2203 Αὐτοὶ
3071 2146 3503 2217 πιιρεζιὶλωσάν
3527 2168 3604 2220 με
3654 2153 3746 2205 ἐπ’
3790 2153 3864 2208 οὐ

2271 2242 2421 2309 Θεῷ,
2452 2242 2838 2313 παρώργισάν
2884 2261 2959 2311 με
3013 2242 3082 2293 ἐν
3136 2241 3260 2306 τοῖς
3312 2241 3584 2309 εἰδώλοις
3631 2244 3860 2299 αὐτῶν

2269 2339 2431 2408 κάγὼ
2473 2335 2882 2405 παραζηλώσω
2926 2334 3151 2400 αὐτοὺς
3210 2334 3302 2387 ἐπ’
3354 2338 3467 2389 οὐκ
3522 2336 3714 2392 ἔθνει·
3767 2341 3862 2393 ἐπ’

2266 2424 2423 2485 Elim
2458 2429 2731 2494 ἀσυνέτῳ
2755 2424 3052 2496 παροργιῶ
3082 2429 3323 2494 αὐτούς.
3349 2428 3505 2481 Οὕτω
3539 2431 3631 2484 καὶ
3659 2431 3866 2487 όἈπό-

2270 2520 2452 2582 στολος
2496 2520 2722 2590 γράφων
2769 2518 3076 2589 Κορινθίοις
3121 2518 3340 2586 ἔλεγεν·
3393 2520 3465 2573 Ἢ
3491 2520 3867 2590 παραζηλοῦ-

2261 2634 2377 2685 μεν
2412 2616 2519 2668 τὸν
2572 2617 2828 2683 Κι’νριον;
2880 2615 2977 2682 Μὴ
3011 2618 3381 2684 ισχινρότεροι
3414 2616 3601 2670 αὐτοῦ
3639 2617 3827 2687 ἐσμεν
3840 2632 3864 2684 ,'

2266 2709 2340 2761 Τὸ
2385 2708 2440 2760 δὲ
2484 2706 2679 2778 ζηλοῦν
2733 2706 2828 2760 τοῦ
2887 2706 3170 2777 βούλεσθαι
3203 2698 3297 2761 καῖ
3328 2709 3505 2780 ἑαυτῷ
3534 2709 3800 2781 ὑπάρχειν
3832 2707 3864 2764 ὃ

2266 2799 2476 2870 νομίζει
2508 2799 2585 2870 τῷ
2620 2799 2788 2863 πέλας
2823 2802 3102 2871 παρεῖναι,
3132 2801 3354 2868 ἀγαθόν.
3392 2800 3498 2855 Καὶ
3526 2801 3641 2854 ἔστι
3676 2802 3735 2854 τὸ
3762 2800 3865 2874 ζη-

2264 2891 2387 2945 λοῦν
2417 2892 2606 2962 μέσον·
2642 2891 2900 2955 πολλάκις
2944 2892 3052 2963 γὰρ
3104 2893 3132 2945 ὁ
3178 2889 3339 2961 ζῆλος
3378 2895 3507 2963 περὶ
3542 2886 3604 2946 οὗ
3640 2895 3670 2947 ὀ
3696 2894 3866 2958 αὑτός

2266 2999 2460 3053 φησιν’
2495 2983 2807 3048 Ζηλοῦσιν
2836 2980 2994 3052 ὑμᾶς
3024 2986 3096 3038 οὐ
3130 2983 3350 3050 καλῶς,
3381 2986 3517 3039 ἀλλ’
3552 2986 3861 3040 ἐκκλεῖσαι

2264 3073 2418 3142 ὑμᾶς
2452 3073 2973 3138 θέλουσιν.Φθόνος
3014 3074 3113 3145 μὲν
3145 3070 3236 3129 οὖν
3266 3066 3365 3127 ούκ
3400 3074 3465 3128 ἂν
3490 3074 3701 3143 γένοιτό
3727 3093 3861 3130 ποτε

2263 3164 2498 3234 ἀγαθός·
2536 3165 2677 3237 λύπη
2707 3165 2815 3235 γάρ
2846 3169 2994 3219 ἐστιν
3050 3165 3144 3220 ἐπὶ
3196 3169 3261 3237 τῇ
3314 3166 3409 3219 τοῦ
3448 3168 3617 3232 πέλας
3648 3168 3855 3239 εὐπρα-

575 3257 677 3314 Hic
727 3274 913 3330 porro,
945 3260 1246 3315 secundum
1299 3261 1578 3331 Aquilam,
1623 3279 1735 3318 non
1783 3265 2158 3322 dimicandum

2264 3250 2390 3323 γίςν
2421 3252 2581 3323 ζῆλος
2622 3253 2680 3305 δέ
2716 3256 2864 3307 ἐστιν
2898 3256 2987 3308 ὅτε
3021 3255 3230 3323 γίνεται
3268 3254 3471 3325 ἀγαθὸς
3504 3255 3687 3321 καθὼς
3718 3259 3858 3311 ἀπο-

569 3364 696 3406 esse
719 3364 844 3404 cum
877 3352 1301 3422 malignantibus
1324 3362 1541 3422 monet;
1570 3356 1871 3411 secundum
1906 3356 2157 3429 Symma-

569 3440 759 3506 chum,
794 3459 903 3497 non
939 3444 1320 3499 altercandum
1372 3463 1495 3500 cum
1530 3449 1829 3516 malelicis;
1855 3450 2157 3506 secundum

569 3536 820 3602 quintam
855 3532 1175 3599 editionem,
1205 3551 1316 3591 non
1366 3537 1569 3591 irritari
1602 3546 1856 3609 oportere
1888 3556 2011 3595 cum
2041 3558 2159 3596 ma-

569 3624 904 3697 lignantibus
924 3644 938 3693 ;
957 3629 1257 3682 secundum
1279 3646 1409 3685 vero
1434 3629 1578 3684 LXX
1604 3651 1614 3684 :
1644 3631 1763 3687 Noli
1792 3634 2035 3688 aemulari
2063 3650 2158 3690 ηε*

567 3731 678 3788 que
725 3718 1018 3784 concitari,
1051 3719 1097 3774 si
1142 3721 1279 3776 alios
1313 3722 1455 3776 male
1487 3732 1708 3793 agentes
1736 3725 1947 3790 videas,
1980 3742 2157 3797 neque

567 3817 624 3864 te
648 3811 927 3865 concitent
962 3810 1196 3881 improbi
1233 3828 1494 3883 prospere
1524 3824 1769 3885 agentes,
1808 3825 1867 3870 ut
1915 3826 1974 3872 tu
2017 3833 2159 3889 quo-

568 3917 677 3972 que
731 3902 867 3957 velis
920 3918 1036 3957 rem
1088 3903 1228 3958 bene
1274 3920 1485 3975 gerere.
1530 3906 1829 3977 linamque
1857 3908 1911 3963 in
1944 3925 2001 3963 re
2031 3925 2157 3980 pro-

478 3990 487 4003 ’
567 4007 730 4062 spera
781 3999 836 4046 et
878 3992 935 4046 in
986 3992 1203 4049 deliciis
1252 4006 1477 4063 agentes
1508 4003 1561 4051 te
1588 3996 1888 4068 instigant;
1915 4007 1969 4052 at
1996 4011 2054 4053 tu
2088 4015 2155 4054 ne

566 4082 843 4136 temuleris
879 4098 1057 4152 neque
1088 4084 1403 4149 concitet-is,
1438 4087 1533 4141 sed
1566 4103 1745 4158 neque
1770 4089 2034 4144 zelaveris
2071 4088 2155 4142 la-

567 4174 778 4230 cientes
820 4175 1199 4245 iniquitatem;
1241 4192 1311 4233 ne
1349 4178 1539 4233 beatos
1571 4182 1835 4250 praedices
1869 4182 2014 4245 illos,
2048 4198 2155 4237 neu

569 4276 727 4338 putes
756 4267 811 4320 in
840 4267 1000 4323 bouis
1028 4269 1238 4323 versari
1265 4288 1278 4323 :
1304 4286 1407 4326 nec
1447 4272 1568 4341 pari
1610 4273 1773 4328 modo
1811 4289 1925 4328 rem
1964 4290 2155 4346 gerere

566 4366 818 4429 exoptes.

640 4533 805 4590 Vens.
840 4535 1001 4591 2-9.
1057 4536 1321 4603 Quoniam
1378 4547 1633 4609 tanquam
1679 4540 1857 4607 fenum
1912 4540 2155 4596 velociter

565 4636 826 4683 arescent.
900 4626 1105 4684 Deinde
1176 4645 1401 4685 causam
1464 4633 1674 4702 aperit,

563 4720 692 4777 ﬁnis
740 4722 956 4775 illorum
1003 4722 1150 4789 talis,
1207 4724 1386 4793 qualis
1440 4723 1550 4779 feni
1607 4725 1788 4780 exitus
1827 4735 1945 4791 est;
2005 4727 2153 4796 quod

563 4825 691 4866 cum
739 4810 1136 4882 aliquantisper
1176 4812 1441 4876 ﬂoruerit,
1472 4812 1734 4867 velociter
1760 4813 1976 4867 arescit.
2012 4812 2151 4867 Nam

563 4905 737 4958 omnis
766 4921 894 4958 caro
919 4904 1120 4974 fenum,
1152 4914 1200 4959 et
1228 4906 1398 4959 omnis
1424 4905 1601 4976 gloria
1630 4905 1743 4975 ejus
1766 4906 1918 4975 quasi
1947 4906 2046 4974 ﬂos
2073 4905 2150 4976 {e-

563 4998 639 5052 ni.
679 4996 1027 5053 Exsiccatum
1076 5008 1152 5052 est
1209 4998 1408 5063 fenum,
1456 5008 1505 5052 et
1557 4998 1657 5067 ﬂos
1712 4997 1985 5055 decidit".
2041 4998 2148 5054 Sed

561 5090 753 5153 etiam,
786 5089 1230 5160 quemadmodum
1264 5088 1412 5143 olera
1441 5083 1722 5143 herbarum
1752 5088 1857 5144 cito
1887 5088 2145 5146 decident.

563 5180 644 5238 Ne
694 5182 915 5252 quidem
960 5180 1109 5251 digni
1155 5190 1285 5236 sunt
1332 5182 1425 5252 qui
1466 5182 1708 5236 oleribus
1737 5182 1791 5235 in
1825 5196 1958 5252 agro
1985 5176 2150 5238 cultis

563 5282 971 5345 comparentur.
1003 5273 1134 5341 Quae
1166 5289 1332 5329 causa
1360 5274 1528 5344 igitur
1564 5278 1650 5328 est
1680 5289 1779 5327 cur
1802 5290 1896 5328 eos
1925 5275 2149 5329 aemule-

563 5384 711 5433 mur,
745 5369 839 5440 qui
871 5383 994 5422 cum
1030 5368 1179 5424 brevi
1206 5377 1449 5438 tempore
1475 5366 1780 5427 ﬂoruerint.
1814 5382 1937 5420 cras
1968 5369 2019 5420 in
2046 5367 2146 5420 cli-

564 5457 768 5512 banum
819 5458 1125 5522 mittentur,
1158 5464 1218 5511 ut
1265 5458 1425 5513 docet
1473 5456 1724 5510 Salvator
1743 5456 1827 5508 ⁸τῖ
1880 5452 2044 5525 Spera
2091 5458 2147 5511 in

570 5549 814 5615 Domino,
846 5560 895 5604 et
926 5552 1013 5619 [ac
1036 5550 1344 5613 bonitatem,
1372 5560 1419 5604 et
1450 5549 1688 5603 inhabita
1718 5559 1936 5612 terram,
1966 5559 2014 5603 et
2049 5562 2148 5619 pa-

560 5644 723 5697 sceris
751 5644 806 5696 in
833 5642 1031 5698 divitiis
1062 5644 1196 5713 ejus.
1233 5643 1507 5698 Delectare
1534 5643 1587 5696 in
1625 5641 1869 5707 Domino,
1900 5652 1949 5697 et
1994 5641 2144 5697 dabit

633 5821 682 5855 “
718 5823 874 5878 De‘ut.
908 5839 1093 5892 χχχιι,
1124 5824 1216 5877 21.

2264 3339 2597 3413 δεδώκαμεν.
2644 3344 2906 3399 Ἐνταῦθα
2934 3346 2992 3399 δὲ
3019 3348 3047 3399 ό
3074 3346 3231 3416 λόγος
3260 3348 3401 3401 κατά
3443 3348 3541 3419 μὲν
3566 3349 3658 3401 τὸν
3693 3350 3857 3404 Ἀκύ-

2264 3435 2361 3490 λαν
2412 3436 2487 3507 μὴ
2552 3437 2917 3509 διαμάχεσθαι
2974 3440 3033 3493 ὲν
3088 3440 3547 3512 πονηρευομένοις
3580 3444 3855 3514 παραινεῖ,

2263 3528 2403 3581 κατά
2450 3529 2507 3583 δὲ
2556 3530 2873 3602 Σύμμαχον,
2913 3531 2987 3607 μὴ
3020 3532 3345 3601 φιλονεικεῖν
3394 3534 3452 3586 ἐν
3501 3534 3854 3605 κακούργοις,

2263 3622 2405 3676 κατά
2447 3610 2502 3677 δὲ
2550 3622 2648 3695 τὴν
2692 3624 2951 3696 πέμπτην
3001 3624 3233 3687 ἔκδοσιν,
3290 3626 3364 3695 μὴ
3413 3624 3751 3698 ἐρεθίζεσθαι
3797 3628 3857 3681 ὲν

2264 3713 2746 3784 πονηρευομένοις·
2802 3714 2942 3767 κατά
2999 3713 3055 3767 δὲ
3106 3716 3232 3778 τοὺς
3293 3714 3714 3786 Ἐϐδομήκονταο
3760 3716 3854 3785 Μὴ

2264 3803 2589 3875 παροξύνου,
2627 3805 2784 3874 φησὶ,
2819 3804 2953 3875 μηδὲ
3001 3802 3246 3875 ἐρεθίζου
3275 3804 3417 3877 ὁρῶν
3446 3805 3665 3876 ἐτέρους
3691 3824 3857 3878 πονη-

2267 3897 2588 3967 ρευομένους
2606 3914 2619 3927 θ
2651 3894 2787 3969 μηδέ
2818 3916 2875 3950 σε
2904 3897 3266 3968 ὲγειρέτωσαν
3291 3898 3672 3970 εὐθηνούμενοι
3693 3899 3855 3953 κακοὶ

2262 3990 2354 4042 ἐπὶ
2380 3989 2439 4042 τὸ
2473 3989 2566 4042 καὶ
2593 3988 2799 4042 ἐθέλειν
2832 3988 3032 4059 ὁμοίως
3063 3991 3249 4051 αὐτοῖς
3270 3990 3586 4061 εὐπραγεῖν.
3624 3991 3854 4045 Ἐκεῖνοι

2265 4080 2362 4148 μὲν
2401 4078 2509 4151 γὰρ
2542 4076 2926 4151 εὐθηνούμενοι
2977 4079 3068 4132 καὶ
3123 4078 3434 4149 τρυφῶντες
3481 4079 3854 4150 παραζηλοῦσί

2265 4186 2354 4222 σε·
2395 4171 2457 4223 σὺ
2488 4164 2545 4221 δὲ
2579 4168 2652 4241 μὴ
2687 4168 3005 4240 παραζῆλου
3037 4168 3171 4239 μηδὲ
3199 4168 3531 4240 παροξύνου·
3557 4168 3693 4222 ἀλλά
3718 4170 3854 4241 μηδὲ

2262 4259 2424 4332 ζήλου
2442 4263 2566 4323 τοὺς
2583 4261 2869 4324 ποιοῦντας
2897 4260 3145 4331 ἀνομίαν,
3172 4260 3307 4331 μηδὲ
3334 4261 3607 4331 μακάριζε
3634 4261 3850 4329 αὐτοὺς,

2262 4354 2353 4406 καὶ
2380 4355 2436 4407 ἐν
2463 4353 2687 4422 ἀγαθοῖς
2732 4349 2871 4406 εἶναι
2915 4352 3133 4424 νόμιζε·
3179 4352 3301 4424 μηδ’
3334 4351 3493 4423 εὔχου
3529 4352 3622 4406 καὶ
3658 4352 3851 4408 σαυτὸν

2259 4445 2459 4517 ὁμοίως
2491 4447 2673 4509 αὐτοῖς
2706 4446 2982 4518 πράττειν.

2337 4540 2465 4591 Ὅτι
2512 4538 2653 4592 ὡσεὶ
2723 4540 2929 4607 χόρτος
3015 4537 3163 4606 ταχὺ
3222 4537 3845 4607 ἀποξηρανθήσονται.

1755 4632 1976 4700 dicens,
2031 4637 2162 4705 quia
2195 4644 2235 4698 ι)
2264 4627 2397 4683 Εἶτα
2425 4630 2523 4700 τὴν
2556 4629 2735 4682 αἰτίαν
2763 4629 3022 4691 διδάσκει,
3049 4628 3242 4696 λέγων,
3272 4628 3353 4680 ὅτι
3385 4628 3446 4680 τὸ
3473 4629 3626 4691 τέλος
3668 4628 3847 4682 αὐτῶν

2259 4723 2497 4777 τοιοῦτόν
2523 4722 2692 4786 ἐστιν,
2719 4716 2902 4775 όποῖον
2930 4720 2990 4773 τὸ
3027 4721 3119 4774 τοῦ
3149 4722 3342 4792 χόρτου
3360 4739 3372 4750 ⁸
3411 4722 3469 4785 ὃς
3502 4722 3637 4794 πρὸς
3671 4720 3849 4790 ὀλίγον

2259 4817 2518 4887 ἀνθήσας,
2566 4816 2702 4886 ταχὺ
2766 4811 3212 4885 ἀποξηραίνεται.
3274 4814 3451 4869 Πᾶσα
3520 4816 3628 4887 γὰρ
3691 4816 3848 4884 σὰρξ

2254 4909 2488 4979 χόρτος,
2521 4907 2620 4959 καὶ
2661 4904 2828 4961 πᾶσα
2856 4902 3007 4971 δόξα
3049 4906 3240 4974 αὐτῆς
3274 4908 3354 4973 ὡς
3379 4905 3564 4972 ἄνθος
3605 4907 3843 4975 χόρτου.

2269 4982 2597 5067 Ἑξηράνθη
2616 5002 2648 5052 ό
2669 4998 3017 5067 χόρτος-,καὶ
3045 4998 3111 5051 τό
3140 4999 3324 5060 ἄνθος
3339 4996 3652 5062 ἐξέπεσεν,
3684 4996 3846 5051 Ἀλλὰ

2256 5091 2369 5153 καὶ,
2392 5090 2537 5143 ὡσεὶ
2556 5088 2795 5159 λάχανα
2817 5090 3006 5160 χλόης
3035 5090 3188 5160 ταχὺ
3216 5089 3666 5145 ἀποπεσοῦνται
3687 5107 3701 5121 ·
3725 5090 3845 5144 οὐδὲ

2256 5180 2689 5252 γεωργουμένοις
2734 5181 2986 5252 λαχάνοις
3026 5180 3165 5248 ἄξιοί
3215 5183 3321 5235 εἱσι
3374 5180 3842 5253 παραϐάλλεσθαι.

2257 5273 2322 5326 Τί
2342 5269 2435 5326 οὖν
2465 5273 2614 5339 ἄξιον
2640 5273 2833 5344 ζηλοῦν
2860 5270 3101 5339 τούτους,
3127 5275 3176 5328 οἳ
3204 5275 3340 5346 πρὸς
3370 5275 3548 5343 ὀλίγον
3575 5273 3844 5344 ἀνθήσαν-

2253 5382 2364 5429 reg,
2419 5360 2605 5437 αὔριον
2662 5367 2741 5431 είς
2799 5368 3049 5422 κλίϐανον
3100 5367 3402 5438 βάλλονται.
3426 5368 3503 5430 ὡς
3550 5366 3844 5433 ἐδίδαξενδ

2255 5458 2475 5529 Σωτήρ;
2511 5461 2806 5513 ’Ἐλπισον
2834 5460 2935 5513 ἐπὶ
2981 5463 3222 5529 Κύριον,
3265 5461 3362 5514 καὶ
3397 5461 3551 5513 ποίει
3583 5459 3843 5529 χρηστό-

2252 5566 2418 5617 τητα,
2463 5553 2560 5604 καὶ
2606 5554 2991 5622 κατασκήνου
3029 5554 3145 5622 τὴν
3176 5552 3313 5624 γῆν,
3333 5551 3430 5606 καὶ
3457 5550 3839 5622 ποιμανϐήσῃ

2250 5642 2347 5697 ἐπὶ
2395 5642 2474 5712 τῷ
2524 5646 2765 5714 πλούτῳ
2807 5644 3013 5716 αὐτῆς.
3063 5647 3539 5717 Κατατρύρησον
3575 5645 3684 5702 τοῦ
3729 5649 3852 5700 Ii'v-

1295 5825 1340 5857 ⁶⁴
1380 5822 1399 5876 l
1429 5823 1555 5879 Cor.
1591 5839 1658 5893 x,
1695 5824 1784 5877 22.
1865 5822 2104 5880 “Gulat.
2141 5842 2155 5881 ι

2265 5823 2351 5879 l7.
2431 5825 2475 5855 ⁸⁸
2513 5822 2619 5879 lsa.
2655 5841 2756 5890 ιι,
2794 5825 2846 5880 6.
2927 5826 2969 5857 ⁸⁷
3009 5824 3198 5882 Matth.
3234 5840 3318 5890 vr,
3348 5823 3436 5879 50.
