4138 6380
504 376 611 434 87

1184 368 1453 428 EUSEBII
1491 360 1971 427 CIESARlENSIS
1995 362 2149 424 OPP.
2181 367 2361 423 PARS
2399 352 2488 423 ill.
2524 397 2593 409 —-
2633 364 3049 426 EXEGETICA.

3674 373 3779 428 328

503 493 650 552 modi
677 493 952 548 hominem
976 489 1195 545 beatum
1226 489 1572 559 pronunties,
1595 503 1719 542 cum
1740 486 1911 556 probe
1938 486 2085 542 noris

2196 486 2341 543 κατὰ
2404 485 2497 540 τὸν
2550 486 2800 558 παρόντα
2857 486 2972 558 βίον
3031 487 3450 544 κατευοδοῦσθαι
3507 487 3780 561 ἀνθρώπῳ

505 584 612 657 ipsi
646 583 944 653 repositam
978 580 1116 634 iram
1142 580 1198 633 in
1224 576 1314 633 die
1348 578 1445 630 ira:
1476 584 1530 630 et
1552 575 1685 642 justi
1723 573 1919 644 judicii
1966 572 2082 627 Dei.

505 677 870 745 Quamobrem
899 672 1013 731 noli
1046 671 1255 726 irritari
1279 676 1374 723 aut
1404 668 1591 723 furore
1622 666 1845 722 incendi
1894 669 2087 721 contra

503 770 753 841 impium,
776 766 871 838 qui
907 764 1138 820 feliciter
1166 777 1281 817 rem
1311 776 1471 832 agere
1498 760 1873 824 existimatur,
1908 772 2088 828 neque

501 861 778 918 aemuleris
808 860 989 931 ipsum
1043 862 1106 911 ut
1147 855 1303 926 paria
1353 854 1560 909 scelera
1605 853 1770 908 edere
1817 859 2085 921 exeptes;

500 955 640 1010 bene
674 951 948 1022 siquidem
993 949 1142 1005 nosti
1176 962 1241 1002 ac
1291 961 1617 1017 persuasum
1666 945 1828 1014 plane
1874 944 2082 1010 habes,

501 1045 877 1115 improborum
917 1039 1077 1096 finem
1108 1038 1402 1095 exitiosum
1434 1051 1579 1092 esse.
1610 1033 1754 1089 Nam
1791 1035 1882 1106 qui
1926 1036 2086 1089 mali-

498 1147 733 1207 gnantur
763 1130 1280 1194 exterminabuntur,
1303 1143 1369 1184 ac
1408 1129 1508 1185 soli
1539 1130 1809 1199 patientes
1838 1137 1895 1184 et
1921 1129 2086 1183 susti-

500 1240 678 1282 nentes
705 1224 1009 1287 Dominum,
1050 1222 1156 1291 ipsi
1194 1220 1580 1277 hacreditabunt
1615 1228 1836 1276 terram.
1871 1220 1928 1275 Si
1974 1235 2083 1291 qua

498 1319 644 1372 enim
669 1325 818 1372 terra
849 1322 936 1372 est
969 1315 1180 1371 sanctis
1208 1314 1345 1369 viris
1391 1312 1686 1383 promissa,
1730 1313 1874 1367 hanc
1905 1314 2084 1366 haere-

496 1409 756 1465 ditabunt
804 1407 899 1478 qui
947 1407 1227 1462 sustinent
1279 1403 1609 1468 Dominum,
1650 1402 1744 1472 qui
1788 1406 1918 1456 eum
1961 1404 2084 1457 aliis

497 1502 831 1557 enumeratis
874 1499 1033 1555 bonis
1065 1499 1122 1553 in
1160 1496 1531 1552 hereditatem
1577 1496 1687 1551 illis
1718 1493 1939 1548 dandus
1966 1506 2071 1551 est.

496 1593 654 1660 Quod
681 1594 729 1649 si
769 1593 824 1646 in
857 1592 1015 1648 caelis
1037 1590 1339 1646 Jerusalem
1369 1595 1423 1643 et
1454 1585 1586 1641 Sion
1623 1599 1803 1642 mons'
1828 1585 1923 1642 Dei
1957 1602 2072 1641 cte-

498 1688 653 1745 lestis
673 1688 839 1749 adsit,
860 1694 1062 1741 terram
1088 1685 1217 1741 item
1238 1682 1518 1738 ctelestem
1540 1679 1723 1752 dignis
1746 1680 2084 1751 promissam

498 1778 802 1851 putandum
826 1786 930 1833 est.

2192 579 2433 633 ποιοῦντι
2466 578 2841 651 παρανομίας·
2879 579 2953 651 μὴ
2986 580 3097 652 γὰρ
3126 579 3454 652 παροξύνου,
3493 580 3629 652 μηδὲ
3678 598 3782 652 μα-

2190 671 2382 743 κὰριζε
2409 671 2500 726 τὸν
2531 671 2792 735 τοιοῦτον,
2834 672 3078 745 ἁγριὸῶς
3107 673 3284 737 εἰδὼς,
3318 673 3401 726 ὅτι
3437 673 3589 744 μένει
3618 672 3779 727 αὑτὸν

2188 762 2325 833 ὀργὴ
2363 763 2420 815 ἐν
2469 762 2653 834 ήμέρᾳ
2694 761 2866 834 ὀργῆς
2899 762 2995 816 καὶ
3047 763 3447 835 δικαιοκρισίας
3478 761 3572 816 τοῦ
3616 762 3775 816 Θεοῦ.

2189 854 2280 907 Διὸ
2315 856 2378 907 σὺ
2412 855 2486 925 μή
2520 852 2760 923 όργίξου,
2798 853 2933 925 μηδὲ
2967 854 3144 926 θυμοῦ
3194 855 3336 909 κατὰ
3362 853 3458 908 τοῦ
3491 852 3780 926 νομιζομέ-

2187 962 2279 999 νου
2308 944 2554 1015 εὐθηνεῖν
2595 944 2848 1009 ἀσεϐοῦς,
2881 946 3015 1018 μηδὲ
3047 946 3207 1019 ζήλου
3241 946 3407 1000 αὑτὸν
3451 946 3528 1010 ὡς
3568 945 3663 1001 καὶ
3690 945 3780 1001 θέ-

2188 1037 2300 1090 λειν
2330 1037 2398 1090 τὰ
2429 1038 2589 1108 ὅμοια
2629 1037 2782 1107 αὐτῷ
2820 1038 3244 1110 πονηρεύεσθαι·
3281 1034 3341 1093 εὖ
3385 1038 3495 1111 γὰρ
3530 1038 3639 1092 ῐσθι
3684 1040 3780 1094 καὶ⁵

2189 1128 2423 1181 πέπεισο
2457 1126 2722 1199 ἀκριϐῶς,
2751 1129 2834 1181 ὅτι
2868 1128 2929 1181 τὸ
2975 1129 3130 1193 τέλος
3172 1130 3280 1184 τῶν
3328 1132 3780 1202 πονηρευομένων

2185 1217 2430 1289 ὀλέθριον
2473 1219 2755 1291 τυγχάνει.
2789 1223 2854 1274 Ol
2900 1221 3009 1290 γὰρ
3058 1223 3531 1292 πονηρευόμενοι
3575 1222 3784 1287 ἐξολο-

2186 1310 2645 1378 θρὲυθήσονται,
2682 1312 2832 1382 μόνοι
2866 1312 2923 1365 δὲ
2956 1314 3005 1366 οἱ
3051 1314 3392 1385 μακρόθυμοι
3432 1314 3528 1369 καὶ
3557 1312 3783 1384 ὑπομέ-

2184 1421 2399 1471 νοντες
2446 1405 2553 1459 τὸν
2591 1407 2829 1473 Κύριον,
2875 1406 3046 1460 αὐτοὶ
3090 1406 3618 1476 κληρονομήσουσι
3664 1406 3781 1475 τὴν

2187 1496 2325 1568 γῆν.
2361 1498 2427 1550 El
2454 1515 2538 1562 τις
2563 1498 2672 1571 γάρ
2706 1500 2820 1551 ἐστι
2851 1498 2925 1568 γῆ
2951 1498 3129 1570 ἀγαθὴ
3155 1502 3267 1562 τοῖς
3300 1498 3475 1568 ἁγίοις
3508 1499 3781 1571 ἐπηγγελ-

2191 1589 2351 1661 μένη,
2400 1589 2605 1662 ταύτην
2641 1590 3141 1661 κληρονομήσουσιν
3186 1591 3236 1642 οξ.
3284 1589 3648 1661 ὑπομένοντες
3686 1588 3779 1643 τὸν

2188 1682 2394 1751 Κύριον
2418 1698 2432 1712 ·
2473 1684 2611 1754 μετὰ
2651 1684 2754 1756 γὰρ
2780 1682 2889 1737 τῶν
2922 1683 3097 1737 ἄλλων
3129 1682 3239 1737 τῶν
3279 1682 3779 1755 κατηριθμημένων

2188 1774 2433 1843 ἀγαθῶν,
2470 1775 2565 1828 καὶ
2590 1770 2753 1839 αὐτὸς
2780 1776 2962 1840 αὐτοῖς
3001 1776 3285 1848 δοθήσεται
3311 1777 3339 1829 6
3375 1775 3593 1846 κλῆρος.
3630 1770 3693 1826 Εἰ
3731 1773 3779 1826 δ’

497 1874 645 1929 εστιν
695 1874 748 1926 ὲκ
797 1872 1045 1942 οὐρανοῖς
1089 1868 1436 1942 Ἰερουσαλὴμ
1494 1869 1584 1923 καὶ
1628 1864 1766 1923 Σιὼν
1812 1864 1939 1939 ὅρος
1984 1865 2081 1920 τοῦ
2121 1868 2255 1922 Θεοῦ
2290 1871 2349 1925 τὸ
2374 1873 2721 1945 ἐπουράνιον,
2755 1872 3048 1927 ἀκόλουθόν
3109 1872 3226 1929 ἐστι
3285 1872 3379 1927 καὶ
3413 1873 3517 1945 γῆν
3545 1869 3781 1943 ἐπουρά-

497 1988 610 2030 νιον
641 1970 782 2024 νοεῖν
812 1967 911 2041 τήν
942 1966 1359 2039 ἐπηγγελμένην
1384 1967 1497 2029 τοῖς
1520 1964 1709 2029 ἀξίοις.

570 2061 735 2117 Vens.
762 2060 952 2130 {0,ll.
999 2058 1069 2112 Et
1105 2059 1275 2112 adhuc
1301 2057 1577 2128 pusillum,
1616 2064 1665 2111 et
1699 2071 1802 2110 non
1841 2056 1942 2110 erit
1972 2070 2085 2124 pec-

2268 2055 2379 2109 Καὶ
2403 2057 2490 2110 ἑτι
2520 2055 2748 2127 ὀλίγον,
2797 2056 2896 2111 καὶ
2926 2058 2997 2111 οὐ
3022 2056 3109 2127 μὴ
3142 2056 3381 2126 ὑπάρξῃ
3407 2057 3778 2128 ἁμαρτωλός.

497 2162 671 2221 cator,
706 2161 816 2210 etc.
865 2151 967 2207 Hic
1014 2152 1272 2221 superius
1302 2150 1448 2204 dicta
1502 2150 1915 2219 interpretatur,
1953 2149 2087 2203 illud

497 2246 736 2309 scilicet,
763 2244 1031 2311 Quoniam
1064 2252 1315 2313 tanquam
1346 2241 1526 2311 fenum
1552 2241 1801 2296 velociter
1825 2249 2084 2305 arescent,

496 2350 548 2396 et
576 2338 1024 2412 quemadmodum
1057 2337 1206 2391 olera
1246 2335 1524 2389 herbarum
1557 2334 1661 2388 cito
1707 2332 1969 2397 decidant,
2000 2332 2087 2388 his

499 2435 758 2506 explicat,
803 2432 991 2486 Adhuc
1022 2431 1309 2501 pusillum,
1343 2439 1393 2485 et
1425 2446 1532 2484 non
1566 2434 1665 2483 erit
1712 2439 1992 2498 peccator;
2037 2437 2087 2482 et

499 2543 703 2597 quwres
738 2525 913 2579 locum
946 2524 1081 2593 ejus,
1115 2532 1164 2577 et
1200 2540 1303 2576 non
1334 2522 1596 2575 invenies:
1629 2520 1762 2575 illud
1795 2535 1947 2586 vero,
1984 2519 2089 2574 De-

499 2618 697 2672 lectare
721 2618 776 2671 in
807 2616 1056 2679 Domino,
1082 2625 1131 2668 et
1168 2614 1317 2667 dabit
1346 2614 1442 2668 tibi
1481 2613 1757 2684 petitiones
1786 2612 1960 2666 cordis
1985 2613 2085 2676 tui,

500 2708 589 2764 his
621 2709 865 2779 apertius
907 2714 1153 2770 enarrat,
1178 2705 1451 2760 Mansueti
1498 2715 1675 2759 autem
1703 2704 2089 2760 ha'reditabunt

502 2812 724 2864 terram,
750 2808 799 2854 et
845 2798 1248 2853 delectabantur
1282 2800 1334 2852 in
1379 2797 1724 2853 multitudine
1750 2799 1921 2867 pacis.
1969 2797 2089 2865 Quo

468 2900 663 2962 .pacto
694 2899 875 2945 autem
908 2891 963 2945 in
998 2889 1230 2944 Domino
1259 2889 1385 2959 quis
1424 2889 1810 2954 delectabitur,
1845 2889 2091 2947 declarat

503 2985 623 3054 ipse
652 2982 782 3037 dum
817 2982 914 3046 ait,
945 2997 1113 3053 penes
1147 2996 1271 3036 cum
1307 2981 1715 3037 multitudinem
1753 2980 1908 3052 pacis
1940 2998 2085 3047 esse,

500 3089 611 3147 qua
640 3074 812 3128 multa
838 3087 973 3143 pace
1004 3072 1259 3128 fruentur
1288 3073 1326 3127 ii
1357 3074 1451 3144 qui
1481 3073 1538 3128 in
1569 3072 1803 3129 Domino
1833 3074 2088 3131 delectati

502 3164 726 3222 fuerint.
765 3163 862 3220 His
915 3179 1084 3236 porro
1125 3164 1393 3232 docetur,
1426 3165 1591 3220 aliam
1639 3165 1841 3220 bonam
1880 3173 2085 3222 terram

500 3267 646 3323 esse,
666 3258 971 3314 mansuetis
997 3256 1348 3320 destinatam,
1383 3273 1448 3312 ac
1470 3257 1915 3324 delectationem,
1947 3259 2089 3314 mul-

501 3346 903 3418 titudinemque
941 3347 1097 3418 pacis
1123 3349 1178 3402 in
1212 3348 1452 3404 futuram
1484 3350 1652 3403 vitam
1684 3350 1941 3406 remittit.
1967 3350 2086 3406 Non

500 3440 790 3511 ignorabat
839 3440 985 3495 enim
1016 3439 1182 3510 juslis
1240 3440 1465 3512 perinde
1505 3447 1670 3513 atque
1702 3443 2087 3514 peccatoribus

500 3532 559 3587 in
588 3531 691 3587 hac
716 3532 827 3586 vita
858 3531 1205 3586 moriendum
1236 3547 1380 3609 esse,
1414 3533 1490 3587 ita
1526 3540 1585 3587 ut
1613 3532 1681 3589 de
1719 3534 1829 3589 illis
1871 3550 2089 3606 quoque

500 3619 610 3676 dici
643 3619 818 3690 possit
845 3637 858 3673 :
882 3619 1074 3675 Adhuc
1103 3621 1385 3691 pusillum.
1418 3628 1472 3677 et
1504 3637 1616 3677 non
1648 3623 1752 3679 erit
1779 3624 2000 3695 justus;
2032 3634 2089 3683 et

500 3725 714 3782 quaeres
743 3711 927 3766 locum
959 3711 1105 3782 ejus,
1136 3719 1190 3769 et
1218 3728 1337 3779 _non
1361 3712 1607 3770 invenies
1634 3733 1648 3768 :
1681 3730 1810 3771 nam
1838 3716 1915 3771 illi
1945 3732 2087 3787 quo-

500 3816 610 3873 que
638 3802 957 3858 moriuntur
1002 3803 1465 3874 quemadmodum
1500 3812 1554 3860 et
1587 3814 1929 3877 peccatores.
1975 3808 2086 3865 Ne-

499 3901 609 3963 qua
631 3890 703 3946 de
735 3890 841 3946 hac
866 3898 1013 3947 terra
1047 3894 1130 3948 sic
1173 3893 1389 3949 locutus
1419 3903 1525 3958 est,
1560 3894 1830 3951 Mansueti
1862 3899 2090 3954 haeredi—

503 3982 690 4035 tabunt
714 3991 952 4046 terram;
984 3996 1108 4036 cum
1145 3984 1316 4054 probe
1367 3985 1535 4041 sciret
1579 3984 1803 4059 Moysen
1838 3992 2086 4046 omnium

501 4072 878 4138 mitissimum,
916 4074 1047 4128 olim
1078 4075 1146 4129 de
1184 4076 1366 4132 medio
1394 4078 1677 4134 hominum
1709 4082 1987 4138 sublatum
2018 4086 2088 4141 ab

436 4161 459 4174 '
504 4162 609 4219 hac
639 4171 786 4219 terra
807 4165 1166 4237 demigrasse.

582 4422 746 4479 Vens.
773 4425 860 4481 12.
898 4425 1211 4483 Observabit
1237 4442 1482 4499 peccator
1502 4433 1735 4502 justum,
1765 4446 1813 4490 et
1845 4436 2086 4492 stridebit

503 4532 660 4587 super
675 4533 795 4572 eum
816 4517 1059 4575 dentibus
1086 4522 1225 4584 suis,
1247 4532 1352 4579 etc.
1372 4523 1665 4595 lmpiorum
1693 4538 1884 4584 contra
1907 4531 2088 4599 justos

504 4610 742 4667 insultus
778 4612 1175 4685 amborumque
1211 4616 1371 4672 linem
1404 4619 1688 4676 describit.
1720 4622 1856 4677 Cum
1890 4640 2086 4694 pecca-

2190 2144 2544 2220 Διερμηνεύει
2595 2148 2663 2202 τὰ
2712 2150 2971 2221 ἀνωτέρω
3012 2149 3334 2220 λελεγμένα,
3381 2149 3441 2203 τὸ
3484 2151 3602 2222 μὲν,
3647 2152 3780 2207 Ὀτι

2188 2241 2332 2295 ὡσεὶ
2377 2241 2595 2312 χόρτος
2635 2242 2788 2312 ταχὺ
2836 2241 3466 2311 ἀποξηρανθήσονται,
3500 2245 3600 2299 καὶ
3632 2246 3777 2301 ὡσεὶ

2188 2333 2428 2405 λάχανα
2457 2337 2648 2405 χλόης
2685 2335 2838 2405 ταχὺ
2868 2337 3342 2401 ἀποπεσοῦνται,
3376 2337 3464 2391 διὰ
3491 2338 3608 2405 τοῦ,
3655 2341 3778 2393 Ἔτι

2190 2428 2419 2498 ὀλίγον,
2450 2429 2547 2482 καὶ
2574 2431 2646 2482 οὐ
2671 2428 2759 2499 μὴ
2797 2428 3040 2497 ὑπάρξῃ
3076 2432 3110 2483 ό
3131 2430 3516 2499 ἁμαρτωλός·
3559 2432 3656 2484 καὶ
3689 2430 3782 2498 ζη-

2188 2519 2397 2586 τήσεις
2427 2519 2535 2573 τὸν
2564 2520 2750 2573 τόπον
2779 2521 2967 2573 αὐτοῦ
2998 2519 3097 2573 καὶ
3127 2522 3198 2573 οὐ
3222 2518 3311 2589 μὴ
3353 2521 3567 2589 εὕρῃς·
3601 2519 3665 2574 τὸ
3694 2521 3777 2584 δὲ,

2188 2611 2669 2679 Κατατρύφησον
2704 2610 2812 2663 τοῦ
2839 2611 3081 2677 Κυρίου,
3116 2609 3212 2662 καὶ
3247 2608 3427 2673 δώσει
3463 2628 3563 2664 σοι
3596 2612 3668 2664 τὰ
3692 2614 3780 2665 αὶ-

2190 2700 2420 2769 τήματα
2469 2699 2577 2768 τῆς
2622 2701 2871 2770 καρδίας
2920 2717 3059 2763 σου,
3105 2701 3435 2773 σαφέστερον
3484 2702 3781 2757 ἀποδίδωσι

2188 2792 2277 2846 διὰ
2313 2793 2429 2859 τοῦ,
2463 2797 2526 2847 οι
2566 2794 2636 2846 δὲ
2674 2793 2883 2862 πραεῖς
2918 2794 3448 2863 κληρονομήσουσι
3491 2794 3606 2863 τὴν
3634 2795 3774 2864 γῆν,

2190 2886 2287 2939 καὶ
2326 2886 2898 2954 κατατρυφήσουσιν
2936 2886 3037 2939 ἐπὶ
3080 2886 3295 2953 πλήθει
3332 2886 3599 2955 εἰρήνης.
3648 2888 3776 2952 Πῶς

2190 2977 2297 3049 γάρ
2330 2994 2415 3041 τις
2447 2980 2856 3050 κατατρυφήσει
2895 2978 2987 3032 τοῦ
3018 2979 3223 3051 Κυρίου
3269 2980 3589 3052 παρίστησι,
3638 2981 3777 3053 πλῆ-

2191 3066 2281 3130 θος
2314 3068 2537 3138 εἰρήνης
2569 3069 2698 3139 παρ’
2726 3067 2875 3139 αὑτῷ
2908 3063 3046 3121 εἶναι
3090 3069 3261 3137 λέγων
3282 3082 3295 3099 ·
3333 3066 3394 3123 οὗ
3424 3071 3661 3143 πλήθους
3691 3074 3771 3126 εί-

2195 3162 2362 3233 ρήνης
2406 3160 2805 3215 ἀπολαύσουσιν
2843 3163 2890 3215 oi
2933 3161 3027 3214 τοῦ
3062 3163 3267 3235 Κυρίου
3317 3167 3776 3236 κατατρυφήσαν-

2188 3270 2299 3316 τες.
2336 3254 2435 3308 Διὰ
2466 3254 2669 3308 τούτων
2701 3253 2758 3307 δὲ
2798 3257 2826 3308 6
2872 3246 3028 3323 λόγος
3068 3256 3254 3324 σαφῶς
3292 3254 3486 3327 ἑτέραν
3516 3258 3637 3311 τινὰ
3669 3259 3774 3330 γῆν

2190 3345 2399 3417 ἀγαθὴν
2435 3345 2532 3417 τὴν
2575 3349 2687 3408 τοῖς
2729 3346 2928 3417 πραέσι
2976 3347 3344 3421 δοθησομένην
3375 3349 3637 3414 διδάσκει,
3679 3352 3777 3405 καὶ

2190 3437 2397 3509 τρυφὴν
2428 3437 2521 3491 καὶ
2548 3437 2752 3507 πλῆθος
2779 3438 2999 3510 είρήνης
3026 3440 3107 3503 είς
3137 3438 3433 3509 μέλλουσαν
3458 3441 3776 3511 ἀναπέμπει

2190 3526 2356 3599 ζωήν.
2405 3527 2480 3579 Οὐ
2514 3526 2624 3600 γὰρ
2655 3527 2864 3598 ἠγνόει,
2912 3528 2994 3581 ὃτι
3038 3529 3242 3600 ὁμοίως
3280 3533 3392 3594 τοῖς
3432 3531 3777 3603 ἁμαρτωλοῖς

2190 3618 2333 3673 κατὰ
2373 3619 2465 3672 τὸν
2490 3620 2737 3690 παρόντα
2770 3620 2881 3690 βίον
2917 3621 3014 3675 καὶ
3039 3624 3089 3674 oi
3113 3621 3310 3676 δίκαιοι
3338 3622 3773 3695 τελευτήσουσιν,

2188 3711 2264 3775 ὡς
2302 3710 2563 3766 δύνασθαι
2595 3712 2691 3765 καὶ
2724 3712 2851 3783 περὶ
2889 3714 3068 3767 αὐτῶν
3098 3714 3351 3782 λέγεσθαι
3375 3716 3436 3769 τό
3461 3733 3475 3748 ·
3510 3717 3631 3769 Ἔτι
3661 3717 3775 3770 ὀλί-

2188 3821 2305 3872 γον,
2336 3804 2431 3857 καὶ⁵
2454 3806 2515 3857 οὑ
2558 3804 2632 3875 μὴ
2683 3804 2900 3877 ὑπάρξῃ
2952 3807 2981 3859 6
3008 3805 3234 3871 δίκαιος,
3265 3807 3359 3859 καὶ
3392 3807 3647 3879 ζητήσεις
3683 3808 3776 3861 τὸν

2188 3894 2352 3947 τόπον
2374 3892 2561 3960 αὐτοῦ,
2588 3894 2682 3947 καὶ
2703 3896 2764 3947 οὐ
2788 3895 2861 3965 μὴ
2887 3894 3054 3967 εὕρῃς
3072 3912 3084 3925 ·
3105 3896 3395 3949 τελευτῶσι
3429 3896 3538 3967 γὰρ
3572 3897 3777 3967 ὁμοίως

2187 3988 2299 4049 τοῖς
2330 3985 2672 4058 ἁμαρτωλοῖς
2703 3987 2797 4039 καὶ
2828 3987 3002 4040 αύτοί.
3035 3988 3149 4041 Οὐκ
3173 3987 3238 4042 ἂν
3269 3988 3325 4041 δὲ
3358 3985 3479 4042 εἷπε
3517 3990 3647 4061 περὶ
3673 3990 3775 4060 τῆς

2190 4077 2472 4149 παρούσης
2523 4078 2626 4149 γῆς
2661 4078 2779 4131 τόδε
2804 4092 2818 4109 ·
2875 4082 2937 4133 Οἱ
2992 4078 3196 4147 πραεῖς
3239 4080 3774 4151 κληρονομήσουσι

2188 4169 2303 4238 τὴν
2326 4168 2465 4238 γῆν,
2500 4170 2687 4239 σαφῶς
2718 4169 2859 4241 ὁρῶν
2889 4170 2998 4224 τῶν
3024 4171 3241 4226 πάντων
3273 4170 3577 4244 πραότατον
3607 4173 3775 4227 Μωῦ-

2191 4259 2312 4325 σέα,
2345 4261 2513 4314 πάλαι
2550 4261 2609 4328 ἐξ
2643 4261 2944 4333 ἀνθρώπων
2992 4263 3281 4335 γενόμενον
3315 4265 3410 4319 καὶ
3441 4265 3539 4336 τῆς
3569 4263 3775 4336 παρού-

2170 4364 2290 4423 ισης
2319 4352 2422 4423 γῆς
2449 4350 2887 4423 ἀπηλλαγμένον.

2259 4444 2748 4513 Παρατηρήσεται
2798 4450 2831 4500 ό
2860 4446 3209 4516 ἁμαρτωλὸς
3249 4448 3355 4501 τὸν
3385 4446 3637 4511 δίκαιον,
3674 4445 3774 4501 καὶ

2183 4538 2397 4608 ,ϐρύξει
2423 4538 2515 4592 ἐπ’
2535 4536 2724 4593 αὐτὸν
2744 4538 2886 4604 τοὺς
2904 4538 3156 4605 ὀδόντας
3181 4539 3388 4593 αὐτοῦ.
3413 4538 3532 4592 Τῶν
3558 4555 3618 4592 τε
3644 4540 3774 4592 ἀσε-

2189 4631 2299 4684 ϐῶν
2338 4630 2435 4695 τὰς
2482 4631 2624 4684 κατὰ
2665 4629 2771 4683 τῶν
2816 4629 3039 4682 δικαίων
3085 4630 3502 4694 ἐπαναστάσεις,
3537 4630 3634 4684 καὶ⁸
3665 4632 3775 4700 ἀμσ-
3812 4668 3817 4675 ~

502 4711 613 4769 tor,
646 4704 852 4776 inquit,
891 4721 1001 4761 non
1038 4709 1176 4764 satis
1208 4724 1333 4765 esse
1380 4711 1483 4766 sibi
1516 4714 1724 4768 scelera
1771 4730 1870 4769 sua
1908 4726 2082 4786 putet,

2191 4721 2431 4795 φοτέρων
2460 4723 2570 4776 τῶν
2619 4722 2911 4792 ταγμάτων
2939 4721 3007 4775 τὰ
3046 4722 3195 4793 τέλη.
3230 4721 3314 4793 Μὴ
3345 4722 3455 4794 γὰρ
3493 4723 3773 4794 ἀρκούμε-

499 4796 710 4867 justum
737 4812 969 4854 cernens
1000 4799 1257 4870 religiose
1282 4802 1577 4869 viventem,
1612 4804 1666 4859 id
1699 4804 1841 4861 ferre
1873 4807 2082 4878 nequit,

502 4890 633 4959 quia
668 4890 834 4944 vitam
877 4892 998 4961 ejus
1049 4893 1419 4964 improbitatis
1463 4913 1576 4952 sua:
1624 4898 2084 4968 vituperationem

502 5001 627 5042 esse
654 4976 987 5054 arbitratur;
1029 5005 1200 5059 quare
1232 4991 1342 5046 ait:
1381 4988 1481 5047 Vel
1512 4992 1632 5048 visu
1665 4994 1784 5049 solo
1816 5010 2086 5051 onerosus

502 5079 667 5134 nobis
693 5085 800 5143 est,
829 5078 1062 5151 ideoque
1091 5081 1346 5138 observat
1369 5099 1495 5139 eum
1526 5091 1585 5139 ut
1611 5084 1852 5155 dejiciat.
1881 5084 2085 5143 Verum

501 5167 691 5239 justus
741 5171 880 5227 nihil
913 5173 1069 5243 pensi
1126 5173 1310 5240 habet,
1362 5191 1540 5247 neque
1589 5179 1741 5233 novit
1784 5194 1906 5250 quae
1943 5181 2084 5235 clam

502 5270 697 5318 contra
732 5277 792 5318 se
821 5272 1117 5318 struuntur
1161 5266 1624 5324 machinamenta.
1659 5266 1927 5327 Dominus
1954 5286 2085 5328 vero

506 5353 752 5408 omnium
781 5354 1077 5426 inspector.
1108 5356 1229 5428 ejus
1256 5358 1347 5428 qui
1373 5358 1506 5415 talia
1537 5360 1836 5417 meditatur
1865 5363 2083 5418 ruinam

506 5448 869 5519 prospiciens,
902 5450 1133 5505 consilia
1166 5450 1288 5521 ejus
1314 5450 1543 5508 deridet.
1577 5452 1644 5507 Et
1665 5454 1932 5511 hactenus
1961 5456 2087 5526 qui-

503 5538 628 5596 dem
682 5541 819 5595 nihil
866 5543 1012 5597 aliud
1044 5544 1153 5615 agit
1203 5560 1366 5614 quam
1415 5546 1595 5602 ridere
1642 5547 1921 5603 hominem
1952 5550 2081 5603 talia

506 5630 711 5688 frustra
759 5633 1110 5705 cogitantem.
1158 5635 1294 5690 Cum
1325 5646 1506 5693 autem
1544 5648 1798 5709 peccator
1832 5640 1898 5694 ad
1946 5640 2083 5695 faci-

504 5735 639 5775 nora
695 5723 1076 5793 progreditur,
1132 5726 1387 5795 acuitque
1427 5728 1671 5797 gladios,
1728 5736 1785 5783 ut
1850 5729 2079 5784 insidias

506 5821 663 5879 paret
687 5814 751 5868 ad
784 5828 972 5871 necem
1001 5815 1072 5884 ei,
1105 5816 1195 5886 qui
1230 5826 1449 5887 propter
1484 5819 1649 5876 Deum
1678 5822 1912 5889 inopiam
1942 5837 2076 5889 pau-

2190 4833 2300 4879 νος,
2337 4815 2492 4886 φησὶ,
2520 4817 2631 4879 τοῖς
2658 4813 2851 4867 ἑαυτοῦ
2883 4813 3177 4885 πλημμελή
3188 4831 3349 4885 μασιν
3375 4815 3403 4866 6
3427 4814 3772 4888 ἁμαρτωλὸς,

2190 4908 2250 4960 ού
2297 4908 2452 4977 φέρει
2496 4905 2708 4976 βλέπων
2753 4905 2843 4958 τὸν
2874 4904 3077 4959 δίκαιον
3119 4904 3509 4960 θεοσεϐοὖντα·
3555 4906 3775 4979 ἔλεγχον

2191 4992 2302 5063 γὰρ
2332 4992 2423 5045 τὸν
2455 4992 2665 5047 ἐκείνου
2697 4992 2811 5063 βίον
2838 4991 2940 5062 τῆς
2975 4992 3171 5047 ἑαυτοῦ
3197 4993 3500 5066 μοχθηρίας
3526 4997 3770 5067 ήγείται·

2191 5080 2271 5134 διὸ
2308 5081 2487 5151 λέγει·
2535 5083 2716 5154 Βαρὺς
2757 5085 2888 5155 ἡμῖν
2935 5084 3049 5137 ἐστι
3097 5085 3192 5139 καὶ
3243 5085 3610 5158 βλεπόμενος·
3651 5085 3776 5140 ὅθεν

2192 5175 2444 5246 ἐπιτηρεῖ
2475 5174 2624 5238 ὅπως
2654 5174 2817 5228 αὑτὸν
2846 5175 3149 5249 καταϐάλῃ.
3199 5178 3337 5231 Ἀλλ’
3372 5179 3402 5231 6
3443 5180 3540 5250 μὲν
3569 5178 3775 5243 δίκαιος

2192 5267 2251 5319 οὐ
2302 5269 2700 5338 προσποιεῖται,
2749 5268 2872 5321 οὐδὲ
2916 5267 3173 5336 γινώσκει
3219 5270 3291 5324 τὰ
3335 5270 3607 5343 λαθραίως
3652 5270 3774 5325 κατ’

2192 5356 2359 5410 αὑτοῦ
2390 5356 2785 5429 μηχανώμενα·
2826 5358 2855 5409 6
2885 5358 2942 5411 δὲ
2969 5362 3356 5433 παντεπόπτης
3380 5361 3608 5435 Κύριος,
3641 5378 3775 5434 crpo-

2191 5448 2332 5521 ορῶν
2373 5450 2470 5523 τὴν
2500 5449 2595 5504 τοῦ
2616 5450 2787 5504 ταῦτα
2812 5451 3191 5524 διανοουμένου
3236 5455 3460 5520 πτῶσιν,
3488 5456 3597 5510 τῶν
3631 5454 3775 5524 λογιιι

2193 5541 2348 5614 σμῶν
2373 5542 2537 5597 αὑτοῦ
2568 5546 2866 5618 καταγελᾷ.
2904 5548 3018 5601 Καὶ
3053 5548 3191 5613 τέως
3235 5550 3333 5619 μὲν
3361 5549 3522 5605 πλέον
3552 5549 3707 5603 οὐδὲν
3739 5548 3775 5621 ἢ

2190 5636 2325 5707 γελᾷ
2373 5640 2459 5691 ἐπ’
2486 5637 2636 5709 αὐτῷ
2676 5642 2854 5713 μάτην
2889 5641 3115 5696 τοιαῦτα
3147 5641 3514 5713 λογιζομένῳ·
3555 5640 3774 5696 ἐπειδὰν

2186 5727 2232 5779 δ’
2272 5729 2364 5783 ὲπὶ
2404 5729 2476 5784 τὰ
2508 5730 2641 5803 ἔργα
2673 5737 2846 5805 χωρῇ,
2882 5734 3156 5807 ἀχονήσας
3194 5733 3492 5787 ὲαυτοῦ’τὰ
3536 5732 3666 5800 ξίφη
3699 5732 3773 5796 ὡς

2190 5821 2350 5889 μέχρι
2385 5822 2614 5882 θανάτου
2666 5824 3046 5881 ὲπιόουλεῦσαι
3079 5826 3156 5896 τῷ
3188 5825 3286 5897 τὴν
3331 5825 3420 5880 διὰ
3465 5826 3596 5880 Θεὸν
3629 5841 3771 5879 πτω-

3388 6000 3427 6037 /
