4138 6380
383 382 490 441 3‘29

1517 388 2018 451 COMMENTARIA
2060 392 2125 448 IN
2164 388 2502 450 PSALMOS.

3513 384 3619 446 ,ω

382 500 534 572 χείαν
562 504 658 557 καὶ
701 504 889 560 πενίαν
930 507 1263 578 ἀνειληφότι,
1300 508 1391 563 καὶ
1423 510 1520 580 τὴν
1556 511 1730 583 ἄκραν
1760 528 1954 583 κατορ-

2061 511 2372 582 periemque
2400 511 2682 581 amplexus
2727 526 2791 566 ac
2826 526 3052 567 summa:
3076 504 3427 581 philosophiae
3467 504 3619 562 dedi-

383 592 562 647 θοῦντι
596 594 929 666 φιλοσοφίαν,
973 600 1033 653 τὸ
1059 599 1357 670 τηνικαῦτα
1395 602 1616 673 στρέφει
1642 602 1739 675 τὴν
1780 602 1957 657 αὐτῶν

384 686 655 756 ῥομφαίαν
688 688 828 741 κατὰ
858 691 954 761 τῆς
996 691 1176 744 αὐτῶν
1206 690 1432 761 καρδίας
1469 694 1496 744 6
1526 692 1688 746 πάλαι
1729 709 1957 759 καταγε-

383 775 488 829 λῶν
514 778 693 831 αὐτῶν
727 780 949 851 Κύριος,
973 782 1066 834 καὶ
1086 783 1153 835 τὰ
1181 784 1318 837 κατὰ
1345 784 1438 837 τοῦ
1460 784 1665 837 δικαίου
1693 784 1821 849 τόξα
1848 784 1955 837 τῶν

384 869 597 923 ἀσεϐῶν
641 873 936 944 συντρίϐει.
976 874 1373 928 Μετελεύσεται
1420 876 1527 947 γὰρ
1572 878 1799 940 αύτούςο
1836 874 1955 930 οὐδὲ

380 960 464 1013 ἔτι
489 962 663 1031 γελῶν
687 965 771 1032 ἐφ’
801 960 882 1028 οἷς
908 966 1239 1020 διανοοῦνται
1260 1009 1273 1032 ,
1302 969 1437 1023 ἀλλὰ
1458 972 1523 1040 τῇ
1548 970 1669 1042 δίκῃ
1695 974 1760 1041 τῇ
1790 986 1956 1041 προσ-

379 1052 588 1123 ηκούσῃ
614 1056 731 1107 κατ’
757 1056 934 1110 αὐτῶν
962 1056 1258 1129 χρώμενος.
1290 1054 1472 1111 Ταῦτα
1500 1058 1575 1121 δὲ,
1604 1060 1685 1112 ὅτι
1711 1060 1783 1131 μὴ
1810 1060 1955 1127 λόγοι

380 1145 755 1215 τυγχάνουσιν,
788 1145 901 1199 ἀλλ’
931 1147 1065 1219 ἔργα
1099 1146 1269 1219 ἀληθῆ
1303 1149 1717 1221 μαρτυρούμενα
1746 1152 1833 1203 ὑπ’
1868 1150 1958 1202 αὐ-

379 1233 481 1304 τῆς
512 1236 811 1307 ἐνεργείας,
838 1237 931 1291 καὶ
964 1239 1094 1309 ἡμῖν
1144 1239 1326 1302 αὐτοῖς
1366 1242 1479 1302 τοῖς
1512 1238 1684 1293 ταῦτα
1730 1240 1847 1293 νυνὶ
1881 1239 1956 1291 δι-

381 1327 614 1394 εξιοῦσιν
640 1332 673 1402 ἡ
702 1334 863 1401 πείρα
888 1331 996 1386 τῶν
1026 1331 1200 1400 ἔργων
1230 1332 1586 1386 ἐπιστώσατο.
1632 1333 1955 1403 Ὀφθαλμνοῖς

381 1420 511 1489 γοῦν
559 1421 994 1491 παρειλήφαμεν,
1032 1419 1107 1487 ὡς
1143 1423 1191 1477 οἱ
1228 1423 1543 1494 ἁμαρτωλοὶ
1578 1426 1635 1477 ἐν
1677 1427 1789 1486 τοῖς
1834 1423 1954 1477 καθ’

378 1510 537 1581 ἡμῶν
574 1510 830 1580 διωγμοῖς
878 1512 1147 1580 ῥομφαίαν
1195 1514 1501 1567 ἐσπάσαντο
1547 1515 1687 1567 κατὰ
1728 1513 1838 1566 τῶν
1876 1513 1955 1566 δι-

379 1601 571 1664 καίων,
606 1601 699 1653 καὶ
736 1598 811 1664 ὼς
855 1602 1122 1656 ἐνέτειναν
1167 1603 1236 1655 τὰ
1270 1604 1396 1668 τόξα
1441 1604 1618 1659 αὐτῶν
1649 1603 1742 1657 τοῦ
1787 1622 1956 1657 κατα-

380 1692 562 1745 ϐαλεῖν
593 1692 799 1763 πένητα
831 1692 923 1745 καὶ
957 1694 1188 1764 πτωχὸν,
1225 1695 1318 1747 καλ⁹
1355 1694 1449 1747 τοῦ
1483 1695 1679 1764 σφάξαι
1711 1696 1838 1758 τοὺς
1868 1696 1956 1747 εύ-

380 1783 492 1848 θεῖς
518 1787 583 1856 τῇ
620 1786 834 1856 καρδίᾳ.
882 1785 974 1838 καὶ
1015 1780 1090 1848 ὡς
1122 1785 1363 1857 ἔπραξαν
1394 1786 1486 1839 καὶ
1533 1787 1827 1841 κατέϐαλον
1861 1787 1952 1841 καὶ

2058 611 2146 658 tus
2172 611 2275 664 est,
2312 602 2682 669 inferendam;
2734 611 2849 658 tum
2876 603 3156 666 Dominus,
3192 602 3284 673 qui
3315 589 3445 656 olim
3474 599 3618 655 deri-

2056 691 2219 747 debat
2250 710 2374 759 eos,
2432 694 2670 765 gladium
2718 696 2879 749 vertit
2938 696 2990 748 in
3039 693 3205 748 corda
3240 694 3515 763 ipsorum,
3564 698 3619 746 et

2056 796 2216 838 arcus
2252 786 2539 855 impiorum
2590 793 2780 841 contra
2806 786 3016 855 justum
3046 792 3266 855 paratos
3299 783 3617 853 confringit.

2055 870 2173 927 Non
2206 874 2318 943 jam
2360 876 2721 945 cogitationes
2749 891 2937 930 eorum
2971 876 3227 929 deridens
3261 874 3475 929 invadet
3499 888 3617 937 eos,
3684 864 3691 873 ’

2056 966 2151 1020 sed
2182 969 2480 1036 promerita
2512 968 2617 1023 illis
2649 968 2853 1023 ultione
2884 975 3087 1023 utetur.
3115 966 3268 1033 Quod
3302 975 3482 1020 autem
3503 966 3617 1021 haec

2056 1072 2165 1110 non
2209 1072 2357 1111 mera
2388 1059 2551 1113 verba
2588 1058 2720 1125 sint,
2755 1058 2849 1113 sed
2895 1074 2983 1113 res
3012 1065 3177 1126 gestae
3205 1071 3268 1110 ac
3308 1057 3428 1127 ipso
3455 1071 3619 1125 opere

2055 1149 2456 1217 comprobatae,
2504 1151 2661 1205 nobis
2705 1151 2796 1220 qui
2850 1150 2963 1204 haec
2992 1162 3309 1203 enarramus
3357 1148 3440 1203 vel
3499 1148 3618 1216 ipsa

2054 1238 2389 1307 experientia
2422 1240 2894 1295 commonstravit.
2932 1238 3069 1308 Ipsis
3103 1239 3268 1309 igitur
3298 1237 3472 1291 oculis
3497 1252 3618 1305 per-

2055 1328 2322 1397 cepimus,
2351 1338 2664 1399 peccatores
2694 1331 2751 1386 in
2797 1330 3271 1400 persecutionibus
3309 1329 3364 1382 in
3396 1344 3498 1393 nos
3524 1344 3619 1381 ex-

2054 1421 2236 1477 citatis
2262 1420 2527 1476 adversus
2552 1421 2731 1490 justos
2763 1422 2997 1491 gladium
3031 1420 3286 1475 eduxisse
3309 1458 3323 1483 ,
3350 1431 3619 1488 arcusque

2055 1529 2185 1570 suos
2220 1515 2521 1571 intendisse
2548 1524 2607 1570 ut
2637 1516 2935 1585 dejicerent
2964 1530 3253 1587 pauperem
3280 1523 3334 1569 et
3376 1515 3616 1584 inapem,

2054 1612 2108 1659 et
2140 1613 2199 1659 ut
2233 1606 2573 1661 trucidarent
2627 1616 2806 1661 rectos
2856 1605 3048 1671 corde;
3101 1606 3446 1675 idipsumque
3478 1618 3618 1674 prae-

2055 1696 2290 1751 stitisse:
2325 1706 2545 1753 sanctos
2580 1705 2845 1767 martyres
2875 1712 2973 1765 pro
3002 1696 3114 1752 Deo
3145 1696 3358 1751 fortiter
3397 1703 3619 1766 agentes

2054 1784 2319 1854 dejecisse
2380 1795 2432 1841 et
2484 1787 2771 1856 multiplici
2824 1787 3017 1842 mortis
3062 1802 3259 1857 genere
3309 1787 3616 1841 sustulisse.

379 1876 590 1929 ἀνεῖλον
624 1876 884 1940 ποικίλοις
922 1876 1145 1947 τρόποις
1191 1876 1433 1931 θανάτων
1477 1879 1603 1941 τοὺς
1643 1877 1780 1931 κατὰ
1821 1878 1952 1931 Θεὸν

2059 1874 2127 1929 Ut
2158 1886 2337 1931 autem
2372 1877 2487 1932 haec
2537 1878 2796 1944 vidimus,
2823 1878 2896 1930 ita
2942 1885 2996 1933 et
3026 1878 3285 1932 ultionem
3326 1876 3420 1931 Dei
3470 1876 3618 1947 ipsos

378 1965 802 2036 ἀνδρισαμένους
849 1966 1038 2034 ἁγίους
1084 1968 1382 2038 μάρτυρας,
1429 1968 1635 2039 ’Ὠσπερ
1688 1969 1743 2023 δὲ
1782 1971 1953 2023 ταῦτα

381 2057 819 2127 ίσωρησάμενοι,
866 2056 1008 2110 οὕτω
1059 2057 1152 2110 καὶ
1203 2058 1302 2128 τὴν
1355 2057 1712 2129 μετελθοῦσαν
1759 2061 1953 2125 αὐτοὺς

377 2146 470 2199 τοῦ
510 2147 642 2200 Θεοῦ
690 2147 846 2217 δίκην
885 2147 1208 2219 τεθεάμεθα,
1238 2149 1491 2220 τοιαύτην
1521 2150 1836 2222 γενομένην,
1880 2152 1953 2216 ὡς

381 2236 456 2306 μὴ
488 2238 752 2307 ἁμαρτεῖν
784 2237 875 2290 τὸν
904 2238 1151 2308 φήσαντα
1180 2237 1413 2308 ἀληθῶς,
1440 2238 1537 2309 τὴν
1566 2240 1838 2310 ῥομφαίαν
1858 2240 1955 2293 αύ-

377 2326 484 2381 τῶν
512 2327 914 2399 εἰσεληλυθέναι
944 2330 1022 2391 είς
1048 2328 1146 2401 τὴν
1171 2329 1395 2399 καρδίαν
1422 2329 1598 2383 αὐτῶν
1623 2332 1717 2383 καὶ
1737 2331 1805 2383 τὰ
1824 2330 1954 2397 τόξα

377 2420 557 2474 αὐτῶν
583 2421 981 2492 συντετρῖφθαι.

446 2512 745 2580 Κρεῖσσον
770 2514 979 2582 ὀλίγον
1018 2512 1099 2578 τῷ
1123 2513 1347 2580 δικαίῳ.
1393 2514 1468 2569 Οὐ
1496 2514 1813 2585 προείρηται
1853 2512 1951 2585 μόο

376 2618 487 2663 νον,
520 2601 652 2654 ἁλλὰ
694 2601 759 2654 δι’
800 2601 975 2673 ἔργων
1017 2602 1505 2676 ἀποπεπλήρωται,
1545 2605 1638 2657 καὶ
1676 2604 1765 2656 τὸν
1797 2604 1953 2658 ἄλλον

377 2690 434 2742 δὲ
483 2690 692 2761 χρόνον.
739 2692 795 2745 Ὀ
837 2693 935 2762 μὲν
978 2693 1183 2757 δίκαιος
1216 2694 1533 2765 πτωχεύων,
1577 2696 1841 2767 ἀρκεῖταιΔ
1878 2694 1955 2767 τῷ

378 2780 565 2851 ὀλίγῳ,
613 2782 989 2853 δεδιδαγμένος
1028 2786 1085 2838 ἐν
1117 2790 1388 2858 προσευχῇ
1435 2786 1612 2855 λέγειν
1638 2805 1651 2819 ⁸
1701 2789 1810 2842 Τὸν
1849 2788 1951 2857 ἆρ-

382 2888 491 2924 τον
511 2872 679 2941 ἡμῶν
714 2878 820 2926 τὸν
852 2874 1166 2929 ἐπιούσιον
1200 2876 1306 2942 δὸς
1335 2877 1477 2946 ἡμῖν
1510 2876 1799 2947 σήμερον’
1836 2882 1864 2933 6
1897 2878 1953 2933 δὲ

382 2963 723 3034 ἁμαρτωλὸς,
770 2965 985 3037 πλούτῳ
1034 2968 1479 3039 περιρῤεόμενος,
1545 2968 1750 3038 ἀγαθοῦ
1809 2988 1953 3032 τινος

381 3053 680 3108 ἀπόλαυσιν
716 3056 943 3126 νομίζει.
988 3057 1125 3116 ‘AD.’
1159 3056 1290 3129 ἐγὼ,
1323 3060 1506 3129 φησιν,
1535 3056 1594 3113 εὖ
1637 3055 1772 3127 οἶδα,
1805 3061 1951 3115 διδά-

385 3157 500 3196 σκω
529 3144 584 3198 δὲ
621 3145 715 3199 καὶ
750 3146 997 3217 ἐτέρους·
1045 3149 1126 3201 im
1186 3148 1362 3220 πολλῷ
1390 3150 1610 3220 βελτιων
1648 3151 1793 3205 ἐστὶν
1823 3154 1851 3206 6
1875 3152 1953 3205 δί-

381 3250 537 3297 καιος
565 3234 655 3288 τὸν
685 3236 959 3308 ἐφήμερον
995 3239 1156 3314 ἄρτον
1188 3241 1338 3312 παρὰ
1381 3240 1475 3295 τοῦ
1506 3242 1636 3295 Θεοῦ
1664 3243 1951 3314 λαμϐάνων

380 3323 474 3377 τοῦ
503 3324 609 3378 τῶν
658 3327 994 3399 ἁμαρτωλῶν
1020 3312 1276 3384 πλούτου.
1308 3332 1369 3385 El
1396 3332 1438 3384 δ’
1479 3334 1707 3406 ἐρωτᾷς,
1737 3312 1841 3407 τὴν
1872 3339 1955 3389 al-

380 3417 500 3468 τίαν
542 3418 779 3486 μάνθανε
800 3437 812 3449 ·
844 3421 925 3474 ὅτι
954 3422 985 3473 6
1018 3422 1115 3491 μὲν
1156 3421 1321 3493 ὀλίγῳ
1354 3425 1693 3496 ἀρκούμενος
1732 3427 1954 3498 ἔχειτὸν

384 3503 591 3579 Κύριον
621 3510 1049 3582 ὑποστηρίςοντα
1075 3513 1237 3567 αὐτοῦ
1260 3514 1357 3580 τὴν
1377 3515 1552 3587 ψυχὴν
1580 3517 1673 3572 καὶ
1693 3518 1791 3588 τὴν
1812 3517 1956 3589 ζωὴν

385 3597 601 3651 καὶτὸν
648 3598 783 3668 βίον,
832 3601 971 3673 ὑπὲρ
1012 3603 1188 3655 πάντα
1227 3621 1286 3657 τε
1338 3604 1566 3659 πλοῦτον
1612 3607 1956 3678 ἐπαρκοῦντα

385 3688 565 3760 αὐτῷ·
598 3691 648 3742 οἱ
693 3690 749 3744 δὲ
788 3691 894 3744 τῶν
923 3694 1260 3764 ἁμαρτωλῶν
1288 3695 1568 3768 βραχίονες
1596 3698 1656 3750 οὐ
1683 3698 1959 3769 διαμένου-

387 3795 473 3833 σιν
508 3783 738 3853 ίσχυροὶ,
778 3784 899 3837 οὐδὲ
936 3786 964 3837 ό
1006 3785 1231 3849 πλοῦτος
1261 3788 1439 3840 αὐτῶν
1469 3787 1716 3859 βέϐαιος⁸
1752 3806 1957 3860 συντρι-

389 3870 645 3941 ϐήσονται
695 3874 803 3945 γὰρ
848 3876 970 3929 ὅσον
1006 3876 1214 3929 ῡύδέπω
1263 3878 1542 3949 γενόμενοι
1582 3879 1713 3932 ὡσεὶ
1750 3878 1956 3950 λάχανα

387 3960 549 4030 χλόης
576 3962 668 4014 καὶ
696 3963 826 4016 ὡσεὶ
859 3964 1050 4036 χόρτος
1081 3966 1583 4038 ἀποξηραινόμενοι.

456 4051 749 4106 Γινώσκει
794 4057 1006 4122 Κύριος
1054 4057 1159 4122 τὰς
1190 4056 1368 4123 ὁδοὺς
1398 4058 1515 4111 τῶν
1557 4057 1829 4128 ἁμώμων,
1858 4061 1959 4115 καὶ

384 4143 424 4210 ἠ
456 4147 819 4215 κληρονομία
840 4146 1039 4201 αὐτῶν
1055 4151 1141 4215 είς
1165 4151 1270 4203 τὸν
1290 4148 1473 4203 αἰῶνα
1494 4150 1683 4205 ἔσται.
1714 4154 1793 4205 Οὐ
1819 4170 1941 4207 ιιι-ιτ⁸

382 4236 895 4303 αισχυνθήσονται
944 4241 1014 4293 ἐν
1050 4241 1231 4309 καιρῷ
1274 4242 1533 4309 πονηρῷ,
1575 4243 1673 4296 καὶ
1704 4244 1773 4297 ἐν
1811 4245 1955 4315 ἠμέ-

379 4342 515 4393 ραις
557 4328 734 4396 λιμοῦ
790 4331 1326 4398 χορτασθήσονται,
1378 4333 1467 4386 ὅτι
1524 4337 1577 4387 οἱ
1624 4335 1954 4404 ἁμαρτωλοὶ

386 4419 773 4474 ἀπολοῦνται.
828 4423 948 4475 Ὅτι
990 4424 1087 4475 τοῦ
1133 4424 1306 4491 δεξιοῦ
1354 4426 1651 4496 τάγματος,
1709 4427 1851 4496 λέγω
1900 4428 1958 4481 δέ

2057 1968 2403 2023 invadentem
2433 1971 2802 2038 suspeximus,
2839 1986 2958 2039 quae
2992 1971 3117 2024 talis
3156 1970 3343 2039 utique
3385 1968 3508 2034 fuit,
3560 1978 3620 2021 ut

2056 2062 2193 2116 nihil
2219 2062 2555 2117 aberraverit
2598 2062 2645 2117 is
2687 2064 2779 2132 qui
2810 2064 2946 2117 dixit
2975 2064 3214 2133 gladium
3261 2077 3449 2117 eorum
3498 2058 3620 2114 int].

2055 2168 2184 2207 xum
2216 2152 2272 2207 in
2302 2153 2467 2208 corda
2505 2152 2770 2222 ipsorum,
2801 2161 2856 2210 et
2884 2169 3045 2209 arcus
3073 2169 3261 2209 eorum
3305 2153 3618 2208 confractus

2054 2261 2197 2304 esse.

2124 2505 2294 2563 Vens.
2346 2507 2433 2563 16.
2477 2502 2669 2563 Melius
2714 2517 2793 2564 est
2841 2504 3103 2563 modicum
3124 2505 3295 2579 justo,
3333 2512 3439 2565 etc.
3492 2504 3615 2565 Haec

2053 2614 2162 2654 non
2195 2600 2357 2655 modo
2388 2601 2747 2670 praenuntiata
2776 2599 2956 2666 fuere,
2986 2600 3081 2656 sed
3111 2610 3165 2655 et
3197 2602 3318 2656 aliis
3358 2602 3616 2672 tempori-

2054 2690 2158 2746 bus
2190 2705 2355 2760 opere
2379 2691 2664 2761 completa.
2688 2689 2878 2747 Justus
2898 2691 3115 2761 quidem
3139 2707 3427 2762 pauperem
3452 2704 3615 2763 agens

2053 2782 2219 2835 vitam
2271 2782 2463 2852 paucis
2509 2789 2798 2838 contentus
2848 2791 2952 2849 est,
3006 2783 3073 2837 ad
3129 2784 3243 2839 haec
3284 2787 3336 2839 in
3370 2789 3616 2844 oratione

2055 2864 2378 2935 proferenda
2414 2866 2715 2930 institutus,
2748 2866 2950 2923 Panem
2984 2877 3221 2923 nostrum
3251 2870 3613 2939 quotidianum

2053 2954 2125 3009 da
2152 2956 2301 3010 nobis
2330 2956 2486 3011 hodie
2511 2958 2580 3011 "°.
2621 2955 2887 3013 Peccator
2923 2966 3100 3013 autem
3132 2959 3338 3014 divitiis
3366 2961 3610 3025 alliuens,

2052 3060 2114 3100 se
2142 3046 2284 3101 bono
2316 3047 2419 3101 frui
2451 3049 2767 3103 arbitratur.
2802 3048 2870 3102 At
2896 3049 3063 3119 probe
3092 3050 3239 3117 novi,
3294 3052 3490 3123 inquit,
3535 3055 3615 3107 id-

2053 3152 2159 3206 que
2206 3144 2432 3193 caeteros
2480 3139 2668 3203 doceo,
2708 3140 2877 3195 multo
2918 3143 3345 3210 prazstantiorem
3384 3145 3615 3213 justum,

2053 3232 2144 3302 qui
2177 3233 2554 3302 quotidianum
2587 3249 2616 3288 a
2658 3233 2768 3289 Deo
2799 3250 2991 3304 panem
3022 3238 3235 3308 accipit,
3268 3247 3614 3307 peccatorum

2053 3323 2261 3379 divitiis
2288 3340 2431 3379 esse.
2466 3324 2619 3391 Quod
2654 3325 2699 3380 si
2750 3341 2970 3382 causam
3000 3330 3357 3397 perconteris,
3402 3330 3613 3385 ediscat

2054 3414 2203 3479 licet,
2236 3416 2362 3485 quia
2397 3417 2487 3471 ille
2520 3417 2740 3486 quidem
2771 3420 2959 3489 paucis
2986 3427 3295 3481 contentus,
3328 3418 3615 3475 Dominum

2054 3506 2217 3561 habet
2260 3508 2352 3577 qui
2388 3509 2624 3563 animam
2672 3519 2726 3563 et
2756 3509 2921 3563 vitam
2970 3511 3089 3579 ejus
3141 3511 3346 3573 fulciat.
3402 3512 3615 3583 ipsique

2054 3598 2344 3669 plusquam
2395 3614 2585 3656 omnes
2624 3600 2826 3655 divitia:
2859 3600 3130 3656 sutIiciat:
3185 3611 3238 3656 at
3270 3611 3613 3672 peccatorum

2055 3689 2281 3745 brachia
2309 3706 2419 3745 non
2448 3692 2674 3747 robusta
2719 3701 2960 3760 manent,
2991 3710 3169 3764 neque
3201 3694 3401 3749 divitiae
3427 3710 3614 3750 eorum

2056 3781 2227 3836 ﬁrma:
2275 3789 2442 3848 sunt;
2500 3798 2669 3853 pr0pe
2697 3783 2837 3838 diem
2864 3785 3007 3839 enim
3061 3793 3412 3839 conterentur
3458 3786 3613 3856 quasi

2055 3870 2204 3926 olera
2234 3871 2548 3938 herbarum,
2582 3881 2634 3927 et
2661 3881 2917 3944 tanquam
2947 3872 3131 3929 fenum
3160 3882 3428 3931 arescent.

2126 4046 2293 4105 Vens.
2341 4046 2578 4102 18-20.
2630 4044 2790 4103 Novit
2845 4047 3098 4102 Dominus
3149 4049 3259 4102 vias
3311 4048 3613 4105 immacula-

2058 4149 2250 4204 torum,
2289 4149 2339 4193 et
2385 4139 2665 4194 hwreditas
2710 4155 2899 4193 eorum
2937 4138 2992 4190 in
3041 4146 3292 4192 wternum
3342 4139 3461 4192 erit.
3495 4137 3618 4193 Non

2056 4230 2443 4300 confundentur
2482 4232 2535 4284 in
2571 4240 2793 4298 tempore
2824 4230 2983 4293 malo,
3037 4237 3086 4283 et
3131 4229 3187 4282 in
3233 4228 3413 4283 diebus
3457 4230 3618 4299 famis

2057 4323 2460 4387 saturabuntur,
2492 4322 2613 4391 quia
2644 4330 2939 4389 peccatores
2966 4318 3226 4389 peribunt.
3258 4319 3396 4385 Quia
3429 4335 3619 4374 eorum

2058 4418 2150 4487 qui
2183 4415 2238 4469 in
2274 4414 2464 4469 dextro
2515 4413 2708 4467 ordine
2753 4420 2899 4479 sunt,
2932 4413 2984 4467 id
3034 4421 3119 4467 est
3162 4412 3456 4481 justorum,
3510 4427 3622 4468 non

384 4508 495 4561 τῶν
521 4510 761 4577 δικαίων,
795 4514 857 4566 οὐ
887 4515 1044 4585 μόνον
1071 4516 1419 4588 ὑποστηρίζει
1446 4521 1473 4572 6
1501 4518 1633 4581 Θεὸς
1663 4519 1760 4590 τὴν
1788 4519 1952 4591 ζωὴν,

2061 4508 2221 4561 modo
2267 4507 2435 4560 vitam
2471 4504 2626 4559 fulcit
2665 4503 2966 4570 Dominus;
3017 4504 3111 4559 sed
3144 4505 3306 4557 etiam
3342 4504 3479 4568 dies,
3526 4504 3619 4574 qui

387 4598 522 4651 ἀλλὰ
554 4603 649 4654 καλ⁸
685 4602 783 4665 τὰς
822 4606 1218 4675 περιμενούσας
1266 4608 1461 4672 αὐτοὺς
1497 4610 1554 4661 ἐν
1593 4608 1670 4679 τῷ
1713 4609 1956 4680 μέλλοντι

386 4690 542 4743 αἰῶνι
584 4694 795 4767 ἡμέρας
849 4697 1091 4768 ἀκριϐῶς
1130 4696 1256 4762 οἶδε,
1313 4702 1413 4771 τήν
1457 4718 1516 4753 τε
1556 4703 1959 4773 ἡτοιμασμένην

386 4782 568 4847 αὐτοῖς
615 4784 997 4859 κληρονομίαν,
1045 4792 1172 4862 περὶ
1211 4787 1279 4863 ἦς
1323 4792 1578 4863 ἀνωτέρω
1614 4793 1826 4864 ἐλέχθη.
1868 4795 1960 4846 Διὸ

384 4876 536 4930 οὐδὲν
564 4879 758 4942 αὐτοὺς
786 4880 1117 4951 καταδλάψει
1149 4882 1208 4935 τὸ
1235 4883 1431 4955 βραχὺ,
1468 4884 1828 4956 καὶολυπηρδν
1863 4886 1957 4940 τοῦ

386 4968 653 5041 παρόντος
693 4971 831 5041 βίου,
873 4974 1056 5026 καὶτὸ
1096 4974 1350 5028 πένεσθαι
1390 4976 1482 5029 καὶ
1529 4977 1827 5048 πτωχεύειν
1870 4978 1957 5031 διὰ

384 5058 476 5112 τδν
502 5060 724 5133 Κύριον.
761 5064 1064 5134 Γυμνάσιον
1093 5064 1200 5137 γὰρ
1232 5066 1408 5119 αὐτῶν
1434 5070 1548 5121 ἐστι
1577 5069 1674 5139 τῆς
1702 5070 1958 5141 προαιρέ-

387 5166 524 5214 σεως
555 5154 587 5222 ἡ
614 5156 897 5226 καρτερία,
929 5157 997 5209 δι’
1025 5152 1092 5227 ἦς
1120 5157 1217 5228 τὴν
1259 5159 1447 5231 στενὴν
1472 5160 1564 5212 καὶ
1594 5160 1955 5232 τεθλιμμένην

384 5241 680 5310 ὁδεύοντες,
726 5248 1004 5313 τεύξονται
1047 5248 1156 5301 τῶν
1204 5252 1647 5322 ἐπηγγελμένων.
1707 5253 1850 5305 Ἀντὶ
1898 5252 1955 5304 δὲ

380 5330 501 5393 τοῦ,
525 5332 819 5400 γινώσκει,
843 5338 870 5387 6
892 5334 1207 5407 Σύμμαχος,
1236 5340 1520 5408 Προοῖδεν
1545 5344 1577 5393 ὀ
1608 5343 1822 5409 Κύριος
1848 5343 1955 5408 τὰς

380 5423 609 5493 ἡμέρας
640 5424 758 5479 τῶν
787 5427 1056 5497 ἀμώμων,
1091 5431 1370 5495 ἐξέδωκεν.
1406 5434 1513 5486 Καὶ
1555 5432 1681 5487 ἄλλο
1713 5434 1769 5486 δὲ
1815 5435 1952 5506 μέγα

383 5516 618 5586 ὑπάρξει
651 5518 896 5583 τούτοις·
945 5521 1016 5575 ἐν
1058 5524 1167 5593 γὰρ
1213 5524 1395 5592 καιρῷ
1445 5525 1683 5595 πονηρῷ
1722 5529 1793 5581 οὺ
1826 5544 1955 5581 κατ⁸

380 5609 917 5678 αισχυνθήσονται,
942 5615 1039 5668 καὶ
1061 5614 1131 5668 ἐν
1155 5616 1402 5685 ἡμέραις
1423 5618 1600 5688 λιμοῦ
1623 5620 1955 5691 χορτασθήα

452 5789 507 5822 η
537 5788 670 5847 Luc.
707 5807 785 5856 xl,
819 5793 869 5849 5.

708 5884 980 5949 Pnact.
1024 5888 1141 5950 Gn.
1190 5887 1425 5950 XXIII.

2060 4600 2211 4669 ipsos
2244 4599 2298 4653 in
2333 4597 2516 4652 futuro
2547 4596 2747 4651 saeculo
2787 4602 3127 4665 exspectant,
3158 4605 3411 4649 accurate
3446 4598 3618 4659 novit,

2060 4699 2222 4761 atque
2273 4698 2518 4761 paratam
2556 4690 2662 4743 illis
2692 4686 3082 4749 hereditatem,
3118 4686 3186 4740 de
3228 4702 3334 4756 qua
3370 4686 3622 4754 superius

2058 4785 2265 4840 dictum
2315 4790 2419 4838 est.
2473 4780 2652 4847 Quare
2704 4779 3015 4834 nocumenti
3064 4778 3200 4832 nihil
3250 4777 3437 4831 afferet
3489 4777 3623 4846 ipsis

2059 4862 2352 4947 praesentis
2382 4874 2507 4929 vitae
2553 4872 2793 4927 brevitas
2846 4886 2910 4923 ac
2952 4869 3206 4933 tristitia,
3236 4877 3289 4923 et
3333 4867 3620 4937 pauperies

2057 4968 2351 5038 inopiaque
2391 4979 2552 5035 quam
2604 4979 2704 5034 pro
2750 4962 2978 5016 Domino
3024 4961 3254 5030 amplexi
3305 4966 3449 5014 sunt.
3483 4956 3617 5010 Nam

2058 5076 2249 5115 eorum
2278 5056 2541 5128 propositi
2579 5063 2633 5110 et
2662 5054 2960 5108 voluntatis
2995 5050 3310 5105 exercitatio
3354 5048 3452 5101 fuit
3485 5048 3623 5101 tole-

2059 5153 2258 5215 rantia,
2294 5165 2402 5221 qua
2448 5150 2503 5202 in
2554 5154 2782 5216 angusta
2836 5151 3098 5213 arctaque
3143 5142 3228 5196 via
3283 5139 3619 5203 incedentes,

2058 5243 2327 5314 promissa
2354 5246 2774 5307 consequentur.
2800 5234 2906 5290 Pro
2929 5235 3023 5288 illo
3054 5244 3253 5297 autem,
3281 5233 3441 5297 novit,
3470 5230 3622 5301 Sym-

2057 5335 2307 5397 machus,
2332 5330 2573 5401 prwvidit
2598 5328 2853 5382 Dominus
2883 5327 2993 5380 dies
3025 5323 3506 5385 immaculatorum,
3540 5324 3621 5376 in-

2059 5433 2391 5496 terpretatus
2447 5430 2552 5477 est.
2612 5419 2879 5488 Aliudque
2937 5431 3192 5487 magnum
3240 5415 3440 5469 bonum
3487 5412 3622 5482 ipsis

2060 5518 2312 5574 Obveniet
2336 5534 2352 5583 ;
2380 5530 2501 5570 nam
2533 5516 2586 5567 in
2608 5525 2831 5581 tempore
2851 5511 2990 5564 malo
3012 5526 3115 5564 non
3144 5507 3550 5577 confundantur,
3572 5516 3622 5559 ιιι

2063 5614 2116 5668 in
2137 5610 2320 5667 diebus
2348 5610 2505 5680 famis
2530 5606 2928 5663 saturabuntur.
2957 5600 3155 5659 Malum
3184 5608 3424 5671 tempus,
3455 5600 3508 5655 id
3541 5611 3625 5655 est

3266 5878 3332 5943 11
