4138 6380
502 406 600 459 331

1205 399 1475 456 EUSEBII
1507 395 1984 454 CAESARIENSIS
2022 395 2171 451 OPP.
2215 393 2394 449 PARS
2429 393 2515 451 111.
2555 427 2623 434 —
2655 391 3060 450 EXEGETICA.

3662 391 3765 446 53!

503 535 720 595 tempus
743 523 838 580 irae
858 523 1120 579 adversus
1143 521 1359 592 impios,
1386 535 1494 590 quo
1520 519 1594 573 illi
1624 519 1843 590 quidem
1862 520 2070 590 justum

2181 532 2409 571 σονται.
2456 517 2662 588 Καιρὺς
2699 516 2755 570 δὲ
2787 515 3026 587 πονηρός
3073 516 3221 569 ἐστιν
3265 516 3294 570 ὁ
3326 515 3425 584 τῆς
3471 513 3614 568 κατὰ
3657 513 3768 567 τῶν

506 617 890 688 Deijudicium
919 615 1312 686 experientur;
1360 615 1452 685 qui
1488 628 1617 669 vero
1657 613 1712 667 in
1761 612 1954 668 dextro
1996 626 2081 666 or-

504 710 631 764 dine
676 717 824 773 sunt,
879 708 1132 780 gloriam,
1188 706 1451 760 honorem
1501 714 1556 761 et
1613 704 2079 775 incorruptionem

455 800 850 865 .«ibtinebunt,
888 808 946 854 ut
974 798 1067 870 qui
1107 799 1275 852 vitam
1309 805 1565 853 aztcrnam
1595 797 1931 868 quaesierint.
1967 794 2080 850 lmo

495 908 633 946 vero
661 901 868 948 statuto
900 901 1147 964 tempore
1181 891 1341 962 justi,
1373 891 1560 945 divino
1608 891 1868 945 alimento
1897 889 2077 960 potiti,

502 984 941 1050 saturalmntur;
977 992 1292 1054 peccatores
1335 988 1517 1036 autem
1549 979 1690 1035 fame
1740 988 1792 1034 et
1839 987 2080 1050 egestate

502 1074 845 1129 rationabilis
877 1075 985 1129 cibi
1027 1075 1302 1144 peribunt.
1335 1071 1469 1138 Quis
1511 1081 1689 1126 autem
1721 1072 1890 1126 oculis
1941 1087 2077 1126 con-

504 1168 800 1237 templatus
830 1168 1028 1238 impios
1059 1170 1152 1238 qui
1183 1181 1297 1221 aevo
1331 1173 1522 1219 nostro
1553 1180 1617 1218 ex
1650 1163 1880 1228 divitiis,
1909 1163 2077 1234 gloria

501 1269 554 1314 et
587 1260 943 1331 dignitatibus
979 1261 1032 1314 in
1068 1257 1430 1313 admiratione
1473 1256 1644 1319 fuere,
1682 1256 1735 1310 in
1771 1259 2078 1326 multasque

489 1355 690 1420 gentes
721 1349 1010 1418 imperium
1041 1349 1350 1412 obtinuere,
1381 1356 1606 1416 repente
1628 1346 1696 1400 ab
1725 1345 1826 1399 hac
1856 1346 2079 1399 celsitu-

500 1440 630 1495 dine
683 1439 886 1510 lapsos,
936 1456 1044 1494 non
1091 1438 1323 1494 fateatur
1375 1453 1561 1494 verum
1617 1453 1741 1491 esse
1793 1437 2074 1490 oraculum

502 1533 816 1602 liujusmodi
854 1555 865 1588 :
901 1533 1112 1587 Inimici
1149 1549 1266 1587 vero
1297 1531 1533 1594 Domini,
1568 1547 1689 1584 mox
1722 1539 1780 1584 ut
1820 1531 2078 1598 honoriﬁ-

499 1626 607 1678 cati
646 1629 858 1694 [uerunt
900 1636 950 1679 et
993 1625 1240 1689 exaltati,
1291 1625 1588 1694 deﬁcientes
1636 1621 2077 1695 quemadmodum

500 1715 678 1786 fumus
719 1717 1063 1787 defecerunt?
1109 1716 1315 1771 Fumus
1362 1717 1617 1771 exstincti
1670 1715 1812 1786 ignis
1859 1714 2074 1786 signum

497 1817 583 1864 est
608 1829 620 1862 :
652 1824 822 1879 quare
843 1809 897 1864 hi
920 1809 1014 1880 qui
1037 1819 1277 1880 tempore
1298 1823 1399 1863 suo
1423 1809 1680 1863 ardentes
1706 1807 1846 1878 ignis
1873 1807 2069 1871 instar,

2182 608 2394 662 ἀσεϐῶν
2429 609 2621 681 ὀργῆς,
2662 610 2722 662 ὲν
2761 602 2805 675 ᾧ
2850 611 2898 661 οἱ
2945 608 3045 678 μὲν
3090 607 3192 677 τῆς
3235 606 3631 678 δικαιοκρισίας
3669 604 3763 660 τοῦ

2183 698 2317 752 Θεοῦ
2347 701 2828 772 πειρασθήσονται,
2854 700 2902 753 oi
2929 699 2986 752 δὲ
3009 699 3102 752 τοῦ
3127 697 3300 765 δεξιοῦ
3335 700 3614 771 τάγματος
3639 699 3766 752 ἀπο-

2182 792 2455 863 λείψονται
2481 792 2638 858 δόξαν
2677 792 2773 845 καὶ
2799 791 2964 863 τιμὴν
2996 793 3091 844 καὶ
3121 792 3446 864 ἀφθαρσίαν,
3475 791 3763 863 ζητοῦντες

2182 882 2326 955 ζωὴν
2376 884 2614 940 αἰώνιον.
2668 886 2742 938 Ού
2781 885 2885 957 μὴν
2919 885 3053 938 ἀλλὰ
3101 887 3194 938 καὶ
3239 885 3380 940 κατὰ
3422 885 3512 938 τὸν
3553 884 3762 938 ἑστῶτα

2183 975 2392 1048 καιρὸν,
2420 978 2467 1029 oi
2517 977 2616 1046 μὲν
2647 977 2846 1032 δίκαιοι
2877 978 2976 1048 τῆς
3004 978 3186 1031 ἐνθέου
3219 977 3425 1050 τροφῆς
3465 976 3759 1030 ἀπολαύον-

2180 1085 2271 1132 τες
2301 1068 2764 1141 χορτασθήσονται
2788 1087 2800 1101 ·
2842 1073 2890 1123 οἱ
2930 1071 2986 1123 δὲ
3017 1070 3329 1142 ἁμαρτωλοὶ
3364 1069 3506 1140 λιμῷ
3541 1070 3634 1122 καὶ
3675 1071 3760 1122 ὲν-

2178 1159 2295 1230 δείςι
2325 1159 2546 1231 λογικῆς
2584 1162 2791 1232 τροφῆς
2838 1161 3183 1216 ἀπολοῦνται.
3220 1161 3315 1225 Τίς
3355 1161 3413 1215 δὲ
3460 1160 3759 1231 ὀφθαλμοῖς

2180 1251 2511 1322 παραλαϐὼν
2542 1255 2667 1316 τοῦς
2697 1253 2820 1306 καθ’
2850 1255 2995 1324 ἡμᾶς
3020 1254 3236 1318 ἀσεϐεῖς
3270 1253 3481 1323 πλούτῳ
3517 1255 3611 1306 καὶ
3635 1254 3759 1327 δόξῃ

2181 1345 2274 1398 καὶ
2306 1343 2580 1415 ἀξιώμασι
2613 1344 3049 1418 θαυμασθέντας,
3087 1347 3336 1419 μεγάλων
3366 1365 3423 1400 τε
3457 1346 3624 1400 ἐθνῶν
3658 1347 3758 1418 ἄρ-

2180 1437 2394 1503 ξαντας.
2427 1438 2638 1509 ἀθρόως
2684 1441 3015 1504 ἐκπεσόντας
3056 1441 3150 1494 τοῦ
3196 1439 3506 1512 ὑψώματος,
3551 1440 3650 1492 ούκ
3693 1438 3760 1492 ἂν

2178 1531 2563 1601 ὁμολογήσειεν
2609 1533 2783 1604 ἀληθῆ
2823 1535 3111 1604 τυγχάνειν
3148 1533 3208 1586 τὸ
3238 1534 3414 1604 φῆσαν
3449 1532 3658 1601 λόγιον·
3695 1535 3759 1585 Ol

2177 1621 2230 1674 δ’
2271 1624 2470 1691 ἐχθροὶ
2513 1623 2620 1676 τοῦ
2661 1625 2808 1678 Θεοῦ
2847 1625 2966 1696 ἅμα
3011 1623 3090 1689 τῷ
3135 1623 3504 1692 δοξασθῆναι
3537 1624 3760 1690 αὐτοὺς

2178 1713 2276 1767 καὶ
2297 1713 2625 1783 ἐπαρθῆναι
2651 1717 3003 1782 ἐκλιπόντες
3033 1716 3172 1769 ὡσεὶ
3203 1716 3431 1781 καπνὸς
3454 1715 3756 1779 ἐξέλιπον.

2179 1809 2401 1871 Καπνὸς
2427 1809 2484 1861 δὲ
2529 1809 2700 1880 πυρὸς
2731 1809 3050 1872 σόεσθέντος
3080 1811 3303 1879 σημεῖον
3327 1825 3339 1836 ·
3384 1807 3464 1860 διὸ
3505 1808 3599 1861 καὶ⁴
3644 1807 3762 1861 τού-

494 1878 696 1957 deinde
715 1878 968 1958 exstincti
994 1878 1421 1966 suun—similiter
1453 1902 1507 1955 in
1539 1903 1843 1972 exemplum
1867 1901 2070 1957 haben:

2178 1917 2300 1964 τους
2327 1901 2502 1975 καιρῷ
2532 1900 2829 1970 φλέξαντας
2861 1904 3031 1972 πυρὸς
3063 1901 3240 1973 δίκην.
3270 1901 3502 1956 κᾶπειτα
3533 1902 3763 1955 ἀποσϐε-

494 1999 607 2048 tur.

568 2085 732 2142 Vens.
769 2086 859 2152 2|,
883 2086 972 2140 22.
1017 2085 1299 2140 Mutuatur
1341 2096 1601 2154 peccator,
1635 2097 1683 2140 et
1728 2103 1830 2141 non
1859 2086 2020 2141 solvet
2051 2103 2070 2140 :

493 2186 669 2232 iustus
720 2189 898 2234 autem
950 2180 1227 2234 miseretur
1255 2189 1304 2234 et
1358 2181 1569 2236 tribuet.
1627 2178 1720 2234 Ille
1760 2195 1884 2234 cum
1936 2179 2071 2234 nihil

494 2270 824 2339 possideret,
857 2271 1170 2341 multosque
1194 2286 1224 2324 a
1251 2272 1371 2326 viro
1395 2272 1547 2340 justo
1580 2271 1740 2326 utiles
1770 2271 2070 2326 salutares-

493 2377 601 2431 que
628 2377 910 2417 sermones
941 2371 1134 2417 mutuo
1166 2366 1457 2432 acciperet,
1492 2371 1583 2416 aut
1607 2380 1638 2417 a
1664 2362 1770 2418 Deo
1789 2362 2070 2418 beneﬁciis

492 2465 804 2518 ornaretur,
831 2454 1075 2508 debitum
1099 2471 1207 2509 non
1235 2455 1417 2510 solvit.
1449 2452 1584 2507 Nam
1610 2453 1880 2524 adjutum,
1906 2470 2072 2525 opor-

491 2545 598 2598 tuit
646 2560 812 2614 opera
860 2559 924 2598 ac
973 2551 1126 2615 gesta
1165 2545 1408 2614 acceptis
1455 2544 1619 2614 digna
1676 2544 1954 2599 exhibere.
2001 2544 2071 2598 At

491 2636 585 2692 ille
615 2652 724 2692 non
755 2637 938 2700 solvit,
975 2619 1270 2705 manetque
1290 2635 1518 2704 justitiae
1546 2637 1801 2706 operibus
1840 2651 2066 2692 vacuus.

491 2727 681 2783 Justus
714 2743 842 2783 vero
873 2728 1080 2784 divitiis
1107 2743 1227 2797 quae
1277 2726 1577 2782 secundum
1623 2726 1790 2781 Deum
1822 2736 1950 2781 sunt
1984 2726 2063 2782 af-

491 2819 691 2885 ﬂuens,
729 2819 1024 2876 miseretur
1060 2829 1114 2874 et
1165 2819 1356 2874 tribuit
1403 2819 1707 2889 egentibus.
1763 2817 1869 2874 Sed
1907 2820 2069 2874 etiam

491 2910 587 2980 qui
629 2909 783 2980 justo
814 2909 1164 2975 benedicunt,
1212 2908 1332 2978 ejus
1380 2907 1692 2962 cohaeredes
1722 2917 1901 2964 erunt.
1935 2906 2068 2962 Eam

490 3002 638 3055 enim
665 3001 839 3070 ipsam
869 3014 1163 3069 supernam
1197 2997 1587 3063 hzereditatem,
1623 2999 1912 3068 quaajusto
1940 3013 2069 3068 pro-

491 3092 665 3147 missa
690 3091 815 3156 fuit,
850 3091 1302 3154 benediccntibus
1324 3091 1532 3160 justum
1563 3089 1724 3144 etiam
1757 3091 2064 3160 pollicetur.

491 3187 625 3253 Quae
652 3192 961 3240 consonant
991 3185 1216 3238 oraculo
1259 3183 1531 3238 Abraham
1571 3184 1839 3253 spectanti
1889 3197 1954 3237 ac
1981 3183 2066 3238 di-
2095 3215 2136 3272 Ο

489 3275 635 3332 centi
665 3294 676 3328 :
711 3274 779 3328 Et
811 3274 1112 3329 benedicam
1145 3273 1500 3328 benedicentes
1530 3281 1576 3326 te
1599 3273 1664 3327 ".
1695 3271 1829 3327 Illud
1863 3284 2066 3342 autem,

491 3367 870 3422 Maledicentes
922 3376 1097 3421 autem
1147 3367 1196 3420 ei
1242 3364 1593 3435 disperibunt,
1637 3366 1792 3420 alline
1830 3375 1914 3422 est
1943 3367 2070 3424 huic

491 3456 560 3512 ad
590 3457 964 3511 Abrahamum
1014 3456 1182 3521 dicto,
1219 3466 1268 3511 et
1299 3454 1729 3510 maledicentibus
1759 3457 1852 3511 tibi
1897 3459 2067 3513 male-

488 3550 665 3604 dicam
683 3549 750 3603 τ’.
785 3547 1252 3614 Quemadmodum
1280 3547 1425 3602 enim
1455 3549 1547 3620 qui
1583 3550 1815 3621 lapidem
1845 3565 2065 3605 sursum

487 3642 640 3710 jacit,
687 3640 767 3696 sic
814 3641 908 3711 qui
957 3639 1501 3712 maledictisjustum
1535 3643 1764 3714 impetit,
1799 3644 1927 3713 quia
1957 3660 2066 3699 non

489 3739 672 3801 potest
721 3732 874 3800 justo
913 3731 1268 3788 maledictum
1315 3732 1544 3799 haerere,
1595 3742 1860 3789 retortum
1909 3735 1966 3788 in
2008 3749 2068 3790 se

489 3822 790 3878 maledicus
828 3823 1087 3894 excipiet.

558 4077 726 4135 Vsus.
775 4081 866 4147 23,
903 4081 994 4136 24.
1033 4081 1181 4152 Apud
1247 4081 1535 4138 Dominum
1564 4100 1786 4155 gressus
1836 4084 2064 4140 hominis

486 4170 801 4242 dirigentur.
833 4172 1038 4228 Praeter
1069 4188 1236 4243 supra
1270 4183 1591 4239 memorata,
1626 4177 1740 4231 haec
1773 4179 1935 4232 etiam
1967 4179 2065 4234 ho-

489 4263 623 4317 mini
652 4261 748 4318 Dei
784 4264 1024 4320 adsunt:
1059 4266 1178 4320 vias
1206 4266 1328 4336 ejus
1356 4265 1498 4323 Deus
1533 4271 1863 4340 complanat,
1904 4272 1976 4326 ita
2005 4282 2066 4328 ut

486 4357 600 4414 vita
649 4359 768 4428 ejus
821 4358 1056 4415 feliciter
1096 4361 1346 4416 elabatur
1376 4381 1387 4415 :
1423 4377 1486 4416 ac
1535 4364 1653 4418 sine
1683 4365 1794 4418 ullo
1832 4366 1987 4421 obice
2018 4369 2064 4422 is

485 4450 744 4521 religiose
778 4452 909 4521 agit,
962 4467 991 4505 a
1026 4454 1353 4524 neminequc
1394 4456 1800 4526 supplantatur,
1834 4469 2061 4530 propter

2175 1991 2416 2056 οθέντας,
2445 1994 2642 2064 ὁμοίως
2671 1995 2726 2047 ἐν
2750 1994 2828 2065 τῷ
2859 1994 3258 2066 παραδείγματι
3285 1993 3382 2064 (1).

2243 2085 2568 2145 Δανείζεται
2596 2089 2628 2138 ὁ
2676 2086 3046 2155 ἁμαρτωλὸς.
3093 2086 3190 2140 καὶ
3238 2089 3351 2139 οὐκ
3387 2086 3688 2141 ἀποτίσεν
3723 2087 3762 2141 ό

2171 2173 2239 2227 δὲ
2270 2174 2500 2241 δίκαιος
2533 2177 2800 2242 οὶκτείρει
2839 2175 2936 2248 grai
2983 2175 3152 2228 διδοῖ.
3188 2177 3369 2246 Μηδὲν
3401 2177 3756 2248 κεκτημένος,

2173 2267 2319 2340 παρὰ
2352 2267 2446 2319 τοῦ
2481 2266 2685 2320 δικαίου
2717 2267 2974 2330 πολλάκις
3002 2267 3381 2338 δανειζόμενος
3405 2268 3596 2337 λόγους
3619 2269 3759 2338 ώφε-

2170 2360 2360 2430 λίμους
2404 2359 2498 2412 καὶ
2542 2359 2864 2432 σωτηρίους,
2902 2360 2934 2430 ἢ
2971 2360 3122 2432 παρά
3151 2359 3246 2413 τοῦ
3274 2361 3409 2414 Θεοῦ
3439 2361 3760 2431 εὐεργεσίας

2171 2453 2473 2522 τυγχάνων,
2521 2453 2620 2505 οὐκ
2670 2453 2985 2506 ἀποτίννυσι
3026 2453 3124 2524 τὴν
3173 2454 3414 2525 ὀφειλὴν.
3462 2455 3588 2508 Δέον
3648 2454 3760 2527 γὰρ

2170 2542 2704 2614 ώφεληθέντα,ἕργα
2745 2544 2839 2596 καὶ
2885 2544 3114 2616 πράξεις
3146 2548 3447 2616 παρασχεῖν
3488 2545 3644 2612 ἀξίας
3681 2538 3759 2598 ὧν

2169 2634 2414 2704 εἴληφεν.
2459 2635 2515 2687 Ὁ
2550 2634 2607 2688 δὲ
2635 2635 2735 2687 οὐκ
2781 2635 3152 2700 ἀποτίννυσιν,
3199 2637 3352 2706 μένει
3395 2635 3453 2688 δὲ
3505 2637 3756 2708 ἄκαρπος

2167 2725 2278 2779 τῶν
2310 2727 2408 2798 τῆς
2438 2725 2785 2798 δικαιοσύνης
2825 2726 3020 2799 ἔργων.
3070 2729 3129 2781 '0
3161 2727 3215 2781 δὲ
3252 2729 3478 2793 δίκαιος,
3511 2728 3757 2784 πλουτῶν

2169 2820 2227 2872 ὲν
2254 2817 2332 2890 τῷ
2370 2819 2510 2872 κατά
2540 2819 2672 2872 Θεὸν
2702 2820 2936 2892 πλούτῳ,
2969 2821 3231 2892 οίκτείρει
3266 2821 3359 2873 καὶ
3386 2821 3615 2892 παρέχει
3640 2823 3755 2884 τοῖς

2168 2909 2462 2982 δεομένοις.
2509 2911 2666 2964 Ἀλλά
2691 2913 2786 2965 καὶ
2821 2914 2870 2966 οἱ
2896 2913 2986 2965 τὸν
3017 2913 3224 2966 δίκαιον
3249 2912 3595 2981 εὐλογοῦντες
3625 2927 3755 2980 συγ-

2170 3000 2495 3072 κληρονόμοι
2525 3000 2690 3054 αὑτοῦ
2733 3003 3073 3073 γενήσονται.
3112 3003 3215 3055 Ἢν
3245 3001 3353 3071 γὰρ
3391 3001 3754 3073 ἐπηγγείλατο

2169 3093 2448 3166 ἀνωτέραν
2479 3097 2589 3158 τοῖς
2619 3093 2847 3158 δικαίοις
2873 3094 3236 3165 κληρονομίαν
3278 3097 3303 3148 ὁ
3337 3094 3510 3163 λόγος,
3550 3095 3752 3167 ταύτην

2170 3184 2338 3254 αὐτὴν
2383 3173 2492 3237 καὶ,⁷
2524 3187 2637 3248 τοῖς
2683 3183 2965 3252 εύλογοῦσι
3008 3185 3099 3238 τὸν
3144 3186 3352 3238 δίκαιον
3389 3188 3751 3257 ὑπισχνεῖται,

2172 3276 2482 3340 ἀκολούθως
2512 3276 2590 3348 τῷ
2629 3277 2765 3348 πρὸς
2797 3278 2890 3331 τὸν
2930 3277 3182 3349 Ἀϐραὰμ
3213 3279 3445 3350 χρησμῷ
3485 3283 3746 3351 φήσαντν

2171 3370 2279 3424 Καὶ
2313 3367 2627 3439 εὐλογήσω
2659 3369 2802 3436 τοὺς
2843 3371 3251 3440 εὐλογοῦντάς
3297 3386 3388 3425 σε.
3425 3371 3495 3424 Τὸ
3529 3373 3606 3437 δὲ,
3639 3374 3750 3428 Καὶ

2169 3463 2225 3512 οἱ
2264 3460 2661 3530 καταρώμενοι
2693 3460 2881 3516 αὑτὸν
2909 3461 3543 3530 ἐξολοθρευθήσονται,
3568 3465 3752 3534 ὅμοιον

2169 3550 2236 3604 ἂν
2270 3550 2357 3621 εἴη
2399 3550 2474 3620 τῷ
2503 3550 2816 3620 λελεγμένῳ
2847 3551 2984 3622 πρὸς
3015 3551 3104 3604 τὸν
3147 3551 3394 3623 Ἀϐραάμ
3416 3569 3428 3581 ⁸
3474 3551 3584 3607 Καὶ
3611 3552 3751 3620 τοὺς

2169 3640 2620 3709 καταρωμένους
2644 3657 2717 3694 σε
2741 3639 3170 3712 καταράσομαι.
3200 3643 3410 3715 ’Ὠσπερ
3437 3642 3544 3715 γάρ
3575 3646 3602 3696 ό
3633 3643 3751 3713 βάλ-

2168 3729 2275 3783 λων
2313 3729 2459 3783 λίθον
2498 3733 2577 3794 είς
2612 3731 2743 3801 ὕψος
2774 3733 2866 3784 ἐπὶ
2897 3734 2994 3804 τὴν
3034 3733 3274 3804 κεφαλὴν
3317 3734 3511 3788 ἑαυτοῦ
3544 3735 3748 3806 βάλλει,

2166 3821 2339 3885 οὕτως
2377 3824 2404 3876 ὁ
2435 3823 2705 3893 κατάραις
2729 3823 2943 3894 βάλλων
2968 3825 3058 3877 τὸν
3084 3824 3313 3890 δίκαιον,
3344 3825 3430 3880 διὰ
3455 3826 3516 3879 τὸ
3547 3826 3622 3899 μὴ
3655 3828 3748 3881 δύ-

2168 3914 2364 3968 νασθαι
2393 3916 2637 3986 κατάραν
2665 3914 2915 3968 ἵστασθαι
2936 3918 3057 3970 κατ’
3083 3917 3270 3983 αὑτοῦ,
3293 3919 3750 3990 ἀντιστρέφουσαν

2165 4005 2336 4078 αὐτὴν
2365 4007 2444 4070 είς
2465 4006 2655 4059 ἑαυτὸν
2687 4007 2938 4077 λήψεται.

2235 4095 2400 4164 Παρὰ
2428 4097 2651 4164 Κιιρίου
2695 4096 2768 4150 τὰ
2816 4096 3146 4168 διαϐήματα
3193 4099 3506 4169 ἀνθρώπου
3546 4117 3751 4156 κατευ-

2167 4189 2423 4243 θύνεται.
2465 4189 2609 4260 Πρὸς
2655 4193 2768 4255 τοῖς
2813 4193 3124 4263 εἰρημένοις
3168 4194 3261 4247 καὶ
3302 4193 3471 4247 ταῦτα
3516 4195 3748 4268 ὑπάρχει

2163 4280 2242 4351 τῷ
2267 4281 2361 4334 τοῦ
2395 4281 2529 4335 Θεοῦ
2573 4281 2845 4354 ἀνθρώπῳ
2866 4301 2877 4312 ·
2914 4284 3012 4347 τὰς
3051 4286 3202 4349 ὁδοὺς
3230 4285 3394 4339 αὐτοῦ
3440 4286 3747 4358 ὲξομαλίζει

2163 4375 2191 4426 ὁ
2224 4372 2374 4436 Θεὸς,
2404 4372 2545 4426 ὥστε
2595 4375 2804 4445 εύροεῖν
2838 4375 3003 4428 αὑτοῦ
3035 4377 3127 4429 τὸν
3157 4376 3291 4446 βίον,
3333 4378 3426 4430 καὶ
3458 4380 3747 4449 ἀπαραπο-

2162 4462 2357 4526 δίστως
2407 4463 2700 4531 θεοσεϐεῖν,
2748 4467 2978 4537 μηδενὸς
3033 4468 3476 4533 ὑποσκελίζοντος
3523 4469 3610 4523 διά
3656 4469 3748 4521 τὸν

483 4561 609 4599 cum
636 4547 727 4616 qui
751 4563 974 4618 gressus
997 4548 1118 4617 ejus
1141 4548 1350 4620 dirigit,
1379 4559 1428 4604 et
1453 4552 1591 4604 viam
1620 4555 1732 4621 ejus
1756 4554 1908 4622 volet,
1933 4557 2061 4626 quia

2172 4553 2568 4609 κατευθύνοντα
2614 4558 2777 4611 αὐτοῦ
2827 4558 2894 4611 τά
2933 4558 3265 4631 διαδήματα,
3312 4561 3409 4614 καὶ
3451 4559 3566 4626 τὴν
3603 4559 3748 4614 ὁδὸν

485 4638 634 4694 illam
666 4639 1061 4710 approbatione
1089 4641 1309 4712 dignam
1343 4651 1497 4712 parat
1524 4661 1538 4708 ;
1575 4645 1646 4696 ita
1676 4652 1734 4698 ut
1764 4645 1885 4701 ideo
1911 4647 2061 4702 dica-

484 4737 594 4797 tur,
617 4740 672 4784 ει
702 4732 837 4784 riam
866 4732 981 4802 ejus
1009 4733 1163 4788 volet.
1190 4731 1323 4789 Cum
1351 4735 1594 4789 ceciderit
1618 4754 1721 4791 non
1749 4740 2058 4806 .collidetur,

482 4823 608 4893 quia
661 4822 918 4878 Dominus
962 4828 1204 4896 supponit
1244 4845 1459 4881 manum
1504 4846 1678 4885 suam.
1733 4829 1790 4885 Si
1843 4835 2062 4904 quando

481 4914 767 4985 contingat
801 4932 924 4971 eum
955 4919 1064 4972 labi
1100 4929 1154 4973 et
1183 4919 1237 4974 in
1269 4921 1572 4976 tentatione
1599 4923 1815 4991 cadere,
1843 4941 1911 4981 ac
1961 4928 2063 4982 im-

481 5006 793 5076 pingentem
823 5008 878 5062 in
915 5020 1199 5080 peccatum
1225 5012 1522 5083 quodpiam
1551 5031 1729 5081 ruere,
1762 5033 1874 5072 non
1905 5021 2062 5074 colli-

483 5097 644 5154 detur
691 5107 914 5169 tamen;
946 5103 1040 5158 sed
1075 5112 1135 5157 ut
1173 5120 1476 5175 generosus
1515 5107 1738 5173 athleta,
1785 5127 1912 5164 eum
1948 5112 2059 5167 vim

484 5204 780 5260 perpessus
811 5193 1152 5266 aliquantum
1183 5199 1434 5264 cesserit,
1476 5200 1765 5258 confestim
1814 5219 1935 5260 sese
1973 5221 2061 5262 re-

482 5279 668 5355 cipiet.

555 5455 721 5514 Vsus.
752 5458 844 5523 25,
881 5459 974 5514 26.
1027 5460 1223 5516 Iunior
1263 5463 1363 5528 lui,
1411 5466 1602 5518 etenim
1648 5468 1818 5533 senui,
1868 5477 1915 5522 et
1955 5486 2057 5525 non

481 5550 588 5604 vidi
616 5551 827 5620 justum
854 5553 1182 5622 derelictum,
1215 5574 1306 5612 nec
1334 5575 1505 5614 semen
1537 5559 1654 5630 ejus
1683 5577 1922 5633 querens
1961 5579 2058 5634 pa-

552 5707 594 5739 “
635 5705 771 5763 Gen.
805 5725 907 5778 xu,
944 5712 998 5768 5.
1073 5713 1119 5744 ⁷¹
1160 5713 1291 5771 ibid.

445 5936 457 5950 .
552 5853 628 5924 (i)
667 5851 872 5916 Tenus
898 5855 1127 5915 deiicere
1156 5862 1386 5918 videtur.

2167 4644 2355 4700 αὑτοῦ
2385 4648 2631 4715 θελήσει
2652 4689 2665 4712 ,
2696 4649 2966 4720 ἀποδοχῆς
2995 4651 3150 4715 ἀξίαν
3183 4649 3466 4704 ποιοῦντα·
3500 4650 3640 4703 ὥστε
3661 4650 3748 4703 λέ-

2168 4737 2382 4808 γεσθαι,
2415 4740 2523 4794 Καὶ
2557 4739 2672 4807 τὴν
2695 4741 2838 4794 ὁδὸν
2866 4740 3052 4795 αὐτοῦ
3091 4741 3352 4810 θελήσει.
3389 4744 3566 4795 Ὅταν
3587 4741 3746 4812 πέσῃ

2168 4833 2240 4885 οὐ
2295 4832 2883 4902 καταρραχθήσεται,
2945 4832 3030 4888 ὅτι
3061 4835 3280 4901 Κύριος
3353 4832 3747 4902 ἀντιστηρίζει

2170 4921 2339 4990 χεζοα
2378 4924 2585 4977 αὑτοῦ.
2615 4925 2677 4976 Ei
2720 4923 2776 4976 δὲ
2821 4924 2914 4978 καὶ
2965 4927 3151 4976 πεσεῖν
3181 4924 3338 4977 αὐτόν
3369 4941 3499 4978 ποτε
3528 4923 3747 4995 ὀλισθή-

2172 5027 2340 5064 σαντα
2387 5015 2590 5086 συμϐῇ,
2636 5016 2729 5068 καὶ
2765 5016 2821 5067 ὲν
2876 5015 3164 5086 πειρασμῴ
3212 5016 3501 5086 γενόμενος
3534 5015 3749 5088 ὀλισθή-

2171 5122 2331 5172 σειεν,
2378 5107 2614 5170 ὀκλάσας
2644 5126 2704 5160 τε
2756 5109 3020 5162 ὐποπέσοι
3059 5109 3164 5162 τινὶ
3215 5110 3589 5182 ἁμαρτήματι,
3632 5108 3746 5161 ἀλλ’

2167 5197 2227 5249 ού
2265 5199 2778 5270 καταῤῥαχθήσεται
2802 5217 2814 5229 ·
2866 5196 2954 5253 οἷα
2997 5201 3054 5254 δὲ
3085 5204 3330 5268 γενναῖος
3378 5201 3616 5271 ἀθλητὴς
3649 5201 3745 5252 ὲκ-

2169 5288 2410 5353 6ιασθεὶς
2449 5291 2544 5344 καὶ
2573 5291 2708 5361 πρὸς
2735 5291 2911 5360 ὀλίγον
2942 5291 3146 5354 ἐνδοὺς,
3182 5290 3524 5363 παραχρῆμα
3553 5289 3744 5342 ἑαυτὸν

2167 5382 2519 5453 ἀναλήψεται.

2237 5473 2532 5542 Νεώτερος
2589 5475 2905 5546 ἐγενόμην,
2968 5476 3064 5529 καί
3123 5475 3233 5546 γὰρ
3285 5474 3575 5545 ἐγήρασα,
3643 5472 3742 5526 καί

2167 5567 2278 5622 οὐκ
2301 5562 2463 5622 εἶδον
2491 5567 2726 5622 δικαιον
2773 5566 3423 5639 ἐγκαταλελειμμένον,
3478 5564 3620 5623 οὐδὲ
3677 5567 3743 5617 τὸ
