4138 6380
383 448 488 502 555

1518 445 2019 506 COMMENTARIA
2061 451 2128 507 IN
2167 445 2506 509 PSALMOS.

3545 448 3650 509 33.5

387 567 626 636 σπέρμα
657 567 1084 636 αὐτουξήῖοῦν
1139 570 1378 639 ἄρτους.
1447 571 1585 624 Ἀλλ’
1650 577 1712 627 ἐκ
1769 574 1960 628 παίδω

2073 569 2196 631 nes.’
2226 576 2268 629 Α
2297 590 2467 646 puero
2489 614 2506 640 ,
2549 575 2758 646 inquit,
2812 575 2879 630 ad
2934 580 3270 632 senectutem
3299 589 3473 646 usque
3513 575 3652 645 justi

384 660 547 731 μέχρι
616 660 803 731 γήρως
869 661 962 714 τὸν
1029 661 1126 715 τοῦ
1187 662 1394 718 δικαίου
1461 667 1966 738 περιεργασάμενος

386 751 521 820 βίον.
558 751 680 805 ’Ὁτι
707 751 827 805 οὐδὲ
855 745 935 815 εἷς
970 752 1158 822 γέγονε
1185 755 1372 826 καιρὸς
1406 754 1527 808 καθ’
1551 756 1610 809 ὃν
1643 757 1845 830 ἕρημος
1871 777 1967 812 κα-

385 843 734 897 ταλέλειπται
776 846 805 896 ὁ
853 842 1080 907 δίκαιος,
1112 845 1197 898 ἀεὶ
1247 845 1302 898 δὲ
1335 847 1602 918 πάρεδρον
1650 850 1738 905 καὶ
1774 849 1966 922 βοηθὸν

385 936 649 1006 κέκτηται
695 935 786 987 τὸν
815 934 1009 987 ἑαυτοῦ
1051 935 1271 1006 Κύριον.
1305 936 1394 989 Διό
1428 954 1620 1007 φησιν’
1671 939 1966 1008 Νεώτερος

380 1028 694 1098 ἐγενόμην,
727 1026 761 1098 ἦ
807 1027 946 1080 κατὰ
985 1027 1076 1081 τὸν
1109 1027 1424 1100 Σύμμαχον,
1472 1030 1611 1096 νέος
1651 1031 1962 1101 ἐγενόμην,

378 1121 537 1175 ἀλλὰ
587 1120 684 1174 καὶ
714 1119 1003 1189 ἐγήρασᾰ,
1040 1120 1137 1173 καὶ
1167 1124 1280 1174 οὐκ
1318 1119 1482 1175 εἶδον
1522 1122 1756 1176 δίκαιον
1794 1125 1967 1193 ἐγκαέ

379 1212 868 1282 ταλελειμμένον,
916 1213 1060 1266 οὐδὲ
1111 1215 1176 1266 τὸ
1232 1215 1471 1283 σπέρμα
1518 1217 1704 1270 αὐτοῦ
1753 1215 1966 1284 ζητοῦν

377 1306 619 1374 ἄρτους.
653 1305 761 1357 Καὶ
791 1303 908 1367 πῶς
946 1304 1056 1376 γὰρ
1085 1300 1196 1358 οἷόν
1227 1325 1284 1359 τε
1317 1303 1385 1378 ἦν
1415 1307 1474 1360 τὸ
1520 1309 1740 1380 σπέρμα
1768 1309 1861 1362 τοῦ
1889 1311 1966 1364 δι-

379 1396 536 1449 καίου
586 1395 766 1460 ἐνδεὲς
807 1396 990 1464 ἄρτων
1039 1396 1311 1464 γενέσθαι,
1346 1398 1508 1451 ὁπότε
1554 1399 1715 1461 αὐτὸς
1759 1399 1844 1453 διὰ
1875 1401 1964 1454 τὶν

378 1491 530 1560 παρὰ
577 1489 672 1542 τοῦ
721 1488 856 1542 Θεοῦ
907 1490 1310 1560 χορηγούμενον
1362 1491 1510 1562 αὐτῷ
1538 1492 1766 1546 πλοῦτον
1809 1493 1965 1560 ὅλην

378 1583 492 1652 τὴν
534 1582 762 1652 ἡμέραν
801 1583 964 1637 ἐλεεῖ
995 1584 1092 1636 καὶ
1127 1582 1414 1647 δανείζει;
1448 1587 1682 1658 Νοήσεις
1724 1585 1779 1639 δὲ
1807 1587 1964 1640 τοῦτο

377 1679 519 1729 κατὰ
567 1677 668 1747 μὲν
697 1675 793 1747 τὴν
825 1677 1065 1729 διάνοιαν
1118 1676 1326 1748 μαθὼν,
1362 1678 1464 1741 ὅτι,
1506 1678 1742 1732 τάλαντα
1782 1678 1962 1732 λαϐὼν

377 1767 530 1839 παρὰ
561 1768 656 1822 τοῦ
691 1769 1069 1823 οἰκοδεσπότου
1108 1771 1202 1823 καὶ
1248 1770 1347 1842 τὴν
1383 1772 1519 1840 μνᾶν
1553 1771 1652 1843 τὴν
1687 1771 1834 1843 παρὰ
1867 1773 1960 1826 τοῦ

376 1863 605 1933 Κυρίου,
650 1865 715 1935 τῇ
761 1864 965 1918 τούτων
1012 1865 1210 1937 χρῆται
1253 1866 1609 1937 πραγματείᾳ
1650 1866 1962 1940 πειθαρχῶν

375 1953 453 2024 τῷ
481 1956 712 2024 φήσαντι
732 1973 745 1985 ο
780 1955 936 2009 Ἔδει
967 1972 1040 2010 σε
1069 1957 1134 2009 τὸ
1168 1957 1453 2025 ἀργύριόν
1483 1976 1602 2026 μου
1625 1959 1846 2022 ,βαλεῖν
1876 1962 1962 2026 είς

375 2046 685 2114 τράπεζαν.
738 2047 815 2102 Τὰ
861 2050 1036 2119 λόγια
1076 2051 1298 2117 Κυρίου
1336 2052 1514 2120 λόγια
1559 2051 1731 2120 ἁγνὰ,
1781 2052 1962 2121 ἀργύ-

374 2156 506 2206 ριον
558 2139 1008 2209 πεπυρωμένον,
1059 2140 1333 2210 δοκίμιον
1376 2141 1451 2210 τῇ
1505 2141 1602 2212 γῇ.
1659 2145 1716 2196 Ὀ
1783 2146 1962 2198 τοίνυν

374 2233 732 2305 ἀνακείμενος
764 2237 830 2304 τῇ
861 2234 970 2288 τῶν
999 2234 1158 2294 θείων
1191 2237 1422 2307 ἀσκήσει
1447 2237 1641 2305 λόγων,
1670 2229 1762 2291 καίι
1793 2238 1963 2293 πολλὰ

374 2326 566 2396 λογικὰ
592 2328 851 2398 χρήματα
882 2312 1224 2397 συναγαγὼν,
1251 2329 1403 2383 οὐδὲν
1435 2329 1622 2402 ἕτερον
1650 2327 1758 2384 οἶδε
1789 2333 1962 2404 πράτ-

373 2435 505 2482 τειν,
537 2418 569 2490 ἢ
598 2419 686 2471 διὰ
709 2419 888 2490 πάσης
919 2421 1131 2492 ἡμέρας
1174 2420 1344 2474 ἐλεεῖν
1372 2422 1466 2475 καὶ
1494 2423 1780 2487 δανείζειν.
1804 2423 1961 2477 Κατὰ

372 2512 430 2565 δὲ
475 2512 566 2564 τὸν
617 2511 870 2576 Ἀκύλαν,
907 2513 1061 2580 ὅλην
1106 2512 1222 2579 τὴν
1269 2513 1501 2584 ἡμέραν·
1547 2514 1812 2583 δωρεῖται
1861 2516 1961 2569 καί

371 2603 650 2662 δανείζεισ
693 2608 806 2669 τοῖς
854 2605 950 2676 μὲν
991 2606 1266 2676 δωρεῖται,
1311 2609 1424 2670 τοῖς
1470 2607 1526 2660 δὲ
1566 2607 1795 2673 δανείζει
1823 2625 1836 2638 ’
1891 2609 1958 2662 τὰ

375 2698 475 2767 μὲν
498 2693 743 2767 δόγματα
783 2696 1117 2768 θεωρήματα
1154 2697 1407 2768 δωρεῖται
1432 2701 1550 2762 ταῖς
1583 2697 1692 2751 τῶν
1721 2699 1961 2772 χωρούν-

371 2805 483 2842 των
511 2790 737 2860 ψυχαῖς·
774 2790 842 2842 τὰ
881 2790 923 2842 δ’
955 2792 1012 2843 ὲν
1056 2790 1276 2860 ⁴ῐχθικαῖς
1304 2791 1548 2852 ἐντολαῖς
1589 2791 1840 2855 δανείζει,
1868 2793 1960 2846 ἐπὶ

371 2879 452 2951 τῷ
496 2882 621 2944 τοὺς
657 2881 947 2952 είληφότας
978 2882 1043 2935 δι’
1089 2881 1266 2954 ἔργων
1295 2882 1385 2935 τὸν
1417 2883 1628 2950 καρπὸν
1670 2885 1959 2938 ἀποδοῦναι

372 2973 467 3028 τοῦ
495 2974 704 3036 δάνους.
751 2971 939 3038 Οῦτως
967 2973 1171 3046 ἀκούσῃ
1198 2973 1292 3029 καὶ
1319 2972 1598 3039 Μωῦσέως
1629 2977 1960 3045 ἐπαγγελλο-

374 3067 536 3138 μένου
582 3066 693 3129 τοῖς
731 3066 838 3120 τῶν
882 3064 1040 3121 θείων
1089 3067 1270 3138 νόμων
1315 3066 1570 3136 φύλαξινο
1611 3067 1691 3131 τὸ,
1733 3069 1960 3134 ΔανιεῙς

370 3157 576 3212 ἔθνεσι
622 3159 894 3225 πολλοῖς,
940 3159 1020 3214 σὺ
1055 3155 1123 3212 δὲ
1155 3162 1227 3213 οὺ
1262 3159 1469 3213 Bai/vei.
1501 3161 1613 3213 Καὶ
1654 3160 1842 3214 τοῦτόν
1893 3178 1957 3228 γε

369 3252 462 3305 τὸν
503 3253 702 3325 τρόπον
735 3254 784 3305 οἱ
820 3251 952 3305 θεῖοι
990 3252 1278 3306 ἀπόστολοι
1316 3253 1586 3317 ἐδάνειζον
1616 3253 1794 3306 ἔθνεσι
1825 3254 1956 3307 πολ·
1985 3285 2028 3343 c

369 3346 503 3412 λοῖς,
535 3346 631 3400 καὶ
662 3346 896 3417 μάλιστά
921 3363 986 3415 γε
1017 3348 1045 3398 ὁ
1077 3345 1312 3408 Παῦλος
1349 3347 1443 3399 καὶ
1473 3345 1559 3398 διὰ
1589 3345 1745 3399 τοῦτο
1779 3347 1830 3399 οἱ
1857 3365 1959 3416 μα-

370 3437 722 3508 θητευόμενοι
750 3438 952 3505 αὐτοῖς,
978 3438 1199 3510 σπέρμα
1218 3438 1370 3502 ὄντες
1389 3437 1590 3503 αὐτῶν,
1617 3437 1957 3493 οὐδεπώποτε

372 3527 572 3591 ἐνδεεῖς
600 3522 740 3599 ἦσαν
771 3530 950 3599 ἄρτων
974 3545 988 3560 °
1027 3528 1121 3582 ἆτε
1156 3527 1222 3599 δὴ
1261 3527 1474 3598 ἔχοντες
1504 3528 1632 3592 τοὺς
1659 3528 1959 3600 χορηγοῦν-

371 3637 472 3684 τας
511 3621 692 3684 αὐτοῖς
737 3619 836 3692 τὴν
883 3619 1108 3690 λογικὴν
1147 3618 1373 3691 τροφὴν,
1408 3614 1476 3690 ἧς
1519 3620 1960 3691 μεταλαμϐάνον-

368 3729 484 3778 τες,
536 3713 809 3781 εὐλογίαις
856 3712 1210 3784 ἐπληροῦντο.
1265 3712 1355 3765 Διὸ
1402 3712 1684 3766 λέλεκται·
1731 3713 1842 3766 Καὶ
1891 3713 1958 3767 τὸ

369 3804 610 3874 σπέρμα
645 3805 833 3860 αὑτοῦ
861 3807 949 3872 είς
986 3805 1272 3876 εὐλογίαν·
1313 3804 1507 3858 ἔσται.
1538 3805 1649 3859 Καὶ
1693 3805 1833 3859 κατὰ
1870 3805 1959 3875 ψι-

368 3897 469 3968 λὴν
500 3897 556 3950 δὲ
592 3897 689 3968 τὴν
717 3896 881 3962 λέξιν.
915 3896 970 3950 εἴ
996 3913 1082 3960 τις
1121 3896 1398 3966 λογίσαιτο
1434 3899 1584 3961 ὅπως
1627 3897 1842 3970 εἴρηται
1880 3897 1958 3969 τῷ

368 3990 584 4060 Σωτῆρι
620 3990 702 4051 τὸ,
732 3990 842 4044 Καὶ
878 3990 948 4043 ἐν
976 3989 1056 4055 τῷ
1081 3989 1246 4043 αἰῶνι
1278 3991 1468 4057 τούτῳ
1513 3987 1959 4044 ἑκατονταπλα-

367 4081 550 4134 σίονα
574 4080 854 4150 λήψεται,
885 4081 1067 4153 ἔργοις
1110 4099 1170 4134 τε
1215 4082 1400 4146 αὐτοῖς
1433 4081 1688 4136 θεάσαιτο
1719 4083 1956 4156 πληρού-

372 4190 533 4244 μενον
565 4174 657 4226 τὺν
700 4174 859 4242 λόγον
909 4174 999 4228 διὰ
1047 4173 1154 4227 τῶν
1208 4173 1374 4228 αὐτοῦ
1442 4175 1720 4246 μαθητῶν,
1767 4176 1956 4246 ὄψεται

368 4263 492 4327 πῶς
513 4267 540 4317 ὁ
563 4264 770 4328 δίκαιος
794 4264 922 4334 ὅλην
955 4264 1051 4336 τὴν
1078 4265 1290 4336 ἡμέραν
1315 4265 1456 4318 ἐλεεῖ
1483 4265 1575 4319 καὶ¹
1603 4265 1856 4330 δανείζει.
1892 4268 1956 4320 Ei

367 4353 479 4426 γὰρ
508 4355 727 4408 πάντων
754 4353 866 4408 τῶν
895 4355 1260 4410 πιστευόντων
1285 4351 1354 4426 ἦν
1381 4358 1413 4425 ἡ
1458 4355 1604 4427 ψυχὴ
1638 4356 1732 4410 καὶ
1759 4359 1791 4428 ἡ
1821 4375 1957 4428 καρ·

365 4443 456 4498 δία
510 4445 628 4515 μία,
685 4445 778 4500 καὶ
821 4446 996 4510 οὐδεὶς
1045 4445 1231 4515 ἔλεγεν
1277 4446 1407 4500 ἴδιόν
1445 4464 1497 4500 τι
1551 4448 1744 4501 ἑαυτοῦ
1792 4445 1952 4510 εἶναι.

365 4537 484 4591 ἀλλ’
519 4533 588 4609 ἦν
613 4539 790 4592 πάντα
830 4542 1004 4601 κοινὰ,
1031 4541 1145 4593 ὅσοι
1180 4557 1240 4594 τε
1271 4536 1413 4613 ἦσαν
1443 4540 1624 4613 κύριοι
1655 4542 1954 4613 κτημάτων

2069 669 2234 721 vitam
2263 667 2504 723 studiose
2531 666 2790 738 perpendi
2819 686 2831 723 :
2879 667 3028 722 nullo
3061 667 3264 738 quippe
3292 675 3535 737 tempore
3559 667 3652 737 ju-

2069 767 2190 813 stus
2216 758 2504 821 deseritur,
2535 760 2628 814 sed
2663 758 2952 812 Dominum
3003 773 3162 812 suum
3206 773 3423 829 semper
3465 770 3653 814 astan-

2067 859 2176 905 tem
2205 852 2698 922 opitulatoremque
2726 850 2911 907 habet.
2945 849 3126 917 Quare
3168 852 3277 917 ait,
3313 852 3502 921 junior
3539 853 3649 922 fni,

2067 943 2182 998 sive
2212 944 2514 998 secundum
2549 943 2958 1015 Symmachum,
2984 944 3194 1013 juvenis
3217 945 3316 1014 fui,
3345 945 3436 1000 sed
3461 947 3650 1013 senui,

2064 1044 2115 1089 et
2137 1053 2240 1089 non
2272 1037 2376 1090 vidi
2399 1035 2609 1105 justum
2637 1034 2943 1088 derelictum
2965 1075 2981 1100 ,
3015 1052 3105 1088 nec
3149 1052 3323 1090 semen
3352 1036 3471 1105 ejus
3507 1053 3652 1107 qum-

2065 1141 2184 1179 rens
2212 1143 2394 1192 panes.
2429 1125 2495 1178 Et
2521 1125 2638 1195 qui,
2670 1140 2878 1194 quasso,
2903 1132 3084 1194 potest
3109 1124 3245 1193 justi
3276 1141 3462 1181 semen
3491 1141 3652 1198 egere

2065 1220 2321 1291 panibus,
2354 1219 2575 1290 quando
2613 1219 2750 1288 ipse,
2804 1217 2915 1273 Deo
2959 1218 3180 1273 divitias
3224 1218 3329 1273 sibi
3383 1219 3652 1274 submini—

2064 1321 2294 1376 strante,
2331 1321 2443 1366 tota
2467 1309 2551 1364 die
2577 1311 2856 1365 miseretur
2884 1318 2933 1364 et
2963 1311 3309 1366 commodat?
3339 1309 3464 1366 Haec
3487 1326 3653 1380 porro

2064 1406 2338 1476 intelligas
2388 1420 2450 1458 ac
2485 1411 2667 1459 mente
2714 1403 3006 1473 percipias,
3042 1404 3086 1458 si
3121 1403 3412 1459 edidiceris
3471 1405 3651 1474 ipsum

2063 1513 2186 1552 cum
2211 1498 2412 1553 talenta
2442 1511 2471 1549 a
2495 1495 2906 1566 patrel‘amilias,
2937 1501 2992 1550 et
3024 1511 3205 1550 mnam
3237 1511 3268 1550 a
3303 1495 3534 1550 Domino
3560 1511 3654 1550 ac-

2062 1589 2326 1658 cepisset,
2361 1587 2427 1643 iis
2457 1588 2525 1642 ad
2559 1587 2988 1658 negotiationem
3025 1603 3185 1643 usum
3220 1603 3376 1650 esse,
3423 1587 3654 1642 Domino

2062 1681 2529 1751 obtemperantem
2573 1679 2647 1733 ita
2677 1680 2964 1750 loquenti:
3004 1680 3253 1750 Oportuit
3287 1689 3334 1734 te
3374 1681 3652 1750 pecuniam

2063 1789 2232 1828 meam
2249 1772 2441 1842 jecisse
2471 1771 2540 1824 ad
2570 1788 2806 1825 mensam
2829 1771 2894 1825 ⁷³.
2931 1770 3157 1842 Eloquia
3179 1771 3414 1838 Domini,
3445 1772 3653 1842 eloquia

2062 1875 2234 1926 casla,
2255 1874 2529 1934 argentum
2551 1864 2668 1932 igne
2698 1865 3083 1928 examinatum,
3107 1864 3388 1934 probatum
3411 1874 3565 1920 terra:
3582 1865 3649 1921 ⁷⁸.

1995 1936 2036 1993 Β
2065 1957 2328 2027 Quisquis
2359 1956 2528 2027 igitur
2549 1956 2718 2011 divini
2755 1957 3026 2012 sermonis
3050 1959 3315 2013 exercitio
3347 1960 3649 2024 incumbit,

2063 2050 2374 2118 multasque
2427 2045 2782 2101 rationabiles
2825 2045 3046 2102 divitias
3103 2049 3350 2120 colligit,
3407 2049 3454 2105 is
3508 2050 3648 2104 nihil

2064 2141 2212 2195 aliud
2244 2156 2406 2211 agere
2441 2140 2620 2204 novit,
2662 2155 2824 2211 quam
2856 2147 2916 2194 ut
2946 2148 3060 2194 tota
3087 2141 3176 2196 die
3224 2143 3553 2198 misereatur
3597 2151 3652 2199 et

2062 2232 2394 2287 commodet.
2425 2229 2736 2285 Secundum
2785 2229 3039 2301 Aquilam
3077 2248 3208 2287 vero
3233 2272 3248 2297 ,
3296 2243 3408 2288 tota
3438 2234 3522 2288 die
3554 2235 3650 2289 dat

2061 2334 2111 2379 et
2144 2323 2480 2378 commodat:
2509 2323 2632 2378 aliis
2670 2322 2890 2393 quidem
2946 2323 3080 2389 dat,
3130 2326 3251 2380 aliis
3285 2334 3466 2381 autem
3499 2342 3652 2381 com~

2062 2416 2285 2484 modat;
2319 2417 2572 2487 dogmata
2603 2415 2668 2469 ad
2719 2418 3148 2487 speculationem
3195 2417 3288 2472 dat
3318 2417 3388 2475 iis
3413 2434 3649 2490 quorum

2061 2523 2292 2578 capaces
2326 2509 2520 2562 animae
2551 2516 2708 2574 sunt;
2747 2509 2973 2563 moralia
3011 2518 3281 2581 praecepta
3311 2511 3645 2574 commodat,

2063 2613 2123 2655 ut
2155 2603 2248 2672 qui
2284 2601 2636 2672 acceperint,
2700 2609 2892 2657 mutuo
2930 2604 3141 2673 accepti
3198 2603 3437 2658 fructum
3469 2605 3652 2674 operi.

2060 2695 2164 2751 bus
2193 2695 2443 2750 reddant.
2483 2695 2575 2750 Sic
2605 2695 2797 2750 audias
2832 2694 3070 2766 Moysem
3112 2695 3420 2750 divinarum
3467 2697 3649 2766 legum

2060 2788 2364 2843 cultoribus
2428 2788 2534 2842 hoc
2593 2789 2995 2858 pollicentem:
3046 2786 3357 2842 Foenerabis
3406 2787 3647 2857 gentibus

2062 2883 2265 2944 multis,
2299 2890 2348 2936 et
2381 2891 2436 2934 tu
2486 2899 2588 2936 non
2644 2883 2794 2951 fenus
2845 2883 3067 2951 accipies
3107 2883 3175 2935 ⁷⁵.
3242 2880 3308 2934 Et
3355 2896 3422 2937 eo
3459 2882 3649 2951 utique

2060 2975 2222 3029 modo
2259 2973 2429 3028 divini
2466 2975 2700 3044 apostoli
2733 2976 3079 3030 frenerabant
3112 2976 3370 3046 gentibus
3413 2977 3602 3031 multis
3629 3011 3647 3042 ,

2060 3066 2406 3136 maximeque
2437 3065 2640 3121 Paulus
2682 3085 2696 3121 :
2742 3082 2914 3137 quare
2961 3067 3221 3138 discipuli
3268 3083 3459 3122 eorum
3487 3108 3502 3132 ,
3547 3070 3644 3137 qui

2063 3175 2250 3215 semen
2289 3160 2531 3230 ipsorum
2575 3169 2754 3223 erant,
2786 3177 3068 3232 nunquam
3104 3162 3334 3231 egebant
3369 3162 3604 3232 panibus
3629 3203 3646 3226 ,

2061 3261 2249 3322 utpote
2277 3253 2477 3323 quibus
2501 3254 2760 3309 adessent
2780 3255 2872 3324 qui
2897 3255 3273 3310 rationabilem
3304 3256 3487 3309 cibum
3511 3267 3647 3324 sup~

2061 3343 2365 3413 peditarent
2396 3362 2408 3397 :
2448 3344 2606 3413 cujus
2642 3345 2940 3414 participes
2968 3360 3095 3399 cum
3149 3352 3368 3408 essent,
3424 3344 3649 3400 benedi-

2061 3437 2336 3492 ctionibus
2367 3437 2739 3506 replebantur.
2770 3435 3137 3503 Quamobrem
3167 3437 3374 3491 dictum
3409 3447 3526 3499 est,
3576 3434 3650 3490 Et

2060 3545 2234 3583 semen
2256 3529 2368 3597 ejus
2391 3531 2446 3583 in
2470 3528 2826 3584 benedictione
2863 3530 2985 3584 erit.
3037 3528 3094 3584 Si
3127 3529 3253 3599 quis
3287 3541 3417 3583 vero
3445 3542 3647 3582 secun-

2059 3621 2188 3676 dum
2229 3623 2429 3677 nudam
2479 3623 2766 3678 lectionem
2816 3637 3001 3678 secum
3050 3621 3384 3691 reputaverit
3413 3636 3518 3690 qua
3552 3635 3646 3674 ra—

2059 3714 2208 3768 tione
2248 3729 2278 3767 a
2309 3711 2590 3768 Salvatore
2623 3715 2969 3778 dictum-sit,
3008 3711 3073 3766 In
3114 3713 3210 3766 hoc
3236 3713 3432 3767 δαευιιίο
3465 3720 3646 3766 centu-

2058 3805 2205 3874 plum
2234 3806 2444 3874 recipiet
2471 3805 2540 3869 ⁷⁸,
2566 3820 2792 3876 remque
2841 3821 3006 3876 opere
3045 3821 3143 3876 per
3189 3805 3311 3873 ejus
3343 3805 3646 3874 discipulos

2059 3897 2466 3967 comprobatam
2521 3897 2760 3962 viderit,
2833 3898 2880 3952 is
2937 3912 3070 3952 sane
3119 3895 3489 3966 deprehendet
3536 3913 3647 3966 quo

2059 3997 2222 4058 pacto
2244 3987 2430 4057 justus
2457 3995 2572 4041 tota
2595 3987 2685 4042 die
2715 3987 3042 4042 misereatur
3073 3995 3128 4042 et
3155 3986 3485 4042 commodet.
3508 3985 3646 4040 Nam

2059 4079 2105 4136 si
2133 4079 2377 4134 omnium
2412 4078 2651 4134 ﬁdelium
2682 4094 2779 4133 cor
2805 4094 2974 4134 unum
3014 4086 3069 4134 et
3121 4079 3304 4134 anima
3337 4093 3444 4133 una
3481 4088 3643 4142 erat,

2057 4173 2355 4242 nullusque
2385 4172 2602 4226 dicebat
2632 4171 2735 4226 sibi
2768 4173 2899 4241 quid
2929 4171 3210 4242 proprium
3243 4186 3389 4235 esse,
3425 4169 3515 4224 sed
3539 4187 3648 4225 omo

2059 4259 2150 4311 nia
2176 4266 2328 4312 erant
2377 4259 2701 4321 communia,
2734 4265 2790 4312 et
2820 4265 3090 4327 quotquot
3119 4271 3470 4326 possessores
3501 4271 3646 4326 prae.

2057 4350 2274 4406 diorum
2304 4359 2483 4414 erant,
2513 4349 2813 4404 vendentes
2845 4351 3122 4419 ponebant
3167 4357 3293 4404 ante
3321 4350 3487 4420 pedes
3515 4365 3648 4420 apt:—

2058 4449 2348 4513 stolorum,
2381 4447 2810 4517 dividebantque
2856 4447 3089 4517 singulis
3120 4455 3278 4516 prout
3305 4448 3490 4516 cuique
3515 4463 3644 4512 opus

2055 4549 2168 4594 erat
2199 4540 2278 4603 '7;
2314 4537 2666 4594 manifestum
2695 4555 2828 4594 sane
2860 4547 2944 4593 est
2983 4541 3132 4610 ipsos
3167 4547 3280 4593 Iota
3309 4540 3398 4593 die
3444 4539 3644 4594 miser-

366 4630 772 4700 πιπράσκοντες
804 4628 1052 4686 ἐτίθεσαν
1078 4633 1229 4702 παρὰ
1244 4635 1373 4696 τοὺς
1396 4633 1564 4697 πόδας
1592 4633 1699 4686 τῶν
1720 4635 1952 4687 ἀποστό-

2059 4641 2144 4686 tos
2176 4647 2300 4686 esse
2325 4638 2379 4684 et
2409 4632 2806 4686 commodasse.

365 4720 495 4784 λων,
526 4721 603 4773 διε
611 4721 830 4791 μέριζόν
846 4739 905 4775 τε
929 4720 1162 4795 ἑκάστῳ,
1197 4723 1384 4778 καθότι
1414 4724 1479 4779 ἄν
1499 4741 1584 4784 τις
1609 4726 1797 4796 χρείαν
1820 4721 1954 4797 εἶχε⁶
1975 4725 2131 4797 δῆλον
2159 4725 2311 4786 ὅπως
2334 4723 2461 4795 ὅλην
2482 4724 2582 4796 τὴν
2615 4726 2825 4796 ἡμέραν
2851 4717 2995 4776 οὗτοι
3025 4723 3216 4794 ἠλέουν
3236 4724 3330 4776 καὶ
3353 4721 3642 4786 ὲδάνειζον.

442 4843 764 4895 Ἐκκλινον
805 4841 924 4897 ἀπὸ
974 4843 1184 4908 κακοῦ,
1235 4843 1335 4898 καὶ
1386 4845 1648 4914 ποίησον
1699 4847 1945 4916 ἀγαθόν.

377 4929 782 5002 Ἑλευθερὼσας
829 4933 1051 4986 σεαυτὸν
1099 4935 1281 5006 πάσης
1327 4936 1544 5002 κακίας,
1573 4937 1664 4989 ἐπὶ
1713 4939 1794 4990 σοὶ
1842 4939 1950 5009 γάρ

365 5025 484 5077 ἐστι
512 5024 689 5089 τοῦτο,
725 5026 818 5079 καὶ
854 5025 1133 5098 βουληθεὶς
1177 5027 1417 5100 δυνήσῃο
1461 5029 1524 5081 οὐ
1571 5029 1677 5100 μὴν
1725 5029 1825 5100 ἤδη
1861 5031 1950 5083 τέ-

363 5115 509 5180 λειος
542 5117 639 5189 ἔσῃ
681 5117 840 5171 τοῦτο
869 5117 1101 5190 πράξας,
1129 5122 1176 5172 εἰ
1229 5120 1303 5190 μὴ
1337 5121 1431 5174 καὶ
1473 5120 1533 5174 τὸ
1566 5118 1818 5193 δεύτερόν
1870 5140 1952 5176 σοι

369 5207 570 5285 παρείη
598 5226 610 5240 ·
641 5207 798 5262 τοῦτο
823 5210 866 5263 δ’
895 5211 1013 5264 ἐστὶ
1039 5208 1100 5263 τὸ
1122 5210 1448 5282 ἐργάζεσθαι
1474 5211 1534 5264 τὸ
1561 5211 1782 5279 ἀγαθόν.
1809 5211 1953 5285 Πρὸς

362 5283 566 5370 γὰρτὸ
603 5298 676 5370 μὴ
707 5299 960 5353 κλέπτειν
985 5303 1252 5372 προσήκει
1281 5319 1340 5354 σε
1379 5299 1472 5354 καὶ
1502 5301 1610 5354 τῶν
1645 5302 1750 5355 σῶν
1781 5283 1956 5375 ὑπαρ-

360 5392 570 5464 χόντων
617 5397 729 5458 τοῖς
777 5394 1052 5464 δεομένοις
1095 5396 1372 5449 κοινωνεῖν
1395 5413 1407 5426 ·
1454 5397 1548 5450 καὶ
1596 5395 1732 5468 πρὸς
1770 5397 1831 5451 τὸ
1878 5397 1951 5468 μὴ

361 5484 732 5548 πλεονεκτεῖν,
763 5487 970 5559 ἕτερον,
1001 5487 1063 5540 τὸ
1105 5488 1199 5542 καὶ
1246 5489 1554 5560 εὐεργετεῖν
1594 5492 1720 5555 τοὺς
1755 5490 1948 5562 δεομέ-

357 5595 488 5642 νους
511 5596 526 5609 ⁸
556 5579 650 5632 καὶ
675 5578 811 5651 πρὸς
834 5579 896 5633 τὸ
925 5581 1123 5644 κακίας
1154 5579 1475 5653 ἀπέχεσθαι,
1505 5583 1565 5636 τὸ
1615 5583 1700 5638 καὶ
1728 5583 1950 5656 ἐτέρους

357 5671 474 5726 ἀπὸ
512 5671 708 5735 κακίας
745 5671 990 5744 ῥύεσθαι.
1039 5673 1206 5728 Ἐπὰν
1245 5673 1300 5727 δὲ
1342 5673 1512 5728 ταῦτα
1560 5677 1808 5746 ποιήσῃς,
1844 5693 1947 5730 κα-

359 5762 698 5830 τασκήνου,
745 5764 932 5836 φησὶν,
971 5766 1056 5831 είς
1097 5765 1283 5820 αίῶνα
1325 5765 1557 5834 αἰῶνος.
1621 5766 1762 5820 ’Λνθ’
1813 5758 1874 5820 οὗ
1923 5769 1950 5821 ό

2127 4842 2296 4900 Vsus.
2330 4843 2560 4900 27-29.
2615 4843 2840 4897 Declina
2891 4859 2924 4896 a
2967 4841 3140 4908 malo,
3178 4851 3228 4896 et
3281 4840 3369 4910 [ac
3430 4839 3642 4898 bonum.

2059 4938 2197 4995 Cum
2232 4947 2287 4994 te
2321 4939 2389 4994 ab
2415 4937 2566 4994 omni
2605 4937 2812 4992 malitia
2843 4935 3145 4999 exemeris,
3199 4950 3367 5005 penes
3411 4939 3465 4988 te
3499 4933 3643 4988 enim

2056 5029 2192 5087 illud
2221 5039 2340 5094 est,
2372 5038 2426 5086 et
2459 5031 2506 5086 si
2538 5031 2672 5086 velis
2701 5026 2904 5100 poteris
2931 5047 2945 5095 ;
2991 5043 3101 5083 non
3134 5026 3352 5092 statim,
3383 5027 3488 5082 hoc
3520 5042 3646 5095 per-

2061 5134 2203 5189 acto,
2241 5121 2518 5195 perfectus
2550 5123 2680 5189 eris,
2709 5121 2813 5177 nisi
2843 5121 2991 5176 aliud
3023 5119 3327 5177 secundum
3371 5107 3642 5182 adfuerit,

2062 5218 2118 5274 id
2145 5227 2256 5280 est,
2304 5224 2364 5271 ut
2399 5215 2571 5271 facias
2601 5214 2828 5271 bonum.
2882 5208 3016 5267 Nam
3079 5220 3442 5286 praeterquam
3497 5213 3644 5283 quod

2061 5307 2234 5362 furari
2292 5321 2403 5360 non
2453 5305 2608 5369 licet,
2656 5305 2911 5358 convenit
2949 5304 3112 5359 etiam
3162 5319 3287 5357 cum
3353 5305 3642 5382 egentibus

2060 5399 2200 5454 bona
2230 5412 2328 5453 sua
2357 5393 2800 5462 communicare;
2834 5410 2899 5448 ac
2931 5401 3294 5464 praeterquam
3328 5394 3475 5464 quod
3511 5409 3643 5449 ava-

2057 5506 2178 5544 rum
2213 5505 2336 5544 esse
2370 5504 2476 5543 non
2503 5494 2749 5558 Oportet,
2790 5486 2938 5540 aliud
2989 5486 3322 5556 requiritur,
3367 5495 3426 5541 ut
3454 5487 3642 5557 egenis

2059 5580 2325 5638 beneﬁcia
2379 5586 2743 5653 prtestentur;
2797 5593 2862 5633 ac
2922 5587 3120 5648 praeter
3171 5577 3558 5634 abstinentiam
3607 5594 3639 5634 a

2059 5676 2241 5738 malis,
2267 5690 2408 5744 Opus
2429 5680 2514 5730 est
2542 5681 2594 5728 et
2627 5673 2762 5728 alios
2792 5687 2823 5725 a
2844 5671 3004 5727 malis
3032 5686 3248 5727 eruere.
3277 5671 3414 5726 Cum
3456 5676 3640 5727 autem

2059 5767 2176 5823 haec
2201 5768 2402 5840 egeris,
2434 5765 2705 5833 inhabile,
2761 5764 2970 5836 inquit,
3023 5765 3078 5819 in
3134 5765 3382 5833 circulum
3435 5765 3638 5822 surculi.

465 5918 510 5950 ’³
549 5915 681 5976 Luc.
717 5936 845 5986 χιιι,
882 5920 973 5976 23.
1052 5922 1097 5956 τι
1135 5922 1278 5981 Psal.
1314 5940 1401 5990 xl,
1439 5924 1488 5980 7.
1567 5924 1610 5958 ⁷⁸
1649 5921 1808 5982 Deut.
1843 5938 1948 5989 xv,

2078 5922 2158 6003 -"
2188 5920 2378 5981 Matth.
2413 5940 2504 5980 xxx
2524 5963 2538 5997 ,
2568 5920 2659 5982 39.
2735 5927 2779 5961 τ’
2819 5925 2940 5982 Αεῑο
2977 5941 3053 5992 ιν,
3086 5924 3276 5981 δῖοδδσ
