4094 6378
454 491 560 546 335

1121 478 1389 536 EUSEBII
1439 472 1921 533 CESARIENSIS
1956 471 2108 529 OPP.
2156 468 2336 526 PARS
2371 466 2462 522 111.
2502 495 2571 506 ——
2607 456 3017 516 EXEGETICA.

3596 443 3701 498 5'56

456 608 564 662 Pro
602 619 710 676 quo
756 602 1115 674 Symmacnus
1147 598 1353 660 edidit,
1408 597 1474 651 Et
1503 598 1732 668 quiesces
1766 597 1820 650 in
1870 610 2026 649 smcu-
2055 649 2056 654 η

2159 591 2420 662 ξύμμαχος
2483 584 2731 650 ἐξέδωκε,
2799 578 2910 632 Καὶ
2972 574 3296 645 ήρεμήσεις
3356 571 3443 676 είς
3492 564 3699 676 αἰῶνα·

458 698 587 753 lum.
624 681 813 748 Hic'te
840 689 1050 745 scilicet
1090 695 1273 743 manet
1319 687 1444 742 linis
1476 697 1678 741 mterna
1717 687 1846 740 vita.
1896 685 2029 739 Nam

458 802 580 843 cum
613 783 877 839 Dominus
898 782 1066 851 judex
1092 781 1182 843 sit,
1219 787 1363 833 amat
1388 778 1686 849 judicium,
1724 788 1902 833 etnon
1938 777 2031 830 de—

460 879 713 948 relinquet
747 884 957 930 sanctos
986 889 1131 938 suos,
1162 873 1256 928 sed
1289 872 1344 925 in
1388 879 1651 925 aeternum
1684 870 2032 925 conservabit

461 982 575 1023 eos.
610 964 806 1035 lujusti
853 965 1138 1035 punientur
1186 973 1236 1017 et
1281 979 1453 1017 semen
1488 962 1767 1031 impiorum
1820 961 2029 1029 peribit.

448 1057 607 1112 Justi
645 1068 837 1110 autem-
868 1054 1253 1109 hwreditabunt
1304 1065 1499 1109 terram
1522 1094 1537 1118 ,
1584 1062 1633 1108 et
1668 1052 2034 1107 inhabitabant

463 1149 518 1201 in
562 1147 813 1201 sa'culum
870 1147 1054 1200 swculi
1104 1161 1259 1214 super
1307 1162 1423 1199 eam
1465 1161 1484 1199 :
1533 1154 1929 1215 consequenter
1968 1145 2033 1198 ad

442 1238 745 1308 praemissa
766 1236 943 1300 ducet,
971 1236 1186 1306 iniquos
1223 1237 1314 1307 qui
1349 1244 1673 1306 praeceptum
1712 1250 1820 1288 non
1852 1249 2036 1289 serva—

450 1330 577 1383 ,rint
611 1342 829 1398 poenam
871 1328 1096 1382 daturos
1138 1337 1435 1382 aeternam:
1482 1341 1545 1381 ac
1579 1325 2035 1396 quemadmodum

444 1419 599 1490 justi
648 1435 835 1475 semen
864 1419 920 1473 in
962 1419 1341 1475 benedictione
1388 1418 1631 1473 futurum
1675 1434 1799 1474 esse
1833 1419 2037 1473 dictum

444 1516 594 1578 est;
636 1510 711 1563 ita
740 1527 913 1566 semen
931 1512 1212 1581 impiorum
1244 1510 1452 1579 peribit.
1487 1507 1628 1565 Justi
1652 1525 1779 1566 vero
1806 1509 2039 1579 promis-

469 1618 587 1657 sam
611 1604 833 1658 mitibus
860 1613 1062 1658 terram
1089 1603 1407 1659 htereditate
1439 1604 1740 1673 accipient,
1780 1613 1834 1659 et
1880 1601 2037 1657 inha-

453 1695 721 1749 bitabunt
746 1696 801 1750 in
835 1711 899 1751 ea
930 1696 983 1751 in
1018 1696 1275 1751 saeculum
1306 1695 1510 1751 saeculi.
1536 1694 1893 1750 Commodum
1927 1694 2042 1749 haec

450 1787 793 1857 :plerumque
844 1802 1024 1842 sermo
1062 1787 1389 1857 pollicetur,
1442 1786 1875 1856 repetitioneque
1922 1802 2046 1858 pro-

476 1879 644 1934 missa
678 1878 966 1934 conﬁrmat
998 1896 1013 1933 :
1050 1880 1165 1933 vult
1198 1878 1346 1933 enim
1400 1894 1502 1935 nos
1536 1877 1755 1933 assidue
1784 1878 1850 1933 iis
1881 1877 1937 1931 in
1964 1876 2046 1931 di-

2132 658 2300 737 Τούτο
2331 658 2437 751 γὰρ
2467 676 2747 749 περιμένει
2782 690 2842 726 σε
2874 672 2934 725 τὸ
2964 669 3115 733 τέλος
3146 666 3248 737 τῆς
3280 662 3495 718 αἰωνίου
3537 658 3700 751 ζωῆς.

2132 749 2389 847 Κριτικὸς
2411 749 2540 842 νγὰρ
2573 767 2647 821 ὢν
2680 768 2708 818 6
2746 764 2951 835 Κύριος
2991 755 3191 830 ἀγαπᾷ
3220 755 3442 847 κρίσι-ν,
3467 749 3564 847 καὶ
3594 749 3705 847 oux

2131 838 2547 938 ἐγκαταλείψει
2594 858 2734 924 τοὺς
2786 857 2994 919 ὁσίους
3040 848 3277 938 αὑτοῦ,
3309 844 3419 899 ἀλλ’
3453 843 3561 938 μείς
3614 838 3705 892 τὸν

2133 933 2306 1011 αίῶνα
2334 954 2529 1015 αὐτοὺς
2558 947 2891 1019 διαφυλάξει.
2923 947 3156 1011 Ἀνομοι
3186 933 3704 1001 ἐκδικηθήσονται,

2134 1049 2230 1103 καὶ
2283 1046 2520 1115 σπέρμα
2563 1040 2796 1097 ἀσεϐῶν
2848 1030 3430 1102 ἑξολοθρευθήσεται.
3490 1025 3708 1077 Δίκαιοι

2134 1142 2203 1195 δὲ
2226 1135 2752 1208 κληρονομήσουσι
2782 1132 2897 1199 τὴν
2921 1127 3054 1196 γῆν,
3087 1124 3184 1177 καὶ
3217 1116 3709 1184 κατασκηνὼσου-

2136 1247 2240 1287 σιν
2269 1233 2356 1296 είς
2391 1227 2571 1281 αἰῶνα
2612 1224 2827 1287 αἰῶνος
2869 1219 2960 1273 ἐπ’
3001 1215 3191 1283 αὐτῆς
3212 1230 3224 1243 ·
3261 1209 3566 1270 ἀκολούθως
3596 1208 3708 1267 τοῖς

2139 1320 2555 1395 προειρημένοις
2597 1317 2858 1375 διδάσκει,
2909 1313 2990 1365 ὅτι
3032 1310 3081 1362 οἱ
3126 1307 3200 1379 μὴ
3234 1305 3295 1358 τὸ
3343 1299 3711 1395 παράγγελμα

2138 1414 2471 1485 φυλάξαντες
2528 1410 2715 1479 ἄνομοι
2774 1406 2929 1474 δίκην
2986 1400 3245 1456 δώσουσιν
3304 1395 3520 1450 αἰώνιον
3544 1409 3555 1424 ο
3619 1390 3712 1444 καὶ

2138 1484 2326 1577 ὥσπερ
2358 1504 2451 1558 τοῦ
2494 1502 2701 1557 δικαίου
2735 1499 2795 1552 τὸ
2826 1496 3047 1567 σπέρμα
3088 1495 3166 1556 εἰς
3211 1488 3460 1557 εὐλογίαν
3493 1484 3711 1537 ἔσεσθαι

2140 1597 2377 1666 ἐλέγετο,
2408 1594 2578 1657 οὕτως
2604 1591 2720 1646 τῶν
2752 1587 2985 1644 ἀσεϐῶν
3010 1585 3076 1638 τὸ
3115 1578 3351 1650 σπέρμα
3369 1578 3714 1643 ἐξολοθρευ-

2142 1687 2406 1754 θήσεται.
2433 1687 2494 1738 Οἱ
2516 1684 2571 1738 δὲ
2600 1683 2795 1736 δίκαιοι
2817 1680 2915 1751 τὴν
2938 1674 3354 1749 ἐπηγγελμένην
3380 1673 3491 1733 τοῖς
3515 1667 3714 1739 πραέσι

2144 1777 2610 1848 κληρονομήσουσι
2639 1773 2761 1842 γῆν,
2799 1772 2892 1824 καὶ
2926 1764 3436 1836 κατασκηνώσουσιν
3470 1763 3527 1813 ἐν
3575 1760 3712 1829 αὐτῇ

2145 1869 2224 1932 είς
2252 1868 2420 1921 αἰῶνα
2446 1865 2658 1928 αἰῶνος.
2697 1861 2977 1930 Ἐπίτηδες
2998 1859 3053 1911 δὲ
3077 1856 3246 1910 ταῦτα
3269 1852 3524 1914 πολλάκις
3547 1852 3717 1917 ἐπαγ-

477 1970 583 2025 ctis
611 1971 838 2037 versari,
868 1985 1041 2041 eaque
1074 1971 1345 2036 meditari,
1377 1985 1441 2026 ac
1482 1969 1526 2026 si
1565 1969 1939 2025 rationabilem
1968 1968 2049 2023 ci-

2159 1959 2392 2028 γέλλεται
2424 1960 2452 2011 6
2489 1957 2663 2025 λόγος,
2696 1952 2925 2025 βεϐαιῶν
2953 1950 3041 2003 διὰ
3073 1950 3172 2021 τῆς
3201 1943 3591 2015 ἐπαναλήψεως
3619 1940 3717 2003 τὰς

478 2062 609 2117 bum
639 2063 1040 2131 manderemus,
1065 2064 1132 2118 ad
1170 2063 1613 2118 distributionem
1646 2061 1813 2133 probe
1841 2074 2046 2116 conco-

451 2156 547 2211 καί
576 2156 633 2212 in
664 2156 843 2211 anima
870 2166 1057 2213 nostra
1088 2156 1215 2211 cibi.

550 2422 716 2480 Vens.
787 2423 857 2480 50
888 2452 913 2465 ο
948 2425 1042 2479 55.
1109 2421 1181 2478 0s
1234 2422 1373 2492 justi
1444 2419 1783 2475 meditabitur
1839 2418 2049 2487 sapien—

460 2518 632 2580 xtiam,
678 2526 729 2572 et
775 2517 955 2587 lingua
1010 2516 1126 2584 ejus
1186 2516 1424 2585 loquetur
1465 2513 1751 2583 judicium.
1797 2510 1907 2565 Lex
1956 2509 2052 2562 Dei

461 2609 593 2679 :ejus
626 2611 681 2663 in
714 2606 869 2662 co'rde
901 2609 1089 2678 ipsius,
1119 2617 1167 2661 et
1202 2624 1305 2661 non
1335 2596 1814 2676 supplantabuntur
1844 2618 2052 2674 gressus

477 2701 614 2770 ejus.
647 2700 958 2757 Considerat
992 2710 1234 2770 peccator
1277 2701 1505 2769 justum,
1536 2708 1585 2752 et
1607 2699 1797 2769 quierit
1824 2696 2053 2765 mortiﬁ—

463 2810 603 2847 -care
636 2810 774 2847 eum.
832 2792 1087 2847 Dominus
1133 2800 1309 2845 autem
1351 2808 1454 2845 non
1494 2790 1814 2860 derelinquet
1855 2805 1971 2841 eum
2002 2788 2056 2841 in

468 2885 725 2939 manibus
761 2884 908 2954 ejus,
970 2901 1059 2940 uec
1111 2884 1385 2938 damnabit
1421 2900 1539 2938 eum
1569 2898 1686 2936 cum
1724 2880 2057 2951 judicabitur

468 2977 583 3031 illi.
627 2974 683 3031 In
712 2975 1081 3032 admonitione
1120 2977 1437 3047 persistens,
1467 2974 1713 3029 hortatur
1742 2988 1840 3027 nos
1868 2980 1928 3026 ut
1971 2971 2059 3041 ju—

470 3068 554 3123 ~sti
581 3068 926 3123 aemulatores
977 3070 1182 3130 simus,
1218 3067 1446 3135 ejusque
1480 3064 1703 3120 divitias
1754 3070 2056 3118 enumerat.

440 3227 447 3233 1
483 3158 565 3213 Ad
599 3173 662 3214 ea
690 3159 835 3214 enim
870 3175 991 3229 quae
1014 3174 1178 3229 supra
1202 3158 1348 3212 dicta
1387 3165 1536 3222 sunt,
1568 3155 1684 3211 haec
1714 3155 1937 3225 insuper
1968 3170 2061 3224 pe-

476 3266 584 3306 nes
615 3266 741 3306 eum
789 3260 956 3319 sunt;
1001 3267 1197 3323 magno
1231 3251 1382 3305 illum
1414 3249 1578 3313 Deus,
1606 3249 1880 3304 hominem
1911 3247 2057 3310 licet.

2150 2049 2488 2120 ὑποσχέσεις,
2535 2048 2681 2118 ἡμᾶς
2724 2061 2783 2097 τε
2836 2041 3156 2113 βουλόμενος
3206 2034 3557 2105 ἐνδιατρίϐειν
3605 2034 3718 2093 τοῖς

2147 2141 2328 2202 αὐτοῖς
2361 2138 2536 2206 λόγοις
2572 2135 2666 2189 καὶ
2707 2131 3081 2203 καταμελετᾷν
3123 2128 3336 2191 αὐτοὺς,
3365 2122 3564 2177 ὡσανεὶ
3594 2138 3719 2192 τρο-

2150 2228 2254 2299 φὴν
2281 2226 2504 2297 λογικὴν
2540 2224 2913 2296 μασωμένους,
2943 2221 3022 2284 είς
3046 2219 3294 2272 ἀνάδοσιν
3317 2216 3412 2286 τῆς
3442 2212 3583 2267 κατὰ
3621 2210 3721 2282 τὴν

2146 2322 2325 2393 ψυχὴν
2358 2319 2513 2391 ἡμῶν
2541 2315 2819 2386 εύπεψίας.

2221 2412 2415 2478 Στόμα
2480 2408 2712 2461 δικαίου
2786 2400 3108 2473 μελετήσει
3176 2398 3399 2466 σοφίαν
3430 2435 3445 2460 ,
3515 2394 3614 2449 καί
3682 2393 3720 2461 ή

2151 2499 2401 2571 γλῶσσα
2455 2495 2642 2551 αὑτοῦ
2692 2493 2953 2561 λαλήσει
2999 2493 3221 2560 κρίσιν.
3283 2491 3334 2541 Ὁ
3387 2490 3571 2557 νόμος
3616 2488 3722 2542 τοῦ

2154 2591 2301 2647 Θεοῦ
2341 2590 2527 2645 αὑτοῦ
2553 2591 2622 2643 ἐν
2653 2588 2867 2655 καρδίᾳ
2894 2584 3101 2647 αὑτοῦ,
3130 2583 3225 2637 καὶ
3258 2584 3370 2650 οὐχ
3397 2582 3724 2635 ὑποσκελι-

2152 2682 2444 2748 σθήσεται
2474 2678 2545 2732 τὰ
2574 2679 2905 2747 διαδήματα
2924 2675 3130 2730 αὐτοῦ.
3166 2672 3457 2728 Κατανοεῖ
3481 2676 3512 2725 ὀ
3541 2672 3722 2740 ἀμαρ-

2154 2774 2341 2840 τωλὸς
2372 2772 2480 2827 τὸν
2513 2770 2897 2834 δίκαιον,”καὶ
2929 2765 3085 2836 ζητεῖ
3107 2766 3210 2820 τοῦ
3247 2762 3581 2821 θανατῶσαι
3619 2765 3725 2816 αὑ-
3780 2770 3787 2773 ’

2154 2868 2278 2920 τόν.
2336 2866 2387 2918 '0
2422 2864 2489 2917 δὲ
2517 2865 2728 2931 Κύριος
2767 2863 2838 2915 οὐ
2873 2859 2959 2930 μὴ
3003 2857 3369 2929 ἐγκαταλίπῃ
3410 2855 3597 2909 αὑτὸν
3640 2856 3728 2919 εἰς

2155 2958 2262 3021 τὰς
2286 2954 2485 3023 χεῖρας
2510 2953 2716 3015 αὑτοῦ,
2750 2949 2874 3003 οὐδ’
2908 2951 2979 3003 οὺ
3011 2948 3097 3018 μὴ
3131 2943 3597 3011 καταδικάσηται
3622 2946 3728 2996 αὑ-

2158 3046 2264 3101 τὸν
2297 3046 2442 3099 ὅταν
2477 3045 2745 3113 κρίνηται
2787 3041 2964 3108 αὐτῷ.
3010 3038 3313 3109 Ἑπιμένων
3341 3040 3406 3109 τῇ
3437 3036 3531 3090 τοῦ
3570 3035 3728 3105 λόγου

2160 3139 2465 3211 προτροπῇ,
2506 3136 2749 3208 ζηλωτὰς
2788 3137 2821 3205 ἡ
2832 3135 2936 3205 μᾶς
2956 3131 3197 3201 γίνεσθαι
3229 3128 3322 3181 τοῦ
3351 3129 3558 3183 δικαίου
3586 3145 3725 3199 παρ-

2161 3231 2338 3302 ορμᾷ,
2400 3229 2491 3281 τὸν
2534 3225 2759 3280 πλοῦτον
2802 3223 2964 3279 αὐτοῦ
3017 3222 3538 3293 καταριθμούμενος.
3588 3219 3731 3290 Πρὸς

480 3359 712 3400 munere
731 3343 972 3409 donavit,
996 3360 1121 3399 cum
1176 3358 1316 3400 vene
1356 3343 1636 3414 sapientiae
1692 3343 2055 3413 cognitionem

2161 3324 2267 3394 γὰρ
2300 3324 2411 3385 τοῖς
2443 3319 2751 3393 εἰρημένοις
2791 3318 2871 3371 ἔτι
2918 3319 3012 3371 καὶ
3059 3315 3229 3368 ταῦτα
3263 3314 3410 3383 αὐτῷ
3438 3313 3730 3383 πρόσεστιο

482 3436 703 3493 indidit.
747 3434 1024 3507 Sapientia
1059 3436 1258 3507 quippe
1302 3443 1387 3492 est
1418 3434 1729 3491 divinorum
1765 3443 1819 3489 et
1868 3434 2062 3488 huma-

484 3544 683 3583 norum
720 3529 971 3592 scientia,
1003 3544 1100 3597 per
1133 3544 1296 3599 quam
1321 3528 1503 3584 omnia
1538 3531 1678 3582 iacta
1718 3537 1846 3583 sunt
1879 3543 1893 3579 :
1944 3542 2064 3581 oni-

488 3623 579 3674 nla
611 3622 811 3690 quippe
842 3620 898 3674 in
933 3620 1198 3689 sapientia
1226 3619 1355 3677 fecit
1382 3621 1448 3674 ⁷⁸.
1487 3620 1691 3690 Estque
1736 3620 1854 3690 ipsa
1878 3660 1892 3684 ,
1917 3617 2061 3689 quod

489 3710 546 3764 in
582 3711 849 3781 principio
887 3711 1030 3780 apud
1076 3710 1242 3768 Deum
1278 3718 1395 3766 erat
1440 3709 1584 3767 Deus
1640 3709 1909 3775 Verbum,
1970 3725 2066 3779 per

491 3804 639 3875 quod
669 3805 852 3859 omnia
883 3803 1023 3859 facta
1054 3812 1181 3859 sunt
1228 3804 1294 3858 τ’.
1344 3802 1519 3872 Hujus
1555 3803 1738 3872 itaque
1786 3800 2067 3872 sapientia:

492 3908 678 3956 voces,
715 3910 994 3949 sermones
1018 3934 1033 3958 ,
1068 3894 1403 3966 ,discipljnas
1442 3893 1584 3948 Deus
1642 3892 1698 3946 in
1754 3891 2066 3946 hominibus

493 3986 895 4050 disseminavit,
927 3995 987 4040 ut
1008 3986 1189 4056 justus
1218 4000 1324 4045 non
1359 3985 1590 4047 otiosus,
1622 3985 1770 4039 iners
1812 3998 1876 4036 ac
1908 3981 2067 4037 bonis

492 4091 702 4130 vacuus
733 4085 878 4133 esset
904 4095 918 4144 ;
950 4077 1045 4132 sed
1084 4091 1189 4131 una
1218 4092 1281 4132 os
1313 4082 1366 4130 et
1412 4076 1815 4131 meditationem
1852 4074 2069 4143 sapien-

495 4169 587 4223 tiae
619 4169 864 4232 haberet,
906 4177 965 4223 ut
997 4184 1060 4224 ea
1092 4171 1248 4240 quasi
1280 4171 1488 4225 ccelesti
1525 4184 1658 4224 usus
1680 4182 1805 4222 esca
1826 4206 1842 4230 ,
1889 4167 2069 4235 primo

496 4260 733 4315 animam
763 4260 1112 4315 conﬁrmaret
1136 4276 1314 4325 suam,
1354 4260 1656 4329 deindeque
1689 4258 1811 4313 aliis
1869 4258 2069 4325 imper-

496 4355 644 4408 tiret.
701 4352 970 4418 Quocirca
1004 4350 1213 4406 dictum
1261 4358 1379 4417 est,
1421 4349 1493 4405 0s
1547 4350 1685 4419 justi
1727 4346 2069 4401 meditabitur

495 4441 844 4509 sapientiam,
880 4450 929 4495 et
964 4440 1141 4510 lingua
1173 4440 1286 4509 ejus
1336 4440 1576 4509 loquetur
1603 4438 1888 4509 judicium.
1925 4435 2073 4492 Gna-

496 4551 594 4591 rus
623 4543 803 4589 autem
838 4535 1007 4606 legem
1044 4534 1136 4588 Dei
1170 4533 1507 4603 spiritualem
1535 4547 1677 4596 esse,
1717 4546 1840 4585 cum
1872 4547 2070 4586 secun-

498 4628 627 4683 dum
658 4627 972 4683 interiorem
1002 4627 1277 4683 hominem
1323 4627 1377 4680 in
1409 4625 1525 4696 lege
1553 4623 1648 4680 Dei
1682 4623 2066 4688 delectaretur,

2164 3414 2489 3485 κεχάρισται
2521 3410 2667 3481 αὐτῷ
2701 3410 2845 3481 μέγα
2874 3408 3044 3478 δῶρον
3070 3410 3098 3461 6
3131 3405 3262 3469 Θεὸς
3299 3402 3567 3475 ἀνθρώπῳ
3598 3401 3732 3465 ὸντι,

2163 3508 2262 3577 τῆς
2294 3502 2527 3575 ἀληθοῦς
2562 3502 2751 3571 σοφίας
2784 3500 2879 3572 τὴν
2910 3497 3129 3568 γνῶσιν.
3152 3497 3319 3567 Σοφία
3348 3496 3445 3567 μὲν
3481 3493 3589 3564 γάρ
3620 3493 3734 3545 ἐστι

2167 3599 2326 3653 θείων
2373 3597 2468 3650 κιαι)⁸
2512 3594 2866 3665 ἀνθρωπείων
2902 3592 3200 3660 ἐπιστήμη,
3238 3589 3333 3642 καὶ
3357 3588 3422 3641 δι’
3463 3581 3530 3657 ἧς
3559 3585 3736 3638 πάντα

2169 3693 2359 3760 γέγονε
2386 3707 2398 3720 ·
2426 3689 2602 3742 πάντα
2630 3687 2738 3758 γὰρ
2761 3687 2817 3739 ἐν
2844 3685 3004 3756 σοφίᾳ
3030 3684 3271 3754 ἐποίησε.
3300 3681 3408 3734 Καὶ
3431 3679 3567 3749 αὕτη
3594 3679 3737 3730 ἐστὶν

2166 3788 2194 3838 6
2222 3787 2279 3837 ὲν
2303 3784 2443 3854 ἀρχῇ
2473 3780 2609 3852 πρὸς
2635 3779 2726 3832 τὸν
2750 3777 2881 3830 Θεὸν
2912 3776 3043 3839 Θεὸς
3072 3775 3262 3843 Λόγος,
3288 3772 3352 3826 δι’
3380 3764 3440 3824 οὗ
3469 3772 3538 3824 τὰ
3565 3771 3736 3824 πάντα

2167 3875 2404 3945 ἐγένετο.
2442 3873 2657 3941 Ταύτης
2688 3866 2780 3924 οὖν
2827 3868 3008 3939 φωνὰς
3056 3870 3149 3922 καὶ
3196 3867 3385 3936 λόγους
3437 3868 3530 3920 καὶ
3565 3866 3738 3937 μαθή-

2172 3986 2317 4040 ματα
2360 3971 2388 4022 6
2432 3966 2563 4030 Θεὸς
2595 3967 2673 4028 είς
2711 3961 3026 4034 ἀνθρώπους
3071 3960 3418 4023 κατεϐάλετο,
3448 3959 3522 4023 ώς
3552 3958 3618 4013 ἂν
3666 3958 3740 4029 μὴ

2170 4060 2338 4133 ἀργὸς
2370 4058 2456 4128 εἴη
2484 4059 2513 4111 6
2538 4057 2763 4120 δίκαιος,
2794 4053 2925 4126 μηδὲ
2962 4054 3241 4124 ἄπρακτος
3265 4053 3357 4105 καὶ
3384 4051 3587 4122 ἔρημος
3615 4051 3740 4133 ἁγα-

2171 4129 2310 4206 θῶν·
2343 4150 2456 4221 ἔχοι
2503 4148 2559 4201 δὲ
2591 4148 2706 4218 ἅμα
2754 4146 2928 4215 στόμα
2970 4144 3067 4214 τῆς
3114 4144 3366 4215 οὐρανίου
3420 4142 3608 4210 σοφίας
3644 4129 3742 4211 τῆν

2173 4244 2431 4316 μελέτην·
2472 4237 2539 4313 ἧς
2570 4238 2996 4311 μεταλαμϐάνων
3025 4235 3211 4307 ὥσπερ
3239 4234 3487 4307 οὐρανίου
3514 4234 3741 4305 τροφῆς,

2170 4337 2268 4409 τὴν
2304 4335 2481 4407 ψυχὴν
2523 4332 2737 4404 πρῶτος
2763 4330 2922 4393 αὐτὸς
2951 4328 3302 4399 ὅυναμοῦται,
3335 4324 3456 4380 εἶτα
3497 4328 3590 4380 καὶ
3623 4325 3743 4377 ἑτέ-

2175 4447 2291 4503 ροις
2338 4429 2581 4499 χορηγεῖ.
2627 4424 2716 4477 Διὸ
2744 4423 2992 4476 λέλεκται
3016 4438 3028 4451 ⁸
3062 4421 3260 4488 Στόμα
3300 4419 3532 4473 δικαίου
3567 4420 3745 4486 μελε-

2174 4517 2346 4584 τήσει
2379 4516 2624 4585 σοφίαν,
2656 4510 2818 4593 καλή
2845 4510 3094 4580 γλῶσσα
3124 4508 3308 4562 αὐτοῦ
3338 4506 3593 4573 λαλήσει
3626 4506 3723 4574 κρί
3741 4541 3746 4546 -

2174 4625 2297 4664 σιν.
2347 4607 2515 4671 Εἰδὼς
2547 4606 2624 4671 δὲ,
2664 4606 2731 4658 6'.
2781 4605 2808 4655 6
2857 4603 3019 4673 νόμος
3064 4600 3158 4655 τοῦ
3199 4599 3332 4653 Θεοῦ
3383 4599 3746 4669 πνευματικός

499 4719 554 4774 in
586 4720 753 4776 corde
775 4720 895 4791 ipso
924 4720 1058 4791 legis
1083 4688 1617 4789 contemplationem,
1645 4724 1698 4771 et
1718 4716 1837 4786 ejus
1861 4724 2056 4786 myste-

2175 4701 2312 4765 ἐστι,
2344 4698 2627 4769 συνήδεται
2659 4697 2716 4749 δὲ
2748 4694 2825 4763 τῷ
2856 4694 3004 4763 νόμῳ
3042 4690 3135 4744 τοῦ
3176 4690 3311 4743 Θεοῦ
3356 4688 3497 4743 κατὰ
3525 4688 3614 4741 τὸν
3643 4688 3761 4740 ἔσω

497 4813 704 4868 riorum
751 4812 1176 4884 profunditatem
1203 4812 1457 4882 excepit:
1491 4825 1555 4865 ac
1586 4818 1810 4880 prepter
1863 4806 2073 4863 exerci-

498 4904 761 4959 tationem
810 4903 1123 4973 hujusmodi
1173 4919 1277 4957 non
1325 4899 1805 4972 supplantabuntur
1862 4914 2072 4969 gressus

496 4998 633 5067 ejus,
655 4996 1095 5069 quandoquidem
1127 5010 1352 5066 gressus
1381 4994 1501 5064 ejus
1523 5010 1554 5047 a
1578 4994 1809 5049 Domino
1837 4992 2078 5064 dirigen—

496 5088 599 5147 dos
632 5106 774 5158 esse,
809 5090 1063 5161 superius
1104 5090 1309 5144 dictum
1345 5096 1451 5145 est.
1493 5088 1648 5155 Quod
1698 5088 1743 5142 si
1782 5087 1921 5142 forte
1950 5102 2078 5157 pec-

497 5191 683 5249 cator,
732 5183 853 5253 ejus
900 5181 1166 5255 profectui
1215 5182 1483 5247 invidens,
1519 5180 1747 5236 insidias
1798 5180 1921 5234 vitae
1954 5178 2075 5248 ejus

500 5276 783 5341 struxerit,
819 5278 1019 5332 stultus
1051 5290 1184 5331 sane
1230 5273 1469 5337 dicetur,
1521 5286 1631 5327 non
1658 5269 1935 5340 possibilia
1976 5284 2073 5338 ag-

501 5383 747 5437 gressus.
772 5367 909 5422 Nam
951 5383 1180 5439 magnus
1212 5366 1303 5421 ille
1336 5373 1599 5436 patronus
1635 5364 1755 5433 ejus
1792 5378 1895 5416 non
1934 5360 2077 5415 dere-

500 5461 698 5531 linquet
733 5476 850 5514 eum
874 5461 928 5513 in
950 5459 1191 5513 manibus
1213 5459 1325 5529 ejus
1347 5497 1362 5524 ,
1394 5473 1483 5511 nec
1511 5453 1784 5509 damnabit
1812 5468 1928 5506 eum
1958 5467 2076 5505 cum

495 5550 823 5623 judicabitur
868 5553 971 5608 illi.
1022 5551 1381 5624 Symmachus
1428 5564 1590 5615 vero,
1640 5545 1751 5600 Nec
1801 5542 2078 5600 damnabit

501 5658 622 5698 eum
661 5644 714 5698 in
735 5643 963 5712 judicio.

580 5926 625 5960 "
665 5923 811 5981 Psal.
846 5939 976 5995 cui,
1009 5925 1100 5983 24.
1177 5925 1225 5960 "
1261 5922 1421 5982 Joan.
1455 5940 1505 5990 ι,
1544 5920 1661 5982 1-3.

2176 4792 2482 4863 ἄνθρωπον,
2515 4792 2573 4843 ἐν
2597 4789 2734 4858 αὐτῇ
2770 4789 2836 4857 τῇ
2871 4784 3067 4855 καρδίᾳ
3090 4783 3253 4836 αὐτοῦ
3277 4782 3374 4854 τὴν
3404 4782 3633 4853 θεωρίαν
3656 4780 3748 4833 τοῦ

2168 4885 2341 4955 νόμου
2383 4883 2478 4937 καὶ
2511 4882 2570 4935 τὸ
2597 4881 2757 4952 βάθος
2800 4878 2911 4932 τῶν
2939 4879 2996 4931 ὲν
3039 4874 3187 4946 αύτῴ
3217 4873 3528 4946 μυστηρίων
3563 4870 3748 4924 ὑποδε-

2178 4978 2361 5031 δεκται
2384 4992 2399 5007 ο
2429 4974 2516 5028 διὰ
2551 4973 2608 5026 δὲ
2649 4972 2853 5043 ταύτην
2885 4970 2984 5041 τὴν
3019 4969 3248 5038 ἄσκησιν
3276 4968 3387 5034 οὐχ
3424 4964 3750 5019 ὑποσκελι-

2183 5068 2474 5137 σθήσεται
2506 5066 2578 5120 τὰ
2616 5064 2946 5134 διαδήματα
2971 5060 3155 5116 αὐτοῦ
3181 5078 3193 5090 ⁸
3230 5059 3416 5129 ἐπειδὴ
3451 5054 3600 5126 παρὰ
3642 5056 3751 5108 Κυ-

2185 5158 2301 5231 ρίου
2330 5156 2399 5211 τὰ
2424 5156 2580 5226 διαϐή
2592 5172 2739 5226 ματα
2760 5153 2921 5208 αὐτοῦ
2946 5150 3385 5212 κατευθύνεσθαι,
3415 5147 3509 5200 καὶ
3538 5145 3624 5197 διὰ
3650 5142 3753 5196 τῶν

2183 5251 2440 5323 ἀνωτέρω
2483 5249 2748 5302 ἐλέλεκτο.
2797 5248 2859 5299 Εἰ
2902 5245 2957 5298 δὲ
2997 5244 3089 5297 καί
3129 5260 3256 5296 ποτε
3286 5238 3601 5313 ἁμαρτωλὸς
3638 5235 3751 5288 δια-

2184 5343 2545 5414 φθονούμενος
2581 5343 2648 5412 τῇ
2684 5339 2845 5393 αὐτοῦ
2872 5339 3121 5410 προκοπῇ
3150 5332 3581 5387 ἐπιϐουλεύσειεν
3610 5325 3756 5396 αὐτῷ

2183 5437 2262 5500 είς
2298 5435 2546 5497 θάνατον,
2579 5434 2767 5505 ἄφρων
2799 5426 2951 5493 οὗτος
2980 5428 3299 5500 λεχθήσεται
3332 5423 3610 5484 ἀδυνάτοις
3639 5423 3755 5474 ἐπι-

2184 5527 2405 5599 χειρῶν.
2455 5526 2513 5577 Ὀ
2560 5524 2669 5594 γὰρ
2727 5522 2900 5594 μέγας
2955 5519 3119 5573 αὐτοῦ
3174 5515 3486 5589 προστάτης
3540 5513 3612 5565 οὐ
3677 5507 3757 5577 μὴ

2186 5617 2555 5690 ἐγκαταλίπῃ
2603 5615 2791 5669 αὐτὸν
2840 5616 2927 5677 είς
2978 5613 3083 5676 τὰς
3128 5608 3328 5678 χεῖρας
3379 5603 3587 5666 αὑτοῦ,
3633 5599 3758 5654 οὐδ’

2189 5715 2260 5767 οὐ
2280 5710 2365 5782 μὴ
2399 5708 2769 5776 καταδικάσῃ
2795 5708 2982 5760 αὐτὸν
3025 5704 3095 5756 ἐν
3131 5701 3210 5766 τῷ
3249 5700 3557 5769 κρίνεσθαι
3578 5692 3757 5758 αὐτῷ.

2200 5805 2260 5857 '0
2287 5802 2343 5857 δὲ
2376 5801 2690 5873 Σύμμαχος,
2717 5796 2870 5853 Οὐδὲ
2897 5791 3282 5850 καταδικάσει
3317 5789 3687 5859 κρινόμενον.
