4094 6378
399 326 505 381 357

1533 319 2029 377 COMMENTARIA
2073 320 2139 374 IN
2181 319 2518 375 PSALMOS.

3545 323 3651 379 338

468 436 653 494 Εἶδον
674 440 780 493 τὸν
816 438 1005 507 ἀσεϐῆ
1046 440 1571 509 ὑπερυψούμενον,
1616 439 1712 492 καὶ
1740 436 1971 505 ἐπαιρό-

2153 434 2319 493 Ἶιιιιε.
2349 434 2535 491 5537.
2586 432 2707 488 Vidi
2745 434 2963 503 impium
2991 435 3438 505 superexaltalum
3467 446 3519 491 et
3548 438 3654 492 ele-

392 545 584 599 μενον
605 529 689 596 ὡς
719 530 827 595 τὰς
857 528 1110 598 κέδρους
1138 529 1244 583 τοῦ
1262 530 1537 584 Λιϐάνου.
1560 528 1745 592 Οὕτως
1770 527 1865 580 ἐπὶ
1878 526 1974 581 τοῦ

399 608 667 689 παρόντος
690 616 780 672 διὰ
810 617 1002 688 πείρας
1037 618 1351 688 ἐληλυθέναι
1383 618 1478 672 τοῦ
1507 618 1690 681 τέλους
1712 616 1820 672 τῶν
1851 619 1977 671 ἀσε-

400 709 508 763 ϐῶν
534 722 731 781 φησιν·
772 709 847 761 οὐ
900 708 1011 781 γὰρ
1050 708 1107 777 ἐξ
1134 711 1301 780 ἀκοῆς
1340 711 1505 764 πάλαι
1547 710 1677 763 ποτὲ
1711 710 1975 780 γενόμενα

400 800 599 871 ἑτέρων
632 799 897 867 λεγόντων
948 800 1161 870 ἀκήκοα
1185 816 1197 828 ⁸
1268 799 1382 853 ἀλλ’
1414 800 1572 863 αὐτὸς
1619 798 1777 862 εἶδον,
1818 798 1972 869 φησὶ,

402 890 751 962 βλασφήμους
791 891 992 961 ἀνδρας
1037 891 1131 943 καὶ
1165 890 1354 954 ἀθέους
1397 890 1839 962 θαυμαζομένους
1878 890 1974 961 μὲν

405 985 504 1038 ὕπὸ
536 984 775 1046 πάντων,
816 983 1213 1054 ἐπαιρομένους
1245 983 1303 1036 δὲ
1340 984 1433 1037 καὶ
1467 983 1829 1054 γαυριῶντας,
1865 985 1971 1036 οἰο-

404 1078 594 1148 μένους
636 1092 693 1128 τε
730 1075 1056 1138 διαιωνίξειν
1089 1077 1146 1127 ὲν
1181 1075 1259 1145 τῷ
1292 1075 1409 1147 βίῳ.
1453 1076 1591 1128 Ἀλλ’
1622 1075 1696 1140 ὡς
1730 1076 1811 1129 ἔτι
1842 1076 1973 1146 παρ’

403 1170 622 1242 ὶμαυτῴ
648 1169 1021 1239 διελογιζόμην
1049 1168 1165 1232 πῶς
1194 1169 1321 1233 οἵδε,
1340 1169 1540 1240 καίπερ
1561 1170 1774 1233 ἀσεϐεῖς
1801 1170 1971 1235 ὄντες,

407 1262 667 1315 τοσούτων
710 1261 1074 1331 τετυχήκασι,
1128 1260 1377 1332 δεύτερον
1432 1262 1630 1324 αὐτοὺς
1678 1261 1973 1316 θεάσασθαι

404 1351 706 1421 βουληθεὶς,
760 1353 943 1423 ἐπῇρα
985 1352 1111 1414 τοὺς
1146 1351 1453 1422 ὀφθαλμούς
1474 1369 1487 1382 ·
1523 1353 1573 1405 οἰ
1617 1352 1674 1405 δὲ
1706 1354 1807 1406 οὐκ
1834 1349 1974 1424 ἦσαν

402 1441 656 1512 οὐδαμοῦ,
690 1444 915 1511 ἀφανεῖς
938 1443 981 1495 δ’
1020 1441 1232 1514 ἀθρόως
1272 1443 1537 1515 ὑπῆρχον.
1574 1440 1706 1497 Εἶτα
1742 1444 1799 1496 δὲ
1831 1444 1973 1515 ἴχνος

401 1535 578 1589 αὐτῶν
616 1536 710 1588 καὶ
748 1535 1059 1606 ὑπόλειμμα
1103 1534 1384 1605 βουληθεὶς
1434 1535 1754 1589 καταλαόεῖν
1778 1577 1791 1600 ,
1852 1537 1974 1590 οὐδὲ

401 1630 491 1681 τὸν
527 1627 689 1681 τόπον
718 1628 776 1679 ὲν
812 1619 857 1694 ᾧ
900 1628 1119 1681 ἑστάναι
1179 1627 1395 1681 ἐδόκουν
1438 1629 1619 1698 εὑρεῖν
1656 1627 1968 1699 δεδύνημαι.

400 1720 596 1789 Διόπερ
628 1718 817 1790 ἐπειδὴ
858 1717 1067 1771 τοιοῦτο
1122 1726 1187 1771 τὸ
1226 1717 1430 1772 τούτων
1479 1719 1649 1785 τέλος,
1699 1717 1869 1788 φεῦγε
1907 1719 1970 1771 σὺ

2081 538 2260 583 vatum
2317 529 2454 582 sicut
2488 525 2670 581 cedro:
2716 524 2930 591 Libani,
2979 536 3089 583 etc.
3137 526 3231 583 Sic
3283 529 3338 583 in
3396 531 3652 599 prmsenti

2082 621 2242 675 linem
2280 634 2341 675 se
2380 619 2675 689 impiorum
2723 619 3063 689 experientia
3110 620 3403 675 edidicisse
3444 638 3653 676 memo-

2081 718 2186 765 rat.
2238 708 2423 781 Neque
2460 711 2604 765 enim
2635 710 2749 765 hac
2779 711 2911 765 olim
2956 722 3105 781 gesta
3146 726 3209 766 ex
3259 713 3488 767 aliorum
3521 728 3655 767 nar-

2081 813 2203 858 ratu
2251 802 2478 859 auribus
2524 803 2752 873 excepi:
2808 802 2903 857 sed
2946 803 3082 871 ipse,
3113 803 3311 873 inquit,
3346 803 3455 858 vidi
3502 804 3651 860 viros

2080 897 2394 967 blasphema
2425 894 2763 966 proferentes
2799 904 2853 951 et
2889 895 3080 950 atheos
3106 896 3359 951 omnibus
3391 895 3444 948 in
3478 894 3653 949 admi-

2081 990 2291 1045 ratione
2334 989 2586 1054 habitos,
2635 990 2808 1045 elatos
2859 996 2913 1044 ct
2970 989 3343 1052 exsultantes,
3396 994 3652 1057 putantes

2080 1082 2184 1137 sibi
2236 1088 2554 1152 perpetuam
2612 1079 2726 1135 fore
2758 1080 2947 1134 vitam.
2996 1077 3101 1134 Sed
3136 1078 3264 1133 dum
3313 1094 3524 1133 mecum
3558 1093 3650 1132 re-

2080 1181 2353 1244 putarem.
2398 1172 2675 1243 quomodo
2718 1171 2793 1224 illi
2838 1171 3093 1241 quamvis
3150 1170 3324 1241 impii,
3377 1177 3458 1224 tot
3503 1171 3649 1225 nacti

2080 1267 2223 1321 bona
2259 1275 2479 1332 essent,
2525 1267 2714 1320 oculos
2748 1265 2992 1321 secundo
3024 1265 3253 1329 sustuli,
3288 1274 3347 1318 ut
3401 1270 3649 1317 contem-

2081 1358 2261 1428 plarer
2299 1358 2486 1427 ipsos:
2523 1365 2577 1411 at
2610 1358 2686 1411 illi
2718 1372 2992 1426 nusquam
3025 1364 3203 1420 erant,
3233 1356 3330 1411 sed
3361 1354 3647 1409 confestim

2079 1457 2434 1503 evanuerunt.
2494 1448 2698 1504 Deinde
2753 1448 3043 1519 vestigium
3098 1462 3163 1503 ac
3238 1456 3649 1502 monumentum

2077 1552 2267 1592 eorum
2296 1537 2703 1609 deprehendere
2736 1539 2945 1602 volens,
2987 1553 3057 1593 ne
3106 1539 3286 1593 locum
3328 1538 3545 1608 quidem
3593 1537 3648 1597 in

2078 1644 2187 1699 quo
2212 1630 2429 1684 stetisse
2458 1629 2783 1684 videbantur
2826 1631 3064 1699 reperire
3092 1629 3264 1698 potui.
3313 1628 3651 1698 Quapropter

2078 1725 2205 1791 quia
2232 1721 2357 1777 talis
2382 1736 2570 1776 eorum
2606 1720 2729 1777 linis
2762 1733 2867 1787 est,
2914 1720 3040 1791 fuge
3072 1728 3151 1785 tu,
3182 1720 3471 1791 discipule,
3511 1720 3649 1774 tales

398 1813 427 1865 ό
461 1809 899 1881 μαθητευόμενος
924 1810 1112 1863 τοῦτον
1138 1808 1244 1862 τῶν
1273 1809 1484 1864 ἀσεϐῶν
1518 1811 1608 1864 τὸν
1629 1810 1850 1883 τρόπον,
1880 1810 1971 1863 καὶ

2079 1813 2369 1882 impiorum
2419 1829 2633 1878 mores,
2678 1814 2839 1870 ablue
2881 1828 3099 1869 omnem
3154 1814 3442 1876 malitiam,
3484 1812 3651 1882 dilige

399 1900 660 1969 ἀπόνιψον
709 1901 805 1971 μὲν
843 1898 1038 1954 ἑαυτοῦ
1102 1901 1283 1953 πᾶσαν
1325 1900 1544 1965 κακίαν,
1599 1901 1885 1972 ἀγάπησον
1919 1900 1975 1954 δὲ

396 1994 498 2065 τὴν
526 1993 740 2046 εὐθεῖαν
763 1992 901 2046 όδόν.
934 1992 1099 2045 Μένει
1127 1992 1235 2063 γὰρ
1260 1993 1675 2064 ἐγκατάλειμμα
1703 1993 1797 2047 καὶ
1821 1993 1975 2057 ἐλπὶς

398 2084 600 2156 ἀγαθὴ,
629 2085 705 2156 τῷ
740 2085 837 2157 τὴν
878 2086 1101 2157 εἰρήνην
1130 2086 1223 2139 καὶ
1252 2085 1346 2157 τὴν
1377 2085 1558 2156 φιλίαν
1598 2087 1696 2157 τὴν
1728 2086 1862 2158 πρὸς
1884 2085 1975 2138 τὸν

397 2178 531 2233 Θεὸν
559 2179 969 2249 μεταδιώξαντι,
1001 2181 1093 2234 καὶ
1117 2180 1206 2233 διά
1232 2179 1389 2233 τοῦτο
1415 2179 1675 2250 εἰρηνικῷ
1704 2179 1976 2251 ἀνθρώπῳ

398 2272 695 2343 γενομένῳ.
736 2273 893 2327 Κατὰ
911 2272 966 2325 δὲ
997 2272 1089 2325 τὸν
1120 2270 1436 2342 Σύμμαχον,
1465 2273 1771 2343 φύλασσε,
1792 2272 1973 2342 φησὶν,

396 2363 739 2433 ἁπλότητα,
773 2364 873 2419 καὶ
906 2365 1015 2433 ὅρα
1042 2364 1208 2430 εὐθὺ,
1238 2363 1327 2417 ὅτι
1346 2364 1476 2418 ἐστι
1512 2364 1821 2434 μέλλοντα
1871 2364 1976 2418 ἁν-

397 2455 607 2523 θρώπῳ
653 2454 949 2524 εἰρηνικῷ.

785 2567 1074 2621 ΨΑΛΜΟΣ
1115 2568 1202 2621 ΤΩ
1241 2567 1438 2620 ΔΑΥΙΔ
1468 2568 1588 2621 ΛΖ’.

928 2662 1032 2726 Εἰς
1078 2659 1443 2730 ἀνάμνησιν.

466 2748 663 2816 Κύριε,
701 2747 788 2817 μὴ
836 2747 915 2814 τῷ
950 2748 1114 2818 θυμῷ
1152 2762 1270 2802 σου
1299 2747 1564 2818 ’ἐλέγξῃς
1593 2766 1690 2818 με,
1716 2748 1871 2818 μηδὲ
1899 2748 1972 2819 τῇ

396 2838 546 2909 ιεργῇ
577 2855 691 2893 σου
733 2839 1064 2908 παιδεύσῃς
1082 2857 1178 2908 με.
1210 2840 1401 2903 Αὐτοῖς
1434 2841 1639 2910 ῥήμασι
1674 2840 1765 2893 καὶ
1785 2840 1973 2903 αὑταῖς

397 2932 690 2996 συλλαϐαῖς
728 2933 821 2985 καὶ
850 2934 878 2986 ό
920 2939 973 2997 ς’
994 2932 1208 3003 ψαλμὺς
1237 2932 1409 3003 τούτῳ
1454 2931 1848 3004 παραπλησίως
1876 2930 1973 3003 ἀρ·-

395 3041 568 3093 χεται,
598 3025 690 3078 καὶ
723 3025 793 3078 τὰ
830 3024 991 3078 λοιπὰ
1020 3024 1076 3077 δὲ
1098 3024 1191 3077 τοῦ
1230 3025 1386 3078 ἕκτου
1417 3028 1529 3089 τοῖς
1561 3028 1618 3078 ὲν
1644 3024 1721 3095 τῷ
1748 3043 1969 3097 προκει-

2077 1906 2219 1960 viam
2252 1913 2481 1962 rectam.
2523 1905 2742 1961 Manent
2770 1904 2913 1960 enim
2956 1904 3200 1975 reliquiae
3230 1920 3463 1975 spesque
3507 1903 3648 1959 bona

2076 2014 2199 2053 erm
2226 2000 2320 2068 qui
2359 2014 2545 2069 pacem
2578 1998 2989 2068 amicitiamque
3038 1996 3133 2053 Dei
3180 1998 3549 2067 persequitur,
3594 2003 3648 2049 et

2076 2088 2198 2142 ideo
2237 2088 2401 2143 homo
2429 2089 2690 2159 paciticus
2720 2087 2947 2143 ell‘ectus
2974 2094 3077 2142 est.
3123 2085 3439 2141 Secundum
3486 2084 3646 2156 Sym-

2075 2178 2328 2232 machum
2375 2188 2592 2244 autem,
2630 2176 2852 2234 Custodi
2888 2177 3316 2247 simplicitatem,
3365 2176 3561 2246 inquit,
3601 2187 3645 2232 ιι

2074 2270 2189 2324 vide
2235 2272 2566 2343 (equitatem,
2609 2271 2859 2340 quoniam
2907 2271 3092 2339 futura
3144 2280 3267 2324 sunt
3315 2269 3513 2324 homini
3550 2283 3645 2336 pa-

2074 2360 2246 2430 ciﬁca.

2356 2561 2409 2616 1.
2452 2559 2779 2615 PSALMUS
2830 2560 3060 2615 DAVIDI
3097 2558 3361 2615 XXXVII.

2382 2653 2444 2707 In
2474 2656 2964 2709 rememorationem
2993 2653 3057 2707 de
3081 2652 3337 2709 Sabbato.

2147 2745 2314 2801 Vens.
2361 2746 2416 2801 2.
2459 2746 2718 2813 Domine,
2751 2764 2815 2802 ne
2867 2748 2923 2801 in
2952 2747 3132 2817 furore
3173 2756 3264 2800 tuo
3302 2762 3495 2818 arguas
3542 2762 3642 2810 me,

2073 2856 2233 2911 neque
2262 2842 2317 2895 in
2350 2842 2435 2895 ira
2459 2849 2549 2896 tua
2581 2842 2838 2910 corripias
2873 2857 2973 2895 me.
3006 2841 3142 2911 Ipsis
3173 2841 3360 2896 verbis
3402 2839 3648 2911 ipsisque

2073 2932 2302 3004 syllabis
2329 2943 2515 2989 sextus
2543 2949 2763 3004 quoque
2808 2934 3053 3004 psalmus
3090 2933 3296 3003 pariter
3334 2932 3642 2997 inchoatur,

2070 3030 2126 3078 at
2153 3024 2516 3101 reliqua‘qua:
2547 3024 2600 3077 in
2649 3031 2802 3078 sexto
2847 3030 3192 3094 comparent,
3239 3023 3403 3092 hujus
3450 3023 3642 3094 psalmi

399 3116 547 3187 μένῳ
576 3116 895 3187 φερομένοις
930 3116 1164 3187 συγγενῆ
1194 3117 1471 3188 τυγχάνει.
1514 3116 1649 3171 Ἀλλ’
1673 3120 1730 3171 ὲν
1766 3118 1862 3189 μὲν
1895 3117 1971 3189 τῷ

2074 3114 2234 3170 dictis
2268 3112 2445 3168 aﬂinia
2479 3123 2625 3170 sunt.
2654 3112 2722 3168 At
2759 3114 2814 3169 iu
2853 3122 3008 3170 sexto
3040 3115 3252 3184 psalmo
3288 3115 3369 3169 sic
3408 3114 3645 3170 habebat

395 3208 540 3278 ἕκτῳ
554 3211 587 3279 ἠ
615 3209 908 3280 προγραφὴ
925 3212 1197 3281 περιεῖχεν
1214 3226 1227 3240 ’
1262 3212 1365 3276 Εἰς
1387 3209 1453 3263 τὸ
1477 3208 1650 3276 τέλος
1665 3211 1731 3263 ἐν
1762 3210 1970 3281 ὕμνοις

396 3300 549 3367 ὑπὲρ
594 3299 704 3368 τῆς
756 3300 970 3371 ὀγδόης
997 3300 1241 3371 ψαλμὸς
1290 3301 1372 3368 τῷ
1420 3303 1631 3359 Δαυΐδ’
1697 3307 1755 3358 ὲν
1800 3305 1855 3358 δὲ
1894 3304 1973 3376 τῷ

398 3393 628 3465 παρόντι
655 3393 861 3447 τούτων
890 3393 986 3464 μὲν
1008 3394 1181 3457 οὐδὲν,
1211 3394 1371 3464 μόνον
1396 3396 1453 3449 δὲ
1480 3396 1584 3449 τὸν
1605 3397 1855 3467 ψαλμὸν
1894 3398 1975 3463 τῷ

397 3485 580 3538 Δαυῒδ
620 3487 708 3551 εἰς
752 3482 1096 3553 ἀνάμνησιν
1140 3484 1427 3540 δέδεικται.
1466 3488 1539 3540 Ἤ
1572 3505 1636 3557 γε
1673 3489 1778 3560 μὴν
1810 3506 1975 3561 προσ-

396 3577 540 3650 θήκη
576 3580 631 3649 ἡ,
688 3580 775 3643 εἰς
804 3577 1169 3647 ἀνάμνησιν,
1212 3577 1386 3630 ἔοικεν
1436 3580 1777 3650 ἀναπέμπειν
1825 3583 1974 3651 ἡμᾶς

396 3670 477 3733 εἰς
504 3670 602 3741 τὴν
629 3672 685 3723 ὲν
705 3669 781 3740 τῷ
804 3670 948 3740 ’ἐκτῳ
972 3671 1315 3741 πρργραφὴν,
1339 3670 1469 3723 ὥστ’
1490 3666 1629 3725 εἶναι
1653 3671 1720 3724 τὰ
1733 3673 1974 3743 παρόντα

396 3763 485 3827 εἰς
506 3762 572 3813 τὸ
599 3761 792 3827 τέλος,
817 3762 930 3824 καὶ,
950 3763 1019 3815 ἐν
1040 3762 1271 3832 ὕμνοις,
1293 3763 1387 3816 καὶ
1410 3763 1559 3831 ὑπὲρ
1592 3762 1699 3831 τῆς
1721 3764 1936 3833 ὀγδόης
1955 3782 1968 3795 °

397 3853 615 3906 πάντων
636 3850 746 3923 γάρ
764 3851 831 3904 ἂν
856 3852 939 3923 εἴη
958 3850 1159 3905 τούτων
1183 3854 1592 3923 παραστατικὸν
1610 3854 1689 3917 τὸ,
1724 3858 1811 3919 εἰς
1826 3855 1972 3910 ἀνά-

390 3958 644 4014 μνησιν.
698 3943 837 3996 Ἀλλ’
890 3944 1014 3997 ἐπεὶ
1064 3942 1352 4008 διεξιόντες
1408 3943 1476 3997 τά
1509 3946 1565 3997 ὲν
1606 3945 1683 4016 τῷ
1723 3945 1973 4017 ἕκτῳ,τὰ

398 4032 743 4088 ύποπεσόντα
772 4036 851 4097 εἰς
878 4034 977 4104 τὴν
1020 4034 1344 4107 προγραφὴν
1382 4036 1700 4106 εἰρήκαμεν,
1742 4039 1828 4103 εἰς
1857 4036 1972 4105 τὴν

396 4125 617 4178 ἐκείνων
669 4123 1012 4194 ἀνάμνησιν
1069 4125 1165 4179 καὶ
1219 4128 1383 4196 ἡμεῖς
1431 4127 1821 4199 ἀναπέμψομεν
1880 4128 1972 4183 τὸν

396 4217 810 4287 ἐντυγχάνοντα.
835 4219 992 4271 Δοκεῖ
1014 4218 1070 4271 δέ
1094 4236 1183 4289 μοι
1209 4221 1236 4272 ὀ
1257 4219 1437 4281 Δαυῒδ,
1461 4219 1732 4292 διαφόρως
1755 4224 1813 4273 ὲν
1844 4221 1972 4275 πολ-

393 4305 508 4372 λοῖς
541 4308 789 4379 περὶτοῦ
821 4309 1155 4382 πραχθέντος
1192 4311 1341 4381 αὐτῷ
1370 4312 1658 4384 πλημμελή
1670 4330 1837 4384 ματος
1882 4314 1970 4381 ἐξ-

391 4398 887 4469 ομολογησάμενος,
926 4401 1069 4465 ἰδίως
1104 4401 1195 4454 τὸν
1241 4402 1485 4473 παρόντα
1529 4403 1741 4473 ψαλμὸν
1771 4404 1972 4475 ἀφωρι-

2073 3206 2361 3277 inscriptio
2395 3226 2407 3261 :
2449 3206 2511 3261 In
2540 3195 2698 3277 ﬁnem
2730 3208 2785 3261 in
2814 3206 3020 3277 hymnis
3051 3216 3145 3276 pro
3189 3216 3373 3261 octava
3405 3207 3645 3276 psalmus

2073 3294 2285 3350 Davidi.
2330 3294 2388 3351 In
2437 3299 2691 3367 prmsenti
2726 3308 2906 3353 autem
2960 3299 3100 3352 nihil
3142 3298 3339 3352 horum
3389 3298 3644 3364 habetur,

2073 3387 2167 3443 sed
2201 3387 2488 3453 duntaxat,
2521 3389 2757 3458 psalmus
2791 3387 3019 3453 Davidi,
3054 3390 3110 3443 in
3136 3390 3644 3445 rememorationem.

2074 3478 2187 3534 Hoc
2228 3496 2393 3551 porro
2424 3481 2855 3536 additamentum
2877 3521 2892 3545 ,
2927 3482 2981 3535 in
3012 3483 3499 3536 rememorationem
3518 3521 3535 3545 ,
3564 3480 3647 3535 vi-

2073 3573 2233 3628 detur
2259 3589 2359 3629 nos
2390 3573 2456 3627 ad
2493 3574 2689 3644 psalmi
2725 3575 2865 3629 sexti
2902 3574 3314 3645 inscriptionem
3346 3573 3642 3637 remittere,

2075 3665 2150 3717 ita
2187 3672 2245 3718 ut
2275 3678 2397 3734 quae
2425 3664 2538 3733 jam
2566 3663 2623 3718 in
2652 3664 2905 3719 manibus
2940 3672 3089 3729 sunt,
3121 3665 3174 3718 in
3206 3664 3384 3733 ﬁnem,
3419 3664 3474 3715 in
3502 3662 3648 3733 Itym-

2073 3757 2176 3822 nis,
2202 3768 2253 3810 et
2277 3771 2372 3824 pro
2404 3765 2589 3810 octava
2614 3754 2759 3809 dicta
2801 3756 2905 3811 sint
2931 3774 2945 3823 ;
2976 3771 3101 3813 nam
3141 3756 3256 3811 haec
3279 3755 3462 3810 omnia
3492 3770 3645 3825 repe-

2073 3858 2187 3903 tere
2221 3857 2275 3903 et
2301 3850 2587 3905 declarare
2612 3849 2827 3903 videtur
2858 3848 3013 3911 illud,
3054 3849 3107 3902 in
3137 3848 3641 3902 rememorationem.

2072 3937 2272 3993 Verum
2300 3941 2429 4011 quia
2463 3955 2586 3994 cum
2621 3948 2833 3994 sextum
2876 3940 3144 4010 psalmum
3202 3941 3645 4010 ex'plauaremus.

2071 4046 2194 4101 qua:
2238 4031 2651 4102 inscriptionem
2691 4032 3014 4105 spectabant
3062 4031 3495 4102 explicavimus,
3544 4048 3646 4090 nos

2073 4139 2290 4194 quoque
2321 4124 2376 4177 in
2417 4126 2905 4178 rentemorationem
2950 4139 3138 4179 eorum
3170 4123 3427 4178 lectorem
3462 4126 3647 4179 remit-

2072 4224 2272 4271 temus.
2296 4215 2527 4272 Videtur
2556 4233 2723 4288 porro
2757 4217 2890 4271 mihi
2916 4216 3195 4281 Davidem,
3223 4231 3349 4269 cum
3378 4216 3433 4271 in
3460 4216 3647 4273 multis

2073 4308 2172 4363 abs
2207 4324 2265 4364 se
2296 4316 2672 4380 perpetratum
2705 4308 2922 4364 facinus
2955 4310 3105 4363 varie
3156 4306 3445 4363 confessus
3478 4317 3645 4373 esset,

2072 4398 2219 4455 hunc
2273 4400 2379 4455 sibi
2442 4401 2713 4471 psalmum
2764 4399 2983 4471 proprie
3049 4401 3104 4453 in
3160 4400 3647 4454 rememorationem

395 4488 551 4542 κέναι
582 4486 761 4561 ἑαυτῷ
807 4494 894 4558 εὶς
920 4492 1280 4562 ἀνάμνησιν,
1307 4493 1381 4557 ὡς
1414 4494 1501 4547 ἀεὶ
1525 4494 1619 4547 καὶ
1648 4494 1737 4549 διὰ
1770 4496 1968 4559 παντὸς

2074 4491 2409 4561 seposuisse,
2449 4493 2523 4547 ita
2566 4501 2626 4547 ut
2674 4508 2801 4548 eum
2857 4508 3075 4562 semper
3107 4492 3161 4545 in
3197 4506 3293 4546 ore
3350 4490 3536 4555 ferret,
3580 4506 3651 4546 eo

394 4580 581 4651 φέρειν
614 4581 745 4635 αὐτὸ
784 4582 889 4635 ἀνά
917 4583 1113 4654 στόμα.
1170 4582 1485 4655 Κεχρῆσθαι
1547 4583 1606 4640 δὲ
1656 4584 1806 4659 αὑτῴ
1847 4588 1969 4640 ἀντὶ

394 4673 608 4743 ἐπῳδῆς
635 4674 729 4726 ἐπὶ
759 4673 1023 4746 θεραπείᾳ
1068 4676 1165 4746 τῆς
1204 4675 1367 4727 αὑτοῦ
1411 4675 1611 4748 ψυχῆς.
1668 4677 1970 4749 Ἱκετηρίαν

393 4763 525 4833 γοῦν
555 4766 865 4837 ἀναπέμπει
910 4767 987 4838 τῷ
1019 4766 1156 4837 Θεῷ,
1183 4768 1249 4821 δι’
1283 4765 1351 4841 ἦς
1382 4767 1726 4840 ἀποστρέφει
1752 4771 1847 4841 μὲν
1872 4773 1970 4842 τὴν

393 4857 563 4929 ὀργὴν
585 4857 682 4929 τὴν
712 4860 844 4912 πᾶσι
866 4862 977 4923 τοῖς
1004 4862 1406 4932 ἁμαρτάνουσιν
1428 4863 1832 4934 ὲπηρτημένην,
1858 4863 1971 4917 ίλά-

392 4963 584 5003 σκεται
614 4949 670 5001 δὲ
708 4950 801 5003 τὸν
833 4950 1034 5019 ἀγαθὸν
1068 4952 1269 5034 Κύριον
1298 4957 1417 5017 ταῖς
1449 4954 1564 5025 μεθ’
1600 4956 1967 5028 ὑπερϐαλλού-

394 5053 497 5109 σης
536 5040 974 5112 ἐξομολογήσεως
1021 5046 1243 5112 φωναῖς.
1287 5046 1475 5113 Λέγων
1520 5045 1610 5099 δέ·
1642 5048 1843 5117 Κύριε,
1879 5047 1967 5118 μὴ

394 5129 476 5194 τῷ
512 5130 676 5199 θυμῷ
720 5147 837 5186 σου
879 5132 1133 5203 ἐλέγξῃς
1154 5153 1250 5206 με,
1284 5137 1344 5189 οὐ
1382 5138 1471 5189 τὸν
1500 5137 1720 5210 ἔλεγχον
1763 5158 1967 5212 παραι-

394 5224 587 5281 τεῖται.
647 5223 780 5278 ἀλλά
825 5225 916 5279 τὸν
952 5228 1087 5296 μετά
1128 5226 1295 5298 θυμοῦ
1321 5245 1334 5258 ο
1366 5229 1487 5283 οὐδὲ
1520 5230 1583 5283 τὸ
1614 5231 1967 5303 παιδευθῆναι

394 5313 607 5381 φεύγει,
646 5315 780 5368 ἀλλά
799 5317 859 5370 τὸ
893 5318 1030 5387 μετὰ
1057 5318 1224 5389 ὀργῆς
1246 5336 1259 5348 ·
1292 5318 1422 5371 ὡσεὶ
1454 5322 1547 5373 καὶ
1590 5323 1758 5393 ἰατρῷ
1782 5341 1867 5387 τις
1899 5325 1968 5378 τὰ

393 5404 482 5456 διὰ
533 5405 803 5477 καυτῆρος
858 5409 952 5461 καὶ
1015 5408 1233 5481 σιδήρου
1285 5414 1379 5464 καὶ
1422 5414 1633 5485 πικρῶν
1679 5417 1968 5471 ἀντιδότων

395 5497 756 5566 προσφέροντι
788 5498 1111 5571 βοηθήματα
1130 5502 1221 5554 ἐπὶ
1247 5503 1513 5577 θεραπείᾳ
1536 5507 1737 5573 πάθους
1759 5510 1971 5564 ύποκείυ

396 5601 555 5653 μενος
588 5585 764 5657 λέγοι·
800 5589 889 5660 Μὴ
915 5589 1001 5643 διὰ
1029 5592 1196 5661 πυρός
1225 5610 1290 5663 με
1322 5595 1683 5669 θεραπεύσῃς,
1718 5600 1853 5670 μηδὲ
1882 5600 1967 5655 διὰ

395 5675 611 5747 σιδήρου
642 5678 739 5733 καὶ
769 5680 973 5750 τομῶν,
1030 5683 1165 5737 ἀλλά
1197 5684 1283 5738 διὰ
1309 5686 1484 5755 ἠπίων
1527 5689 1620 5742 καὶ
1650 5691 1967 5761 πραοτέριυν

394 5769 719 5837 φαρμάκων.
762 5773 819 5825 '0
848 5773 954 5843 γὰρ
986 5776 1226 5841 τοιοῦτος
1266 5778 1325 5830 ού
1389 5779 1483 5847 τὴν
1533 5780 1825 5848 θεραπείαν
1864 5784 1962 5850 ἀρ-

2076 4601 2209 4641 usus
2240 4586 2397 4656 quasi
2431 4584 2790 4640 delinimento
2841 4585 2908 4639 ad
2958 4583 3220 4639 medelam
3276 4585 3471 4638 anima:
3510 4600 3645 4639 suae.

2074 4674 2539 4748 Supplicationem
2574 4676 2757 4745 itaque
2800 4674 2909 4730 Deo
2942 4674 3163 4738 emittit,
3191 4690 3298 4743 qua
3341 4675 3477 4729 iram
3518 4674 3644 4743 qui-

2070 4767 2194 4823 dem
2239 4769 2597 4838 peccantibus
2651 4768 2910 4823 omnibus
2969 4768 3366 4837 impendentem
3410 4766 3647 4831 avertit,

2072 4861 2408 4931 vocibusque
2435 4861 2650 4916 eximia:
2690 4859 3058 4916 confessionis
3105 4861 3305 4915 b0num
3355 4858 3645 4913 Dominum

2070 4959 2369 5028 propitium
2402 4957 2506 5013 sibi
2550 4955 2701 5011 facit.
2741 4956 2878 5011 Cum
2914 4970 3045 5010 vero
3080 4955 3175 5017 ait,
3215 4954 3465 5021 Domine,
3499 4971 3563 5008 ne
3591 4955 3646 5007 in

2069 5049 2248 5118 furore
2288 5056 2377 5100 tuo
2426 5062 2623 5116 arguas
2678 5063 2791 5111 me,
2849 5062 2961 5100 non
3015 5045 3490 5114 reprehensionem
3550 5043 3647 5099 de-

2070 5146 2301 5203 trectat,
2336 5138 2434 5193 sed
2482 5153 2609 5192 cum
2649 5137 2836 5192 lurore
2880 5135 3264 5205 conjunctam;
3307 5151 3483 5207 neque
3521 5151 3647 5189 cor-

2069 5231 2376 5302 reptionem
2406 5227 2569 5298 fugit,
2606 5229 2860 5285 sed-cum
2911 5228 2993 5282 ira
3040 5227 3241 5284 editam
3269 5246 3289 5284 :.
3317 5243 3382 5283 ac
3429 5228 3477 5283 si
3521 5241 3647 5297 quis

2070 5323 2284 5378 medico
2317 5337 2413 5391 per
2444 5320 2815 5385 adustionem,
2850 5318 3057 5374 ferrum
3089 5330 3144 5374 et
3175 5319 3373 5374 acerba
3404 5319 3646 5373 remedia

2070 5411 2316 5466 levamen
2345 5408 2521 5463 morbi
2558 5408 2806 5464 ollerenti
2856 5407 3140 5477 subjectus
3168 5409 3353 5463 dicat:
3405 5407 3485 5463 Ne
3512 5401 3644 5462 milii

2071 5502 2273 5574 ignem,
2303 5516 2371 5557 ne
2402 5500 2630 5565 ferrum,
2660 5516 2729 5557 ne
2752 5502 3030 5557 sectiones
3056 5499 3125 5555 ad
3161 5501 3428 5557 medelam
3457 5500 3647 5555 admo-

2070 5611 2221 5660 veas,
2268 5594 2362 5649 sed
2414 5592 2595 5647 dulcia
2649 5593 2977 5664 mitioraque
3016 5594 3293 5651 remedia:
3342 5593 3469 5649 talis
3500 5594 3644 5649 enim

2069 5689 2237 5743 homo
2260 5702 2368 5743 non
2399 5690 2736 5743 curationem
2767 5690 2976 5755 abnuit,
3018 5690 3112 5746 sed
3149 5689 3423 5746 duriorem
3455 5690 3637 5759 opitu-

2070 5785 2217 5843 landi
2251 5786 2539 5843 rationem.
2596 5784 2926 5857 Plerumque
2972 5795 3151 5845 autem
3184 5787 3442 5854 diximus,
3506 5787 3642 5841 iram
