4094 6378
458 333 564 388 379
1109 330 1374 386 EUSEBII
1405 329 1879 386 CESARIENSIS
1917 329 2068 386 OPP.
2111 330 2290 386 PARS
2329 330 2414 385 Ill.
2454 362 2524 373 —
2551 330 2959 388 EXEGETICA.
3597 339 3700 388 540

457 458 511 504 et
537 448 776 502 furorem
812 445 905 501 Dei
935 446 987 500 in
1019 445 1281 502 divinitus
1311 448 1528 504 traditis
1559 446 1882 519 Scripturis,
1911 464 2019 502 non

2123 453 2313 513 νεῖται,
2336 449 2470 502 άλλά
2499 449 2591 502 τὸν
2621 450 2877 502 ἐπίπονον
2927 447 3125 519 τρόπον
3163 447 3270 499 τῶν
3322 444 3698 517 βοηθημάτων.

456 539 625 592 animi
657 546 839 594 motus
863 539 917 592 in
953 537 1060 593 Deo
1087 540 1418 610 signiﬁcare,
1447 555 1574 594 nam
1605 540 1674 594 ab
1699 541 1766 594 iis
1793 553 2019 594 vacuum

2129 540 2394 603 Πολλάκις
2425 539 2481 592 δὲ
2533 539 2765 610 εἴρηται,
2797 539 2873 602 ὡς
2911 538 3048 610 ὀργὴ
3079 538 3174 592 καὶ
3197 537 3365 608 θυμὸς
3389 537 3523 591 Θεοῦ
3552 539 3704 608 λεγό-

457 631 670 686 Numen
711 642 826 700 est;
858 632 952 687 sed
986 648 1082 703 per
1129 635 1540 690 translationem
1586 634 1702 688 haec
1753 634 1927 688 solent
1971 633 2019 686 in

2131 649 2267 702 μενα
2321 635 2378 684 ἐν
2429 634 2547 695 ταῖς
2577 631 2950 694 θεοπνεύστοις
3006 633 3044 682 Γ
3049 632 3246 702 ραφαῖς
3277 631 3337 682 ού
3386 630 3533 702 πάθη
3576 631 3703 702 περὶ

459 721 748 794 Scriptura
790 725 1090 788 nominari,
1125 726 1582 795 quemadmodum
1639 726 1805 791 oculi,
1841 740 2026 792 aures,

459 830 675 878 manus,
710 815 884 886 digiti,
918 817 1084 887 pedes
1114 830 1165 874 et
1195 820 1404 890 reliqua
1439 820 1715 874 membra:
1758 835 1879 889 qua:
1914 820 2029 886 ipse

457 907 774 963 hominibus
823 910 1033 964 utiliter
1080 909 1393 979 dispensat,
1449 911 1760 965 auditorum
1817 910 2029 979 simpli-

455 997 606 1052 citati
636 1013 696 1052 se
742 1006 1134 1069 attemperans.
1174 1001 1265 1055 Sic
1315 1002 1483 1073 igitur
1529 1001 1765 1055 inﬂictas
1819 1016 1886 1054 ex
1932 1000 2028 1054 Dei

449 1085 660 1155 judicio
729 1091 1087 1157 peccantibus
1138 1107 1368 1160 poenas,
1425 1108 1546 1162 quae
1599 1108 1732 1147 sane
1787 1093 2028 1146 molesta:

455 1175 772 1244 acerbaeque
806 1178 1139 1246 patientibus
1170 1189 1320 1245 snnt,
1354 1183 1512 1252 quasi
1542 1197 1608 1236 es
1641 1183 1720 1235 ira
1756 1191 1807 1236 et
1843 1183 2028 1238 furore

455 1261 699 1320 invectas
729 1265 1035 1321 adumbrat.
1083 1267 1199 1323 Hoc
1251 1275 1435 1340 itaque
1481 1271 1639 1326 docet
1695 1288 1853 1327 sacer
1883 1273 2029 1342 Apo-

455 1355 631 1411 stolus
673 1357 897 1422 dicens,
952 1358 1251 1414 Secundum
1299 1373 1475 1418 autem
1536 1363 1792 1418 duritiam
1841 1375 2024 1431 tuam,

452 1457 505 1502 et
533 1449 859 1516 imptenitens
887 1466 999 1513 cor,
1034 1451 1364 1508 thesaurizas
1415 1455 1507 1509 tibi
1543 1456 1682 1508 iram
1715 1457 1769 1510 in
1796 1457 1880 1510 die
1908 1458 2022 1521 ine,

454 1549 504 1592 et
531 1540 862 1594 reuelationis
880 1541 1017 1610 justi
1038 1542 1235 1611 judicii
1270 1544 1387 1610 Dei,
1421 1547 1509 1616 qui
1544 1546 1720 1600 reddet
1751 1548 2028 1619 unicuique

455 1638 742 1694 secundum
772 1655 930 1709 opera
974 1639 1087 1708 ejus
1110 1642 1155 1672 ⁸ο
1183 1661 1196 1696 :
1233 1657 1298 1696 ac
1329 1643 1373 1697 si
1408 1644 1532 1713 quis
1553 1643 1807 1698 inductas
1837 1660 1868 1698 a
1911 1645 2028 1714 lege

456 1726 745 1783 bomicidis
786 1744 1000 1798 pennas,
1039 1731 1174 1784 iram
1222 1747 1285 1786 ac
1326 1733 1562 1789 furorem
1602 1735 1871 1806 appellet;
1915 1751 2024 1792 non

2126 723 2216 775 τὸν
2246 723 2382 776 Θεὸν
2412 723 2685 794 σημαίνει,
2721 723 2921 786 παντὸς
2953 723 3061 794 γὰρ
3100 723 3302 785 πάθους
3333 723 3610 794 ἀλλότριον
3641 724 3703 778 τὸ

2127 813 2280 869 Θεῖον
2301 832 2313 844 °
2351 816 2490 868 κατὰ
2522 815 2831 886 μεταφορὰν
2863 815 2918 868 δὲ
2950 815 3018 868 τά
3039 815 3263 869 τοιαῦτα
3291 815 3478 869 εἴωθεν
3505 816 3704 887 ὀνομά-

2130 903 2241 969 ζειν
2261 909 2288 959 ὁ
2303 907 2402 976 τῆς
2431 907 2654 977 Γραφῆς
2683 906 2855 974 λόγος,
2886 906 2960 970 ὡς
2982 907 3076 959 καὶ
3103 905 3415 976 ὀφθαλμοὺς
3431 906 3589 969 Θεοῦ,
3610 909 3703 961 καὶ

2128 990 2242 1050 ὦτα
2299 998 2391 1050 καὶ
2449 1000 2636 1067 χεῖρας
2669 996 2763 1050 καὶ
2814 996 3129 1060 δακτύλους,
3169 997 3264 1048 καὶ
3313 997 3480 1060 πόδας
3509 997 3702 1050 καὶτὰ

2127 1090 2288 1144 λοιπά
2337 1089 2504 1160 μέλη’
2555 1089 2698 1159 άπερ
2749 1089 2824 1150 ὼς
2877 1087 3013 1158 πρὸς
3060 1087 3375 1159 ἀνθρώπους
3417 1088 3703 1160 χρησίμως

2127 1185 2508 1251 οἰκονομεῖται,
2535 1178 2842 1248 συγκατιὼν
2870 1182 2936 1250 τῇ
2967 1179 3072 1234 τῶν
3114 1181 3476 1252 ἀκροωμένων
3509 1184 3703 1251 νηπιό-

2125 1289 2269 1342 τητι.
2306 1272 2492 1335 Οῦτως
2528 1267 2620 1324 οὖν
2659 1271 2753 1322 καὶ
2786 1270 2886 1334 τὰς
2925 1273 3268 1342 ἐπαγομένας
3304 1273 3572 1344 τιμωρίας
3592 1277 3702 1338 τοῖς

2127 1364 2501 1434 ἁμαρτάνουσι
2522 1363 2662 1416 κατὰ
2690 1363 2822 1416 Θεοῦ
2847 1364 3047 1434 κρίσιν,
3069 1363 3396 1432 σκυθρωπάς
3420 1363 3584 1428 οῦσας
3609 1367 3703 1419 καὶ

2127 1456 2383 1524 ἀλγεινὰς
2412 1458 2525 1518 τοῖς
2567 1455 2886 1525 πάσχουσιν,
2916 1455 3114 1508 ὡσανεὶ
3135 1455 3195 1518 ἐξ
3224 1457 3392 1526 ὀργῆς
3413 1456 3506 1509 καὶ
3529 1456 3700 1526 θυμοῦ

2129 1548 2476 1617 ἐπαγομένας
2505 1547 2893 1604 ὐποτυποῦται.
2933 1543 3100 1602 Τοῦτο
3130 1547 3522 1624 γοῦν-διδάσκει
3548 1551 3642 1602 καὶ
3675 1552 3703 1604 ὁ

2131 1639 2276 1710 ἱερὸς
2304 1639 2624 1702 Ἀπόστολος
2649 1639 2850 1707 λέγων·
2885 1643 3044 1694 Κατὰ
3079 1639 3146 1692 δὲ
3177 1638 3290 1707 τὴν
3317 1641 3704 1709 σκληρότητὰ

2129 1744 2245 1782 σου
2263 1728 2361 1782 καὶ
2387 1730 2792 1798 ἀμετανόητον
2802 1728 3051 1797 καρδίαν
3066 1730 3434 1797 θησαυρίζεις
3468 1733 3703 1798 σεαυτῷ

454 1817 600 1885 quod
628 1834 813 1873 revera
849 1820 932 1874 lex
965 1821 1042 1874 ira
1069 1833 1121 1876 et
1152 1821 1336 1877 furore
1377 1825 1726 1894 corripiatur,
1761 1825 1855 1881 sed
1877 1828 2019 1897 quod

2124 1820 2310 1890 ὀργὴν
2322 1820 2392 1873 ὲν
2409 1820 2594 1889 ἡμέρᾳ
2610 1819 2791 1890 ὀργῆς
2803 1822 2900 1874 καί
2913 1823 3352 1889 ἀποκαλύψεως
3366 1823 3463 1876 καὶ
3480 1822 3701 1877 δικαιο-

456 1909 505 1963 is
529 1910 622 1980 qui
651 1912 977 1982 supplicium
1006 1914 1128 1976 luit,
1161 1914 1399 1971 inﬂictas
1424 1933 1611 1986 pugnas
1643 1935 1742 1988 pro
1772 1920 1850 1973 ira
1888 1920 2023 1989 legis

454 1996 671 2052 habeat.
705 1997 823 2052 Jam
857 2015 990 2055 vero
1033 2002 1254 2070 maligni
1304 2019 1521 2074 quoque
1569 2004 1884 2074 daemones,
1931 2005 2023 2075 qni

455 2091 841 2160 suppliciorum
873 2093 1052 2162 impiis
1083 2094 1357 2148 illatorum
1382 2096 1616 2151 ministri
1642 2103 2024 2160 sunt,necnon

453 2183 684 2238 virtutes
720 2183 814 2238 Dei
873 2185 1252 2253 administrat,
1303 2189 1384 2242 ira
1429 2199 1482 2244 et
1533 2189 1686 2244 furor
1735 2198 2020 2245 vocantur.

451 2273 655 2330 Eodem
705 2277 867 2332 modo
918 2278 985 2332 de
1037 2279 1223 2334 decem
1271 2281 1446 2351 plagis
1491 2291 1682 2336 contra
1736 2282 2024 2353 Egyptios

452 2365 715 2422 immissis
740 2368 946 2422 dictum
981 2379 1085 2433 est,
1125 2370 1276 2425 Misit
1317 2373 1372 2426 in
1401 2390 1488 2427 eos
1521 2374 1753 2443 furorem
1782 2384 1831 2427 et
1861 2375 2020 2437 iram,

449 2455 827 2512 immissionem
865 2476 958 2529 per
988 2463 1198 2531 angelos
1225 2464 1394 2518 malos
1417 2465 1485 2518 ⁸³.
1527 2464 1621 2520 Sic
1671 2467 1893 2521 dextera
1928 2467 2022 2523 Dei

449 2542 711 2600 dicuntur
760 2549 900 2604 bona
949 2565 1045 2618 per
1085 2551 1340 2606 dexteras
1397 2553 1678 2624 bonasque
1724 2565 2024 2624 potestates

450 2631 629 2703 dignis
661 2637 1096 2692 subministrata.
1133 2637 1415 2710 Supplicat
1459 2643 1643 2713 itaque
1679 2643 1870 2708 David,
1899 2663 1966 2702 ne
1991 2662 2023 2700 a

451 2724 706 2792 malignis
733 2729 1097 2795 potestatibus
1119 2740 1470 2801 coarguatur,
1488 2750 1664 2804 neque
1683 2735 2024 2794 immissione

450 2816 767 2884 angelorum
813 2821 1055 2876 tristium
1108 2824 1482 2893 corripiatur;
1539 2827 1632 2881 sed
1691 2829 2023 2885 salutaribus

403 2973 415 2990 '
451 2904 654 2968 verbis,
672 2907 1006 2979 utilibusque
1035 2908 1362 2981 disciplinis,
1383 2921 1436 2968 et
1466 2915 1574 2968 alio
1594 2932 1810 2986 quoque
1836 2919 2019 2982 modo,

450 3005 604 3065 regat
630 3013 699 3052 ne
730 3009 976 3055 servetur
1007 3004 1074 3058 ad
1105 3003 1247 3064 diem
1293 3007 1387 3062 irae
1411 3016 1464 3062 et
1494 3009 1843 3064 revelationis
1885 3011 2022 3080 justi

446 3086 641 3160 iudicii
677 3089 795 3158 Dei,
823 3093 915 3147 sed
939 3093 1050 3162 jam
1091 3095 1143 3150 in
1180 3099 1436 3168 praesenti
1475 3100 1582 3154 vita
1609 3109 1663 3154 et
1713 3110 1838 3155 ante
1872 3118 2020 3156 mor-

453 3188 560 3242 tem
591 3189 813 3248 peccata
837 3184 1004 3250 cluat,
1041 3187 1185 3259 quod
1223 3187 1410 3258 utique
1433 3197 1629 3245 nactus
1652 3198 1755 3245 est.
1795 3191 1859 3245 Et
1890 3208 2019 3248 vero

449 3270 664 3329 videtur
689 3288 905 3341 poenam
949 3276 1186 3346 dedisse,
1219 3294 1316 3348 per
1362 3281 1700 3336 calamitates
1729 3292 1853 3337 ante
1901 3283 2021 3337 obi-

449 3368 564 3421 tum
586 3363 689 3433 ipsi
719 3365 918 3430 illatas,
946 3375 1005 3420 ut
1031 3385 1093 3423 ex
1120 3367 1430 3444 Regnorum
1453 3371 1682 3426 historia
1705 3373 2017 3430 didicimus.

448 3451 567 3516 Alia
611 3469 829 3524 quoque
871 3458 1083 3514 ratione
1115 3460 1183 3515 de
1240 3477 1300 3518 se
1353 3463 1469 3532 ipse
1511 3477 1702 3532 poenas
1745 3467 2017 3536 sumpsit,

446 3540 576 3596 dum
611 3560 670 3599 se
711 3547 766 3599 in
810 3549 978 3602 variis
1018 3551 1384 3612 confessionis
1419 3554 1594 3610 modis
1634 3555 2018 3614 afﬂictionibus

446 3633 675 3696 dedidit,
708 3635 822 3692 Hoc
857 3646 1016 3706 pacto
1053 3641 1216 3694 etiam
1250 3643 1490 3714 loquitur
1521 3663 1532 3697 :
1571 3643 1628 3698 Si
1657 3646 1786 3715 quid
1827 3663 2018 3717 perpe-

446 3727 610 3791 travi,
635 3743 744 3797 quo
765 3729 962 3799 dignus
1001 3731 1104 3786 sim
1138 3733 1228 3800 qui
1256 3749 1284 3786 a
1315 3735 1502 3792 furore
1526 3751 1763 3806 arguar;
1793 3747 1845 3792 at
1878 3721 2016 3796 resi-

446 3817 666 3892 piscens
697 3834 828 3888 rogo
861 3828 916 3875 ut
953 3836 982 3874 a
1012 3823 1198 3887 verbo,
1228 3839 1337 3877 non
1381 3840 1411 3878 a
1459 3825 1642 3885 furore
1687 3843 1920 3899 arguar;
1959 3838 2012 3885 et

447 3922 479 3960 a
515 3907 782 3974 doctrina,
812 3927 920 3965 non
955 3913 1022 3967 ab
1050 3914 1128 3968 ira
1155 3916 1442 3987 corripiar.

2125 1914 2361 1982 κρίσιας
2373 1912 2478 1967 τοῦ
2497 1912 2664 1976 Θεοῦ,
2681 1913 2748 1978 ὃς
2758 1912 3053 1967 ἀποδώσει
3069 1913 3303 1981 ἑκάστῳ
3311 1915 3460 1967 κατὰ
3478 1914 3547 1968 τὰ
3558 1915 3704 1986 ἔργα

2123 2005 2308 2059 αὑτοῦ
2331 2022 2346 2036 °
2370 2006 2444 2068 ὡς
2475 2004 2528 2056 εἷ
2555 2021 2639 2066 τις
2674 2005 2884 2068 καὶτὰς
2903 2007 2966 2058 ὲκ
3005 2005 3098 2057 τοῦ
3116 2006 3278 2077 νόμου
3296 2006 3370 2076 τῷ
3397 2005 3703 2078 ἀνδροφόνῳ

2124 2094 2508 2164 ὲπηρτημένας
2531 2094 2774 2157 κολάσεις
2790 2094 2956 2165 ὀργὴν
2995 2097 3088 2148 καὶ
3105 2097 3272 2167 θυμὸν
3294 2097 3548 2168 ὀνομάζοι
3563 2115 3575 2127 ’
3602 2099 3702 2152 οὐκ

2124 2186 2337 2257 άληθῶς
2352 2184 2444 2239 τοῦ
2460 2185 2624 2254 νόμου
2641 2185 2979 2257 θυμουμένου
3011 2188 3104 2240 καὶ
3127 2189 3502 2259 ὀργιζομένου,
3530 2190 3623 2243 τοῦ
3643 2192 3702 2244 δὲ

2123 2279 2481 2349 κολαζομένου
2504 2279 2670 2350 ὀργὴν
2699 2280 2792 2334 τοῦ
2816 2282 2979 2350 νόμου
3001 2282 3098 2352 τὴν
3124 2284 3392 2352 τιμωρίαν
3413 2284 3676 2354 ύπειληφό
3691 2320 3702 2326 -

2121 2376 2378 2445 τος.Ἤδη
2391 2375 2447 2428 δὲ
2463 2375 2558 2428 καὶ
2571 2375 2621 2426 οἱ
2640 2373 2736 2436 τὰς
2753 2373 2999 2438 κολάσεις
3018 2375 3419 2446 διακονούμενοι
3437 2364 3581 2429 κατὰ
3594 2376 3700 2429 τῶν

2123 2468 2332 2522 ἀσεϐῶν
2367 2470 2590 2540 πονηροὶ
2614 2468 2886 2538 δαίμονες,
2918 2468 2976 2520 αϊ
3006 2485 3065 2520 τε
3097 2469 3426 2539 ὑπηρετικαὶ
3441 2469 3700 2539 δυνάμεις

2121 2561 2215 2613 τοῦ
2233 2560 2366 2614 Θεοῦ
2381 2563 2436 2613 αἱ
2452 2560 2669 2622 τοιαίδε,
2682 2560 2816 2631 ὀργὴ
2830 2562 2923 2613 καὶ
2938 2559 3105 2630 θυμὸς
3123 2559 3699 2631 ὠνομάσθησαν,υῦτω

2122 2651 2252 2718 γοῦν
2301 2651 2514 2722 εἴρηται
2563 2653 2619 2703 ἐν
2661 2651 2736 2720 τῷ
2779 2650 3036 2721 περὶτῆς
3064 2651 3408 2722 δεκαπλήγου
3433 2652 3530 2721 τῆς
3575 2653 3695 2704 κατ’

2122 2741 2432 2808 Αἰγυπτίων
2479 2739 2811 2811 ἐπαχθείσης
2845 2740 2987 2810 λόγῳ
3033 2741 3125 2792 τό·
3176 2741 3562 2794 Ἀπέστειλεν
3603 2740 3695 2792 ἐπ’

2121 2829 2342 2895 αὐτοὺς
2373 2831 2563 2899 θυμὸν
2589 2831 2688 2883 καὶ
2714 2830 3292 2900 ὀργίρν,ἀυτοστολὴν
3317 2831 3392 2884 δι’
3428 2831 3699 2900 ἀγγέλων

2123 2920 2418 2989 πονηρῶν.
2469 2921 2622 2974 Οὕτω
2667 2919 2816 2985 δεξιὰ
2865 2921 3112 2974 λέλεκται
3170 2921 3304 2974 Θεοῦ
3357 2921 3427 2974 τὰ
3466 2921 3554 2974 διὰ
3589 2920 3696 2974 τῶν

2121 3011 2308 3078 δεξιῶν
2365 3013 2458 3065 καὶ
2509 3013 2736 3081 ¹όιγαθῶν
2767 3013 3045 3083 δυνάμεων
3092 3017 3204 3076 τοῖς
3236 3013 3405 3078 ἀξίοις
3435 3013 3699 3085 χορηγού-

2127 3119 2278 3172 μενα.
2339 3103 2588 3158 Ίκετεύει
2650 3105 2824 3158 τοίνυν
2880 3108 2907 3158 ὁ
2947 3104 3108 3158 Δαυῒδ
3164 3106 3240 3176 μὴ
3294 3105 3382 3158 διὰ
3443 3105 3697 3176 πονηρῶν

2120 3195 2400 3266 δυνάμεων
2427 3196 2777 3272 ἐλεγχθῆναι,
2815 3199 2948 3270 μηδὲ
2989 3199 3055 3252 δι’
3107 3198 3408 3270 ἀποστολῆς
3449 3198 3698 3266 ἀγγέλων

2124 3287 2462 3364 σκυθρωπῶν
2512 3289 2898 3360 παιδευθῆναιο
2942 3290 3029 3344 διὰ
3066 3289 3239 3358 λόγων
3289 3290 3346 3343 δὲ
3391 3290 3694 3362 σωτηρίων,

2121 3379 2213 3432 καὶ
2250 3379 2584 3449 μαθημάτων
2628 3381 2925 3452 ὠφελίμων
2967 3383 3059 3438 καὶ
3105 3382 3277 3446 ἄλλως
3322 3382 3382 3436 δὲ
3429 3383 3697 3436 ἀντιϐολεῖ

2126 3470 2200 3541 μὴ
2227 3471 2528 3542 τηρηθῆναι
2569 3475 2648 3536 εἰς
2699 3475 2912 3545 ἡμέραν
2960 3475 3128 3544 ὀργῆς
3162 3475 3254 3528 καὶ
3299 3475 3696 3543 ἀποκαλύψεως

2122 3562 2216 3614 καὶ
2264 3563 2659 3636 δικαιοκρισίας
2701 3565 2793 3618 τοῦ
2846 3565 3002 3627 Θεοῦ,
3045 3566 3144 3636 ἤδη
3185 3566 3241 3617 δὲ
3283 3565 3527 3623 ἐντεῦθεν
3554 3565 3694 3618 κατὰ

2119 3653 2210 3707 τὸν
2245 3655 2485 3724 παρόντα
2516 3656 2630 3726 βίον
2655 3656 2758 3728 πρὸ
2784 3658 2881 3728 τῆς
2912 3652 3168 3726 τελευτῆς
3197 3657 3598 3716 ἀπολούσασθαι
3627 3659 3695 3711 τὰ

2119 3743 2522 3814 ἁμαρτήματα·
2567 3747 2660 3798 καὶ
2705 3746 2859 3816 ἔτυχέ
2911 3764 2971 3815 γε
3017 3746 3110 3798 τοῦ
3163 3747 3384 3800 σκοποῦ.
3441 3746 3695 3800 Φαίνεται

2116 3835 2246 3902 γοῦν
2277 3835 2430 3907 δίκην
2459 3837 2727 3900 δεδωκὼς,
2757 3838 2822 3890 δι’
2846 3831 2920 3891 ὧν
2949 3837 3114 3890 ἔπαθε
3149 3839 3253 3908 πρὸ
3291 3839 3389 3908 τῆς
3416 3837 3694 3907 τελευτῆς,

2113 3925 2188 3989 ὡς
2227 3930 2290 3980 ὲκ
2339 3929 2440 3998 τῆς
2496 3931 2729 4007 ἱστορίας
2778 3931 2883 3984 τῶν
2932 3930 3226 3984 Βασιλειῶν
3274 3931 3690 4001 μεμαθήκαμεν.

447 3999 557 4094 Καὶ
583 3999 764 4094 ἄλλως,
816 4001 866 4062 δὲ
915 4005 1074 4067 αὐτὸς
1128 4006 1315 4066 ἑαυτὸν
1370 4011 1688 4080 ἐτιμωρεῖτο
1753 4014 2030 4078 παντοίαις
2090 4018 2403 4074 ὑποϐάλλων
2453 3999 2758 4082 κακώσεσιν
2813 4025 2867 4076 ἐν
2915 4026 3024 4086 τοῖς
3091 4024 3186 4094 τῆς
3247 3999 3686 4094 ἐξομολογήσεως

445 4089 684 4162 τρόποις,
731 4093 838 4187 Kal
886 4095 1069 4158 dum;
1118 4097 1174 4150 δέ
1215 4116 1409 4168 φησιν·
1440 4104 1487 4154 εί
1545 4103 1854 4173 πέπρακταί
1922 4125 2006 4178 μοι
2044 4112 2281 4166 τοιοῦτον
2343 4116 2428 4184 ἐφ’
2456 4112 2536 4178 οἷς
2585 4116 2729 4182 ἄξιον
2797 4117 2902 4170 ὑπὸ
2964 4089 3696 4187 θυμοῦ-ἐλεγχθῆναιίάλλά

445 4193 508 4278 γε
552 4184 895 4278 μετανοήσας
943 4188 1243 4257 παρακαλῶ
1284 4190 1388 4242 ὑπὸ
1430 4190 1606 4260 λόγου,
1653 4195 1747 4248 καὶ
1803 4195 1877 4267 μὴ
1931 4194 2034 4251 ὑπὸ
2073 4201 2242 4273 θυμοῦ
2288 4206 2626 4276 ἐλεγχθῆναι,
2663 4209 2756 4260 καὶ¹
2812 4207 2916 4261 ὑπὸ
2946 4184 3432 4271 διδασκα).ίας,καὶ
3467 4207 3541 4278 μὴ
3590 4203 3694 4256 ὑπὸ

445 4270 614 4343 ὀργῆς
650 4277 1016 4349 παιδευθῆναι.

516 4388 683 4446 Vens.
715 4392 768 4447 5.
806 4393 1066 4459 Quoniam
1111 4401 1314 4470 sagitta:
1366 4412 1470 4458 tua:
1505 4405 1684 4474 inﬁxa:
1706 4417 1826 4461 sunt
1866 4409 2011 4463 mihi.

2193 4412 2311 4465 Ὅτι
2331 4412 2401 4467 τὰ
2422 4412 2579 4479 βέλη
2619 4427 2733 4485 σου
2773 4410 3156 4480 ἐνεπιίγησάν
3193 4429 3312 4480 μοι.
3362 4414 3419 4464 '0
3451 4412 3548 4481 μὲν
3584 4410 3693 4483 γάρ

384 4517 391 4528 ς
447 4482 727 4555 Siquidem
775 4489 975 4545 athleta
1019 4491 1143 4556 Job,
1174 4495 1358 4548 omnia
1409 4500 1772 4553 tentationum
1812 4517 2012 4570 genera

2121 4503 2353 4574 ἀθλητὴς
2396 4503 2532 4567 Ἰὼϐ,
2569 4482 2850 4566 παντοίους
2878 4502 3175 4572 ὑπομείνας
3209 4504 3566 4572 πειρασμοῦς,
3593 4503 3692 4555 ούκ

445 4592 758 4646 perpessus,
793 4595 902 4633 non
934 4583 1216 4651 ignorabat
1253 4585 1521 4640 undenam
1555 4588 1668 4643 haec
1701 4591 1804 4644 sibi
1832 4592 2015 4645 eveni-

443 4673 587 4732 rent,
634 4683 804 4736 quare
829 4667 1049 4723 dicebat
1081 4689 1093 4724 :
1140 4670 1363 4741 Sagitta:
1402 4676 1541 4728 enim
1598 4676 1811 4730 Domini
1848 4681 1900 4736 in
1926 4697 2014 4734 ore

439 4775 554 4818 meo
579 4770 721 4825 sunt,
760 4779 984 4831 quarum
1016 4764 1099 4818 ira
1118 4781 1286 4818 meum
1315 4767 1471 4820 ebibit
1493 4771 1800 4840 sanguinem
1826 4772 1890 4826 θ’.
1914 4771 2015 4830 Da,-

437 4853 528 4907 vid
561 4862 739 4907 autem
772 4870 881 4910 non
909 4856 964 4909 in
987 4871 1216 4926 corpore
1245 4860 1407 4912 veluti
1435 4859 1536 4916 Job
1569 4863 1740 4933 plagis
1765 4863 2011 4929 aifectus,

439 4945 536 5000 sed
565 4946 615 5000 in
649 4947 766 5016 ipsa
797 4949 977 5004 anima
1017 4950 1162 5004 letali
1187 4953 1414 5007 vulnere
1443 4954 1756 5019 confossus,
1797 4973 1905 5012 non
1939 4959 2014 5014 ait

434 5039 898 5105 quemadmodum
954 5039 1095 5095 Job:
1131 5041 1352 5112 Sagittae
1400 5045 1614 5101 Domini
1668 5050 1721 5101 in
1767 5066 1854 5103 ore
1895 5067 2008 5104 meo

437 5136 595 5190 sunt;
622 5127 719 5183 sed
750 5148 762 5183 :
801 5129 1066 5195 Quoniam
1103 5134 1315 5203 sagitta:
1349 5144 1449 5190 tua:
1479 5137 1659 5206 inﬁxis
1707 5151 1829 5193 sunt
1858 5142 2006 5206 mihi,

436 5228 486 5276 et
517 5222 848 5290 conﬁrmasti
867 5241 1024 5293 super
1058 5243 1137 5280 me
1177 5244 1388 5282 manum
1419 5240 1582 5283 tuam.
1614 5231 1706 5287 Ille
1730 5250 1858 5288 vero
1893 5251 2008 5288 ma-

437 5324 568 5363 num
600 5310 695 5365 Dei
728 5327 993 5370 memorat
1025 5317 1111 5372 bis
1143 5320 1326 5374 verbis
1360 5339 1373 5376 :
1413 5320 1607 5376 Manus
1633 5325 1770 5378 enim
1796 5325 2010 5381 Domini

435 5409 513 5454 est
543 5417 659 5470 qua:
682 5405 850 5474 tetigit
891 5407 1048 5462 me”.
1079 5409 1337 5467 Diabolus
1369 5424 1549 5468 autem
1582 5413 1810 5468 Domino
1826 5417 1963 5470 dixit
1993 5437 2005 5471 :

436 5488 592 5545 Mitte
625 5511 838 5550 manum
871 5506 1036 5563 tuam,
1063 5510 1112 5554 et
1137 5510 1288 5572 tange
1315 5506 1490 5558 omnia
1513 5521 1629 5574 quae
1653 5506 1804 5561 habet
1827 5509 1875 5540 ⁸⁵
1910 5528 1922 5562 :
1955 5517 2009 5564 et

436 5597 658 5647 rursum
690 5607 706 5643 τ
737 5587 890 5644 Mitte
919 5608 1134 5648 manum
1182 5604 1329 5649 tuam
1390 5606 1438 5650 et
1467 5607 1618 5669 tange
1647 5616 1857 5654 carnem
1893 5602 2006 5670 ejus

508 5739 553 5775 ³ο
591 5739 747 5799 Rom.
788 5760 854 5812 ιι,
891 5747 942 5812 5,
973 5751 1025 5802 6.
1103 5751 1144 5783 ⁸¹
1190 5750 1333 5807 Psal.
1369 5769 1585 5821 Lxxvn,
1621 5756 1709 5810 49.

1857 5758 1900 5789 δ’
1939 5755 2040 5813 Job
2070 5772 2121 5814 vi
2148 5796 2164 5822 ι
2196 5757 2248 5812 4.
2325 5757 2370 5790 ⁸³
2405 5757 2507 5815 Job
2544 5774 2634 5814 six
2661 5797 2674 5821 .
2709 5758 2798 5812 2i.

2120 4596 2304 4665 ἠγνόει
2340 4595 2501 4649 πόθεν
2530 4597 2676 4666 αύτῷ
2709 4596 2856 4649 ταῦτ’
2892 4597 3099 4664 ἐγίνετο
3121 4613 3137 4632 ο·
3165 4596 3246 4648 διὸ
3285 4595 3494 4662 ἔλεγεν·
3533 4593 3691 4661 Βέλη

2121 4689 2229 4756 γὰρ
2265 4689 2486 4755 Κυρίου
2518 4689 2587 4740 ἐν
2615 4687 2692 4754 τῷ
2719 4689 2969 4756 στόματι
2986 4688 3103 4757 μοῦ
3130 4691 3306 4750 εἰσιν,
3335 4681 3422 4740 ὧν
3445 4691 3477 4740 ὀ
3507 4689 3692 4756 θυμὸς

2118 4777 2316 4830 αὐτῶν
2373 4777 2600 4830 ἐκπίνει
2642 4796 2760 4846 μου
2801 4777 2867 4830 τὸ
2933 4773 3094 4846 αἷμα.
3143 4779 3198 4830 '0
3243 4777 3300 4830 δὲ
3341 4777 3603 4840 Δαυῒδ,ού
3630 4777 3690 4829 τὺ

2121 4867 2279 4937 σῶμα
2305 4867 2530 4938 πληγεὶς
2556 4869 2753 4938 ὁμοίως
2785 4869 2863 4938 τῷ
2901 4868 3039 4932 Ἰὼϐ,
3068 4869 3237 4938 αὐτὴν
3278 4868 3334 4924 δὲ
3380 4868 3478 4940 τὴν
3515 4869 3692 4940 ψυχὴν

2118 4958 2336 5028 καιρίαν
2358 4957 2606 5032 τρωθεὶς,
2633 4959 2730 5026 οὐχ
2756 4957 2954 5027 ὁμοίως
2981 4956 3058 5027 τῷ
3098 4955 3214 5008 Ἰὼϐ
3260 4957 3456 5023 φάσκει
3485 4973 3498 4985 ’
3533 4955 3688 5025 Βέλη

2115 5054 2223 5121 γὰρ
2247 5051 2467 5116 Κιιρίου
2495 5050 2565 5102 ἐν
2600 5051 2677 5114 τῷ
2711 5051 2962 5117 στόματί
3000 5066 3118 5118 μου
3145 5048 3348 5100 ἐστίν·
3385 5047 3521 5110 ἀλλ’,
3565 5049 3691 5100 Ὅτι

2116 5139 2186 5192 τὰ
2213 5140 2369 5207 βέλη
2401 5154 2517 5194 σου
2561 5140 2944 5210 ἐνεπάγησάν
2979 5159 3100 5210 μοι,
3151 5141 3246 5195 καὶ
3291 5140 3691 5209 ἐπεστήριξας

2114 5233 2206 5286 ἐπ’
2235 5232 2339 5299 ἐμὲ
2373 5233 2488 5300 τὴν
2507 5232 2673 5302 χεῖρά
2695 5251 2829 5288 σου.
2867 5234 2924 5286 '0
2951 5233 3006 5284 δὲ
3037 5232 3363 5303 μνημονεύει
3390 5234 3485 5304 τῆς
3511 5236 3690 5303 χειρδς

2116 5325 2321 5395 Κυρίου
2350 5325 2521 5394 λέγων
2542 5343 2554 5354 ·
2582 5326 2716 5392 Χεὶρ
2739 5325 2845 5394 γὰρ
2869 5325 3088 5392 Κυρίου
3128 5325 3299 5377 ἐστὶν
3334 5327 3371 5392 ἡ
3409 5324 3686 5393 ἁψαμένη

2110 5433 2248 5484 μου.
2306 5417 2414 5469 Καὶ⁸
2466 5418 2494 5468 ὁ
2538 5416 2778 5479 διάϐολος
2807 5416 2884 5486 τῷ
2907 5417 3116 5486 Κυρίῳ,
3155 5417 3535 5470 Ἀπόστειλον
3574 5413 3690 5482 τὴν

2115 5509 2280 5579 χεῖρά
2306 5528 2420 5563 σου
2444 5510 2538 5563 καὶ
2569 5509 2716 5576 ἅψαι
2746 5508 2986 5562 πάντων
3022 5503 3109 5562 ὧν
3137 5509 3280 5578 ἔχει,
3313 5509 3516 5578 ἔφασκε
3535 5525 3547 5538 ·
3593 5506 3685 5562 καὶ

2116 5601 2275 5658 πάλιν
2295 5619 2307 5631 ·
2354 5603 2730 5658 Ἀπόστειλον
2752 5600 2864 5668 τὴν
2885 5599 3053 5670 χεῖρὰ
3090 5618 3227 5666 σου,
3277 5601 3374 5654 καί
3403 5599 3548 5667 ἅψαι
3565 5595 3685 5654 τῶν

2897 5758 2946 5792 ἠ
2983 5755 3292 5822 10b1,“.
