4094 6378
415 317 517 372 3H

1547 321 2050 379 COMMENTARIA
2085 324 2150 380 IN
2190 324 2532 381 PSALMOS.

3579 329 3686 384 ’5ίὲ

418 439 662 511 σαρκῶν
673 441 859 496 αὐτοῦ
879 443 974 496 καί
993 441 1112 496 τῶν
1132 444 1358 499 ὀστέων
1373 447 1582 502 αὐτοῦ.
1600 446 1736 500 Ἀλλ’
1751 447 1915 518 ἑτέρα
1927 465 2009 511 τις

2117 459 2160 503 et
2191 466 2315 504 ossa
2340 449 2453 518 ejus
2483 445 2758 502 ".Verum
2787 446 2892 500 alia
2927 459 3126 501 manus
3152 450 3364 510 erat,.et
3383 444 3502 500 alia
3516 448 3684 516 sagit-

419 531 488 607 ἦν
505 535 625 606 χεὶρ
640 535 732 588 καὶ
745 535 831 588 ἐτε
839 553 904 607 ρα
918 535 1043 605 βέλη
1062 537 1169 590 ¹τῶν
1185 538 1401 608 σαρκῶν
1413 538 1576 592 αὑτοῦ
1593 539 1660 592 τὰ
1673 539 2007 610 καθικόμενα

421 627 514 680 καὶ
525 627 629 680 τῶν
647 627 971 698 σωματικῶν
1000 629 1112 682 ὑπα
1120 629 1375 700 ρχόντωνο
1392 631 1624 684 ἐνταῦθα
1640 631 1683 684 δ’
1706 631 2008 702 ἐπειδήπερ

419 718 519 790 τὴν
540 718 717 788 ψυχὴν
733 718 900 790 αὐτὴν
917 719 1206 791 νενόσηκεν
1222 723 1250 777 ό
1263 721 1447 788 Δαυῖδ,
1463 723 1622 796 ἐτερα
1639 724 1770 795 βέλη
1786 724 2009 779 καθικέ-

422 810 545 863 σθαι
569 810 734 864 αὐτοῦ
753 812 1032 883 σημαίνει,
1062 813 1156 869 καὶ
1172 813 1368 886 ἑτέραν
1387 819 1545 887 χεῖρα
1566 817 1658 870 τοῦ
1685 817 1817 871 Θεοῦ
1839 813 2010 890 ἧφθαι

419 901 608 968 αὐτοῦ,
650 903 793 958 καθὰ
847 903 1094 975 ἐφθημεν
1151 906 1420 970 εἰπόντες,
1481 907 1549 960 τὰ
1603 907 1796 976 λογικὰ
1845 909 2006 982 βέλη,

423 995 622 1066 μᾶλλον
643 995 699 1048 δέ
726 997 924 1060 αὐτοὺς
955 996 1052 1050 τοῦ
1103 996 1240 1050 Θεοῦ
1289 998 1480 1067 λόγους
1524 999 1815 1064 νύττοντας
1845 1001 2009 1054 αὐτοῦ

419 1089 520 1160 τὴν
550 1088 751 1159 ψυχὴν,
802 1089 896 1146 καὶ
943 1088 1043 1160 τὴν
1103 1090 1409 1160 συνείδησιν
1444 1093 1614 1164 αὐτὴν
1663 1093 2011 1164 τιμωρουμέ-

419 1199 564 1245 νους.
598 1184 824 1252 Μήποτε
851 1182 908 1236 δέ
963 1181 1058 1234 καὶ
1092 1183 1254 1236 αὐτὸν
1283 1184 1372 1236 τὸν
1404 1184 1647 1239 διάϐολον
1679 1187 1774 1239 καὶ
1805 1185 1874 1239 τὰ
1915 1186 2010 1239 τοῦ

418 1274 668 1328 διαϐόλου
696 1274 1070 1346 πεπυρωμένα
1095 1275 1224 1347 βέλη
1258 1276 1328 1330 τὰ
1344 1276 1623 1346 παθητικὰ
1645 1278 1741 1331 καὶ
1774 1279 2014 1349 ἐρωτικὰ

419 1368 487 1422 τὰ
543 1370 622 1432 είς
673 1367 967 1438 ἐπιθυμίαν
1003 1369 1166 1422 αὐτὸν
1205 1367 1484 1439 saeuam
1529 1371 1628 1440 τῆς
1673 1370 1768 1424 τοῦ
1817 1371 2012 1442 Οὐρίου

420 1460 678 1529 γυναικὸς
736 1460 1028 1530 σημαίνει;
1061 1453 1136 1514 ὧν
1171 1462 1264 1514 καὶ
1312 1465 1340 1515 ὁ
1399 1461 1719 1526 Ἀπόστολος
1775 1462 2014 1515 διδάσκει

419 1553 592 1622 λέγων
612 1569 624 1581 ·
659 1549 1018 1606 Ἀναλάϐετε
1049 1550 1164 1620 τὴν
1181 1553 1528 1606 πανοπλίαν
1551 1553 1658 1606 τοῦ
1677 1553 1848 1618 Θεοῦ,
1867 1553 2016 1621 πρὸς

420 1644 484 1698 τὸ
533 1643 830 1697 δύνασθαι
876 1643 1075 1697 πάντα
1138 1644 1210 1697 τὰ
1253 1643 1650 1713 πεπυρωμένα
1697 1643 1857 1712 βέλη
1908 1645 2014 1698 τοῦ

419 1735 688 1804 πονηροῦ
738 1735 975 1790 σϐέσαι.
1032 1736 1242 1808 Ὠσπερ
1289 1735 1345 1790 δέ
1385 1735 1506 1790 Ἰὼϐ
1540 1737 1608 1791 τά
1635 1737 1722 1791 τοῦ
1763 1735 2012 1791 διαϐόλου

2113 551 2180 598 tae
2209 558 2331 614 qua:
2365 556 2590 598 carnem
2627 548 2683 596 et
2710 556 2976 611 corporea
3005 541 3126 610 ejus
3173 539 3516 610 attingebant
3549 557 3562 593 :
3598 539 3687 592 hic

2111 643 2292 688 autem
2338 635 2466 705 quia
2525 631 2697 687 David
2752 633 2933 686 anima
2963 631 3282 703 aegrotabat,
3315 647 3375 686 se
3406 631 3532 686 aliis
3558 645 3690 685 eon-

2111 727 2320 783 l‘ossum
2380 727 2529 795 telis,
2589 726 2864 796 aliamque
2919 741 3139 780 manum
3200 724 3294 780 Dei
3342 741 3402 780 se
3443 724 3688 795 tetigisse

2110 820 2401 892 signiﬁcat,
2424 821 2502 874 uti
2537 820 2791 890 superius
2811 819 3072 884 diximus,
3104 817 3364 872 nimirum
3398 815 3694 871 rationabL

2109 911 2198 966 les
2225 911 2475 980 sagittas,
2506 910 2615 963 imo
2638 923 2766 963 vero
2798 909 2914 978 ipsa
2955 907 3048 963 Dei
3083 907 3270 972 verba,
3295 922 3416 977 quae
3449 905 3688 961 animam

2112 1000 2442 1071 pungebant,
2471 1006 2526 1054 et
2559 998 2628 1052 de
2667 998 3007 1053 conscientia
3046 997 3167 1067 ejus
3218 999 3550 1069 supplicium
3595 1013 3690 1052 su-

2111 1092 2350 1147 mebant.
2380 1089 2522 1144 Num
2551 1090 2691 1145 forte
2722 1091 2898 1159 ipsum
2932 1090 3211 1145 diabolum
3233 1098 3285 1145 et
3311 1091 3478 1161 ignita
3501 1091 3692 1146 diabo~

2111 1183 2150 1237 li
2190 1183 2300 1238 tela
2329 1180 2583 1236 aﬂ‘ectum
2609 1182 2907 1236 excitantia
2938 1189 2992 1236 et
3035 1182 3323 1247 amatoria,
3355 1197 3477 1252 quae
3510 1181 3691 1252 ipsum

2112 1273 2180 1327 ad
2214 1271 2716 1342 concupiscentiam
2760 1271 2948 1326 uxoris
2987 1269 3132 1325 Uria:
3178 1271 3573 1334 accendebant,
3605 1271 3694 1327 bis

2114 1365 2322 1420 indicat
2346 1363 2369 1415 ?
2400 1363 2469 1418 de
2499 1363 2700 1434 quibus
2727 1366 2840 1418 haec
2869 1364 3076 1418 monita
3101 1364 3196 1418 dat
3223 1362 3520 1433 Apostolus
3548 1383 3562 1418 :
3588 1364 3694 1417 Ac-

2114 1457 2268 1526 cipite
2294 1464 2630 1509 armaturam
2655 1454 2773 1523 Dei,
2791 1465 2845 1508 ut
2866 1456 3080 1524 possitis
3105 1457 3282 1510 omnia
3311 1455 3416 1510 tela
3438 1457 3696 1527 nequissi-

2114 1550 2186 1603 mi
2210 1549 2541 1619 exstinguere
2568 1549 2636 1603 ⁸⁸.
2663 1547 3134 1614 Quemadmodum
3164 1555 3346 1602 autem
3377 1544 3480 1600 Job
3502 1546 3695 1601 diabo-

2113 1641 2152 1696 li
2189 1641 2421 1712 sagittas
2449 1649 2503 1696 et
2531 1640 2782 1695 immissa
2809 1643 3027 1709 corpori
3057 1653 3159 1694 suo
3198 1640 3408 1702 ulcera,
3441 1637 3571 1709 quia
3600 1637 3698 1693 Dei

2116 1734 2387 1806 permissu
2427 1733 2768 1796 acciderant,
2799 1733 3030 1802 sagittas
3083 1731 3298 1786 Domini
3363 1730 3576 1786 vocavit
3621 1731 3700 1786 di-

421 1829 550 1900 βέλη
581 1830 675 1882 καὶ
698 1828 768 1882 τά
811 1829 942 1900 ἐλκη
971 1829 1040 1884 τὰ
1061 1829 1380 1884 ἐπιτεθέντα
1421 1829 1571 1901 αὐτῷ
1617 1829 1760 1885 κατὰ
1788 1830 1883 1884 τοῦ
1913 1829 2014 1884 σώ-

2117 1842 2247 1882 cens
2282 1845 2295 1882 :
2342 1822 2486 1878 Nam
2523 1826 2735 1895 sagitta:
2775 1822 2992 1877 Domini
3037 1824 3092 1876 in
3138 1837 3355 1890 corpore
3389 1837 3501 1875 meo
3552 1832 3699 1886 sunt,

421 1937 590 1992 ματος
614 1960 628 1984 ,
680 1920 868 1990 ἐπειδὴ
897 1919 1042 1973 κατὰ
1074 1919 1426 1992 συγχώρησιν
1463 1922 1674 1990 ἐγίνετο
1721 1922 1815 1975 τοῦ
1853 1920 2010 1984 Θεοῦ,

421 2010 549 2082 βέλη
579 2010 785 2083 Κυρίου
815 2011 1099 2082 ὠνόμασεν
1121 2011 1291 2065 εἰπών
1311 2029 1324 2042 ·
1361 2013 1518 2081 Βέλη
1554 2012 1664 2084 γὰρ
1695 2013 1916 2082 Κυρίου
1945 2013 2016 2066 ὲν

417 2101 500 2168 τῷ
528 2103 784 2172 στόματί
791 2119 911 2171 μου
946 2102 1136 2167 ἐστὶν,
1165 2096 1242 2158 ὢν
1275 2107 1306 2157 ό
1333 2104 1520 2173 θυμὸς
1551 2103 1750 2159 αὐτῶν
1783 2105 2014 2160 ἐκπίνει

415 2213 532 2266 μου
591 2197 656 2250 τὸ
703 2191 876 2266 αἷμαο
934 2195 1108 2260 οὕτως
1144 2195 1291 2261 εἰκὸς
1336 2198 1430 2250 καὶ
1463 2197 1552 2251 τὸν
1590 2198 1752 2252 Δαυῒδ
1779 2199 2014 2253 ἐνταῦθα

422 2287 550 2359 βέλη
587 2288 792 2361 Κυρίου
845 2289 1148 2360 εἰρηκέναι,
1185 2289 1305 2342 ἐπεὶ
1347 2289 1490 2344 κατὰ
1525 2290 1872 2362 συγχώρησιν
1917 2290 2012 2344 τοῦ

420 2383 628 2452 Κυρίου
653 2381 1156 2452 κατεστρατεύσατο
1171 2381 1338 2434 αὑτοῦ
1362 2384 1390 2434 ὁ
1417 2383 1732 2447 ἀντίπαλος,
1757 2385 1843 2437 ἵνα
1869 2384 2014 2457 μάθῃ

422 2472 497 2544 μὴ
522 2473 732 2542 λέγειν·
756 2477 837 2528 Οὐ
871 2475 958 2544 μὴ
997 2473 1276 2529 σαλευθῶ
1319 2476 1406 2541 εἰς
1456 2475 1562 2528 τὸν
1597 2476 1801 2529 αἰῶνα.
1865 2476 2015 2528 Ἐπεὶ

419 2566 530 2636 γὰρ
585 2569 652 2638 τῇ
695 2566 880 2637 χάριτι
924 2565 1020 2619 τοῦ
1068 2565 1202 2619 Θεοῦ
1261 2565 1670 2636 δυναμούμενος
1739 2566 1880 2638 μέγα
1929 2565 2011 2635 ἐφ’

420 2657 601 2729 ἐαυτῷ
629 2659 896 2731 ἐφρόνησέ
913 2658 1158 2725 ποτε,ὡς
1189 2659 1659 2713 ἀπαυθαδίσασθαι
1686 2661 1780 2713 καὶ
1802 2661 1978 2714 εἰπεῖν
1995 2674 2011 2690 ο

434 2749 575 2819 Ἐγὼ
605 2749 674 2803 δὲ
704 2747 842 2804 εἶπα
869 2751 940 2804 ἐν
961 2748 1036 2818 τῇ
1058 2751 1303 2818 εὐθηνίᾳ
1329 2767 1479 2819 pov-
1510 2753 1592 2804 Οὐ
1619 2750 1706 2821 μὴ
1738 2750 2016 2805 σαλευθῶ

419 2843 509 2906 εις
555 2841 663 2894 τὸν
707 2841 924 2895 αἰῶνα·
959 2841 1152 2894 τούτου
1182 2841 1341 2911 χάριν
1365 2843 1593 2905 εἰκότως
1624 2841 1896 2913 παρεδόθη
1938 2842 2016 2914 τῷ

423 2933 757 3006 πειράζοντι,
783 2935 862 2997 ὃς,
885 2934 985 3004 τῆς
1031 2933 1210 3004 ψυχῆς
1248 2934 1413 2988 αὑτοῦ
1448 2934 1855 3005 καθαψάμενος,
1895 2952 2016 3006 μει-

423 3025 592 3090 ζόνως
641 3027 802 3081 αὑτὸν
837 3028 868 3098 ἢ
899 3027 992 3080 τὸν
1031 3025 1152 3079 Ἰὼϐ
1207 3027 1538 3098 ἐζημίωσεν.
1580 3029 1644 3080 Εἰ
1677 3028 1734 3081 δὲ
1777 3029 1826 3080 οί
1866 3028 2014 3097 λόγοι

422 3118 516 3172 τοῦ
542 3117 700 3182 Θεοῦ,
734 3120 784 3172 οί
833 3119 931 3190 τῆς
967 3118 1367 3190 δικαιοκρισίας
1401 3119 1563 3172 αὑτοῦ
1619 3121 2015 3191 ὑπομνηστικοὶ

422 3211 518 3264 καὶ
550 3210 645 3280 τῆς
705 3212 875 3283 ὀργῆς
901 3211 1000 3283 τῆς
1037 3216 1151 3276 τοῖς
1178 3213 1590 3284 ἁμαρτάνουσιν
1623 3211 2014 3283 ἐπηρτημένης

421 3303 812 3366 διδασκαλικοὶ,
860 3303 1030 3374 βελῶν
1069 3307 1208 3358 εἰσιν
1255 3304 1524 3377 ὀξύτεροι,
1567 3304 1668 3374 τὴν
1707 3305 2011 3374 συνείδησιν

423 3395 704 3460 νύττοντες
727 3413 740 3426 ·
765 3397 861 3450 καὶ
881 3395 1057 3461 οὕτως
1080 3398 1256 3462 εἴποις
1281 3397 1348 3450 ἂν
1379 3397 1469 3450 τὸν
1499 3395 1681 3458 Δαυῒδ,
1706 3400 1818 3462 τοῖς
1847 3397 2014 3468 ἱεροῖς

420 3489 631 3553 τούτοις
646 3489 740 3542 καὶ
761 3488 928 3552 θείοις
945 3489 1122 3559 βέλεσι
1147 3489 1336 3543 κεντού
1346 3506 1530 3560 μενον,
1557 3489 1796 3556 εὐλόγως
1816 3505 2013 3559 παραιο

422 3582 631 3636 τεῖσθαι
659 3583 751 3637 τὸν
773 3581 865 3636 διὰ
886 3581 978 3636 τοῦ
1005 3582 1177 3654 θυμοῦ
1203 3581 1442 3652 ἔλεγχον.
1476 3581 1858 3653 Προσλαϐόντα
1883 3580 2012 3651 γὰρ,

422 3675 579 3742 φησὶ,
613 3674 716 3752 civ
743 3674 913 3746 ὀργὴν
939 3674 1032 3728 καὶ
1058 3674 1147 3726 τὸν
1181 3672 1352 3744 θυμὸν
1386 3672 1456 3726 τὰ
1492 3671 1643 3743 παρὰ
1668 3671 1762 3724 σοῦ
1793 3671 2015 3726 καθικό-

2112 1935 2338 1991 quarum
2355 1919 2509 1988 furor
2536 1918 2694 1972 ebibit
2720 1933 2892 1971 meum
2929 1917 3239 1985 sanguinem
3267 1915 3346 1981 '7;
3377 1915 3450 1969 ita
3501 1915 3699 1972 verisi-

2113 2013 2240 2066 mile
2278 2019 2363 2066 est
2394 2011 2518 2065 ideo
2553 2009 2813 2065 Davidem
2844 2009 2934 2064 hic
2961 2011 3193 2079 sagittas
3227 2008 3442 2063 Domini
3469 2007 3698 2070 dixisse,

2113 2105 2242 2176 quia
2285 2120 2353 2160 ex
2391 2104 2484 2160 Dei
2522 2120 2796 2160 concessu
2844 2103 3104 2159 inimicus
3140 2118 3265 2158 eum
3327 2101 3699 2172 oppugnabat,

2113 2207 2174 2252 ut
2198 2197 2467 2254 edisceret
2497 2213 2608 2252 non
2638 2197 2714 2250 ita
2738 2196 3071 2267 loquendum
3106 2211 3228 2252 esse
3260 2214 3273 2250 :
3314 2193 3438 2248 Non
3457 2196 3702 2248 movebar

2113 2292 2166 2343 in
2191 2299 2446 2345 a'ternum
2476 2290 2544 2344 ⁸⁸.
2571 2289 2712 2356 Quia
2741 2290 2888 2344 enim
2919 2287 3217 2358 aliquando
3248 2285 3345 2341 Dei
3384 2287 3558 2357 gratia
3590 2285 3703 2340 iul-

2115 2390 2206 2437 tus
2233 2397 2430 2452 magna
2457 2381 2527 2436 de
2555 2397 2615 2438 se
2646 2388 2918 2443 senserat,
2959 2381 3036 2433 ita
3083 2387 3144 2434 ut
3194 2386 3517 2449 arroganter
3547 2377 3704 2432 dicc-

2114 2484 2195 2529 ret
2227 2493 2239 2528 :
2280 2473 2394 2544 Ego
2431 2487 2606 2528 autem
2640 2473 2754 2528 dixi
2788 2472 3203 2528 in'abuudantia
3242 2489 3358 2526 mea
3389 2487 3407 2524 :
3439 2470 3564 2526 Non
3587 2488 3705 2524 mo-

2114 2566 2264 2622 vebar
2323 2570 2378 2620 in
2417 2576 2674 2620 wteruum
2721 2567 2800 2632 ⁸⁹ς
2837 2565 2960 2620 ideo
3003 2566 3132 2635 jure
3173 2565 3430 2619 tentatori
3465 2562 3702 2618 traditus

2113 2668 2218 2718 est.
2251 2659 2344 2730 qui
2405 2660 2646 2713 animam
2694 2659 2817 2728 ejus
2863 2657 3122 2721 adortus,
3163 2656 3342 2727 majus
3391 2656 3499 2725 ipsi
3535 2671 3700 2726 quam

2113 2751 2250 2808 Jobo
2270 2752 2528 2806 damnum
2557 2752 2758 2806 intulit.
2792 2751 2949 2819 Quod
2977 2753 3023 2806 si
3047 2765 3333 2807 sermones
3356 2748 3476 2812 Dei,
3507 2748 3603 2819 qui
3634 2747 3703 2804 de

2111 2845 2262 2916 justo
2289 2845 2409 2914 ejus
2430 2845 2644 2915 judicio
2669 2845 2994 2911 admonent,
3018 2851 3073 2899 et
3116 2841 3521 2913 imprudentem
3572 2855 3704 2910 pec-

2115 2939 2370 2993 cantibus
2402 2938 2539 2992 iram
2571 2937 2692 3007 ejus
2723 2937 2976 3001 edocent,
3004 2933 3221 3007 sagittis
3249 2933 3527 2989 acutiores
3551 2939 3701 2995 sunt,

2118 3039 2476 3103 punguntque
2525 3031 2953 3096 conscientiam;
3001 3045 3134 3086 sane
3188 3028 3396 3082 dixeris
3445 3025 3702 3080 Davidem

2120 3124 2294 3179 sacris
2334 3124 2486 3180 hisce
2521 3137 2585 3178 ac
2627 3123 2836 3178 divinis
2879 3123 3098 3194 sagittis
3140 3123 3484 3189 confossum,
3515 3135 3701 3190 repre-

2119 3218 2440 3273 hensionem
2462 3232 2589 3271 cum
2621 3215 2807 3270 furore
2838 3217 3042 3269 illatam
3071 3216 3207 3286 jure-
3226 3230 3536 3270 recusasse.
3566 3212 3701 3268 Nam

2118 3311 2226 3365 tela
2250 3309 2347 3364 abs
2380 3316 2433 3364 te
2463 3309 2595 3363 mihi
2637 3309 2905 3370 immissa,
2931 3309 3026 3374 ait,
3047 3324 3168 3379 qua:
3192 3309 3329 3362 iram
3366 3318 3419 3363 et
3462 3306 3703 3361 furorem

2118 3407 2274 3454 tuum
2320 3408 2738 3470 prmvcrterunt,
2772 3398 3107 3454 sullicienter
3152 3399 3220 3452 de
3254 3401 3341 3452 me
3376 3397 3704 3467 supplicium

2122 3500 2370 3557 sumunt,
2405 3507 2469 3545 ac
2497 3491 2634 3546 satis
2684 3507 2771 3546 me
2799 3491 3073 3562 castigant
3109 3510 3122 3545 :
3157 3490 3251 3545 sed
3284 3491 3452 3544 etiam
3508 3502 3706 3542 manus

2122 3591 2218 3638 tua
2270 3599 2368 3654 per
2409 3584 2591 3639 illatas
2634 3582 2948 3654 frequenter
3001 3581 3344 3638 calamitates
3395 3594 3482 3635 me
3523 3579 3704 3633 conti-

2123 3676 2219 3744 git.

427 3770 565 3839 μενά
596 3787 686 3838 μοι
721 3769 871 3840 βέλη,
930 3770 1129 3833 ἱκανῶς
1167 3787 1234 3838 με
1271 3771 1616 3841 τιμωρεῖται,
1668 3769 1760 3821 καὶ
1802 3768 2091 3839 αὐτάρκως
2130 3789 2197 3842 με
2233 3773 2448 3839 κολάζει
2473 3790 2486 3803 °
2524 3773 2660 3829 ἀλλὰ
2683 3773 2777 3827 καὶ
2809 3774 2842 3844 ἡ
2872 3772 2994 3843 χείρ
3035 3789 3127 3826 σου
3161 3770 3443 3842 καθήψατο
3474 3765 3562 3821 διὰ
3597 3765 3707 3820 τῶν

423 3862 746 3934 ἐπαλλήλων
777 3864 1088 3934 συμφορῶν.

499 3980 620 4031 Οὐκ
669 3978 840 4032 ἐστιν
882 3978 1045 4044 ῖασις
1099 3978 1168 4031 ἐν
1202 3977 1273 4045 τῇ
1309 3978 1494 4045 σαρκί
1519 3995 1636 4047 μου
1672 3978 1791 4031 ἀπὸ
1837 3992 2016 4045 προσ-

422 4074 588 4127 ώπου
624 4073 735 4142 τῆς
781 4073 965 4143 ὀργῆς
1013 4091 1151 4138 σου,
1199 4075 1310 4127 οὐκ
1345 4073 1518 4126 ἔστιν
1555 4070 1762 4141 εἰρήνη
1790 4073 1859 4126 ἐν
1890 4072 2015 4138 τοῖς

426 4166 662 4232 ὀστέοις
689 4185 808 4235 μου
852 4165 970 4220 ἀπὸ
1009 4165 1332 4233 προσώπου
1387 4163 1508 4217 τῶν
1545 4163 1845 4234 ἁμαρτιῶν
1870 4182 2012 4234 μου.

425 4258 538 4329 Τὴν
567 4258 678 4329 γὰρ
711 4258 887 4329 σάρκα
914 4275 1037 4328 μου,
1069 4257 1135 4310 δι’
1159 4253 1228 4327 ἦς
1252 4256 1567 4327 πέπρακταί
1595 4274 1684 4327 μοι
1721 4258 1782 4309 τὸ
1831 4257 2014 4327 ἁμάρ-

425 4368 599 4421 τημα,
641 4351 896 4404 κολάσεσι
952 4349 1246 4418 παρέδωκα
1288 4350 1702 4421 τιμωρούμενος
1756 4352 2013 4422 ἐμαυτόν.

421 4442 600 4496 Τοῦτο
620 4442 730 4514 γὰρ
756 4443 850 4496 καὶ
881 4441 1067 4513 ἐδήλου
1095 4441 1160 4494 δι’
1185 4442 1387 4514 ἐτέρων
1408 4443 1610 4512 λέγων·
1649 4445 1758 4497 Καὶ
1788 4445 2018 4498 ἐταπεί-

2195 3975 2364 4031 Vaas.
2407 3975 2460 4031 4.
2504 3975 2624 4028 Νοη
2667 3983 2744 4027 est
2797 3971 3004 4026 curatio
3047 3972 3102 4024 in
3141 3987 3300 4024 carne
3346 3987 3461 4024 mea
3503 3988 3536 4025 a
3571 3970 3708 4041 facie

2121 4072 2218 4125 ira:
2260 4079 2384 4136 tute,
2415 4079 2464 4123 et
2508 4085 2610 4122 non
2639 4077 2717 4121 est
2753 4081 2860 4135 pax
2887 4064 3097 4120 ossibus
3135 4065 3265 4118 meis
3296 4081 3327 4117 a
3358 4063 3495 4133 facie
3524 4081 3709 4132 pecca-

2123 4172 2299 4217 torum
2343 4177 2599 4215 meorum.
2641 4160 2876 4214 Carnem
2915 4157 3118 4227 quippe
3157 4171 3355 4222 meam,
3379 4171 3485 4226 qua
3514 4171 3712 4228 pecca-

2123 4263 2236 4309 tum
2271 4252 2491 4317 admisi,
2522 4248 2807 4320 suppliciis
2841 4248 3063 4314 tradidi,
3097 4247 3359 4300 ultionem
3398 4246 3467 4301 de
3496 4261 3582 4300 me
3617 4262 3710 4299 sn-

2124 4361 2299 4400 mens.
2334 4343 2450 4398 Hoc
2479 4345 2625 4398 enim
2681 4345 2734 4398 in
2785 4343 2909 4398 aliis
2957 4355 3177 4412 quoque
3208 4339 3346 4394 locis
3381 4338 3710 4410 signiﬁcavit

2125 4437 2316 4492 dicens
2353 4455 2364 4489 :
2399 4434 2468 4488 Et
2497 4433 2845 4488 Itumiliabam
2876 4434 2930 4486 in
2953 4431 3160 4502 jejunio
3195 4434 3432 4483 animam
3448 4445 3618 4482 meam
3636 4430 3705 4495 ’°;

425 4553 579 4590 νουν
599 4536 669 4588 ἐν
688 4534 937 4601 νηστείᾳ
962 4533 1077 4602 τὴν
1098 4533 1308 4603 ψυχήν
1324 4552 1464 4603 μουο
1495 4536 1608 4598 καὶ,
1627 4537 1698 4589 Ἠ
1719 4535 1879 4604 σάρξ
1900 4555 2014 4606 μου

2127 4536 2180 4582 et
2214 4548 2225 4582 :
2272 4527 2413 4582 Caro
2471 4542 2587 4580 mea
2622 4527 2904 4579 immutata
2945 4533 3024 4578 est
3064 4531 3275 4592 propter
3305 4521 3474 4574 oleum
3510 4521 3705 4586 ";et:

426 4628 726 4698 ἠλλοιώθη
741 4627 814 4680 δι’
837 4627 1064 4681 ἔλαιον·
1093 4628 1208 4691 καὶ,
1230 4629 1638 4698 Ἐπελαθόμην
1669 4629 1776 4683 τοῦ
1809 4630 2022 4700 φαγεῖν

427 4719 725 4789 τόνᾶρτον
741 4738 859 4789 μου
886 4719 1002 4773 ἀπὸ
1030 4719 1357 4788 προσώπου
1386 4720 1494 4775 τοῦ
1524 4722 1862 4791 στεναγμοῦ
1877 4741 2020 4792 μου,

429 4812 524 4864 καὶ
571 4811 672 4864 ὅσα
723 4809 968 4864 τοιαῦτα.
1025 4810 1170 4863 Ἀντί
1212 4810 1269 4863 δέ
1321 4811 1430 4878 τῆς
1467 4810 1667 4881 ὀργῆς,
1717 4813 2024 4882 συμφώνως

442 4902 672 4966 Ἀκύλας
723 4903 817 4956 καὶ
867 4904 896 4955 ό
953 4900 1268 4972 Σύμμαχος,
1348 4903 1482 4957 Ἀπὸ
1532 4903 1863 4970 προσώπου
1910 4905 2022 4974 τῆς

427 4993 834 5064 ἑμϐριμήσεώς
884 5010 1022 5060 σου,
1071 4996 1447 5066 ἠρμήνευσαν.
1489 4997 1756 5068 Ἀπήρκει
1784 4997 1894 5067 γάρ
1929 5015 2020 5067 μοι

429 5087 466 5157 ή
496 5087 604 5140 ἀπὸ
623 5087 730 5140 τῶν
762 5086 871 5140 σῶν
905 5087 1062 5140 θείων
1095 5086 1329 5159 Γραφῶν
1361 5087 1716 5158 ἐμϐρίμησις,
1747 5090 1840 5143 καὶ
1869 5091 1902 5160 ἡ
1929 5089 2018 5142 διὰ

427 5178 527 5230 τοῦ
568 5177 859 5249 προσώπου
915 5178 1104 5232 Ναθὰν
1151 5179 1375 5250 ἀπειλή.
1421 5181 1567 5233 Ἀντί
1595 5179 1652 5232 δὲ
1679 5181 1774 5233 τοῦ
1805 5199 1818 5212 ·
1884 5181 2019 5234 Ἀπὸ

430 5269 755 5335 προσώπου
787 5269 904 5323 τῶν
939 5252 1238 5339 ἁμαρτιῶν
1275 5289 1415 5344 μου,
1447 5273 1475 5324 ὁ
1501 5273 1796 5344 Σύμμαχος
1833 5274 2018 5344 ἡρμή-

429 5374 608 5424 νευσε,
671 5360 772 5414 Διὰ
802 5361 910 5428 τὰς
962 5361 1248 5431 ἁμαρτίας
1300 5342 1433 5429 μου.
1496 5342 1728 5417 Ἄτοπον
1775 5342 2022 5426 δέ-ούδέν

429 5453 568 5505 ὀστᾶ
588 5453 713 5516 τοὺς
737 5455 971 5518 οἰκείους
995 5455 1309 5508 ἀποκαλεῖν.
1341 5457 1405 5508 Εἰ
1435 5456 1544 5528 γάρ
1571 5458 1738 5528 ἐσμεν
1775 5457 2020 5529 ἀλλήλων

434 5542 594 5615 μέλη,
624 5546 716 5598 καὶ
749 5546 824 5609 ὡς
855 5548 936 5599 ἐν).
979 5547 1181 5611 πάντες
1217 5546 1681 5619 κατελογίσθημεν
1725 5548 1935 5620 σώματι
1961 5548 2020 5600 τὸ

508 5728 552 5759 ⁸³
592 5727 696 5784 Job
730 5745 800 5793 It,
838 5731 887 5783 εἰ.

437 5795 484 5830 ⁹¹
525 5796 670 5854 Psal.
707 5818 874 5862 οιίιι,
910 5801 999 5858 2i.
1075 5795 1131 5837 η’
1163 5802 1308 5859 Psal.
1341 5818 1425 5866 ει,
1467 5802 1517 5858 ὃ.

987 5732 1030 5762 ³⁸
1071 5731 1284 5816 ἕωλος..
1331 5745 1416 5791 ιι,
1649 5735 1690 5765 ⁸⁷
1732 5733 1831 5789 Job
1867 5749 1950 5798 νι,
2009 5771 2014 5777 ι

2137 5733 2182 5767 ⁸⁸
2221 5731 2367 5789 Psal.
2429 5744 2592 5797 χιιι,
2651 5726 2706 5784 7.
2783 5725 2827 5757 ⁸⁸
2868 5721 2998 5780 ibid.

2129 4617 2339 4674 Oblitus
2371 4634 2488 4671 sum
2532 4616 2800 4670 comedere
2831 4631 3019 4684 panem
3052 4629 3220 4666 meum
3249 4629 3282 4664 a
3309 4611 3446 4680 facie
3483 4611 3708 4679 gemitus

2125 4713 2227 4766 mei
2253 4713 2321 4778 θ’,
2350 4720 2404 4765 et
2435 4711 2655 4766 similia.
2685 4709 2792 4763 Pro
2833 4716 3014 4763 autem
3067 4708 3186 4768 iraa,
3216 4703 3410 4775 Aquila
3461 4711 3515 4758 et
3545 4699 3708 4773 Sym-

2125 4805 2376 4868 machus,
2414 4821 2448 4857 a
2485 4803 2622 4873 facie
2651 4803 2891 4872 fremitus
2950 4799 3047 4862 tui,
3080 4797 3337 4854 similiter
3366 4793 3707 4864 interpretati

2126 4907 2276 4952 sunt.
2312 4895 2462 4950 Satis
2487 4896 2689 4965 quippe
2715 4894 2850 4948 mihi
2886 4897 3006 4947 erat
3042 4889 3298 4944 fremitus
3332 4886 3422 4939 ille
3449 4885 3541 4954 qui
3563 4884 3707 4938 divi-

2123 4989 2214 5043 nis
2246 4987 2548 5055 Scripturis
2576 4987 2685 5039 tuis
2731 4982 3071 5042 enuntiatur,
3099 4986 3154 5033 et
3207 4976 3582 5031 interminatio
3613 4989 3708 5043 per

2124 5080 2339 5134 Nathan
2373 5081 2698 5149 prophetam
2759 5077 2923 5131 facta.
2977 5073 3085 5128 Pro
3125 5072 3220 5126 illo
3271 5077 3475 5133 autem,
3509 5085 3542 5121 a
3571 5067 3707 5136 facie

2125 5179 2459 5242 peccatorum
2502 5185 2772 5233 meorum,
2825 5166 3210 5238 Symmachus,
3247 5171 3458 5232 propter
3494 5169 3706 5228 peccata

2125 5283 2261 5329 mea,
2300 5265 2689 5332 interpretatus
2748 5267 2852 5316 est.
2907 5259 3052 5312 Nihil
3087 5270 3252 5327 porro
3299 5251 3597 5308 absurdum
3625 5259 3709 5305 est

2123 5373 2248 5414 ossa
2274 5356 2608 5412 domesticos
2630 5369 2850 5408 vocare.
2879 5351 3014 5405 Nam
3039 5351 3084 5406 si
3119 5350 3255 5404 alter
3275 5347 3501 5402 alterius
3533 5360 3711 5401 mem-

2127 5452 2224 5506 bra
2251 5453 2558 5513 sumus,‘et
2587 5447 2747 5518 quasi
2783 5447 2838 5500 in
2883 5459 3051 5498 umim
3091 5457 3297 5513 corpus
3326 5455 3517 5495 omnes
3558 5454 3710 5494 com-

2129 5547 2435 5616 pingimur,
2465 5551 2613 5598 certe
2649 5557 2774 5598 ossa
2811 5540 3058 5610 singulos
3091 5538 3250 5593 nobis
3302 5536 3582 5606 proximos
3613 5547 3710 5603 ap-

3096 5721 3140 5751 ⁹⁰
3179 5717 3325 5776 Psal.
3368 5733 3556 5782 xxxw,
3623 5713 3708 5770 l3.
