  <div class='ocr_page' id='page_1' title='image "/cluster/home/n/w/nwhite01/storage/ocr_20150623/23/nnc1.0046978313/187.png"; bbox 0 0 4094 6378; ppageno 0'>
   <div class='ocr_carea' id='block_1_1' title="bbox 528 405 634 463">
    <p class='ocr_par' dir='ltr' id='par_1_1' title="bbox 528 405 634 463">
     <span class='ocr_line' id='line_1_1' title="bbox 528 405 634 463; baseline 0.009 -1"><span class='ocrx_word' id='word_1_1' title='bbox 528 405 634 463; x_wconf 74' lang='lat'><strong>523</strong></span> 
     </span>
    </p>
   </div>
   <div class='ocr_carea' id='block_1_2' title="bbox 1233 398 3117 459">
    <p class='ocr_par' dir='ltr' id='par_1_2' title="bbox 1233 398 3117 459">
     <span class='ocr_line' id='line_1_2' title="bbox 1233 398 3117 459; baseline 0.001 -3"><span class='ocrx_word' id='word_1_2' title='bbox 1233 400 1502 459; x_wconf 84' lang='lat' dir='ltr'><strong>EUSEBII</strong></span> <span class='ocrx_word' id='word_1_3' title='bbox 1543 398 2022 458; x_wconf 63' lang='lat' dir='ltr'><strong>CIESARIENSIS</strong></span> <span class='ocrx_word' id='word_1_4' title='bbox 2060 398 2210 456; x_wconf 87' lang='lat' dir='ltr'><strong>OPP.</strong></span> <span class='ocrx_word' id='word_1_5' title='bbox 2249 398 2430 454; x_wconf 77' lang='lat' dir='ltr'><strong>PARS</strong></span> <span class='ocrx_word' id='word_1_6' title='bbox 2466 399 2557 454; x_wconf 94' lang='grc'><strong>111.</strong></span> <span class='ocrx_word' id='word_1_7' title='bbox 2596 430 2667 441; x_wconf 89' lang='grc'><strong>-</strong></span> <span class='ocrx_word' id='word_1_8' title='bbox 2704 399 3117 458; x_wconf 79' lang='lat' dir='ltr'><strong>EXEGETICA.</strong></span> 
     </span>
    </p>
   </div>
   <div class='ocr_carea' id='block_1_3' title="bbox 3699 401 3805 457">
    <p class='ocr_par' dir='ltr' id='par_1_3' title="bbox 3699 401 3805 457">
     <span class='ocr_line' id='line_1_3' title="bbox 3699 401 3805 457; baseline 0.009 -1"><span class='ocrx_word' id='word_1_9' title='bbox 3699 401 3805 457; x_wconf 68' lang='grc'><strong>524</strong></span> 
     </span>
    </p>
   </div>
   <div class='ocr_carea' id='block_1_4' title="bbox 524 511 2102 593">
    <p class='ocr_par' dir='ltr' id='par_1_4' title="bbox 524 518 2102 593">
     <span class='ocr_line' id='line_1_4' title="bbox 524 518 2102 593; baseline -0.004 -14"><span class='ocrx_word' id='word_1_10' title='bbox 524 524 682 579; x_wconf 89' lang='lat' dir='ltr'><strong>cebat</strong></span> <span class='ocrx_word' id='word_1_11' title='bbox 709 523 764 578; x_wconf 82' lang='lat' dir='ltr'><strong>in</strong></span> <span class='ocrx_word' id='word_1_12' title='bbox 787 521 1061 591; x_wconf 80' lang='lat' dir='ltr'><strong>semetipso</strong></span> <span class='ocrx_word' id='word_1_13' title='bbox 1096 530 1154 575; x_wconf 90' lang='lat' dir='ltr'><strong>ut</strong></span> <span class='ocrx_word' id='word_1_14' title='bbox 1184 520 1529 593; x_wconf 77' lang='lat' dir='ltr'><strong>delinqueret,</strong></span> <span class='ocrx_word' id='word_1_15' title='bbox 1563 521 1960 590; x_wconf 89' lang='lat' dir='ltr'><strong>hominumque</strong></span> <span class='ocrx_word' id='word_1_16' title='bbox 2004 518 2102 590; x_wconf 86' lang='lat' dir='ltr'><strong>ipsi</strong></span> 
     </span>
    </p>
   </div>
   <div class='ocr_carea' id='block_1_5' title="bbox 2204 511 3809 593">
    <p class='ocr_par' dir='ltr' id='par_1_5' title="bbox 2212 511 3809 590">
     <span class='ocr_line' id='line_1_5' title="bbox 2212 511 3809 590; baseline -0.003 -18"><span class='ocrx_word' id='word_1_17' title='bbox 2212 518 2270 572; x_wconf 78' lang='grc' dir='ltr'><strong>δὲ</strong></span> <span class='ocrx_word' id='word_1_18' title='bbox 2318 519 2455 572; x_wconf 83' lang='grc' dir='ltr'><strong>αύτά</strong></span> <span class='ocrx_word' id='word_1_19' title='bbox 2500 519 2627 590; x_wconf 76' lang='grc' dir='ltr'>ἔφη,</span> <span class='ocrx_word' id='word_1_20' title='bbox 2689 518 2829 590; x_wconf 83' lang='grc' dir='ltr'>μετὰ</span> <span class='ocrx_word' id='word_1_21' title='bbox 2876 520 2936 572; x_wconf 84' lang='grc' dir='ltr'>τὺ</span> <span class='ocrx_word' id='word_1_22' title='bbox 2969 511 3283 590; x_wconf 68' lang='grc' dir='ltr'>ὑπογράψαι</span> <span class='ocrx_word' id='word_1_23' title='bbox 3327 517 3508 571; x_wconf 76' lang='grc' dir='ltr'>ὁποῖον</span> <span class='ocrx_word' id='word_1_24' title='bbox 3558 515 3710 569; x_wconf 79' lang='grc' dir='ltr'>ἔσται</span> <span class='ocrx_word' id='word_1_25' title='bbox 3742 521 3809 574; x_wconf 81' lang='grc' dir='ltr'>τὸ</span> 
     </span>
    </p>
   </div>
   <div class='ocr_carea' id='block_1_6' title="bbox 524 614 1125 680">
    <p class='ocr_par' dir='ltr' id='par_1_6' title="bbox 524 614 1125 680">
     <span class='ocr_line' id='line_1_6' title="bbox 524 614 1125 680; baseline -0.008 -8"><span class='ocrx_word' id='word_1_26' title='bbox 524 615 806 680; x_wconf 81' lang='lat' dir='ltr'><strong>similium,</strong></span> <span class='ocrx_word' id='word_1_27' title='bbox 840 614 1125 670; x_wconf 83' lang='lat' dir='ltr'><strong>memoria.</strong></span> 
     </span>
    </p>
   </div>
   <div class='ocr_carea' id='block_1_7' title="bbox 2212 608 3805 683">
    <p class='ocr_par' dir='ltr' id='par_1_7' title="bbox 2212 608 3805 683">
     <span class='ocr_line' id='line_1_7' title="bbox 2212 608 3805 683; baseline -0.001 -20"><span class='ocrx_word' id='word_1_28' title='bbox 2212 610 2364 674; x_wconf 83' lang='grc' dir='ltr'><strong>τέλος</strong></span> <span class='ocrx_word' id='word_1_29' title='bbox 2416 611 2524 664; x_wconf 76' lang='grc' dir='ltr'>τῶν</span> <span class='ocrx_word' id='word_1_30' title='bbox 2578 613 2635 664; x_wconf 80' lang='grc' dir='ltr'><strong>ἐν</strong></span> <span class='ocrx_word' id='word_1_31' title='bbox 2655 614 2720 683; x_wconf 82' lang='grc' dir='ltr'>τῇ</span> <span class='ocrx_word' id='word_1_32' title='bbox 2764 612 2943 683; x_wconf 83' lang='grc' dir='ltr'>σκέπῃ</span> <span class='ocrx_word' id='word_1_33' title='bbox 2978 610 3072 665; x_wconf 83' lang='grc' dir='ltr'><strong>τοῦ</strong></span> <span class='ocrx_word' id='word_1_34' title='bbox 3105 610 3239 664; x_wconf 79' lang='grc' dir='ltr'>Θεοῦ</span> <span class='ocrx_word' id='word_1_35' title='bbox 3267 609 3576 681; x_wconf 75' lang='grc' dir='ltr'>ἡλπικότων</span> <span class='ocrx_word' id='word_1_36' title='bbox 3604 608 3805 662; x_wconf 75' lang='grc' dir='ltr'>ἐπανα-</span> 
     </span>
    </p>
   </div>
   <div class='ocr_carea' id='block_1_8' title="bbox 520 701 3805 783">
    <p class='ocr_par' dir='ltr' id='par_1_8' title="bbox 520 701 3805 783">
     <span class='ocr_line' id='line_1_8' title="bbox 520 701 3805 783; baseline -0.003 -17"><span class='ocrx_word' id='word_1_37' title='bbox 520 711 812 783; x_wconf 74' lang='grc' dir='ltr'>λαμϐάνων</span> <span class='ocrx_word' id='word_1_38' title='bbox 842 709 939 781; x_wconf 75' lang='grc' dir='ltr'>τὴν</span> <span class='ocrx_word' id='word_1_39' title='bbox 976 711 1196 781; x_wconf 77' lang='grc' dir='ltr'>μνήμην</span> <span class='ocrx_word' id='word_1_40' title='bbox 1228 708 1322 763; x_wconf 87' lang='grc' dir='ltr'><strong>τοῦ</strong></span> <span class='ocrx_word' id='word_1_41' title='bbox 1355 708 1474 763; x_wconf 73' lang='grc' dir='ltr'>κατ’</span> <span class='ocrx_word' id='word_1_42' title='bbox 1503 708 1678 779; x_wconf 75' lang='grc' dir='ltr'>ἀρχὰς</span> <span class='ocrx_word' id='word_1_43' title='bbox 1707 708 2024 779; x_wconf 74' lang='grc' dir='ltr'>παρανόμου</span> <span class='ocrx_word' id='word_1_44' title='bbox 2043 747 2058 773; x_wconf 92' lang='grc'><strong>,</strong></span> <span class='ocrx_word' id='word_1_45' title='bbox 2083 706 2143 772; x_wconf 84' lang='grc' dir='ltr'>ὃς</span> <span class='ocrx_word' id='word_1_46' title='bbox 2178 706 2416 777; x_wconf 78' lang='grc' dir='ltr'>ἔφασκεν</span> <span class='ocrx_word' id='word_1_47' title='bbox 2443 708 2513 761; x_wconf 79' lang='grc' dir='ltr'><strong>ἐν</strong></span> <span class='ocrx_word' id='word_1_48' title='bbox 2546 705 2738 772; x_wconf 87' lang='grc' dir='ltr'><strong>ἑαυτῷ</strong></span> <span class='ocrx_word' id='word_1_49' title='bbox 2767 706 2871 761; x_wconf 87' lang='grc' dir='ltr'><strong>τοῦ</strong></span> <span class='ocrx_word' id='word_1_50' title='bbox 2908 705 3286 776; x_wconf 75' lang='grc' dir='ltr'>ἁμαρτάνειν,</span> <span class='ocrx_word' id='word_1_51' title='bbox 3328 705 3423 759; x_wconf 62' lang='grc' dir='ltr'><strong>κα)⁸</strong></span> <span class='ocrx_word' id='word_1_52' title='bbox 3458 703 3567 757; x_wconf 80' lang='grc' dir='ltr'><strong>τῶν</strong></span> <span class='ocrx_word' id='word_1_53' title='bbox 3612 701 3805 776; x_wconf 69' lang='grc' dir='ltr'>ἐκείνῳ</span> 
     </span>
    </p>
   </div>
   <div class='ocr_carea' id='block_1_9' title="bbox 524 804 939 879">
    <p class='ocr_par' dir='ltr' id='par_1_9' title="bbox 524 804 939 879">
     <span class='ocr_line' id='line_1_9' title="bbox 524 804 939 879; baseline -0.002 -18"><span class='ocrx_word' id='word_1_54' title='bbox 524 804 939 879; x_wconf 73' lang='grc' dir='ltr'>παραπλησίων.</span> 
     </span>
    </p>
   </div>
   <div class='ocr_carea' id='block_1_10' title="bbox 1014 920 1646 978">
    <p class='ocr_par' dir='ltr' id='par_1_10' title="bbox 1014 920 1646 978">
     <span class='ocr_line' id='line_1_10' title="bbox 1014 920 1646 978; baseline -0.002 0"><span class='ocrx_word' id='word_1_55' title='bbox 1014 924 1066 978; x_wconf 80' lang='grc'><strong>1.</strong></span> <span class='ocrx_word' id='word_1_56' title='bbox 1098 921 1371 977; x_wconf 79' lang='lat' dir='ltr'><strong>DAVIDIS</strong></span> <span class='ocrx_word' id='word_1_57' title='bbox 1407 920 1646 977; x_wconf 77' lang='lat' dir='ltr'><strong>XXXVI.</strong></span> 
     </span>
    </p>
   </div>
   <div class='ocr_carea' id='block_1_11' title="bbox 597 1034 2106 1106">
    <p class='ocr_par' dir='ltr' id='par_1_11' title="bbox 597 1034 2106 1106">
     <span class='ocr_line' id='line_1_11' title="bbox 597 1034 2106 1106; baseline 0 -16"><span class='ocrx_word' id='word_1_58' title='bbox 597 1034 729 1090; x_wconf 87' lang='lat' dir='ltr'><strong>Noli</strong></span> <span class='ocrx_word' id='word_1_59' title='bbox 776 1034 1022 1089; x_wconf 69' lang='lat' dir='ltr'><strong>cumulari</strong></span> <span class='ocrx_word' id='word_1_60' title='bbox 1063 1035 1118 1087; x_wconf 88' lang='lat' dir='ltr'><strong>in</strong></span> <span class='ocrx_word' id='word_1_61' title='bbox 1171 1034 1611 1105; x_wconf 84' lang='lat' dir='ltr'><strong>malignantibus,</strong></span> <span class='ocrx_word' id='word_1_62' title='bbox 1646 1052 1807 1106; x_wconf 83' lang='lat' dir='ltr'><strong>neque</strong></span> <span class='ocrx_word' id='word_1_63' title='bbox 1855 1036 2106 1091; x_wconf 78' lang='lat' dir='ltr'><strong>zelaceris</strong></span> 
     </span>
    </p>
   </div>
   <div class='ocr_carea' id='block_1_12' title="bbox 517 1125 2107 1198">
    <p class='ocr_par' dir='ltr' id='par_1_12' title="bbox 517 1125 2107 1198">
     <span class='ocr_line' id='line_1_12' title="bbox 517 1125 2107 1198; baseline 0.001 -17"><span class='ocrx_word' id='word_1_64' title='bbox 517 1126 769 1187; x_wconf 72' lang='lat' dir='ltr'><strong>facientes</strong></span> <span class='ocrx_word' id='word_1_65' title='bbox 817 1126 1169 1197; x_wconf 77' lang='lat' dir='ltr'><strong>iniquitatem.</strong></span> <span class='ocrx_word' id='word_1_66' title='bbox 1213 1125 1352 1192; x_wconf 88' lang='lat' dir='ltr'><strong>Quia</strong></span> <span class='ocrx_word' id='word_1_67' title='bbox 1405 1126 1459 1179; x_wconf 92' lang='lat' dir='ltr'><strong>in</strong></span> <span class='ocrx_word' id='word_1_68' title='bbox 1514 1126 1842 1198; x_wconf 58' lang='lat' dir='ltr'><strong>praecedenti</strong></span> <span class='ocrx_word' id='word_1_69' title='bbox 1899 1129 2107 1198; x_wconf 80' lang='lat' dir='ltr'><strong>psalmo</strong></span> 
     </span>
    </p>
   </div>
   <div class='ocr_carea' id='block_1_13' title="bbox 520 1200 2157 1289">
    <p class='ocr_par' dir='ltr' id='par_1_13' title="bbox 520 1200 2157 1289">
     <span class='ocr_line' id='line_1_13' title="bbox 520 1200 2157 1289; baseline -0.001 -15"><span class='ocrx_word' id='word_1_70' title='bbox 520 1227 861 1284; x_wconf 76' lang='lat' dir='ltr'><strong>peceatorem</strong></span> <span class='ocrx_word' id='word_1_71' title='bbox 888 1218 1179 1272; x_wconf 73' lang='lat' dir='ltr'><strong>induxerat</strong></span> <span class='ocrx_word' id='word_1_72' title='bbox 1213 1234 1332 1274; x_wconf 90' lang='lat' dir='ltr'><strong>sese</strong></span> <span class='ocrx_word' id='word_1_73' title='bbox 1365 1219 1431 1272; x_wconf 92' lang='lat' dir='ltr'><strong>ad</strong></span> <span class='ocrx_word' id='word_1_74' title='bbox 1466 1230 1685 1289; x_wconf 85' lang='lat' dir='ltr'><strong>peccata</strong></span> <span class='ocrx_word' id='word_1_75' title='bbox 1713 1221 2104 1285; x_wconf 78' lang='lat' dir='ltr'><strong>concitantem,</strong></span> <span class='ocrx_word' id='word_1_76' title='bbox 2142 1200 2157 1225; x_wconf 57' lang='lat'><strong>‘</strong></span> 
     </span>
    </p>
   </div>
   <div class='ocr_carea' id='block_1_14' title="bbox 517 1311 2104 1383">
    <p class='ocr_par' dir='ltr' id='par_1_14' title="bbox 517 1311 2104 1383">
     <span class='ocr_line' id='line_1_14' title="bbox 517 1311 2104 1383; baseline -0.001 -15"><span class='ocrx_word' id='word_1_77' title='bbox 517 1316 795 1383; x_wconf 86' lang='lat' dir='ltr'><strong>vitamque</strong></span> <span class='ocrx_word' id='word_1_78' title='bbox 843 1312 985 1383; x_wconf 86' lang='lat' dir='ltr'><strong>ejus,</strong></span> <span class='ocrx_word' id='word_1_79' title='bbox 1023 1328 1238 1367; x_wconf 78' lang='lat' dir='ltr'><strong>necnon</strong></span> <span class='ocrx_word' id='word_1_80' title='bbox 1272 1311 1433 1367; x_wconf 87' lang='lat' dir='ltr'><strong>ﬁnem</strong></span> <span class='ocrx_word' id='word_1_81' title='bbox 1465 1312 1807 1382; x_wconf 83' lang='lat' dir='ltr'><strong>exitiumque</strong></span> <span class='ocrx_word' id='word_1_82' title='bbox 1834 1314 1982 1368; x_wconf 89' lang='lat' dir='ltr'><strong>illius</strong></span> <span class='ocrx_word' id='word_1_83' title='bbox 2009 1314 2104 1367; x_wconf 93' lang='lat' dir='ltr'><strong>de-</strong></span> 
     </span>
    </p>
   </div>
   <div class='ocr_carea' id='block_1_15' title="bbox 518 1402 2104 1473">
    <p class='ocr_par' dir='ltr' id='par_1_15' title="bbox 518 1402 2104 1473">
     <span class='ocr_line' id='line_1_15' title="bbox 518 1402 2104 1473; baseline 0.001 -17"><span class='ocrx_word' id='word_1_84' title='bbox 518 1403 836 1472; x_wconf 79' lang='lat' dir='ltr'><strong>scripserat,</strong></span> <span class='ocrx_word' id='word_1_85' title='bbox 869 1409 1269 1472; x_wconf 89' lang='lat' dir='ltr'><strong>consequenter</strong></span> <span class='ocrx_word' id='word_1_86' title='bbox 1299 1402 1353 1455; x_wconf 87' lang='lat' dir='ltr'><strong>in</strong></span> <span class='ocrx_word' id='word_1_87' title='bbox 1380 1403 1482 1456; x_wconf 90' lang='lat' dir='ltr'><strong>hoc</strong></span> <span class='ocrx_word' id='word_1_88' title='bbox 1514 1403 1723 1473; x_wconf 84' lang='lat' dir='ltr'><strong>psalmo</strong></span> <span class='ocrx_word' id='word_1_89' title='bbox 1764 1403 2012 1458; x_wconf 84' lang='lat' dir='ltr'><strong>hortatur</strong></span> <span class='ocrx_word' id='word_1_90' title='bbox 2035 1403 2104 1457; x_wconf 90' lang='lat' dir='ltr'><strong>ad</strong></span> 
     </span>
    </p>
   </div>
   <div class='ocr_carea' id='block_1_16' title="bbox 517 1495 2104 1565">
    <p class='ocr_par' dir='ltr' id='par_1_16' title="bbox 517 1495 2104 1565">
     <span class='ocr_line' id='line_1_16' title="bbox 517 1495 2104 1565; baseline 0 -14"><span class='ocrx_word' id='word_1_91' title='bbox 517 1495 876 1552; x_wconf 83' lang='lat' dir='ltr'><strong>declinandos</strong></span> <span class='ocrx_word' id='word_1_92' title='bbox 918 1495 1291 1565; x_wconf 88' lang='lat' dir='ltr'><strong>improborum</strong></span> <span class='ocrx_word' id='word_1_93' title='bbox 1337 1510 1541 1560; x_wconf 88' lang='lat' dir='ltr'><strong>mores,</strong></span> <span class='ocrx_word' id='word_1_94' title='bbox 1573 1505 1625 1550; x_wconf 87' lang='lat' dir='ltr'><strong>et</strong></span> <span class='ocrx_word' id='word_1_95' title='bbox 1658 1511 1767 1551; x_wconf 89' lang='lat' dir='ltr'><strong>non</strong></span> <span class='ocrx_word' id='word_1_96' title='bbox 1798 1498 2104 1551; x_wconf 83' lang='lat' dir='ltr'><strong>aemulanda</strong></span> 
     </span>
    </p>
   </div>
   <div class='ocr_carea' id='block_1_17' title="bbox 517 1587 2098 1657">
    <p class='ocr_par' dir='ltr' id='par_1_17' title="bbox 517 1587 2098 1657">
     <span class='ocr_line' id='line_1_17' title="bbox 517 1587 2098 1657; baseline -0.001 -14"><span class='ocrx_word' id='word_1_97' title='bbox 517 1603 707 1644; x_wconf 88' lang='lat' dir='ltr'><strong>eorum</strong></span> <span class='ocrx_word' id='word_1_98' title='bbox 755 1603 941 1657; x_wconf 88' lang='lat' dir='ltr'><strong>opera.</strong></span> <span class='ocrx_word' id='word_1_99' title='bbox 998 1587 1269 1653; x_wconf 84' lang='lat' dir='ltr'><strong>Quoniam</strong></span> <span class='ocrx_word' id='word_1_100' title='bbox 1317 1603 1448 1642; x_wconf 90' lang='lat' dir='ltr'><strong>vero</strong></span> <span class='ocrx_word' id='word_1_101' title='bbox 1498 1588 1646 1642; x_wconf 86' lang='lat' dir='ltr'><strong>aliud</strong></span> <span class='ocrx_word' id='word_1_102' title='bbox 1700 1597 1784 1643; x_wconf 87' lang='lat' dir='ltr'><strong>est</strong></span> <span class='ocrx_word' id='word_1_103' title='bbox 1832 1589 2098 1654; x_wconf 62' lang='lat' dir='ltr'><strong>aemulari,</strong></span> 
     </span>
    </p>
   </div>
   <div class='ocr_carea' id='block_1_18' title="bbox 515 1679 2106 1752">
    <p class='ocr_par' dir='ltr' id='par_1_18' title="bbox 515 1679 2106 1752">
     <span class='ocr_line' id='line_1_18' title="bbox 515 1679 2106 1752; baseline 0.001 -20"><span class='ocrx_word' id='word_1_104' title='bbox 515 1679 664 1733; x_wconf 87' lang='lat' dir='ltr'><strong>aliud</strong></span> <span class='ocrx_word' id='word_1_105' title='bbox 707 1680 915 1746; x_wconf 87' lang='lat' dir='ltr'><strong>zelare;</strong></span> <span class='ocrx_word' id='word_1_106' title='bbox 948 1679 1100 1733; x_wconf 87' lang='lat' dir='ltr'><strong>dicas</strong></span> <span class='ocrx_word' id='word_1_107' title='bbox 1149 1679 1429 1733; x_wconf 87' lang='lat' dir='ltr'><strong>concitare</strong></span> <span class='ocrx_word' id='word_1_108' title='bbox 1461 1688 1514 1734; x_wconf 91' lang='lat' dir='ltr'><strong>et</strong></span> <span class='ocrx_word' id='word_1_109' title='bbox 1541 1679 1609 1734; x_wconf 90' lang='lat' dir='ltr'><strong>ad</strong></span> <span class='ocrx_word' id='word_1_110' title='bbox 1649 1680 1977 1752; x_wconf 83' lang='lat' dir='ltr'><strong>zelotypiam</strong></span> <span class='ocrx_word' id='word_1_111' title='bbox 2022 1681 2106 1734; x_wconf 91' lang='lat' dir='ltr'><strong>in-</strong></span> 
     </span>
    </p>
   </div>
   <div class='ocr_carea' id='block_1_19' title="bbox 515 1771 2101 1843">
    <p class='ocr_par' dir='ltr' id='par_1_19' title="bbox 515 1771 2101 1843">
     <span class='ocr_line' id='line_1_19' title="bbox 515 1771 2101 1843; baseline 0.001 -16"><span class='ocrx_word' id='word_1_112' title='bbox 515 1772 774 1835; x_wconf 89' lang='lat' dir='ltr'><strong>cendere,</strong></span> <span class='ocrx_word' id='word_1_113' title='bbox 812 1772 866 1826; x_wconf 90' lang='lat' dir='ltr'><strong>id</strong></span> <span class='ocrx_word' id='word_1_114' title='bbox 907 1788 1027 1828; x_wconf 88' lang='lat' dir='ltr'><strong>esse</strong></span> <span class='ocrx_word' id='word_1_115' title='bbox 1070 1772 1337 1826; x_wconf 84' lang='lat' dir='ltr'><strong>aemulari.</strong></span> <span class='ocrx_word' id='word_1_116' title='bbox 1369 1771 1553 1838; x_wconf 84' lang='lat' dir='ltr'><strong>Quare</strong></span> <span class='ocrx_word' id='word_1_117' title='bbox 1592 1772 1790 1843; x_wconf 88' lang='lat' dir='ltr'><strong>Aquila</strong></span> <span class='ocrx_word' id='word_1_118' title='bbox 1820 1774 1901 1828; x_wconf 89' lang='lat' dir='ltr'><strong>sic</strong></span> <span class='ocrx_word' id='word_1_119' title='bbox 1929 1776 2101 1829; x_wconf 88' lang='lat' dir='ltr'><strong>inter-</strong></span> 
     </span>
    </p>
   </div>
   <div class='ocr_carea' id='block_1_20' title="bbox 516 1860 2102 1934">
    <p class='ocr_par' dir='ltr' id='par_1_20' title="bbox 516 1860 2102 1934">
     <span class='ocr_line' id='line_1_20' title="bbox 516 1860 2102 1934; baseline 0 -18"><span class='ocrx_word' id='word_1_120' title='bbox 516 1870 764 1932; x_wconf 85' lang='lat' dir='ltr'><strong>pretatur</strong></span> <span class='ocrx_word' id='word_1_121' title='bbox 790 1881 802 1917; x_wconf 93' lang='lat'>:</span> <span class='ocrx_word' id='word_1_122' title='bbox 832 1860 915 1915; x_wconf 86' lang='lat' dir='ltr'><strong>Ne</strong></span> <span class='ocrx_word' id='word_1_123' title='bbox 957 1861 1156 1915; x_wconf 88' lang='lat' dir='ltr'><strong>dimica</strong></span> <span class='ocrx_word' id='word_1_124' title='bbox 1203 1879 1322 1915; x_wconf 86' lang='lat' dir='ltr'><strong>cum</strong></span> <span class='ocrx_word' id='word_1_125' title='bbox 1368 1862 1817 1933; x_wconf 84' lang='lat' dir='ltr'><strong>malignantibus;</strong></span> <span class='ocrx_word' id='word_1_126' title='bbox 1856 1862 2102 1934; x_wconf 85' lang='lat' dir='ltr'><strong>Symma-</strong></span> 
     </span>
    </p>
   </div>
   <div class='ocr_carea' id='block_1_21' title="bbox 516 1954 2105 2025">
    <p class='ocr_par' dir='ltr' id='par_1_21' title="bbox 516 1954 2105 2025">
     <span class='ocr_line' id='line_1_21' title="bbox 516 1954 2105 2025; baseline 0 -15"><span class='ocrx_word' id='word_1_127' title='bbox 516 1956 655 2011; x_wconf 83' lang='lat' dir='ltr'><strong>chus</strong></span> <span class='ocrx_word' id='word_1_128' title='bbox 684 1971 812 2012; x_wconf 90' lang='lat' dir='ltr'><strong>vero</strong></span> <span class='ocrx_word' id='word_1_129' title='bbox 841 1974 853 2010; x_wconf 92' lang='lat'><strong>:</strong></span> <span class='ocrx_word' id='word_1_130' title='bbox 885 1954 968 2009; x_wconf 90' lang='lat' dir='ltr'><strong>Ne</strong></span> <span class='ocrx_word' id='word_1_131' title='bbox 1003 1956 1261 2009; x_wconf 83' lang='lat' dir='ltr'><strong>altercare</strong></span> <span class='ocrx_word' id='word_1_132' title='bbox 1306 1972 1425 2008; x_wconf 89' lang='lat' dir='ltr'><strong>cum</strong></span> <span class='ocrx_word' id='word_1_133' title='bbox 1466 1956 1746 2025; x_wconf 83' lang='lat' dir='ltr'><strong>male/icis.</strong></span> <span class='ocrx_word' id='word_1_134' title='bbox 1783 1956 1896 2010; x_wconf 82' lang='lat' dir='ltr'><strong>Hoc</strong></span> <span class='ocrx_word' id='word_1_135' title='bbox 1940 1972 2105 2025; x_wconf 88' lang='lat' dir='ltr'><strong>porro</strong></span> 
     </span>
    </p>
   </div>
   <div class='ocr_carea' id='block_1_22' title="bbox 514 2046 2105 2117">
    <p class='ocr_par' dir='ltr' id='par_1_22' title="bbox 514 2046 2105 2117">
     <span class='ocr_line' id='line_1_22' title="bbox 514 2046 2105 2117; baseline 0.001 -17"><span class='ocrx_word' id='word_1_136' title='bbox 514 2046 724 2101; x_wconf 86' lang='lat' dir='ltr'><strong>dictum</strong></span> <span class='ocrx_word' id='word_1_137' title='bbox 769 2062 833 2102; x_wconf 76' lang='lat' dir='ltr'><strong>ex</strong></span> <span class='ocrx_word' id='word_1_138' title='bbox 888 2046 973 2101; x_wconf 89' lang='lat' dir='ltr'><strong>his</strong></span> <span class='ocrx_word' id='word_1_139' title='bbox 1015 2047 1289 2117; x_wconf 83' lang='lat' dir='ltr'><strong>intelligas</strong></span> <span class='ocrx_word' id='word_1_140' title='bbox 1317 2067 1328 2100; x_wconf 92' lang='lat'>:</span> <span class='ocrx_word' id='word_1_141' title='bbox 1359 2046 1473 2116; x_wconf 84' lang='lat' dir='ltr'><strong>Ipsi</strong></span> <span class='ocrx_word' id='word_1_142' title='bbox 1504 2064 1583 2101; x_wconf 86' lang='lat' dir='ltr'><strong>me</strong></span> <span class='ocrx_word' id='word_1_143' title='bbox 1608 2056 2021 2116; x_wconf 72' lang='lat' dir='ltr'><strong>prouocauerunt</strong></span> <span class='ocrx_word' id='word_1_144' title='bbox 2052 2049 2105 2101; x_wconf 88' lang='lat' dir='ltr'><strong>in</strong></span> 
     </span>
    </p>
   </div>
   <div class='ocr_carea' id='block_1_23' title="bbox 512 2141 2104 2211">
    <p class='ocr_par' dir='ltr' id='par_1_23' title="bbox 512 2141 2104 2211">
     <span class='ocr_line' id='line_1_23' title="bbox 512 2141 2104 2211; baseline 0.001 -18"><span class='ocrx_word' id='word_1_145' title='bbox 512 2156 575 2193; x_wconf 80' lang='lat' dir='ltr'><strong>eo</strong></span> <span class='ocrx_word' id='word_1_146' title='bbox 605 2141 698 2211; x_wconf 86' lang='lat' dir='ltr'><strong>qui</strong></span> <span class='ocrx_word' id='word_1_147' title='bbox 729 2158 834 2194; x_wconf 87' lang='lat' dir='ltr'><strong>non</strong></span> <span class='ocrx_word' id='word_1_148' title='bbox 859 2149 976 2195; x_wconf 90' lang='lat' dir='ltr'><strong>erat</strong></span> <span class='ocrx_word' id='word_1_149' title='bbox 1012 2141 1176 2206; x_wconf 88' lang='lat' dir='ltr'><strong>Deus,</strong></span> <span class='ocrx_word' id='word_1_150' title='bbox 1206 2151 1257 2195; x_wconf 89' lang='lat' dir='ltr'><strong>et</strong></span> <span class='ocrx_word' id='word_1_151' title='bbox 1285 2142 1630 2196; x_wconf 80' lang='lat' dir='ltr'><strong>irritaverunt</strong></span> <span class='ocrx_word' id='word_1_152' title='bbox 1663 2143 1717 2195; x_wconf 85' lang='lat' dir='ltr'><strong>in</strong></span> <span class='ocrx_word' id='word_1_153' title='bbox 1749 2141 1906 2195; x_wconf 81' lang='lat' dir='ltr'><strong>idolis</strong></span> <span class='ocrx_word' id='word_1_154' title='bbox 1937 2143 2048 2196; x_wconf 85' lang='lat' dir='ltr'><strong>suis</strong></span> <span class='ocrx_word' id='word_1_155' title='bbox 2085 2157 2104 2195; x_wconf 93' lang='lat'><em>:</em></span> 
     </span>
    </p>
   </div>
   <div class='ocr_carea' id='block_1_24' title="bbox 511 2233 2106 2305">
    <p class='ocr_par' dir='ltr' id='par_1_24' title="bbox 511 2233 2106 2305">
     <span class='ocr_line' id='line_1_24' title="bbox 511 2233 2106 2305; baseline -0.001 -17"><span class='ocrx_word' id='word_1_156' title='bbox 511 2240 565 2288; x_wconf 84' lang='lat' dir='ltr'><strong>et</strong></span> <span class='ocrx_word' id='word_1_157' title='bbox 589 2249 680 2303; x_wconf 84' lang='lat' dir='ltr'><strong>ego</strong></span> <span class='ocrx_word' id='word_1_158' title='bbox 700 2233 997 2303; x_wconf 82' lang='lat' dir='ltr'><strong>provocabo</strong></span> <span class='ocrx_word' id='word_1_159' title='bbox 1026 2251 1114 2289; x_wconf 88' lang='lat' dir='ltr'><strong>eos</strong></span> <span class='ocrx_word' id='word_1_160' title='bbox 1145 2236 1199 2288; x_wconf 90' lang='lat' dir='ltr'><strong>in</strong></span> <span class='ocrx_word' id='word_1_161' title='bbox 1227 2251 1287 2289; x_wconf 91' lang='lat' dir='ltr'><strong>eo</strong></span> <span class='ocrx_word' id='word_1_162' title='bbox 1313 2236 1405 2305; x_wconf 86' lang='lat' dir='ltr'><strong>qui</strong></span> <span class='ocrx_word' id='word_1_163' title='bbox 1432 2252 1535 2289; x_wconf 90' lang='lat' dir='ltr'><strong>non</strong></span> <span class='ocrx_word' id='word_1_164' title='bbox 1566 2243 1645 2288; x_wconf 86' lang='lat' dir='ltr'><strong>est</strong></span> <span class='ocrx_word' id='word_1_165' title='bbox 1687 2237 1935 2303; x_wconf 82' lang='lat' dir='ltr'><strong>populus,</strong></span> <span class='ocrx_word' id='word_1_166' title='bbox 1971 2244 2020 2289; x_wconf 85' lang='lat' dir='ltr'><strong>et</strong></span> <span class='ocrx_word' id='word_1_167' title='bbox 2050 2236 2106 2287; x_wconf 89' lang='lat' dir='ltr'><strong>in</strong></span> 
     </span>
    </p>
   </div>
   <div class='ocr_carea' id='block_1_25' title="bbox 511 2329 2106 2399">
    <p class='ocr_par' dir='ltr' id='par_1_25' title="bbox 511 2329 2106 2399">
     <span class='ocr_line' id='line_1_25' title="bbox 511 2329 2106 2399; baseline 0.002 -17"><span class='ocrx_word' id='word_1_168' title='bbox 511 2337 662 2399; x_wconf 78' lang='lat' dir='ltr'><strong>gente</strong></span> <span class='ocrx_word' id='word_1_169' title='bbox 689 2329 967 2398; x_wconf 80' lang='lat' dir='ltr'><strong>insipiente</strong></span> <span class='ocrx_word' id='word_1_170' title='bbox 998 2329 1227 2382; x_wconf 87' lang='lat' dir='ltr'><strong>irritabo</strong></span> <span class='ocrx_word' id='word_1_171' title='bbox 1287 2329 1412 2382; x_wconf 88' lang='lat' dir='ltr'><strong>illos</strong></span> <span class='ocrx_word' id='word_1_172' title='bbox 1433 2330 1496 2380; x_wconf 71' lang='lat'><strong>‘3.</strong></span> <span class='ocrx_word' id='word_1_173' title='bbox 1525 2329 1820 2397; x_wconf 83' lang='lat' dir='ltr'><strong>Apostolus</strong></span> <span class='ocrx_word' id='word_1_174' title='bbox 1841 2332 1969 2383; x_wconf 88' lang='lat' dir='ltr'><strong>item</strong></span> <span class='ocrx_word' id='word_1_175' title='bbox 1999 2330 2106 2385; x_wconf 89' lang='lat' dir='ltr'><strong>Co-</strong></span> 
     </span>
    </p>
   </div>
   <div class='ocr_carea' id='block_1_26' title="bbox 513 2419 2106 2490">
    <p class='ocr_par' dir='ltr' id='par_1_26' title="bbox 513 2419 2106 2490">
     <span class='ocr_line' id='line_1_26' title="bbox 513 2419 2106 2490; baseline 0.002 -17"><span class='ocrx_word' id='word_1_176' title='bbox 513 2419 735 2487; x_wconf 80' lang='lat' dir='ltr'><strong>rinthiis</strong></span> <span class='ocrx_word' id='word_1_177' title='bbox 771 2420 1019 2475; x_wconf 89' lang='lat' dir='ltr'><strong>scribens</strong></span> <span class='ocrx_word' id='word_1_178' title='bbox 1046 2421 1118 2474; x_wconf 90' lang='lat' dir='ltr'><strong>ita</strong></span> <span class='ocrx_word' id='word_1_179' title='bbox 1148 2421 1427 2490; x_wconf 84' lang='lat' dir='ltr'><strong>loquitur‘:</strong></span> <span class='ocrx_word' id='word_1_180' title='bbox 1457 2421 1540 2474; x_wconf 84' lang='lat' dir='ltr'><strong>An</strong></span> <span class='ocrx_word' id='word_1_181' title='bbox 1570 2421 1889 2475; x_wconf 73' lang='lat' dir='ltr'><strong>wntulamur</strong></span> <span class='ocrx_word' id='word_1_182' title='bbox 1923 2422 2106 2477; x_wconf 88' lang='lat' dir='ltr'><strong>Domi-</strong></span> 
     </span>
    </p>
   </div>
   <div class='ocr_carea' id='block_1_27' title="bbox 513 2510 2104 2582">
    <p class='ocr_par' dir='ltr' id='par_1_27' title="bbox 513 2510 2104 2582">
     <span class='ocr_line' id='line_1_27' title="bbox 513 2510 2104 2582; baseline 0.001 -17"><span class='ocrx_word' id='word_1_183' title='bbox 513 2525 638 2565; x_wconf 85' lang='lat' dir='ltr'><strong>num</strong></span> <span class='ocrx_word' id='word_1_184' title='bbox 671 2510 968 2582; x_wconf 78' lang='lat' dir='ltr'><strong>?Nunquid</strong></span> <span class='ocrx_word' id='word_1_185' title='bbox 998 2512 1244 2582; x_wconf 75' lang='lat' dir='ltr'><strong>fortiores</strong></span> <span class='ocrx_word' id='word_1_186' title='bbox 1286 2513 1381 2567; x_wconf 90' lang='lat' dir='ltr'><strong>illo</strong></span> <span class='ocrx_word' id='word_1_187' title='bbox 1413 2530 1595 2567; x_wconf 87' lang='lat' dir='ltr'><strong>sumus</strong></span> <span class='ocrx_word' id='word_1_188' title='bbox 1620 2513 1701 2566; x_wconf 57' lang='lat'><strong>5‘?</strong></span> <span class='ocrx_word' id='word_1_189' title='bbox 1729 2513 1891 2568; x_wconf 88' lang='lat' dir='ltr'><strong>Zelus</strong></span> <span class='ocrx_word' id='word_1_190' title='bbox 1922 2523 2104 2567; x_wconf 91' lang='lat' dir='ltr'><strong>autem</strong></span> 
     </span>
    </p>
   </div>
   <div class='ocr_carea' id='block_1_28' title="bbox 513 2605 2104 2678">
    <p class='ocr_par' dir='ltr' id='par_1_28' title="bbox 513 2605 2104 2678">
     <span class='ocr_line' id='line_1_28' title="bbox 513 2605 2104 2678; baseline -0.001 -16"><span class='ocrx_word' id='word_1_191' title='bbox 513 2622 611 2662; x_wconf 88' lang='lat' dir='ltr'><strong>seu</strong></span> <span class='ocrx_word' id='word_1_192' title='bbox 669 2606 925 2660; x_wconf 82' lang='lat' dir='ltr'><strong>voluntas</strong></span> <span class='ocrx_word' id='word_1_193' title='bbox 987 2605 1297 2676; x_wconf 86' lang='lat' dir='ltr'><strong>cujuspiam</strong></span> <span class='ocrx_word' id='word_1_194' title='bbox 1348 2606 1692 2677; x_wconf 85' lang='lat' dir='ltr'><strong>adipiscendi</strong></span> <span class='ocrx_word' id='word_1_195' title='bbox 1742 2607 1794 2660; x_wconf 91' lang='lat' dir='ltr'><strong>id</strong></span> <span class='ocrx_word' id='word_1_196' title='bbox 1845 2608 1990 2678; x_wconf 85' lang='lat' dir='ltr'><strong>quod</strong></span> <span class='ocrx_word' id='word_1_197' title='bbox 2048 2608 2104 2662; x_wconf 89' lang='lat' dir='ltr'><strong>in</strong></span> 
     </span>
    </p>
   </div>
   <div class='ocr_carea' id='block_1_29' title="bbox 513 2697 2104 2767">
    <p class='ocr_par' dir='ltr' id='par_1_29' title="bbox 513 2697 2104 2767">
     <span class='ocr_line' id='line_1_29' title="bbox 513 2697 2104 2767; baseline 0.003 -17"><span class='ocrx_word' id='word_1_198' title='bbox 513 2697 767 2767; x_wconf 83' lang='lat' dir='ltr'><strong>proximo</strong></span> <span class='ocrx_word' id='word_1_199' title='bbox 792 2713 916 2754; x_wconf 89' lang='lat' dir='ltr'><strong>esse</strong></span> <span class='ocrx_word' id='word_1_200' title='bbox 943 2698 1265 2760; x_wconf 82' lang='lat' dir='ltr'><strong>arbitratur,</strong></span> <span class='ocrx_word' id='word_1_201' title='bbox 1293 2697 1438 2751; x_wconf 88' lang='lat' dir='ltr'><strong>bona</strong></span> <span class='ocrx_word' id='word_1_202' title='bbox 1465 2706 1573 2753; x_wconf 86' lang='lat' dir='ltr'><strong>est.</strong></span> <span class='ocrx_word' id='word_1_203' title='bbox 1604 2698 1699 2753; x_wconf 88' lang='lat' dir='ltr'><strong>Est</strong></span> <span class='ocrx_word' id='word_1_204' title='bbox 1724 2700 1865 2755; x_wconf 86' lang='lat' dir='ltr'><strong>alius</strong></span> <span class='ocrx_word' id='word_1_205' title='bbox 1891 2700 2104 2755; x_wconf 85' lang='lat' dir='ltr'><strong>medius</strong></span> 
     </span>
    </p>
   </div>
   <div class='ocr_carea' id='block_1_30' title="bbox 514 2790 2103 2863">
    <p class='ocr_par' dir='ltr' id='par_1_30' title="bbox 514 2790 2103 2863">
     <span class='ocr_line' id='line_1_30' title="bbox 514 2790 2103 2863; baseline 0.003 -19"><span class='ocrx_word' id='word_1_206' title='bbox 514 2791 690 2853; x_wconf 81' lang='lat' dir='ltr'><strong>zelus,</strong></span> <span class='ocrx_word' id='word_1_207' title='bbox 729 2790 1057 2861; x_wconf 85' lang='lat' dir='ltr'><strong>plerumque</strong></span> <span class='ocrx_word' id='word_1_208' title='bbox 1090 2790 1218 2846; x_wconf 89' lang='lat' dir='ltr'><strong>talis</strong></span> <span class='ocrx_word' id='word_1_209' title='bbox 1245 2792 1462 2861; x_wconf 90' lang='lat' dir='ltr'><strong>qualem</strong></span> <span class='ocrx_word' id='word_1_210' title='bbox 1491 2792 1758 2847; x_wconf 85' lang='lat' dir='ltr'><strong>describit</strong></span> <span class='ocrx_word' id='word_1_211' title='bbox 1790 2792 1934 2847; x_wconf 88' lang='lat' dir='ltr'><strong>idem</strong></span> <span class='ocrx_word' id='word_1_212' title='bbox 1968 2809 2103 2863; x_wconf 88' lang='lat' dir='ltr'><strong>apo-</strong></span> 
     </span>
    </p>
   </div>
   <div class='ocr_carea' id='block_1_31' title="bbox 512 2881 2104 2950">
    <p class='ocr_par' dir='ltr' id='par_1_31' title="bbox 512 2881 2104 2950">
     <span class='ocr_line' id='line_1_31' title="bbox 512 2881 2104 2950; baseline 0 -12"><span class='ocrx_word' id='word_1_213' title='bbox 512 2884 691 2938; x_wconf 89' lang='lat' dir='ltr'><strong>stolus</strong></span> <span class='ocrx_word' id='word_1_214' title='bbox 747 2883 834 2938; x_wconf 91' lang='lat' dir='ltr'><strong>his</strong></span> <span class='ocrx_word' id='word_1_215' title='bbox 868 2883 1050 2938; x_wconf 82' lang='lat' dir='ltr'><strong>verbis</strong></span> <span class='ocrx_word' id='word_1_216' title='bbox 1085 2901 1099 2937; x_wconf 91' lang='lat'>:</span> <span class='ocrx_word' id='word_1_217' title='bbox 1132 2881 1489 2936; x_wconf 69' lang='lat' dir='ltr'><strong>Emulantur</strong></span> <span class='ocrx_word' id='word_1_218' title='bbox 1544 2901 1633 2938; x_wconf 86' lang='lat' dir='ltr'><strong>vos</strong></span> <span class='ocrx_word' id='word_1_219' title='bbox 1683 2902 1787 2940; x_wconf 89' lang='lat' dir='ltr'><strong>non</strong></span> <span class='ocrx_word' id='word_1_220' title='bbox 1836 2884 1982 2950; x_wconf 86' lang='lat' dir='ltr'><strong>bene,</strong></span> <span class='ocrx_word' id='word_1_221' title='bbox 2013 2885 2104 2940; x_wconf 85' lang='lat' dir='ltr'><strong>sed</strong></span> 
     </span>
    </p>
   </div>
   <div class='ocr_carea' id='block_1_32' title="bbox 513 2973 2103 3047">
    <p class='ocr_par' dir='ltr' id='par_1_32' title="bbox 513 2973 2103 3047">
     <span class='ocr_line' id='line_1_32' title="bbox 513 2973 2103 3047; baseline 0.003 -19"><span class='ocrx_word' id='word_1_222' title='bbox 513 2973 790 3029; x_wconf 75' lang='lat' dir='ltr'><strong>excludere</strong></span> <span class='ocrx_word' id='word_1_223' title='bbox 818 2992 905 3030; x_wconf 86' lang='lat' dir='ltr'><strong>vos</strong></span> <span class='ocrx_word' id='word_1_224' title='bbox 941 2975 1204 3029; x_wconf 74' lang='lat' dir='ltr'><strong>uolunt“.</strong></span> <span class='ocrx_word' id='word_1_225' title='bbox 1243 2974 1451 3030; x_wconf 85' lang='lat' dir='ltr'><strong>Invidia</strong></span> <span class='ocrx_word' id='word_1_226' title='bbox 1485 2992 1617 3031; x_wconf 90' lang='lat' dir='ltr'><strong>sane</strong></span> <span class='ocrx_word' id='word_1_227' title='bbox 1646 2992 1926 3047; x_wconf 88' lang='lat' dir='ltr'><strong>nunquam</strong></span> <span class='ocrx_word' id='word_1_228' title='bbox 1960 2979 2103 3033; x_wconf 88' lang='lat' dir='ltr'><strong>bona</strong></span> 
     </span>
    </p>
   </div>
   <div class='ocr_carea' id='block_1_33' title="bbox 514 3066 2104 3138">
    <p class='ocr_par' dir='ltr' id='par_1_33' title="bbox 514 3066 2104 3138">
     <span class='ocr_line' id='line_1_33' title="bbox 514 3066 2104 3138; baseline 0.004 -18"><span class='ocrx_word' id='word_1_229' title='bbox 514 3082 642 3123; x_wconf 85' lang='lat' dir='ltr'><strong>esse</strong></span> <span class='ocrx_word' id='word_1_230' title='bbox 668 3076 867 3137; x_wconf 87' lang='lat' dir='ltr'><strong>queat;</strong></span> <span class='ocrx_word' id='word_1_231' title='bbox 897 3082 1023 3121; x_wconf 85' lang='lat' dir='ltr'><strong>nam</strong></span> <span class='ocrx_word' id='word_1_232' title='bbox 1057 3066 1213 3122; x_wconf 91' lang='lat' dir='ltr'><strong>dolor</strong></span> <span class='ocrx_word' id='word_1_233' title='bbox 1231 3074 1316 3122; x_wconf 89' lang='lat' dir='ltr'><strong>est</strong></span> <span class='ocrx_word' id='word_1_234' title='bbox 1343 3067 1410 3121; x_wconf 90' lang='lat' dir='ltr'><strong>de</strong></span> <span class='ocrx_word' id='word_1_235' title='bbox 1437 3068 1717 3138; x_wconf 89' lang='lat' dir='ltr'><strong>prosperis</strong></span> <span class='ocrx_word' id='word_1_236' title='bbox 1752 3069 1984 3138; x_wconf 80' lang='lat' dir='ltr'><strong>proximi</strong></span> <span class='ocrx_word' id='word_1_237' title='bbox 2018 3086 2104 3126; x_wconf 90' lang='lat' dir='ltr'><strong>re-</strong></span> 
     </span>
    </p>
   </div>
   <div class='ocr_carea' id='block_1_34' title="bbox 516 3158 2099 3226">
    <p class='ocr_par' dir='ltr' id='par_1_34' title="bbox 516 3158 2099 3226">
     <span class='ocr_line' id='line_1_34' title="bbox 516 3158 2099 3226; baseline 0.003 -12"><span class='ocrx_word' id='word_1_238' title='bbox 516 3159 660 3215; x_wconf 87' lang='lat' dir='ltr'><strong>bus:</strong></span> <span class='ocrx_word' id='word_1_239' title='bbox 689 3159 840 3215; x_wconf 87' lang='lat' dir='ltr'><strong>zelus</strong></span> <span class='ocrx_word' id='word_1_240' title='bbox 888 3174 1021 3214; x_wconf 90' lang='lat' dir='ltr'><strong>vero</strong></span> <span class='ocrx_word' id='word_1_241' title='bbox 1069 3158 1346 3214; x_wconf 89' lang='lat' dir='ltr'><strong>interdum</strong></span> <span class='ocrx_word' id='word_1_242' title='bbox 1399 3160 1600 3226; x_wconf 88' lang='lat' dir='ltr'><strong>bonus,</strong></span> <span class='ocrx_word' id='word_1_243' title='bbox 1637 3161 1716 3215; x_wconf 92' lang='lat' dir='ltr'><strong>uti</strong></span> <span class='ocrx_word' id='word_1_244' title='bbox 1753 3162 2099 3218; x_wconf 91' lang='lat' dir='ltr'><strong>tradidimus.</strong></span> 
     </span>
    </p>
   </div>
   <div class='ocr_carea' id='block_1_35' title="bbox 2720 913 3284 984">
    <p class='ocr_par' dir='ltr' id='par_1_35' title="bbox 2720 913 3284 984">
     <span class='ocr_line' id='line_1_35' title="bbox 2720 913 3284 984; baseline -0.002 -15"><span class='ocrx_word' id='word_1_245' title='bbox 2720 916 2858 969; x_wconf 81' lang='lat' dir='ltr'><strong>Tor</strong></span> <span class='ocrx_word' id='word_1_246' title='bbox 2904 916 3102 969; x_wconf 80' lang='grc' dir='ltr'>ΔΑΥιΔ</span> <span class='ocrx_word' id='word_1_247' title='bbox 3145 913 3284 984; x_wconf 68' lang='lat' dir='ltr'><strong>Acr.</strong></span> 
     </span>
    </p>
   </div>
   <div class='ocr_carea' id='block_1_36' title="bbox 2274 1026 3804 1101">
    <p class='ocr_par' dir='ltr' id='par_1_36' title="bbox 2274 1026 3804 1101">
     <span class='ocr_line' id='line_1_36' title="bbox 2274 1026 3804 1101; baseline 0 -15"><span class='ocrx_word' id='word_1_248' title='bbox 2274 1031 2370 1101; x_wconf 80' lang='grc' dir='ltr'><strong>Μὴ</strong></span> <span class='ocrx_word' id='word_1_249' title='bbox 2410 1028 2754 1099; x_wconf 74' lang='grc' dir='ltr'>παραζήλου</span> <span class='ocrx_word' id='word_1_250' title='bbox 2788 1029 2858 1081; x_wconf 79' lang='grc' dir='ltr'><strong>ἐν</strong></span> <span class='ocrx_word' id='word_1_251' title='bbox 2889 1026 3416 1097; x_wconf 73' lang='grc' dir='ltr'>πονηρευομένοις,</span> <span class='ocrx_word' id='word_1_252' title='bbox 3444 1028 3600 1099; x_wconf 83' lang='grc' dir='ltr'>μηδὲ</span> <span class='ocrx_word' id='word_1_253' title='bbox 3620 1029 3804 1098; x_wconf 72' lang='grc' dir='ltr'>ζήλου</span> 
     </span>
    </p>
   </div>
   <div class='ocr_carea' id='block_1_37' title="bbox 2162 1119 3805 1195">
    <p class='ocr_par' dir='ltr' id='par_1_37' title="bbox 2162 1119 3805 1195">
     <span class='ocr_line' id='line_1_37' title="bbox 2162 1119 3805 1195; baseline 0 -17"><span class='ocrx_word' id='word_1_254' title='bbox 2162 1126 2352 1191; x_wconf 61' lang='grc' dir='ltr'>ετοὺς</span> <span class='ocrx_word' id='word_1_255' title='bbox 2412 1123 2735 1188; x_wconf 76' lang='grc' dir='ltr'><em>ποιοῦντας</em></span> <span class='ocrx_word' id='word_1_256' title='bbox 2788 1119 2905 1188; x_wconf 77' lang='grc' dir='ltr'><strong>τὴν</strong></span> <span class='ocrx_word' id='word_1_257' title='bbox 2955 1121 3233 1189; x_wconf 76' lang='grc' dir='ltr'>ἀνομίαν.</span> <span class='ocrx_word' id='word_1_258' title='bbox 3304 1121 3523 1193; x_wconf 74' lang='grc' dir='ltr'>Ἐπειδὴ</span> <span class='ocrx_word' id='word_1_259' title='bbox 3578 1124 3687 1195; x_wconf 84' lang='grc' dir='ltr'>γὰρ</span> <span class='ocrx_word' id='word_1_260' title='bbox 3745 1124 3805 1179; x_wconf 82' lang='grc' dir='ltr'>ὲν</span> 
     </span>
    </p>
   </div>
   <div class='ocr_carea' id='block_1_38' title="bbox 2208 1215 3805 1289">
    <p class='ocr_par' dir='ltr' id='par_1_38' title="bbox 2208 1215 3805 1289">
     <span class='ocr_line' id='line_1_38' title="bbox 2208 1215 3805 1289; baseline -0.001 -17"><span class='ocrx_word' id='word_1_261' title='bbox 2208 1220 2406 1289; x_wconf 73' lang='grc' dir='ltr'>ἐκείνῳ</span> <span class='ocrx_word' id='word_1_262' title='bbox 2449 1219 2637 1289; x_wconf 79' lang='grc' dir='ltr'>εἰσῆγε</span> <span class='ocrx_word' id='word_1_263' title='bbox 2679 1216 2769 1271; x_wconf 83' lang='grc' dir='ltr'><strong>τὸν</strong></span> <span class='ocrx_word' id='word_1_264' title='bbox 2819 1216 3137 1287; x_wconf 76' lang='grc' dir='ltr'>παράνομον</span> <span class='ocrx_word' id='word_1_265' title='bbox 3190 1215 3563 1287; x_wconf 85' lang='grc' dir='ltr'>παρορμῶντα</span> <span class='ocrx_word' id='word_1_266' title='bbox 3613 1215 3805 1271; x_wconf 74' lang='grc' dir='ltr'>ἑαυτὸν</span> 
     </span>
    </p>
   </div>
   <div class='ocr_carea' id='block_1_39' title="bbox 2211 1307 3806 1381">
    <p class='ocr_par' dir='ltr' id='par_1_39' title="bbox 2211 1307 3806 1381">
     <span class='ocr_line' id='line_1_39' title="bbox 2211 1307 3806 1381; baseline 0 -19"><span class='ocrx_word' id='word_1_267' title='bbox 2211 1314 2290 1375; x_wconf 80' lang='grc' dir='ltr'><strong>εἰς</strong></span> <span class='ocrx_word' id='word_1_268' title='bbox 2325 1310 2620 1381; x_wconf 80' lang='grc' dir='ltr'>ἁμαρτίας,</span> <span class='ocrx_word' id='word_1_269' title='bbox 2655 1309 2747 1362; x_wconf 80' lang='grc' dir='ltr'>τόν</span> <span class='ocrx_word' id='word_1_270' title='bbox 2773 1325 2833 1361; x_wconf 87' lang='grc' dir='ltr'><strong>τε</strong></span> <span class='ocrx_word' id='word_1_271' title='bbox 2865 1308 2977 1378; x_wconf 81' lang='grc' dir='ltr'>βίον</span> <span class='ocrx_word' id='word_1_272' title='bbox 3007 1307 3292 1380; x_wconf 78' lang='grc' dir='ltr'>ὑπέγραφε</span> <span class='ocrx_word' id='word_1_273' title='bbox 3320 1307 3413 1360; x_wconf 86' lang='grc' dir='ltr'><strong>τοῦ</strong></span> <span class='ocrx_word' id='word_1_274' title='bbox 3447 1307 3687 1361; x_wconf 87' lang='grc' dir='ltr'>τοιούτου</span> <span class='ocrx_word' id='word_1_275' title='bbox 3711 1309 3806 1365; x_wconf 80' lang='grc' dir='ltr'><strong>καὶ</strong></span> 
     </span>
    </p>
   </div>
   <div class='ocr_carea' id='block_1_40' title="bbox 2210 1397 3804 1471">
    <p class='ocr_par' dir='ltr' id='par_1_40' title="bbox 2210 1397 3804 1471">
     <span class='ocr_line' id='line_1_40' title="bbox 2210 1397 3804 1471; baseline 0 -16"><span class='ocrx_word' id='word_1_276' title='bbox 2210 1403 2271 1455; x_wconf 84' lang='grc' dir='ltr'><strong>τὸ</strong></span> <span class='ocrx_word' id='word_1_277' title='bbox 2308 1402 2461 1465; x_wconf 87' lang='grc' dir='ltr'>τέλος</span> <span class='ocrx_word' id='word_1_278' title='bbox 2490 1401 2589 1471; x_wconf 80' lang='grc' dir='ltr'>τῆς</span> <span class='ocrx_word' id='word_1_279' title='bbox 2614 1399 2998 1470; x_wconf 70' lang='grc' dir='ltr'>καταστροφῆς</span> <span class='ocrx_word' id='word_1_280' title='bbox 3027 1398 3213 1451; x_wconf 78' lang='grc' dir='ltr'>αὐτοῦ’</span> <span class='ocrx_word' id='word_1_281' title='bbox 3257 1397 3565 1463; x_wconf 81' lang='grc' dir='ltr'><strong>ἀκολούθως</strong></span> <span class='ocrx_word' id='word_1_282' title='bbox 3597 1402 3690 1454; x_wconf 76' lang='grc' dir='ltr'>ἐπὶ</span> <span class='ocrx_word' id='word_1_283' title='bbox 3711 1399 3804 1455; x_wconf 82' lang='grc' dir='ltr'><strong>τοῦ</strong></span> 
     </span>
    </p>
   </div>
   <div class='ocr_carea' id='block_1_41' title="bbox 2214 1489 3804 1567">
    <p class='ocr_par' dir='ltr' id='par_1_41' title="bbox 2214 1489 3804 1567">
     <span class='ocr_line' id='line_1_41' title="bbox 2214 1489 3804 1567; baseline -0.002 -18"><span class='ocrx_word' id='word_1_284' title='bbox 2214 1490 2792 1567; x_wconf 75' lang='grc' dir='ltr'>παρόντος’παραινεῖ</span> <span class='ocrx_word' id='word_1_285' title='bbox 2860 1491 3080 1561; x_wconf 82' lang='grc' dir='ltr'>φεύγειν</span> <span class='ocrx_word' id='word_1_286' title='bbox 3131 1490 3257 1553; x_wconf 81' lang='grc' dir='ltr'>τοὺς</span> <span class='ocrx_word' id='word_1_287' title='bbox 3315 1489 3425 1544; x_wconf 82' lang='grc' dir='ltr'><strong>τῶν</strong></span> <span class='ocrx_word' id='word_1_288' title='bbox 3473 1492 3804 1562; x_wconf 85' lang='grc' dir='ltr'>παρανόμων</span> 
     </span>
    </p>
   </div>
   <div class='ocr_carea' id='block_1_42' title="bbox 2213 1582 3801 1660">
    <p class='ocr_par' dir='ltr' id='par_1_42' title="bbox 2213 1582 3801 1660">
     <span class='ocr_line' id='line_1_42' title="bbox 2213 1582 3801 1660; baseline -0.003 -18"><span class='ocrx_word' id='word_1_289' title='bbox 2213 1588 2468 1660; x_wconf 79' lang='grc' dir='ltr'>τρόπους,</span> <span class='ocrx_word' id='word_1_290' title='bbox 2509 1587 2643 1657; x_wconf 80' lang='grc' dir='ltr'>μηδὲ</span> <span class='ocrx_word' id='word_1_291' title='bbox 2685 1584 2782 1647; x_wconf 75' lang='grc' dir='ltr'><strong>τὰς</strong></span> <span class='ocrx_word' id='word_1_292' title='bbox 2815 1583 3033 1654; x_wconf 75' lang='grc' dir='ltr'>ὁμοίους</span> <span class='ocrx_word' id='word_1_293' title='bbox 3085 1582 3263 1635; x_wconf 80' lang='grc' dir='ltr'>αὐτῶν</span> <span class='ocrx_word' id='word_1_294' title='bbox 3307 1582 3535 1651; x_wconf 81' lang='grc' dir='ltr'>πράξεις</span> <span class='ocrx_word' id='word_1_295' title='bbox 3585 1583 3801 1655; x_wconf 79' lang='grc' dir='ltr'><strong>ζηλοῦν.</strong></span> 
     </span>
    </p>
   </div>
   <div class='ocr_carea' id='block_1_43' title="bbox 2227 1671 3802 1749">
    <p class='ocr_par' dir='ltr' id='par_1_43' title="bbox 2227 1671 3802 1749">
     <span class='ocr_line' id='line_1_43' title="bbox 2227 1671 3802 1749; baseline -0.005 -15"><span class='ocrx_word' id='word_1_296' title='bbox 2227 1680 2379 1733; x_wconf 79' lang='grc' dir='ltr'>Ἐπεὶ</span> <span class='ocrx_word' id='word_1_297' title='bbox 2404 1679 2447 1733; x_wconf 84' lang='grc' dir='ltr'>δ’</span> <span class='ocrx_word' id='word_1_298' title='bbox 2475 1678 2662 1749; x_wconf 69' lang='grc' dir='ltr'>ἕτερον</span> <span class='ocrx_word' id='word_1_299' title='bbox 2686 1678 2800 1729; x_wconf 73' lang='grc' dir='ltr'>ἐστι</span> <span class='ocrx_word' id='word_1_300' title='bbox 2824 1674 2916 1727; x_wconf 84' lang='grc' dir='ltr'><strong>τοῦ</strong></span> <span class='ocrx_word' id='word_1_301' title='bbox 2954 1673 3149 1744; x_wconf 81' lang='grc' dir='ltr'>ζηλοῦν</span> <span class='ocrx_word' id='word_1_302' title='bbox 3166 1674 3227 1727; x_wconf 81' lang='grc' dir='ltr'><strong>τὸ</strong></span> <span class='ocrx_word' id='word_1_303' title='bbox 3248 1671 3613 1744; x_wconf 84' lang='grc' dir='ltr'>παραζηλοῦν,</span> <span class='ocrx_word' id='word_1_304' title='bbox 3637 1677 3802 1746; x_wconf 84' lang='grc' dir='ltr'>ἐρεῖς,</span> 
     </span>
    </p>
   </div>
   <div class='ocr_carea' id='block_1_44' title="bbox 2206 1764 3805 1841">
    <p class='ocr_par' dir='ltr' id='par_1_44' title="bbox 2206 1764 3805 1841">
     <span class='ocr_line' id='line_1_44' title="bbox 2206 1764 3805 1841; baseline -0.004 -16"><span class='ocrx_word' id='word_1_305' title='bbox 2206 1773 2288 1826; x_wconf 84' lang='grc' dir='ltr'><strong>ὅτι</strong></span> <span class='ocrx_word' id='word_1_306' title='bbox 2326 1770 2387 1824; x_wconf 83' lang='grc' dir='ltr'><strong>τὸ</strong></span> <span class='ocrx_word' id='word_1_307' title='bbox 2429 1766 2692 1841; x_wconf 78' lang='grc' dir='ltr'>ἐρεθίζειν</span> <span class='ocrx_word' id='word_1_308' title='bbox 2732 1766 2826 1819; x_wconf 76' lang='grc' dir='ltr'><strong>καὶ</strong></span> <span class='ocrx_word' id='word_1_309' title='bbox 2856 1768 2935 1828; x_wconf 79' lang='grc' dir='ltr'>εἰς</span> <span class='ocrx_word' id='word_1_310' title='bbox 2970 1765 3299 1835; x_wconf 78' lang='grc' dir='ltr'>ζηλοτυπίαν</span> <span class='ocrx_word' id='word_1_311' title='bbox 3344 1765 3601 1837; x_wconf 80' lang='grc' dir='ltr'>ἐγείρειν,</span> <span class='ocrx_word' id='word_1_312' title='bbox 3646 1764 3805 1820; x_wconf 82' lang='grc' dir='ltr'>τοῦτο</span> 
     </span>
    </p>
   </div>
   <div class='ocr_carea' id='block_1_45' title="bbox 2212 1855 3800 1932">
    <p class='ocr_par' dir='ltr' id='par_1_45' title="bbox 2212 1855 3800 1932">
     <span class='ocr_line' id='line_1_45' title="bbox 2212 1855 3800 1932; baseline -0.019 -14"><span class='ocrx_word' id='word_1_313' title='bbox 2212 1867 2327 1918; x_wconf 78' lang='grc' dir='ltr'>ἐστι</span> <span class='ocrx_word' id='word_1_314' title='bbox 2351 1863 2413 1917; x_wconf 81' lang='lat' dir='ltr'><em>r6</em></span> <span class='ocrx_word' id='word_1_315' title='bbox 2444 1857 2980 1932; x_wconf 73' lang='grc' dir='ltr'>παραζηλοῦν.”Οθεν</span> <span class='ocrx_word' id='word_1_316' title='bbox 3008 1859 3036 1910; x_wconf 93' lang='lat'><strong>6</strong></span> <span class='ocrx_word' id='word_1_317' title='bbox 3066 1856 3161 1927; x_wconf 80' lang='grc' dir='ltr'>μὲν</span> <span class='ocrx_word' id='word_1_318' title='bbox 3178 1855 3408 1920; x_wconf 84' lang='grc' dir='ltr'>Ἀκύλας</span> <span class='ocrx_word' id='word_1_319' title='bbox 3431 1857 3800 1929; x_wconf 71' lang='grc' dir='ltr'>ἡρμήνευσεν.</span> 
     </span>
    </p>
   </div>
   <div class='ocr_carea' id='block_1_46' title="bbox 2140 1920 3799 2024">
    <p class='ocr_par' dir='ltr' id='par_1_46' title="bbox 2140 1920 3799 2024">
     <span class='ocr_line' id='line_1_46' title="bbox 2140 1920 3799 2024; baseline -0.006 -14"><span class='ocrx_word' id='word_1_320' title='bbox 2140 1920 2177 1974; x_wconf 75' lang='grc' dir='ltr'>Β</span> <span class='ocrx_word' id='word_1_321' title='bbox 2207 1955 2305 2023; x_wconf 74' lang='grc' dir='ltr'><strong>Μὴ</strong></span> <span class='ocrx_word' id='word_1_322' title='bbox 2337 1920 2627 2024; x_wconf 46' lang='lat' dir='ltr'><strong>(tundier:</strong></span> <span class='ocrx_word' id='word_1_323' title='bbox 2758 1920 3265 2018; x_wconf 64' lang='grc' dir='ltr'>πονηρευορένοις</span> <span class='ocrx_word' id='word_1_324' title='bbox 3284 1965 3298 1979; x_wconf 73' lang='grc' dir='ltr'><strong>ο</strong></span> <span class='ocrx_word' id='word_1_325' title='bbox 3327 1951 3355 2001; x_wconf 98' lang='lat'><strong>6</strong></span> <span class='ocrx_word' id='word_1_326' title='bbox 3389 1920 3799 2019; x_wconf 40' lang='grc' dir='ltr'>διε-ξύμμαχος</span> 
     </span>
    </p>
   </div>
   <div class='ocr_carea' id='block_1_47' title="bbox 2205 2040 3806 2116">
    <p class='ocr_par' dir='ltr' id='par_1_47' title="bbox 2205 2040 3806 2116">
     <span class='ocr_line' id='line_1_47' title="bbox 2205 2040 3806 2116; baseline -0.005 -14"><span class='ocrx_word' id='word_1_327' title='bbox 2205 2048 2303 2116; x_wconf 75' lang='grc' dir='ltr'><strong>Μὴ</strong></span> <span class='ocrx_word' id='word_1_328' title='bbox 2341 2047 2670 2115; x_wconf 67' lang='grc' dir='ltr'>φιλονείκει</span> <span class='ocrx_word' id='word_1_329' title='bbox 2719 2044 3098 2109; x_wconf 73' lang='grc' dir='ltr'>κακούργοις.</span> <span class='ocrx_word' id='word_1_330' title='bbox 3145 2042 3377 2112; x_wconf 76' lang='grc' dir='ltr'>Νοήσεις</span> <span class='ocrx_word' id='word_1_331' title='bbox 3406 2040 3463 2093; x_wconf 82' lang='grc' dir='ltr'>δὲ</span> <span class='ocrx_word' id='word_1_332' title='bbox 3490 2041 3551 2094; x_wconf 87' lang='grc' dir='ltr'><strong>τὸ</strong></span> <span class='ocrx_word' id='word_1_333' title='bbox 3578 2040 3806 2112; x_wconf 78' lang='grc' dir='ltr'>εἰρημέ-</span> 
     </span>
    </p>
   </div>
   <div class='ocr_carea' id='block_1_48' title="bbox 2206 2128 3803 2203">
    <p class='ocr_par' dir='ltr' id='par_1_48' title="bbox 2206 2128 3803 2203">
     <span class='ocr_line' id='line_1_48' title="bbox 2206 2128 3803 2203; baseline -0.009 -11"><span class='ocrx_word' id='word_1_334' title='bbox 2206 2156 2295 2192; x_wconf 92' lang='grc' dir='ltr'><strong>νον</strong></span> <span class='ocrx_word' id='word_1_335' title='bbox 2345 2138 2440 2191; x_wconf 64' lang='lat' dir='ltr'><strong>xui.</strong></span> <span class='ocrx_word' id='word_1_336' title='bbox 2482 2137 2589 2189; x_wconf 86' lang='grc' dir='ltr'><strong>ἀπὸ</strong></span> <span class='ocrx_word' id='word_1_337' title='bbox 2628 2137 2753 2189; x_wconf 81' lang='grc' dir='ltr'>τοῦ·</span> <span class='ocrx_word' id='word_1_338' title='bbox 2782 2134 2959 2187; x_wconf 79' lang='grc' dir='ltr'>Αὐτοὶ</span> <span class='ocrx_word' id='word_1_339' title='bbox 3009 2128 3442 2201; x_wconf 72' lang='grc' dir='ltr'>παρεζὴλωο-ἁν</span> <span class='ocrx_word' id='word_1_340' title='bbox 3467 2151 3543 2203; x_wconf 81' lang='grc' dir='ltr'>με</span> <span class='ocrx_word' id='word_1_341' title='bbox 3593 2135 3686 2187; x_wconf 79' lang='grc' dir='ltr'><strong>ἐπ’</strong></span> <span class='ocrx_word' id='word_1_342' title='bbox 3730 2136 3803 2190; x_wconf 77' lang='grc' dir='ltr'><strong>οὺ</strong></span> 
     </span>
    </p>
   </div>
   <div class='ocr_carea' id='block_1_49' title="bbox 2210 2222 3800 2298">
    <p class='ocr_par' dir='ltr' id='par_1_49' title="bbox 2210 2222 3800 2298">
     <span class='ocr_line' id='line_1_49' title="bbox 2210 2222 3800 2298; baseline -0.001 -15"><span class='ocrx_word' id='word_1_343' title='bbox 2210 2228 2360 2295; x_wconf 86' lang='grc' dir='ltr'>Θεῷ,</span> <span class='ocrx_word' id='word_1_344' title='bbox 2391 2227 2778 2298; x_wconf 72' lang='grc' dir='ltr'>παρώργισάν</span> <span class='ocrx_word' id='word_1_345' title='bbox 2822 2244 2899 2296; x_wconf 83' lang='grc' dir='ltr'>με</span> <span class='ocrx_word' id='word_1_346' title='bbox 2952 2226 3021 2277; x_wconf 77' lang='grc' dir='ltr'><strong>ἐν</strong></span> <span class='ocrx_word' id='word_1_347' title='bbox 3075 2225 3200 2290; x_wconf 79' lang='grc' dir='ltr'>τοῖς</span> <span class='ocrx_word' id='word_1_348' title='bbox 3251 2222 3523 2292; x_wconf 82' lang='grc' dir='ltr'><strong>εἰδώλοις</strong></span> <span class='ocrx_word' id='word_1_349' title='bbox 3571 2227 3800 2282; x_wconf 81' lang='grc' dir='ltr'><strong>αὐτῶν·</strong></span> 
     </span>
    </p>
   </div>
   <div class='ocr_carea' id='block_1_50' title="bbox 2207 2312 3802 2394">
    <p class='ocr_par' dir='ltr' id='par_1_50' title="bbox 2207 2312 3802 2394">
     <span class='ocr_line' id='line_1_50' title="bbox 2207 2312 3802 2394; baseline -0.001 -17"><span class='ocrx_word' id='word_1_350' title='bbox 2207 2324 2371 2394; x_wconf 75' lang='grc' dir='ltr'><strong>κάγὼ</strong></span> <span class='ocrx_word' id='word_1_351' title='bbox 2413 2319 2821 2391; x_wconf 59' lang='grc' dir='ltr'>παραζηλώσω</span> <span class='ocrx_word' id='word_1_352' title='bbox 2866 2312 3089 2384; x_wconf 72' lang='grc' dir='ltr'>αὐτοὺς</span> <span class='ocrx_word' id='word_1_353' title='bbox 3150 2318 3241 2371; x_wconf 80' lang='grc' dir='ltr'><strong>ἐπ’</strong></span> <span class='ocrx_word' id='word_1_354' title='bbox 3295 2320 3406 2372; x_wconf 80' lang='grc' dir='ltr'>οὐκ</span> <span class='ocrx_word' id='word_1_355' title='bbox 3462 2319 3655 2374; x_wconf 69' lang='grc' dir='ltr'>ἔθνει*</span> <span class='ocrx_word' id='word_1_356' title='bbox 3707 2322 3802 2375; x_wconf 80' lang='grc' dir='ltr'><strong>ἐπ’</strong></span> 
     </span>
    </p>
   </div>
   <div class='ocr_carea' id='block_1_51' title="bbox 2205 2408 3806 2480">
    <p class='ocr_par' dir='ltr' id='par_1_51' title="bbox 2205 2408 3806 2480">
     <span class='ocr_line' id='line_1_51' title="bbox 2205 2408 3806 2480; baseline -0.001 -9"><span class='ocrx_word' id='word_1_357' title='bbox 2205 2409 2362 2471; x_wconf 61' lang='grc' dir='ltr'>ἕθὶ⁴ει</span> <span class='ocrx_word' id='word_1_358' title='bbox 2397 2414 2671 2479; x_wconf 77' lang='grc' dir='ltr'><strong>ἀσυνέτῳ</strong></span> <span class='ocrx_word' id='word_1_359' title='bbox 2694 2408 2992 2480; x_wconf 62' lang='grc' dir='ltr'>,παροργιῶ</span> <span class='ocrx_word' id='word_1_360' title='bbox 3021 2412 3263 2478; x_wconf 77' lang='grc' dir='ltr'>αὐτούς.</span> <span class='ocrx_word' id='word_1_361' title='bbox 3289 2411 3444 2465; x_wconf 84' lang='grc' dir='ltr'>Οῦτω</span> <span class='ocrx_word' id='word_1_362' title='bbox 3478 2413 3572 2467; x_wconf 70' lang='grc' dir='ltr'><strong>καὶ</strong></span> <span class='ocrx_word' id='word_1_363' title='bbox 3599 2414 3806 2469; x_wconf 84' lang='grc' dir='ltr'>ὁἈπό-</span> 
     </span>
    </p>
   </div>
   <div class='ocr_carea' id='block_1_52' title="bbox 2209 2501 3807 2576">
    <p class='ocr_par' dir='ltr' id='par_1_52' title="bbox 2209 2501 3807 2576">
     <span class='ocr_line' id='line_1_52' title="bbox 2209 2501 3807 2576; baseline -0.007 -19"><span class='ocrx_word' id='word_1_364' title='bbox 2209 2505 2392 2567; x_wconf 84' lang='grc' dir='ltr'>στολος</span> <span class='ocrx_word' id='word_1_365' title='bbox 2436 2505 2662 2576; x_wconf 84' lang='grc' dir='ltr'>γράφων</span> <span class='ocrx_word' id='word_1_366' title='bbox 2708 2502 3015 2573; x_wconf 81' lang='grc' dir='ltr'>Κορινθίοις</span> <span class='ocrx_word' id='word_1_367' title='bbox 3061 2501 3279 2570; x_wconf 79' lang='grc' dir='ltr'>ἔλεγεν’</span> <span class='ocrx_word' id='word_1_368' title='bbox 3332 2503 3405 2557; x_wconf 88' lang='grc' dir='ltr'><strong>Ἢ</strong></span> <span class='ocrx_word' id='word_1_369' title='bbox 3430 2503 3807 2572; x_wconf 83' lang='grc' dir='ltr'>παραζηλοῦ-</span> 
     </span>
    </p>
   </div>
   <div class='ocr_carea' id='block_1_53' title="bbox 2201 2598 3805 2671">
    <p class='ocr_par' dir='ltr' id='par_1_53' title="bbox 2201 2598 3805 2671">
     <span class='ocr_line' id='line_1_53' title="bbox 2201 2598 3805 2671; baseline -0.001 -17"><span class='ocrx_word' id='word_1_370' title='bbox 2201 2619 2317 2671; x_wconf 79' lang='grc' dir='ltr'><strong>μεν</strong></span> <span class='ocrx_word' id='word_1_371' title='bbox 2352 2601 2459 2654; x_wconf 75' lang='grc' dir='ltr'><strong>τὸν</strong></span> <span class='ocrx_word' id='word_1_372' title='bbox 2513 2602 2767 2668; x_wconf 76' lang='grc' dir='ltr'>Κύριον;</span> <span class='ocrx_word' id='word_1_373' title='bbox 2820 2599 2917 2667; x_wconf 78' lang='grc' dir='ltr'><strong>Μὴ</strong></span> <span class='ocrx_word' id='word_1_374' title='bbox 2952 2600 3321 2667; x_wconf 78' lang='grc' dir='ltr'>ἷσχυρότεροι</span> <span class='ocrx_word' id='word_1_375' title='bbox 3354 2598 3542 2653; x_wconf 83' lang='grc' dir='ltr'>αὑτοῦ</span> <span class='ocrx_word' id='word_1_376' title='bbox 3579 2600 3805 2669; x_wconf 71' lang='grc' dir='ltr'>ἐσμενς</span> 
     </span>
    </p>
   </div>
   <div class='ocr_carea' id='block_1_54' title="bbox 2207 2680 3805 2764">
    <p class='ocr_par' dir='ltr' id='par_1_54' title="bbox 2207 2680 3805 2764">
     <span class='ocr_line' id='line_1_54' title="bbox 2207 2680 3805 2764; baseline -0.001 -17"><span class='ocrx_word' id='word_1_377' title='bbox 2207 2695 2280 2747; x_wconf 79' lang='grc' dir='ltr'>Τὸ</span> <span class='ocrx_word' id='word_1_378' title='bbox 2325 2693 2381 2746; x_wconf 85' lang='grc' dir='ltr'><strong>δὲ</strong></span> <span class='ocrx_word' id='word_1_379' title='bbox 2424 2691 2620 2764; x_wconf 78' lang='grc' dir='ltr'>ζηλοῦν</span> <span class='ocrx_word' id='word_1_380' title='bbox 2674 2691 2768 2745; x_wconf 87' lang='grc' dir='ltr'><strong>τοῦ</strong></span> <span class='ocrx_word' id='word_1_381' title='bbox 2827 2690 3111 2761; x_wconf 84' lang='grc' dir='ltr'>βούλεσθαι</span> <span class='ocrx_word' id='word_1_382' title='bbox 3143 2680 3238 2745; x_wconf 64' lang='grc' dir='ltr'><strong>καί</strong></span> <span class='ocrx_word' id='word_1_383' title='bbox 3269 2684 3446 2762; x_wconf 76' lang='grc' dir='ltr'>ἐαυτῷ</span> <span class='ocrx_word' id='word_1_384' title='bbox 3474 2691 3741 2763; x_wconf 82' lang='grc' dir='ltr'>ὑπάρχειν</span> <span class='ocrx_word' id='word_1_385' title='bbox 3773 2688 3805 2745; x_wconf 85' lang='grc' dir='ltr'>ὅ</span> 
     </span>
    </p>
   </div>
   <div class='ocr_carea' id='block_1_55' title="bbox 2206 2782 3806 2857">
    <p class='ocr_par' dir='ltr' id='par_1_55' title="bbox 2206 2782 3806 2857">
     <span class='ocr_line' id='line_1_55' title="bbox 2206 2782 3806 2857; baseline -0.001 -19"><span class='ocrx_word' id='word_1_386' title='bbox 2206 2785 2417 2856; x_wconf 77' lang='grc' dir='ltr'>νομίζει</span> <span class='ocrx_word' id='word_1_387' title='bbox 2448 2785 2526 2855; x_wconf 84' lang='grc' dir='ltr'>τῷ</span> <span class='ocrx_word' id='word_1_388' title='bbox 2560 2784 2729 2848; x_wconf 78' lang='grc' dir='ltr'>πέλας</span> <span class='ocrx_word' id='word_1_389' title='bbox 2763 2786 3043 2855; x_wconf 88' lang='grc' dir='ltr'>παρεῖναι,</span> <span class='ocrx_word' id='word_1_390' title='bbox 3072 2783 3295 2852; x_wconf 87' lang='grc' dir='ltr'>ἀγαθόν.</span> <span class='ocrx_word' id='word_1_391' title='bbox 3333 2782 3439 2838; x_wconf 71' lang='grc' dir='ltr'>Καὶ</span> <span class='ocrx_word' id='word_1_392' title='bbox 3467 2783 3582 2836; x_wconf 76' lang='grc' dir='ltr'>ἔστι</span> <span class='ocrx_word' id='word_1_393' title='bbox 3616 2784 3677 2837; x_wconf 83' lang='grc' dir='ltr'><strong>τὸ</strong></span> <span class='ocrx_word' id='word_1_394' title='bbox 3703 2782 3806 2857; x_wconf 77' lang='grc' dir='ltr'>ζη-</span> 
     </span>
    </p>
   </div>
   <div class='ocr_carea' id='block_1_56' title="bbox 2205 2868 3808 2948">
    <p class='ocr_par' dir='ltr' id='par_1_56' title="bbox 2205 2868 3808 2948">
     <span class='ocr_line' id='line_1_56' title="bbox 2205 2868 3808 2948; baseline 0 -18"><span class='ocrx_word' id='word_1_395' title='bbox 2205 2877 2329 2931; x_wconf 79' lang='grc' dir='ltr'>λοῦν</span> <span class='ocrx_word' id='word_1_396' title='bbox 2358 2877 2546 2948; x_wconf 83' lang='grc' dir='ltr'>μέσον·</span> <span class='ocrx_word' id='word_1_397' title='bbox 2582 2876 2841 2939; x_wconf 85' lang='grc' dir='ltr'>πολλάκις</span> <span class='ocrx_word' id='word_1_398' title='bbox 2884 2875 2993 2947; x_wconf 80' lang='grc' dir='ltr'>γὰρ</span> <span class='ocrx_word' id='word_1_399' title='bbox 3044 2877 3072 2928; x_wconf 87' lang='lat'><strong>6</strong></span> <span class='ocrx_word' id='word_1_400' title='bbox 3119 2872 3280 2945; x_wconf 79' lang='grc' dir='ltr'>ζῆλος</span> <span class='ocrx_word' id='word_1_401' title='bbox 3319 2878 3448 2947; x_wconf 76' lang='grc' dir='ltr'>περὶ</span> <span class='ocrx_word' id='word_1_402' title='bbox 3483 2868 3545 2929; x_wconf 73' lang='grc' dir='ltr'>οὗ</span> <span class='ocrx_word' id='word_1_403' title='bbox 3581 2878 3611 2929; x_wconf 87' lang='lat'><strong>6</strong></span> <span class='ocrx_word' id='word_1_404' title='bbox 3637 2876 3808 2941; x_wconf 79' lang='grc' dir='ltr'>αὐτός</span> 
     </span>
    </p>
   </div>
   <div class='ocr_carea' id='block_1_57' title="bbox 2207 2965 3803 3039">
    <p class='ocr_par' dir='ltr' id='par_1_57' title="bbox 2207 2965 3803 3039">
     <span class='ocr_line' id='line_1_57' title="bbox 2207 2965 3803 3039; baseline 0.001 -18"><span class='ocrx_word' id='word_1_405' title='bbox 2207 2985 2401 3039; x_wconf 86' lang='grc' dir='ltr'>φησιν·</span> <span class='ocrx_word' id='word_1_406' title='bbox 2436 2968 2748 3035; x_wconf 72' lang='grc' dir='ltr'>Ζηλοῦσιν</span> <span class='ocrx_word' id='word_1_407' title='bbox 2776 2965 2935 3036; x_wconf 83' lang='grc' dir='ltr'>ὑμᾶς</span> <span class='ocrx_word' id='word_1_408' title='bbox 2965 2970 3037 3021; x_wconf 85' lang='grc' dir='ltr'>οὐ</span> <span class='ocrx_word' id='word_1_409' title='bbox 3071 2966 3291 3034; x_wconf 73' lang='grc' dir='ltr'>καλῶς,</span> <span class='ocrx_word' id='word_1_410' title='bbox 3323 2969 3458 3022; x_wconf 75' lang='grc' dir='ltr'><strong>ἀλλ’</strong></span> <span class='ocrx_word' id='word_1_411' title='bbox 3492 2967 3803 3023; x_wconf 75' lang='grc' dir='ltr'>ἐκκλεῖσαι</span> 
     </span>
    </p>
   </div>
   <div class='ocr_carea' id='block_1_58' title="bbox 2205 3041 3803 3129">
    <p class='ocr_par' dir='ltr' id='par_1_58' title="bbox 2205 3041 3803 3129">
     <span class='ocr_line' id='line_1_58' title="bbox 2205 3041 3803 3129; baseline -0.001 -15"><span class='ocrx_word' id='word_1_412' title='bbox 2205 3058 2359 3128; x_wconf 84' lang='grc' dir='ltr'>ὑμᾶς</span> <span class='ocrx_word' id='word_1_413' title='bbox 2393 3041 2913 3123; x_wconf 78' lang='grc' dir='ltr'>θέλουσιν.Φθόνος</span> <span class='ocrx_word' id='word_1_414' title='bbox 2955 3058 3055 3129; x_wconf 85' lang='grc' dir='ltr'><strong>μὲν</strong></span> <span class='ocrx_word' id='word_1_415' title='bbox 3086 3054 3178 3111; x_wconf 79' lang='grc' dir='ltr'><strong>οὖν</strong></span> <span class='ocrx_word' id='word_1_416' title='bbox 3208 3048 3306 3111; x_wconf 74' lang='grc' dir='ltr'><strong>οὐκ</strong></span> <span class='ocrx_word' id='word_1_417' title='bbox 3342 3057 3406 3112; x_wconf 88' lang='grc' dir='ltr'><strong>ἂν</strong></span> <span class='ocrx_word' id='word_1_418' title='bbox 3431 3057 3643 3126; x_wconf 80' lang='grc' dir='ltr'>γένοιτό</span> <span class='ocrx_word' id='word_1_419' title='bbox 3669 3076 3803 3113; x_wconf 85' lang='grc' dir='ltr'>ποτε</span> 
     </span>
    </p>
   </div>
   <div class='ocr_carea' id='block_1_59' title="bbox 2205 3149 3799 3222">
    <p class='ocr_par' dir='ltr' id='par_1_59' title="bbox 2205 3149 3799 3222">
     <span class='ocr_line' id='line_1_59' title="bbox 2205 3149 3799 3222; baseline 0.002 -19"><span class='ocrx_word' id='word_1_420' title='bbox 2205 3150 2439 3219; x_wconf 87' lang='grc' dir='ltr'>ἀγαθός·</span> <span class='ocrx_word' id='word_1_421' title='bbox 2477 3150 2619 3222; x_wconf 84' lang='grc' dir='ltr'>λύπη</span> <span class='ocrx_word' id='word_1_422' title='bbox 2647 3150 2756 3220; x_wconf 89' lang='grc' dir='ltr'><strong>γάρ</strong></span> <span class='ocrx_word' id='word_1_423' title='bbox 2787 3153 2935 3204; x_wconf 82' lang='grc' dir='ltr'>ἐστιν</span> <span class='ocrx_word' id='word_1_424' title='bbox 2991 3149 3085 3204; x_wconf 75' lang='grc' dir='ltr'>ἐπὶ</span> <span class='ocrx_word' id='word_1_425' title='bbox 3138 3152 3202 3221; x_wconf 77' lang='grc' dir='ltr'>τῇ</span> <span class='ocrx_word' id='word_1_426' title='bbox 3256 3149 3350 3202; x_wconf 84' lang='grc' dir='ltr'><strong>τοῦ</strong></span> <span class='ocrx_word' id='word_1_427' title='bbox 3389 3151 3559 3214; x_wconf 77' lang='grc' dir='ltr'>πέλας</span> <span class='ocrx_word' id='word_1_428' title='bbox 3590 3150 3799 3222; x_wconf 71' lang='grc' dir='ltr'>εὐπραι</span> 
     </span>
    </p>
   </div>
   <div class='ocr_carea' id='block_1_60' title="bbox 517 3236 2102 3324">
    <p class='ocr_par' dir='ltr' id='par_1_60' title="bbox 517 3248 2101 3321">
     <span class='ocr_line' id='line_1_60' title="bbox 517 3248 2101 3321; baseline 0.003 -18"><span class='ocrx_word' id='word_1_429' title='bbox 517 3248 619 3305; x_wconf 86' lang='lat' dir='ltr'><strong>Hic</strong></span> <span class='ocrx_word' id='word_1_430' title='bbox 668 3264 855 3321; x_wconf 89' lang='lat' dir='ltr'><strong>porro,</strong></span> <span class='ocrx_word' id='word_1_431' title='bbox 887 3249 1188 3305; x_wconf 89' lang='lat' dir='ltr'><strong>secundum</strong></span> <span class='ocrx_word' id='word_1_432' title='bbox 1241 3249 1520 3320; x_wconf 86' lang='lat' dir='ltr'><strong>Aquilam,</strong></span> <span class='ocrx_word' id='word_1_433' title='bbox 1565 3266 1678 3305; x_wconf 90' lang='lat' dir='ltr'><strong>non</strong></span> <span class='ocrx_word' id='word_1_434' title='bbox 1726 3252 2101 3308; x_wconf 90' lang='lat' dir='ltr'><strong>dimicandum</strong></span> 
     </span>
    </p>
   </div>
   <div class='ocr_carea' id='block_1_61' title="bbox 2204 3236 3801 3324">
    <p class='ocr_par' dir='ltr' id='par_1_61' title="bbox 2205 3236 3801 3308">
     <span class='ocr_line' id='line_1_61' title="bbox 2205 3236 3801 3308; baseline 0.003 -20"><span class='ocrx_word' id='word_1_435' title='bbox 2205 3236 2332 3308; x_wconf 77' lang='grc' dir='ltr'>γίᾳ·</span> <span class='ocrx_word' id='word_1_436' title='bbox 2363 3237 2523 3308; x_wconf 79' lang='grc' dir='ltr'>ζῆλος</span> <span class='ocrx_word' id='word_1_437' title='bbox 2564 3238 2621 3290; x_wconf 79' lang='grc' dir='ltr'><strong>δέ</strong></span> <span class='ocrx_word' id='word_1_438' title='bbox 2658 3241 2806 3292; x_wconf 77' lang='grc' dir='ltr'>ἐστιν</span> <span class='ocrx_word' id='word_1_439' title='bbox 2840 3240 2930 3292; x_wconf 85' lang='grc' dir='ltr'><strong>ὅτε</strong></span> <span class='ocrx_word' id='word_1_440' title='bbox 2962 3238 3173 3307; x_wconf 84' lang='grc' dir='ltr'>γίνεται</span> <span class='ocrx_word' id='word_1_441' title='bbox 3210 3236 3414 3308; x_wconf 79' lang='grc' dir='ltr'>ἀγαθὸς</span> <span class='ocrx_word' id='word_1_442' title='bbox 3446 3238 3629 3303; x_wconf 86' lang='grc' dir='ltr'>καθὼς</span> <span class='ocrx_word' id='word_1_443' title='bbox 3661 3242 3801 3293; x_wconf 85' lang='grc' dir='ltr'>ἀπο-</span> 
     </span>
    </p>
   </div>
   <div class='ocr_carea' id='block_1_62' title="bbox 512 3341 2100 3416">
    <p class='ocr_par' dir='ltr' id='par_1_62' title="bbox 512 3341 2100 3416">
     <span class='ocr_line' id='line_1_62' title="bbox 512 3341 2100 3416; baseline 0.003 -19"><span class='ocrx_word' id='word_1_444' title='bbox 512 3355 639 3397; x_wconf 82' lang='lat' dir='ltr'><strong>esse</strong></span> <span class='ocrx_word' id='word_1_445' title='bbox 661 3354 786 3395; x_wconf 89' lang='lat' dir='ltr'><strong>cum</strong></span> <span class='ocrx_word' id='word_1_446' title='bbox 819 3341 1244 3412; x_wconf 79' lang='lat' dir='ltr'><strong>malignantibus</strong></span> <span class='ocrx_word' id='word_1_447' title='bbox 1266 3350 1484 3410; x_wconf 87' lang='lat' dir='ltr'><strong>monet;</strong></span> <span class='ocrx_word' id='word_1_448' title='bbox 1513 3343 1813 3399; x_wconf 90' lang='lat' dir='ltr'><strong>secundum</strong></span> <span class='ocrx_word' id='word_1_449' title='bbox 1848 3343 2100 3416; x_wconf 85' lang='lat' dir='ltr'><strong>Symma-</strong></span> 
     </span>
    </p>
   </div>
   <div class='ocr_carea' id='block_1_63' title="bbox 512 3431 2100 3504">
    <p class='ocr_par' dir='ltr' id='par_1_63' title="bbox 512 3431 2100 3504">
     <span class='ocr_line' id='line_1_63' title="bbox 512 3431 2100 3504; baseline 0.004 -18"><span class='ocrx_word' id='word_1_450' title='bbox 512 3431 701 3497; x_wconf 85' lang='lat' dir='ltr'><strong>chum,</strong></span> <span class='ocrx_word' id='word_1_451' title='bbox 736 3449 845 3487; x_wconf 88' lang='lat' dir='ltr'><strong>non</strong></span> <span class='ocrx_word' id='word_1_452' title='bbox 882 3434 1262 3489; x_wconf 87' lang='lat' dir='ltr'><strong>altercandum</strong></span> <span class='ocrx_word' id='word_1_453' title='bbox 1315 3450 1438 3489; x_wconf 93' lang='lat' dir='ltr'><strong>cum</strong></span> <span class='ocrx_word' id='word_1_454' title='bbox 1472 3436 1771 3504; x_wconf 86' lang='lat' dir='ltr'><strong>malelicis;</strong></span> <span class='ocrx_word' id='word_1_455' title='bbox 1798 3437 2100 3493; x_wconf 90' lang='lat' dir='ltr'><strong>secundum</strong></span> 
     </span>
    </p>
   </div>
   <div class='ocr_carea' id='block_1_64' title="bbox 512 3522 2102 3596">
    <p class='ocr_par' dir='ltr' id='par_1_64' title="bbox 512 3522 2102 3596">
     <span class='ocr_line' id='line_1_64' title="bbox 512 3522 2102 3596; baseline 0.004 -20"><span class='ocrx_word' id='word_1_456' title='bbox 512 3525 763 3593; x_wconf 90' lang='lat' dir='ltr'><strong>quintam</strong></span> <span class='ocrx_word' id='word_1_457' title='bbox 798 3522 1118 3588; x_wconf 87' lang='lat' dir='ltr'><strong>editionem,</strong></span> <span class='ocrx_word' id='word_1_458' title='bbox 1147 3540 1260 3580; x_wconf 91' lang='lat' dir='ltr'><strong>non</strong></span> <span class='ocrx_word' id='word_1_459' title='bbox 1308 3526 1513 3579; x_wconf 79' lang='lat' dir='ltr'><strong>irritari</strong></span> <span class='ocrx_word' id='word_1_460' title='bbox 1545 3533 1800 3596; x_wconf 90' lang='lat' dir='ltr'><strong>oportere</strong></span> <span class='ocrx_word' id='word_1_461' title='bbox 1831 3544 1955 3582; x_wconf 89' lang='lat' dir='ltr'><strong>cum</strong></span> <span class='ocrx_word' id='word_1_462' title='bbox 1984 3544 2102 3583; x_wconf 89' lang='lat' dir='ltr'><strong>ma-</strong></span> 
     </span>
    </p>
   </div>
   <div class='ocr_carea' id='block_1_65' title="bbox 511 3616 2101 3687">
    <p class='ocr_par' dir='ltr' id='par_1_65' title="bbox 511 3616 2101 3687">
     <span class='ocr_line' id='line_1_65' title="bbox 511 3616 2101 3687; baseline 0.003 -16"><span class='ocrx_word' id='word_1_463' title='bbox 511 3616 847 3687; x_wconf 81' lang='lat' dir='ltr'><strong>lignantibus</strong></span> <span class='ocrx_word' id='word_1_464' title='bbox 867 3635 881 3683; x_wconf 88' lang='lat'><strong>;</strong></span> <span class='ocrx_word' id='word_1_465' title='bbox 900 3618 1201 3672; x_wconf 89' lang='lat' dir='ltr'><strong>secundum</strong></span> <span class='ocrx_word' id='word_1_466' title='bbox 1222 3634 1353 3673; x_wconf 90' lang='lat' dir='ltr'><strong>vero</strong></span> <span class='ocrx_word' id='word_1_467' title='bbox 1377 3618 1523 3672; x_wconf 81' lang='lat' dir='ltr'><strong>LXX</strong></span> <span class='ocrx_word' id='word_1_468' title='bbox 1547 3638 1559 3673; x_wconf 86' lang='lat'><strong>:</strong></span> <span class='ocrx_word' id='word_1_469' title='bbox 1588 3619 1707 3674; x_wconf 85' lang='lat' dir='ltr'><strong>Noli</strong></span> <span class='ocrx_word' id='word_1_470' title='bbox 1735 3621 1979 3675; x_wconf 68' lang='lat' dir='ltr'><strong>aemulari</strong></span> <span class='ocrx_word' id='word_1_471' title='bbox 2005 3637 2101 3676; x_wconf 75' lang='lat' dir='ltr'><strong>ne~</strong></span> 
     </span>
    </p>
   </div>
   <div class='ocr_carea' id='block_1_66' title="bbox 511 3708 2101 3783">
    <p class='ocr_par' dir='ltr' id='par_1_66' title="bbox 511 3708 2101 3783">
     <span class='ocr_line' id='line_1_66' title="bbox 511 3708 2101 3783; baseline 0.004 -22"><span class='ocrx_word' id='word_1_472' title='bbox 511 3722 621 3778; x_wconf 89' lang='lat' dir='ltr'><strong>que</strong></span> <span class='ocrx_word' id='word_1_473' title='bbox 669 3708 962 3773; x_wconf 90' lang='lat' dir='ltr'><strong>concitari,</strong></span> <span class='ocrx_word' id='word_1_474' title='bbox 994 3708 1040 3764; x_wconf 92' lang='lat' dir='ltr'><strong>si</strong></span> <span class='ocrx_word' id='word_1_475' title='bbox 1085 3709 1223 3765; x_wconf 89' lang='lat' dir='ltr'><strong>alios</strong></span> <span class='ocrx_word' id='word_1_476' title='bbox 1256 3710 1399 3765; x_wconf 90' lang='lat' dir='ltr'><strong>male</strong></span> <span class='ocrx_word' id='word_1_477' title='bbox 1430 3719 1652 3781; x_wconf 85' lang='lat' dir='ltr'><strong>agentes</strong></span> <span class='ocrx_word' id='word_1_478' title='bbox 1679 3712 1891 3776; x_wconf 85' lang='lat' dir='ltr'><strong>videas,</strong></span> <span class='ocrx_word' id='word_1_479' title='bbox 1923 3729 2101 3783; x_wconf 87' lang='lat' dir='ltr'><strong>neque</strong></span> 
     </span>
    </p>
   </div>
   <div class='ocr_carea' id='block_1_67' title="bbox 510 3800 2102 3875">
    <p class='ocr_par' dir='ltr' id='par_1_67' title="bbox 510 3800 2102 3875">
     <span class='ocr_line' id='line_1_67' title="bbox 510 3800 2102 3875; baseline 0.003 -20"><span class='ocrx_word' id='word_1_480' title='bbox 510 3808 567 3855; x_wconf 86' lang='lat' dir='ltr'><strong>te</strong></span> <span class='ocrx_word' id='word_1_481' title='bbox 592 3802 871 3855; x_wconf 84' lang='lat' dir='ltr'><strong>concitent</strong></span> <span class='ocrx_word' id='word_1_482' title='bbox 906 3800 1140 3871; x_wconf 87' lang='lat' dir='ltr'><strong>improbi</strong></span> <span class='ocrx_word' id='word_1_483' title='bbox 1176 3816 1438 3871; x_wconf 91' lang='lat' dir='ltr'><strong>prospere</strong></span> <span class='ocrx_word' id='word_1_484' title='bbox 1468 3811 1713 3873; x_wconf 82' lang='lat' dir='ltr'><strong>agentes,</strong></span> <span class='ocrx_word' id='word_1_485' title='bbox 1752 3811 1811 3857; x_wconf 91' lang='lat' dir='ltr'><strong>ut</strong></span> <span class='ocrx_word' id='word_1_486' title='bbox 1859 3813 1918 3858; x_wconf 89' lang='lat' dir='ltr'><strong>tu</strong></span> <span class='ocrx_word' id='word_1_487' title='bbox 1961 3820 2102 3875; x_wconf 82' lang='lat' dir='ltr'><strong>quo-</strong></span> 
     </span>
    </p>
   </div>
   <div class='ocr_carea' id='block_1_68' title="bbox 511 3892 2101 3966">
    <p class='ocr_par' dir='ltr' id='par_1_68' title="bbox 511 3892 2101 3966">
     <span class='ocr_line' id='line_1_68' title="bbox 511 3892 2101 3966; baseline 0.001 -18"><span class='ocrx_word' id='word_1_488' title='bbox 511 3908 620 3963; x_wconf 83' lang='lat' dir='ltr'><strong>que</strong></span> <span class='ocrx_word' id='word_1_489' title='bbox 675 3892 811 3947; x_wconf 80' lang='lat' dir='ltr'><strong>velis</strong></span> <span class='ocrx_word' id='word_1_490' title='bbox 864 3907 980 3947; x_wconf 91' lang='lat' dir='ltr'><strong>rem</strong></span> <span class='ocrx_word' id='word_1_491' title='bbox 1031 3893 1172 3947; x_wconf 88' lang='lat' dir='ltr'><strong>bene</strong></span> <span class='ocrx_word' id='word_1_492' title='bbox 1218 3909 1430 3964; x_wconf 73' lang='lat' dir='ltr'><strong>gerere.</strong></span> <span class='ocrx_word' id='word_1_493' title='bbox 1474 3894 1773 3965; x_wconf 90' lang='lat' dir='ltr'><strong>linamque</strong></span> <span class='ocrx_word' id='word_1_494' title='bbox 1800 3895 1856 3950; x_wconf 88' lang='lat' dir='ltr'><strong>in</strong></span> <span class='ocrx_word' id='word_1_495' title='bbox 1886 3912 1946 3949; x_wconf 93' lang='lat' dir='ltr'><strong>re</strong></span> <span class='ocrx_word' id='word_1_496' title='bbox 1974 3911 2101 3966; x_wconf 84' lang='lat' dir='ltr'><strong>pro-</strong></span> 
     </span>
    </p>
   </div>
   <div class='ocr_carea' id='block_1_69' title="bbox 422 3981 2099 4055">
    <p class='ocr_par' dir='ltr' id='par_1_69' title="bbox 422 3981 2099 4055">
     <span class='ocr_line' id='line_1_69' title="bbox 422 3981 2099 4055; baseline 0.001 -16"><span class='ocrx_word' id='word_1_497' title='bbox 422 3981 431 3995; x_wconf 85' lang='grc'><em>’</em></span> <span class='ocrx_word' id='word_1_498' title='bbox 510 3998 673 4053; x_wconf 84' lang='lat' dir='ltr'><strong>spera</strong></span> <span class='ocrx_word' id='word_1_499' title='bbox 725 3989 779 4037; x_wconf 85' lang='lat' dir='ltr'><strong>et</strong></span> <span class='ocrx_word' id='word_1_500' title='bbox 822 3982 880 4036; x_wconf 91' lang='lat' dir='ltr'><strong>in</strong></span> <span class='ocrx_word' id='word_1_501' title='bbox 930 3982 1147 4038; x_wconf 91' lang='lat' dir='ltr'><strong>deliciis</strong></span> <span class='ocrx_word' id='word_1_502' title='bbox 1196 3994 1422 4053; x_wconf 79' lang='lat' dir='ltr'><strong>agentes</strong></span> <span class='ocrx_word' id='word_1_503' title='bbox 1444 3991 1505 4040; x_wconf 86' lang='lat' dir='ltr'><strong>te</strong></span> <span class='ocrx_word' id='word_1_504' title='bbox 1533 3984 1913 4055; x_wconf 83' lang='lat' dir='ltr'><strong>instigant;at</strong></span> <span class='ocrx_word' id='word_1_505' title='bbox 1940 3997 1999 4040; x_wconf 86' lang='lat' dir='ltr'><strong>tu</strong></span> <span class='ocrx_word' id='word_1_506' title='bbox 2032 4001 2099 4040; x_wconf 91' lang='lat' dir='ltr'><strong>ne</strong></span> 
     </span>
    </p>
   </div>
   <div class='ocr_carea' id='block_1_70' title="bbox 509 4073 2100 4144">
    <p class='ocr_par' dir='ltr' id='par_1_70' title="bbox 509 4073 2100 4144">
     <span class='ocr_line' id='line_1_70' title="bbox 509 4073 2100 4144; baseline 0.001 -17"><span class='ocrx_word' id='word_1_507' title='bbox 509 4073 787 4127; x_wconf 67' lang='lat' dir='ltr'><strong>atmuleris</strong></span> <span class='ocrx_word' id='word_1_508' title='bbox 824 4087 1002 4142; x_wconf 89' lang='lat' dir='ltr'><strong>neque</strong></span> <span class='ocrx_word' id='word_1_509' title='bbox 1032 4073 1348 4137; x_wconf 87' lang='lat' dir='ltr'><strong>coneiteris,</strong></span> <span class='ocrx_word' id='word_1_510' title='bbox 1382 4074 1477 4129; x_wconf 91' lang='lat' dir='ltr'><strong>sed</strong></span> <span class='ocrx_word' id='word_1_511' title='bbox 1511 4090 1690 4144; x_wconf 89' lang='lat' dir='ltr'><strong>neque</strong></span> <span class='ocrx_word' id='word_1_512' title='bbox 1714 4075 1978 4130; x_wconf 85' lang='lat' dir='ltr'><strong>zelaveris</strong></span> <span class='ocrx_word' id='word_1_513' title='bbox 2016 4074 2100 4128; x_wconf 80' lang='lat' dir='ltr'><strong>fa-</strong></span> 
     </span>
    </p>
   </div>
   <div class='ocr_carea' id='block_1_71' title="bbox 511 4165 2099 4239">
    <p class='ocr_par' dir='ltr' id='par_1_71' title="bbox 511 4165 2099 4239">
     <span class='ocr_line' id='line_1_71' title="bbox 511 4165 2099 4239; baseline 0.003 -20"><span class='ocrx_word' id='word_1_514' title='bbox 511 4165 721 4220; x_wconf 87' lang='lat' dir='ltr'><strong>cientes</strong></span> <span class='ocrx_word' id='word_1_515' title='bbox 763 4165 1144 4235; x_wconf 87' lang='lat' dir='ltr'><strong>iniquitatem;</strong></span> <span class='ocrx_word' id='word_1_516' title='bbox 1186 4181 1255 4221; x_wconf 90' lang='lat' dir='ltr'><strong>ne</strong></span> <span class='ocrx_word' id='word_1_517' title='bbox 1295 4167 1485 4222; x_wconf 91' lang='lat' dir='ltr'><strong>beatos</strong></span> <span class='ocrx_word' id='word_1_518' title='bbox 1515 4169 1780 4239; x_wconf 63' lang='lat' dir='ltr'><strong>praedices</strong></span> <span class='ocrx_word' id='word_1_519' title='bbox 1814 4169 1960 4233; x_wconf 90' lang='lat' dir='ltr'><strong>illos,</strong></span> <span class='ocrx_word' id='word_1_520' title='bbox 1993 4184 2099 4223; x_wconf 86' lang='lat' dir='ltr'><strong>neu</strong></span> 
     </span>
    </p>
   </div>
   <div class='ocr_carea' id='block_1_72' title="bbox 513 4257 2100 4333">
    <p class='ocr_par' dir='ltr' id='par_1_72' title="bbox 513 4257 2100 4333">
     <span class='ocr_line' id='line_1_72' title="bbox 513 4257 2100 4333; baseline 0.004 -22"><span class='ocrx_word' id='word_1_521' title='bbox 513 4267 671 4330; x_wconf 89' lang='lat' dir='ltr'><strong>putes</strong></span> <span class='ocrx_word' id='word_1_522' title='bbox 700 4258 757 4311; x_wconf 92' lang='lat' dir='ltr'><strong>in</strong></span> <span class='ocrx_word' id='word_1_523' title='bbox 784 4257 946 4313; x_wconf 87' lang='lat' dir='ltr'><strong>bonis</strong></span> <span class='ocrx_word' id='word_1_524' title='bbox 971 4258 1183 4313; x_wconf 86' lang='lat' dir='ltr'><strong>versari</strong></span> <span class='ocrx_word' id='word_1_525' title='bbox 1210 4277 1223 4312; x_wconf 91' lang='lat'>:</span> <span class='ocrx_word' id='word_1_526' title='bbox 1249 4274 1352 4315; x_wconf 91' lang='lat' dir='ltr'><strong>nec</strong></span> <span class='ocrx_word' id='word_1_527' title='bbox 1391 4260 1512 4329; x_wconf 89' lang='lat' dir='ltr'><strong>pari</strong></span> <span class='ocrx_word' id='word_1_528' title='bbox 1555 4260 1718 4315; x_wconf 89' lang='lat' dir='ltr'><strong>modo</strong></span> <span class='ocrx_word' id='word_1_529' title='bbox 1756 4276 1870 4315; x_wconf 90' lang='lat' dir='ltr'><strong>rem</strong></span> <span class='ocrx_word' id='word_1_530' title='bbox 1908 4277 2100 4333; x_wconf 80' lang='lat' dir='ltr'><strong>gerere</strong></span> 
     </span>
    </p>
   </div>
   <div class='ocr_carea' id='block_1_73' title="bbox 511 4357 763 4420">
    <p class='ocr_par' dir='ltr' id='par_1_73' title="bbox 511 4357 763 4420">
     <span class='ocr_line' id='line_1_73' title="bbox 511 4357 763 4420; baseline -0.004 -14"><span class='ocrx_word' id='word_1_531' title='bbox 511 4357 763 4420; x_wconf 81' lang='lat' dir='ltr'><strong>exoptes.</strong></span> 
     </span>
    </p>
   </div>
   <div class='ocr_carea' id='block_1_74' title="bbox 583 4524 2101 4597">
    <p class='ocr_par' dir='ltr' id='par_1_74' title="bbox 583 4524 2101 4597">
     <span class='ocr_line' id='line_1_74' title="bbox 583 4524 2101 4597; baseline 0.003 -19"><span class='ocrx_word' id='word_1_532' title='bbox 583 4524 750 4581; x_wconf 71' lang='lat' dir='ltr'><strong>Vens.</strong></span> <span class='ocrx_word' id='word_1_533' title='bbox 785 4526 947 4580; x_wconf 73' lang='lat'><strong>2-9.</strong></span> <span class='ocrx_word' id='word_1_534' title='bbox 1002 4525 1267 4592; x_wconf 83' lang='lat' dir='ltr'><strong>Quoniam</strong></span> <span class='ocrx_word' id='word_1_535' title='bbox 1323 4536 1578 4597; x_wconf 88' lang='lat' dir='ltr'><strong>tanquam</strong></span> <span class='ocrx_word' id='word_1_536' title='bbox 1624 4528 1802 4596; x_wconf 78' lang='lat' dir='ltr'><strong>fenum</strong></span> <span class='ocrx_word' id='word_1_537' title='bbox 1857 4527 2101 4583; x_wconf 80' lang='lat' dir='ltr'><strong>velociter</strong></span> 
     </span>
    </p>
   </div>
   <div class='ocr_carea' id='block_1_75' title="bbox 2206 3324 3800 3403">
    <p class='ocr_par' dir='ltr' id='par_1_75' title="bbox 2206 3324 3800 3403">
     <span class='ocr_line' id='line_1_75' title="bbox 2206 3324 3800 3403; baseline 0.005 -24"><span class='ocrx_word' id='word_1_538' title='bbox 2206 3324 2540 3399; x_wconf 81' lang='grc' dir='ltr'>δεδώκαμεν.</span> <span class='ocrx_word' id='word_1_539' title='bbox 2586 3329 2849 3383; x_wconf 77' lang='grc' dir='ltr'>Ἐνταῦθα</span> <span class='ocrx_word' id='word_1_540' title='bbox 2876 3330 2934 3383; x_wconf 82' lang='grc' dir='ltr'>δὲ</span> <span class='ocrx_word' id='word_1_541' title='bbox 2961 3332 2990 3383; x_wconf 92' lang='lat'><strong>6</strong></span> <span class='ocrx_word' id='word_1_542' title='bbox 3016 3330 3173 3400; x_wconf 86' lang='grc' dir='ltr'>λόγος</span> <span class='ocrx_word' id='word_1_543' title='bbox 3203 3331 3344 3385; x_wconf 87' lang='grc' dir='ltr'><strong>κατά</strong></span> <span class='ocrx_word' id='word_1_544' title='bbox 3387 3331 3483 3403; x_wconf 82' lang='grc' dir='ltr'><strong>μὲν</strong></span> <span class='ocrx_word' id='word_1_545' title='bbox 3508 3332 3600 3385; x_wconf 79' lang='grc' dir='ltr'><strong>τὸν</strong></span> <span class='ocrx_word' id='word_1_546' title='bbox 3636 3332 3800 3387; x_wconf 83' lang='grc' dir='ltr'>Ἀκύ-</span> 
     </span>
    </p>
   </div>
   <div class='ocr_carea' id='block_1_76' title="bbox 2206 3421 3799 3497">
    <p class='ocr_par' dir='ltr' id='par_1_76' title="bbox 2206 3421 3799 3497">
     <span class='ocr_line' id='line_1_76' title="bbox 2206 3421 3799 3497; baseline 0.003 -22"><span class='ocrx_word' id='word_1_547' title='bbox 2206 3421 2304 3476; x_wconf 88' lang='grc' dir='ltr'><strong>λαν</strong></span> <span class='ocrx_word' id='word_1_548' title='bbox 2355 3421 2429 3493; x_wconf 81' lang='grc' dir='ltr'><strong>μὴ</strong></span> <span class='ocrx_word' id='word_1_549' title='bbox 2494 3422 2859 3494; x_wconf 87' lang='grc' dir='ltr'>διαμάχεσθαι</span> <span class='ocrx_word' id='word_1_550' title='bbox 2916 3424 2975 3477; x_wconf 84' lang='grc' dir='ltr'>ὲν</span> <span class='ocrx_word' id='word_1_551' title='bbox 3031 3424 3490 3497; x_wconf 85' lang='grc' dir='ltr'>πονηρευομένοις</span> <span class='ocrx_word' id='word_1_552' title='bbox 3522 3426 3799 3496; x_wconf 79' lang='grc' dir='ltr'>παραινεῖ,</span> 
     </span>
    </p>
   </div>
   <div class='ocr_carea' id='block_1_77' title="bbox 2205 3513 3798 3593">
    <p class='ocr_par' dir='ltr' id='par_1_77' title="bbox 2205 3513 3798 3593">
     <span class='ocr_line' id='line_1_77' title="bbox 2205 3513 3798 3593; baseline 0.002 -26"><span class='ocrx_word' id='word_1_553' title='bbox 2205 3513 2346 3568; x_wconf 85' lang='grc' dir='ltr'><strong>κατά</strong></span> <span class='ocrx_word' id='word_1_554' title='bbox 2393 3515 2450 3568; x_wconf 87' lang='grc' dir='ltr'>δὲ</span> <span class='ocrx_word' id='word_1_555' title='bbox 2498 3514 2816 3586; x_wconf 81' lang='grc' dir='ltr'>Σύμμαχον,</span> <span class='ocrx_word' id='word_1_556' title='bbox 2855 3515 2931 3593; x_wconf 78' lang='grc' dir='ltr'>μὴ</span> <span class='ocrx_word' id='word_1_557' title='bbox 2963 3516 3288 3585; x_wconf 85' lang='grc' dir='ltr'>φιλονεικεῖν</span> <span class='ocrx_word' id='word_1_558' title='bbox 3338 3517 3396 3569; x_wconf 81' lang='grc' dir='ltr'>ἐν</span> <span class='ocrx_word' id='word_1_559' title='bbox 3444 3517 3798 3587; x_wconf 87' lang='grc' dir='ltr'>κακούργοις,</span> 
     </span>
    </p>
   </div>
   <div class='ocr_carea' id='block_1_78' title="bbox 2206 3595 3800 3680">
    <p class='ocr_par' dir='ltr' id='par_1_78' title="bbox 2206 3595 3800 3680">
     <span class='ocr_line' id='line_1_78' title="bbox 2206 3595 3800 3680; baseline 0.001 -19"><span class='ocrx_word' id='word_1_560' title='bbox 2206 3608 2348 3662; x_wconf 88' lang='grc' dir='ltr'><strong>κατά</strong></span> <span class='ocrx_word' id='word_1_561' title='bbox 2390 3595 2445 3662; x_wconf 72' lang='grc' dir='ltr'>δὲ</span> <span class='ocrx_word' id='word_1_562' title='bbox 2493 3608 2591 3680; x_wconf 83' lang='grc' dir='ltr'>τὴν</span> <span class='ocrx_word' id='word_1_563' title='bbox 2634 3596 2893 3680; x_wconf 83' lang='grc' dir='ltr'>πέμπτην</span> <span class='ocrx_word' id='word_1_564' title='bbox 2944 3608 3176 3671; x_wconf 76' lang='grc' dir='ltr'>ἔκδοσιν,</span> <span class='ocrx_word' id='word_1_565' title='bbox 3233 3609 3307 3679; x_wconf 85' lang='grc' dir='ltr'>μὴ</span> <span class='ocrx_word' id='word_1_566' title='bbox 3356 3607 3695 3680; x_wconf 75' lang='grc' dir='ltr'>ἐρεθίζεσθαι</span> <span class='ocrx_word' id='word_1_567' title='bbox 3740 3611 3800 3663; x_wconf 86' lang='grc' dir='ltr'>ὲν</span> 
     </span>
    </p>
   </div>
   <div class='ocr_carea' id='block_1_79' title="bbox 2207 3697 3799 3769">
    <p class='ocr_par' dir='ltr' id='par_1_79' title="bbox 2207 3697 3799 3769">
     <span class='ocr_line' id='line_1_79' title="bbox 2207 3697 3799 3769; baseline 0.001 -18"><span class='ocrx_word' id='word_1_568' title='bbox 2207 3698 2689 3769; x_wconf 81' lang='grc' dir='ltr'>πονηρευομένοις·</span> <span class='ocrx_word' id='word_1_569' title='bbox 2745 3697 2886 3751; x_wconf 79' lang='grc' dir='ltr'>κατὰ</span> <span class='ocrx_word' id='word_1_570' title='bbox 2942 3697 2999 3750; x_wconf 82' lang='grc' dir='ltr'>δὲ</span> <span class='ocrx_word' id='word_1_571' title='bbox 3048 3699 3176 3762; x_wconf 81' lang='grc' dir='ltr'>τοὺς</span> <span class='ocrx_word' id='word_1_572' title='bbox 3236 3697 3658 3769; x_wconf 77' lang='grc' dir='ltr'>Ἐϐδομήκοντα·</span> <span class='ocrx_word' id='word_1_573' title='bbox 3704 3699 3799 3768; x_wconf 82' lang='grc' dir='ltr'><strong>Μὴ</strong></span> 
     </span>
    </p>
   </div>
   <div class='ocr_carea' id='block_1_80' title="bbox 2207 3786 3802 3861">
    <p class='ocr_par' dir='ltr' id='par_1_80' title="bbox 2207 3786 3802 3861">
     <span class='ocr_line' id='line_1_80' title="bbox 2207 3786 3802 3861; baseline 0.001 -20"><span class='ocrx_word' id='word_1_574' title='bbox 2207 3789 2533 3861; x_wconf 83' lang='grc' dir='ltr'>παροξύνου,</span> <span class='ocrx_word' id='word_1_575' title='bbox 2571 3789 2727 3860; x_wconf 74' lang='grc' dir='ltr'>φησὶ,</span> <span class='ocrx_word' id='word_1_576' title='bbox 2762 3788 2897 3860; x_wconf 80' lang='grc' dir='ltr'>μηδὲ</span> <span class='ocrx_word' id='word_1_577' title='bbox 2944 3786 3189 3860; x_wconf 80' lang='grc' dir='ltr'>ὲρεθίζου</span> <span class='ocrx_word' id='word_1_578' title='bbox 3219 3788 3360 3860; x_wconf 81' lang='grc' dir='ltr'>ὁρῶν</span> <span class='ocrx_word' id='word_1_579' title='bbox 3389 3788 3609 3859; x_wconf 82' lang='grc' dir='ltr'>ἑτέρους</span> <span class='ocrx_word' id='word_1_580' title='bbox 3635 3806 3802 3861; x_wconf 88' lang='grc' dir='ltr'>πονη-</span> 
     </span>
    </p>
   </div>
   <div class='ocr_carea' id='block_1_81' title="bbox 2211 3877 3801 3954">
    <p class='ocr_par' dir='ltr' id='par_1_81' title="bbox 2211 3877 3801 3954">
     <span class='ocr_line' id='line_1_81' title="bbox 2211 3877 3801 3954; baseline 0.001 -19"><span class='ocrx_word' id='word_1_581' title='bbox 2211 3883 2532 3953; x_wconf 81' lang='grc' dir='ltr'>ρευομένους</span> <span class='ocrx_word' id='word_1_582' title='bbox 2550 3900 2563 3912; x_wconf 82' lang='grc'><em>’</em></span> <span class='ocrx_word' id='word_1_583' title='bbox 2595 3877 2731 3954; x_wconf 83' lang='grc' dir='ltr'>μηδέ</span> <span class='ocrx_word' id='word_1_584' title='bbox 2760 3900 2818 3935; x_wconf 88' lang='grc' dir='ltr'><strong>σε</strong></span> <span class='ocrx_word' id='word_1_585' title='bbox 2848 3882 3210 3953; x_wconf 80' lang='grc' dir='ltr'>ὲγειρέτωσαν</span> <span class='ocrx_word' id='word_1_586' title='bbox 3235 3881 3616 3954; x_wconf 81' lang='grc' dir='ltr'>εύθηνούμενοι</span> <span class='ocrx_word' id='word_1_587' title='bbox 3637 3882 3801 3936; x_wconf 73' lang='grc' dir='ltr'>κακοὶ</span> 
     </span>
    </p>
   </div>
   <div class='ocr_carea' id='block_1_82' title="bbox 2206 3972 3799 4045">
    <p class='ocr_par' dir='ltr' id='par_1_82' title="bbox 2206 3972 3799 4045">
     <span class='ocr_line' id='line_1_82' title="bbox 2206 3972 3799 4045; baseline 0 -18"><span class='ocrx_word' id='word_1_588' title='bbox 2206 3976 2298 4027; x_wconf 76' lang='grc' dir='ltr'><strong>ὲπὶ</strong></span> <span class='ocrx_word' id='word_1_589' title='bbox 2323 3975 2383 4027; x_wconf 80' lang='grc' dir='ltr'><strong>τὸ</strong></span> <span class='ocrx_word' id='word_1_590' title='bbox 2417 3974 2510 4027; x_wconf 76' lang='grc' dir='ltr'><strong>καὶ</strong></span> <span class='ocrx_word' id='word_1_591' title='bbox 2536 3973 2743 4027; x_wconf 76' lang='grc' dir='ltr'>ἐθέλειν</span> <span class='ocrx_word' id='word_1_592' title='bbox 2775 3972 2976 4044; x_wconf 83' lang='grc' dir='ltr'>ὁμοίως</span> <span class='ocrx_word' id='word_1_593' title='bbox 3007 3975 3192 4035; x_wconf 84' lang='grc' dir='ltr'>αὐτοῖς</span> <span class='ocrx_word' id='word_1_594' title='bbox 3214 3974 3531 4045; x_wconf 76' lang='grc' dir='ltr'>εὐπραγεῖν.</span> <span class='ocrx_word' id='word_1_595' title='bbox 3568 3974 3799 4027; x_wconf 83' lang='grc' dir='ltr'>Ἐκεῖνοι</span> 
     </span>
    </p>
   </div>
   <div class='ocr_carea' id='block_1_83' title="bbox 2210 4062 3799 4137">
    <p class='ocr_par' dir='ltr' id='par_1_83' title="bbox 2210 4062 3799 4137">
     <span class='ocr_line' id='line_1_83' title="bbox 2210 4062 3799 4137; baseline -0.001 -20"><span class='ocrx_word' id='word_1_596' title='bbox 2210 4065 2306 4134; x_wconf 84' lang='grc' dir='ltr'><strong>μὲν</strong></span> <span class='ocrx_word' id='word_1_597' title='bbox 2344 4063 2453 4136; x_wconf 78' lang='grc' dir='ltr'>γὰρ</span> <span class='ocrx_word' id='word_1_598' title='bbox 2486 4062 2870 4137; x_wconf 77' lang='grc' dir='ltr'>εὐθηνούμενοι</span> <span class='ocrx_word' id='word_1_599' title='bbox 2920 4064 3013 4116; x_wconf 73' lang='grc' dir='ltr'><strong>καὶ</strong></span> <span class='ocrx_word' id='word_1_600' title='bbox 3066 4062 3379 4134; x_wconf 81' lang='grc' dir='ltr'>τρυφῶντες</span> <span class='ocrx_word' id='word_1_601' title='bbox 3426 4062 3799 4133; x_wconf 85' lang='grc' dir='ltr'>παραζηλοῦσί</span> 
     </span>
    </p>
   </div>
   <div class='ocr_carea' id='block_1_84' title="bbox 2209 4149 3800 4227">
    <p class='ocr_par' dir='ltr' id='par_1_84' title="bbox 2209 4149 3800 4227">
     <span class='ocr_line' id='line_1_84' title="bbox 2209 4149 3800 4227; baseline -0.001 -20"><span class='ocrx_word' id='word_1_602' title='bbox 2209 4172 2299 4208; x_wconf 88' lang='grc' dir='ltr'>σε·</span> <span class='ocrx_word' id='word_1_603' title='bbox 2339 4156 2402 4208; x_wconf 75' lang='grc' dir='ltr'><strong>σὺ</strong></span> <span class='ocrx_word' id='word_1_604' title='bbox 2433 4149 2490 4207; x_wconf 81' lang='grc' dir='ltr'>δὲ</span> <span class='ocrx_word' id='word_1_605' title='bbox 2523 4154 2596 4227; x_wconf 86' lang='grc' dir='ltr'>μὴ</span> <span class='ocrx_word' id='word_1_606' title='bbox 2631 4154 2951 4225; x_wconf 79' lang='grc' dir='ltr'>παραζηλου</span> <span class='ocrx_word' id='word_1_607' title='bbox 2981 4153 3116 4225; x_wconf 81' lang='grc' dir='ltr'>μηδὲ</span> <span class='ocrx_word' id='word_1_608' title='bbox 3143 4152 3477 4224; x_wconf 73' lang='grc' dir='ltr'>παροξύνου’</span> <span class='ocrx_word' id='word_1_609' title='bbox 3502 4151 3639 4206; x_wconf 87' lang='grc' dir='ltr'><strong>ἀλλά</strong></span> <span class='ocrx_word' id='word_1_610' title='bbox 3663 4152 3800 4223; x_wconf 87' lang='grc' dir='ltr'>μηδὲ</span> 
     </span>
    </p>
   </div>
   <div class='ocr_carea' id='block_1_85' title="bbox 2207 4244 3795 4318">
    <p class='ocr_par' dir='ltr' id='par_1_85' title="bbox 2207 4244 3795 4318">
     <span class='ocr_line' id='line_1_85' title="bbox 2207 4244 3795 4318; baseline 0.001 -20"><span class='ocrx_word' id='word_1_611' title='bbox 2207 4245 2369 4318; x_wconf 87' lang='grc' dir='ltr'>ζήλου</span> <span class='ocrx_word' id='word_1_612' title='bbox 2387 4248 2511 4309; x_wconf 79' lang='grc' dir='ltr'>τοὺς</span> <span class='ocrx_word' id='word_1_613' title='bbox 2528 4245 2814 4309; x_wconf 84' lang='grc' dir='ltr'>ποιοῦντας</span> <span class='ocrx_word' id='word_1_614' title='bbox 2841 4245 3090 4316; x_wconf 87' lang='grc' dir='ltr'>ἀνομίαν,</span> <span class='ocrx_word' id='word_1_615' title='bbox 3117 4245 3252 4316; x_wconf 81' lang='grc' dir='ltr'>μηδὲ</span> <span class='ocrx_word' id='word_1_616' title='bbox 3279 4244 3552 4315; x_wconf 83' lang='grc' dir='ltr'>μακάριζε</span> <span class='ocrx_word' id='word_1_617' title='bbox 3579 4244 3795 4311; x_wconf 77' lang='grc' dir='ltr'>αὐτοὺς,</span> 
     </span>
    </p>
   </div>
   <div class='ocr_carea' id='block_1_86' title="bbox 2206 4334 3797 4409">
    <p class='ocr_par' dir='ltr' id='par_1_86' title="bbox 2206 4334 3797 4409">
     <span class='ocr_line' id='line_1_86' title="bbox 2206 4334 3797 4409; baseline -0.001 -17"><span class='ocrx_word' id='word_1_618' title='bbox 2206 4339 2299 4392; x_wconf 74' lang='grc' dir='ltr'><strong>καὶ</strong></span> <span class='ocrx_word' id='word_1_619' title='bbox 2326 4340 2381 4393; x_wconf 81' lang='grc' dir='ltr'>ἐν</span> <span class='ocrx_word' id='word_1_620' title='bbox 2408 4337 2632 4407; x_wconf 81' lang='grc' dir='ltr'>ἀγαθοῖς</span> <span class='ocrx_word' id='word_1_621' title='bbox 2678 4334 2816 4391; x_wconf 78' lang='grc' dir='ltr'>εἶναι</span> <span class='ocrx_word' id='word_1_622' title='bbox 2860 4336 3079 4409; x_wconf 79' lang='grc' dir='ltr'>νόμιζε’</span> <span class='ocrx_word' id='word_1_623' title='bbox 3124 4336 3246 4408; x_wconf 81' lang='grc' dir='ltr'>μηδ’</span> <span class='ocrx_word' id='word_1_624' title='bbox 3278 4335 3438 4407; x_wconf 81' lang='grc' dir='ltr'>εῦχου</span> <span class='ocrx_word' id='word_1_625' title='bbox 3473 4336 3567 4389; x_wconf 84' lang='grc' dir='ltr'><strong>καὶ</strong></span> <span class='ocrx_word' id='word_1_626' title='bbox 3603 4335 3797 4391; x_wconf 81' lang='grc' dir='ltr'>σαυτὸν</span> 
     </span>
    </p>
   </div>
   <div class='ocr_carea' id='block_1_87' title="bbox 2205 4430 2928 4503">
    <p class='ocr_par' dir='ltr' id='par_1_87' title="bbox 2205 4430 2928 4503">
     <span class='ocr_line' id='line_1_87' title="bbox 2205 4430 2928 4503; baseline -0.006 -18"><span class='ocrx_word' id='word_1_627' title='bbox 2205 4430 2405 4503; x_wconf 83' lang='grc' dir='ltr'>ὁμοίως</span> <span class='ocrx_word' id='word_1_628' title='bbox 2437 4432 2619 4495; x_wconf 79' lang='grc' dir='ltr'>αὐτοῖς</span> <span class='ocrx_word' id='word_1_629' title='bbox 2651 4430 2928 4503; x_wconf 88' lang='grc' dir='ltr'>πράττειν.</span> 
     </span>
    </p>
   </div>
   <div class='ocr_carea' id='block_1_88' title="bbox 2283 4520 3792 4591">
    <p class='ocr_par' dir='ltr' id='par_1_88' title="bbox 2283 4520 3792 4591">
     <span class='ocr_line' id='line_1_88' title="bbox 2283 4520 3792 4591; baseline -0.001 -14"><span class='ocrx_word' id='word_1_630' title='bbox 2283 4526 2410 4577; x_wconf 87' lang='grc' dir='ltr'><strong>Ὅτι</strong></span> <span class='ocrx_word' id='word_1_631' title='bbox 2457 4523 2599 4578; x_wconf 77' lang='grc' dir='ltr'>ὡσεί</span> <span class='ocrx_word' id='word_1_632' title='bbox 2669 4525 2876 4591; x_wconf 77' lang='grc' dir='ltr'>χόρτος</span> <span class='ocrx_word' id='word_1_633' title='bbox 2960 4521 3108 4591; x_wconf 83' lang='grc' dir='ltr'>ταχὺ</span> <span class='ocrx_word' id='word_1_634' title='bbox 3168 4520 3792 4590; x_wconf 73' lang='grc' dir='ltr'>ἀποξηρανθήσονται.</span> 
     </span>
    </p>
   </div>
   <div class='ocr_carea' id='block_1_89' title="bbox 511 4609 2102 4692">
    <p class='ocr_par' dir='ltr' id='par_1_89' title="bbox 511 4617 2102 4692">
     <span class='ocr_line' id='line_1_89' title="bbox 511 4617 2102 4692; baseline 0.003 -20"><span class='ocrx_word' id='word_1_635' title='bbox 511 4627 772 4674; x_wconf 86' lang='lat' dir='ltr'><strong>arescent.</strong></span> <span class='ocrx_word' id='word_1_636' title='bbox 845 4617 1051 4674; x_wconf 89' lang='lat' dir='ltr'><strong>Deinde</strong></span> <span class='ocrx_word' id='word_1_637' title='bbox 1122 4634 1348 4674; x_wconf 87' lang='lat' dir='ltr'><strong>causam</strong></span> <span class='ocrx_word' id='word_1_638' title='bbox 1409 4621 1620 4690; x_wconf 92' lang='lat' dir='ltr'><strong>aperit,</strong></span> <span class='ocrx_word' id='word_1_639' title='bbox 1701 4621 1922 4688; x_wconf 87' lang='lat' dir='ltr'><strong>dicens,</strong></span> <span class='ocrx_word' id='word_1_640' title='bbox 1977 4624 2102 4692; x_wconf 90' lang='lat' dir='ltr'><strong>quia</strong></span> 
     </span>
    </p>
   </div>
   <div class='ocr_carea' id='block_1_90' title="bbox 2204 4609 3794 4692">
    <p class='ocr_par' dir='ltr' id='par_1_90' title="bbox 2208 4609 3794 4686">
     <span class='ocr_line' id='line_1_90' title="bbox 2208 4609 3794 4686; baseline -0.002 -17"><span class='ocrx_word' id='word_1_641' title='bbox 2208 4612 2344 4669; x_wconf 77' lang='grc' dir='ltr'>Εἶτα</span> <span class='ocrx_word' id='word_1_642' title='bbox 2370 4616 2469 4686; x_wconf 80' lang='grc' dir='ltr'><strong>τὴν</strong></span> <span class='ocrx_word' id='word_1_643' title='bbox 2502 4614 2680 4668; x_wconf 78' lang='grc' dir='ltr'>αἰτίαν</span> <span class='ocrx_word' id='word_1_644' title='bbox 2708 4609 2968 4676; x_wconf 81' lang='grc' dir='ltr'>διδάσκει,</span> <span class='ocrx_word' id='word_1_645' title='bbox 2994 4612 3188 4680; x_wconf 85' lang='grc' dir='ltr'>λέγων,</span> <span class='ocrx_word' id='word_1_646' title='bbox 3218 4611 3299 4664; x_wconf 83' lang='grc' dir='ltr'>ὅτι</span> <span class='ocrx_word' id='word_1_647' title='bbox 3331 4612 3392 4664; x_wconf 88' lang='grc' dir='ltr'><strong>τὸ</strong></span> <span class='ocrx_word' id='word_1_648' title='bbox 3418 4612 3572 4675; x_wconf 84' lang='grc' dir='ltr'>τέλος</span> <span class='ocrx_word' id='word_1_649' title='bbox 3614 4611 3794 4666; x_wconf 80' lang='grc' dir='ltr'>αὐτῶν</span> 
     </span>
    </p>
   </div>
   <div class='ocr_carea' id='block_1_91' title="bbox 509 4700 2102 4784">
    <p class='ocr_par' dir='ltr' id='par_1_91' title="bbox 509 4711 2100 4784">
     <span class='ocr_line' id='line_1_91' title="bbox 509 4711 2100 4784; baseline 0.001 -17"><span class='ocrx_word' id='word_1_650' title='bbox 509 4711 638 4768; x_wconf 78' lang='lat' dir='ltr'><strong>ﬁnis</strong></span> <span class='ocrx_word' id='word_1_651' title='bbox 684 4713 902 4767; x_wconf 89' lang='lat' dir='ltr'><strong>illorum</strong></span> <span class='ocrx_word' id='word_1_652' title='bbox 949 4712 1096 4779; x_wconf 89' lang='lat' dir='ltr'><strong>talis,</strong></span> <span class='ocrx_word' id='word_1_653' title='bbox 1152 4712 1331 4782; x_wconf 90' lang='lat' dir='ltr'><strong>qualis</strong></span> <span class='ocrx_word' id='word_1_654' title='bbox 1386 4711 1496 4768; x_wconf 83' lang='lat' dir='ltr'><strong>feni</strong></span> <span class='ocrx_word' id='word_1_655' title='bbox 1553 4713 1734 4768; x_wconf 84' lang='lat' dir='ltr'><strong>exitus</strong></span> <span class='ocrx_word' id='word_1_656' title='bbox 1773 4723 1891 4780; x_wconf 90' lang='lat' dir='ltr'><strong>est;</strong></span> <span class='ocrx_word' id='word_1_657' title='bbox 1952 4714 2100 4784; x_wconf 91' lang='lat' dir='ltr'><strong>quod</strong></span> 
     </span>
    </p>
   </div>
   <div class='ocr_carea' id='block_1_92' title="bbox 2204 4700 3796 4784">
    <p class='ocr_par' dir='ltr' id='par_1_92' title="bbox 2205 4700 3796 4778">
     <span class='ocr_line' id='line_1_92' title="bbox 2205 4700 3796 4778; baseline -0.002 -16"><span class='ocrx_word' id='word_1_658' title='bbox 2205 4700 2444 4763; x_wconf 81' lang='grc' dir='ltr'>τοιοῦτόν</span> <span class='ocrx_word' id='word_1_659' title='bbox 2469 4708 2638 4772; x_wconf 77' lang='grc' dir='ltr'>ἐστιν,</span> <span class='ocrx_word' id='word_1_660' title='bbox 2665 4700 2848 4760; x_wconf 79' lang='grc' dir='ltr'>ὁποῖον</span> <span class='ocrx_word' id='word_1_661' title='bbox 2875 4705 2935 4758; x_wconf 84' lang='grc' dir='ltr'><strong>τὸ</strong></span> <span class='ocrx_word' id='word_1_662' title='bbox 2973 4705 3065 4758; x_wconf 84' lang='grc' dir='ltr'><strong>τοῦ</strong></span> <span class='ocrx_word' id='word_1_663' title='bbox 3095 4706 3288 4776; x_wconf 85' lang='grc' dir='ltr'>χόρτου</span> <span class='ocrx_word' id='word_1_664' title='bbox 3306 4722 3318 4734; x_wconf 91' lang='grc'><strong>·</strong></span> <span class='ocrx_word' id='word_1_665' title='bbox 3358 4705 3416 4770; x_wconf 81' lang='grc' dir='ltr'>ὃς</span> <span class='ocrx_word' id='word_1_666' title='bbox 3447 4706 3584 4778; x_wconf 89' lang='grc' dir='ltr'>πρὸς</span> <span class='ocrx_word' id='word_1_667' title='bbox 3617 4703 3796 4773; x_wconf 83' lang='grc' dir='ltr'>ὀλίγον</span> 
     </span>
    </p>
   </div>
   <div class='ocr_carea' id='block_1_93' title="bbox 508 4796 2102 4873">
    <p class='ocr_par' dir='ltr' id='par_1_93' title="bbox 508 4798 2097 4872">
     <span class='ocr_line' id='line_1_93' title="bbox 508 4798 2097 4872; baseline -0.002 -15"><span class='ocrx_word' id='word_1_668' title='bbox 508 4816 638 4857; x_wconf 88' lang='lat' dir='ltr'><strong>cum</strong></span> <span class='ocrx_word' id='word_1_669' title='bbox 684 4801 1082 4872; x_wconf 84' lang='lat' dir='ltr'><strong>aliquantisper</strong></span> <span class='ocrx_word' id='word_1_670' title='bbox 1122 4801 1387 4865; x_wconf 85' lang='lat' dir='ltr'><strong>ﬂoruerit,</strong></span> <span class='ocrx_word' id='word_1_671' title='bbox 1418 4800 1680 4856; x_wconf 85' lang='lat' dir='ltr'><strong>velociter</strong></span> <span class='ocrx_word' id='word_1_672' title='bbox 1706 4800 1923 4855; x_wconf 84' lang='lat' dir='ltr'><strong>arescit.</strong></span> <span class='ocrx_word' id='word_1_673' title='bbox 1958 4798 2097 4854; x_wconf 87' lang='lat' dir='ltr'><strong>Nam</strong></span> 
     </span>
    </p>
   </div>
   <div class='ocr_carea' id='block_1_94' title="bbox 2204 4796 3795 4873">
    <p class='ocr_par' dir='ltr' id='par_1_94' title="bbox 2205 4796 3795 4873">
     <span class='ocr_line' id='line_1_94' title="bbox 2205 4796 3795 4873; baseline -0.001 -18"><span class='ocrx_word' id='word_1_674' title='bbox 2205 4803 2465 4873; x_wconf 85' lang='grc' dir='ltr'>ἀνθήσας,</span> <span class='ocrx_word' id='word_1_675' title='bbox 2512 4802 2649 4873; x_wconf 77' lang='grc' dir='ltr'>ταχὺ</span> <span class='ocrx_word' id='word_1_676' title='bbox 2711 4796 3159 4871; x_wconf 84' lang='grc' dir='ltr'>ἀποξηραίνεται.</span> <span class='ocrx_word' id='word_1_677' title='bbox 3221 4797 3397 4853; x_wconf 77' lang='grc' dir='ltr'><strong>Πᾶσα</strong></span> <span class='ocrx_word' id='word_1_678' title='bbox 3466 4800 3575 4871; x_wconf 86' lang='grc' dir='ltr'>γὰρ</span> <span class='ocrx_word' id='word_1_679' title='bbox 3637 4799 3795 4867; x_wconf 83' lang='grc' dir='ltr'>σὰρξ</span> 
     </span>
    </p>
   </div>
   <div class='ocr_carea' id='block_1_95' title="bbox 509 4892 2097 4965">
    <p class='ocr_par' dir='ltr' id='par_1_95' title="bbox 509 4892 2097 4965">
     <span class='ocr_line' id='line_1_95' title="bbox 509 4892 2097 4965; baseline -0.001 -16"><span class='ocrx_word' id='word_1_680' title='bbox 509 4896 683 4949; x_wconf 86' lang='lat' dir='ltr'><strong>omnis</strong></span> <span class='ocrx_word' id='word_1_681' title='bbox 711 4911 841 4948; x_wconf 91' lang='lat' dir='ltr'><strong>caro</strong></span> <span class='ocrx_word' id='word_1_682' title='bbox 865 4895 1067 4964; x_wconf 83' lang='lat' dir='ltr'><strong>fenum,</strong></span> <span class='ocrx_word' id='word_1_683' title='bbox 1098 4903 1147 4948; x_wconf 91' lang='lat' dir='ltr'><strong>et</strong></span> <span class='ocrx_word' id='word_1_684' title='bbox 1174 4894 1345 4948; x_wconf 83' lang='lat' dir='ltr'><strong>omnis</strong></span> <span class='ocrx_word' id='word_1_685' title='bbox 1370 4894 1548 4965; x_wconf 82' lang='lat' dir='ltr'><strong>gloria</strong></span> <span class='ocrx_word' id='word_1_686' title='bbox 1577 4894 1689 4963; x_wconf 80' lang='lat' dir='ltr'><strong>ejus</strong></span> <span class='ocrx_word' id='word_1_687' title='bbox 1712 4893 1865 4963; x_wconf 83' lang='lat' dir='ltr'><strong>quasi</strong></span> <span class='ocrx_word' id='word_1_688' title='bbox 1894 4893 1992 4961; x_wconf 84' lang='lat' dir='ltr'><strong>ﬂos</strong></span> <span class='ocrx_word' id='word_1_689' title='bbox 2020 4892 2097 4963; x_wconf 75' lang='lat' dir='ltr'><strong>fe-</strong></span> 
     </span>
    </p>
   </div>
   <div class='ocr_carea' id='block_1_96' title="bbox 509 4985 2095 5055">
    <p class='ocr_par' dir='ltr' id='par_1_96' title="bbox 509 4985 2095 5055">
     <span class='ocr_line' id='line_1_96' title="bbox 509 4985 2095 5055; baseline -0.001 -13"><span class='ocrx_word' id='word_1_690' title='bbox 509 4989 585 5043; x_wconf 77' lang='lat' dir='ltr'><strong>ni.</strong></span> <span class='ocrx_word' id='word_1_691' title='bbox 626 4987 974 5043; x_wconf 74' lang='lat' dir='ltr'><strong>Exsiccatum</strong></span> <span class='ocrx_word' id='word_1_692' title='bbox 1022 4998 1099 5042; x_wconf 86' lang='lat' dir='ltr'><strong>est</strong></span> <span class='ocrx_word' id='word_1_693' title='bbox 1155 4987 1355 5052; x_wconf 76' lang='lat' dir='ltr'><strong>fenum,</strong></span> <span class='ocrx_word' id='word_1_694' title='bbox 1402 4995 1452 5040; x_wconf 88' lang='lat' dir='ltr'><strong>et</strong></span> <span class='ocrx_word' id='word_1_695' title='bbox 1503 4986 1603 5055; x_wconf 83' lang='lat' dir='ltr'><strong>ﬂos</strong></span> <span class='ocrx_word' id='word_1_696' title='bbox 1659 4985 1932 5042; x_wconf 74' lang='lat' dir='ltr'><strong>decidit“.</strong></span> <span class='ocrx_word' id='word_1_697' title='bbox 1988 4985 2095 5041; x_wconf 87' lang='lat' dir='ltr'><strong>Sed</strong></span> 
     </span>
    </p>
   </div>
   <div class='ocr_carea' id='block_1_97' title="bbox 508 5072 2093 5151">
    <p class='ocr_par' dir='ltr' id='par_1_97' title="bbox 508 5072 2093 5151">
     <span class='ocr_line' id='line_1_97' title="bbox 508 5072 2093 5151; baseline -0.003 -13"><span class='ocrx_word' id='word_1_698' title='bbox 508 5080 699 5144; x_wconf 85' lang='lat' dir='ltr'><strong>etiam,</strong></span> <span class='ocrx_word' id='word_1_699' title='bbox 732 5079 1176 5151; x_wconf 86' lang='lat' dir='ltr'><strong>quemadmodum</strong></span> <span class='ocrx_word' id='word_1_700' title='bbox 1211 5078 1359 5132; x_wconf 90' lang='lat' dir='ltr'><strong>olera</strong></span> <span class='ocrx_word' id='word_1_701' title='bbox 1387 5072 1669 5131; x_wconf 79' lang='lat' dir='ltr'><strong>herbarum</strong></span> <span class='ocrx_word' id='word_1_702' title='bbox 1699 5074 1804 5131; x_wconf 85' lang='lat' dir='ltr'><strong>cito</strong></span> <span class='ocrx_word' id='word_1_703' title='bbox 1834 5076 2093 5133; x_wconf 87' lang='lat' dir='ltr'><strong>decident.</strong></span> 
     </span>
    </p>
   </div>
   <div class='ocr_carea' id='block_1_98' title="bbox 510 5162 2097 5243">
    <p class='ocr_par' dir='ltr' id='par_1_98' title="bbox 510 5162 2097 5243">
     <span class='ocr_line' id='line_1_98' title="bbox 510 5162 2097 5243; baseline -0.001 -16"><span class='ocrx_word' id='word_1_704' title='bbox 510 5170 591 5228; x_wconf 86' lang='lat' dir='ltr'><strong>Ne</strong></span> <span class='ocrx_word' id='word_1_705' title='bbox 641 5172 862 5243; x_wconf 91' lang='lat' dir='ltr'><strong>quidem</strong></span> <span class='ocrx_word' id='word_1_706' title='bbox 907 5171 1057 5241; x_wconf 83' lang='lat' dir='ltr'><strong>digni</strong></span> <span class='ocrx_word' id='word_1_707' title='bbox 1102 5179 1232 5226; x_wconf 89' lang='lat' dir='ltr'><strong>sunt</strong></span> <span class='ocrx_word' id='word_1_708' title='bbox 1279 5170 1372 5241; x_wconf 89' lang='lat' dir='ltr'><strong>qui</strong></span> <span class='ocrx_word' id='word_1_709' title='bbox 1413 5170 1656 5224; x_wconf 91' lang='lat' dir='ltr'><strong>oleribus</strong></span> <span class='ocrx_word' id='word_1_710' title='bbox 1685 5169 1738 5223; x_wconf 92' lang='lat' dir='ltr'><strong>in</strong></span> <span class='ocrx_word' id='word_1_711' title='bbox 1772 5184 1905 5240; x_wconf 75' lang='lat' dir='ltr'><strong>agro</strong></span> <span class='ocrx_word' id='word_1_712' title='bbox 1933 5162 2097 5225; x_wconf 84' lang='lat' dir='ltr'><strong>cultis</strong></span> 
     </span>
    </p>
   </div>
   <div class='ocr_carea' id='block_1_99' title="bbox 510 5262 2097 5335">
    <p class='ocr_par' dir='ltr' id='par_1_99' title="bbox 510 5262 2097 5335">
     <span class='ocr_line' id='line_1_99' title="bbox 510 5262 2097 5335; baseline -0.003 -15"><span class='ocrx_word' id='word_1_713' title='bbox 510 5272 919 5335; x_wconf 89' lang='lat' dir='ltr'><strong>comparentur.</strong></span> <span class='ocrx_word' id='word_1_714' title='bbox 950 5263 1081 5331; x_wconf 73' lang='lat' dir='ltr'><strong>Quae</strong></span> <span class='ocrx_word' id='word_1_715' title='bbox 1112 5278 1280 5319; x_wconf 91' lang='lat' dir='ltr'><strong>causa</strong></span> <span class='ocrx_word' id='word_1_716' title='bbox 1308 5263 1476 5332; x_wconf 83' lang='lat' dir='ltr'><strong>igitur</strong></span> <span class='ocrx_word' id='word_1_717' title='bbox 1512 5264 1597 5316; x_wconf 84' lang='lat' dir='ltr'><strong>est</strong></span> <span class='ocrx_word' id='word_1_718' title='bbox 1628 5278 1727 5316; x_wconf 93' lang='lat' dir='ltr'><strong>cur</strong></span> <span class='ocrx_word' id='word_1_719' title='bbox 1750 5278 1844 5317; x_wconf 81' lang='lat' dir='ltr'><strong>eos</strong></span> <span class='ocrx_word' id='word_1_720' title='bbox 1872 5262 2097 5316; x_wconf 65' lang='lat' dir='ltr'><strong>aemule-</strong></span> 
     </span>
    </p>
   </div>
   <div class='ocr_carea' id='block_1_100' title="bbox 511 5354 2094 5429">
    <p class='ocr_par' dir='ltr' id='par_1_100' title="bbox 511 5354 2094 5429">
     <span class='ocr_line' id='line_1_100' title="bbox 511 5354 2094 5429; baseline -0.004 -16"><span class='ocrx_word' id='word_1_721' title='bbox 511 5375 659 5424; x_wconf 87' lang='lat' dir='ltr'><strong>mur,</strong></span> <span class='ocrx_word' id='word_1_722' title='bbox 693 5359 786 5429; x_wconf 88' lang='lat' dir='ltr'><strong>qui</strong></span> <span class='ocrx_word' id='word_1_723' title='bbox 818 5373 942 5412; x_wconf 93' lang='lat' dir='ltr'><strong>cum</strong></span> <span class='ocrx_word' id='word_1_724' title='bbox 977 5358 1126 5413; x_wconf 80' lang='lat' dir='ltr'><strong>brevi</strong></span> <span class='ocrx_word' id='word_1_725' title='bbox 1153 5366 1397 5427; x_wconf 87' lang='lat' dir='ltr'><strong>tempore</strong></span> <span class='ocrx_word' id='word_1_726' title='bbox 1423 5355 1729 5417; x_wconf 82' lang='lat' dir='ltr'><strong>ﬂoruerint,</strong></span> <span class='ocrx_word' id='word_1_727' title='bbox 1762 5370 1884 5409; x_wconf 88' lang='lat' dir='ltr'><strong>cras</strong></span> <span class='ocrx_word' id='word_1_728' title='bbox 1915 5356 1967 5408; x_wconf 89' lang='lat' dir='ltr'><strong>in</strong></span> <span class='ocrx_word' id='word_1_729' title='bbox 1993 5354 2094 5408; x_wconf 87' lang='lat' dir='ltr'><strong>cli-</strong></span> 
     </span>
    </p>
   </div>
   <div class='ocr_carea' id='block_1_101' title="bbox 512 5440 2094 5514">
    <p class='ocr_par' dir='ltr' id='par_1_101' title="bbox 512 5440 2094 5514">
     <span class='ocr_line' id='line_1_101' title="bbox 512 5440 2094 5514; baseline -0.003 -12"><span class='ocrx_word' id='word_1_730' title='bbox 512 5447 716 5502; x_wconf 79' lang='lat' dir='ltr'><strong>banum</strong></span> <span class='ocrx_word' id='word_1_731' title='bbox 766 5447 1072 5511; x_wconf 88' lang='lat' dir='ltr'><strong>mittentur,</strong></span> <span class='ocrx_word' id='word_1_732' title='bbox 1106 5453 1166 5501; x_wconf 88' lang='lat' dir='ltr'><strong>ut</strong></span> <span class='ocrx_word' id='word_1_733' title='bbox 1213 5447 1373 5502; x_wconf 82' lang='lat' dir='ltr'><strong>docet</strong></span> <span class='ocrx_word' id='word_1_734' title='bbox 1421 5445 1673 5500; x_wconf 86' lang='lat' dir='ltr'><strong>Salvator</strong></span> <span class='ocrx_word' id='word_1_735' title='bbox 1691 5444 1775 5496; x_wconf 75' lang='lat'><strong>6&quot;‘?</strong></span> <span class='ocrx_word' id='word_1_736' title='bbox 1828 5440 1992 5514; x_wconf 83' lang='lat' dir='ltr'><strong>Spera</strong></span> <span class='ocrx_word' id='word_1_737' title='bbox 2038 5445 2094 5498; x_wconf 84' lang='lat' dir='ltr'><strong>in</strong></span> 
     </span>
    </p>
   </div>
   <div class='ocr_carea' id='block_1_102' title="bbox 518 5538 2096 5609">
    <p class='ocr_par' dir='ltr' id='par_1_102' title="bbox 518 5538 2096 5609">
     <span class='ocr_line' id='line_1_102' title="bbox 518 5538 2096 5609; baseline -0.003 -15"><span class='ocrx_word' id='word_1_738' title='bbox 518 5540 761 5605; x_wconf 85' lang='lat' dir='ltr'><strong>Domino,</strong></span> <span class='ocrx_word' id='word_1_739' title='bbox 794 5550 843 5594; x_wconf 92' lang='lat' dir='ltr'><strong>et</strong></span> <span class='ocrx_word' id='word_1_740' title='bbox 874 5541 960 5609; x_wconf 77' lang='lat' dir='ltr'><strong>[ac</strong></span> <span class='ocrx_word' id='word_1_741' title='bbox 984 5539 1293 5602; x_wconf 88' lang='lat' dir='ltr'><strong>bonitatem,</strong></span> <span class='ocrx_word' id='word_1_742' title='bbox 1320 5549 1368 5593; x_wconf 91' lang='lat' dir='ltr'><strong>et</strong></span> <span class='ocrx_word' id='word_1_743' title='bbox 1399 5538 1637 5592; x_wconf 83' lang='lat' dir='ltr'><strong>inhabita</strong></span> <span class='ocrx_word' id='word_1_744' title='bbox 1667 5548 1884 5601; x_wconf 90' lang='lat' dir='ltr'><strong>terram,</strong></span> <span class='ocrx_word' id='word_1_745' title='bbox 1914 5546 1963 5591; x_wconf 91' lang='lat' dir='ltr'><strong>et</strong></span> <span class='ocrx_word' id='word_1_746' title='bbox 1997 5550 2096 5607; x_wconf 87' lang='lat' dir='ltr'><strong>pa-</strong></span> 
     </span>
    </p>
   </div>
   <div class='ocr_carea' id='block_1_103' title="bbox 508 5629 2091 5703">
    <p class='ocr_par' dir='ltr' id='par_1_103' title="bbox 508 5629 2091 5703">
     <span class='ocr_line' id='line_1_103' title="bbox 508 5629 2091 5703; baseline -0.001 -18"><span class='ocrx_word' id='word_1_747' title='bbox 508 5634 672 5687; x_wconf 81' lang='lat' dir='ltr'><strong>sceris</strong></span> <span class='ocrx_word' id='word_1_748' title='bbox 699 5633 754 5685; x_wconf 87' lang='lat' dir='ltr'><strong>iu</strong></span> <span class='ocrx_word' id='word_1_749' title='bbox 780 5632 979 5688; x_wconf 85' lang='lat' dir='ltr'><strong>divitiis</strong></span> <span class='ocrx_word' id='word_1_750' title='bbox 1009 5633 1145 5703; x_wconf 85' lang='lat' dir='ltr'><strong>ejus.</strong></span> <span class='ocrx_word' id='word_1_751' title='bbox 1182 5632 1456 5687; x_wconf 85' lang='lat' dir='ltr'><strong>Delectare</strong></span> <span class='ocrx_word' id='word_1_752' title='bbox 1484 5631 1536 5685; x_wconf 90' lang='lat' dir='ltr'><strong>in</strong></span> <span class='ocrx_word' id='word_1_753' title='bbox 1574 5629 1818 5695; x_wconf 86' lang='lat' dir='ltr'><strong>Domino,</strong></span> <span class='ocrx_word' id='word_1_754' title='bbox 1849 5640 1898 5684; x_wconf 89' lang='lat' dir='ltr'><strong>et</strong></span> <span class='ocrx_word' id='word_1_755' title='bbox 1942 5629 2091 5684; x_wconf 90' lang='lat' dir='ltr'><strong>dabit</strong></span> 
     </span>
    </p>
   </div>
   <div class='ocr_carea' id='block_1_104' title="bbox 2201 4888 3791 4965">
    <p class='ocr_par' dir='ltr' id='par_1_104' title="bbox 2201 4888 3791 4965">
     <span class='ocr_line' id='line_1_104' title="bbox 2201 4888 3791 4965; baseline -0.003 -18"><span class='ocrx_word' id='word_1_756' title='bbox 2201 4895 2436 4965; x_wconf 82' lang='grc' dir='ltr'>χόρτος,</span> <span class='ocrx_word' id='word_1_757' title='bbox 2469 4893 2567 4946; x_wconf 78' lang='grc' dir='ltr'>καὶ</span> <span class='ocrx_word' id='word_1_758' title='bbox 2607 4889 2775 4946; x_wconf 79' lang='grc' dir='ltr'>πᾶσα</span> <span class='ocrx_word' id='word_1_759' title='bbox 2802 4888 2954 4956; x_wconf 75' lang='grc' dir='ltr'>δόξα</span> <span class='ocrx_word' id='word_1_760' title='bbox 2996 4891 3187 4959; x_wconf 83' lang='grc' dir='ltr'>αὐτῆς</span> <span class='ocrx_word' id='word_1_761' title='bbox 3220 4892 3300 4958; x_wconf 84' lang='grc' dir='ltr'>ὡς</span> <span class='ocrx_word' id='word_1_762' title='bbox 3326 4890 3512 4957; x_wconf 79' lang='grc' dir='ltr'>ἄνθος</span> <span class='ocrx_word' id='word_1_763' title='bbox 3552 4891 3791 4958; x_wconf 78' lang='grc' dir='ltr'>κύρτου.</span> 
     </span>
    </p>
   </div>
   <div class='ocr_carea' id='block_1_105' title="bbox 2216 4966 3794 5054">
    <p class='ocr_par' dir='ltr' id='par_1_105' title="bbox 2216 4966 3794 5054">
     <span class='ocr_line' id='line_1_105' title="bbox 2216 4966 3794 5054; baseline -0.003 -17"><span class='ocrx_word' id='word_1_764' title='bbox 2216 4966 2544 5054; x_wconf 69' lang='grc' dir='ltr'>Ἔξηράνθη</span> <span class='ocrx_word' id='word_1_765' title='bbox 2562 4988 2595 5038; x_wconf 83' lang='grc' dir='ltr'><em>ὀ</em></span> <span class='ocrx_word' id='word_1_766' title='bbox 2615 4984 2849 5053; x_wconf 84' lang='grc' dir='ltr'>χόρτος,</span> <span class='ocrx_word' id='word_1_767' title='bbox 2865 4984 2963 5037; x_wconf 82' lang='grc' dir='ltr'>καὶ</span> <span class='ocrx_word' id='word_1_768' title='bbox 2991 4982 3057 5036; x_wconf 85' lang='grc' dir='ltr'>τὸ</span> <span class='ocrx_word' id='word_1_769' title='bbox 3087 4982 3272 5045; x_wconf 80' lang='grc' dir='ltr'>ἄνθος</span> <span class='ocrx_word' id='word_1_770' title='bbox 3286 4980 3600 5046; x_wconf 71' lang='grc' dir='ltr'>ἐξέπεσεν.</span> <span class='ocrx_word' id='word_1_771' title='bbox 3632 4979 3794 5034; x_wconf 86' lang='grc' dir='ltr'>Ἀλλὰ</span> 
     </span>
    </p>
   </div>
   <div class='ocr_carea' id='block_1_106' title="bbox 2203 5073 3795 5145">
    <p class='ocr_par' dir='ltr' id='par_1_106' title="bbox 2203 5073 3795 5145">
     <span class='ocr_line' id='line_1_106' title="bbox 2203 5073 3795 5145; baseline -0.001 -16"><span class='ocrx_word' id='word_1_772' title='bbox 2203 5077 2317 5140; x_wconf 70' lang='grc' dir='ltr'>καὶ,</span> <span class='ocrx_word' id='word_1_773' title='bbox 2339 5076 2485 5130; x_wconf 81' lang='grc' dir='ltr'>ὡσεὶ</span> <span class='ocrx_word' id='word_1_774' title='bbox 2502 5073 2742 5145; x_wconf 76' lang='grc' dir='ltr'>λάχανα</span> <span class='ocrx_word' id='word_1_775' title='bbox 2764 5073 2953 5145; x_wconf 80' lang='grc' dir='ltr'>χλόης</span> <span class='ocrx_word' id='word_1_776' title='bbox 2982 5075 3135 5145; x_wconf 83' lang='grc' dir='ltr'>ταχὺ</span> <span class='ocrx_word' id='word_1_777' title='bbox 3163 5074 3615 5130; x_wconf 76' lang='grc' dir='ltr'>ἀποπεσοῦνται</span> <span class='ocrx_word' id='word_1_778' title='bbox 3635 5091 3648 5104; x_wconf 89' lang='grc'><strong>·</strong></span> <span class='ocrx_word' id='word_1_779' title='bbox 3673 5074 3795 5127; x_wconf 79' lang='grc' dir='ltr'>οὐδὲ</span> 
     </span>
    </p>
   </div>
   <div class='ocr_carea' id='block_1_107' title="bbox 2203 5164 3790 5239">
    <p class='ocr_par' dir='ltr' id='par_1_107' title="bbox 2203 5164 3790 5239">
     <span class='ocr_line' id='line_1_107' title="bbox 2203 5164 3790 5239; baseline -0.002 -19"><span class='ocrx_word' id='word_1_780' title='bbox 2203 5166 2637 5239; x_wconf 82' lang='grc' dir='ltr'>γεωργουμένοις</span> <span class='ocrx_word' id='word_1_781' title='bbox 2681 5167 2934 5238; x_wconf 85' lang='grc' dir='ltr'>λαχάνοις</span> <span class='ocrx_word' id='word_1_782' title='bbox 2973 5164 3113 5233; x_wconf 83' lang='grc' dir='ltr'>ἄξιοί</span> <span class='ocrx_word' id='word_1_783' title='bbox 3162 5168 3269 5220; x_wconf 85' lang='grc' dir='ltr'>εἰσι</span> <span class='ocrx_word' id='word_1_784' title='bbox 3321 5164 3790 5238; x_wconf 78' lang='grc' dir='ltr'>παραϐάλλεσθαι.</span> 
     </span>
    </p>
   </div>
   <div class='ocr_carea' id='block_1_108' title="bbox 2204 5254 3793 5331">
    <p class='ocr_par' dir='ltr' id='par_1_108' title="bbox 2204 5254 3793 5331">
     <span class='ocr_line' id='line_1_108' title="bbox 2204 5254 3793 5331; baseline -0.001 -19"><span class='ocrx_word' id='word_1_785' title='bbox 2204 5260 2269 5312; x_wconf 90' lang='grc' dir='ltr'><strong>Τί</strong></span> <span class='ocrx_word' id='word_1_786' title='bbox 2290 5256 2383 5312; x_wconf 79' lang='grc' dir='ltr'><strong>οῦν</strong></span> <span class='ocrx_word' id='word_1_787' title='bbox 2413 5259 2562 5326; x_wconf 80' lang='grc' dir='ltr'>ἄξιον</span> <span class='ocrx_word' id='word_1_788' title='bbox 2587 5258 2781 5329; x_wconf 83' lang='grc' dir='ltr'>ζηλοῦν</span> <span class='ocrx_word' id='word_1_789' title='bbox 2807 5254 3049 5324; x_wconf 83' lang='grc' dir='ltr'>τούτους,</span> <span class='ocrx_word' id='word_1_790' title='bbox 3075 5259 3123 5313; x_wconf 80' lang='grc' dir='ltr'>οἳ</span> <span class='ocrx_word' id='word_1_791' title='bbox 3151 5259 3288 5331; x_wconf 77' lang='grc' dir='ltr'>πρὸς</span> <span class='ocrx_word' id='word_1_792' title='bbox 3317 5258 3496 5328; x_wconf 89' lang='grc' dir='ltr'>ὀλίγον</span> <span class='ocrx_word' id='word_1_793' title='bbox 3523 5258 3793 5328; x_wconf 82' lang='grc' dir='ltr'>ἀνθήσαν-</span> 
     </span>
    </p>
   </div>
   <div class='ocr_carea' id='block_1_109' title="bbox 2201 5350 3793 5424">
    <p class='ocr_par' dir='ltr' id='par_1_109' title="bbox 2201 5350 3793 5424">
     <span class='ocr_line' id='line_1_109' title="bbox 2201 5350 3793 5424; baseline 0 -20"><span class='ocrx_word' id='word_1_794' title='bbox 2201 5369 2311 5415; x_wconf 84' lang='grc' dir='ltr'>τες.</span> <span class='ocrx_word' id='word_1_795' title='bbox 2367 5351 2553 5424; x_wconf 75' lang='grc' dir='ltr'>αὔριον</span> <span class='ocrx_word' id='word_1_796' title='bbox 2610 5353 2689 5417; x_wconf 83' lang='grc' dir='ltr'><strong>εἰς</strong></span> <span class='ocrx_word' id='word_1_797' title='bbox 2746 5353 2997 5408; x_wconf 75' lang='grc' dir='ltr'>κλίϐανον</span> <span class='ocrx_word' id='word_1_798' title='bbox 3048 5352 3350 5423; x_wconf 86' lang='grc' dir='ltr'>βάλλονται.</span> <span class='ocrx_word' id='word_1_799' title='bbox 3374 5351 3450 5415; x_wconf 85' lang='grc' dir='ltr'>ὡς</span> <span class='ocrx_word' id='word_1_800' title='bbox 3498 5350 3793 5418; x_wconf 76' lang='grc' dir='ltr'>ἐδίδαξενὸ</span> 
     </span>
    </p>
   </div>
   <div class='ocr_carea' id='block_1_110' title="bbox 2202 5443 3793 5516">
    <p class='ocr_par' dir='ltr' id='par_1_110' title="bbox 2202 5443 3793 5516">
     <span class='ocr_line' id='line_1_110' title="bbox 2202 5443 3793 5516; baseline 0 -20"><span class='ocrx_word' id='word_1_801' title='bbox 2202 5445 2423 5516; x_wconf 78' lang='grc' dir='ltr'>Σωτήρ;</span> <span class='ocrx_word' id='word_1_802' title='bbox 2459 5446 2754 5499; x_wconf 68' lang='grc' dir='ltr'>Ἕνῖπιονον</span> <span class='ocrx_word' id='word_1_803' title='bbox 2782 5446 2883 5499; x_wconf 80' lang='grc' dir='ltr'><strong>ἐπὶ</strong></span> <span class='ocrx_word' id='word_1_804' title='bbox 2928 5447 3169 5513; x_wconf 81' lang='grc' dir='ltr'>Κύριον,</span> <span class='ocrx_word' id='word_1_805' title='bbox 3212 5444 3310 5498; x_wconf 78' lang='grc' dir='ltr'>καὶ</span> <span class='ocrx_word' id='word_1_806' title='bbox 3346 5445 3501 5497; x_wconf 76' lang='grc' dir='ltr'>ποίει</span> <span class='ocrx_word' id='word_1_807' title='bbox 3532 5443 3793 5513; x_wconf 76' lang='grc' dir='ltr'>χρηστό-</span> 
     </span>
    </p>
   </div>
   <div class='ocr_carea' id='block_1_111' title="bbox 2200 5534 3789 5609">
    <p class='ocr_par' dir='ltr' id='par_1_111' title="bbox 2200 5534 3789 5609">
     <span class='ocr_line' id='line_1_111' title="bbox 2200 5534 3789 5609; baseline 0.008 -20"><span class='ocrx_word' id='word_1_808' title='bbox 2200 5548 2367 5603; x_wconf 80' lang='grc' dir='ltr'>τητα,</span> <span class='ocrx_word' id='word_1_809' title='bbox 2411 5539 2508 5590; x_wconf 79' lang='grc' dir='ltr'>καὶ</span> <span class='ocrx_word' id='word_1_810' title='bbox 2554 5539 2939 5607; x_wconf 80' lang='grc' dir='ltr'>κατασκήνου</span> <span class='ocrx_word' id='word_1_811' title='bbox 2977 5539 3093 5607; x_wconf 79' lang='grc' dir='ltr'><strong>τὴν</strong></span> <span class='ocrx_word' id='word_1_812' title='bbox 3125 5535 3379 5609; x_wconf 73' lang='grc' dir='ltr'>γῆν,καὶ</span> <span class='ocrx_word' id='word_1_813' title='bbox 3406 5534 3789 5605; x_wconf 74' lang='grc' dir='ltr'>ποιμανθήσῖη</span> 
     </span>
    </p>
   </div>
   <div class='ocr_carea' id='block_1_112' title="bbox 2198 5624 3801 5702">
    <p class='ocr_par' dir='ltr' id='par_1_112' title="bbox 2198 5624 3801 5702">
     <span class='ocr_line' id='line_1_112' title="bbox 2198 5624 3801 5702; baseline -0.002 -19"><span class='ocrx_word' id='word_1_814' title='bbox 2198 5624 2295 5683; x_wconf 79' lang='grc' dir='ltr'><strong>ἐπὶ</strong></span> <span class='ocrx_word' id='word_1_815' title='bbox 2342 5628 2423 5697; x_wconf 84' lang='grc' dir='ltr'><strong>τῷ</strong></span> <span class='ocrx_word' id='word_1_816' title='bbox 2472 5632 2714 5700; x_wconf 71' lang='grc' dir='ltr'>πλούτῳ</span> <span class='ocrx_word' id='word_1_817' title='bbox 2756 5630 2962 5702; x_wconf 82' lang='grc' dir='ltr'>αὐτῆς.</span> <span class='ocrx_word' id='word_1_818' title='bbox 3011 5631 3487 5701; x_wconf 61' lang='grc' dir='ltr'>Κατατρύφησον</span> <span class='ocrx_word' id='word_1_819' title='bbox 3523 5628 3632 5685; x_wconf 80' lang='grc' dir='ltr'><strong>τοῦ</strong></span> <span class='ocrx_word' id='word_1_820' title='bbox 3677 5633 3801 5683; x_wconf 74' lang='grc' dir='ltr'><strong>Κυ-</strong></span> 
     </span>
    </p>
   </div>
   <div class='ocr_carea' id='block_1_113' title="bbox 581 5808 2102 5882">
    <p class='ocr_par' dir='ltr' id='par_1_113' title="bbox 581 5809 2102 5882">
     <span class='ocr_line' id='line_1_113' title="bbox 581 5809 2102 5882; baseline 0.002 -17"><span class='ocrx_word' id='word_1_821' title='bbox 581 5811 631 5844; x_wconf 82' lang='lat'>“</span> <span class='ocrx_word' id='word_1_822' title='bbox 666 5810 823 5867; x_wconf 86' lang='lat' dir='ltr'><strong>De&#39;ut.</strong></span> <span class='ocrx_word' id='word_1_823' title='bbox 856 5829 1041 5882; x_wconf 30' lang='lat' dir='ltr'><strong>x‘xxn,</strong></span> <span class='ocrx_word' id='word_1_824' title='bbox 1072 5813 1165 5867; x_wconf 74' lang='lat'><strong>2|.</strong></span> <span class='ocrx_word' id='word_1_825' title='bbox 1244 5814 1290 5846; x_wconf 59' lang='grc' dir='ltr'><strong>εδ</strong></span> <span class='ocrx_word' id='word_1_826' title='bbox 1329 5811 1348 5865; x_wconf 90' lang='grc'><strong>1</strong></span> <span class='ocrx_word' id='word_1_827' title='bbox 1378 5811 1505 5867; x_wconf 89' lang='lat' dir='ltr'><strong>Cor.</strong></span> <span class='ocrx_word' id='word_1_828' title='bbox 1540 5828 1607 5881; x_wconf 76' lang='grc' dir='ltr'>ι,</span> <span class='ocrx_word' id='word_1_829' title='bbox 1644 5811 1733 5866; x_wconf 68' lang='lat'><strong>22.</strong></span> <span class='ocrx_word' id='word_1_830' title='bbox 1813 5810 1856 5842; x_wconf 75' lang='grc'><strong>⁸⁵</strong></span> <span class='ocrx_word' id='word_1_831' title='bbox 1877 5809 2052 5867; x_wconf 66' lang='lat' dir='ltr'><strong>Calai.</strong></span> <span class='ocrx_word' id='word_1_832' title='bbox 2089 5828 2102 5868; x_wconf 87' lang='grc' dir='ltr'><strong>ι</strong></span> 
     </span>
    </p>
   </div>
   <div class='ocr_carea' id='block_1_114' title="bbox 2204 5808 3386 5882">
    <p class='ocr_par' dir='ltr' id='par_1_114' title="bbox 2213 5808 3386 5877">
     <span class='ocr_line' id='line_1_114' title="bbox 2213 5808 3386 5877; baseline -0.002 -14"><span class='ocrx_word' id='word_1_833' title='bbox 2213 5810 2300 5865; x_wconf 84' lang='lat' dir='ltr'><strong>l7.</strong></span> <span class='ocrx_word' id='word_1_834' title='bbox 2379 5810 2424 5842; x_wconf 74' lang='grc'>⁸⁸</span> <span class='ocrx_word' id='word_1_835' title='bbox 2463 5808 2568 5865; x_wconf 89' lang='lat' dir='ltr'><strong>lsa.</strong></span> <span class='ocrx_word' id='word_1_836' title='bbox 2603 5828 2705 5877; x_wconf 76' lang='grc' dir='ltr'>ιι,</span> <span class='ocrx_word' id='word_1_837' title='bbox 2742 5811 2795 5867; x_wconf 90' lang='grc'>6.</span> <span class='ocrx_word' id='word_1_838' title='bbox 2876 5811 2918 5843; x_wconf 80' lang='grc'>⁸⁷</span> <span class='ocrx_word' id='word_1_839' title='bbox 2958 5809 3147 5867; x_wconf 82' lang='lat' dir='ltr'><strong>Matth.</strong></span> <span class='ocrx_word' id='word_1_840' title='bbox 3183 5825 3267 5875; x_wconf 77' lang='lat' dir='ltr'><strong>v1,</strong></span> <span class='ocrx_word' id='word_1_841' title='bbox 3298 5808 3386 5863; x_wconf 76' lang='lat'><strong>50.</strong></span> 
     </span>
    </p>
   </div>
  </div>
