4094 6378
347 381 462 436 59.5

1495 374 2004 430 COMMENTARIA
2045 375 2112 430 IN
2154 377 2498 436 PSAL‘MOS.

3533 393 3645 448 3‘26

339 495 624 570 ρίου,καὶ
655 494 776 560 δῴη
799 508 898 548 σοι
921 491 1118 546 πάντα
1151 491 1222 546 τὰ
1250 491 1544 560 αἰτήματα
1567 494 1680 561 τῆς
1711 493 1944 562 καρδίας

2065 495 2159 548 tibi
2200 513 2378 550 onmes
2405 498 2688 564 petitiones
2719 499 2896 553 cordis
2934 500 3032 555 tui.
3068 501 3360 572 Postquam
3391 509 3654 577 superio-s

343 607 492 646 σου.
537 587 913 658 Ἀποστρέψας
947 583 1040 637 τοῦ
1072 583 1238 655 ζήλου
1281 583 1390 637 τῶν
1433 585 1688 656 πονηρῶν
1721 585 1808 638 διὰ
1845 585 1955 638 τῶν

345 681 610 753 πρώτων,
643 679 806 740 εὐθὺς
837 682 900 730 ἐκ
931 675 1280 748 παραλλήλου
1328 677 1427 747 τὴν
1473 677 1642 748 ὀρθὴν
1675 679 1768 730 καὶ
1805 678 1956 748 βασι-

343 772 512 844 λικὴν
541 771 658 824 ὁδὸν
697 768 901 838 τίθησι,
935 767 1151 830 δεικνὺς
1185 767 1376 820 ὁποίαν
1413 767 1516 838 χρὴ
1564 767 1828 838 βαδίζειν.
1867 771 1956 822 Διό

345 881 550 934 φησιν·
589 863 736 914 "Avo;
777 859 964 929 βλέπε,
1011 852 1056 910 ὦ
1101 851 1276 920 οὗτος,
1313 859 1533 928 ἀφορῶν
1577 861 1654 920 εἰς
1709 859 1800 912 τὸν
1849 861 1955 914 τῶν

344 958 490 1010 ὅλων
521 955 884 1026 κυϐερνήτην,
935 953 1029 1004 καὶ
1081 952 1244 1004 αὐτὸν
1279 951 1506 1004 σεαυτοῦ
1562 952 1750 1006 ἐλπίδα
1794 953 1956 1024 θέμε-

345 1061 459 1109 νος·
481 1045 672 1116 θάρσει
695 1045 771 1106 ὡς
799 1043 889 1096 ἐπὶ
925 1041 1168 1112 μεγάλην
1197 1043 1446 1113 ἄγκυραν
1470 1043 1825 1115 ἡδρασμένος.
1847 1047 1956 1098 Καὶ

343 1139 416 1190 τὰ
459 1139 558 1208 μὲν
587 1139 686 1208 τῆς
715 1136 958 1198 διανοίας
1015 1152 1110 1188 σου
1157 1133 1362 1206 ταύτην
1391 1136 1562 1204 ἐχέτω
1604 1135 1702 1205 τὴν
1731 1135 1951 1188 ἐλπίδα·

343 1233 472 1294 ταῖς
517 1231 574 1282 δὲ
627 1229 890 1300 πράξεσιν
929 1225 1164 1299 ἐργάζου
1215 1227 1313 1280 καὶ
1357 1229 1514 1281 ποίει
1549 1231 1952 1298 χρηστότητα,

345 1322 554 1375 ὡσανεὶ
605 1321 842 1391 σπόρους
873 1319 1056 1390 σαυτῷ
1091 1317 1423 1388 βαλλόμενος
1451 1319 1538 1371 ἐπ’
1583 1319 1760 1390 ἀγαθῇ
1819 1338 1954 1392 καρ-

345 1411 471 1464 πῶν
504 1409 828 1482 συγκομιδῇ.
867 1410 1054 1464 Ταῦτα
1100 1409 1156 1461 δὲ
1199 1409 1268 1462 τὰ
1303 1408 1395 1460 δύο
1437 1409 1801 1480 κτησάμενος,
1843 1429 1954 1481 μη-

346 1503 470 1557 κέτι
499 1503 624 1574 περί
641 1521 785 1566 τινος
808 1501 1038 1570 ἀγωνία.
1062 1498 1465 1568 Κατασκήνου
1491 1500 1605 1566 τὴν
1629 1499 1954 1573 γῆνάμερί-

349 1616 524 1669 μνως,
553 1597 648 1650 καὶ
687 1597 786 1668 τὴν
823 1596 1158 1668 πρόσκαιρον
1199 1595 1428 1664 ταυτηνὶ
1473 1592 1638 1663 ζωὴν,
1671 1593 1860 1666 ὥσπερ
1893 1597 1952 1648 ἐν

349 1693 550 1763 σκηνῇ,
585 1691 721 1762 πρὸς
762 1689 942 1757 ὀλίγον
1001 1687 1174 1750 ἑστὼς
1230 1687 1404 1755 δίαγε.
1445 1686 1804 1759 Ποιμανθήσῃ
1841 1688 1949 1760 γὰρ

345 1785 506 1854 δίκην
539 1784 856 1856 θρέμματος
899 1779 1105 1848 ἀγαθοῦ
1143 1779 1248 1830 ὑπὸ
1295 1777 1514 1848 ποιμένι
1549 1775 1696 1846 καλῷ
1727 1795 1950 1848 ποιμαι-

345 1877 596 1948 νόμενος.
627 1877 690 1928 Εἰ
733 1873 842 1944 γάρ
891 1873 975 1936 τίς

345 1969 524 2040 ψυχῆς
581 1967 830 2030 πλοῦτος,
877 1967 904 2017 ὁ
949 1966 1005 2016 ὲν
1049 1961 1214 2026 θείοις
1268 1961 1504 2032 δόγμασι
1546 1961 1640 2012 καὶ
1680 1963 1790 2023 τοῖς
1834 1960 1944 2014 τῶν

347 2063 514 2114 θείων
543 2058 991 2129 ἀναγνωσμάτων
1029 2055 1340 2127 μαθήμασι,
1364 2051 1566 2105 τούτων
1595 2052 1942 2116 ἀπολαύσεις,

351 2147 496 2200 ὥστε
546 2147 752 2216 λέγειν·
789 2146 1006 2213 Κύριος
1035 2143 1334 2212 ποιμαίνει
1369 2159 1466 2211 με,
1505 2141 1600 2194 καὶ
1649 2140 1831 2194 οὐδέν
1869 2159 1947 2210 με

353 2238 700 2307 ὑστερήσει.
725 2237 890 2292 Οὐδὲν
923 2237 1030 2308 γάρ
1056 2254 1114 2289 σε
1141 2236 1428 2307 ὑστερήσει
1451 2235 1872 2306 ποιμαινόμενον
1889 2237 1946 2290 ἐν

352 2331 434 2402 τῷ
447 2331 661 2402 πλούτῳ
689 2331 784 2384 τοῦ
815 2329 980 2384 καλοῦ
1029 2329 1307 2400 ποιμένος,
1336 2327 1414 2398 τῷ
1445 2327 1945 2402 δεδωρημέ“ιῳ.τοῖς

351 2425 433 2478 ἔτι
461 2425 554 2476 ἐπὶ
583 2425 687 2494 γῆς
725 2423 1166 2494 ποιμαινομένοις
1193 2422 1522 2494 ἀνθρώποις.
1565 2423 1710 2474 Ἀντὶ
1747 2421 1802 2474 δὲ
1827 2421 1944 2484 τοῦ,

347 2517 461 2574 Καὶ
484 2515 864 2586 ποιμανθήσῃ
882 2515 981 2568 ἐπὶ
999 2515 1075 2581 τῷ
1091 2516 1332 2578 πλούτῳ
1356 2513 1566 2582 αὐτῆς,
1583 2515 1612 2565 6
1627 2515 1942 2584 Σύμμαχος,

345 2609 462 2664 Καὶ
507 2609 827 2677 ποιμαίνου
856 2606 1168 2676 διηνεκῶς,
1201 2606 1494 2672 ἐξέδωκεν·
1529 2607 1558 2657 6
1597 2605 1654 2658 δὲ
1691 2605 1941 2670 Ἀκύλας,

347 2703 462 2758 Καὶ
493 2700 677 2771 νέμου
711 2701 937 2753 πίστιν.
971 2694 1084 2752 Εἴθ’
1123 2697 1311 2770 ὥσπερ
1351 2699 1459 2753 τῶν
1495 2698 1945 2770 πονηρευομένων

347 2797 446 2850 καὶ
463 2795 574 2848 τῶν
587 2793 884 2848 ποιούντων
905 2793 1004 2864 τὴν
1027 2793 1256 2863 ἀνομίαν
1277 2791 1561 2864 ὑπέγραψε
1583 2791 1640 2844 τὸ
1660 2791 1832 2857 τέλος,
1850 2791 1943 2844 οὖ-

345 2905 458 2950 τως
477 2887 572 2939 καὶ
604 2886 686 2938 σοι
703 2885 780 2956 τῷ
801 2885 1074 2948 ἐλπίζοντι
1103 2885 1196 2936 ἐπὶ
1225 2883 1314 2936 τὸν
1349 2883 1552 2954 Κύριον
1585 2883 1679 2936 καὶ
1701 2883 1944 2936 ποιοῦντι

345 2979 694 3051 χρηστότητα
708 2977 880 3031 ὁπόσα
902 2975 1132 3048 ὑπάρξει
1149 2975 1328 3044 ἀγαθὰ
1341 2975 1568 3046 καταριο
1579 2977 1776 3045 μείται.
1795 2977 1840 3026 Π
1850 2975 1946 3045 ρῶ-

346 3091 440 3126 τον
477 3073 574 3144 μὲν
609 3071 717 3144 γὰρ
747 3071 1092 3143 ποιμανθήσῃ
1125 3071 1218 3123 ἐπὶ
1251 3069 1328 3140 τῷ
1363 3069 1576 3139 πλούτῳ
1604 3069 1681 3139 τῷ
1707 3069 1943 3140 ἀληθινῷ

343 3165 442 3219 τοῦ
497 3164 664 3218 καλοῦ
719 3165 1006 3235 ποιμένος·
1038 3163 1324 3234 δεύτερον,
1357 3163 1796 3234 κατατρυφήσεις
1847 3162 1942 3214 τοῦ

2060 587 2214 641 ribus
2262 587 2424 642 dictis
2461 589 2530 642 ab
2573 590 2922 646 inundatione
2957 592 3331 661 improborum
3380 611 3650 655 avocave~

2059 681 2368 742 rat,statim
2398 697 2464 734 ex
2499 681 2752 751 opposito
2784 691 2988 736 rectam
3015 683 3330 758 regiamque
3346 689 3490 742 viam
3517 707 3648 760 pro-

2059 770 2232 838 ponit,
2289 769 2544 824 indicans
2596 785 2704 839 qua
2749 771 2820 824 sit
2866 772 3248 828 incedendum.
3299 777 3646 851 Quapropter

2059 860 2132 916 ait
2161 879 2173 913 :
2201 859 2344 915 Heus
2377 867 2456 926 tu,
2481 877 2699 915 sursum
2753 863 2955 930 aspice,
2989 879 3054 918 ac
3105 869 3490 924 universorum
3525 889 3645 928 mo-

2057 951 2364 1004 deratorem
2413 951 2650 1014 intuere,
2711 959 2876 1022 atque
2925 954 3104 1024 ipsum
3161 972 3313 1026 spem
3369 964 3647 1020 constitue

2057 1051 2206 1094 tuam
2238 1059 2250 1094 :
2277 1041 2424 1094 bono
2457 1042 2644 1094 animo
2673 1051 2814 1106 esto,
2851 1053 2910 1098 ut
2943 1061 3138 1117 magna
3169 1051 3412 1105 anchora
3459 1053 3646 1110 ﬁrma-

2053 1141 2164 1187 tus.
2199 1131 2266 1184 Et
2297 1141 2479 1186 mente
2508 1132 2726 1202 quidem
2757 1151 2908 1202 spem
2939 1137 3101 1190 talem
3133 1140 3354 1209 capias;
3381 1145 3644 1213 operibus

2054 1233 2234 1280 autem
2261 1241 2560 1294 exsequere
2599 1235 2648 1279 et
2680 1226 2766 1294 [ac
2797 1227 3118 1292 bonitatem;
3147 1241 3206 1284 ut
3245 1233 3314 1288 iis
3347 1249 3450 1290 ceu
3477 1236 3644 1305 jactis

2053 1319 2152 1372 tibi
2181 1319 2505 1380 seminibus,
2536 1321 2775 1389 opimam
2807 1321 3084 1376 fructuum
3109 1325 3318 1394 capiam
3344 1328 3638 1398 percipias.
3681 1393 3690 1406 _

2053 1409 2328 1465 llorumce
2362 1426 2526 1480 porro
2555 1411 2790 1466 duorum
2839 1416 3068 1484 potitus,
3105 1433 3172 1470 ne
3224 1418 3364 1471 ultra
3397 1419 3464 1473 de
3503 1437 3644 1490 quo-
3707 1451 3714 1458 —

2051 1507 2196 1574 piam
2226 1505 2428 1559 anxius
2445 1513 2588 1570 esto,
2613 1505 2854 1560 inhabita
2877 1517 3071 1561 terram
3097 1509 3216 1564 sine
3245 1511 3636 1578 sollicitudine,

2052 1612 2116 1650 ac
2147 1607 2555 1666 temporaneam
2585 1597 2794 1653 hancce
2820 1599 3008 1662 vitam,
3035 1602 3194 1670 quasi
3223 1603 3280 1656 in
3317 1605 3641 1660 tabernacu—

2049 1689 2124 1756 lo,
2156 1690 2308 1744 brevi
2341 1690 2532 1760 exigas
2569 1709 2581 1742 :
2613 1690 2815 1746 etenim
2867 1691 3040 1746 instar
3091 1693 3246 1748 bonae
3287 1695 3513 1764 pecudis
3540 1713 3640 1752 cu-

2049 1791 2206 1838 rante
2239 1784 2384 1837 bono
2411 1792 2633 1854 pastore
2666 1785 2928 1852 pasceris.
2951 1785 3086 1839 Nam
3121 1787 3165 1842 si
3191 1803 3312 1856 quae
3333 1789 3639 1844 insuntho-

1029 1873 1176 1924 ἐστιν
1225 1873 1282 1923 ὲν
1327 1867 1636 1939 ἀνθρώποις
1689 1867 1941 1939 ἀληθινὸς

2047 1877 2284 1930 minibus
2315 1891 2458 1932 verte
2487 1876 2652 1930 animi
2681 1877 2904 1944 divitiai,
2933 1893 3054 1947 qua:
3089 1879 3144 1932 in
3176 1879 3378 1935 divinis
3411 1881 3637 1952 dogma-

2047 1968 2195 2022 tibus
2247 1975 2301 2022 et
2349 1967 2553 2023 divinis
2587 1967 2916 2022 lectionibus
2952 1977 3294 2037 spectantur,
3323 1971 3390 2026 iis
3435 1971 3636 2029 frueris

2047 2062 2120 2113 ila
2151 2067 2210 2114 ut
2241 2059 2394 2116 dicas
2421 2080 2434 2116 :
2461 2061 2723 2116 Dominus
2753 2061 2925 2129 pascit
2956 2078 3037 2114 me
3077 2070 3126 2115 et
3157 2063 3291 2116 nihil
3335 2065 3462 2118 mihi
3513 2065 3636 2121 dee-

2047 2153 2116 2205 rit
2141 2153 2204 2206 ⁶⁸.
2233 2152 2380 2206 Nihil
2423 2153 2626 2224 quippe
2676 2153 2851 2208 deerit
2885 2154 3006 2217 tibi,
3040 2155 3086 2208 si
3123 2156 3176 2207 in
3210 2155 3342 2210 boni
3395 2159 3636 2226 pastoris

2047 2245 2251 2300 divitiis
2281 2247 2550 2316 pascaris,
2584 2263 2708 2316 qua:
2731 2253 3031 2315 erogantur
3056 2248 3367 2302 [nominibus
3401 2251 3453 2302 in
3485 2259 3632 2307 terra

2045 2339 2422 2408 pascentibus.
2455 2337 2564 2392 Pro
2599 2339 2694 2392 illo
2724 2347 2904 2394 autem
2941 2357 2953 2392 :
2985 2337 3052 2391 Et
3083 2343 3316 2408 pasceris
3349 2343 3404 2395 in
3431 2341 3630 2396 divitiis

2045 2429 2182 2498 ejus,
2217 2431 2580 2501 Symmachus
2619 2449 2632 2485 :
2664 2429 2734 2483 Et
2760 2447 2975 2499 pascere
3021 2433 3262 2496 assidue;
3294 2435 3488 2503 Aquila
3519 2453 3530 2488 :
3562 2434 3632 2488 Et

2042 2538 2258 2592 pascere
2297 2523 2420 2594 ﬁde,
2455 2524 2764 2580 ediderunt.
2802 2525 2917 2580 Sub
2968 2527 3083 2580 haec
3132 2535 3336 2590 autem,
3367 2529 3632 2598 quemad-

2045 2619 2266 2671 modum
2297 2618 2670 2686 improborum
2718 2625 2772 2674 et
2815 2621 3162 2688 operantium
3197 2620 3539 2691 iniquitatem
3570 2622 3632 2676 li-

2045 2727 2168 2766 nem
2221 2711 2546 2780 descripsit;
2601 2713 2680 2766 sic
2729 2721 2932 2782 quanta
2965 2713 3064 2767 tibi
3097 2714 3150 2766 in
3187 2713 3474 2768 Dominum
3510 2731 3632 2784 spe-

2045 2801 2213 2864 ranti,
2255 2818 2318 2856 ac
2367 2803 2669 2858 bonitatem
2717 2802 2940 2856 facienti
2989 2811 3256 2858 eventura
3308 2805 3450 2858 bona
3497 2805 3629 2870 sint,

2047 2903 2352 2950 enumerat.
2378 2895 2513 2949 Nam
2547 2897 2726 2965 primo
2755 2896 2810 2950 in
2833 2897 2980 2951 veris
3007 2897 3134 2950 boni
3165 2900 3405 2966 pastoris
3427 2899 3633 2954 divitiis

2048 2990 2328 3058 pasceris;
2368 2989 2633 3050 secundo,
2670 2989 3030 3043 delectaberis
3055 2989 3108 3041 in
3143 2989 3406 3056 Domino;
3449 2991 3630 3054 tertio,

2047 3083 2196 3134 dabit
2245 3081 2340 3134 tibi
2387 3081 2677 3150 petitiones
2713 3079 2897 3136 cordis
2927 3081 3025 3134 tui.
3060 3079 3327 3136 Delectari
3363 3089 3542 3136 autem
3575 3084 3632 3140 il:

2047 3171 2280 3225 Domino
2333 3173 2556 3234 valebit,
2609 3171 2860 3241 quisquis
2923 3171 3117 3225 animae
3174 3172 3428 3226 sensibus
3479 3173 3633 3241 puris

345 3258 578 3329 Κυρίου·
611 3257 706 3310 καὶ
737 3257 942 3327 τρίτον,
964 3256 1125 3310 δώσει
1155 3273 1235 3308 σοι
1266 3255 1336 3308 τὰ
1369 3257 1648 3324 αἰτήματα
1681 3255 1778 3324 τῆς
1805 3273 1940 3325 καρ-

2047 3263 2400 3332 purgatisque
2435 3261 2618 3326 fuerit,
2647 3263 2722 3315 ita
2751 3272 2808 3316 ut
2839 3277 3035 3332 panem
3077 3261 3262 3316 vivum
3295 3276 3358 3316 ac
3386 3261 3634 3316 viviﬁcas

345 3351 468 3414 δίας
498 3367 614 3405 σου.
643 3351 1012 3422 Κατατρυφᾷν
1036 3349 1094 3401 δὲ
1121 3348 1214 3400 τοῦ
1241 3348 1448 3418 Κυρίου
1477 3347 1764 3418 δυνήσεται
1787 3347 1814 3396 6
1840 3346 1940 3417 τῆς

345 3443 530 3514 ψυχῆς
586 3441 650 3495 τὰ
705 3441 1036 3514 αἰσθητήρια
1101 3439 1593 3510 κεκαθαρισμένος,
1645 3437 1720 3501 ὼς
1781 3437 1940 3490 δύνα-

349 3534 476 3588 σθαι
499 3533 694 3587 ἐσθίειν
722 3535 811 3586 τὸν
834 3532 1011 3598 ζῶντα
1033 3531 1196 3604 ἄρτον
1221 3533 1314 3584 καὶ
1339 3531 1438 3594 τὰς
1465 3531 1754 3596 Commta-3.;
1775 3527 1938 3581 αὑτοῦ

351 3629 584 3699 σάρκας,
615 3627 790 3680 πίνειν
827 3643 888 3678 τε
929 3625 990 3678 τὺ
1035 3626 1302 3696 σωτήριον
1329 3622 1494 3676 αὐτοῦ
1529 3617 1686 3692 αἷμα.
1716 3621 1940 3684 Τούτοις

343 3720 684 3792 τρεφόμενος
724 3719 818 3772 καὶ
860 3716 1224 3786 πιαινόμενος,
1252 3717 1350 3786 τῆς
1389 3715 1568 3768 ἐνθέου
1609 3713 1778 3786 μέθης
1805 3715 1939 3767 ἁπο-

346 3809 547 3862 λαύων·
568 3808 1043 3875 Κατατρύφησον
1061 3805 1163 3858 τοῦ
1177 3807 1419 3874 Κυρίου,
1449 3805 1542 3857 καὶ
1561 3804 1736 3857 δώσει
1755 3821 1848 3856 σοι
1867 3807 1939 3860 τὰ

345 3901 640 3971 αἰτήματα
668 3900 780 3968 τῆς
805 3900 1052 3968 καρδίας
1085 3914 1219 3953 σου.
1256 3899 1396 3967 Ἤδη
1428 3898 1524 3967 μὲν
1554 3897 1661 3966 γὰρ
1688 3897 1938 3948 ἐντεῦθεν

345 3994 780 4065 κατατρυφήσει,
816 3991 1076 4061 ἐθελήσας
1125 4007 1183 4042 σε
1233 3989 1395 4042 αὑτὸν
1449 3989 1724 4042 ἐπιδοῦναι
1767 3988 1932 4058 αὐτῷ.

347 4085 498 4138 Αῖτει
550 4083 608 4136 δὲ
661 4083 823 4136 αὑτὸν
865 4083 956 4134 καὶ
983 4082 1052 4134 τὰ
1087 4081 1370 4152 μέλλοντα,
1405 4073 1478 4135 ὦν
1509 4081 1812 4152 προσδοκᾷς
1838 4081 1937 4148 τὴν

2044 3372 2241 3410 carnes
2273 3357 2392 3425 ejus
2427 3356 2589 3410 edere
2619 3355 2816 3424 possit,
2847 3371 2912 3409 ac
2956 3355 3254 3410 salutarem
3295 3354 3416 3422 ejus
3447 3355 3634 3410 bibere

2045 3445 2387 3514 sanguinem.
2423 3445 2518 3500 llis
2564 3447 2840 3500 enutritus
2891 3451 2944 3498 et
2999 3444 3394 3514 impinguatus,
3447 3445 3633 3498 divina

2045 3537 2232 3589 fruens
2261 3537 2525 3590 ebrietate
2562 3557 2572 3589 :
2613 3537 2880 3589 Delectare
2911 3537 2964 3588 in
2999 3534 3247 3598 Domino,
3281 3545 3329 3588 et
3356 3533 3506 3587 dabit
3537 3533 3634 3589 tibi

2043 3629 2317 3696 petitiones
2344 3626 2520 3680 cordis
2558 3627 2655 3682 tui.
2689 3625 2808 3680 Jam
2837 3626 2982 3680 enim
3027 3626 3118 3680 ille
3154 3639 3370 3694 quoque
3397 3625 3633 3678 delecta-

2045 3719 2211 3782 bitur,
2239 3719 2384 3789 quod
2411 3720 2694 3789 percupiat
2727 3727 2786 3772 ut
2815 3719 2916 3788 ipsi
2945 3725 2998 3772 te
3023 3717 3211 3772 dedas.
3243 3716 3465 3771 Postula
3499 3717 3630 3770 item

2045 3811 2114 3864 ab
2160 3827 2225 3864 eo
2281 3818 2339 3864 ut
2388 3827 2450 3865 ea
2496 3827 2618 3880 qua:
2649 3810 2832 3864 futura
2868 3817 3158 3878 exspectas
3189 3809 3329 3862 dona
3367 3808 3626 3877 :ccipias.

2043 3901 2176 3956 Nam
2218 3903 2308 3972 qui
2341 3903 2629 3973 praesentia
2665 3901 2866 3956 aifatim
2894 3901 3156 3970 clargitus
3189 3907 3293 3964 est,
3325 3915 3386 3953 ea
3413 3900 3632 3954 obtine-

2041 3993 2121 4048 bit
2163 4010 2283 4064 quze
2329 4011 2420 4047 nec
2470 3993 2653 4047 oculus
2683 3993 2834 4056 vidit,
2870 4009 2960 4046 nec
3011 3993 3160 4046 auris
3195 3991 3418 4056 audivit,
3453 4007 3545 4044 nec
3573 3992 3630 4046 in

2043 4103 2134 4140 cor
2163 4087 2461 4140 hominibus
2495 4086 2730 4140 ascendit
2749 4087 2814 4138 “9.

347 4179 530 4248 λῆψιν.
577 4180 636 4230 '0
684 4175 792 4248 γὰρ
832 4177 900 4230 τὰ
925 4177 1168 4248 παρόντα
1201 4176 1444 4238 δεδωκὼς
1479 4175 1725 4243 ἀφθόνως
1787 4175 2089 4247 δωρήσεται
2160 4181 2255 4234 καὶ
2294 4180 2330 4234 ἃ
2374 4180 2680 4250 ὀφθαλμὸς
2716 4181 2826 4232 οὐκ
2890 4174 3070 4242 εἶδεν,
3098 4177 3240 4232 οὐδὲ
3274 4173 3382 4244 οὖς
3445 4176 3630 4246 ἢκου-

347 4287 482 4336 σεν,
513 4269 748 4324 οὐδ’ἑπὶ
777 4269 1030 4336 καρδίαν
1055 4267 1370 4335 ἀνθρώπου
1403 4269 1603 4336 ἀνέϐη.

435 4363 580 4414 Ἀντὶ
597 4361 654 4414 δὲ
684 4358 800 4423 τοῦ,
840 4359 1184 4427 Ὑποτιὶγηθι
1216 4359 1294 4423 τῷ
1337 4363 1450 4426 [ξι-ί
1463 4365 1549 4419 ίῳ.
1583 4363 1680 4416 καὶ
1712 4359 1935 4412 ίκέτευ-
1961 4395 1974 4410 .

347 4473 468 4510 σον
497 4453 707 4518 αὑτὸν,
756 4455 784 4504 6
830 4451 1058 4514 Ἀκύλας
1091 4450 1254 4523 φησί·
1291 4451 1558 4520 Σίγησον
1598 4453 1677 4515 τῷ
1723 4455 1934 4518 Κυρίῳ,

351 4547 452 4600 καὶ
485 4542 924 4610 ἀποκαραδόκει
956 4542 1172 4594 αὐτόν·
1228 4543 1256 4593 6
1291 4540 1346 4593 δὲ
1387 4541 1680 4611 Σύμμαχος
1703 4559 1719 4572 α

349 4637 488 4709 χαζε
519 4636 602 4702 τῷ
631 4635 845 4702 Κυρίῳ,
877 4635 973 4687 καὶ
1010 4634 1234 4688 ἱκέτευε
1261 4633 1439 4700 αὐτῷ,
1484 4633 1562 4686 Τὰ
1593 4635 1704 4705 γὰρ
1743 4635 1940 4704 προλε-

347 4731 548 4802 χθέντα
576 4729 908 4800 πράττοντα,
932 4729 1025 4780 καὶ
1045 4729 1137 4780 ἐπὶ
1161 4731 1270 4790 τοῖς
1293 4727 1603 4798 εἰρημένοις
1630 4726 1938 4792 ἐλπίζοντα,

349 4822 645 4895 ἡσυχάζειν
679 4825 944 4894 προσήκει
981 4821 1118 4883 τέως
1163 4823 1220 4874 ἐν
1263 4820 1340 4890 τῷ
1390 4821 1635 4890 παρόντι,
1675 4821 1766 4872 καὶ
1806 4821 1943 4890 μετᾶ

351 4914 564 4984 σιωπῆς
591 4913 894 4984 προσδοκᾷν
921 4911 992 4964 τὰ
1031 4911 1434 4981 ἐπηγγελμένα.
1469 4911 1565 4978 Μὴ
1597 4910 1940 4980 παραζηλου

349 5005 422 5062 ἐν
461 5005 540 5071 τῷ
585 5005 1072 5074 κατευοδουμένῳ
1103 5006 1172 5057 ἑν
1203 5005 1276 5073 τῇ
1327 5004 1442 5068 ὁδῷ
1477 5004 1685 5067 αὑτοῦ,
1720 5005 1788 5056 ἐν
1834 5007 1940 5058 ἀι·-

353 5098 563 5168 θρώπῳ
591 5097 860 5150 ποιοῦντι
909 5096 1300 5164 παρανομίας.
1349 5095 1584 5147 Παῦσαι
1609 5094 1726 5148 ἀπὸ
1762 5094 1942 5164 ὀργῆς

353 5194 450 5245 καὶ
471 5189 862 5261 ἐγκατάλειπε
885 5189 1094 5259 θυμὸν,
1117 5188 1202 5258 μὴ
1227 5185 1566 5256 παραζήλου
1587 5187 1740 5240 ὥστε
1759 5203 1942 5256 πονη-

349 5287 650 5356 ρεύεσθαι.
698 5287 818 5338 Ὅτι
877 5289 930 5340 οἱ
994 5285 1462 5352 πονηρευόμενοι
1510 5282 1940 5350 ἐξολοίΙρευθιιξ-

353 5397 588 5444 vortat,
647 5383 700 5434 οἱ
745 5380 814 5434 δὲ
867 5380 1276 5450 ὑπομένοντες
1327 5379 1434 5432 τὸν
1477 5381 1716 5446 Κύριον,
1771 5376 1938 5430 αὐτοὶ

353 5473 882 5543 κληρονομήσουσι
931 5471 1068 5542 γῆν.
1120 5471 1596 5542 Ἐπαναλαμϐάνει
1645 5470 1736 5522 τὸν
1781 5468 1938 5538 λόγον

351 5565 688 5633 ἀναγκαίως.
722 5565 876 5618 Ἐπεὶ
897 5565 1004 5636 γὰρ
1029 5563 1222 5630 ἔγνως,
1256 5563 1440 5633 φησὶν,
1467 5562 1646 5624 ὁποῖός
1677 5579 1757 5614 σοι
1785 5560 1940 5613 πλού-

349 5673 446 5721 τος
473 5657 848 5728 τεταμίευται,
885 5659 958 5728 μὴ
1011 5655 1326 5728 παραζήλου
1371 5657 1426 5708 ὲν
1472 5653 1550 5724 τῷ
1596 5653 1937 5725 νομιζομένῳ

425 5841 470 5870 ⁸⁸
509 5839 654 5898 Psal.
697 5857 850 5906 xxii,
889 5841 938 5896 1.
1018 5841 1060 5870 δι’
1105 5837 1286 5894 lCor.
1333 5853 1406 5907 ιι,
1439 5835 1495 5894 9.

2117 4361 2222 4415 Pro
2252 4377 2318 4416 eo
2351 4359 2553 4424 autem,
2585 4361 2840 4416 Subditus
2873 4369 2984 4415 esto
3015 4361 3266 4424 Domino,
3291 4375 3338 4415 et
3371 4379 3466 4416 ora
3487 4379 3626 4427 eum,

2048 4453 2241 4522 Aquila
2267 4455 2364 4516 ait,
2392 4453 2501 4507 Sile
2541 4454 2788 4518 Domino,
2825 4464 2872 4506 et
2905 4463 3150 4521 exspecta
3188 4470 3342 4518 eum;
3375 4454 3628 4525 Symma-

1769 4542 1938 4594 Ilcai-
1971 4553 2014 4606 ι)
2044 4547 2182 4600 chus
2215 4563 2360 4612 vero,
2399 4546 2617 4612 Quiesce
2641 4544 2890 4606 Domino,
2923 4553 2968 4597 et
3001 4545 3237 4612 supplico
3263 4547 3382 4612 ipsi.
3443 4545 3632 4597 Enim—

2048 4652 2179 4690 vero
2209 4653 2306 4706 par
2333 4646 2418 4692 est
2449 4653 2572 4692 eum
2613 4637 2706 4706 qui
2759 4636 3016 4706 superius
3064 4644 3364 4689 memorata
3397 4633 3626 4703 peragit,

2047 4735 2100 4780 et
2129 4729 2180 4781 in
2217 4730 2492 4798 praedictis
2526 4745 2676 4799 spem
2725 4727 2912 4790 habet,
2953 4726 3238 4794 quiescere
3280 4725 3408 4778 dum
3441 4724 3494 4776 in
3525 4723 3631 4776 hac

2046 4819 2158 4872 vita
2197 4827 2468 4886 versatur,
2495 4827 2699 4874 etcum
2737 4817 2957 4871 silentio
2984 4817 3254 4886 promissa
3285 4821 3626 4883 exspectare.
3667 4845 3670 4854 τ

2051 4909 2182 4964 Noti
2216 4913 2459 4965 a’mnlari
2487 4913 2540 4964 in
2583 4927 2642 4964 eo
2680 4913 2770 4981 qui
2804 4917 3150 4978 prosperatur
3183 4908 3236 4960 in
3287 4908 3372 4959 via
3419 4923 3539 4969 sua,
3571 4905 3630 4958 in
3664 4895 3668 4903 ’

2049 5003 2254 5056 nomine
2288 5003 2512 5062 faciente
2549 5003 2868 5071 injustitias.
2923 5000 3117 5054 Desine
3159 4997 3222 5051 ab
3265 4998 3350 5050 ira
3382 5009 3430 5051 et
3477 4997 3630 5052 dere—
3657 5001 3668 5016 ‘

2046 5093 2220 5163 linque
2261 5097 2527 5159 furerent,
2561 5093 2670 5146 noli
2713 5093 2959 5146 temuleri
3011 5100 3068 5143 nt
3125 5089 3454 5158 malignerts.
3483 5089 3628 5156 Quo-

2046 5191 2189 5242 niam
2219 5189 2308 5258 qni
2341 5188 2708 5256 malignantur
2749 5183 3243 5238 exterminabuntur
3271 5191 3627 5236 :sustmentes

2047 5291 2222 5334 autent
2249 5278 2560 5342 Dominum,
2591 5279 2691 5346 ipsi
2729 5275 3112 5330 luert'ditabunt
3147 5283 3364 5326 terram.
3401 5271 3627 5326 Sermo-

2047 5391 2169 5429 nem
2201 5373 2518 5428 necessario
2565 5371 2780 5440 repetit.
2823 5367 2984 5434 Quia,
3035 5366 3234 5436 inquit,
3271 5365 3416 5418 nosti
3447 5365 3628 5433 qualis

2045 5468 2144 5520 tibi
2181 5467 2473 5520 thesaurus
2505 5463 2822 5518 reconditus
2876 5461 2968 5522 sit,
3003 5459 3114 5513 noli
3161 5457 3406 5512 :emulari
3451 5457 3628 5510 homi-

2017 5575 2170 5614 onem
2222 5557 2496 5628 iniquitati
2524 5556 2800 5618 deditum,
2839 5555 2932 5624 qui
2979 5555 3034 5608 in
3064 5550 3320 5623 przesenti
3365 5550 3473 5603 vita
3509 5563 3628 5602 rem

2047 5667 2310 5722 prospere
2350 5665 2512 5722 agere
2543 5655 2800 5722 putatur;
2839 5663 2910 5704 ne
2949 5647 3254 5712 stimulere,
3293 5659 3400 5698 neu
3431 5641 3628 5713 hujus-
