4094 6378
460 409 567 467 537

1139 396 1409 462 sustam:
1447 393 1926 461 CxESARlENSlS
1950 396 2105 458 opp.
2136 401 2317 456 psus
2353 384 2443 457 tu.
2479 431 2548 442 —
2588 384 3004 460 EXEGETICA.

3629 407 3734 462 328

458 526 606 585 modi
633 526 907 581 hominem
931 522 1151 578 beatum
1181 522 1528 593 pronunties,
1551 536 1674 575 cum
1695 520 1867 590 probe
1893 519 2038 576 noris

2150 519 2296 577 κατά
2358 519 2450 574 τὸν
2506 520 2755 591 παρόντα
2811 519 2927 592 βίον
2987 521 3405 578 κατευοδοῦσθαι
3463 522 3737 595 ἀνθρώπῳ

460 616 567 690 ipsi
601 616 899 687 repositam
934 612 1071 667 iram
1098 613 1153 666 in
1179 609 1270 666 die
1305 610 1401 663 ira:
1431 616 1486 663 et
1508 608 1641 676 justi
1679 606 1876 677 judicii
1920 605 2037 661 Dei.

460 710 826 778 Quamobrem
854 704 969 765 noli
1001 704 1210 758 irritari
1235 709 1330 757 aut
1358 701 1546 756 furore
1578 699 1800 755 incendi
1850 702 2043 754 contra

458 803 709 873 impium,
732 799 826 871 qui
863 797 1093 852 feliciter
1121 810 1237 851 rem
1266 808 1426 866 agere
1454 793 1828 857 existimatur,
1864 802 2044 862 neque

457 894 733 951 temuleris
763 893 945 963 ipsum
999 896 1062 943 ut
1103 888 1259 960 paria
1308 888 1516 942 scelera
1560 886 1725 942 edere
1773 892 2040 955 exoptes;

456 987 596 1043 bene
629 984 903 1055 siquidem
949 982 1097 1038 nosti
1131 995 1197 1035 ac
1245 994 1573 1050 persuasum
1622 978 1783 1048 plane
1830 977 2037 1043 habes,

457 1077 833 1148 improborum
871 1072 1033 1129 linem
1062 1072 1358 1128 exitiosum
1389 1084 1535 1126 esse.
1565 1066 1710 1122 Nam
1746 1069 1837 1139 qui
1881 1070 2042 1122 mali-

454 1179 689 1239 gnantur
719 1162 1235 1226 exterminabuntur,
1258 1177 1324 1216 ac
1363 1163 1464 1218 soli
1494 1164 1764 1233 patientes
1794 1170 1850 1217 et
1876 1163 2041 1217 susti-

456 1272 634 1314 nentes
660 1257 964 1319 Dominum,
1005 1255 1111 1324 ipsi
1149 1253 1536 1310 Itwreditabunt
1570 1262 1791 1310 terram.
1825 1253 1883 1309 Si
1928 1269 2037 1325 qua

454 1351 600 1405 enim
623 1357 773 1404 terra
805 1355 891 1405 est
924 1348 1135 1404 sanctis
1163 1346 1300 1402 viris
1346 1346 1641 1416 promissa,
1685 1346 1829 1400 hanc
1860 1347 2038 1400 haere-

452 1442 710 1497 ditabunt
759 1440 855 1511 qui
903 1440 1182 1495 sustinent
1233 1436 1564 1501 Dominum,
1605 1436 1699 1506 qui
1743 1439 1872 1490 eum
1916 1437 2039 1491 aliis

453 1534 786 1590 enumeratis
828 1532 987 1588 bonis
1019 1532 1077 1586 in
1114 1528 1487 1585 baereditatem
1530 1529 1641 1584 illis
1673 1526 1893 1582 dandus
1920 1539 2025 1584 est.

452 1626 610 1693 Quod
637 1627 684 1682 si
724 1626 779 1679 in
812 1625 969 1681 caelis
991 1623 1293 1679 Jerusalem
1323 1628 1377 1676 et
1409 1618 1541 1674 Sion
1578 1632 1758 1675 monS'
1783 1618 1879 1675 Dei
1912 1635 2027 1674 ca:-

453 1721 608 1778 lestis
628 1720 794 1781 adsit.
814 1727 1017 1774 terram
1042 1718 1171 1773 item
1192 1715 1473 1770 caelestem
1494 1712 1677 1785 dignis
1701 1712 2039 1784 promissam

453 1811 757 1884 putandum
780 1819 885 1865 est.

2147 613 2388 667 ποιοῦντι
2421 612 2796 685 παρανομίας’
2834 613 2907 685 μὴ
2941 614 3051 686 γὰρ
3081 613 3409 687 παροξύνου,
3447 615 3584 686 μηδὲ
3634 632 3737 686 μα-

2145 705 2337 777 κάρι’ζε
2364 704 2454 760 τὸν
2486 705 2747 770 τοιοῦτον,
2789 706 3033 779 ἀγριϐῶς
3062 706 3239 771 εἰδὼς,
3273 708 3356 761 ὅτι
3392 707 3543 778 μένει
3573 706 3734 760 αὑτὸν

2143 795 2281 867 ὀργὴ
2318 797 2375 849 ὲν
2424 796 2608 868 ἡμέρᾳ
2649 795 2820 868 ὀργῆς
2853 794 2949 849 καὶ
3002 797 3401 869 δικαιοκρισίας
3433 795 3527 850 τοῦ
3571 796 3731 851 Θεοῦ.

2144 887 2236 941 Διὸ
2269 890 2333 942 σὺ
2367 889 2440 959 μή
2475 885 2715 957 ὀργίζου,
2752 888 2888 959 μηδὲ
2923 888 3099 960 θυμοῦ
3148 889 3291 943 κατά
3316 887 3412 941 τοῦ
3446 886 3735 960 νομιζομέ-

2142 996 2234 1032 νου
2263 977 2508 1049 εὐθηνεῖν
2550 978 2802 1043 ἀσεϐοῦς,
2835 980 2970 1052 μηδὲ
3001 979 3162 1053 ζήλου
3196 980 3361 1034 αὑτὸν
3406 980 3482 1044 ὡς
3523 979 3617 1034 καὶ
3645 979 3736 1034 θέ-

2142 1070 2256 1123 λειν
2284 1070 2353 1123 τὰ
2383 1072 2544 1141 ὅμοια
2583 1071 2736 1141 αὑτῷ
2775 1072 3199 1144 πονηρεύεσθαιο
3236 1068 3296 1127 εὖ
3339 1072 3449 1144 γὰρ
3484 1072 3594 1126 ῐσθι
3639 1074 3735 1127 καὶ

2143 1160 2377 1214 πέπεισο
2411 1160 2677 1232 ἀκριϐῶς,
2705 1163 2788 1215 ὅτι
2822 1161 2883 1215 τὸ
2929 1162 3084 1227 τέλος
3127 1163 3234 1218 τῶν
3282 1165 3736 1235 πονηρευομένων

2140 1250 2385 1323 ὀλέθριον
2428 1252 2709 1324 τυγχάνει.
2744 1256 2809 1307 Οἱ
2854 1254 2964 1324 γὰρ
3013 1257 3486 1325 πονηρευόμενοι
3530 1256 3740 1321 ἐξολο-

2141 1343 2600 1411 θρὲυθήσονται,
2637 1345 2787 1415 μόνοι
2820 1345 2877 1398 δὲ
2910 1348 2959 1399 οἱ
3005 1347 3347 1419 μακρόθυμοι
3387 1348 3483 1403 καὶ
3512 1346 3739 1418 ὑπομέ-

2138 1454 2353 1505 νοντες
2400 1438 2507 1492 τὸν
2546 1440 2783 1506 Κύριον,
2830 1439 3000 1494 αὐτοὶ
3045 1439 3573 1509 κληρονομήσουσι
3619 1440 3736 1509 τὴν

2142 1526 2279 1601 γῆν.
2314 1531 2382 1583 El
2408 1548 2492 1595 τις
2517 1531 2626 1604 γάρ
2661 1533 2774 1585 ἐστι
2806 1531 2879 1601 γῆ
2905 1531 3083 1603 ἀγαθὴ
3109 1536 3222 1596 τοῖς
3255 1532 3430 1601 ἁγίοις
3464 1533 3737 1605 ἐπηγγελ-

2145 1622 2305 1694 μένη,
2354 1623 2558 1695 ταύτην
2595 1623 3095 1695 κληρονομήσουσιν
3140 1624 3190 1675 οἱ
3239 1622 3604 1695 ὑπομένοντες
3642 1622 3735 1677 τὸν

2142 1714 2348 1784 Κύριον
2372 1732 2385 1745 ·
2426 1717 2565 1787 μετὰ
2604 1717 2708 1790 γάρ
2734 1716 2843 1770 τῶν
2876 1716 3051 1771 ἄλλων
3083 1716 3193 1771 τῶν
3233 1716 3734 1788 κατηριθμημένων

2142 1807 2387 1876 ἀγαθῶν,
2423 1809 2519 1862 καὶ
2544 1802 2707 1873 αὐτὸς
2734 1810 2917 1874 αὐτοῖς
2955 1809 3294 1881 δοθήσεταιὸ
3329 1809 3548 1879 κλῆρος.
3586 1804 3648 1861 El
3687 1807 3735 1861 δ’

452 1907 600 1961 ἐστιν
650 1906 702 1959 ὲκ
751 1905 999 1975 οὐρανοῖς
1043 1900 1390 1975 Ἰερουσαλήμ
1448 1902 1539 1956 καὶ
1582 1897 1720 1956 Σιὼν
1767 1896 1894 1972 ὅρος
1938 1898 2036 1953 τοῦ
2075 1901 2210 1956 Θεοῦ
2244 1905 2303 1958 τὸ
2328 1906 2675 1979 ἐπουράνιον,
2709 1906 3002 1961 ἀκόλουθόν
3063 1906 3181 1962 ἐστι
3240 1905 3334 1961 καὶ
3368 1907 3471 1979 γῆν
3499 1904 3737 1977 ἐπουρά-

452 2020 565 2063 νιον
596 2002 737 2057 νοεῖν
767 2000 865 2073 τὴν
896 1999 1313 2072 ἐπηγγελμένην
1338 2000 1451 2062 τοῖς
1473 1996 1663 2062 ἀξίοις.

525 2093 689 2150 Vens.
716 2093 906 2162 ιομι.
952 2092 1022 2145 Et
1058 2091 1229 2145 adhuc
1255 2089 1531 2161 pusillum,
1570 2097 1620 2144 et
1654 2105 1757 2143 non
1796 2089 1897 2143 erit
1926 2102 2038 2157 pec-

2221 2088 2333 2142 Καὶ
2357 2090 2443 2143 ἔτι
2473 2088 2701 2161 ὀλίγον,
2751 2090 2850 2144 καὶ
2880 2092 2951 2145 οὐ
2976 2090 3064 2161 μὴ
3096 2090 3336 2161 ὑπάρξῃ
3362 2091 3733 2163 ἁμαρτωλός.

451 2195 626 2253 calor,
660 2194 770 2242 etc.
820 2184 921 2240 Hic
968 2185 1225 2255 superius
1256 2183 1402 2237 dicta
1456 2183 1869 2252 interpretatur,
1907 2182 2042 2237 illud

452 2278 690 2341 scilicet,
717 2276 985 2343 Quoniam
1018 2284 1269 2345 tanquam
1300 2274 1479 2344 fenum
1505 2274 1756 2329 velociter
1779 2282 2039 2339 arescent,

451 2382 502 2429 et
531 2370 978 2444 quemadmodum
1011 2370 1160 2424 olera
1200 2367 1478 2422 herbarum
1511 2367 1615 2421 cito
1661 2365 1923 2430 decidant,
1954 2365 2041 2421 his

453 2467 713 2538 explicat,
757 2464 945 2519 Adhuc
976 2463 1263 2533 pusillum,
1296 2471 1347 2518 et
1379 2479 1486 2517 non
1520 2466 1620 2516 erit
1667 2472 1947 2531 peccator;
1991 2470 2041 2515 et

453 2574 658 2628 qureret
692 2556 868 2612 locum
900 2556 1036 2625 ejus,
1069 2564 1118 2610 et
1154 2573 1257 2609 non
1288 2555 1550 2609 invenies:
1583 2553 1716 2608 illud
1749 2568 1901 2619 vero,
1936 2552 2043 2607 De-

453 2650 651 2705 lectare
675 2650 731 2703 in
762 2648 1010 2711 Domino,
1036 2657 1085 2700 et
1122 2646 1271 2700 dabit
1299 2646 1397 2700 tibi
1435 2646 1711 2717 petitiones
1740 2645 1914 2699 cordis
1938 2646 2039 2709 tui,

454 2741 544 2797 his
575 2742 819 2811 apertius
860 2746 1107 2803 enarrat,
1132 2737 1405 2793 Mansueti
1452 2748 1629 2792 autem
1657 2738 2042 2793 haereditabunt

456 2844 677 2897 terram,-
704 2840 753 2886 et
799 2830 1202 2885 delectabantur
1235 2832 1288 2885 in
1333 2829 1677 2886 multitudine
1704 2832 1875 2900 pacis.
1922 2831 2041 2898 Quo

422 2933 618 2995 .pacto
648 2932 829 2978 autem
863 2923 917 2977 in
952 2920 1183 2976 Domino
1213 2922 1339 2992 quis
1378 2922 1764 2987 delectabitur,
1799 2922 2045 2980 declarat

457 3017 577 3087 ipse
606 3014 737 3070 dum
770 3015 868 3079 ait,
898 3029 1067 3085 penes
1099 3029 1224 3069 cum
1260 3014 1669 3070 multitudinem
1707 3013 1862 3085 pacis
1893 3031 2038 3081 esse,

453 3114 565 3179 qua
592 3106 765 3161 multa
792 3120 927 3176 pace
958 3105 1213 3161 fruentur
1241 3106 1279 3160 ii
1311 3107 1405 3177 qui
1435 3106 1491 3161 in
1523 3105 1756 3162 Domino
1786 3107 2041 3164 delectati

456 3198 680 3255 fuerint.
718 3195 815 3253 His
868 3212 1037 3269 porro
1078 3197 1347 3265 docetur,
1380 3198 1544 3252 aliam
1592 3198 1795 3253 bonam
1833 3206 2038 3255 terram

453 3300 599 3356 esse,
620 3290 925 3347 mansuetis
950 3289 1302 3354 destinatam,
1337 3306 1401 3345 ac
1424 3290 1868 3357 delectationem,
1900 3293 2043 3347 mul-

454 3378 857 3452 titudinemque
895 3380 1051 3451 pacis
1076 3381 1131 3436 in
1165 3381 1406 3437 futuram
1437 3383 1605 3436 vitam
1636 3383 1895 3439 remittit.
1920 3383 2040 3439 Non

453 3472 744 3544 ignorabat
792 3473 938 3529 enim
969 3472 1136 3543 juslis
1193 3473 1419 3545 perinde
1458 3480 1623 3545 atque
1655 3476 2041 3547 peccatoribus

453 3564 513 3619 in
541 3563 644 3619 hac
670 3564 781 3619 vita
812 3564 1159 3619 moriendum
1189 3580 1334 3643 esse,
1367 3567 1443 3619 ita
1478 3573 1538 3620 ut
1566 3565 1635 3622 de
1672 3566 1782 3622 illis
1824 3583 2042 3639 quoque

453 3651 564 3708 dici
595 3651 771 3722 possit
798 3670 811 3706 :
835 3652 1027 3707 Adhuc
1056 3653 1338 3724 pusillum,
1371 3662 1426 3710 et
1457 3670 1570 3710 non
1601 3657 1706 3712 erit
1733 3658 1954 3729 justus;
1986 3668 2042 3716 et

453 3757 667 3814 quaeres
695 3744 880 3799 locum
912 3744 1058 3815 ejus,
1089 3752 1143 3801 et
1171 3761 1290 3812 ,non
1314 3746 1560 3803 invenies
1587 3766 1601 3802 :
1633 3764 1763 3804 nam
1790 3750 1868 3804 illi
1897 3765 2040 3821 quo-

453 3850 563 3905 que
591 3835 909 3891 moriuntur
955 3837 1418 3907 quemadmodum
1454 3845 1508 3893 ct
1540 3848 1882 3910 peccatores.
1928 3842 2039 3899 Ne-

452 3934 563 3995 que
585 3922 656 3979 de
688 3923 793 3979 hac
818 3930 966 3980 terra
1000 3926 1083 3981 sic
1125 3926 1342 3983 locutus
1372 3937 1478 3993 est,
1513 3927 1784 3986 Mansueti
1816 3932 2043 3988 hwredi-

456 4014 644 4068 tabent
667 4023 905 4079 terram;
937 4029 1062 4069 cum
1098 4018 1269 4087 probe
1319 4018 1488 4075 sciret
1532 4018 1756 4093 Moysen
1791 4026 2039 4081 omnium

454 4104 831 4171 mitissimum,
869 4107 999 4161 olim
1031 4108 1099 4162 de
1137 4110 1319 4165 medio
1346 4112 1630 4168 hominum
1662 4115 1940 4172 sublatum
1971 4120 2041 4175 ab

388 4194 411 4207 '
457 4195 562 4251 hac
592 4204 739 4252 terra
759 4197 1118 4269 demigrasse.

535 4454 699 4513 Vsus.
725 4458 813 4514 12.
851 4458 1164 4515 Observabit
1189 4475 1435 4531 peccator
1455 4467 1689 4535 justum,
1718 4479 1766 4523 et
1797 4470 2039 4526 stridebit

455 4565 612 4620 super
627 4566 748 4605 eum
769 4550 1011 4607 dentibus
1039 4556 1178 4617 suis,
1199 4564 1305 4612 etc.
1324 4556 1618 4628 lmpiorum
1646 4571 1837 4617 contra
1859 4565 2041 4632 justos

456 4643 695 4701 insultus
731 4645 1128 4717 amborumque
1163 4648 1324 4705 finem
1356 4651 1642 4709 describit.
1674 4655 1809 4710 Cum
1843 4673 2040 4727 pecca-

2143 2168 2498 2253 Διερμηνεῦει
2549 2182 2616 2236 τὰ
2666 2183 2925 2255 ἀνωτέρω
2966 2183 3288 2254 λελεγμένα,
3336 2183 3395 2237 τὸ
3438 2186 3557 2256 μὲν,
3602 2187 3735 2242 ’Ότι

2143 2274 2286 2328 ὡσεὶ
2331 2274 2548 2345 χόρτος
2588 2275 2742 2346 ταχὺ
2790 2275 3421 2345 ἀποξηρανθήσονται,
3455 2279 3555 2333 καὶ
3587 2281 3733 2336 ὡσεὶ

2142 2366 2382 2438 λάχανα
2410 2370 2602 2438 χλόης
2639 2369 2792 2438 ταχὺ
2822 2357 3296 2436 ἀποπεσοῦνται,
3331 2371 3419 2426 διά
3446 2371 3563 2439 τοῦ,
3610 2375 3734 2428 Ἔτι

2144 2461 2373 2531 ὀλίγον,
2403 2462 2501 2515 καὶ
2528 2464 2599 2515 οὺ
2625 2461 2712 2531 μὴ
2751 2461 2994 2531 ὑπάρξῃ
3029 2464 3470 2533 d'dyaptw16c°
3514 2466 3611 2519 καὶ
3644 2464 3737 2533 ζη-

2142 2552 2351 2619 τήσεις
2381 2552 2489 2606 τὸν
2519 2553 2704 2607 τόπον
2733 2554 2920 2607 αὐτοῦ
2952 2553 3052 2607 καὶ
3081 2556 3153 2608 οὐ
3176 2552 3265 2623 μὴ
3307 2555 3522 2623 εὕρῃς·
3556 2554 3619 2608 τὸ
3649 2555 3732 2619 δὲ,

2142 2644 2623 2712 Κατατρύερτησον
2657 2643 2766 2696 τοῦ
2793 2644 3035 2711 Κυρίου,
3070 2643 3166 2696 καὶ
3201 2643 3381 2707 δώσει
3418 2660 3517 2698 σοι
3550 2646 3623 2699 τὰ
3647 2649 3735 2700 al-

2143 2732 2374 2803 τήματα
2422 2732 2531 2801 τῆς
2576 2734 2825 2803 καρδίας
2874 2750 3013 2798 σου,
3059 2735 3389 2807 σαφέστερον
3438 2737 3736 2792 ἀποδίδωσι

2142 2825 2231 2879 διὰ
2266 2826 2382 2893 τοῦ,
2416 2830 2480 2880 Ol
2520 2827 2590 2880 δὲ
2628 2826 2837 2895 πραεῖς
2872 2828 3402 2897 κληρονομήσουσι
3445 2828 3561 2898 τὴν
3588 2829 3729 2899 γῆν,

2143 2919 2241 2972 καὶ
2279 2919 2853 2987 κατατρυφήσουσιν
2890 2919 2992 2973 ἐπὶ
3034 2919 3249 2987 πλήθει
3286 2920 3553 2989 εὶρήνης.
3603 2922 3731 2986 Πῶς

2143 3010 2251 3083 γάρ
2284 3027 2368 3074 τις
2401 3013 2810 3083 κατατρυφήσει
2849 3012 2942 3065 τοῦ
2972 3013 3178 3085 Κυρίου
3224 3014 3543 3086 παρίστησι,
3593 3016 3732 3087 πλῆ-

2144 3100 2235 3163 θος
2268 3101 2491 3172 εἰρήνης
2522 3102 2651 3172 παρ’
2680 3100 2829 3172 αὐτῷ
2861 3096 3000 3155 εἶναι
3044 3101 3216 3171 λέγων
3236 3115 3250 3133 ⁴
3288 3100 3348 3157 οὗ
3378 3105 3616 3178 πλήθους
3646 3109 3726 3161 εί-

2148 3196 2316 3267 ρήνης
2359 3193 2758 3248 ἀπολαύσουσιν
2796 3196 2843 3248 οἱ
2887 3194 2981 3248 τοῦ
3016 3196 3221 3268 Κυρίου
3271 3201 3730 3271 κατατρυφήσαν-

2142 3303 2253 3350 τες.
2290 3287 2388 3342 Διά
2419 3287 2623 3342 τούτων
2655 3287 2711 3340 δὲ
2752 3290 2780 3341 ό
2826 3278 2982 3357 λόγος
3022 3290 3209 3358 σαφῶς
3246 3287 3440 3362 ἑτέραν
3470 3292 3591 3345 τινὰ
3624 3294 3729 3364 γῆν

2144 3378 2352 3450 ἀγαθὴν
2388 3378 2485 3451 τὴν
2527 3382 2640 3441 τοῖς
2682 3379 2883 3451 πραέσι
2930 3381 3299 3455 δοθησομένην
3329 3383 3590 3449 διδάσκει,
3634 3388 3731 3439 καὶ

2143 3471 2351 3543 τρυφὴν
2380 3470 2475 3524 καὶ
2502 3470 2706 3541 πλῆθος
2732 3473 2953 3543 εἰρήνης
2980 3475 3061 3537 είς
3091 3472 3388 3544 μέλλουσαν
3413 3475 3729 3545 ἀναπέμπει

2142 3559 2309 3633 ζωήν.
2358 3561 2433 3613 Οὐ
2468 3560 2578 3634 γὰρ
2609 3561 2817 3632 ἠγνόει,
2866 3562 2948 3615 ὅτι
2992 3564 3196 3635 ὁμοίως
3234 3566 3346 3627 τοῖς
3386 3565 3730 3637 ἁμαρτωλοῖς

2142 3652 2287 3706 κατὰ
2327 3652 2418 3705 τὸν
2444 3653 2691 3724 παρόντα
2723 3654 2835 3724 βίον
2871 3655 2967 3708 καὶ
2993 3657 3042 3708 οἱ
3067 3655 3264 3710 δίκαιοι
3291 3656 3726 3728 τελευτήσουσιν,

2141 3743 2217 3808 ὡς
2256 3744 2516 3800 δύνασθαι
2549 3746 2645 3799 καὶ
2678 3738 2804 3817 περὶ
2843 3747 3022 3801 αὐτῶν
3051 3747 3304 3817 λέγεσθαι
3328 3749 3389 3802 τό
3416 3766 3429 3781 ·
3464 3751 3584 3803 Ἔτι
3614 3752 3728 3805 ὀλί-

2140 3855 2259 3906 γον,
2289 3838 2384 3891 καὶ
2408 3840 2469 3891 οὐ
2512 3838 2585 3909 μὴ
2636 3837 2853 3911 ὑπάρξῃ
2906 3841 2934 3893 ὁ
2961 3839 3187 3905 δίκαιος,
3219 3840 3313 3893 καὶ
3347 3841 3600 3913 ζητήσεις
3636 3842 3730 3895 τὸν

2142 3928 2306 3982 τόπον
2327 3926 2514 3994 αὑτοῦ,
2540 3927 2635 3981 καὶ
2656 3930 2718 3981 οὐ
2741 3928 2815 4000 μὴ
2841 3927 3007 4001 εὕρῃς
3025 3946 3038 3959 ·
3058 3929 3349 3983 τελευτῶσι
3383 3930 3492 4001 γὰρ
3526 3931 3730 4002 ὁμοίως

2140 4022 2253 4083 τοῖς
2283 4019 2625 4091 ἁμαρτωλοῖς
2656 4021 2750 4074 καὶ
2782 4021 2956 4074 αὐτοί.
2988 4022 3103 4075 Οὐκ
3126 4021 3191 4076 ἂν
3223 4021 3279 4075 δὲ
3311 4019 3432 4076 εἷπε
3470 4024 3601 4096 περὶ
3627 4024 3729 4095 τῆς

2142 4111 2425 4184 παρούσης
2475 4112 2579 4183 γῆς
2614 4112 2732 4165 τόδε
2757 4126 2770 4143 ο
2828 4116 2891 4167 Οἱ
2945 4113 3149 4181 πραεῖς
3192 4114 3729 4185 κληρονομήσουσι

2141 4203 2257 4272 τὴν
2279 4202 2418 4272 γῆν,
2454 4204 2640 4273 σαφῶς
2671 4203 2812 4275 ὁρῶν
2841 4203 2952 4257 τῶν
2977 4205 3195 4261 πάντων
3227 4204 3531 4279 πραότατον
3561 4208 3730 4261 Μωῦ-

2144 4294 2265 4359 σέα,
2298 4294 2466 4348 πάλαι
2503 4294 2562 4362 ἐξ
2596 4294 2897 4367 ἀνθρώπων
2945 4298 3235 4370 γενόμενον
3269 4300 3364 4353 καὶ
3395 4299 3493 4370 τῆς
3522 4298 3731 4371 παρού-

2124 4399 2243 4457 ισης
2272 4386 2376 4457 γῆς
2402 4384 2840 4456 ἀπηλλαγμένον.

2212 4478 2701 4547 Παρατηρήσεται
2750 4484 2784 4535 ό
2813 4481 3163 4551 ἁμαρτωλὸς
3202 4482 3309 4536 τὸν
3338 4481 3592 4546 δίκαιον,
3628 4480 3729 4536 καὶ

2136 4572 2350 4642 ,βρύξει
2376 4572 2468 4626 ἐπ’
2487 4570 2676 4626 αὐτὸν
2697 4572 2839 4639 τοὺς
2857 4572 3109 4639 ὀδόντας
3133 4573 3342 4627 αὐτοῦ.
3366 4572 3486 4627 Τῶν
3511 4590 3571 4626 τε
3597 4574 3727 4627 ἀσε-

2143 4665 2252 4719 ϐῶν
2291 4663 2388 4728 τάς
2434 4665 2577 4717 κατὰ
2617 4663 2724 4717 τῶν
2769 4664 2991 4717 δικαίων
3037 4665 3455 4729 ἐπαναστάσεις,
3491 4664 3587 4718 καὶ⁸
3618 4666 3729 4735 ἀμρ
3764 4704 3770 4711 υ

454 4744 565 4802 tor,
598 4737 804 4809 inquit,
843 4754 953 4794 non
991 4741 1128 4796 satis
1160 4758 1285 4798 esse
1332 4744 1436 4799 sibi
1470 4746 1677 4801 scelera
1724 4763 1825 4803 sua
1862 4759 2035 4820 putet,

2144 4756 2383 4829 φοτέρων
2412 4757 2523 4810 τῶν
2572 4756 2863 4826 ταγμάτων
2891 4755 2959 4809 τά
2999 4755 3147 4827 τέλη.
3183 4755 3267 4828 Μὴ
3298 4756 3408 4829 γάρ
3446 4757 3726 4829 ἀρκούμε-

452 4829 663 4899 justum
690 4844 921 4887 cernens
952 4832 1209 4903 religiose
1234 4835 1530 4902 viventem,
1566 4837 1621 4892 id
1652 4837 1795 4895 ferre
1826 4841 2035 4912 nequit,

454 4922 585 4992 quia
621 4922 786 4977 vitam
829 4925 951 4994 ejus
1001 4926 1371 4997 improbitatis
1416 4945 1529 4985 sua:
1577 4932 2037 5002 vituperationem

454 5034 580 5075 esse
606 5008 940 5088 arbitratur;
981 5036 1153 5092 quare
1184 5024 1295 5079 ait:
1333 5022 1433 5081 Vel
1465 5025 1585 5082 visu
1619 5028 1738 5083 solo
1770 5042 2038 5083 onerosus

455 5112 620 5168 nobis
646 5118 753 5176 est,
781 5110 1014 5184 ideoque
1043 5114 1299 5172 observat
1322 5132 1447 5173 eum
1478 5125 1539 5173 ut
1564 5117 1806 5189 dejiciat.
1835 5117 2037 5176 Verum

453 5200 643 5272 justus
694 5204 832 5260 nihil
866 5206 1022 5275 pensi
1077 5205 1263 5273 habet,
1314 5224 1493 5281 neque
1541 5212 1694 5267 novit
1737 5228 1859 5282 quas
1895 5214 2036 5268 clam

455 5303 649 5349 contra
684 5310 745 5351 se
774 5305 1070 5351 struuntur
1114 5299 1576 5357 machinamenta.
1612 5299 1879 5360 Dominus
1906 5320 2037 5361 vero

458 5385 704 5440 omnium
733 5387 1029 5458 inspector.
1061 5390 1182 5460 ejus
1207 5392 1300 5461 qui
1326 5392 1458 5447 talia
1489 5393 1788 5450 meditatur
1817 5395 2035 5452 ruinam

458 5480 822 5551 prospiciens,
855 5483 1085 5539 consilia
1118 5483 1240 5553 ejus
1265 5483 1495 5540 deridet.
1530 5484 1596 5540 Et
1617 5486 1885 5544 hactenus
1913 5489 2039 5559 qui-

455 5571 580 5627 dem
635 5573 772 5628 nihil
819 5576 965 5630 aliud
996 5576 1106 5647 agit
1154 5592 1318 5647 quam
1367 5579 1547 5635 ridere
1594 5580 1872 5635 hominem
1905 5582 2035 5636 talia

458 5662 663 5721 frustra
711 5666 1062 5738 cogitantem.
1110 5668 1246 5723 Cum
1277 5678 1458 5726 autem
1495 5680 1751 5742 peccator
1784 5674 1850 5728 ad
1898 5674 2035 5728 faci~

456 5768 591 5808 nora
647 5756 1028 5825 progreditur,
1084 5758 1339 5828 acuitque
1379 5761 1623 5831 gladios,
1680 5770 1738 5816 ut
1802 5762 2032 5818 insidias

459 5854 615 5914 paret
639 5847 703 5901 ad
735 5861 923 5904 necem
953 5847 1023 5916 ei,
1057 5849 1147 5918 qui
1181 5859 1401 5920 propter
1436 5853 1601 5910 Deum
1630 5855 1864 5922 inopiam
1894 5871 2027 5922 pau-

2143 4866 2252 4912 vo;,
2290 4849 2444 4919 <p'qal,
2472 4852 2583 4913 τοῖς
2610 4846 2803 4902 ἑαυτοῦ
2836 4847 3130 4919 πλημμελή
3140 4865 3302 4919 μασιν
3328 4850 3355 4901 ὁ
3380 4849 3725 4922 ἁμαρτωλὸς,

2142 4940 2202 4992 οὐ
2249 4940 2405 5011 φέρει
2449 4940 2660 5010 βλέπων
2704 4939 2795 4992 τὸν
2826 4939 3029 4992 δίκαιον
3072 4938 3462 4995 θεοσεϐοῦντα·
3509 4941 3728 5014 ἔλεγχον

2143 5025 2254 5096 γὰρ
2284 5026 2375 5079 τὸν
2407 5026 2616 5080 ἐκείνου
2649 5026 2762 5097 βίον
2790 5025 2891 5096 τῆς
2928 5026 3123 5080 ἑαυτοῦ
3150 5027 3453 5099 μοχθηρίας
3479 5032 3723 5102 ἡγεῖται⁸

2143 5112 2224 5168 διὸ
2260 5115 2439 5185 λέγει’
2488 5117 2668 5188 Βαρὺς
2709 5120 2839 5188 ἡμῖν
2886 5119 3001 5171 ἐστι
3049 5119 3144 5172 καὶ
3195 5118 3564 5192 βλεπόμενος*
3604 5121 3728 5175 ὅθεν

2144 5207 2396 5278 ἐπιτηρεῖ
2427 5207 2576 5271 ὅπως
2605 5208 2767 5262 αὐτὸν
2797 5210 3101 5284 καταϐάλῃ.
3151 5212 3289 5265 Ἀλλ’
3325 5213 3355 5265 ὀ
3396 5214 3493 5284 μὲν
3523 5213 3728 5278 δίκαιος

2144 5300 2204 5351 οὐ
2254 5302 2652 5371 προσποιεῖται,
2700 5302 2824 5355 οὐδὲ
2868 5302 3125 5371 γινώσκει
3171 5304 3243 5359 τὰ
3288 5304 3560 5377 λαθραίως
3605 5306 3726 5359 κατ’

2145 5389 2311 5442 αὐτοῦ
2342 5390 2737 5462 μηχανώμενα·
2777 5392 2806 5444 ὁ
2837 5392 2894 5445 δὲ
2920 5396 3309 5468 παντεπόπτης
3333 5396 3562 5470 Κύριος,
3593 5413 3727 5468 προ-

2142 5482 2283 5553 ορῶν
2324 5482 2421 5556 τὴν
2452 5484 2547 5538 τοῦ
2567 5484 2739 5538 ταῦτα
2763 5486 3143 5558 διανοουμένου
3188 5490 3413 5554 πτῶσιν,
3440 5489 3550 5544 τῶν
3583 5489 3727 5557 λογιέ

2145 5574 2300 5647 σμῶν
2326 5576 2489 5631 αὐτοῦ
2519 5580 2817 5653 καταγελᾷ.
2855 5582 2969 5635 Καὶ
3004 5582 3143 5647 τέως
3187 5583 3286 5653 μὲν
3313 5583 3474 5639 πλέον
3504 5582 3660 5637 οὐδὲν
3690 5582 3727 5655 ἢ

2141 5669 2276 5741 γελᾷ
2324 5672 2411 5724 ἐπ’
2437 5672 2587 5744 αὐτῷ
2627 5677 2805 5749 μάτην
2840 5674 3067 5731 τοιαῦτα
3098 5675 3466 5747 λογιζομένῳ·
3507 5674 3726 5731 ἐπειδὰν

2138 5761 2183 5813 δ’
2224 5763 2316 5817 ἐπὶ
2356 5763 2428 5817 τὰ
2460 5764 2592 5837 ἔργα
2624 5771 2797 5841 χωρῇ,
2833 5770 3107 5842 ἁκονήσας
3145 5767 3444 5821 ὲαυτοῦ”τὰ
3489 5766 3618 5834 ξίφη
3652 5767 3725 5831 ὡς

2141 5855 2302 5924 μέχρι
2337 5856 2565 5916 θανάτου
2617 5859 2997 5916 ὲπιΰουλεῦσαι
3030 5860 3108 5931 τῷ
3140 5860 3237 5932 τὴν
3283 5858 3371 5914 διὰ
3417 5859 3549 5915 Θεὸν
3581 5876 3723 5914 πτω-

3340 6032 3379 6069 /
