4094 6378
359 381 466 441 3‘29

1492 386 1993 449 COMMENTABIA
2035 390 2100 446 1N
2140 387 2477 448 PSALMOS.

3490 382 3596 444 350

358 499 634 572 letavtsai.
677 504 864 559 πενίαν
904 505 1238 577 ἀνειληφότι,
1275 507 1367 561 καλ⁵
1398 509 1496 579 τὴν
1531 509 1706 581 ἄκραν
1736 526 1930 580 κατορ-

2036 509 2347 579 periemque
2375 508 2658 579 amplexus
2702 523 2766 564 ac
2801 523 3028 565 summa:
3051 504 3404 579 philosophia:
3444 502 3595 560 dedi-

360 591 538 646 θοῦντι
572 594 904 665 φιλοσοφίαν,
948 599 1007 651 τὸ
1034 597 1333 668 τηνικαῦτα
1371 600 1591 671 στρέφει
1618 601 1715 673 τὴν
1756 600 1932 655 αὐτῶν

361 685 631 755 ῥομφαίαν
663 687 804 740 κατά
833 689 929 759 τῆς
971 690 1151 742 αὐτῶν
1181 689 1407 759 καρδίας
1445 692 1472 742 6
1500 691 1663 744 πάλαι
1704 706 1932 758 καταγε-

359 775 465 828 λῶν
491 777 670 830 αὐτῶν
703 779 924 851 Κύριος,
948 780 1042 833 καὶ
1062 780 1129 833 τὰ
1156 782 1293 835 κατά
1320 782 1414 835 τοῦ
1436 782 1640 835 δικαίου
1668 783 1797 846 τόξα
1824 782 1930 835 τῶν

362 868 573 922 ἀσεϐῶν
618 872 911 943 συντρίϐει.
951 872 1348 926 Μετελεύσεται
1396 874 1503 945 γὰρ
1547 876 1774 939 αὐτούς·
1811 872 1930 927 οὐδὲ

357 960 441 1013 ἐτι
466 961 639 1030 γελῶν
663 964 747 1032 ἐφ’
777 959 857 1027 οἷς
883 964 1249 1029 διανοοῦνται,
1278 967 1413 1021 ἀλλά
1434 970 1499 1038 τῇ
1523 968 1645 1039 δίκῃ
1671 971 1735 1039 τῇ
1765 984 1932 1039 προσ-

356 1052 563 1122 ηκούσῃ
590 1054 707 1106 κατ’
733 1054 909 1109 αὐτῶν
937 1054 1234 1127 χρώμενος.
1266 1052 1447 1110 Ταῦτα
1475 1054 1550 1120 δὲ,
1580 1059 1660 1110 ὅτι
1687 1058 1759 1128 μὴ
1786 1058 1931 1125 λόγοι

358 1144 731 1214 τυγχάνουσιν,
764 1144 876 1198 ἀλλ’
906 1145 1040 1217 ἔργα
1075 1146 1245 1217 ἀληθῆ
1279 1147 1693 1219 μαρτυρούμενα
1721 1150 1809 1201 ὑπ’
1844 1149 1933 1200 αύ-

356 1232 457 1303 τῆς
490 1235 787 1306 ἐνεργείας,
815 1235 907 1289 καὶ
940 1237 1070 1307 ἡμῖν
1120 1237 1302 1300 αὐτοῖς
1342 1240 1455 1300 τοῖς
1488 1236 1660 1291 ταῦτα
1705 1238 1822 1291 νυνὶ
1856 1237 1932 1289 δι-

357 1326 591 1392 εξιοῦσιν
617 1331 650 1401 ἡ
678 1332 840 1401 πεῖρα
865 1329 973 1384 τῶν
1002 1330 1177 1399 ἐργων
1206 1330 1562 1384 ἐπιστώσατο.
1608 1330 1931 1401 Ὀφθαλμοῖς

358 1419 489 1488 γοῦν
536 1420 970 1490 παρειλήφαμεν,
1008 1418 1082 1485 ὡς
1120 1422 1167 1475 οἱ
1204 1422 1519 1492 ἁμαρτωλοὶ
1553 1424 1611 1475 ἐν
1653 1424 1765 1484 τοῖς
1810 1421 1929 1474 καθ’

356 1509 513 1580 ἡμῶν
550 1508 806 1577 διωγμοῖς
854 1511 1123 1579 ῥομφαίαν
1171 1512 1477 1565 ἐσπάσαντο
1523 1513 1663 1565 κατά
1704 1511 1814 1564 τῶν
1852 1511 1931 1564 δι-

357 1600 547 1663 καίων,
583 1598 676 1652 καὶ
713 1598 787 1662 ὡς
831 1600 1098 1655 ἐνέτειναν
1144 1602 1213 1655 τὰ
1246 1603 1373 1667 τόξα
1416 1602 1594 1656 αὐτῶν
1624 1601 1717 1655 τοῦ
1762 1619 1931 1655 κατα-

358 1691 538 1744 ϐαλεῖν
570 1691 775 1762 πένητα
808 1691 900 1744 καὶ
934 1692 1165 1762 πτωχὸν,
1202 1694 1294 1745 καὶ
1331 1692 1425 1746 τοῦ
1459 1692 1655 1762 σφάξαι
1687 1694 1814 1756 τοὺς
1844 1693 1931 1745 εύ-

358 1782 469 1847 θεῖς
495 1786 561 1855 τῇ
597 1784 812 1855 καρδίᾳ,
858 1783 951 1837 καὶ
991 1779 1067 1847 ὡς
1099 1784 1339 1855 ἔπραξαν
1369 1785 1462 1837 καὶ
1508 1785 1803 1839 κατέὅαλον
1837 1785 1929 1839 καὶ

356 1875 567 1928 ἀνεῖλον
601 1875 860 1939 ποικίλοις
899 1874 1122 1945 τρόποις
1167 1874 1409 1930 θανάτων
1452 1877 1579 1940 τοὺς
1618 1876 1756 1929 κατά
1797 1877 1928 1929 Θεὸν

356 1964 779 2035 ἀνδρισαμένους
826 1966 1015 2033 ἁγίους
1060 1966 1357 2037 μάρτυρας.
1405 1967 1611 2037 ’Ὠσπερ
1664 1967 1719 2019 δὲ
1758 1968 1929 2021 ταῦτα

358 2056 796 2127 ίστορησάμενοι,
843 2055 984 2109 οὕτω
1036 2056 1128 2108 καὶ
1179 2056 1278 2126 τὴν
1330 2055 1689 2127 μετελθοῦσαν
1735 2059 1930 2123 αὐτοὺς

355 2145 447 2199 τοῦ
486 2146 619 2199 Θεοῦ
666 2146 823 2216 δίκην
862 2145 1185 2217 τεθεάμεθα,
1214 2148 1467 2218 τοιαύτην
1496 2148 1812 2220 γενομένην,
1856 2150 1929 2214 ὡς

359 2235 433 2305 μὴ
465 2236 729 2305 ἁμαρτεῖν
761 2235 853 2289 τὸν
882 2236 1127 2306 φήσαντα
1157 2235 1389 2306 ἀληθῶς,
1416 2236 1513 2307 τὴν
1542 2238 1814 2309 ῥομφαίαν
1834 2238 1932 2291 αύ-

355 2325 461 2379 τῶν
489 2326 891 2397 εἰσεληλυθέναι
920 2328 999 2389 εἰς
1024 2326 1123 2399 τὴν
1147 2327 1371 2397 καρδίαν
1398 2327 1574 2381 αὐτῶν
1599 2330 1693 2381 καὶ
1713 2329 1781 2381 τά
1801 2328 1930 2395 τόξα

355 2419 534 2473 αὐτῶν
560 2419 957 2490 συντετρῖφθαι.

423 2510 723 2579 Κρεῖσσον
748 2513 956 2580 ὀλίγον
994 2510 1075 2576 τῷ
1099 2511 1323 2578 δικαίῳ.
1369 2512 1443 2567 Ού
1472 2512 1790 2583 προείρηται
1830 2508 1926 2583 μόο

353 2616 465 2662 νον,
496 2600 629 2652 ἀλλὰ
671 2600 737 2653 δι’
777 2600 952 2671 ἔργων
994 2600 1481 2674 ἀποπεπλήρωται,
1522 2603 1614 2655 καὶ
1652 2602 1741 2654 τὸν
1773 2601 1930 2655 ἄλλον

355 2688 411 2741 δὲ
460 2690 669 2760 χρόνον.
716 2691 772 2743 Ὀ
814 2691 911 2761 μὲν
954 2691 1159 2755 δίκαιος
1193 2692 1509 2762 πτωχεύων,
1553 2694 1817 2765 ἀρκεῖταιΔ
1854 2692 1930 2764 τῷ

355 2779 542 2850 ὀλίγῳ,
590 2781 966 2851 δεδιδαγμένος
1005 2785 1062 2836 ἐν
1094 2788 1365 2856 προσευχῇ
1411 2783 1588 2854 λέγειν
1614 2803 1627 2816 ο
1678 2787 1786 2840 Τὸν
1825 2786 1927 2855 ἄρ’

360 2887 469 2923 τον
488 2870 657 2940 ἡμῶν
691 2877 797 2925 τόν
829 2873 1141 2927 ἐπιούσιον
1177 2874 1283 2940 δὸς
1312 2875 1453 2944 ἡμῖν
1486 2874 1775 2945 σήμερον⁸
1812 2879 1840 2930 6
1873 2876 1930 2931 δὲ

359 2962 701 3033 ἁμαρτωλὸς,
748 2963 961 3035 πλούτῳ
1010 2966 1455 3037 περιρῤεόμενος,
1520 2965 1726 3036 ἀγαθοῦ
1784 2985 1929 3029 τινος

360 3053 657 3106 ἀπόλαυσιν
693 3055 919 3124 νομίζει.
965 3055 1101 3115 Ἀλλ’
1136 3054 1267 3127 ἐγὼ,
1299 3058 1482 3127 φησὶν,
1511 3053 1570 3110 εὖ
1613 3053 1748 3125 οἴδα,
1781 3058 1926 3113 διδά-

363 3156 477 3195 σκω
507 3143 562 3197 δὲ
598 3144 693 3197 καὶ
727 3144 974 3216 ἐτέρους·
1023 3147 1103 3199 ὃτι
1163 3147 1337 3218 πολλῷ
1366 3147 1585 3218 βελτιων
1623 3149 1769 3203 ἐστὶν
1799 3152 1827 3204 6
1851 3150 1929 3203 δί-

359 3249 514 3296 καιος
542 3233 632 3287 τὸν
663 3235 936 3307 ἐφήμερον
972 3237 1132 3312 ἄρτον
1164 3239 1314 3310 παρὰ
1357 3238 1451 3293 τοῦ
1482 3239 1612 3294 Θεοῦ
1639 3240 1927 3312 λαμϐάνων

359 3322 451 3376 τοῦ
481 3324 586 3377 τῶν
636 3326 971 3398 ἁμαρτωλῶν
996 3311 1252 3382 ’πλούτουο
1284 3331 1345 3383 Et
1372 3331 1414 3383 δ’
1455 3332 1683 3404 ἐρωτᾷς,
1714 3311 1817 3405 τὴν
1848 3336 1931 3388 ai-

358 3416 478 3467 τίαν
520 3416 756 3485 μάνθανε
776 3435 789 3447 ο
821 3420 902 3472 ὄτι
931 3420 961 3472 6
994 3421 1092 3490 μὲν
1133 3419 1297 3491 ὀλίγῳ
1331 3422 1669 3494 ἀρκούμενος
1708 3424 1930 3496 ἔχειτὸν

363 3502 568 3578 Κύριον
598 3508 1026 3580 ύποστηρίζοντα
1052 3511 1213 3565 αὐτοῦ
1236 3512 1333 3578 τὴν
1354 3513 1528 3585 ψυχὴν
1556 3515 1649 3569 καὶ
1669 3515 1766 3586 τὴν
1788 3514 1932 3588 ζωὴν

363 3596 577 3649 καὶτὸν
626 3596 761 3667 βίον,
809 3600 947 3671 ὑπὲρ
989 3601 1165 3654 πάντα
1203 3619 1263 3656 τε
1314 3603 1542 3657 πλοῦτον
1588 3605 1932 3677 ἐπαρκοῦντα

363 3686 512 3758 αὐτῷ
529 3704 543 3719 ⁸
576 3690 625 3741 οἱ
670 3688 726 3742 δὲ
765 3689 871 3743 τῶν
900 3692 1237 3763 ἁμαρτωλῶν
1265 3693 1544 3767 βραχίονες
1572 3696 1632 3748 οὐ
1659 3697 1934 3768 διαμένου-

365 3794 451 3831 σιν
486 3781 716 3852 ίσχυροὶ,
755 3782 876 3835 οὐδὲ
913 3785 941 3836 6
982 3783 1207 3847 πλοῦτος
1238 3786 1415 3839 αὐτῶν
1446 3785 1691 3857 βέϐαιος·
1728 3805 1933 3858 συντρι-

367 3869 622 3941 ϐήσονται
673 3873 781 3944 γὰρ
825 3874 946 3927 ὅσον
982 3875 1191 3928 ούδέπω
1240 3876 1518 3946 γενόμενοι
1558 3878 1689 3931 ὡσεὶ
1726 3877 1932 3948 λάχανα

364 3958 527 4028 χλόης
553 3960 645 4013 καὶ
673 3961 803 4015 ὡσεὶ
836 3962 1027 4035 χόρτος
1057 3965 1559 4036 ἀποξηραινόμενοι.

434 4050 726 4105 Γινώσκει
771 4055 983 4121 Κύριος
1031 4056 1136 4120 τὰς
1168 4055 1345 4121 ὀδοὺς
1375 4056 1492 4109 τῶν
1534 4056 1805 4127 ἀμώμων,
1834 4060 1934 4114 καὶ

360 4142 402 4209 ἠ
433 4145 796 4213 κληρονομία
817 4145 1015 4200 αὐτῶν
1032 4151 1117 4214 εὶς
1142 4150 1247 4201 τὸν
1266 4146 1449 4201 αἰῶνα
1470 4148 1659 4203 ἔσται.
1690 4153 1769 4204 Οὐ
1795 4169 1916 4206 κατε

358 4235 873 4303 αισχυνθήσονται
920 4239 991 4292 ἐν
1027 4239 1208 4308 καιρῷ
1251 4240 1509 4308 πονηρῷ,
1551 4242 1648 4294 καὶ
1680 4243 1749 4296 ἑν
1786 4244 1931 4314 ἡμέ-

354 4342 491 4392 ραις
534 4328 711 4395 λιμοῦ
767 4330 1303 4396 χορτασθήσονται,
1355 4331 1443 4385 ὅτι
1500 4336 1553 4385 οἱ
1600 4333 1931 4403 ἁμαρτωλοὶ

362 4418 750 4472 ἀπολοῦνται.
805 4422 925 4473 Ὅτι
967 4422 1064 4474 τοῦ
1109 4423 1283 4490 δεξιοῦ
1330 4424 1628 4494 τάγματος,
1685 4425 1827 4495 λέγω
1876 4427 1933 4480 δὲ

2033 608 2121 655 tus
2147 608 2250 661 est,
2287 600 2658 665 inferendam;
2710 608 2824 656 tum
2851 601 3132 663 Dominus,
3167 600 3261 671 qui
3292 587 3421 653 olim
3451 597 3595 653 deri-

2031 688 2194 744 debat
2225 707 2350 757 eos,
2408 692 2645 763 gladium
2693 693 2854 747 vertit
2913 694 2966 745 in
3015 690 3181 745 corda
3215 692 3492 761 ipsorum,
3540 696 3594 744 et

2031 794 2192 835 arcus
2227 783 2515 852 impiorum
2566 790 2755 838 contra
2782 783 2992 853 justum
3021 790 3241 853 paratos
3275 781 3593 851 confringit.

2030 867 2148 925 Non
2182 872 2293 941 jam
2335 874 2696 943 cogitationes
2725 889 2912 928 eorum
2947 872 3203 927 deridens
3237 872 3451 926 invadet
3475 885 3593 934 eos,
3660 862 3667 871 ’

2032 963 2126 1018 sed
2158 966 2455 1034 promerita
2488 966 2593 1021 illis
2624 966 2829 1020 ultione
2859 972 3062 1020 utetur.
3091 964 3244 1031 Quod
3278 972 3457 1018 autem
3479 964 3593 1018 haec

2031 1070 2140 1108 non
2185 1070 2333 1109 mera
2364 1057 2527 1111 verba
2563 1056 2695 1122 sint,
2730 1055 2824 1110 sed
2871 1071 2958 1110 res
2987 1063 3153 1124 gesta:
3181 1069 3244 1108 ac
3284 1054 3404 1125 ipso
3431 1068 3594 1122 opere

2031 1147 2431 1215 comprobata,
2479 1148 2637 1203 nobis
2680 1149 2772 1217 qui
2826 1147 2939 1201 haec
2968 1161 3285 1201 enarramus
3332 1146 3415 1200 vel
3475 1145 3594 1213 ipsa

2030 1236 2365 1305 experientia
2398 1238 2869 1292 commonstravit.
2909 1235 3044 1306 Ipsis
3079 1236 3244 1306 igitur
3275 1234 3448 1288 oculis
3472 1248 3593 1303 per-

2031 1326 2298 1395 cepimus,
2327 1336 2640 1396 peccatores
2670 1329 2726 1383 in
2772 1327 3246 1398 persecutionibus
3285 1326 3339 1379 in
3372 1341 3474 1391 nos
3500 1341 3595 1379 ex-

2030 1419 2211 1474 citatis
2237 1418 2502 1474 adversus
2528 1419 2706 1488 justos
2738 1420 2973 1488 gladium
3007 1418 3261 1472 eduxisse
3284 1456 3299 1481 ,
3326 1428 3595 1486 arcusque

2032 1527 2161 1568 suos
2195 1513 2496 1569 intendisse
2523 1522 2582 1568 ut
2612 1514 2911 1582 dejicerent
2939 1528 3229 1584 pauperem
3256 1520 3310 1567 et
3352 1512 3592 1581 inopem,

2030 1610 2084 1656 et
2116 1610 2174 1657 ut
2208 1605 2549 1659 trucidarent
2602 1614 2782 1659 rectos
2831 1604 3023 1668 corde;
3076 1603 3422 1672 idipsumque
3454 1615 3594 1671 pra»

2031 1693 2266 1748 stitisse:
2300 1703 2520 1750 sanctos
2555 1702 2820 1765 martyres
2851 1710 2950 1763 pro
2978 1694 3090 1749 Deo
3121 1694 3334 1749 fortiter
3372 1701 3595 1763 agentes

2030 1783 2295 1852 dejecisse
2355 1794 2408 1839 et
2459 1784 2746 1854 multiplici
2800 1786 2993 1840 mortis
3037 1800 3235 1854 genere
3285 1784 3592 1838 sustulisse.

1963 1861 2004 1915 Β
2035 1872 2103 1927 Ut
2133 1883 2312 1929 autem
2348 1875 2462 1930 haec
2512 1875 2771 1943 vidimus,
2799 1875 2873 1928 ita
2918 1883 2972 1930 et
3002 1875 3261 1929 ultionem
3302 1873 3396 1929 Dei
3444 1874 3594 1944 ipsos

2033 1966 2379 2021 invadentem
2408 1969 2777 2036 suspeximus,
2815 1983 2934 2037 quae
2969 1969 3093 2021 talis
3132 1968 3319 2036 utique
3360 1965 3483 2030 fuit,
3535 1975 3595 2018 ut

2032 2059 2168 2114 nihil
2194 2060 2529 2115 aberraverit
2574 2060 2620 2115 is
2662 2062 2755 2129 qui
2787 2062 2922 2115 dixit
2951 2061 3189 2131 gladium
3237 2074 3425 2114 eorum
3473 2056 3595 2111 iuﬁo

2032 2166 2160 2205 xum
2191 2150 2247 2204 in
2278 2150 2442 2205 corda
2480 2150 2745 2220 ipsorum,
2777 2158 2832 2207 et
2860 2167 3020 2207 arcus
3048 2166 3236 2207 eorum
3280 2150 3593 2205 contractos

2030 2259 2173 2301 esse.

2100 2503 2269 2561 Vens.
2322 2505 2409 2561 16.
2454 2502 2645 2560 Melius
2690 2515 2769 2561 est
2817 2502 3077 2560 modicum
3099 2505 3271 2576 justo,
3307 2509 3414 2562 etc.
3467 2501 3591 2563 llaec

2029 2612 2138 2652 non
2170 2598 2332 2653 modo
2362 2599 2723 2668 praenuntiata
2752 2597 2931 2663 fuere,
2962 2598 3056 2654 sed
3086 2606 3141 2653 et
3172 2599 3293 2653 aliis
3333 2600 3591 2669 tempori-

2030 2688 2134 2743 bus
2166 2703 2331 2758 opere
2355 2689 2640 2759 completa.
2664 2686 2853 2744 Justus
2874 2688 3090 2759 quidem
3114 2704 3402 2759 pauperem
3428 2702 3592 2760 agens

2028 2779 2195 2832 vitam
2247 2780 2438 2850 paucis
2485 2787 2774 2835 contentus
2824 2788 2927 2847 est,
2982 2781 3049 2834 ad
3104 2782 3219 2836 haec
3259 2784 3311 2837 in
3346 2787 3591 2842 oratione

2030 2860 2355 2932 proferenda
2390 2864 2691 2927 institutus,
2724 2864 2926 2920 Panem
2959 2875 3196 2920 nostrum
3226 2868 3590 2937 quotidianum

2029 2951 2100 3007 da
2128 2953 2277 3008 nobis
2306 2954 2461 3009 hodie
2487 2956 2556 3008 ⁷ο.
2598 2952 2863 3010 Peccator
2898 2964 3075 3011 autem
3107 2956 3313 3012 divitiis
3342 2959 3586 3023 afﬂuens,

2028 3057 2091 3098 se
2118 3044 2260 3099 bono
2291 3044 2395 3099 frui
2427 3046 2743 3101 arbitratur.
2778 3047 2846 3099 At
2872 3047 3039 3117 probe
3067 3049 3214 3115 novi,
3270 3050 3466 3121 inquit,
3511 3053 3591 3105 id-

2029 3149 2135 3204 que
2182 3142 2408 3191 caeteros
2455 3136 2644 3201 doceo,
2683 3139 2853 3193 multo
2894 3140 3320 3208 praestantiorem
3359 3143 3591 3211 justum,

2029 3230 2121 3300 qui
2153 3231 2530 3299 quotidianum
2562 3247 2592 3286 a
2634 3230 2743 3287 Deo
2774 3247 2967 3302 panem
2998 3236 3211 3305 accipit,
3243 3246 3591 3306 peccatorum

2029 3321 2237 3376 divitiis
2264 3337 2407 3377 esse.
2442 3322 2595 3388 Quod
2630 3324 2674 3378 si
2725 3340 2946 3380 causam
2976 3328 3333 3395 perconteris,
3378 3328 3590 3384 ediscas

2030 3412 2179 3477 licet,
2212 3414 2339 3483 quia
2374 3415 2463 3469 ille
2495 3415 2715 3484 quidem
2747 3418 2935 3486 paucis
2961 3425 3272 3479 contentus,
3305 3416 3591 3474 Dominum

2030 3504 2193 3560 habet
2236 3506 2328 3575 qui
2364 3507 2599 3560 animam
2648 3516 2702 3561 et
2732 3507 2897 3561 vitam
2945 3509 3064 3577 ejus
3116 3509 3323 3572 fulciat,
3379 3511 3591 3581 ipsique

2030 3596 2320 3667 plusquam
2371 3612 2561 3653 omnes
2599 3598 2802 3654 divitiae
2835 3598 3106 3655 sufﬁciat:
3161 3609 3215 3655 at
3246 3610 3589 3671 peccatorum

2030 3687 2257 3743 brachia
2286 3704 2395 3743 non
2424 3689 2649 3746 robusta
2694 3699 2935 3757 manent,
2968 3708 3145 3762 neque
3177 3693 3378 3748 divitia:
3403 3708 3589 3748 eorum

2032 3779 2203 3834 ﬁrma:
2252 3788 2418 3846 sunt;
2476 3797 2644 3851 prope
2673 3780 2813 3836 diem
2839 3783 2983 3837 enim
3037 3791 3388 3838 conterentur
3434 3783 3588 3854 quasi

2031 3869 2180 3924 olera
2210 3869 2524 3935 herbarum,
2557 3880 2609 3925 et
2636 3879 2893 3942 tanquam
2923 3870 3107 3927 fenum
3136 3880 3404 3928 arescent.

2101 4045 2269 4104 Vens.
2316 4046 2380 4101 18
2411 4043 2554 4100 -20.
2606 4043 2766 4101 Novit
2819 4046 3074 4100 Dominus
3125 4047 3236 4101 vias
3287 4046 3589 4103 immacula-

2033 4148 2226 4202 torum,
2265 4148 2313 4191 et
2361 4137 2642 4191 Iurreditas
2686 4154 2875 4191 eorum.
2913 4137 2968 4190 in
3018 4145 3268 4191 wternum
3318 4138 3437 4190 erit.
3471 4136 3594 4192 Non

2032 4229 2418 4299 confundantur
2458 4230 2511 4283 in
2546 4238 2769 4297 tempore
2799 4228 2960 4292 malo,
3014 4236 3062 4281 et
3106 4228 3163 4281 in
3209 4227 3388 4283 diebus
3432 4229 3595 4298 [amis

2033 4322 2436 4385 saturabuntur,
2467 4321 2589 4389 quia
2620 4328 2915 4388 peccatores
2942 4316 3202 4388 peribunt.
3235 4318 3372 4384 Quia
3405 4334 3595 4373 eorum

2034 4417 2126 4486 qui
2158 4414 2214 4468 in
2250 4412 2440 4468 dextro
2491 4412 2684 4466 ordine
2729 4419 2875 4479 sunt,
2908 4412 2960 4466 id
3010 4419 3095 4467 est
3138 4411 3432 4480 justorum,
3485 4427 3598 4467 non

360 4507 471 4561 τῶν
498 4509 738 4576 δικαίων,
772 4513 833 4565 ού
864 4514 1021 4584 μόνον
1047 4514 1395 4587 ύποστηρίζει
1422 4519 1450 4570 ὁ
1478 4516 1609 4580 Θεὸς
1639 4518 1736 4589 τὴν
1763 4517 1928 4589 ζωὴν,

2037 4507 2196 4560 modo
2244 4506 2410 4559 vitam
2447 4503 2602 4558 fulcit
2641 4501 2942 4570 Dominus;
2994 4503 3087 4558 sed
3120 4504 3282 4557 etiam
3318 4503 3455 4568 dies,
3501 4504 3594 4572 qui

363 4597 499 4650 ἀλλά
531 4602 626 4653 καὶ
662 4601 761 4665 τὰς
800 4605 1194 4674 περιμενούσας
1242 4607 1437 4671 αὐτοὺς
1474 4608 1530 4660 ἐν
1570 4607 1646 4679 τῷ
1689 4608 1931 4679 μέλλοντι

362 4690 518 4743 αἰῶνι
560 4694 772 4766 ἡμέρας
826 4696 1067 4768 ἀκριϐῶς
1106 4695 1232 4761 οἶδε,
1289 4701 1389 4769 τήν
1434 4717 1492 4752 τε
1532 4702 1935 4773 ἡτοιμασμένην

361 4782 544 4847 αὐτοῖς
592 4784 973 4858 κληρονομίαν,
1021 4791 1148 4861 περὶ
1188 4786 1255 4862 ἧς
1299 4791 1555 4862 ἀνωτέρω
1591 4791 1802 4863 ἐλέχθη.
1844 4793 1935 4845 Διὸ

360 4876 513 4929 οὐδὲν
541 4878 734 4942 αὐτοὺς
762 4879 1094 4951 καταόλάψει
1125 4882 1184 4935 τὸ
1212 4882 1407 4953 βραχὺ,
1444 4883 1803 4955 καὶ-λυπηρὸν
1839 4884 1932 4938 τοῦ

362 4968 629 5040 παρόντος
670 4970 807 5041 βίου,
850 4972 1033 5025 καὶτὸ
1072 4974 1326 5027 πένεσθαι
1366 4975 1459 5027 καὶ
1506 4976 1802 5047 πτωχεύειν
1846 4976 1933 5030 διὰ

360 5058 454 5112 τὸν
479 5060 700 5132 Κύριον.
737 5064 1040 5133 Γυμνάσιον
1069 5064 1176 5136 γάρ
1209 5065 1384 5119 αὐτῶν
1410 5069 1524 5120 ἐστι
1553 5069 1651 5138 τῆς
1678 5068 1934 5140 προαιρέ-

364 5166 501 5214 σεως
532 5154 564 5222 ὴ
590 5156 874 5226 καρτερία,
906 5156 973 5208 δι’
1001 5151 1068 5227 ἧς
1096 5156 1193 5227 τὴν
1235 5158 1424 5230 στενὴν
1447 5159 1540 5211 καὶ
1570 5159 1931 5231 τεθλιμμένην

360 5241 656 5309 ὁδεύοντες,
703 5247 980 5313 τεύξονται
1024 5248 1132 5302 τῶν
1181 5251 1622 5321 ἐπηγγελμένων.
1683 5252 1825 5305 Ἀντὶ
1874 5251 1930 5304 δὲ

358 5330 478 5393 τοῦ,
502 5332 795 5400 γινώσκει,
820 5338 847 5388 6
869 5334 1183 5407 Σύμμαχος,
1212 5339 1496 5408 Προοῖδεν
1521 5344 1552 5393 ό
1584 5342 1798 5408 Κύριος
1823 5342 1931 5407 τὰς

358 5423 585 5493 ratione
618 5425 734 5479 τῶν
764 5427 1033 5497 ἀμώμων,
1067 5431 1346 5495 ἐξέδωκεν.
1382 5433 1490 5486 Καὶ
1531 5432 1657 5486 ἄλλο
1689 5433 1745 5486 δὲ
1790 5434 1928 5505 μέγα

361 5516 595 5587 ὑπάρξει
628 5518 872 5583 τούτοιςο
922 5521 992 5575 ἐν
1034 5523 1143 5594 γὰρ
1190 5524 1371 5591 καιρῷ
1421 5525 1659 5593 πονηρῷ
1698 5528 1769 5580 οὺ
1801 5544 1932 5580 κατ·

359 5610 893 5678 αισχυνθήσονται,
919 5614 1017 5668 καὶ
1038 5615 1106 5669 ἐν
1131 5615 1378 5684 ἡμέραις
1399 5618 1576 5687 λιμοῦ
1600 5619 1931 5690 χορτασθήιι

430 5788 485 5822 τ’
514 5788 646 5847 Luc.
684 5807 762 5856 χι,
796 5793 845 5849 5.

685 5884 957 5949 Ριτιιοι..
1001 5887 1118 5950 Ga.
1165 5886 1402 5950 XXIII.

2036 4599 2186 4669 ipsos
2219 4597 2273 4652 in
2309 4596 2492 4651 futuro
2523 4595 2723 4650 sacculo
2763 4601 3102 4664 exspectant,
3133 4605 3387 4649 accurate
3421 4597 3593 4657 novit,

2036 4698 2198 4760 atque
2249 4697 2494 4759 paratam
2531 4688 2638 4742 illis
2668 4686 3058 4747 haereditatem,
3094 4685 3162 4740 de
3204 4701 3309 4755 qua
3345 4686 3596 4754 superius

2034 4784 2241 4838 dictum
2291 4790 2394 4837 est.
2449 4779 2628 4847 Quare
2680 4778 2991 4833 nocumenti
3040 4778 3177 4831 nihil
3226 4776 3412 4830 all‘eret
3464 4776 3598 4845 ipsis

2035 4861 2327 4946 praesentis
2358 4874 2482 4927 vita:
2529 4871 2769 4927 brevitas
2823 4885 2886 4922 ac
2926 4869 3182 4931 tristitia,
3212 4875 3265 4921 et
3309 4866 3596 4935 pauperies

2033 4966 2327 5036 inOpiaque
2367 4978 2529 5034 quam
2580 4978 2680 5033 pro
2726 4961 2954 5015 Domino
3000 4960 3230 5029 amplexi
3280 4966 3425 5013 sunt.
3459 4956 3593 5009 Nam

2034 5074 2224 5114 eorum
2254 5055 2517 5127 propositi
2555 5062 2609 5109 et
2637 5053 2935 5107 voluntatis
2971 5048 3285 5103 exercitatio
3329 5047 3428 5101 fuit
3461 5047 3599 5100 tolc.

2034 5150 2234 5214 rantia,
2270 5164 2378 5219 qua
2424 5149 2479 5201 in
2530 5153 2758 5215 angusta
2813 5150 3073 5212 arctaque
3119 5141 3204 5195 via
3258 5138 3595 5203 incedentes,

2034 5240 2304 5313 promissa
2331 5245 2751 5307 consequentur.
2775 5233 2882 5289 Pro
2905 5234 2999 5288 illo
3030 5243 3229 5297 autem,
3256 5232 3416 5296 novit,
3446 5229 3598 5300 Sym—

2032 5334 2283 5395 machus,
2308 5329 2551 5399 prazvidit
2576 5328 2830 5382 Dominus
2859 5326 2969 5379 dies
3000 5322 3482 5385 immaculatorum,
3516 5323 3598 5376 in-

2036 5432 2366 5495 terpretatus
2423 5431 2527 5477 est.
2588 5418 2856 5488 Aliudque
2913 5431 3168 5486 maguum
3216 5415 3416 5468 bonum
3463 5412 3599 5482 ipsis

2036 5518 2287 5573 obvcniet
2313 5533 2327 5583 ;
2356 5530 2477 5569 nam
2510 5515 2563 5567 in
2585 5525 2807 5581 tempore
2826 5511 2966 5564 malo
2989 5525 3091 5564 non
3121 5506 3526 5576 confundentur,
3548 5517 3598 5560 ct

2039 5613 2092 5668 in
2113 5610 2295 5667 diebus
2324 5609 2482 5680 famis
2507 5605 2904 5662 saturabunlur.
2933 5600 3132 5659 Malum
3161 5608 3400 5671 tempus,
3431 5601 3484 5657 id
3517 5612 3601 5655 est

3242 5879 3309 5944 11
