4138 6386
493 419 592 471 331

1197 411 1466 468 EUSEBII
1497 407 1975 467 CESARIENSIS
2013 407 2162 463 OPP.
2206 405 2386 461 PARS
2420 405 2506 463 111.
2547 439 2614 446 -
2646 403 3052 462 EXEGETICA.

3654 402 3756 458 33!

495 548 712 607 tempus
735 535 829 593 ira;
850 535 1111 592 adversus
1134 534 1350 604 impios,
1377 549 1485 604 quo
1511 532 1585 586 illi
1615 532 1834 602 quidem
1853 531 2062 602 justum

2172 543 2400 582 σοι-ται.
2448 528 2654 600 Καιρὺς
2691 527 2747 582 δὲ
2779 527 3019 600 πονηρός
3065 527 3212 582 ἐστιν
3257 527 3286 582 ὁ
3317 527 3417 597 τῆς
3463 524 3606 579 κατά
3649 524 3760 579 τῶν

497 629 591 686 Dei
614 631 881 701 judicium
911 627 1303 698 experientur;
1352 627 1445 696 qui
1480 641 1609 681 vero
1648 626 1703 680 in
1753 623 1946 680 dextro
1987 638 2072 678 or-

496 723 622 777 dine
668 729 816 786 sunt,
871 721 1123 792 gloriam,
1179 718 1442 773 honorem
1491 727 1546 773 et
1604 716 2070 787 incorruptionem

447 813 842 878 .-o'btinebunt,
879 820 938 866 ut
966 811 1058 882 qui
1098 811 1266 865 vitam
1300 818 1556 865 aeternam
1586 809 1923 880 quaesierint.
1959 807 2072 862 lmo

486 921 624 958 vero
652 913 860 960 statuto
892 913 1139 976 tempore
1173 903 1332 974 justi,
1364 903 1552 957 divino
1599 903 1860 957 alimento
1889 901 2068 972 potiti,

494 996 932 1061 saturabuntur;
969 1003 1284 1066 peccatores
1327 1001 1508 1048 autem
1540 991 1682 1047 fame
1731 1000 1784 1046 et
1830 999 2072 1062 egestate

494 1087 837 1142 rationabilis
869 1088 977 1141 cibi
1019 1087 1294 1156 peribunt.
1327 1083 1460 1150 Quis
1502 1092 1680 1138 autem
1712 1083 1882 1138 oculis
1933 1099 2069 1137 con-

495 1181 792 1249 templatus
822 1180 1019 1250 impios
1051 1183 1143 1250 qui
1173 1193 1288 1233 mvo
1322 1185 1514 1230 nostro
1545 1192 1610 1230 ex
1642 1175 1872 1240 divitiis,
1901 1174 2069 1246 gloria

492 1281 545 1326 et
578 1273 934 1342 dignitatibus
970 1273 1023 1325 in
1059 1269 1422 1325 admiratione
1463 1268 1636 1331 fuere,
1673 1267 1727 1322 in
1762 1270 2069 1337 multasque

481 1367 681 1432 gentes
712 1361 1002 1430 imperium
1033 1361 1342 1424 obtinuere,
1373 1368 1598 1428 repente
1619 1358 1687 1411 ab
1717 1357 1817 1410 hac
1848 1357 2070 1411 celsitu—

491 1451 620 1507 dine
675 1442 885 1522 lapsos,
927 1468 1035 1506 non
1083 1451 1314 1506 fateatur
1367 1465 1552 1507 verum
1609 1464 1732 1504 esse
1784 1448 2066 1502 oraculum

493 1545 808 1614 bujusmodi
846 1568 856 1600 :
887 1545 1104 1599 'Inimici
1140 1562 1258 1599 vero
1289 1543 1524 1606 Domini,
1560 1559 1680 1596 mox
1714 1552 1772 1596 ut
1811 1543 2069 1610 honoriﬁ-

491 1638 599 1690 cati
638 1640 849 1706 [uerunt
891 1648 941 1691 et
985 1637 1232 1702 exaltati,
1282 1637 1580 1705 deficientes
1627 1633 2068 1707 quemadmodum

491 1727 670 1798 fumus
711 1729 1055 1800 defecerunt?
1101 1727 1306 1783 Fumus
1354 1728 1610 1783 exstincti
1662 1727 1803 1798 ignis
1851 1726 2065 1797 signum

487 1830 575 1876 est
599 1841 611 1875 :
643 1837 813 1891 quare
834 1821 888 1876 hi
911 1821 1005 1892 qui
1028 1831 1268 1892 tempore
1290 1835 1390 1875 suo
1415 1821 1672 1875 ardentes
1697 1819 1838 1890 ignis
1865 1819 2061 1883 instar,

2174 620 2386 674 ἀσεϐῶν
2421 621 2612 692 ὀργῆς,
2653 622 2714 673 ὲν
2753 613 2798 687 ᾧ
2841 622 2890 673 οἱ
2937 619 3037 690 μὲν
3082 619 3184 689 τῆς
3227 618 3624 690 δικαιοκρισίας
3661 615 3756 671 τοῦ

2174 710 2308 765 Θεοῦ
2338 713 2820 784 πειρασθήσονται,
2846 712 2894 765 οἱ
2921 711 2978 764 δὲ
3000 710 3094 764 τοῦ
3119 709 3293 776 δεξιοῦ
3327 712 3607 783 τάγματος
3630 711 3759 764 ἀπο-

2173 803 2446 875 λείψονται
2473 804 2630 870 δόξαν
2669 804 2764 857 xui.
2790 803 2956 875 τιμὴν
2989 804 3083 857 xui.
3113 803 3437 876 ἀφθαρσίαν,
3467 802 3756 875 ζητοῦντες

2173 893 2318 966 ζωὴν
2367 895 2606 952 αἰώνιον.
2660 897 2735 949 Ού
2773 897 2877 969 μὴν
2911 895 3044 950 ἀλλά
3093 898 3187 950 xui
3231 897 3372 951 κατὰ
3413 897 3504 950 τὸν
3545 895 3755 950 ἑστῶτα

2175 987 2384 1060 καιρὸν,
2412 990 2459 1041 oi
2509 988 2607 1058 μὲν
2639 989 2838 1043 δίκαιοι
2869 989 2968 1060 τῆς
2997 989 3178 1043 ἐνθέου
3210 989 3418 1061 τροφῆς
3457 987 3752 1040 ἀπολαύον-

2172 1097 2263 1144 τες
2292 1080 2793 1153 χορτασθήσονται·
2834 1084 2881 1135 οἱ
2922 1083 2979 1135 δὲ
3008 1081 3320 1154 ἁμαρτωλοὶ
3356 1080 3498 1152 λιμῷ
3533 1081 3627 1133 xui
3667 1082 3753 1134 ὲν-

2170 1170 2287 1242 δείᾳ
2316 1171 2538 1243 λογικῆς
2577 1174 2783 1244 τροφῆς
2829 1173 3175 1228 ἀπολοῦνται.
3211 1173 3307 1236 Τίς
3348 1173 3404 1226 δὲ
3453 1171 3752 1243 ὀφθαλμοῖς

2172 1263 2503 1335 παραλαϐὼν
2534 1266 2659 1328 τοὺς
2689 1264 2812 1318 καθ’
2842 1266 2987 1336 ἡμᾶς
3011 1266 3228 1330 ἀσεϐεῖς
3261 1265 3473 1335 πλούτῳ
3509 1266 3602 1318 καὶ
3627 1265 3752 1339 δόξῃ

2173 1356 2266 1410 xui
2299 1354 2572 1427 ἀξιώμασι
2605 1356 3041 1429 θαυμασθέντας,
3079 1359 3328 1431 μεγάλων
3358 1376 3415 1411 τε
3448 1357 3616 1412 ἐθνῶν
3651 1357 3752 1430 ἄρ·-

2172 1448 2386 1515 ξαντας.
2419 1449 2630 1521 ἀθρόως
2675 1452 3007 1516 ἐκπεσόντας
3047 1452 3142 1505 τοῦ
3189 1451 3499 1523 ὑψώματος,
3543 1451 3642 1504 οὐκ
3686 1449 3752 1504 ἂν

2169 1542 2555 1613 ὁμολογήσειεν
2601 1544 2774 1616 ἀληθῆ
2814 1546 3103 1615 τυγχάνειν
3140 1544 3200 1598 τὸ
3230 1545 3406 1616 φῆσαν
3441 1544 3650 1612 λόγιον·
3688 1546 3752 1596 οι

2169 1633 2222 1686 δ’
2263 1635 2463 1702 ἐχθροὶ
2505 1635 2612 1688 τοῦ
2653 1637 2799 1690 Θεοῦ
2839 1637 2958 1708 ἅμα
3003 1635 3082 1702 τῷ
3127 1635 3496 1704 δοξασθῆναι
3529 1635 3753 1702 αὐτοὺς

2169 1725 2269 1779 καὶ
2289 1724 2616 1795 ἐπαρθῆναι
2643 1729 2994 1793 ἐκλιπόντες
3024 1728 3164 1781 ὡσεὶ
3195 1727 3423 1793 καπνὸς
3446 1726 3748 1790 ἐξέλιπον.

2171 1820 2393 1883 Καπνὸς
2419 1820 2476 1872 δὲ
2521 1821 2692 1892 πυρὸς
2723 1821 3042 1884 σϐεσθέντος
3072 1823 3295 1891 σημεῖον
3319 1836 3331 1848 ·
3375 1819 3456 1872 διὸ
3497 1820 3592 1873 καὶ
3636 1819 3755 1873 τού-

485 1889 688 1970 deinde
707 1889 961 1970 exstincti
986 1889 1412 1977 sunt,isimiliter
1443 1914 1498 1967 in
1530 1889 1835 1984 exemplum
1859 1913 2062 1968 haben:

2169 1929 2292 1976 τους
2319 1913 2495 1986 καιρῷ
2523 1912 2822 1982 φλέξαντας
2853 1915 3023 1984 πυρὸς
3055 1913 3232 1985 δίκην.
3261 1913 3494 1968 κᾶπειτα
3525 1913 3756 1966 ἀποσϐε-

485 2011 599 2060 ιιιτ.

559 2097 724 2154 Vsus.
761 2098 851 2163 2|,
875 2098 964 2152 Ἡ.
1009 2096 1290 2152 Mutuatur
1333 2108 1592 2166 peccator,
1627 2109 1675 2152 et
1720 2115 1822 2152 non
1850 2098 2012 2153 solvet
2043 2115 2062 2152 :

485 2198 660 2244 iustus
712 2200 889 2245 autem
942 2193 1220 2245 miseretur
1247 2201 1295 2246 et
1350 2193 1560 2248 tribuet.
1618 2190 1712 2246 Ille
1751 2207 1876 2246 cum
1927 2191 2063 2246 nihil

485 2282 816 2351 possideret,
849 2283 1162 2353 multosque
1185 2298 1215 2336 a
1242 2283 1363 2337 viro
1387 2284 1539 2352 justo
1572 2283 1732 2338 utiles
1761 2283 2062 2338 salutares-

484 2389 592 2444 que
619 2390 902 2430 sermones
933 2383 1126 2429 mutuo
1158 2377 1448 2444 acciperet,
1483 2383 1575 2428 aut
1599 2391 1629 2429 a
1655 2374 1762 2429 Deo
1780 2374 2062 2430 beneﬁciis

483 2477 796 2531 ornaretur,
822 2466 1066 2520 debitum
1090 2483 1199 2520 non
1227 2467 1408 2522 solvit.
1440 2465 1576 2519 Nam
1602 2465 1872 2536 adjutum,
1898 2481 2064 2537 opor-

482 2558 589 2611 tuit
637 2572 804 2626 opera
851 2571 917 2611 ac
964 2564 1117 2628 gesta
1157 2557 1400 2625 acceptis
1447 2556 1610 2626 digna
1668 2556 1946 2611 exhibere.
1992 2556 2062 2610 At

483 2649 576 2704 ille
605 2664 715 2702 non
747 2649 930 2712 solvit,
966 2631 1262 2718 manetque
1281 2647 1510 2716 justitia:
1538 2649 1793 2718 operibus
1831 2663 2057 2703 vacuus.

483 2739 673 2796 Justus
705 2755 834 2796 vero
865 2740 1072 2795 divitiis
1098 2755 1218 2810 qua:
1268 2738 1569 2794 secundum
1616 2737 1782 2792 Deum
1814 2747 1942 2793 sunt
1975 2739 2055 2793 af-

483 2832 682 2897 ﬂuens,
721 2831 1015 2888 miseretur
1051 2843 1105 2887 et
1156 2831 1348 2886 tribuit
1395 2831 1698 2900 egentibus.
1755 2828 1860 2886 Sed
1898 2831 2061 2886 etiam

482 2922 578 2992 qui
621 2921 774 2992 justo
804 2921 1155 2987 benedicunt,
1203 2921 1323 2990 ejus
1371 2919 1684 2974 coheredes
1714 2929 1893 2976 erunt.
1927 2918 2060 2974 Eam

481 3015 629 3067 enim
656 3014 831 3082 ipsam
861 3027 1154 3082 supernam
1187 3010 1579 3075 hzereditatem,
1615 3011 1904 3080 quaajusto
1932 3025 2060 3080 pro-

483 3105 655 3160 missa
681 3104 807 3169 fuit,
841 3103 1294 3167 benedicentibus
1315 3103 1524 3172 justum
1555 3101 1716 3156 etiam
1749 3103 2056 3173 pollicetur.

483 3200 616 3265 Quae
643 3205 953 3254 consonant
981 3197 1208 3251 oraculo
1251 3195 1523 3250 Abraham
1562 3197 1832 3265 spectanti
1881 3211 1946 3250 ac
1973 3195 2059 3250 di-
2087 3228 2129 3284 Ο

482 3288 627 3344 centi
657 3307 668 3341 :
702 3287 771 3341 Et
802 3287 1103 3342 benedicam
1137 3286 1492 3341 benedicentes
1522 3293 1569 3338 te
1591 3285 1656 3340 ".
1687 3283 1821 3339 Illud
1855 3296 2058 3354 autem,

483 3379 862 3434 Maledicentes
913 3389 1089 3434 autem
1138 3379 1187 3433 ei
1233 3377 1585 3448 disperibunt,
1629 3378 1784 3432 aliine
1821 3386 1906 3434 est
1935 3379 2062 3436 huic

484 3467 552 3523 ad
582 3469 955 3522 Abrahamum
1006 3469 1173 3534 dicto,
1210 3479 1259 3524 et
1290 3467 1720 3522 maledicentibus
1751 3469 1844 3523 tibi
1889 3471 2059 3525 male-

480 3561 742 3615 dicam".
778 3559 1243 3626 Quemadmodum
1270 3560 1416 3615 enim
1447 3561 1540 3633 qui
1575 3562 1807 3634 lapidem
1837 3577 2058 3618 sursum

479 3654 632 3722 jacit,
679 3651 760 3708 sic
806 3652 900 3722 qui
949 3651 1254 3709 maledictis
1281 3653 1492 3724 justum
1527 3656 1756 3726 impetit,
1791 3656 1918 3726 quia
1949 3672 2059 3711 non

482 3751 664 3814 potest
714 3744 866 3813 justo
905 3743 1259 3799 maledictum
1306 3745 1536 3812 haerere,
1587 3754 1852 3802 retortum
1900 3747 1957 3801 in
2001 3761 2060 3802 se

481 3834 783 3890 maledicus
821 3835 1080 3905 excipiet.

549 4090 718 4148 Vens.
766 4093 858 4160 23,
895 4093 986 4148 24.
1025 4094 1173 4164 Apud
1240 4093 1526 4150 Dominum
1556 4113 1778 4168 gressus
1828 4097 2056 4153 hominis

477 4183 793 4254 dirigentur.
824 4185 1030 4240 Praeter
1061 4201 1228 4255 supra
1263 4196 1582 4252 memorata,
1618 4190 1732 4243 haec
1764 4193 1927 4246 etiam
1959 4192 2057 4245 ho-

480 4276 614 4329 mini
643 4273 739 4330 Dei
776 4276 1016 4332 adsunt:
1050 4279 1170 4333 vias
1198 4279 1318 4349 ejus
1347 4278 1490 4335 Deus
1525 4283 1855 4352 complanat,
1895 4284 1969 4339 ita
1998 4294 2058 4340 ut

478 4369 591 4426 vita
640 4371 760 4441 ejus
812 4370 1048 4427 feliciter
1088 4373 1337 4428 elabatur
1367 4393 1379 4428 :
1415 4389 1478 4428 ac
1527 4376 1645 4430 sine
1676 4377 1787 4431 ullo
1824 4378 1979 4433 obice
2010 4381 2056 4434 is

477 4462 734 4532 religiose
770 4465 901 4534 agit,
954 4479 983 4518 a
1018 4467 1345 4536 nemineque
1386 4468 1792 4538 supplantatur,
1825 4481 2053 4542 propter

2167 2003 2408 2069 σθέντας,
2437 2005 2634 2076 ὁμοίως
2663 2007 2718 2058 ὲν
2742 2005 2820 2077 τῷ
2851 2005 3251 2078 παραδείγματι
3277 2004 3374 2076 (1).

2234 2096 2560 2156 Δανείζεται
2588 2100 2620 2150 ό
2669 2098 3038 2166 ἁμαρτωλὸς.
3085 2097 3184 2151 καὶ
3230 2100 3343 2151 οὐκ
3379 2097 3680 2152 ἀποτίσειο
3716 2099 3754 2152 ὁ

2163 2185 2231 2238 δὲ
2262 2185 2492 2252 δίκαιος
2525 2188 2792 2254 οἱκτείρει
2831 2187 2928 2258 καὶ
2974 2186 3145 2240 διδοῖ.
3180 2188 3361 2258 Μηδὲν
3394 2189 3749 2260 κεκτημένος,

2164 2278 2311 2352 παρά
2343 2278 2438 2330 τοῦ
2473 2278 2677 2331 δικαίου
2708 2279 2966 2342 πολλάκις
2994 2278 3373 2351 δανειζόμενος
3397 2280 3589 2348 λόγους
3612 2281 3752 2350 ώφε-

2162 2371 2353 2442 λίμους
2396 2371 2490 2424 καὶ
2535 2370 2856 2444 σωτηρίους,
2893 2371 2926 2442 ἢ
2963 2371 3114 2444 παρά
3143 2371 3239 2426 τοῦ
3267 2373 3402 2426 Θεοῦ
3431 2372 3752 2442 εὐεργεσίας

2163 2464 2466 2534 τυγχάνων,
2513 2465 2613 2516 ούκ
2661 2464 2977 2518 ἀποτίννυσι
3018 2465 3116 2536 τὴν
3165 2466 3406 2537 όφειλήν.
3455 2466 3580 2519 Δέον
3640 2465 3752 2538 γὰρ

2162 2553 2696 2626 ώφεληθέντα,έργα
2737 2555 2831 2608 καὶ
2877 2555 3106 2628 πράξεις
3138 2559 3439 2628 παρασχεῖν
3481 2557 3636 2623 ἀξίας
3674 2549 3751 2610 ὧν

2161 2646 2406 2715 εἴληφεν.
2451 2647 2507 2699 Ὁ
2542 2645 2599 2699 δὲ
2627 2646 2727 2699 οῦκ
2773 2647 3144 2711 ἀποτίννυσιν,
3191 2649 3345 2718 μένει
3388 2647 3446 2700 δὲ
3497 2648 3750 2720 ἄκαρπος

2159 2737 2270 2790 τῶν
2301 2739 2401 2810 τῆς
2430 2737 2778 2810 δικαιοσύνης
2817 2738 3012 2810 ἔργων.
3063 2740 3121 2793 Ὀ
3153 2739 3208 2792 δὲ
3244 2740 3471 2804 δίκαιος,
3503 2740 3750 2795 πλουτῶν

2161 2832 2220 2884 ὲν
2246 2830 2324 2901 τῷ
2362 2831 2502 2884 κατά
2532 2830 2664 2884 Θεὸν
2694 2831 2928 2904 πλούτῳ,
2962 2832 3223 2904 οίκτείρει
3257 2833 3351 2886 καὶ
3378 2833 3607 2904 παρέχει
3632 2834 3748 2896 τοῖς

2160 2921 2454 2994 δεομένοις.
2501 2922 2658 2975 Ἀλλά
2683 2925 2778 2977 xui.
2813 2925 2863 2977 οἱ
2888 2924 2978 2977 τὸν
3010 2924 3216 2978 δίκαιον
3241 2923 3587 2993 εὐλογοῦντες
3617 2939 3748 2993 συγ-

2162 3012 2487 3084 κληρονόμοι
2517 3012 2683 3066 αὑτοῦ
2725 3014 3065 3085 γενήσονται.
3105 3015 3208 3066 Ἢν
3238 3013 3346 3083 γάρ
3384 3012 3747 3085 ἐπηγγείλατο

2161 3105 2440 3178 ἀνωτέραν
2471 3108 2581 3169 τοῖς
2611 3105 2839 3169 δικαίοις
2865 3105 3229 3177 κληρονομίαν
3271 3109 3296 3160 ὁ
3329 3105 3502 3175 λόγος,
3543 3107 3745 3180 ταύτην

2161 3196 2330 3267 αὐτὴν
2375 3185 2484 3249 καὶ¹
2517 3198 2629 3260 τοῖς
2675 3195 2958 3264 εύλογοῦσι
3001 3197 3092 3250 τὸν
3137 3198 3344 3251 δίκαιον
3381 3199 3744 3269 ὑπισχνεῖται,

2164 3287 2474 3353 ἀκολούθως
2505 3287 2582 3360 τῷ
2621 3289 2758 3360 πρὸς
2789 3289 2882 3343 τὸν
2923 3289 3174 3361 Ἀϐραὰμ
3206 3291 3438 3363 χρησμῷ
3477 3294 3739 3363 φήσαντι·

2162 3381 2272 3436 Καὶ
2305 3380 2619 3451 εὐλογήσω
2651 3381 2795 3448 τοὺς
2835 3383 3244 3452 εὐλογοῦντάς
3289 3399 3381 3436 σε.
3417 3384 3488 3436 Τὸ
3521 3385 3598 3450 δὲ,
3632 3385 3744 3440 Καὶ

2162 3474 2218 3525 οἱ
2256 3471 2654 3542 καταρώμενοι
2686 3472 2874 3528 αὐτὸν
2901 3473 2970 3537 ἐξ
2975 3473 3535 3542 ολοθρευθήσονται,
3561 3477 3745 3546 ὅμοιον

2162 3561 2229 3616 ἂν
2263 3562 2349 3632 εἴη
2392 3561 2466 3632 τῷ
2495 3562 2809 3633 λελεγμένῳ
2839 3563 2976 3634 πρὸς
3007 3563 3096 3616 τὸν
3139 3563 3386 3635 Ἀϐραάμ
3408 3581 3420 3592 ·
3466 3564 3577 3620 Καὶ
3605 3564 3744 3632 τοὺς

2161 3651 2612 3721 καταρωμένους
2636 3668 2710 3706 σε
2734 3651 3162 3724 καταράσομαι.
3192 3655 3402 3727 Ὥσπερ
3429 3653 3536 3728 γὰρ
3567 3658 3595 3709 ό
3625 3655 3744 3726 βάλ-

2161 3741 2268 3796 λων
2305 3741 2451 3795 λίθον
2490 3745 2569 3807 είς
2605 3743 2736 3813 ὕψος
2766 3744 2858 3796 ἐπὶ
2889 3747 2986 3816 τὴν
3026 3745 3266 3817 κεφαλὴν
3310 3747 3504 3800 ἑαυτοῦ
3537 3747 3741 3818 βάλλει,

2159 3833 2331 3897 οὕτως
2368 3836 2396 3888 ὁ
2427 3834 2697 3905 κατάραις
2721 3835 2935 3906 βάλλων
2960 3837 3051 3889 τὸν
3077 3836 3306 3902 δίκαιον,
3336 3837 3423 3892 διά
3448 3838 3510 3892 τὸ
3540 3839 3615 3912 μὴ
3648 3840 3742 3894 δύ-

2160 3926 2356 3980 νασθαι
2385 3927 2629 3999 κατάραν
2657 3927 2907 3981 ἵστασθαι
2929 3930 3050 3982 κατ’
3075 3928 3263 3994 αὐτοῦ,
3285 3931 3742 4003 ἀντιστρέφουσαν

2158 4018 2328 4090 αὐτὴν
2357 4019 2436 4083 είς
2457 4019 2647 4072 ἑαυτὸν
2679 4019 2930 4090 λήψεται.

2228 4108 2393 4176 Παρὰ
2420 4109 2643 4177 Κυρίου
2688 4109 2760 4162 τὰ
2808 4109 3138 4181 διαϐήματα
3186 4111 3499 4181 ἀνθρώπου
3539 4130 3744 4168 κατευ-

2159 4202 2416 4256 θύνεται.
2457 4201 2601 4273 Πρὸς
2647 4206 2760 4268 τοῖς
2805 4205 3116 4276 εἰρημένοις
3160 4207 3253 4260 xui.
3294 4205 3464 4259 ταῦτα
3507 4207 3740 4280 ὑπάρχει

2155 4293 2234 4364 τῷ
2259 4294 2354 4346 τοῦ
2387 4294 2520 4348 Θεοῦ
2565 4294 2837 4366 ἀνθρώπῳ
2858 4313 2869 4325 ·
2906 4297 3004 4360 τάς
3043 4299 3194 4362 ὀδοὺς
3222 4298 3387 4352 αὐτοῦ
3433 4299 3740 4370 έξομαλίξει

2156 4387 2184 4438 ὁ
2216 4385 2366 4448 Θεὸς,
2397 4384 2537 4438 ὥστε
2587 4387 2796 4457 εύροείν
2830 4388 2996 4441 αὑτοῦ
3027 4389 3119 4441 τὸν
3149 4389 3283 4459 βίον,
3325 4391 3420 4444 καὶ
3451 4393 3740 4462 ἀπαραπο-

2154 4475 2348 4538 δίστως
2399 4475 2692 4544 θεοσεϐεῖν,
2739 4479 2970 4549 μηδενὸς
3025 4481 3469 4546 ὑποσκελίζοντος
3516 4481 3604 4536 aut
3649 4481 3740 4534 τὸν

476 4572 601 4612 cum
627 4559 719 4628 qui
743 4574 966 4630 gressus
989 4560 1110 4629 ejus
1133 4560 1341 4632 dirigit,
1372 4571 1421 4615 et
1445 4564 1583 4616 riam
1612 4567 1724 4633 ejus
1749 4566 1900 4634 volet,
1925 4569 2052 4638 quia

2164 4565 2560 4620 κατευθύνοντα
2606 4569 2769 4623 αὐτοῦ
2819 4570 2887 4624 τὰ
2925 4571 3257 4644 διαϐήματα,
3304 4574 3402 4627 καὶ
3443 4573 3558 4639 τὴν
3596 4571 3739 4627 ὀδόν

477 4650 626 4706 tllam
657 4651 1053 4722 approbatione
1081 4653 1302 4724 dignam
1335 4663 1489 4724 parat
1516 4673 1530 4720 ;
1567 4657 1638 4708 ita
1667 4664 1727 4711 ut
1755 4657 1876 4713 ideo
1903 4659 2053 4714 dica-

476 4749 587 4809 tur,
607 4753 664 4796 et
694 4743 829 4796 riam
857 4744 973 4814 ejus
1001 4745 1155 4800 uolet.
1182 4743 1315 4800 Cum
1343 4747 1587 4802 ceciderit
1610 4766 1714 4803 non
1741 4751 2050 4819 .collidetur,

475 4835 600 4906 quia
653 4834 910 4891 Dominus
954 4840 1196 4908 supponit
1236 4856 1452 4893 manum
1496 4857 1670 4898 suam.
1725 4841 1782 4897 Si
1835 4847 2054 4916 quando

474 4927 759 4998 contingat
793 4944 916 4983 eum
947 4930 1056 4984 labi
1092 4940 1146 4985 et
1175 4931 1229 4986 in
1262 4933 1565 4988 tentatione
1590 4935 1807 5002 cadere,
1834 4953 1904 4992 ac
1952 4939 2055 4993 im-

474 5018 785 5089 pingeutem
815 5020 870 5074 in
906 5031 1191 5092 peccatum
1217 5023 1514 5095 quodpiam
1543 5043 1720 5092 ruere,
1755 5045 1865 5084 non
1897 5031 2053 5086 colli-

476 5109 636 5165 detur
684 5119 906 5181 tamen;
938 5115 1032 5170 sed
1067 5124 1127 5169 ut
1165 5131 1468 5187 generosus
1507 5119 1730 5186 athleta,
1777 5139 1904 5177 cum
1939 5124 2050 5178 vim

477 5216 772 5272 perpessus
803 5205 1144 5277 aliquantum
1174 5211 1426 5277 cesserit,
1468 5213 1757 5270 confestim
1805 5231 1926 5272 sese
1964 5233 2052 5273 re-

475 5291 660 5366 cipiet.

546 5467 714 5526 Vnus.
744 5470 836 5535 25,
872 5471 965 5527 26.
1019 5472 1214 5528 Iunior
1255 5475 1356 5540 fui,
1403 5478 1594 5530 etenim
1641 5480 1809 5544 senui,
1859 5490 1907 5535 et
1946 5498 2048 5536 non

474 5562 580 5615 vidi
608 5563 818 5632 justum
846 5565 1174 5633 derelictum,
1207 5585 1298 5624 nec
1325 5586 1497 5626 semen
1529 5571 1646 5642 ejus
1675 5589 1913 5644 querens
1952 5591 2050 5646 pa-

545 5719 587 5751 "
628 5716 763 5775 Gen.
797 5737 898 5790 xu,
935 5723 989 5780 '5.
1065 5725 1110 5756 τ’
1151 5726 1283 5783 ibid.

437 5947 450 5961 ο
545 5864 620 5936 (1)
659 5863 864 5928 Tenus
889 5867 1119 5928 deiicere
1147 5875 1377 5931 videtur.

2160 4657 2347 4712 αὑτοῦ
2377 4659 2623 4726 θελήσει
2643 4701 2657 4724 ,
2688 4662 2958 4732 ἀποδοχῆς
2987 4663 3142 4728 ἀξίαν
3176 4661 3459 4716 ποιοῦντα·
3493 4663 3632 4716 ὥστε
3655 4663 3740 4716 λέ-

2161 4749 2374 4819 γεσθαι,
2407 4753 2515 4805 Καὶ
2550 4751 2664 4820 τὴν
2687 4753 2830 4806 ὀδόν
2858 4753 3045 4807 αὑτοῦ
3083 4753 3344 4822 θελήσει.
3383 4756 3558 4808 Ὅταν
3579 4754 3737 4824 πέσῃ

2159 4845 2232 4897 οὐ
2288 4844 2875 4914 καταρραχθήσεται,
2937 4845 3022 4900 ὅτι
3054 4847 3272 4914 Κύριος
3345 4845 3739 4916 ἀντιστηριζει

2163 4932 2332 5002 χεῖρα
2371 4936 2578 4989 αὐτοῦ.
2607 4937 2669 4989 Et
2712 4935 2768 4989 δὲ
2814 4936 2907 4990 καὶ
2957 4939 3144 4989 πεσεῖν
3173 4937 3331 4990 αὐτόν
3362 4954 3492 4991 ποτε
3521 4936 3739 5008 ὀλισθή-

2163 5039 2332 5076 σαντα
2380 5027 2581 5098 συμϐῇ,
2627 5028 2721 5080 καὶ
2757 5029 2814 5080 ὲν
2869 5028 3157 5100 πειρασμῷ
3205 5029 3494 5100 γενόμενος
3527 5029 3742 5101 ὀλισθή-

2163 5134 2324 5184 σειεν,
2370 5119 2606 5183 ὀκλάσας
2636 5138 2696 5173 τε
2748 5122 3012 5175 ὑποπέσοι
3051 5122 3156 5175 τινὶ
3208 5123 3582 5194 ἁμαρτήματι,
3624 5121 3738 5175 ἀλλ’

2159 5209 2220 5262 οὐ
2257 5211 2771 5282 καταρραχθήσεται
2795 5229 2807 5242 ⁸
2858 5209 2946 5266 οἷα
2990 5213 3047 5267 δὲ
3078 5217 3323 5282 γενναῖος
3371 5214 3609 5284 ἀθλητὴς
3643 5215 3737 5266 ὲκ-

2161 5300 2402 5365 ϐιασθεὶς
2442 5303 2535 5356 καὶ
2566 5303 2700 5374 πρὸς
2727 5303 2904 5372 ὀλίγον
2935 5303 3138 5368 ἐνδοὺς,
3174 5304 3517 5376 παραχρῆμα
3546 5303 3737 5356 ἑαυτὸν

2159 5394 2510 5465 ἀναλήψεται.

2229 5485 2524 5554 Νεώτερος
2581 5489 2897 5559 ἐγενόμην,
2961 5489 3058 5543 καὶ
3116 5488 3225 5559 γὰρ
3277 5487 3566 5560 ἐγήρασα,
3636 5485 3735 5538 καὶ

2159 5579 2270 5634 οὐκ
2293 5575 2456 5634 εἶδον
2484 5579 2717 5635 δίκαιον
2765 5579 3414 5652 ἐγκαταλελειμμένον,
3470 5577 3612 5636 οὐδὲ
3670 5579 3735 5630 τὸ
