4138 6386
331 443 424 496 333

1450 437 1950 499 COMMENTARIA
1993 444 2060 500 IN
2099 437 2437 502 PSALMOS.
3477 440 3582 502 33$

334 561 558 628 σπέρμα
589 559 1016 629 αὐτουξήῖοὗν
1070 563 1310 632 ἄρτους.
1379 564 1516 617 Ἀλλ’
1581 569 1644 620 ἐκ
1701 567 1891 620 παίδωη

2005 563 2128 623 nes.
2157 569 2200 622 Α
2228 583 2437 638 puero,
2481 566 2690 638 inquit,
2744 567 2812 622 ad
2866 573 3202 624 senectutem
3231 581 3405 639 usque
3445 568 3585 638 justi

332 654 479 725 μέχρι
547 653 735 724 γήρως
800 654 894 707 τὸν
961 654 1057 708 τοῦ
1118 655 1325 710 δικαίου
1392 660 1898 731 περιεργασάμενος

335 745 454 814 βίον.
490 744 612 798 Ὅτι
640 743 759 798 οὐδὲ
786 739 866 808 εἷς
901 746 1090 814 γέγονε
1116 747 1305 818 καιρὸς
1337 747 1459 801 καθ’
1483 749 1541 801 ὃν
1574 749 1776 822 ἕρημος
1803 770 1899 805 κα-

333 836 666 890 ταλέλειπται
709 839 737 890 ὁ
785 835 1011 900 δίκαιος,
1043 838 1129 890 ἀεὶ
1178 839 1234 891 δὲ
1267 839 1534 910 πάρεδρον
1581 842 1670 897 καὶ
1706 842 1898 915 βοηθὸν

333 929 582 999 κέκτηται
626 928 718 980 τὸν
748 927 942 980 ἑαυτοῦ
982 929 1203 998 Κύριον.
1237 929 1326 982 Διό
1360 947 1551 1000 φησιν·
1603 932 1898 1001 Νεώτερος

330 1021 626 1090 ἐγενόμην,
660 1019 693 1090 ἦ
739 1020 878 1073 κατὰ.
918 1021 1008 1074 τὸν
1041 1021 1356 1093 Σύμμαχον,
1404 1023 1542 1088 νέος
1583 1024 1894 1094 ἐγενόμην,

328 1114 471 1169 ἀλλὰ
519 1113 616 1166 καί
647 1111 935 1182 ἐγήρασε),
972 1113 1069 1166 καὶ
1099 1117 1210 1167 οὐκ
1250 1111 1414 1168 εἶδον
1454 1115 1688 1168 δίκαιον
1726 1117 1898 1186 ἐγκω

329 1205 800 1275 ταλελειμμένον,
849 1205 992 1259 οὐδὲ
1043 1207 1109 1259 τὸ
1164 1209 1404 1277 σπέρμα
1450 1209 1636 1264 αὐτοῦ
1685 1208 1897 1277 ζὴτοῦν

327 1299 551 1366 ἄρτους.
587 1299 694 1350 Καὶ
724 1296 840 1360 πῶς
879 1297 988 1368 γὰρ
1017 1292 1128 1351 οἶόν
1159 1317 1216 1352 τε
1249 1296 1316 1370 ἦν
1347 1300 1406 1353 τὸ
1452 1302 1672 1373 σπέρμα
1700 1302 1793 1355 τοῦ
1820 1304 1898 1357 δι-

329 1389 468 1442 καίου
519 1389 698 1452 ἐνδεὲς
741 1389 922 1457 ἄρτων
971 1389 1242 1456 γενέσθαι,
1278 1391 1440 1444 ὁπότε
1486 1392 1647 1453 αὐτὸς
1691 1392 1776 1446 διὰ
1807 1393 1896 1446 τὶν

328 1483 464 1553 παρὰ
510 1481 604 1535 τοῦ
654 1481 788 1535 Θεοῦ
839 1483 1243 1554 χορηγούμενον
1295 1484 1442 1555 αὐτῷ
1470 1485 1697 1538 πλοῦτον
1741 1486 1896 1552 ὅλην

327 1576 428 1644 τὴν
467 1575 695 1646 ἡμέραν
734 1576 897 1630 ἐλεεῖ
928 1577 1024 1630 καὶ
1059 1575 1346 1640 δανείζει;
1380 1579 1614 1650 Νοήσεις
1656 1579 1712 1632 δὲ
1738 1579 1896 1632 τοῦτο

326 1673 452 1722 κατὰ
501 1669 601 1740 μὲν
628 1668 726 1740 τὴν
757 1669 996 1722 διάνοιαν
1050 1669 1258 1741 μαθὼν,
1293 1671 1397 1733 ὅτι,
1439 1670 1674 1724 τάλαντα
1714 1671 1893 1724 λαϐὼν

325 1761 463 1831 παρὰ
494 1761 588 1815 τοῦ
623 1762 1001 1816 οἰκοδεσπότου
1041 1763 1134 1816 καὶ
1180 1763 1279 1834 τὴν
1315 1765 1451 1833 μνᾶν
1485 1764 1584 1836 τὴν
1619 1764 1766 1836 παρὰ
1798 1765 1892 1818 τοῦ

325 1855 538 1926 Κυρίου,
582 1859 648 1927 τῇ
694 1857 898 1910 τούτων
945 1857 1142 1930 χρῆται
1185 1859 1541 1930 πραγματείᾳ
1581 1858 1893 1932 πειθαρχῶν

324 1946 392 2016 τῷ
417 1949 645 2016 φήσαντι
665 1965 678 1978 ο
713 1948 868 2002 Ἔδει
900 1964 973 2002 σε
1001 1949 1067 2002 τὸ
1100 1950 1384 2018 ἀργύριόν
1415 1969 1535 2018 μου
1557 1952 1777 2016 ,βαλεῖν
1808 1955 1894 2018 είς

323 2038 618 2106 τράπεζαν.
671 2039 748 2095 Τὰ
795 2043 968 2111 λόγια
1009 2043 1230 2110 Καρίου
1267 2045 1446 2113 λόγια
1491 2044 1662 2113 ἁγνὰ,
1712 2045 1894 2114 ἀργύ-

323 2149 440 2197 ριον
489 2132 942 2202 πεπυρωμένον,
991 2133 1265 2203 δοκίμιον
1308 2135 1383 2202 τῇ
1436 2134 1534 2204 τῇ.
1590 2137 1647 2188 Ὀ
1715 2137 1894 2190 τοίνυν

322 2225 665 2297 ἀνακείμενος
697 2230 762 2297 τῇ
794 2227 902 2280 τῶν
931 2227 1091 2285 θείων
1123 2229 1353 2300 ἀσκήσει
1379 2229 1573 2298 λόγων,
1603 2223 1693 2284 καίι
1725 2231 1894 2285 πολλὰ

321 2318 496 2388 λογικὰ
525 2321 784 2391 χρήματα
814 2304 1156 2390 συναγαγὼν,
1183 2322 1334 2376 οὐδὲν
1367 2321 1554 2395 ἕτερον
1582 2319 1689 2377 οἶδε
1721 2327 1894 2397 πράτ-

321 2428 437 2474 τειν,
467 2411 497 2482 ἢ
531 2411 619 2464 διὰ
642 2411 821 2483 πάσης
852 2413 1064 2486 ἡμέρας
1106 2413 1276 2466 ἐλεεῖν
1304 2415 1398 2468 καὶ
1426 2415 1712 2480 δανείζειν.
1734 2416 1893 2470 Κατὰ

319 2505 369 2557 δὲ
409 2505 495 2557 τὸν
550 2504 803 2568 Ἀκύλαν,
839 2505 994 2573 ὅλην
1038 2505 1154 2572 τὴν
1201 2506 1432 2576 ἡμέραν
1478 2507 1744 2576 δωρεῖται
1793 2509 1892 2562 καὶ

319 2596 582 2656 δανείζει·
625 2601 739 2661 τοῖς
787 2599 883 2669 μὲν
924 2598 1197 2670 δωρεῖται,
1242 2601 1355 2662 τοῖς
1401 2599 1457 2652 δὲ
1498 2599 1768 2666 δανείζει·
1822 2601 1890 2655 τὰ

322 2689 410 2759 μὲν
432 2688 676 2761 δόγματα
716 2689 1048 2761 θεωρήματα
1086 2690 1338 2761 δωρεῖται
1363 2693 1482 2755 ταῖς
1515 2690 1623 2744 τῶν
1653 2692 1892 2764 χωρούν-

319 2797 417 2834 των
443 2783 668 2852 ψυχαῖς·
705 2782 774 2835 τὰ
813 2783 855 2835 δ’
886 2785 945 2836 ὲν
989 2783 1207 2852 ἠθικαῖς
1236 2783 1478 2846 ἐντολαῖς
1520 2783 1772 2848 δανείζει,
1799 2786 1891 2839 ἐπὶ

319 2873 389 2944 τῷ
429 2876 551 2938 τοὺς
590 2875 879 2945 εἰληφότας
910 2875 975 2928 δι’
1021 2874 1198 2947 ἔργων
1226 2875 1316 2928 τὸν
1349 2875 1559 2943 καρπὸν
1602 2877 1890 2930 ἀποδοῦναι

320 2965 403 3019 τοῦ
428 2967 637 3029 δάνους.
683 2963 871 3031 Οὕτως
898 2967 1102 3039 ἀκούσῃ
1130 2965 1225 3021 καὶ
1251 2965 1385 3022 Μωῦ
1397 2967 1531 3032 σέως
1560 2969 1892 3038 ἐπαγγελλο-

322 3059 466 3128 μένου
511 3059 626 3123 τοῖς
663 3059 770 3113 τῶν
814 3057 971 3113 θείων
1021 3060 1202 3131 νόμων
1247 3059 1500 3129 φύλαξιν·
1542 3059 1622 3124 τὸ,
1665 3061 1891 3127 Δανιεῖς

318 3149 504 3205 ἔθνεσι
551 3152 827 3218 πολλοῖς,
872 3151 952 3206 σὺ
986 3149 1054 3204 δὲ
1087 3155 1159 3206 οὐ
1193 3151 1401 3205 δανιεῖ.
1433 3154 1544 3206 Καὶ
1585 3153 1774 3206 τοῦτόν
1823 3170 1888 3221 γε

318 3244 398 3297 τὸν
434 3247 634 3317 τρόπον
667 3247 716 3298 οἱ
753 3244 884 3298 θεῖοι
922 3244 1209 3299 ἀπόστολοι
1248 3245 1517 3310 ὲδάνειζον
1547 3246 1724 3299 ἔθνεσι
1756 3247 1887 3300 πολ-
1915 3277 1958 3336 C

318 3337 434 3405 λοῖς,
464 3340 560 3393 καὶ
593 3338 828 3410 μάλιστὰ
853 3355 917 3407 γε
949 3341 976 3391 ὁ
1009 3338 1243 3401 Παῦλος*
1281 3339 1374 3392 καὶ
1403 3338 1490 3391 διὰ
1520 3338 1676 3392 τοῦτο
1710 3339 1760 3392 οἱ
1787 3357 1890 3408 μα-

318 3429 654 3502 θητευόμενοι
683 3431 884 3498 αὐτοῖς,
910 3431 1130 3503 σπέρμα
1149 3431 1301 3495 ὄντες
1321 3430 1521 3496 αὐτῶν,
1548 3430 1888 3485 οὐδεπώποτε

318 3520 500 3584 ἐνδεεῖς
527 3515 672 3592 ἦσαν
703 3523 882 3592 ἄρτων
906 3538 920 3553 ·
959 3521 1053 3574 ἅτε
1088 3520 1153 3592 δὴ
1192 3520 1406 3591 ἔχοντες
1435 3521 1563 3585 τοὺς
1590 3521 1890 3593 χορηγοῦν-

319 3629 404 3676 τας
441 3614 625 3676 αὺτοῖς
670 3612 768 3685 τὴν
815 3612 1040 3683 λογικὴν
1079 3611 1304 3684 τροφὴν,
1339 3607 1407 3683 ἧς
1449 3612 1891 3683 μεταλαμϐάνον·

315 3720 414 3770 τες,
464 3705 742 3774 εὐλογίαις
788 3705 1141 3777 ἐπληροῦντο.
1196 3705 1286 3757 Διὸ
1333 3705 1614 3759 λέλεκται·
1663 3706 1772 3760 Καὶ
1820 3705 1888 3760 τὸ

315 3797 537 3868 σπέρμα
574 3798 765 3853 αὑτοῦ
793 3800 882 3864 είς
916 3797 1204 3868 εὐλογίαν
1245 3797 1438 3851 ἔσται.
1468 3797 1580 3851 Kal.
1625 3798 1764 3852 κατὰ
1801 3798 1891 3868 ψι-

314 3887 401 3960 λὴν
429 3889 483 3943 δὲ
519 3891 621 3962 τὴν
649 3889 812 3954 λέξιν,
847 3889 1013 3953 εἴτις
1052 3889 1329 3959 λογίσαιτο
1365 3891 1515 3954 ὅπως
1558 3889 1773 3963 εἴρηται
1811 3890 1889 3962 τῷ

313 3980 510 4054 Σωτῆρι
547 3983 635 4044 τὸ,
665 3983 774 4036 Καὶ
809 3983 880 4036 ἐν
908 3981 987 4048 τῷ
1012 3981 1178 4036 αἰῶνι
1209 3983 1399 4048 τούτῳ
1444 3981 1890 4036 ἑκατονταπλα-

313 4074 476 4127 σίονα
500 4073 786 4143 λήψεται,
817 4074 998 4146 ἔργοις
1041 4091 1102 4127 τε
1147 4075 1331 4138 αὐτοῖς
1364 4074 1618 4130 θεάσαιτο
1650 4075 1886 4149 πληρού-

315 4181 460 4234 μενον
491 4167 586 4220 τὸν
633 4167 790 4236 λόγον
841 4166 930 4220 διὰ
977 4165 1086 4220 τῶν
1139 4167 1305 4221 αὐτοῦ
1373 4168 1650 4239 μαθητῶν,
1697 4169 1886 4239 ὄψεται

312 4255 419 4318 πῶς
439 4259 466 4310 ὁ
489 4258 703 4320 δίκαιος
727 4257 854 4328 ὅλην
887 4256 983 4329 τὴν
1009 4258 1221 4330 ἡμέραν
1245 4258 1387 4312 ὲλεεϊ
1413 4258 1506 4312 καὶ
1533 4258 1786 4324 δανείζει.
1823 4261 1886 4313 Et

309 4345 407 4418 γάρ
434 4348 659 4402 πάντων
687 4347 796 4401 τῶν
826 4347 1191 4403 πιστευόντων
1216 4344 1284 4418 ἦν
1312 4351 1344 4418 ἡ
1389 4347 1535 4420 ψυχὴ
1569 4349 1663 4404 καὶ
1690 4351 1722 4422 ἢ
1752 4367 1888 4421 καρο

308 4433 387 4490 δία
436 4438 554 4509 μία,
615 4438 710 4492 καὶ
753 4439 927 4503 οὐδεὶς
977 4438 1162 4508 ἔλεγεν
1208 4439 1338 4493 ἴδιόν
1376 4457 1428 4493 τι
1481 4441 1675 4494 ἑαυτοῦ
1723 4437 1883 4503 εἶναι.

307 4529 411 4583 ἀλλ’
444 4526 514 4603 ἦν
538 4533 722 4586 πάντα
762 4535 936 4594 κοινά,
963 4534 1076 4586 ὅσοι
1111 4549 1171 4587 τε
1202 4530 1344 4605 ἦσαν
1375 4533 1555 4606 κύριοι
1586 4535 1884 4606 κτημάτων

2000 661 2166 714 vitam
2195 659 2436 715 studiose
2462 659 2722 731 perpendi
2751 678 2763 716 :
2811 659 2960 714 nullo
2993 660 3196 730 quippe
3223 667 3467 730 tempore
3491 660 3583 729 ju-

2000 759 2122 806 stus
2148 751 2436 813 deseritur,
2467 752 2560 806 sed
2594 750 2883 805 Dominum
2934 765 3094 806 suum
3137 766 3354 822 semper
3397 763 3586 807 astan-

1999 851 2107 898 tem
2137 845 2630 914 opitulatoremque
2658 842 2843 899 habet.
2877 842 3058 910 Quare
3100 844 3209 909 ait,
3245 845 3434 913 junior
3471 845 3582 915 fui,

1998 936 2114 990 sive
2144 937 2446 991 secundum
2481 935 2889 1008 Symmachum,
2917 936 3126 1006 juvenis
3149 937 3248 1006 fui,
3277 937 3368 992 sed
3393 940 3582 1006 senui,

1995 1037 2171 1082 etnon
2204 1029 2308 1082 vidi
2331 1028 2541 1098 justum
2569 1027 2912 1092 derelictum,
2946 1044 3037 1080 nec
3081 1044 3255 1082 semen
3285 1029 3403 1098 ejus
3439 1045 3584 1100 qum-

1997 1133 2116 1172 rens
2144 1136 2326 1184 panes.
2361 1118 2426 1171 Et
2453 1117 2569 1188 qui,
2601 1133 2810 1188 quaeso,
2834 1126 3016 1187 potest
3041 1117 3176 1186 justi
3208 1134 3394 1173 semen
3423 1134 3584 1190 egere

1997 1213 2252 1284 panibus,
2286 1211 2507 1283 quando
2545 1211 2682 1281 ipse,
2737 1210 2847 1266 Deo
2891 1211 3112 1266 divitias
3156 1212 3260 1266 sibi
3314 1213 3584 1267 submini.

1996 1314 2226 1369 strante,
2263 1315 2374 1359 tota
2399 1302 2483 1358 die
2508 1303 2788 1358 miseretur
2816 1312 2866 1357 et
2896 1304 3241 1359 commodat?
3271 1303 3396 1358 Haec
3418 1319 3584 1374 porro

1996 1399 2269 1469 intelligas
2319 1413 2382 1450 ac
2416 1404 2598 1452 mente
2645 1395 2938 1466 percipias,
2974 1397 3019 1452 si
3052 1396 3345 1452 edidiceris
3402 1398 3583 1467 ipsum

1994 1506 2118 1544 cum
2143 1491 2344 1546 talenta
2373 1504 2402 1542 a
2428 1487 2838 1559 patrel‘amilias,
2869 1495 2923 1543 et
2956 1504 3137 1542 mnam
3169 1505 3200 1543 a
3234 1487 3465 1544 Domino
3492 1504 3586 1544 ac-

1994 1583 2257 1651 cepisset,
2292 1581 2359 1635 iis
2388 1581 2456 1635 ad
2491 1580 2920 1651 negotiationem
2957 1596 3118 1635 usum
3151 1596 3273 1636 esse
3294 1621 3308 1643 ,
3353 1581 3585 1635 Domino

1994 1673 2460 1744 obtemperantem
2504 1673 2578 1726 ita
2608 1672 2895 1743 loquenti:
2935 1673 3184 1742 Oportuit
3219 1682 3265 1727 te
3305 1675 3584 1743 pecuniam

1994 1782 2163 1820 meam
2179 1765 2373 1834 jecisse
2402 1764 2472 1816 ad
2501 1781 2736 1818 mensam
2760 1764 2826 1818 ".
2861 1763 3088 1835 Eloquia
3111 1764 3346 1830 Domini,
3376 1765 3584 1835 eloquia

1994 1868 2166 1919 casta,
2187 1866 2460 1928 argentum
2483 1856 2600 1924 igne
2629 1858 3014 1922 examinatum,
3039 1857 3320 1927 probatum
3342 1867 3496 1913 terra:
3513 1859 3580 1914 7".

1926 1928 1968 1986 Β
1997 1950 2260 2019 Quisquis
2291 1949 2459 2019 igitur
2479 1949 2650 2004 divini
2686 1951 2957 2004 sermonis
2981 1952 3246 2006 exercitio
3278 1953 3580 2018 incumbit,

1995 2042 2306 2110 multasque
2359 2038 2714 2094 rationabiles
2757 2038 2977 2096 divitias
3035 2042 3280 2112 colligit,
3339 2042 3385 2098 is
3439 2043 3579 2097 nihil

1996 2133 2143 2188 aliud
2175 2149 2337 2204 agere
2371 2133 2552 2196 novit,
2593 2147 2756 2204 quam
2787 2140 2847 2186 ut
2877 2140 2992 2187 tota
3018 2135 3107 2188 die
3155 2136 3484 2192 misereatur
3527 2144 3584 2192 et

1994 2225 2325 2280 commodet.
2356 2221 2668 2278 Secundum
2716 2222 2970 2294 Aquilam
3008 2241 3139 2280 vero
3164 2265 3179 2290 ,
3227 2236 3338 2281 tota
3369 2227 3453 2282 die
3485 2228 3582 2282 dat

1992 2327 2042 2371 et
2076 2315 2411 2371 commodat:
2439 2316 2563 2370 aliis
2601 2315 2822 2386 quidem
2877 2317 3010 2381 dat,
3061 2318 3182 2373 aliis
3215 2327 3397 2374 autem
3430 2335 3584 2374 com-

1993 2409 2217 2475 modat;
2250 2410 2504 2480 dogmata
2534 2408 2599 2462 ad
2650 2410 3079 2480 speculationem
3125 2410 3219 2466 dat
3249 2410 3319 2468 iis
3344 2426 3579 2484 quorum

1993 2515 2224 2570 capaces
2257 2501 2451 2554 animae
2482 2509 2639 2568 sunt;
2677 2502 2905 2556 moralia
2943 2511 3212 2574 praecepta
3241 2505 3576 2567 commodat.

1995 2605 2054 2648 ut
2087 2595 2180 2664 qui
2215 2594 2568 2664 acceperint,
2631 2602 2822 2649 mutuo
2861 2597 3072 2665 accepti
3129 2597 3367 2651 fructum
3400 2598 3584 2667 operis

1991 2687 2095 2744 bus
2123 2687 2374 2742 reddant.
2415 2687 2506 2742 Sic
2536 2689 2728 2742 audias
2762 2687 3001 2758 Moysem
3043 2688 3350 2742 divinarum
3399 2689 3580 2759 legum

1991 2781 2295 2836 cultoribus
2359 2780 2465 2835 hoc
2525 2781 2926 2850 pollicentem:
2977 2780 3288 2835 Faenerabis
3336 2779 3578 2850 gentibus

1993 2876 2196 2937 multis,
2230 2882 2279 2928 et
2311 2883 2367 2927 tu
2417 2892 2520 2928 non
2575 2875 2725 2944 fenus
2776 2876 2998 2944 accipies
3038 2876 3106 2928 ⁷⁸.
3173 2873 3239 2928 Ει
3286 2889 3352 2930 eo
3389 2876 3581 2944 utique

1991 2967 2154 3022 modo
2190 2966 2360 3020 divini
2396 2969 2631 3036 apostoli
2665 2969 3010 3023 {tenerabant
3043 2969 3300 3039 gentibus
3344 2970 3533 3024 multis
3560 3003 3578 3035 ,

1991 3059 2336 3129 maximeque
2369 3057 2572 3114 Paulus
2612 3077 2626 3114 :
2673 3075 2845 3130 quare
2892 3061 3151 3131 discipuli
3199 3075 3390 3116 eorum
3418 3101 3433 3125 ,
3478 3063 3574 3130 qul

1994 3167 2181 3208 semen
2220 3153 2462 3222 ipsorum
2506 3161 2685 3216 erant,
2717 3170 2999 3224 nunquam
3035 3155 3265 3224 egebant
3300 3155 3535 3225 panibus
3561 3197 3576 3219 ,

1993 3253 2180 3314 utpote
2207 3246 2408 3316 quibus
2432 3247 2690 3302 adessent
2710 3248 2804 3317 qui
2826 3247 3204 3302 rationabilem
3235 3249 3418 3302 cibum
3442 3260 3578 3318 sup--

1992 3335 2296 3406 peditarent
2326 3355 2339 3390 :
2378 3337 2536 3406 cujus
2572 3337 2870 3408 participes
2898 3353 3025 3392 cum
3079 3344 3299 3402 essent,
3355 3337 3579 3393 benedi-

1991 3429 2266 3485 ctionibus
2298 3430 2670 3499 replebantur.
2701 3428 3067 3496 Quamobrem
3098 3430 3304 3484 dictum
3339 3440 3456 3492 est,
3507 3428 3580 3482 Et

1991 3539 2164 3576 semen
2187 3522 2299 3591 ejus
2322 3523 2377 3576 in
2401 3521 2757 3576 benedictione
2793 3523 2915 3577 erit.
2967 3522 3025 3577 Si
3058 3522 3184 3592 quis
3217 3533 3347 3576 vero
3375 3537 3578 3576 secun-

1991 3614 2118 3669 dum
2159 3616 2360 3670 nudam
2409 3616 2697 3671 lectionem
2746 3630 2931 3671 secum
2980 3614 3314 3684 reputaverit
3343 3628 3449 3684 qua
3482 3629 3576 3666 ra-

1990 3707 2139 3761 tione
2179 3722 2210 3760 a
2239 3705 2521 3762 Salvatore
2554 3708 2762 3762 dictum
2795 3709 2899 3771 sit,
2939 3705 3004 3760 In
3044 3707 3140 3760 hoc
3166 3705 3362 3760 stet-uio
3395 3714 3577 3759 centu-

1988 3797 2136 3867 plum
2164 3799 2374 3866 recipiet
2402 3798 2470 3862 ⁷⁸,
2497 3813 2722 3868 remque
2772 3815 2936 3868 opere
2975 3814 3073 3869 per
3119 3797 3241 3867 ejus
3273 3798 3577 3867 discipulos

1990 3891 2396 3960 comprobatam
2451 3889 2690 3954 viderit,
2763 3891 2812 3945 is
2867 3905 3000 3946 sane
3049 3889 3419 3959 deprehendet
3466 3906 3578 3960 qun

1990 3991 2153 4050 pacto
2175 3980 2361 4050 justus
2388 3988 2502 4034 tota
2525 3980 2615 4034 die
2646 3981 2972 4035 misereatur
3003 3987 3058 4034 et
3085 3979 3416 4035 commodet.
3439 3979 3577 4034 Nam

1990 4073 2035 4128 si
2063 4072 2307 4127 omnium
2343 4071 2582 4127 ﬁdelium
2612 4087 2709 4126 cor
2735 4087 2904 4126 unum
2943 4079 2999 4128 et
3051 4073 3234 4126 anima
3267 4086 3374 4126 una
3412 4081 3574 4136 erat,

1987 4165 2285 4236 nullusque
2315 4165 2533 4220 dicebat
2563 4165 2665 4219 sibi
2699 4165 2829 4234 quid
2860 4165 3140 4235 proprium
3173 4180 3319 4229 esse,
3355 4163 3445 4218 sed
3469 4181 3578 4218 oma

1989 4252 2080 4305 nia
2107 4259 2259 4305 erant
2308 4252 2632 4315 communia,
2664 4258 2720 4305 et
2751 4259 3020 4321 quotquot
3049 4265 3401 4320 possessores
3432 4265 3576 4321 prae-

1987 4343 2204 4399 diorum
2235 4351 2414 4408 erant,
2443 4343 2744 4398 vendentes
2775 4344 3053 4413 ponebant
3097 4351 3223 4399 ante
3251 4344 3417 4414 pedes
3445 4359 3578 4414 ape-

1989 4441 2278 4506 stolorum,
2311 4439 2741 4510 dividebantque
2786 4440 3020 4510 singulis
3051 4449 3209 4510 prout
3235 4442 3420 4510 cuique
3445 4457 3575 4506 Opus

1985 4542 2100 4587 erat
2129 4533 2209 4596 '7;
2244 4530 2596 4587 manifestum
2626 4548 2758 4587 sane
2791 4541 2875 4586 est
2912 4534 3063 4604 ipsos
3098 4541 3211 4587 tota
3239 4534 3328 4587 die
3374 4533 3574 4588 misero

307 4624 705 4694 πιπράσκοντες
736 4622 983 4678 ἐτίθεσαν
1010 4626 1160 4695 παρὰ
1175 4628 1304 4690 τοὺς
1326 4625 1494 4690 πόδας
1523 4626 1630 4679 τῶν
1651 4627 1882 4680 ἀποστό-

1991 4635 2074 4680 tos
2107 4640 2230 4680 esse
2255 4631 2310 4677 et
2339 4625 2736 4679 commodasse.

305 4710 420 4777 λων,
450 4715 605 4782 διεμέ
615 4714 762 4785 ριζόν
778 4733 838 4768 τε
859 4714 1094 4788 ἑκάστῳ,
1128 4716 1316 4770 καθότι
1344 4717 1410 4772 ἄν
1430 4733 1516 4778 τις
1541 4718 1728 4790 χρείαν
1750 4715 1884 4789 εἶχε⁸
1905 4719 2061 4791 δῆλον
2089 4718 2241 4780 ὅπως
2264 4716 2391 4788 ὃλην
2412 4718 2512 4789 τὴν
2545 4719 2756 4790 ἡμέραν
2781 4710 2924 4770 οὗτοι
2955 4717 3147 4788 ἠλέουν
3167 4719 3260 4770 καὶ
3283 4715 3572 4780 ὲδάνειζον.

370 4835 697 4890 Ἕκκλινον
737 4834 856 4890 ἀπὸ
906 4836 1115 4901 κακοῦ,
1166 4837 1265 4891 καὶ
1317 4838 1580 4906 ποίησον
1629 4840 1876 4910 ἀγαθόν.

315 4922 715 4996 Ἑλευθερὼσας
761 4926 983 4980 σεαυτὸν
1030 4929 1212 5000 πάσης
1257 4929 1474 4995 κακίας,
1503 4931 1596 4982 ἐπὶ
1644 4932 1724 4983 σοὶ
1772 4931 1880 5002 γάρ

303 5015 407 5071 ἐστι
435 5019 619 5083 τοῦτο,
658 5019 750 5072 καὶ
786 5018 1064 5091 βουληθεὶς
1108 5021 1348 5094 δυνήσῃ’
1391 5022 1454 5074 οὐ
1502 5021 1607 5092 μὴν
1656 5022 1755 5094 ἥδη
1791 5024 1880 5076 τέ-

301 5105 432 5174 λειος
464 5111 564 5184 ἔσῃ
611 5111 772 5164 τοῦτο
801 5109 1032 5184 πράξας,
1059 5115 1107 5165 εί
1160 5113 1234 5183 μὴ
1267 5114 1362 5167 καὶ
1403 5113 1464 5167 τὸ
1496 5113 1748 5186 δεύτερόν
1800 5133 1882 5170 σοι

305 5201 492 5280 παρείη
521 5221 534 5234 ·
567 5200 730 5256 τοῦτο
756 5203 798 5256 δ’
827 5204 945 5257 ἐστὶ
971 5201 1031 5256 τὸ
1053 5203 1378 5275 ἐργάζεσθαι
1405 5204 1465 5258 τὸ
1491 5204 1712 5273 ἀγαθόν.
1739 5204 1884 5278 Πρὸς

300 5289 401 5362 γὰρ
428 5292 488 5346 τὸ
527 5292 606 5364 μὴ
639 5292 891 5346 κλέπτειν
917 5295 1182 5366 προσήκει
1212 5312 1270 5348 σε
1309 5293 1403 5348 καὶ
1432 5295 1540 5348 τῶν
1575 5296 1680 5349 σῶν
1711 5295 1886 5369 ὓπαρ-

299 5385 493 5454 χόντων
542 5391 661 5451 τοῖς
710 5387 984 5458 δεομένοις
1027 5390 1303 5442 κοινωνεῖν
1326 5406 1338 5419 ·
1384 5391 1479 5444 καὶ
1527 5388 1662 5464 πρὸς
1701 5391 1761 5445 τὸ
1808 5391 1881 5463 μὴ

299 5476 664 5542 πλεονεκτεῖν,
697 5479 901 5552 ἕτερον,
933 5481 994 5534 τὺ
1036 5481 1130 5535 καὶ
1177 5483 1484 5552 εὐεργετεῖν
1526 5486 1651 5549 τοὺς
1686 5485 1878 5556 δεομέ-

295 5587 410 5636 νους
431 5591 447 5603 ο
477 5573 577 5626 καὶ
605 5571 744 5644 πρὸς
767 5573 828 5626 τὸ
857 5574 1054 5638 κακίας
1085 5572 1406 5646 ἀπέχεσθαι,
1435 5576 1495 5629 τὸ
1546 5577 1631 5631 καὶ
1659 5577 1880 5650 ἐτέρους

296 5661 395 5719 ἀπὸ
433 5666 641 5728 κακίας
679 5665 922 5736 ῥύεσθαι.
970 5667 1137 5721 Ἐπὰν
1176 5667 1231 5721 δὲ
1272 5667 1442 5721 ταῦτα
1491 5670 1738 5741 ποιήσῃς,
1774 5687 1876 5724 κα-

296 5757 630 5825 τασκήνου,
679 5757 864 5828 φησὶν,
902 5760 988 5825 είς
1028 5759 1214 5814 αἰῶνα
1255 5759 1488 5828 αἰῶνος.
1550 5760 1692 5814 ’Λνθ’
1743 5752 1804 5814 οὗ
1853 5764 1881 5815 ὁ

2058 4835 2226 4894 Vsus.
2260 4837 2491 4894 27-29.
2545 4836 2769 4891 Declina
2821 4853 2853 4890 a
2897 4836 3070 4903 malo,
3108 4845 3158 4890 et
3212 4835 3300 4904 fac
3360 4833 3572 4892 bonum.

1990 4931 2127 4988 Cum
2163 4941 2217 4988 te
2251 4933 2319 4988 ab
2345 4931 2496 4988 omni
2535 4931 2742 4986 malitia
2773 4930 3075 4994 exemeris,
3129 4944 3298 4999 penes
3340 4933 3395 4982 te
3429 4928 3573 4982 enim

1987 5022 2121 5081 illud
2151 5032 2270 5087 est,
2301 5032 2356 5080 et
2390 5025 2436 5080 si
2469 5025 2602 5079 velis
2631 5020 2834 5094 poteris
2861 5041 2875 5090 ;
2921 5038 3031 5077 non
3064 5021 3282 5086 statim,
3314 5021 3418 5076 hoc
3450 5036 3576 5090 per-

1990 5128 2134 5182 acto,
2171 5115 2448 5188 perfectus
2480 5117 2610 5183 eris,
2639 5116 2742 5171 nisi
2773 5115 2921 5170 aliud
2953 5113 3256 5171 secundum
3301 5102 3572 5178 adfuerit,

1993 5213 2048 5268 id
2075 5221 2186 5274 est,
2234 5217 2294 5265 ut
2329 5208 2500 5264 facias
2531 5208 2758 5264 bonum.
2812 5203 2946 5262 Nam
3009 5214 3372 5280 przeterquam
3427 5208 3574 5278 quod

1992 5301 2165 5357 furari
2221 5315 2332 5354 non
2382 5299 2538 5362 licet,
2587 5299 2841 5352 convenit
2879 5297 3042 5354 etiam
3093 5313 3217 5352 cum
3283 5299 3574 5377 egentibus

1991 5393 2130 5447 bona
2161 5406 2258 5447 sua
2286 5387 2730 5456 commUnicare;
2764 5404 2829 5444 ac
2860 5395 3224 5460 praeterquam
3258 5389 3406 5460 quod
3442 5405 3573 5445 ava-

1989 5500 2108 5538 rum
2143 5498 2266 5539 esse
2300 5498 2406 5537 non
2433 5488 2679 5552 Oportet,
2720 5481 2868 5536 aliud
2918 5481 3252 5551 requiritur,
3298 5491 3357 5538 ut
3385 5483 3572 5553 egenis

1989 5574 2256 5632 beneﬁcia
2309 5580 2674 5647 praestentur;
2727 5588 2792 5628 ac
2852 5581 3050 5644 praeter
3101 5571 3488 5631 abstinentiam
3538 5590 3571 5630 a

1989 5670 2171 5732 malis,
2197 5684 2338 5739 Opus
2359 5674 2445 5724 est
2472 5676 2524 5723 et
2557 5668 2692 5724 alios
2723 5681 2753 5720 a
2773 5667 2934 5723 malis
2962 5681 3179 5723 eruere.
3208 5667 3345 5722 Cum
3387 5673 3571 5724 autem

1988 5762 2105 5818 haec
2130 5762 2331 5834 egeris,
2364 5761 2635 5828 inhabita,
2691 5759 2900 5831 inquit,
2953 5761 3008 5814 in
3064 5762 3313 5828 secutum
3365 5762 3568 5819 saculi.

384 5913 430 5946 ⁷⁸
469 5911 611 5970 Luc.
650 5928 777 5979 xu,
813 5914 904 5970 25.
983 5916 1029 5949 "
1065 5915 1209 5974 Psal.
1245 5933 1332 5985 si,
1370 5917 1419 5975 ’1.
1497 5918 1541 5952 ⁷⁵
1580 5915 1738 5976 Deut.
1773 5933 1878 5984 xv.

2008 5917 2088 5998 v"
2118 5915 2308 5976 Matth.
2343 5935 2468 5992 nx,
2498 5915 2589 5978 29.
2665 5922 2710 5957 ⁷⁷
2749 5921 2870 5977 Act.
2907 5937 2984 5989 ιν,
3017 5921 3206 5978 δεοδδι
