4138 6386
484 485 589 541 555

1151 473 1418 531 EUSEBII
1468 468 1950 528 C/ESARIENSIS
1984 466 2137 524 OPP.
2185 464 2365 521 PARS
2400 461 2491 518 111.
2531 491 2600 501 -
2636 452 3046 511 EXEGETICA.

3624 438 3730 493 ’556

485 602 593 656 Pro
631 613 739 670 quo
785 596 1143 668 Symmacnus
1176 593 1382 654 edidit,
1438 591 1503 645 Et
1532 593 1761 662 quiescet
1795 592 1849 645 iu
1899 605 2055 644 swcu-
2084 642 2087 650 ,

2191 587 2449 657 ἱύμμαχος
2513 579 2760 646 ἐξέδωκε,
2828 574 2939 627 Kal
3000 568 3324 640 ἠρεμήσεις
3384 566 3471 630 εις
3521 559 3728 670 αἰῶνα*

487 692 617 747 lum.
653 676 771 743 Hic'
789 696 842 741 te
869 684 1079 740 scilicet
1119 690 1301 737 manet
1348 682 1472 737 linis
1505 692 1706 736 :rterna
1746 682 1875 735 vita.
1924 680 2058 733 Nam

488 797 610 838 cum
642 778 905 833 Dominus
926 776 1095 845 judex
1120 775 1211 837 sit,
1248 782 1392 827 amat
1416 772 1681 843 judicium
1701 814 1716 837 ,
1754 782 1803 827 et
1829 789 1931 826 non
1968 771 2060 825 de—

489 874 742 943 relinquet
776 878 986 925 sanctos
1015 883 1160 932 suos,
1191 867 1285 922 sed
1318 866 1372 920 in
1418 874 1680 919 aeternum
1713 864 2062 920 conservabit

490 977 603 1017 eos.
639 959 835 1030 Iujusti
882 959 1166 1029 punientur
1215 968 1265 1012 et
1310 974 1482 1012 semen
1516 957 1797 1026 impiorum
1850 956 2058 1024 peribit.

476 1051 635 1107 Justi
675 1063 865 1105 aulem-
896 1049 1281 1104 hwreditabunt
1333 1059 1566 1113 (errant,
1612 1057 1663 1103 et
1698 1047 2063 1101 inhabitabant

492 1144 547 1195 in
590 1142 842 1196 sa'culum
899 1141 1083 1195 sa'culi
1134 1156 1288 1209 super
1336 1157 1452 1194 eam
1494 1156 1513 1193 :
1562 1149 1959 1209 consequenter
1997 1139 2062 1193 ad

471 1232 773 1303 'przemissa
795 1231 972 1294 docet,
1000 1231 1215 1301 iniquos
1252 1231 1343 1301 qui
1377 1239 1702 1300 praeceptqu
1742 1245 1849 1283 non
1880 1244 2066 1284 serva-

480 1324 606 1378 .rint
640 1338 858 1393 plenam
900 1322 1125 1377 daturos
1168 1332 1421 1377 aeternam
1452 1341 1464 1376 :
1511 1336 1574 1376 ac
1608 1320 2064 1391 quemadmodum

472 1414 628 1485 .justi
677 1430 865 1470 semen
893 1413 949 1468 in
992 1414 1369 1470 benedictione
1417 1413 1660 1468 futurum
1705 1428 1828 1469 esse
1862 1413 2066 1468 dictum

473 1512 622 1573 -cst;
665 1505 740 1558 ita
769 1522 941 1560 semen
960 1507 1241 1575 impiorum
1273 1505 1481 1574 peribit.
1516 1502 1656 1560 Justi
1681 1520 1809 1561 vero
1836 1503 2069 1574 promis-

2161 653 2329 732 Τοῦτο
2360 653 2466 746 γὰρ
2496 672 2776 744 περιμένει
2811 686 2871 721 σε
2903 667 2963 720 τὸ
2994 665 3144 728 τέλος
3176 661 3277 732 τῆς
3309 657 3524 713 αἰωνίου

2160 744 2419 842 Κριτικὸς
2440 744 2570 836 ⁷γιὶιρ
2602 762 2676 816 ῶν
2709 763 2737 813 6
2776 759 2979 830 Κύριος
3020 750 3221 825 ἀγαπᾷ
3249 750 3471 842 κρίσι-ν,
3496 744 3593 842 καὶ
3623 745 3734 842 οὐκ

2160 833 2577 932 ἐγκαταλείψει
2624 853 2764 919 τοὺς
2815 852 3023 914 ὁσίους
3069 843 3275 906 αὐτοῦ,
3337 839 3448 894 ἀλλ’
3482 838 3590 932 μείς
3642 833 3734 888 τὸν

2162 928 2336 1006 αίῶνα
2363 949 2558 1010 αὐτοὺς
2588 942 2921 1014 διαφυλάξει.
2952 942 3185 1006 Ἀνομοι
3214 928 3733 997 ἐκδικηθήσονται,

2163 1044 2260 1098 καὶ
2312 1042 2549 1110 σπέρμα
2592 1034 2825 1092 ἀσεϐῶν
2877 1026 3459 1097 ἑξολοθρευθήσεται.
3518 1020 3737 1072 Δίκαιοι

2163 1136 2232 1190 δὲ
2256 1130 2781 1203 κληρονομήσουσι
2812 1127 2926 1194 τὴν
2950 1122 3083 1191 γῆν,
3116 1119 3213 1172 καὶ
3246 1111 3738 1179 κατασκηνὼσου-

2166 1242 2269 1282 σιν
2298 1228 2385 1291 εἰς
2420 1221 2600 1277 αἰῶνα
2641 1218 2856 1282 αἰῶνος
2898 1215 2989 1268 ἐπ’
3031 1210 3253 1277 αὐτῆς*
3290 1204 3595 1265 ἀκολούθως
3625 1203 3737 1262 τοῖς

2168 1315 2584 1390 προειρημένοις
2626 1312 2887 1370 διδάσκει,
2938 1308 3019 1360 ὅτι
3061 1305 3110 1357 οί
3155 1301 3229 1374 μὴ
3264 1300 3324 1353 τὸ
3372 1294 3739 1390 παράγγελμα

2167 1409 2500 1480 φυλάξαντες
2557 1405 2745 1475 ἄνομοι
2804 1400 2958 1469 δίκην
3015 1395 3274 1451 δώσουσιν
3333 1390 3549 1445 αίώνιον
3573 1404 3584 1419 ο
3648 1385 3740 1438 καὶ

2168 1502 2356 1572 ὥσπερ
2387 1499 2481 1553 τοῦ
2523 1497 2731 1551 δικαίου
2764 1494 2824 1547 τὸ
2855 1491 3076 1562 σπέρμα
3117 1490 3195 1551 εἰς
3240 1483 3489 1552 εὐλογίαν
3522 1479 3739 1533 ἔσεσθαι

498 1613 616 1652 sam
640 1598 861 1653 mitibus
890 1573 1091 1653 terram
1118 1573 1436 1654 haereditate
1468 1598 1769 1668 accipient,
1809 1573 1863 1653 et
1909 1596 2067 1652 inha-

2191 1592 2407 1661 ιλέγετο,
2437 1589 2607 1653 οὕτως
2634 1585 2750 1641 τῶν
2781 1582 3014 1639 ἀσεϐῶν
3039 1580 3105 1633 τὸ
3144 1573 3379 1645 σπέρμα
3398 1573 3743 1668 ἐξολοθρεμ-

482 1690 750 1745 εηὸίιοιηιιη
774 1690 830 1745 in
863 1706 927 1745 ea
958 1690 1012 1746 in
1047 1692 1305 1746 saeculum
1335 1690 1539 1746 surculi.
1565 1689 1923 1745 Commodum
1957 1689 2072 1743 haec

2191 1681 2436 1749 ἰήσεται.
2463 1682 2523 1733 Oi
2545 1679 2600 1733 δὲ
2629 1677 2825 1731 δίκαιοι
2847 1675 2944 1746 τὴν
2967 1669 3383 1743 ἐπηγγελμένην
3409 1667 3521 1728 τοῖς
3544 1662 3743 1734 πραέσι

479 1782 821 1851 εριεηιωιιυο
872 1796 1053 1837 sermo
1091 1782 1418 1851 pollicetur,
1471 1781 1904 1851 repetitioneque
1952 1796 2076 1853 pro-

2191 1772 2640 1843 ιληρονομήσουσι
2669 1767 2790 1837 γῆν,
2828 1766 2921 1819 καὶ
2955 1758 3465 1830 κατασκηνώσουσιν
3500 1758 3556 1807 ἐν
3604 1754 3741 1824 αὐτῇ

505 1873 673 1929 missa
707 1872 995 1928 conﬁrmat
1028 1891 1042 1928 :
1079 1875 1194 1928 vult
1227 1873 1375 1928 enim
1429 1888 1531 1930 nos
1565 1872 1784 1929 assidue
1813 1872 1880 1927 iis
1910 1872 1966 1926 in
1994 1872 2075 1926 di-

2191 1864 2253 1927 εἰς
2282 1862 2449 1915 αἰῶνα
2476 1860 2687 1922 αἰῶνος.
2726 1855 3007 1925 Ἐπίτηδες
3028 1853 3082 1906 δὲ
3106 1850 3275 1905 ταῦτα
3298 1847 3553 1909 πολλάκις
3576 1847 3746 1912 ἐπαγ·-

506 1965 611 2020 ctis
639 1966 867 2031 versari,
896 1980 1070 2036 eaque
1102 1965 1374 2030 meditari,
1406 1980 1470 2021 ac
1512 1964 1555 2021 si
1594 1964 1969 2020 rationabilem
1997 1962 2078 2017 ci-

2191 1953 2422 2023 γέλλεται
2453 1954 2481 2005 6
2518 1951 2692 2019 λόγος,
2726 1947 2955 2019 βεϐαιῶν
2982 1945 3070 1998 διὰ
3102 1944 3201 2015 τῆς
3231 1938 3620 2010 ἐπαναλήψεως
3648 1935 3746 1998 τὰς

507 2056 638 2112 bum
668 2058 1069 2125 manderemus,
1094 2058 1161 2113 ad
1199 2058 1641 2113 distributionem
1675 2056 1842 2128 probe
1870 2069 2075 2111 conco-

2191 2044 2518 2115 Smcxécatg,
2564 2042 2711 2112 ἡμᾶς
2754 2056 2812 2091 τε
2865 2036 3186 2107 βουλόμενος
3235 2028 3586 2100 ἐνδιατρίϐειν
3634 2029 3747 2088 τοῖς

480 2150 577 2206 -cti
604 2151 662 2207 iu
693 2151 872 2206 anima
899 2161 1085 2208 nostra
1117 2152 1243 2206 cibi.

2191 2136 2358 2197 ιύτοῖς
2391 2133 2566 2201 λόγοις
2602 2129 2695 2184 καὶ
2737 2126 3111 2198 καταμελετᾷν
3152 2123 3365 2185 αὐτοὺς,
3394 2118 3593 2171 ὡσανεὶ
3623 2132 3748 2186 τρο-

2178 2223 2283 2295 φὴν
2311 2221 2534 2292 λογικὴν
2570 2218 2943 2290 μασωμένους,
2973 2216 3051 2278 είς
3075 2213 3323 2267 ἀνάδοσιν
3346 2211 3441 2281 τῆς
3471 2207 3612 2262 κατά
3650 2205 3749 2277 τὴν

2176 2317 2354 2387 ψυχὴν
2387 2314 2542 2386 ἡμῶν
2570 2310 2849 2381 εὐπεψίας.

578 2417 745 2475 Vnus.
816 2418 886 2475 50
917 2448 942 2459 ο
977 2419 1070 2474 55.
1138 2417 1209 2473 0s
1263 2417 1402 2487 justi
1473 2414 1812 2470 meditabitur
1868 2412 2078 2482 sapien-

2250 2406 2445 2473 Στόμα
2510 2402 2741 2455 δικαίου
2815 2395 3137 2468 μελετήσει
3204 2392 3428 2461 σοφίαν
3459 2429 3474 2455 ,
3544 2388 3643 2443 καὶ
3711 2388 3749 2455 ἠ

490 2513 660 2575 diam,
706 2522 757 2567 et
804 2513 984 2582 lingua
1039 2511 1155 2579 ejus
1215 2482 1453 2579 loquetur
1494 2509 1780 2579 judicium.
1826 2505 1936 2561 Lex
1986 2504 2081 2557 Dei

2191 2493 2430 2566 πολῶσσα
2485 2490 2672 2546 αὐτοῦ
2721 2488 2982 2556 λαλήσει
3028 2488 3250 2555 κρίσιν.
3312 2485 3363 2536 Ὀ
3416 2485 3600 2552 νόμος
3646 2482 3751 2537 τοῦ

488 2605 622 2675 τεῙιω
655 2607 709 2658 in
742 2578 897 2658 co'rde
930 2604 1118 2674 ipsius,
1148 2612 1196 2657 et
1231 2578 1333 2656 non
1364 2590 1843 2671 supplantabuntur
1873 2613 2081 2670 gressus

2191 2586 2330 2642 Θεοῦ
2370 2585 2557 2640 αὐτοῦ
2583 2586 2652 2637 ἐν
2682 2582 2896 2651 καρδίᾳ
2923 2579 3130 2641 αὑτοῦ,
3159 2579 3254 2632 καὶ
3287 2579 3399 2645 οὐχ
3425 2578 3752 2629 ὑποσκελι-

506 2697 643 2766 ejus.
676 2695 987 2752 Considerat
1020 2704 1263 2765 peccator
1306 2696 1534 2764 justum,
1566 2702 1615 2747 et
1636 2694 1827 2764 quierit
1854 2691 2083 2760 mortiﬁ-

492 2806 631 2843 lcare
664 2806 802 2843 eum.
860 2787 1115 2843 Dominus
1161 2796 1336 2841 autem
1380 2803 1483 2840 non
1523 2785 1844 2855 derelinquat
1884 2800 2001 2837 eum
2031 2783 2085 2836 in

508 2881 753 2935 manibus
788 2880 936 2949 ejus,
998 2896 1087 2935 nec
1139 2880 1414 2934 damnabit
1450 2895 1568 2933 eum
1598 2894 1715 2931 cum
1753 2875 2086 2946 judicabitur

495 2972 612 3026 illi.
656 2969 711 3027 ln
740 2971 1109 3027 admonitione
1148 2972 1465 3042 persistens,
1496 2971 1743 3025 hortatur
1771 2983 1870 3023 nos
1898 2975 1957 3022 ut
2000 2967 2088 3036 ju-

498 3065 582 3119 δειὶ
610 3064 955 3119 aemulatores
1005 3065 1210 3125 simus,
1247 3062 1475 3131 ejusque
1509 3060 1732 3116 divitias
1783 3066 2085 3114 enumerat.

468 3222 475 3229 γ
511 3154 593 3209 Ad
627 3169 690 3209 ea
718 3154 863 3210 enim
898 3171 1020 3225 qua:
1043 3170 1207 3225 supra
1231 3154 1376 3209 dicta
1415 3161 1565 3218 sunt,
1597 3152 1713 3207 haec
1743 3152 1966 3220 insuper
1997 3166 2090 3220 pe-

504 3261 613 3302 nes
643 3261 768 3301 eum
816 3255 985 3315 sunt;
1029 3262 1225 3319 magno
1259 3247 1411 3301 illum
1443 3245 1607 3310 Deus,
1636 3244 1910 3300 hominem
1940 3243 2086 3305 licet.

512 3354 741 3396 munere
759 3339 1001 3404 donavit,
1024 3356 1150 3395 cum
1204 3354 1344 3395 verae
1384 3340 1665 3411 sapientiae
1720 3339 2084 3409 cognitionem

2191 3319 2296 3390 γὰρ
2329 3319 2440 3381 τοῖς
2472 3314 2780 3389 εἰρημένοις
2820 3313 2900 3367 ἔτι

510 3432 731 3488 indidit.
772 3430 1052 3503 Sapientia
1087 3432 1287 3503 quippe
1331 3438 1415 3487 est
1446 3431 1757 3486 divinorum
1794 3440 1848 3486 et
1896 3430 2092 3485 huma-

513 3539 711 3578 norum
748 3523 1000 3588 scientia,
1032 3539 1128 3593 per
1162 3540 1323 3595 quam
1349 3524 1531 3579 omnia
1567 3527 1707 3578 laeta
1747 3533 1876 3578 sunt
1908 3539 1921 3575 :
1974 3538 2094 3577 om-

516 3618 608 3669 nia
640 3617 840 3685 quippe
871 3616 927 3669 in
962 3616 1226 3685 sapientia
1254 3614 1383 3673 fecit
1411 3616 1477 3670 ⁷⁸.
1516 3615 1720 3685 Estque
1765 3616 1882 3686 ipsa
1907 3656 1921 3680 ,
1946 3613 2090 3685 quod

518 3706 574 3760 in
610 3707 877 3776 principio
916 3706 1058 3775 apud
1104 3705 1270 3763 Deum
1306 3714 1424 3762 erat
1469 3705 1613 3762 Deus
1669 3705 1938 3771 Verbum,
2000 3721 2096 3775 per

519 3800 667 3871 quod
697 3800 881 3856 omnia
912 3798 1052 3854 facta
1082 3808 1210 3855 sunt
1256 3800 1323 3853 ".
1373 3798 1548 3867 Hujus
1584 3799 1767 3869 itaque
1815 3796 2096 3868 sapientiae

521 3904 706 3952 voces,
743 3905 1022 3945 sermones
1047 3929 1061 3953 ,
1098 3889 1433 3961 disciplinas
1472 3888 1613 3943 Deus
1670 3888 1727 3942 in
1783 3886 2095 3942 hominibus

522 3981 924 4045 disseminavit,
956 3991 1016 4035 ut
1036 3981 1218 4051 justus
1247 3996 1353 4040 non
1387 3980 1619 4043 otiosus,
1651 3980 1800 4034 iners
1842 3993 1905 4032 ac
1936 3976 2096 4032 bonis

522 4086 730 4125 vacuus
762 4080 947 4139 esset;
978 4072 1073 4128 sed
1112 4087 1218 4126 una
1247 4087 1309 4128 os
1342 4078 1395 4125 et
1441 4072 1845 4126 meditationem
1881 4069 2099 4137 sapien-

523 4164 615 4218 tia:
648 4164 893 4227 haberet,
935 4172 993 4218 ut
1025 4180 1089 4219 ea
1120 4166 1277 4235 quasi
1309 4166 1517 4221 caelesti
1554 4179 1687 4219 usus
1710 4177 1871 4225 esca,
1918 4162 2098 4230 primo

525 4254 761 4309 animam
791 4254 1141 4310 conﬁrmaret
1165 4270 1343 4319 suam,
1383 4256 1685 4324 deindeque
1718 4253 1840 4307 aliis
1897 4253 2098 4321 imper-

525 4349 673 4401 tiret.
730 4347 999 4412 Quocirca
1033 4346 1242 4401 dictum
1289 4353 1407 4411 est,
1450 4344 1523 4399 0s
1576 4344 1715 4414 justi
1757 4341 2099 4396 meditabitur

524 4436 873 4502 sapientiam,
908 4445 959 4489 et
992 4435 1171 4504 lingua
1201 4434 1315 4503 ejus
1365 4434 1605 4504 loquetur
1633 4433 1917 4503 judicium.
1954 4429 2101 4486 Gna-

524 4544 623 4585 rus
652 4536 832 4583 autem
866 4529 1035 4600 legem
1074 4527 1166 4582 Dei
1199 4528 1537 4597 spiritualem
1565 4541 1706 4590 esse,
1746 4540 1869 4579 cum
1901 4540 2099 4580 secun-

527 4621 656 4677 dum
686 4621 1001 4677 interiorem
1032 4621 1306 4676 hominem
1352 4621 1406 4673 in
1438 4620 1554 4689 lege
1582 4617 1678 4673 Dei
1712 4617 2095 4682 delectaretur,

2181 2677 2473 2743 σθήσεται
2503 2673 2573 2728 τὰ
2603 2673 2934 2742 διαδήματα
2953 2669 3160 2724 αὐτοῦ.
3195 2666 3485 2723 Κατανοεῐ
3510 2671 3541 2720 ό
3570 2667 3751 2735 ἀμαρ-

2184 2770 2370 2835 τωλὸς
2402 2768 2509 2822 τὸν
2543 2767 2797 2828 δίκαιον,
2814 2765 2926 2818 ’καὶ
2959 2760 3115 2831 ζητεῖ
3137 2761 3239 2814 τοῦ
3276 2757 3610 2815 θανατῶσαι
3648 2760 3755 2811 αῠ-
3808 2764 3817 2767 ’

2183 2863 2307 2915 τόν.
2364 2861 2416 2913 Ὀ
2451 2859 2518 2912 δὲ
2547 2860 2758 2926 Κύριος
2796 2858 2867 2910 οὐ
2903 2854 2988 2925 μὴ
3032 2852 3397 2923 ἐγκαταλίπῃ
3439 2849 3625 2903 αὑτὸν
3670 2851 3757 2914 εἰς

2185 2954 2291 3017 τὰς
2315 2949 2514 3018 χεῖρας
2539 2947 2745 3010 αὐτοῦ,
2780 2944 2903 2998 οὐδ’
2938 2946 3009 2998 οὺ
3041 2942 3126 3012 μὴ
3161 2939 3626 3006 καταδικάσηται
3651 2941 3757 2991 αὑ-

2187 3042 2293 3096 τὸν
2327 3041 2471 3095 ὅταν
2506 3040 2774 3109 κρίνηται
2816 3036 2993 3103 αὐτῷ.
3040 3033 3342 3104 Ἐπιμένων
3370 3034 3434 3103 τῇ
3466 3030 3560 3085 τοῦ
3599 3030 3757 3100 λόγου

2190 3135 2494 3207 προτροπῇ,
2535 3131 2778 3203 ζηλωτὰς
2817 3130 2965 3200 ἡμᾶς
2986 3126 3226 3195 γίνεσθαι
3258 3123 3351 3177 τοῦ
3380 3124 3587 3177 δικαίου
3615 3140 3755 3193 παρ-

2190 3226 2367 3298 ορμᾷ,
2429 3224 2519 3276 τὸν
2563 3221 2788 3275 πλοῦτον
2830 3217 2993 3274 αὐτοῦ
3046 3216 3567 3288 καταριθμούμενος,
3616 3214 3760 3285 Πρὸς

2947 3313 3041 3366 καλ⁸
3087 3310 3259 3364 ταῦτα
3292 3310 3439 3379 αὐτῷ
3466 3308 3758 3379 πρόσεστι·

2193 3410 2518 3481 κεχάρισται
2550 3405 2696 3477 αὐτῷ
2730 3405 2874 3476 μέγα
2903 3404 3072 3473 δῶρον
3099 3405 3126 3456 6
3160 3400 3291 3464 Θεὸς
3329 3397 3597 3470 ἀνθρώπῳ
3627 3396 3761 3460 ὸντι,

2192 3503 2291 3573 τῆς
2323 3498 2556 3570 ἀληθοῦς
2591 3496 2780 3566 σοφίας
2813 3495 2908 3567 τὴν
2939 3492 3158 3563 γνῶσιν.
3181 3492 3349 3562 Σοφία
3378 3491 3474 3562 μὲν
3511 3489 3619 3560 γάρ
3650 3489 3764 3541 ἐστι

2197 3594 2355 3649 θείων
2402 3594 2497 3646 καὶ⁵
2541 3589 2895 3660 ἀνθρωπείων
2931 3586 3229 3656 ἐπιστήμη,
3267 3584 3362 3637 καὶ
3386 3583 3452 3636 δι’
3492 3576 3559 3653 ἧς
3589 3580 3766 3634 πάντα

2198 3688 2388 3755 γέγονε
2415 3703 2427 3715 ·
2455 3684 2631 3738 πάντα
2659 3682 2767 3754 γὰρ
2790 3682 2847 3735 ἐν
2872 3680 3033 3751 σοφίᾳ
3059 3679 3301 3749 ἐποίησε.
3329 3676 3437 3729 Καὶ
3461 3674 3597 3745 αὕτη
3623 3674 3767 3726 ἐστὶν

2195 3783 2224 3834 6
2251 3782 2308 3832 ἐν
2332 3779 2472 3849 ἀρχῇ
2502 3777 2638 3848 πρὸς
2664 3775 2755 3827 τὸν
2779 3773 2911 3826 Θεὸν
2941 3772 3073 3835 Θεὸς
3102 3770 3291 3839 Λόγος,
3316 3768 3381 3822 δι’
3409 3760 3470 3820 οὐ
3499 3768 3567 3820 τὰ
3595 3766 3766 3819 πάντα

2197 3870 2433 3940 ἐγένετο.
2471 3869 2686 3937 Ταύτης
2717 3863 2808 3921 οὖν
2856 3865 3037 3936 φωνὰς
3086 3865 3179 3917 καὶ
3224 3863 3414 3931 λόγους
3466 3863 3560 3915 καὶ
3594 3861 3767 3931 μαθή-

2201 3982 2347 4035 ματα
2389 3966 2417 4017 6
2461 3963 2593 4026 Θεὸς
2624 3963 2702 4024 είς
2740 3958 3056 4030 ἀνθρώπους
3100 3956 3447 4018 κατεὸάλετο,
3476 3955 3551 4018 ὡς
3581 3953 3647 4008 ἂν
3694 3954 3769 4024 μὴ

2199 4055 2367 4127 ἀργὸς
2399 4053 2485 4123 εἴη
2513 4055 2541 4106 ό
2568 4053 2791 4115 δίκαιος,
2823 4050 2953 4122 μηδὲ
2991 4050 3270 4120 ἄπρακτος
3294 4048 3386 4101 καὶ
3413 4047 3616 4118 ἕρημος
3643 4046 3768 4127 ἀγα-

2200 4124 2339 4201 θῶν·
2373 4146 2485 4216 ἔχοι
2532 4143 2588 4196 δὲ
2619 4144 2735 4213 ἅμα
2782 4141 2956 4211 στόμα
2998 4140 3096 4210 τῆς
3143 4140 3395 4211 οὐρανίου
3448 4136 3636 4205 σοφίας
3672 4124 3770 4206 τῆν

2202 4239 2460 4311 μελέτην·
2501 4232 2568 4308 ἧς
2599 4234 3024 4306 μεταλαμϐάνων
3053 4232 3240 4303 ῶσπερ
3268 4230 3517 4302 οὐρανίου
3542 4229 3770 4299 τροφῆς,

2199 4332 2297 4403 τὴν
2334 4330 2510 4401 ψυχὴν
2552 4327 2765 4398 πρῶτος
2792 4326 2949 4389 αὐτὸς
2979 4324 3330 4394 δυναμοῦται,
3364 4319 3484 4376 εἶτα
3525 4323 3618 4375 καὶ
3651 4320 3771 4373 ἑτέ-

2204 4441 2320 4497 ροις
2367 4424 2610 4494 χορηγεῖ.
2655 4419 2744 4472 Διὸ
2772 4418 3019 4495 λέλεκται
3044 4433 3056 4446 ·
3090 4417 3288 4483 Στόμα
3328 4414 3560 4468 δικαίου
3596 4416 3773 4481 μελε-

2203 4510 2374 4578 τήσει
2407 4511 2652 4578 σοφίαν,
2685 4505 2846 4588 καλή
2873 4504 3122 4574 γλῶσσα
3152 4503 3336 4556 αὐτοῦ
3366 4501 3621 4567 λαλήσει
3654 4502 3752 4568 κρί
3769 4535 3775 4541 ο

2204 4618 2326 4657 σιν.
2375 4600 2544 4664 Εἰδὼς
2575 4601 2652 4664 δὲ,
2693 4600 2759 4652 6'.
2809 4599 2836 4650 6
2886 4597 3047 4668 νόμος
3092 4595 3186 4649 τοῦ
3226 4594 3360 4648 Θεοῦ
3410 4593 3775 4664 πνευματικός

528 4713 583 4768 in
616 4714 782 4769 corde
805 4714 923 4784 ipso
953 4715 1087 4784 legis
1112 4682 1646 4783 contemplationem,
1674 4717 1727 4765 et
1747 4709 1866 4780 ejus
1890 4717 2087 4779 mys1e—

2204 4694 2341 4758 ἐστι,
2373 4691 2655 4762 συνήδεται
2687 4690 2744 4742 δὲ
2776 4688 2854 4758 τῷ
2885 4688 3033 4757 νόμῳ
3070 4685 3163 4739 τοῦ
3204 4684 3338 4738 Θεοῦ
3383 4683 3525 4737 κατὰ
3553 4683 3643 4736 τὸν
3672 4682 3791 4734 ἔσω

526 4807 733 4863 riorum
779 4805 1205 4877 profunditatem
1232 4805 1486 4876 excepit:
1520 4819 1584 4859 ac
1615 4811 1839 4874 prapter
1892 4800 2102 4856 exerci-

527 4898 789 4953 tationem
838 4896 1151 4967 hujusmodi
1202 4913 1306 4950 non
1354 4893 1833 4966 supplantabuntur
1890 4907 2101 4962 gressus

526 4992 663 5061 ejus,
685 4990 1124 5063 quandoquidem
1156 5004 1381 5059 gressus
1411 4988 1530 5058 ejus
1553 5003 1583 5041 a
1606 4988 1838 5042 Domino
1865 4986 2106 5056 dirigen-

526 5082 628 5141 dos
661 5100 802 5153 esse,
838 5084 1091 5155 superius
1133 5084 1339 5139 dictum
1375 5090 1480 5139 est.
1522 5081 1677 5149 Quod
1727 5081 1771 5135 si
1810 5080 1950 5135 forte
1978 5094 2107 5150 pec-

527 5186 711 5243 cator,
761 5176 881 5248 ejus
929 5175 1195 5249 profectui
1244 5176 1512 5240 invidens,
1548 5173 1777 5230 insidias
1826 5174 1950 5227 vitae
1983 5172 2103 5242 ejus

530 5271 811 5335 struxerit,
848 5272 1048 5327 stultus
1081 5285 1213 5325 sane
1258 5267 1497 5330 dicetur,
1549 5280 1660 5320 non
1687 5263 1964 5335 possibilia
2004 5278 2101 5332 ag-

530 5377 775 5431 gressus.
801 5361 937 5416 Nam
981 5377 1209 5433 magnus
1242 5360 1332 5415 ille
1365 5366 1628 5430 patronus
1663 5357 1784 5427 ejus
1822 5372 1924 5410 non
1963 5354 2106 5409 dere-

530 5454 727 5524 linquet
762 5471 878 5508 eum
903 5455 957 5507 in
978 5454 1219 5507 manibus
1241 5452 1355 5522 ejus
1376 5492 1391 5518 ,
1423 5468 1512 5505 nec
1540 5447 1812 5503 damnabit
1841 5463 1957 5501 eum
1986 5461 2105 5499 cum

524 5544 851 5617 judicabitur
897 5548 999 5603 illi.
1052 5545 1410 5619 Symmachus
1457 5558 1619 5609 vero,
1669 5539 1779 5595 Nec
1829 5537 2107 5596 damnabit

530 5652 651 5692 eum
690 5639 742 5692 in
764 5638 991 5707 judicio.

608 5921 653 5955 "
693 5918 840 5979 Psal.
875 5936 1005 5989 cui,
1038 5920 1129 5978 ει.
1206 5920 1253 5955 τ’
1290 5917 1450 5977 Joan.
1484 5935 1534 5985 ι,
1573 5915 1690 5977 1-3.

2205 4785 2510 4856 ἄνθρωπον,
2544 4785 2601 4836 ἐν
2625 4783 2763 4851 αὐτῇ
2798 4783 2864 4851 τῇ
2899 4778 3095 4849 καρδίᾳ
3118 4777 3281 4831 αὐτοῦ
3304 4777 3402 4848 τὴν
3432 4776 3662 4847 θεωρίαν
3686 4774 3777 4827 τοῦ

2198 4878 2369 4947 ¹νόμου
2412 4876 2507 4929 καὶ
2540 4876 2598 4928 τὸ
2625 4874 2785 4944 βάθος
2829 4872 2940 4926 τῶν
2967 4873 3024 4925 ἐν
3067 4868 3214 4940 αὐτῷ
3245 4868 3556 4941 μυστηρίων
3591 4865 3777 4920 ὐποδέ-

2206 4970 2389 5024 δεκται
2413 4984 2427 4999 ·
2458 4967 2544 5021 διὰ
2579 4966 2636 5020 δὲ
2677 4966 2881 5037 ταύτην
2914 4964 3012 5035 τὴν
3046 4963 3277 5033 ἄσκησιν
3304 4963 3416 5028 οὺχ
3452 4960 3779 5014 ὑποσκελι-

2211 5062 2502 5131 σθήσεται
2534 5061 2606 5113 τὰ
2643 5057 2974 5128 διαδήματα
2999 5055 3183 5111 αὑτοῦ
3210 5073 3222 5085 ·
3259 5053 3445 5125 ἐπειδὴ
3479 5049 3628 5122 παρὰ
3671 5052 3780 5103 Κυ-

2214 5151 2329 5224 ρίου
2358 5151 2427 5204 τά
2452 5150 2766 5221 διαδήματα
2787 5148 2949 5203 αὐτοῦ
2974 5145 3413 5208 κατευθύνεσθαι,
3444 5142 3537 5195 καὶ
3566 5140 3653 5193 διά
3678 5137 3782 5192 τῶν

2211 5244 2469 5316 ἀνωτέρω
2511 5243 2775 5296 ἐλέλεκτο.
2824 5242 2887 5294 Ei
2930 5240 2986 5293 δὲ
3025 5240 3118 5293 καί
3157 5255 3283 5291 ποτε
3314 5233 3629 5307 ἁμαρτωλὸς
3666 5231 3780 5284 δια-

2213 5337 2573 5408 φθονούμενος
2609 5338 2676 5406 τῇ
2712 5334 2873 5387 αὐτοῦ
2900 5334 3149 5406 προκοπῇ
3178 5327 3610 5382 ἐπιϐουλεύσειεν
3639 5321 3785 5392 αὐτῷ

2212 5431 2291 5494 είς
2326 5429 2574 5491 θάνατον,
2608 5429 2794 5499 ἄφρων
2827 5421 2979 5488 οὗτος
3008 5424 3327 5495 λεχθήσεται
3360 5419 3639 5480 ἀδυνάτοις
3668 5419 3783 5469 ἐπι-

2213 5521 2433 5593 χειρῶν.
2483 5520 2541 5572 Ὁ
2588 5519 2696 5589 γὰρ
2755 5517 2928 5589 μέγας
2983 5514 3147 5568 αὐτοῦ
3202 5510 3514 5584 προστάτης
3570 5509 3642 5561 οὐ
3706 5503 3786 5573 μὴ

2214 5612 2583 5685 ἐγκαταλίπῃ
2631 5609 2819 5664 αὑτὸν
2868 5610 2954 5673 είς
3005 5610 3111 5671 τὰς
3156 5604 3356 5673 χεῖρας
3408 5599 3616 5661 αὐτοῦ,
3662 5595 3788 5649 οὐδ’

2217 5709 2288 5761 οὐ
2308 5704 2393 5775 μὴ
2426 5702 2796 5771 καταδικάσῃ
2823 5704 3010 5755 αὑτὸν
3052 5700 3123 5753 ὲν
3159 5696 3239 5762 τῷ
3277 5696 3585 5765 κρίνεσθαι
3607 5687 3787 5753 αὐτῷ.

2228 5799 2288 5851 '0
2315 5796 2371 5851 δὲ
2404 5796 2717 5868 Σύμμαχος,
2745 5791 2899 5848 Οὐδὲ
2925 5787 3310 5846 καταδικάσει
3345 5784 3717 5854 κρινόμενον.
