4138 6386
416 288 521 343 537

1549 280 2045 338 ΕΟΜΜΕΝΤΑΒΙΑ
2089 280 2154 335 ΙΝ
2197 280 2534 335 PSALMOS.

3561 282 3668 338 338

484 398 669 457 Εἶδον
690 402 797 455 τὸν
832 399 1022 469 ἀσεϐῆ
1062 402 1587 471 ὐπερυψούμενον,
1632 400 1729 453 καὶ
1757 397 1991 467 ἐπαιρό-

2169 395 2336 453 Vuns.
2365 395 2552 451 55-57.
2602 393 2723 448 Vidi
2762 394 2979 463 impium
3008 395 3455 465 superexalralum
3484 405 3535 450 et
3565 397 3670 451 ele-

408 508 600 561 μενον
621 491 705 558 ὡς
735 492 844 556 τὰς
874 489 1126 559 κέδρους
1155 490 1261 545 τοῦ
1278 492 1554 545 Λιϐάνου.
1576 489 1762 553 Οὖτως
1787 488 1881 541 ἐπὶ
1896 487 1991 542 τοῦ

415 570 683 652 παρόντος
706 578 797 634 διὰ
827 578 1018 650 πείρας
1053 579 1368 649 ἐληλυθέναι
1400 579 1494 634 τοῦ
1523 580 1707 642 τέλους
1729 577 1836 633 τῶν
1868 580 1993 633 ἀσε-

416 672 524 725 6ῶν
550 683 747 743 φησιν·
789 671 864 723 Οὐ
917 670 1028 743 γὰρ
1066 671 1124 739 ἐξ
1151 672 1318 742 ἀκοῆς
1356 673 1521 725 πάλαι
1564 671 1695 724 ποτὲ
1728 671 1992 742 γενόμενα

416 764 616 834 ἑτέρων
649 761 914 829 λεγόντων
965 762 1179 832 ἀκήκοα
1202 778 1214 790 ·
1285 760 1399 815 ἀλλ’
1431 761 1589 824 αὐτὸς
1636 758 1794 823 εἶδον,
1836 759 1989 830 φησὶ,

418 853 767 924 βλασφήμους
808 853 1008 923 ἄνδρας
1054 853 1148 905 καὶ
1183 852 1372 916 ἀθέους
1415 852 1856 924 θαυμαζομένους
1895 851 1991 923 μὲν

422 948 521 1000 ὕπὸ
554 946 792 1008 πάντων,
833 946 1230 1016 ἐπαιρομένους
1262 945 1320 998 δὲ
1356 946 1450 999 καὶ
1485 944 1846 1015 γαυριῶντας,
1882 945 1989 997 οἰο-

422 1041 610 1110 μένους
653 1055 711 1091 τε
746 1037 1073 1100 διαιωνίζειν
1106 1039 1163 1090 ὲν
1199 1037 1277 1107 τῷ
1309 1036 1426 1108 βίῳ.
1471 1037 1608 1090 Ἀλλ’
1639 1037 1715 1100 ὡς
1748 1036 1828 1090 ἔτι
1859 1037 1990 1106 παρ’

420 1132 639 1204 ἐμαυτῷ
666 1131 1038 1201 διελογιζόμην
1066 1130 1182 1194 πῶς
1212 1132 1338 1195 οἶδε,
1357 1131 1557 1202 καίπερ
1578 1132 1791 1194 ἀσεϐεῖς
1819 1130 1988 1196 ὄντες,

424 1224 685 1278 τοσούτων
728 1223 1092 1294 τετυχήκασι,
1146 1221 1395 1293 δεύτερον
1450 1223 1647 1286 αὐτοὺς
1696 1222 1991 1277 θεάσασθαι

420 1313 723 1384 βουληθεὶς,
777 1315 960 1385 ὲπῇρα
1002 1314 1128 1376 τοὺς
1163 1312 1471 1384 ὀφθαλμούς
1492 1330 1504 1343 ο
1541 1315 1590 1366 oi
1635 1314 1692 1366 δὲ
1723 1315 1824 1367 οὐκ
1851 1310 1991 1385 ἦσαν

418 1404 674 1475 οὐδαμοῦ,
708 1406 932 1473 ἀφανεῖς
955 1405 998 1457 δ’
1037 1403 1250 1475 ἀθρόως
1289 1404 1556 1477 ὑπῆρχον.
1592 1401 1725 1458 Εἶτα
1760 1405 1816 1457 δὲ
1848 1404 1991 1476 ἴχνος

420 1498 595 1552 αὐτῶν
635 1498 729 1551 καὶ
765 1497 1076 1568 ὑπόλειμμα
1121 1496 1402 1567 βουληθεὶς
1452 1496 1772 1550 καταλαὸεῖν
1796 1538 1809 1561 ,
1870 1498 1992 1551 οὐδὲ

419 1592 509 1644 τὸν
546 1590 707 1643 τόπον
736 1591 793 1642 ὲν
829 1582 874 1656 ᾧ
918 1590 1137 1644 ἑστάναι
1197 1589 1412 1642 ἐδόκουν
1456 1590 1637 1660 εὑρεῖν
1674 1588 1986 1661 δεδύνημαι.

417 1682 615 1753 Διόπερ
647 1681 834 1753 ἐπειδὴ
875 1680 1084 1733 τοιοῦτο
1139 1688 1205 1733 τὸ
1244 1679 1448 1733 τούτων
1496 1680 1667 1745 τέλος,
1718 1678 1887 1749 φεῦγε
1925 1679 1988 1732 σὺ

2098 498 2277 544 vatum
2333 489 2471 542 sicut
2505 485 2686 541 cedros
2732 484 2946 551 Libani,
2996 496 3105 543 etc.
3154 485 3247 542 Sic
3300 488 3354 542 in
3413 490 3668 559 praesenti

2098 582 2258 636 linem
2296 595 2358 635 se
2397 579 2692 649 impiorum
2740 579 3079 649 experientia
3127 580 3419 635 edidicisse
3460 597 3669 635 memo-

2097 679 2203 726 rat.
2254 668 2440 741 Neque
2476 672 2621 726 enim
2652 671 2766 725 haec
2796 671 2927 725 olim
2973 682 3122 741 gesta
3162 687 3226 725 ex
3276 672 3504 727 aliorum
3538 688 3671 726 nar-

2098 774 2219 818 ratu
2268 762 2495 819 auribus
2541 763 2769 832 excepi:
2824 762 2921 817 sed
2962 762 3099 831 ipse,
3130 763 3327 833 inquit,
3363 763 3472 818 vidi
3518 762 3667 819 viros

2096 857 2411 927 blasphema
2442 855 2780 927 proferentes
2816 863 2870 911 et
2905 854 3098 910 atheos
3122 856 3375 911 omnibus
3407 855 3461 909 in
3494 854 3669 908 admi-

2097 952 2308 1005 ratione
2350 949 2602 1013 habitos,
2652 950 2825 1004 elatos
2876 956 2930 1004 et
2986 948 3360 1011 exsultantes,
3413 953 3668 1017 putantes

2097 1042 2201 1097 sibi
2253 1048 2572 1112 perpetuam
2628 1039 2743 1095 fore
2775 1041 2964 1094 vitam.
3013 1037 3119 1095 Sed
3153 1038 3281 1093 dum
3330 1053 3541 1092 mecum
3574 1051 3667 1092 re-

2097 1142 2369 1204 putarem.
2416 1132 2693 1204 quomodo
2736 1131 2810 1184 illi
2855 1131 3110 1201 quamvis
3168 1130 3342 1201 impii,
3394 1136 3475 1183 tot
3520 1130 3666 1184 nacti

2098 1228 2239 1281 bona
2276 1235 2496 1292 essent,
2543 1226 2731 1281 oculos
2765 1225 3009 1281 secundo
3042 1224 3270 1289 sustuli,
3305 1232 3364 1277 ut
3418 1229 3665 1276 contem-

2098 1318 2278 1389 plarer
2316 1318 2503 1387 ipsos:
2540 1326 2595 1370 at
2626 1318 2704 1371 illi
2735 1332 3009 1387 nusquam
3043 1323 3221 1380 erant,
3251 1315 3347 1370 sed
3378 1313 3664 1368 confestim

2096 1417 2452 1463 evanueraut.
2512 1408 2715 1464 Deinde
2771 1408 3061 1479 vestigium
3116 1423 3180 1462 ac
3255 1415 3667 1461 monumentum

2095 1513 2285 1552 eorum
2314 1498 2722 1570 deprehendere
2754 1500 2963 1562 volens,
3005 1514 3075 1552 ne
3124 1499 3303 1552 locum
3346 1497 3562 1567 quidem
3610 1495 3666 1556 in

2096 1604 2205 1660 quo
2229 1590 2447 1644 stetisse
2477 1589 2801 1644 videbantur
2844 1591 3082 1659 reperire
3110 1588 3281 1658 potui.
3330 1587 3669 1657 Quapropter

2097 1686 2224 1752 quia
2249 1681 2376 1737 talis
2400 1696 2589 1736 eorum
2624 1680 2747 1737 linis
2780 1693 2885 1746 est,
2932 1680 3058 1751 fuge
3090 1688 3169 1745 tu,
3200 1680 3489 1749 discipule,
3529 1679 3667 1733 tales

416 1776 445 1827 6
480 1772 917 1843 μαθητευόμενος
942 1772 1130 1826 τοῦτον
1156 1770 1261 1824 τῶν
1291 1770 1502 1825 ἀσεϐῶν
1536 1772 1626 1825 τὸν
1647 1771 1867 1844 τρόπον,
1898 1771 1991 1825 καὶ

2097 1774 2387 1843 impiorum
2437 1789 2652 1838 mores,
2696 1775 2857 1829 ablue
2900 1788 3117 1829 omnem
3173 1772 3461 1836 malitiam,
3502 1771 3669 1841 dilige

417 1862 678 1932 andvutov
727 1863 823 1933 μὲν
862 1860 1057 1917 ἑαυτοῦ
1120 1863 1300 1915 πᾶσαν
1343 1861 1562 1926 κακίαν,
1618 1862 1903 1933 ἀγάπησον
1937 1861 1994 1915 δὲ

415 1956 517 2027 τὴν
544 1956 758 2009 εὐθεῖαν
781 1955 919 2009 ὁδόν.
952 1954 1117 2008 Μένει
1146 1954 1253 2025 γὰρ
1278 1955 1693 2025 ἐγκατάλειμμα
1721 1955 1816 2008 καὶ
1840 1954 1993 2018 ἐλπὶς

417 2047 618 2119 ἀγαθὴ,
648 2048 724 2119 τῷ
758 2048 855 2119 τὴν
896 2049 1119 2120 εἰρήνην
1148 2048 1241 2101 καὶ
1270 2046 1365 2119 τὴν
1396 2047 1577 2118 φιλίαν
1616 2048 1714 2118 τὴν
1747 2047 1881 2119 πρὸς
1903 2046 1994 2099 τὸν

417 2140 549 2196 Θεὸν
579 2141 988 2212 μεταδιώξαντι,
1019 2142 1112 2196 καὶ
1136 2142 1225 2195 διὰ
1250 2141 1408 2195 τοῦτο
1433 2140 1694 2212 εἰρηνικῷ
1722 2140 1994 2212 ἀνθρώπῳ

418 2235 715 2305 γενομένῳ.
754 2235 912 2289 Κατὰ
929 2234 985 2287 δὲ
1016 2234 1108 2286 τὸν
1138 2233 1455 2304 Σύμμαχον,
1484 2234 1790 2305 φύλασσε,
1810 2234 1992 2303 φησὶν,

415 2326 758 2395 ἁπλότητα,
792 2326 891 2381 καὶ
925 2326 1035 2395 ὅρα
1060 2326 1226 2391 εὐθὺ,
1256 2324 1495 2380 ὅτιὲστι
1530 2326 1841 2396 μέλλοντα
1890 2325 1995 2379 ἀν-

416 2417 626 2486 θρέιπῳ
672 2416 968 2486 εἰρηνικῷ.

804 2530 1093 2583 ΨΑΛΜΟΣ
1134 2531 1221 2583 ΤΩ
1260 2529 1457 2582 ΔΑΥῐΔ
1486 2530 1607 2583 ΛΖ’.

947 2625 1051 2688 Εἰς
1098 2621 1462 2691 ἀνάμνησιν.

486 2712 682 2779 Κύριε,
721 2709 808 2780 μὴ
854 2710 935 2777 τῷ
970 2710 1134 2780 θυμῷ
1171 2724 1289 2764 σου
1319 2709 1583 2780 ’ἐλέγξῃς
1612 2726 1709 2779 με,
1735 2708 1889 2779 μηδὲ
1918 2709 1991 2779 τῇ

415 2801 565 2872 ὀργῇ
596 2818 711 2855 σου
753 2801 1083 2870 παιδεύσῃς
1102 2818 1197 2870 με.
1229 2802 1421 2865 Αὐτοῖς
1453 2802 1659 2871 ῥήμασι
1693 2801 1784 2854 καὶ
1804 2801 1992 2864 αὑταῖς

417 2894 710 2958 συλλαϐαῖς
748 2895 840 2948 καὶ
869 2897 897 2948 ὁ
940 2901 992 2959 ς’
1014 2894 1227 2965 ψαλμὺς
1256 2894 1429 2964 τούτῳ
1474 2892 1867 2965 παραπλησίως
1895 2892 1993 2964 ἄρ-

415 3004 588 3056 χεται,
618 2987 710 3041 καὶ
743 2988 812 3040 τὰ
850 2986 1011 3040 λοιπά
1039 2986 1095 3039 δὲ
1117 2986 1211 3039 τοῦ
1250 2987 1406 3039 ἕκτου
1437 2989 1548 3050 τοῖς
1581 2990 1638 3039 ὲν
1664 2985 1741 3057 τῷ
1767 3004 1989 3058 προκει-

2096 1866 2237 1920 viam
2270 1874 2500 1922 rectam.
2542 1866 2760 1921 Manent
2788 1864 2932 1920 enim
2974 1864 3219 1934 reliquiae
3248 1879 3481 1934 spesque
3525 1862 3666 1918 bona

2094 1974 2217 2014 eum
2244 1960 2338 2029 qui
2377 1975 2564 2029 pacem
2596 1958 3007 2028 amicitiamque
3057 1956 3152 2013 Dei
3198 1957 3567 2027 persequitur,
3611 1962 3666 2008 et

2094 2049 2217 2102 ideo
2255 2048 2420 2103 homo
2447 2050 2709 2119 pacilicus
2739 2047 2966 2103 effectus
2993 2053 3096 2101 est.
3141 2044 3457 2100 Secundum
3504 2044 3663 2115 Sym-

2093 2138 2347 2193 machum
2394 2148 2611 2204 autem,
2649 2136 2870 2194 Custodi
2906 2136 3334 2206 simplicitatem,
3384 2136 3579 2205 inquit,
3620 2146 3663 2190 σι

2093 2231 2208 2285 vide
2253 2232 2585 2303 (equitatem,
2629 2231 2878 2301 quoniam
2926 2231 3110 2299 futura
3162 2239 3286 2283 sunt
3334 2228 3531 2283 homini
3568 2242 3664 2295 pa-

2092 2321 2265 2390 ciﬁco.

2375 2521 2429 2577 1.
2471 2519 2798 2576 PSALMUS
2849 2519 3080 2575 DAVIDI
3116 2518 3380 2574 XXXVII.

2401 2613 2463 2667 In
2493 2616 2982 2668 rememorationem
3012 2612 3076 2667 de
3101 2612 3356 2668 Sabbato.

2165 2706 2333 2762 Vens.
2380 2706 2436 2761 2.
2478 2706 2737 2772 Domine,
2770 2724 2833 2761 ne
2885 2707 2941 2761 in
2971 2707 3151 2777 furore
3193 2715 3283 2759 tuo
3321 2720 3514 2777 arguas
3561 2721 3661 2769 me,

2092 2817 2252 2872 neque
2282 2802 2335 2855 in
2368 2802 2454 2855 ira
2477 2810 2568 2856 tua
2600 2802 2857 2871 corripias
2892 2817 2991 2855 me.
3024 2800 3162 2870 Ipsis
3192 2800 3379 2855 verbis
3421 2798 3667 2870 ipsisque

2092 2893 2321 2965 syllabis
2348 2904 2534 2949 sextus
2562 2909 2782 2964 quoque
2827 2894 3072 2963 psalmus
3109 2893 3315 2962 pariter
3353 2891 3661 2956 inchoatur,

2090 2991 2145 3039 τι
2172 2984 2382 3054 reliqua
2415 2999 2536 3053 qua:
2567 2984 2620 3038 in
2668 2991 2822 3038 sexto
2867 2990 3211 3053 comparent,
3258 2982 3423 3051 hujus
3469 2982 3662 3053 psalmi

419 3079 567 3149 μένῳ
597 3078 915 3149 φερομένοις
949 3078 1184 3148 συγγενῆ
1214 3080 1491 3149 τυγχάνει.
1533 3078 1669 3131 Ἀλλ’
1693 3081 1750 3132 ὲν
1785 3080 1881 3150 μὲν
1915 3078 1991 3150 τῷ

2094 3075 2253 3130 dictis
2287 3073 2465 3129 aﬂinia
2498 3083 2645 3130 sunt.
2673 3073 2742 3128 At
2778 3074 2833 3128 in
2872 3082 3027 3130 sexto
3060 3074 3272 3144 psalmo
3308 3074 3389 3128 sic
3429 3073 3664 3129 habebat

415 3171 607 3241 ἒκτῳή
636 3171 928 3242 προγραφὴ
945 3174 1216 3244 περιεῖχεν
1234 3187 1247 3201 ·
1281 3174 1385 3237 Είς
1407 3171 1473 3224 τὸ
1496 3170 1670 3237 τέλος
1685 3172 1751 3224 ἐν
1781 3172 1991 3241 ὕμνοις

416 3263 570 3329 ὑπὲρ
614 3261 724 3330 τῆς
776 3262 990 3333 ὀγδόης
1017 3261 1261 3332 ψαλμὸς
1310 3263 1392 3329 τῷ
1440 3264 1651 3319 Δαυΐδο
1717 3269 1774 3319 ὲν
1820 3266 1875 3318 δὲ
1914 3265 1993 3337 τῷ

418 3357 648 3427 παρόντι
676 3355 881 3409 τούτων
911 3356 1006 3426 μὲν
1028 3356 1201 3419 οὐδὲν,
1232 3356 1391 3425 μόνον
1416 3357 1473 3410 δὲ
1500 3357 1604 3411 τὸν
1625 3358 1874 3428 ψαλμὸν
1914 3358 1995 3424 τῷ

417 3447 601 3501 Δαυΐδ
640 3449 728 3513 εἰς
772 3445 1116 3515 ἀνάμνησιν
1161 3446 1447 3501 δέδεικται,
1486 3449 1559 3501 ’Ἡ
1594 3466 1656 3518 γε
1693 3450 1798 3521 μὴν
1831 3466 1995 3522 προσ-

416 3540 561 3612 θήκη
597 3543 651 3611 ή,
709 3542 795 3606 εἰς
825 3539 1189 3609 ἀνάμνησιν,
1233 3538 1406 3592 ἔοικεν
1456 3541 1797 3611 ἀναπέμπειν
1846 3543 1994 3612 ἡμᾶς

418 3633 498 3696 εἰς
525 3632 623 3704 τὴν
650 3634 707 3685 ὲν
726 3631 802 3703 τῷ
825 3632 968 3702 ’ἐκτῳ
992 3632 1335 3703 προγραφὴν,
1360 3631 1489 3684 ὥστ’
1510 3628 1650 3686 εἶναι
1674 3632 1740 3685 τὰ
1754 3633 1995 3704 παρόντα

417 3726 507 3789 είς
527 3724 593 3776 τό
620 3723 814 3789 τέλος,
838 3724 951 3786 καὶ,
970 3724 1039 3777 ἐν
1060 3724 1291 3794 ὕμνοις,
1313 3725 1407 3778 καί¹
1430 3724 1579 3791 ὑπὲρ
1612 3722 1719 3792 τῆς
1741 3725 1957 3794 ὀγδόης
1976 3742 1989 3756 °

418 3816 636 3867 πάντων
658 3812 767 3885 γὰρ
785 3814 852 3866 ἂν
878 3814 959 3885 εἴη
978 3812 1179 3867 τούτων
1203 3815 1613 3885 παραστατικὸν
1630 3815 1709 3878 τὸ,
1744 3818 1831 3880 εἰς
1847 3815 1993 3871 ἀνά-

410 3920 666 3976 μνησιν.
719 3905 858 3959 Ἀλλ’
910 3906 1034 3958 ἐπεὶ
1085 3904 1373 3970 διεξιόντες
1429 3905 1497 3959 τά
1529 3907 1586 3958 ὲν
1626 3906 1704 3977 τῷ
1743 3906 1995 3977 tuumne

419 3995 764 4050 ύποπεσόντα
794 3997 872 4058 είς
899 3997 998 4066 τὴν
1041 3996 1365 4069 προγραφὴν
1403 3997 1720 4067 εἰρήκαμεν,
1762 4000 1849 4064 εἰς
1878 3997 1993 4066 τὴν

416 4087 639 4141 ἐκείνων
691 4084 1033 4156 ἀνάμνησιν
1090 4087 1185 4140 καὶ
1239 4089 1404 4158 ἡμεῖς
1452 4088 1842 4159 ἀναπέμψομεν
1901 4089 1992 4144 τὸν

414 4180 831 4249 ἐντυγχάνοντα.
856 4181 1013 4233 Δοκεῖ
1035 4179 1091 4232 δέ
1115 4198 1204 4251 μοι
1229 4182 1257 4233 ὁ
1278 4180 1458 4242 Δαυῒδ,
1482 4180 1753 4253 διαφόρως
1776 4184 1834 4234 ἐν
1866 4182 1993 4236 πολ-

413 4268 529 4334 λοῖς
563 4272 690 4341 περὶ
716 4270 810 4324 τοῦ
842 4271 1176 4343 πραχθέντος
1214 4272 1362 4343 αὐτῷ
1392 4273 1680 4345 πλημμελή
1691 4292 1858 4345 ματος
1903 4275 1991 4341 ἐξ-

410 4360 907 4431 ομολογησάμενος,
948 4363 1091 4426 ἰδίως
1125 4363 1216 4416 τὸν
1262 4364 1506 4434 παρόντα
1550 4364 1763 4434 ψαλμὸν
1791 4365 1994 4435 ἀφωρι-

2092 3167 2380 3238 inscriptio
2415 3186 2427 3221 :
2468 3166 2530 3221 In
2560 3154 2718 3237 ﬁnem
2750 3167 2805 3221 in
2833 3166 3039 3237 hymnis
3070 3175 3165 3235 pro
3208 3175 3393 3220 octaua
3425 3166 3665 3235 psalmus

2093 3255 2305 3311 Davidi.
2350 3255 2408 3311 In
2456 3258 2710 3327 prmsenti
2746 3268 2925 3312 autem
2980 3258 3119 3312 nihil
3162 3257 3358 3312 horum
3410 3257 3664 3322 habetur,

2093 3348 2187 3403 sed
2221 3348 2507 3414 duntaxat,
2541 3349 2776 3418 psalmus
2810 3347 3039 3413 Davidi,
3074 3349 3129 3403 in
3155 3349 3663 3404 rememoralionem.

2094 3439 2207 3495 Hoc
2248 3456 2413 3511 porro
2444 3441 2876 3496 additamentum
2897 3480 2911 3504 ,
2947 3442 3001 3494 in
3032 3442 3519 3495 rememorationem
3538 3480 3556 3505 ,
3584 3439 3666 3493 vi-

2093 3534 2253 3589 detur
2279 3549 2379 3589 nos
2409 3534 2477 3587 ad
2512 3534 2710 3604 psalmi
2745 3534 2885 3589 sexti
2922 3533 3334 3604 inscriptionem
3366 3532 3662 3596 remittere,

2095 3625 2170 3678 ita
2207 3632 2265 3678 ut
2296 3638 2417 3694 quae
2445 3624 2559 3693 jam
2587 3622 2643 3677 in
2671 3624 2925 3678 manibus
2960 3631 3108 3688 sunt,
3140 3624 3194 3677 in
3226 3623 3404 3691 linem,
3439 3622 3494 3675 iu
3522 3620 3669 3691 hym-

2093 3717 2197 3783 nis,
2222 3728 2273 3770 et
2298 3731 2393 3785 pro
2424 3725 2609 3770 octava
2635 3714 2780 3769 dicta
2821 3715 2924 3771 sint
2951 3733 2973 3783 ;,
2995 3730 3121 3772 nam
3160 3715 3276 3770 haec
3299 3713 3482 3768 omnia
3512 3728 3666 3783 repe-

2094 3818 2208 3863 tere
2242 3817 2295 3863 et
2322 3809 2607 3865 declarare
2631 3808 2848 3863 videtur
2877 3808 3045 3871 illud,
3074 3808 3127 3861 in
3156 3806 3662 3861 rememoratiouem.

2093 3898 2292 3954 Verum
2321 3901 2449 3971 quia
2483 3915 2606 3954 cum
2641 3907 2853 3954 sextum
2896 3899 3164 3969 psalmum
3222 3899 3667 3969 explanaremus,

2092 4006 2214 4061 quae
2258 3991 2670 4061 inscriptionem
2712 3992 3034 4063 spectabant
3082 3990 3515 4061 explicavimus,
3564 4007 3667 4048 uos

2094 4098 2311 4154 quoque
2342 4084 2397 4137 iu
2438 4085 2925 4137 rememorationem
2970 4098 3158 4138 eorum
3190 4082 3447 4137 lectorem
3483 4084 3668 4138 remit-

2093 4184 2293 4232 temus.
2316 4174 2547 4231 Videtur
2576 4192 2743 4247 porro
2777 4176 2911 4230 mihi
2936 4175 3215 4239 Davidem,
3244 4190 3369 4228 cum
3398 4176 3453 4230 in
3480 4175 3668 4232 multis

2094 4268 2192 4323 abs
2227 4284 2286 4324 se
2317 4275 2692 4339 perpetratum
2726 4267 2943 4323 facinus
2975 4268 3125 4322 varie
3176 4265 3466 4322 confessus
3499 4275 3667 4332 esset,

2093 4359 2239 4415 hunc
2294 4360 2399 4415 sibi
2463 4361 2734 4430 psalmum
2784 4358 3004 4430 proprie
3070 4360 3125 4413 in
3181 4359 3668 4413 rememoratiouem

413 4452 572 4505 κέναι
604 4448 783 4523 ἑαυτῷ
828 4455 916 4519 εἰς
942 4453 1302 4524 ἀνάμνησιν,
1328 4455 1404 4519 ὡς
1435 4455 1522 4509 ἀεὶ
1547 4456 1640 4509 καὶ
1670 4456 1759 4509 διὰ
1792 4457 1990 4520 παντὸς

2095 4452 2430 4522 seposuisse,
2470 4452 2544 4506 ita
2586 4460 2647 4506 ut
2695 4468 2821 4507 eum
2878 4466 3096 4521 semper
3128 4451 3182 4505 in
3218 4465 3314 4506 ore
3372 4449 3558 4514 ferret,
3601 4464 3672 4504 eo

412 4543 603 4614 φέρειν
635 4543 767 4597 αὐτὸ
805 4544 910 4596 ἀνά
938 4545 1135 4615 στόμα.
1191 4544 1507 4615 Κεχρῆσθαι
1569 4543 1627 4601 δὲ
1677 4545 1828 4619 αὐτῷ
1869 4548 1989 4600 ἀντὶ

412 4635 630 4706 ἐπῳδῆς
656 4636 749 4688 ἐπὶ
779 4634 1044 4707 θεραπείᾳ
1090 4637 1187 4707 τῆς
1225 4636 1389 4689 αὑτοῦ
1433 4636 1634 4709 ψυχῆς.
1689 4638 1991 4710 Ἱκετηρίαν

412 4726 546 4795 γοῦν
576 4728 887 4799 ἀναπέμπει
931 4728 1008 4800 τῷ
1041 4727 1178 4799 Θεῷ,
1206 4729 1271 4782 δι’
1305 4725 1373 4802 ἧς
1404 4728 1748 4801 ἀποστρέφει,
1774 4732 1869 4802 μὲν
1894 4733 1992 4803 τὴν

412 4820 584 4892 ὀργὴν
606 4820 703 4892 τήν
733 4822 865 4874 πᾶσι
887 4824 999 4884 τοῖς
1026 4823 1428 4893 ἁμαρτάνουσιν
1450 4824 1853 4895 ἐπηρτημένην,
1880 4824 1993 4877 ἰλά-

412 4926 606 4965 σκεται
636 4912 691 4964 δὲ
729 4912 822 4965 τὸν
854 4912 1055 4981 ἀγαθὸν
1090 4913 1291 4995 Κύριον
1321 4918 1439 4978 ταῖς
1471 4915 1587 4986 μεθ’
1623 4916 1989 4989 ὑπερϐαλλούο

413 5015 520 5071 σης
560 5001 996 5074 ἐξομολογήσεως
1043 5008 1265 5073 φωναῖς.
1310 5006 1497 5075 Λέγων
1542 5007 1632 5060 δέ·
1665 5009 1865 5077 Κύριε,
1901 5008 1988 5078 μὴ

412 5090 497 5156 τῷ
534 5092 697 5160 θυμῷ
742 5108 859 5148 σου
901 5094 1155 5165 ἐλέγξῃς
1176 5114 1272 5167 με,
1306 5098 1367 5150 ού
1404 5100 1494 5151 τὸν
1523 5098 1742 5170 ἔλεγχον
1786 5118 1989 5172 παραι-

412 5187 609 5242 τεῖται.
669 5184 802 5240 ἀλλά
846 5187 939 5240 τὸν
974 5189 1110 5258 μετὰ
1150 5188 1317 5259 θυμοῦ
1344 5207 1357 5219 °
1388 5190 1508 5244 οὐδὲ
1542 5191 1606 5244 τὸ
1637 5192 1989 5263 παιδευθῆναι

412 5276 629 5343 φεύγει,
668 5277 802 5330 ἀλλὰ
820 5279 882 5331 τὸ
916 5280 1053 5349 μετά
1080 5280 1246 5351 ὀργῆς
1269 5297 1283 5310 ⁸
1314 5279 1444 5332 ὡσεὶ
1476 5282 1570 5334 καὶ
1612 5284 1779 5354 ἰατρῷ
1805 5301 1890 5347 τις
1922 5285 1991 5338 τά

411 5366 503 5419 διὰ
554 5367 825 5439 καυτῆρος
881 5372 974 5423 καί
1038 5370 1256 5443 σιδήρου
1308 5375 1401 5425 καὶ
1445 5375 1655 5446 πικρῶν
1701 5377 1990 5431 ἀντιδότων

414 5459 779 5528 προσφέροντι
811 5460 1134 5533 βοηθήματα
1152 5464 1243 5517 ἐπὶ
1269 5464 1536 5538 θεραπεία
1558 5468 1759 5533 πάθους
1781 5471 1994 5524 ὑποκεί-

413 5564 577 5616 μενος
610 5547 786 5619 λέγοιο
822 5550 911 5622 Μὴ
938 5551 1025 5605 διὰ
1052 5554 1218 5623 πυρός
1248 5572 1312 5625 με
1344 5556 1705 5630 θεραπεύσῃς,
1741 5561 1875 5631 μηδὲ
1905 5560 1990 5615 διὰ

412 5638 634 5711 σιδήρου
664 5641 761 5696 καὶ
792 5642 996 5713 τομῶν,
1054 5644 1187 5698 ἁλλά
1220 5646 1306 5700 διὰ
1332 5647 1507 5716 ὴπίων
1550 5650 1642 5702 καὶ
1673 5653 1990 5722 πραοτέρων

410 5732 742 5801 φαρμάκων.
785 5735 841 5788 Ὀ
870 5735 977 5805 γὰρ
1009 5737 1248 5803 τοιοῦτος
1288 5739 1347 5792 οὐ
1412 5739 1506 5808 τὴν
1556 5741 1848 5809 θεραπείαν
1886 5745 1985 5811 ἀρ-

2096 4561 2230 4601 usus
2261 4546 2418 4616 quasi
2452 4544 2811 4600 delinimento
2862 4544 2929 4599 ad
2979 4543 3240 4598 medelam
3298 4543 3492 4597 animae
3531 4558 3665 4597 suae.

2095 4634 2560 4708 Supplicationem
2595 4635 2778 4705 itaque
2820 4634 2931 4689 Deo
2964 4633 3184 4698 emittit,
3212 4649 3319 4703 qua
3362 4633 3499 4688 iram
3540 4633 3665 4702 qui-

2092 4727 2215 4783 dem
2260 4728 2619 4799 peccantibus
2672 4727 2931 4782 omnibus
2990 4727 3388 4795 impendentem
3432 4724 3668 4790 avertit,

2094 4821 2429 4891 vocibusque
2457 4821 2672 4875 eximia:
2711 4818 3079 4875 confessionis
3127 4819 3327 4873 bonum
3376 4816 3667 4871 Dominum

2092 4919 2391 4988 prOpitium
2423 4917 2528 4972 sibi
2571 4915 2723 4970 facit.
2762 4915 2900 4970 Cum
2935 4929 3066 4969 vero
3101 4913 3196 4976 ait,
3236 4912 3487 4979 Domine,
3521 4928 3585 4966 uc
3613 4914 3668 4965 in

2091 5009 2270 5078 furore
2309 5016 2398 5059 tuo
2448 5022 2645 5076 arguas
2699 5021 2813 5069 me,
2870 5020 2982 5058 non
3036 5003 3511 5073 reprehensionem
3572 5001 3668 5057 de-

2092 5106 2323 5163 trectat,
2358 5097 2455 5152 sed
2504 5112 2630 5151 cum
2671 5096 2858 5151 furore
2902 5093 3286 5163 conjunctam;
3329 5109 3505 5165 neque
3543 5108 3669 5147 cor-

2091 5190 2398 5261 reptionem
2428 5187 2591 5258 fugit,
2627 5189 2882 5245 sed-cum
2932 5187 3014 5241 ira
3062 5186 3263 5242 editam
3291 5204 3311 5242 :.
3339 5202 3404 5241 ac
3452 5186 3499 5241 si
3543 5200 3669 5256 quis

2092 5283 2306 5338 medico
2338 5296 2436 5350 per
2466 5279 2837 5345 adustionem,
2872 5277 3078 5333 ferrum
3111 5289 3166 5333 et
3196 5277 3394 5333 acerba
3426 5277 3668 5331 remedia

2093 5371 2338 5426 levamen
2367 5369 2543 5423 morbi
2580 5367 2828 5424 offerenti
2878 5366 3162 5436 subjectus
3191 5367 3375 5422 dicat:
3427 5366 3507 5421 Ne
3535 5359 3666 5421 milii

2094 5463 2296 5534 ignem,
2325 5476 2394 5517 ne
2424 5460 2652 5525 ferrum,
2681 5476 2751 5516 ne
2774 5461 3052 5515 sectiones
3078 5457 3147 5514 ad
3184 5460 3450 5515 medelam
3478 5458 3670 5513 admo-

2093 5570 2243 5621 veas,
2290 5554 2386 5609 sed
2436 5553 2618 5607 dulcia
2670 5552 2999 5623 mitioraque
3038 5553 3316 5609 remedia:
3364 5553 3491 5608 talis
3521 5552 3666 5608 enim

2092 5649 2259 5703 homo
2283 5662 2391 5703 non
2422 5649 2758 5703 curationem
2790 5649 2998 5714 abnuit,
3040 5648 3135 5705 sed
3171 5648 3445 5704 duriorem
3478 5648 3660 5718 cpitu-

2093 5745 2240 5803 landi
2274 5746 2563 5803 rationem.
2619 5744 2948 5816 Plerumque
2994 5754 3174 5804 autem
3206 5746 3465 5812 diximus,
3528 5745 3665 5799 iram
