4138 6386
487 331 593 385 δῗθ

1138 329 1405 384 EUSEBII
1435 329 1908 386 CESARIENSIS
1947 329 2097 387 OPP.
2140 331 2319 387 PARS
2358 331 2443 386 lll.
2483 364 2554 374 —
2579 333 2988 390 EXEGETICA.

3625 343 3729 393 540

486 455 540 500 et
567 445 804 498 furorem
842 443 934 498 Dei
964 444 1016 498 in
1048 443 1310 501 divinitus
1340 447 1558 503 traditis
1589 445 1912 518 Scripturis,
1941 465 2045 502 non

2153 454 2342 515 νεῖται,
2365 451 2498 503 ἀλλὰ
2527 451 2619 504 τὸν
2649 452 2905 505 ἐπίπονον
2955 450 3154 522 τρόπον
3191 449 3298 503 τῶν
3350 448 3726 522 βοηθημάτων.

485 535 653 589 animi
687 543 868 591 motus
892 537 946 589 in
980 535 1090 591 Deo
1116 539 1448 608 signiﬁcare,
1476 554 1602 594 nam
1635 540 1702 594 ab
1727 540 1795 594 iis
1822 554 2056 594 vacuum

486 628 698 683 Numen
740 639 854 696 est;
887 629 980 684 sed
1014 646 1111 700 per
1158 634 1568 688 translationem
1614 633 1730 688 haec
1781 634 1956 688 solent
1999 634 2054 688 in

487 718 776 790 Scriptura
817 722 1118 786 nominari,
1153 725 1610 794 quemadmodum
1667 726 1833 792 oculi,
1869 741 2054 792 aures,

487 827 704 875 manus,
737 813 913 883 digiti,
946 815 1112 884 pedes
1142 828 1194 872 et
1223 819 1432 888 reliqua
1466 819 1743 874 membra:
1786 836 1908 889 quae
1942 821 2057 887 ipse

485 903 802 960 hominibus
851 907 1061 961 utiliter
1108 908 1421 976 dispensat,
1477 911 1788 964 auditorum
1845 911 2056 980 simpli-

482 995 632 1048 citati
664 1009 723 1049 se
769 1004 1162 1066 attemperans.
1201 998 1292 1053 Sic
1343 1001 1511 1073 igitur
1557 1000 1792 1055 inﬂictas
1846 1016 1912 1054 ex
1959 1001 2055 1055 Dei

476 1081 687 1152 judicio
755 1089 1114 1154 peccantibus
1165 1105 1396 1158 pcenas,
1453 1107 1573 1161 quae
1627 1108 1759 1147 sane
1814 1093 2055 1147 molestae

482 1172 799 1240 acerbaque
833 1175 1166 1244 patientibus
1197 1188 1348 1244 sunt,
1381 1182 1539 1251 quasi
1570 1197 1636 1236 ex
1668 1183 1748 1235 ira
1783 1191 1834 1236 et
1870 1183 2055 1238 furore

482 1257 725 1316 invectas
755 1261 1062 1319 adumbrat.
1110 1265 1226 1321 Hoc
1279 1273 1463 1338 itaque
1509 1270 1667 1326 docet
1721 1288 1880 1328 sacer
1909 1273 2056 1343 Apo-

482 1351 658 1407 stolus
699 1353 923 1419 dicens,
979 1355 1278 1413 Secundum
1326 1372 1502 1416 autem
1563 1364 1818 1418 duritiam
1867 1376 2051 1432 tuam,

479 1453 532 1498 et
559 1445 886 1512 impaenitens
914 1464 1026 1511 cor,
1061 1449 1390 1507 thesaurizas
1442 1455 1534 1508 tibi
1570 1457 1708 1508 iram
1741 1457 1796 1510 in
1822 1457 1906 1510 die
1933 1458 2048 1522 iraa,

481 1545 531 1589 et
558 1537 889 1592 reuelationis
906 1539 1043 1608 justi
1064 1540 1261 1610 judicii
1295 1543 1412 1609 Dei,
1447 1546 1536 1614 qui
1570 1546 1746 1600 reddet
1777 1549 2054 1619 unicuique

481 1635 768 1690 secundum
799 1653 956 1706 opera
999 1638 1113 1707 ejus
1136 1641 1182 1671 ⁸ο
1209 1659 1221 1694 :
1259 1656 1324 1695 ac
1355 1642 1400 1696 si
1434 1643 1559 1712 quis
1579 1642 1832 1699 inductas
1863 1660 1893 1698 a
1936 1645 2054 1715 lege

481 1723 771 1780 homicidis
812 1742 1025 1796 pcenas,
1064 1729 1200 1783 iram
1247 1746 1310 1785 ac
1352 1732 1589 1788 furorem
1629 1735 1896 1806 appellet;
1940 1751 2049 1791 non

2158 541 2423 604 Πολλάκις
2453 541 2509 594 δὲ
2562 542 2794 613 εἴρηται,
2825 542 2901 605 ὡς
2939 542 3076 613 ὀργὴ
3107 541 3202 596 xui
3224 541 3393 612 θυμὸς
3417 542 3550 596 Θεοῦ
3579 543 3733 613 λεγό-

2159 650 2295 704 μενα
2349 637 2406 686 ὲν
2457 636 2575 697 ταῖς
2605 634 2977 697 θεοπνεύστοις
3034 636 3072 686 Γ
3077 636 3274 705 ραφαῖς
3304 635 3364 686 οὐ
3413 635 3560 707 πάθη
3603 637 3731 707 περὶ

2155 724 2244 776 τὸν
2274 725 2410 778 Θεὸν
2439 725 2712 796 σημαίνει,
2749 726 2949 789 παντὸς
2981 726 3088 797 γὰρ
3127 727 3328 790 πάθους
3359 727 3638 799 ἀλλότριον
3669 729 3731 782 τὸ

2155 814 2308 870 Θεῖον
2329 833 2341 845 ·
2378 818 2517 870 κατὰ
2549 818 2858 889 μεταφορὰν
2890 818 2945 870 δὲ
2978 819 3046 871 τά
3066 819 3290 872 τοιαῦτα
3317 819 3504 873 εἴωθεν
3531 822 3730 892 ὀνομά-

2158 904 2269 970 ζειν
2288 910 2315 960 ὁ
2331 908 2429 978 τῆς
2459 909 2681 979 Γραφῆς
2710 909 2882 976 λόγος,
2913 909 2988 973 ὡς
3009 911 3103 962 xui
3131 909 3441 980 ὀφθαλμοὺς
3457 911 3616 974 Θεοῦ,
3637 914 3730 966 xui.

2155 991 2269 1051 ὦτα
2325 999 2418 1051 καὶ
2476 1002 2664 1069 χεῖρας
2697 999 2790 1053 xui
2841 999 3156 1062 δακτύλους,
3196 1001 3290 1052 xui
3339 1001 3507 1065 πόδας
3534 1003 3627 1055 καὶ
3655 1001 3728 1054 τὰ

2155 1091 2315 1144 λοιπὰ
2365 1091 2531 1162 μέλη·
2582 1091 2725 1162 άπερ
2775 1092 2851 1153 ὼς
2904 1090 3039 1162 πρὸς
3087 1091 3401 1162 ἀνθρώπους
3443 1094 3730 1166 χρησίμως

2153 1186 2534 1254 οἰκονομεῖται,
2561 1181 2869 1251 συγκατιὼν
2896 1186 2962 1254 τῇ
2992 1183 3098 1239 τῶν
3140 1185 3502 1255 ἀκροωμένων
3535 1189 3728 1256 νηπιό-

2152 1291 2296 1344 τητι.
2333 1274 2518 1338 Οὕτως
2555 1271 2645 1326 οῦν
2686 1274 2779 1326 xui
2812 1273 2911 1338 τὰς
2951 1276 3293 1346 ἐπαγομένας
3330 1277 3597 1348 τιμωρίας
3618 1283 3728 1343 τοῖς

2154 1366 2527 1435 ἁμαρτάνουσι
2547 1365 2688 1418 κατὰ
2716 1366 2848 1419 Θεοῦ
2872 1367 3072 1438 κρίσιν,
3094 1367 3421 1436 σκυθρωπάς
3445 1367 3610 1433 οὔσας
3635 1371 3728 1424 καὶ

2154 1457 2408 1526 ἀλγεινὰς
2438 1460 2551 1520 τοῖς
2593 1458 2910 1528 πάσχουσιν,
2941 1459 3139 1512 ὡσανεὶ
3161 1458 3219 1522 ἐξ
3249 1460 3417 1530 ὀργῆς
3438 1460 3531 1514 xui
3555 1461 3726 1531 θυμοῦ

2155 1549 2502 1618 ἐπαγομένας
2531 1549 2918 1606 ὑποτυποῦται.
2959 1546 3124 1604 Τοῦτο
3155 1551 3284 1620 γοῦν
3309 1553 3546 1606 διδάσκει
3573 1556 3666 1606 καὶ
3699 1558 3728 1609 6

2157 1640 2302 1711 ἱερὸς
2330 1641 2649 1704 Ἀπόστολος
2673 1641 2875 1709 λέγων’
2909 1646 3068 1698 Κατὰ
3103 1642 3170 1695 δὲ
3202 1642 3315 1711 τὴν
3341 1647 3729 1714 σκληρότητά

2153 1745 2271 1783 σου
2289 1729 2386 1782 καὶ
2412 1731 2816 1800 ἀμετανόητον
2827 1731 3076 1799 καρδίαν
3091 1734 3458 1801 θησαυρίζεις
3493 1738 3727 1802 σεαυτῷ

480 1813 626 1881 quod
654 1831 840 1870 revera
875 1818 957 1872 lex
991 1818 1068 1872 ira
1093 1831 1146 1873 et
1177 1820 1361 1876 furore
1402 1823 1751 1894 corripiatur,
1786 1825 1881 1881 sed
1902 1828 2045 1897 quod

2149 1822 2335 1890 ὀργὴν
2347 1821 2417 1874 ἐν
2434 1821 2619 1891 ἡμέρᾳ
2635 1821 2815 1892 ὀργῆς
2827 1824 2925 1876 καὶ
2936 1825 3376 1893 ἀποκαλύψεως
3390 1827 3487 1880 καὶ
3504 1827 3726 1882 δικαιο-

482 1905 531 1960 is
554 1907 648 1976 qui
677 1909 1002 1978 supplicium
1031 1913 1153 1974 luit,
1186 1913 1424 1970 inﬂictas
1449 1931 1636 1985 poenas
1667 1934 1766 1987 pro
1796 1920 1875 1973 ira
1913 1920 2048 1989 legis

479 1993 697 2049 habeat.
730 1994 848 2049 Jam
882 2013 1014 2052 vero
1057 2001 1278 2068 maligni
1329 2018 1546 2072 quoque
1595 2003 1909 2068 daemones,
1955 2006 2048 2075 qui

479 2088 866 2156 suppliciorum
898 2091 1077 2160 impiis
1107 2092 1382 2146 illatorum
1407 2095 1641 2150 ministri
1667 2103 1815 2158 sunt,
1835 2111 2048 2151 necnon

477 2179 709 2235 virtutes
745 2180 839 2235 Dci
897 2183 1276 2251 administrze,
1327 2187 1408 2240 ina
1454 2197 1506 2243 et
1557 2189 1710 2244 furor
1760 2199 2044 2245 vocantur.

475 2269 680 2327 Eodem
730 2274 892 2329 modo
943 2275 1010 2330 de
1061 2277 1247 2332 decem
1295 2280 1470 2350 plagis
1515 2290 1705 2336 contra
1760 2282 2047 2354 [Egyptios

476 2361 739 2419 immissis
764 2365 970 2420 dictum
1005 2376 1108 2430 est,
1148 2367 1300 2423 Misit
1341 2372 1396 2424 in
1425 2389 1512 2426 eos
1545 2373 1777 2442 furorem
1806 2384 1856 2427 et
1884 2376 2043 2439 iram,

473 2451 851 2510 immissionem
889 2473 981 2526 per
1011 2460 1221 2529 angelos
1248 2462 1417 2517 malos
1441 2464 1508 2517 ⁸¹.
1550 2463 1644 2520 Sic
1694 2467 1916 2521 dextera
1951 2467 2045 2523 Dei

473 2538 734 2597 dicuntur
784 2545 924 2600 bona
973 2562 1069 2615 per
1109 2549 1364 2604 dexteras
1420 2552 1701 2624 bonasque
1747 2565 2046 2624 potestates

473 2627 653 2699 dignis
684 2634 1119 2689 subministrata.
1155 2635 1438 2708 Supplicat
1482 2642 1665 2712 itaque
1702 2643 1893 2709 David,
1922 2663 1988 2702 ne
2015 2662 2045 2700 a

474 2721 729 2790 malignis
756 2726 1120 2792 potestatibus
1142 2739 1493 2800 coarguatur,
1511 2749 1686 2803 neque
1705 2735 2046 2794 immissione

472 2812 789 2880 angelorum
835 2817 1078 2874 tristium
1131 2822 1505 2891 corripiatur;
1561 2826 1654 2881 sed
1714 2828 2045 2885 salutaribus

425 2969 437 2986 ο
474 2900 676 2965 verbis,
694 2903 1029 2976 utilibusque
1058 2905 1384 2979 disciplinis,
1406 2921 1458 2966 et
1489 2914 1596 2968 alio
1615 2931 1832 2986 quoque
1858 2919 2042 2983 modo,

472 3001 625 3062 rogat
652 3009 720 3048 ne
752 3006 999 3052 servetur
1029 3001 1096 3055 ad
1127 3001 1270 3062 diem
1316 3005 1408 3060 irae
1433 3015 1486 3060 et
1516 3009 1864 3064 revelationis
1907 3010 2044 3080 justi

468 3083 663 3156 judicii
699 3085 816 3154 Dei,
845 3090 936 3144 sed
961 3091 1072 3159 jam
1113 3093 1166 3147 in
1203 3098 1458 3166 praesenti
1497 3099 1604 3153 vita
1631 3109 1684 3153 et
1733 3110 1860 3155 ante
1893 3118 2042 3156 mor-

474 3183 582 3238 tem
613 3186 834 3244 peccata
858 3181 1026 3248 eluat,
1064 3184 1208 3257 quod
1245 3186 1433 3256 utique
1455 3197 1650 3244 nactus
1673 3198 1776 3245 est.
1816 3191 1880 3245 Et
1911 3208 2041 3248 vero

470 3266 685 3326 videtur
710 3285 926 3338 pcenam
971 3273 1207 3344 dedisse,
1241 3292 1338 3346 per
1385 3279 1721 3335 calamitates
1751 3292 1874 3337 ante
1922 3283 2042 3338 obi-

471 3365 584 3418 tum
607 3359 711 3429 ipsi
741 3362 939 3428 illatas,
967 3372 1027 3418 ut
1052 3383 1114 3420 ex
1141 3365 1452 3442 Regnorum
1474 3369 1702 3426 historia
1725 3373 2038 3430 didicimus.

468 3447 588 3511 Alia
632 3466 850 3521 quoque
893 3455 1104 3511 ratione
1137 3457 1205 3513 de
1261 3476 1321 3516 se
1374 3462 1490 3531 ipse
1532 3477 1723 3531 poenas
1765 3467 2038 3536 sumpsit,

467 3536 597 3592 dum
632 3556 690 3596 se
732 3543 786 3595 in
830 3547 998 3599 variis
1039 3548 1405 3612 confessionis
1440 3553 1614 3609 modis
1655 3554 2039 3615 aﬂlictionibus

467 3629 695 3692 dedidit,
727 3631 842 3688 Hoc
877 3643 1036 3703 pacto
1073 3639 1236 3693 etiam
1271 3642 1510 3713 loquitur
1541 3662 1552 3696 :
1592 3642 1649 3697 Si
1677 3646 1806 3714 quid
1846 3663 2038 3718 perpe-

467 3724 630 3787 travi,
655 3740 764 3794 quo
785 3725 982 3796 dignus
1022 3730 1124 3788 sim
1159 3733 1249 3798 qui
1277 3748 1305 3785 a
1335 3733 1522 3792 furore
1546 3751 1782 3805 arguar;
1811 3748 1864 3791 at
1897 3721 2036 3796 resi-

2151 1915 2386 1982 κρισίας
2397 1913 2502 1968 τοῦ
2521 1914 2688 1978 Θεοῦ,
2705 1915 2772 1981 ὃς
2782 1914 3077 1970 ἀποδώσει
3093 1916 3326 1984 ἑκάστῳ
3335 1919 3484 1972 κατὰ
3502 1919 3572 1971 τὰ
3583 1921 3728 1990 ἔργα

2148 2007 2333 2060 αὐτοῦ
2356 2023 2370 2037 ·
2394 2007 2469 2070 ὡς
2499 2006 2551 2058 εί
2579 2023 2662 2068 τις
2698 2008 2790 2060 καὶ
2811 2007 2908 2070 τὰς
2927 2009 2990 2060 ὲκ
3029 2008 3122 2060 τοῦ
3140 2009 3302 2079 νόμου
3320 2010 3394 2080 τῷ
3421 2009 3727 2082 ἀνδροφόνῳ

2149 2096 2532 2165 ὲπηρτημὲνας
2555 2096 2798 2159 κολάσεις
2814 2097 2980 2167 ὀργὴν
3019 2099 3112 2151 xui
3129 2099 3296 2170 θυμὸν
3318 2101 3598 2171 ὀνομάζοι·
3625 2103 3724 2156 οὐκ

2147 2187 2361 2258 άληθῶς
2375 2186 2467 2240 τοῦ
2483 2187 2648 2255 νόμου
2664 2187 3003 2259 θυμουμένου
3034 2191 3127 2243 xui
3151 2191 3526 2263 ὀργιζομένου,
3554 2195 3646 2247 τοῦ
3665 2197 3725 2250 δὲ

2147 2280 2504 2350 κολαζομένου
2527 2281 2694 2352 ὀργὴν
2721 2282 2814 2335 τοῦ
2839 2284 3002 2352 νόμου
3023 2285 3121 2355 τὴν
3147 2287 3415 2356 τιμωρίαν
3436 2288 3726 2359 ὑπειληφό-

2145 2377 2401 2447 τος.Ἤδη
2414 2377 2470 2429 δὲ
2485 2376 2580 2429 xui
2594 2377 2643 2428 οἱ
2662 2375 2758 2438 τὰς
2775 2375 3020 2441 κολάσεις
3041 2378 3442 2450 διακονούμενοι
3459 2368 3604 2434 κατά
3616 2381 3722 2434 τῶν

2145 2469 2354 2522 ἀσεϐῶν
2389 2472 2611 2542 πονηροὶ
2637 2470 2908 2540 δαίμονες,
2941 2471 2999 2523 αἴ
3029 2488 3088 2523 τε
3119 2473 3449 2543 ὑπηρετικαὶ
3464 2473 3723 2544 δυνάμεις

2144 2561 2238 2613 τοῦ
2255 2561 2388 2615 Θεοῦ
2403 2565 2458 2614 αἱ
2474 2562 2691 2626 τοιαίδε,
2704 2563 2839 2634 ὀργὴ
2852 2565 2944 2617 xui
2960 2562 3127 2633 θυμὸς
3145 2563 3721 2636 ὠνομάσθησαν.υῦτω

2145 2651 2274 2719 γοῦν
2322 2652 2536 2723 εἴρηται
2585 2655 2641 2705 ὲν
2683 2653 2758 2723 τῷ
2800 2653 3058 2724 περὶτῆς
3086 2654 3430 2726 δεκαπλήγου
3455 2657 3553 2726 τῆς
3597 2659 3717 2709 κατ’

2144 2741 2455 2809 Αἰγυπτίων
2501 2741 2832 2814 ἐπαχθείσης
2867 2744 3008 2814 λόγῳ
3054 2745 3148 2796 τό·
3199 2745 3584 2799 Ἀπέστειλεν
3626 2745 3717 2797 ἐπ’

2143 2831 2365 2896 αὐτοὺς
2395 2833 2584 2901 θυμόν
2611 2834 2710 2885 καὶ
2736 2833 2940 2903 ὀργὴν,
2957 2834 3315 2902 ἀποστολὴν
3339 2835 3414 2888 δι’
3450 2836 3720 2905 ἀγγέλων

2144 2921 2440 2990 πονηρῶν.
2491 2923 2644 2976 Οὕτω
2688 2922 2836 2988 δεξιὰ
2886 2924 3132 2978 λέλεκται
3191 2925 3326 2978 Θεοῦ
3379 2925 3448 2978 τά
3487 2927 3574 2979 διὰ
3611 2926 3718 2979 τῶν

2143 3012 2330 3079 δεξιῶν
2386 3015 2479 3066 xui
2531 3015 2756 3084 ,ἀγαθῶν
2788 3015 3066 3086 δυνάμεων
3113 3021 3225 3081 τοῖς
3257 3017 3426 3082 ἀξίοις
3456 3018 3719 3090 χορηγού-

2147 3121 2300 3172 μενα.
2360 3104 2609 3166 Ἱκετεύει
2671 3108 2845 3160 τοίνυν
2900 3111 2927 3162 ὁ
2968 3107 3128 3161 Δαυῖδ
3185 3110 3260 3180 μὴ
3314 3109 3402 3162 διά
3464 3110 3717 3181 πονηρῶν

2141 3196 2421 3267 δυνάμεων
2448 3199 2797 3274 ἐλεγχθῆναι,
2835 3203 2969 3273 μηδὲ
3009 3202 3075 3256 δι’
3127 3202 3428 3274 ἀποστολῆς
3469 3203 3718 3270 ἀγγέλων

2144 3288 2483 3366 σκυθρωπῶν
2533 3291 2918 3362 παιδευθῆναι·
2962 3294 3049 3347 διά
3087 3293 3258 3362 λόγων
3309 3294 3366 3346 δὲ
3411 3295 3714 3366 σωτηρίων,

2141 3380 2233 3432 xui
2271 3381 2604 3451 μαθημάτων
2648 3383 2945 3454 ὠφελίμων
2986 3386 3078 3441 xui
3125 3385 3297 3449 ἄλλως
3341 3385 3401 3439 δὲ
3449 3387 3718 3441 ἀντιϐολεῖ

2145 3471 2220 3543 μὴ
2247 3473 2548 3544 τηρηθῆναι
2589 3476 2668 3538 είς
2719 3477 2931 3548 ἡμέραν
2979 3478 3147 3548 ὀργῆς
3181 3479 3273 3532 xui
3319 3478 3717 3548 ἀποκαλύψεως

2143 3564 2237 3616 xui
2284 3564 2678 3637 δικαιοκρισίας
2721 3567 2812 3621 τοῦ
2866 3568 3022 3631 Θεοῦ,
3065 3569 3163 3640 ἤδη
3205 3569 3260 3620 δὲ
3302 3569 3548 3628 ἐντεῦθεν
3575 3570 3716 3624 κατά

2140 3654 2230 3708 τὸν
2264 3657 2504 3725 παρόντα
2535 3658 2650 3728 βίον
2674 3659 2777 3730 πρὸ
2804 3661 2900 3730 τῆς
2931 3655 3187 3730 τελευτῆς
3217 3661 3619 3722 άπολούσασθαι
3647 3664 3716 3716 τὰ

2139 3744 2542 3815 ἁμαρτήματα·
2585 3749 2679 3800 xui
2724 3749 2878 3818 ἐτυχὲ
2930 3767 2990 3818 γε
3035 3749 3128 3802 τοῦ
3181 3751 3404 3805 σκοποῦ.
3461 3752 3716 3805 Φαίνεται

465 3813 686 3888 piscens
717 3831 848 3885 rogo
881 3825 936 3872 ut
973 3834 1002 3871 ει
1033 3821 1218 3885 verbo,
1249 3837 1356 3876 non
1401 3839 1430 3877 a
1479 3824 1662 3887 furore
1707 3843 1938 3899 arguar;
1978 3839 2032 3886 ct

2147 3835 2264 3902 γοῦν
2296 3835 2449 3908 δίκην
2478 3838 2746 3903 δεδωκὼς,
2775 3840 2840 3892 δι’
2865 3833 2938 3900 ὧν
2968 3841 3133 3894 ἔπαθε
3168 3843 3272 3912 πρὸ
3311 3844 3409 3912 τῆς
3436 3843 3713 3912 τελευτῆς,

466 3917 498 3956 a
534 3903 802 3972 doctrina,
832 3925 940 3963 non
975 3911 1042 3966 ab
1070 3912 1148 3965 ira
1176 3915 1461 3985 corripiar.

2132 3926 2207 3990 ὡς
2246 3930 2308 3982 ὲκ
2358 3930 2459 4000 τῆς
2515 3932 2748 4010 ἱστορίας
2797 3933 2902 3986 τῶν
2951 3935 3244 3988 Βασιλειῶν
3293 3935 3710 4006 μεμαθήκαμεν.

466 3994 576 4098 Καὶ
603 3995 775 4060 ἄλλως
836 3999 886 4059 δὲ
935 4003 1094 4065 αὐτὸς
1147 4005 1334 4065 ἑαυτὸν
1389 4010 1707 4080 ἐτιμωρεῖτο
1772 4015 2048 4079 παντοίαις
2109 3994 2426 4075 ὑποϐάλλων
2472 3994 2776 4086 κακώσεσιν
2831 4028 2886 4079 ἐν
2934 4030 3042 4090 τοῖς
3109 4028 3205 4098 τῆς
3265 3994 3704 4098 ἐξομολογήσεως

465 4085 704 4158 τρόποις.
751 4090 858 4191 Ιξαὶ
906 4093 1088 4156 ,ἄλλως
1137 4096 1194 4148 δέ
1234 4114 1428 4167 φησιν·
1459 4103 1506 4152 εί
1563 4103 1873 4173 πέπρακταί
1940 4125 2024 4178 μοι
2061 4113 2299 4167 τοιοῦτον
2361 4117 2446 4185 ἐφ’
2474 4113 2554 4181 οἷς
2603 4119 2747 4185 ἄξιον
2815 4120 2919 4172 ὑπὸ
2982 4085 3714 4191 θυμοῦνέλεγχθῆναί,¹άλλά

464 4189 527 4282 γε
571 4181 922 4282 μετανοῆσας
962 4186 1262 4255 παρακαλῶ
1303 4189 1407 4241 ὑπὸ
1449 4189 1626 4258 λόγου,
1672 4195 1765 4249 xui
1821 4195 1895 4268 μὴ
1949 4193 2051 4251 ὑπὸ
2091 4202 2260 4274 θυμοῦ
2307 4181 2774 4278 έλεζίχθῆναι”καὶ
2829 4209 2934 4264 ὑπὸ
2963 4181 3448 4275 διδᾷσκαλίαέςκάὶ
3483 4211 3558 4282 μὴ
3607 4209 3712 4261 ὑπὸ

463 4265 634 4339 ὀργῆς
670 4274 1035 4345 παιδευθῆναι.

535 4385 703 4443 Vens.
735 4389 786 4444 5.
824 4390 1085 4456 Quoniam
1129 4399 1334 4467 sagitta:
1384 4410 1488 4455 tua:
1524 4404 1702 4471 inﬁxae
1724 4417 1844 4460 sunt
1883 4410 2028 4463 mihi.

2211 4414 2328 4466 Ὅτι
2348 4414 2418 4470 τὰ
2439 4413 2597 4482 βέλη
2636 4429 2750 4468 σου
2790 4413 3172 4483 ὲνεπάγησάν
3209 4433 3328 4484 μοι.
3378 4417 3435 4468 Ὀ
3467 4417 3565 4486 μὲν
3602 4415 3711 4488 γάρ

403 4513 410 4523 ι
465 4479 746 4551 Siquidem
793 4485 994 4542 athleta
1037 4488 1160 4553 Job,
1192 4493 1377 4546 omnia
1427 4498 1790 4552 tentationum
1829 4516 2029 4568 genera

2147 4503 2370 4576 ὶθλητὴς
2413 4505 2550 4571 Ἰὼϐ,
2585 4507 2866 4569 παντοίους
2894 4505 3191 4576 ὑπομείνας
3225 4509 3584 4576 πειρασμοὺς,
3610 4509 3710 4561 οὐκ

462 4587 776 4642 perpessus,
811 4591 920 4630 non
952 4579 1233 4648 ignorabat
1271 4583 1539 4638 undenam
1572 4586 1687 4640 hac
1719 4589 1822 4642 sibi
1849 4592 2032 4644 eveni-

461 4669 605 4729 rent,
653 4679 822 4732 quare
847 4664 1110 4729 dicebat:
1157 4667 1380 4738 Sagittw
1419 4673 1558 4725 enim
1615 4674 1829 4729 Domini
1865 4679 2031 4736 inore

457 4771 571 4814 meo
597 4766 738 4821 sunt,
778 4775 1001 4828 quarum
1034 4761 1116 4814 ira
1135 4778 1303 4814 meum
1331 4765 1488 4817 ebibit
1510 4769 1817 4838 sanguinem
1844 4770 1907 4824 ε’.
1931 4770 2031 4829 0³,-

455 4848 546 4903 vid
579 4857 756 4903 autem
790 4867 898 4905 non
926 4852 981 4906 in
1003 4868 1233 4922 corpore
1262 4857 1424 4910 veluti
1453 4857 1553 4914 Job
1586 4862 1757 4932 plagis
1782 4861 2028 4928 affectus,

2137 4598 2321 4666 ἠγνόει
2357 4597 2517 4651 πόθεν
2547 4599 2693 4670 αὐτῷ
2725 4599 2873 4652 ταῦτ’
2908 4600 3116 4667 ἐγίνετο
3137 4617 3154 4637 °—
3181 4600 3260 4652 διὸ
3300 4599 3510 4667 ἔλεγεν·
3550 4599 3708 4667 Βέλη

2137 4689 2246 4757 γὰρ
2282 4690 2503 4757 Κυρίου
2535 4691 2604 4743 ἐν
2631 4690 2708 4756 τῷ
2736 4693 2985 4759 στόματί
3001 4692 3118 4760 μοῦ
3146 4695 3322 4755 εἰσιν,
3351 4685 3438 4745 ὧν
3461 4696 3493 4745 ό
3523 4694 3708 4761 θυμὸς

2135 4777 2333 4831 αὐτῶν
2389 4779 2616 4832 ἐκπίνει
2658 4798 2776 4848 μου
2816 4780 2882 4832 τὸ
2949 4777 3108 4849 αἷμα.
3158 4783 3214 4834 ’0
3259 4781 3315 4834 δὲ
3356 4782 3619 4845 Audiam-5
3647 4783 3707 4835 τὸ

2138 4867 2296 4937 σῶμα
2322 4868 2547 4939 πληγεὶς
2572 4871 2769 4940 ὁμοίως
2800 4871 2878 4941 τῷ
2917 4871 3054 4936 Ἰὼϐ,
3083 4873 3252 4942 αὐτὴν
3294 4873 3349 4928 δὲ
3395 4873 3494 4945 τὴν
3531 4874 3708 4945 ψυχὴν

457 4939 553 4997 sed
582 4941 633 4995 in
666 4942 783 5011 ipsa
815 4944 994 4999 anima
1035 4947 1179 5000 letali
1204 4949 1430 5004 vulnere
1460 4952 1772 5018 confossus,
1813 4971 1922 5010 non
1955 4958 2030 5012 ait

2147 4958 2352 5028 καιρίαν
2374 4939 2621 5032 τρωθεὶς,
2648 4960 2745 5028 οὐχ
2771 4939 2969 5030 ὁμοίως
2997 4959 3073 5030 τῷ
3113 4939 3229 5014 Ἰὼϐ
3275 4939 3471 5028 φάσκει
3501 4977 3513 4990 ⁸

450 5034 914 5100 quemadmodum
971 5035 1112 5093 Iob:
1148 5038 1369 5110 Sagitta:
1416 5043 1630 5099 Domini
1684 5049 1738 5100 in
1783 5064 1870 5102 ore
1911 5065 2023 5102 meo

2147 5053 2240 5115 rdp
2263 5051 2482 5116 Κυρίου
2511 5050 2580 5102 ἐν
2615 5052 2693 5116 τῷ
2726 5053 2977 5120 στόματί
3015 5069 3132 5121 μου
3161 5052 3362 5105 ἐστίν’
3399 5052 3536 5115 ἀλλ’,
3580 5054 3707 5106 ’Ὅτι

453 5131 612 5186 sunt;
639 5122 735 5178 sed
766 5144 779 5179 :
818 5125 1083 5191 Quoniam
1120 5132 1332 5200 sagittae
1365 5143 1466 5188 tua:
1495 5136 1674 5205 inﬁxa:
1723 5149 1844 5192 sunt
1873 5140 2022 5204 mihi,

2147 5138 2202 5191 rei
2229 5139 2384 5206 βέλη
2417 5154 2532 5194 σου
2576 5142 2959 5212 ὲνεπάγησάν
2994 5162 3114 5212 μοι,
3166 5145 3260 5201 καὶ
3305 5145 3706 5214 ἐπεστήριξας

452 5223 502 5270 et
533 5217 1040 5290 conﬁrmastisuper
1074 5239 1154 5278 me
1193 5242 1404 5279 manum
1434 5238 1598 5280 tuam.
1629 5229 1721 5284 ille
1745 5248 1874 5286 vero
1908 5249 2022 5286 mae

2147 5232 2222 5284 in‘
2251 5231 2355 5300 ἐμὲ
2389 5233 2503 5300 τὴν
2521 5233 2688 5302 χεῖρά
2709 5252 2844 5290 σου.
2882 5236 2939 5289 Ὀ
2965 5235 3021 5288 δὲ
3051 5236 3376 5307 μνημονεύει
3403 5238 3498 5308 τῆς
3525 5241 3704 5308 χειρδς

453 5319 584 5358 num
617 5305 711 5360 Dei
743 5323 1010 5366 memorat
1042 5313 1127 5368 his
1160 5317 1342 5372 verbis
1375 5336 1388 5372 :
1429 5317 1622 5373 Manus
1647 5323 1784 5376 enim
1810 5323 2024 5381 Domini

2147 5324 2336 5395 (υρίου
2365 5325 2536 5394 λέγων
2557 5343 2568 5355 ·
2597 5327 2731 5393 Χείρ
2752 5327 2859 5395 γὰρ
2883 5305 3103 5396 ΚιῬίου
3142 5305 3313 5382 εστὶν
3346 5331 3383 5397 ἠ

451 5404 529 5450 est
559 5413 674 5465 quae
697 5401 865 5470 tetigit
906 5403 1063 5458 me”.
1096 5405 1352 5463 Diabolus
1383 5420 1564 5464 autem
1597 5411 1825 5466 Domino
1841 5414 1977 5468 dixit
2007 5436 2019 5469 :

2147 5432 2263 5468 λου.
2320 5417 2429 5469 Καὶ
2481 5419 2508 5469 ὁ
2553 5417 2792 5481 διάϐολος
2821 5418 2899 5488 τῷ
2923 5421 3131 5490 Κυρίῳ,
3169 5421 3548 5477 Ἀπόστειλον
3587 5417 3703 5487 τὴν

451 5483 607 5540 Mitte
641 5505 852 5545 manum
886 5503 1052 5559 tuam,
1078 5506 1127 5550 et
1153 5507 1304 5568 tange
1330 5503 1505 5555 omnia
1527 5519 1644 5571 qua:
1667 5503 1819 5559 habet
1842 5507 1889 5539 ⁸⁵
1924 5527 1936 5561 ;
1969 5516 2023 5562 et

2147 5509 2295 5578 ίεζοά
2321 5528 2435 5564 σου
2459 5511 2552 5564 καὶ
2583 5511 2730 5579 ἅψαι
2760 5511 3001 5566 πάντων
3037 5507 3123 5565 ὧν
3150 5514 3292 5582 ἔχει,
3326 5514 3529 5583 ἔφασκε
3548 5530 3560 5542 ·
3607 5511 3699 5566 καὶ

452 5591 673 5642 rursum
706 5601 721 5637 ε
753 5582 904 5640 Mitte
934 5605 1151 5646 manum
1199 5601 1345 5646 tuam
1404 5604 1452 5648 et
1481 5604 1633 5667 tange
1661 5614 1872 5652 carnem
1907 5601 2020 5668 ejus

2147 5601 2289 5655 πάλιν
2309 5620 2321 5632 ⁸
2368 5604 2743 5659 Ἀπόστειλον
2766 5603 2878 5672 τὴν
2900 5602 3067 5674 χεῖρά
3105 5622 3239 5670 σου,
3289 5606 3385 5659 καὶ
3415 5604 3560 5673 ἅψαι
3578 5600 3699 5660 τ’ῶύ

522 5734 567 5770 ³ο
605 5734 761 5796 Rom.
803 5757 868 5810 ιι,
906 5744 957 5809 5,
989 5748 1039 5800 6.
1119 5749 1159 5780 ³¹
1204 5748 1347 5806 Psal.
1382 5767 1598 5820 Lxxvn,
1634 5755 1723 5810 49.
1871 5758 1914 5790 θ’
1953 5755 2045 5814 Joh

2161 5797 2178 5824 ι
2209 5758 2262 5813 li.
2340 5759 2384 5791 ⁸³
2419 5759 2520 5817 Job
2557 5776 2687 5823 six,
2723 5760 2812 5815 21.
2911 5762 2960 5794 ⁸⁸
2997 5759 3096 5817 Job
3130 5777 3179 5825 ι,
3220 5762 3304 5817 ii.
