4138 6386
475 352 581 406 345

1161 353 1432 412 EL'SEBII
1471 356 1953 415 CAESARIENSIS
1986 355 2137 414 OPP.
2178 356 2358 412 PARS
2390 357 2479 413 Ill.
2515 390 2581 401 --
2620 357 3029 417 EXEGETICA.

3632 363 3739 413 5M

476 468 679 537 pellare
708 469 981 523 convenit.
1009 470 1275 526 Caeterum
1304 473 1419 529 haec
1456 489 1564 529 non
1602 475 1693 529 uni
1733 482 1924 530 sancto
1946 473 2052 528 Da-

2156 475 2433 547 ἀπεῖργον,
2463 475 2555 528 καὶ
2576 475 2709 529 ὀστᾶ
2740 475 2867 538 τοὺς
2891 474 3030 529 κατὰ
3066 471 3232 546 μέρος
3265 473 3360 527 καὶ
3389 472 3735 544 χρειωδιστάεο

475 559 587 615 vidi
622 560 917 628 contigisse
945 561 1201 626 dicimus,
1234 564 1329 619 sed
1361 566 1525 621 etiam
1551 566 1737 622 multis
1764 568 1886 623 aliis
1910 585 1924 635 ;
1948 567 2057 622 imo

474 664 604 707 vero
635 648 905 721 hodieque
934 652 1145 708 sanctis
1178 654 1312 710 viris
1368 655 1607 725 idipsum
1659 656 1713 711 in
1754 657 2059 712 tentatione

473 742 694 798 accidit.
726 740 859 796 Nam
912 744 1300 816 inexspectata:
1353 747 1676 817 plerumque
1708 748 2057 804 calamitates

470 832 817 898 oboriuntur,
850 842 909 889 ut
943 836 1281 894 tolerabilius
1332 840 1405 895 sit
1446 840 1647 894 bellum
1705 841 1784 895 ab-
1818 840 2059 897 inimicis

472 923 682 978 illatum
710 926 1145 996 propinquorum
1197 928 1423 999 impetu,
1450 945 1589 999 quos
1651 929 1893 985 diximus
1932 945 2058 986 ossa

470 1016 680 1086 tropice
728 1027 947 1077 vocatos
986 1036 1128 1076 esse.
1161 1019 1319 1087 Quod
1372 1022 1418 1077 si
1457 1023 1572 1078 haac
1618 1024 1877 1078 omnibus
1909 1037 2059 1076 com-

468 1109 680 1172 munia,
716 1112 1027 1167 communis
1074 1112 1333 1167 oumibus
1396 1129 1528 1171 sane
1590 1112 1755 1167 fuerit
1785 1113 2057 1168 orationis

467 1201 690 1257 modus.
729 1201 968 1259 Cuilibet
992 1220 1228 1275 namque
1259 1206 1657 1260 tentationibus
1691 1206 1960 1275 impetito,
1994 1220 2058 1260 ac

466 1291 709 1358 defesso,
743 1295 1096 1366 cupientique
1140 1297 1596 1367 tranquillitatem
1629 1312 1659 1351 a
1708 1296 1816 1351 Deo
1843 1297 2058 1352 obtine-

469 1398 549 1447 re,
586 1384 703 1439 haec
741 1388 986 1455 precatio
1011 1388 1292 1451 convenit.
2060 1384 2061 1387 “

538 1475 703 1534 Vens.
756 1478 791 1532 5
824 1508 852 1519 -
902 1480 988 1536 12.
1045 1480 1311 1547 Quoniam
1354 1481 1658 1551 iniquitates
1703 1497 1831 1535 mete
1873 1495 2058 1548 super-

464 1588 660 1642 gressa:
714 1580 835 1625 sunt
874 1582 1029 1640 caput
1071 1590 1261 1637 meum,
1299 1574 1435 1628 sicut
1490 1592 1622 1629 onus
1667 1591 1821 1645 grave
1854 1591 2049 1645 grava-

2158 579 2282 626 τους
2319 563 2551 634 μάλιστα
2580 563 2780 632 λέγειν.
2831 562 2979 634 Πλὴν
2999 562 3120 633 οὐχὶ
3153 562 3300 633 μόνῳ
3330 561 3502 615 ταῦτα
3527 561 3737 634 συμϐῆ-

2158 655 2246 708 ναί
2280 672 2460 725 φαμεν
2499 654 2577 726 τῷ
2612 655 2887 725 θεσπεσίῳ
2919 653 3100 718 Δαυῖδ,
3142 653 3276 708 ἀλλὰ
3314 652 3424 725 γὰρ
3460 654 3551 707 καὶ
3586 653 3737 706 πλεί-

2160 764 2300 812 στοις
2327 749 2559 820 ἑτέρως’
2586 747 2786 819 μᾶλλον
2807 747 2863 801 δὲ
2887 749 2980 801 καὶ
3008 748 3087 812 εἰς
3106 745 3263 819 δεῦρο
3291 746 3586 818 πράττεται
3615 762 3738 798 πει-

2162 839 2473 911 ραζομένων
2503 839 2689 908 ἁγίων.
2750 839 3027 910 Ἀδόκητοι
3074 837 3183 911 γὰρ
3224 837 3569 908 περιστάσεις
3608 838 3738 890 dwa-

2160 931 2380 1003 φύονται
2428 932 2709 997 πολλάκις,
2766 932 2905 986 ὥστε
2952 931 3412 1003 δυσφορητότερον
3458 926 3597 983 εἶναι
3641 929 3735 983 τοῦ

2158 1024 2286 1094 παρ’
2314 1022 2524 1098 ἐχθρῶν
2553 1024 2789 1094 πολέμου
2813 1023 2913 1087 τὰς
2936 1023 3043 1076 τῶν
3074 1022 3291 1075 οἰκείων
3317 1021 3733 1085 ἐπαναστάσεις,

2156 1114 2249 1177 οὓς
2275 1116 2368 1168 καὶ
2392 1116 2525 1167 ὀστᾶ
2542 1132 2722 1187 φαμεν
2743 1114 3057 1185 ὠνομάσθαι
3079 1112 3373 1189 τροπικῶς.
3396 1111 3533 1165 Εἰδέ
3564 1111 3735 1165 ἅπασι

2155 1207 2327 1261 ταῦτα
2360 1208 2532 1272 κοινὰ,
2562 1209 2736 1271 κοινὸς
2767 1207 2832 1263 ἂν
2869 1208 2952 1279 εἴη
2989 1207 3204 1262 πάντων
3237 1206 3336 1276 τῆς
3369 1204 3676 1275 προσευχῆς
3707 1204 3736 1256 ὁ

2154 1300 2372 1369 τρόπος.
2388 1301 2555 1353 Παντὶ
2570 1300 2677 1373 γὰρ
2695 1300 2922 1371 ἁρμόζει
2942 1300 3169 1371 πειραξο
3177 1297 3318 1368 μένῳ
3342 1299 3435 1350 καὶ
3451 1297 3732 1366 κάμνοντι,

2154 1390 2459 1464 γλιχομένῳ
2486 1409 2544 1446 τε
2578 1394 2758 1462 τυχεῖν
2793 1392 3129 1463 ἡμερότητος
3157 1391 3255 1461 τῆς
3281 1389 3430 1463 παρὰ
3454 1387 3610 1441 Θεοῦ.

2229 1484 2356 1537 Ὅτι
2406 1487 2466 1538 ai
2517 1485 2754 1553 ἀνομίαι
2797 1502 2916 1554 μου
2955 1482 3262 1551 ὑπερῆραν
3310 1483 3424 1545 τὴν
3462 1480 3736 1550 κεφαλήν

2149 1595 2270 1647 μου
2290 1621 2305 1645 ,
2362 1577 2507 1631 ὠσεί
2534 1598 2537 1601 ν
2562 1579 2810 1647 φορτίον
2833 1576 2994 1647 ,ϐαρὺ
3033 1577 3452 1644 ἐϐαρύνθησαν
3475 1575 3567 1628 ἐπ’
3607 1573 3731 1642 ἐμέ.

466 1674 536 1718 ta:
592 1673 715 1719 sunt
770 1680 926 1734 super
983 1682 1084 1720 me.
1147 1665 1473 1721 Putruerunt
1536 1679 1587 1721 et
1637 1674 1897 1735 corrupta:
1935 1674 2054 1720 sunt

2156 1669 2549 1740 Προσώζεσαν
2576 1671 2675 1725 καὶ
2713 1669 3035 1737 ὲσάπησαν
3070 1672 3131 1723 ὀί
3150 1666 3439 1737 μώλωπές
3466 1684 3603 1736 μου.
3636 1666 3735 1720 Διὰ

465 1757 739 1812 cicatrices
785 1773 932 1814 meaz.
974 1757 1072 1813 llis
1103 1757 1385 1819 docemur.
1418 1774 1486 1813 ne
1526 1759 1669 1813 mala
1708 1759 2051 1813 occultemus

2156 1761 2363 1818 τούτων
2424 1763 2663 1821 διδάσκει
2718 1764 2867 1835 ἡμᾶς
2922 1764 2950 1816 ὁ
2990 1762 3168 1830 λόγος,
3216 1760 3292 1831 μὴ
3351 1759 3614 1831 κρύπτειν
3663 1758 3732 1814 τὰ

465 1857 798 1911 nostra,neu
825 1858 1043 1919 peccata
1063 1865 1161 1905 ceu
1179 1851 1465 1920 quemdam
1491 1851 1761 1921 nigrorem
1791 1861 1842 1905 et
1866 1865 2052 1905 corru-

2159 1857 2366 1911 ἐαυτῶν
2400 1856 2565 1923 κακὰ,
2614 1857 2734 1928 μηδ’
2774 1856 2962 1927 ὥσπερ
3001 1855 3121 1909 τινὰ
3173 1854 3427 1926 μελανίαν
3453 1855 3545 1906 καὶ
3572 1852 3734 1923 σῆψιν

464 1946 705 2016 ptionem
728 1944 783 1999 in
798 1944 991 1998 intimo
1007 1944 1202 1997 animae
1232 1942 1645 1998 concludamus.
1671 1942 1804 2000 Tota
1822 1944 1907 1998 die
1928 1960 2055 1998 con-

466 2042 711 2093 tristatus
745 2038 1099 2109 ingrediebar,
1130 2040 1378 2109 quoniam
1396 2042 1575 2094 anima
1601 2057 1716 2093 mea
1745 2042 1961 2110 impleta
1976 2050 2053 2096 est

464 2129 806 2185 illusionibus
832 2129 1188 2183 illudentium.
1225 2129 1315 2183 Sic
1339 2145 1503 2200 porro
1533 2130 1974 2200 intelligaszcum
1998 2132 2052 2187 in

463 2221 623 2277 titulo
651 2220 1014 2292 signiﬁcasset
1031 2223 1299 2291 psalmum
1320 2222 1372 2276 in
1391 2226 1879 2278 rememorationem
1906 2240 2049 2291 esse,

460 2309 585 2384 jure
612 2311 742 2365 illuc
773 2311 1093 2375 remittitur,
1132 2318 1187 2366 et
1217 2326 1340 2381 quae
1371 2313 1477 2367 sibi
1500 2313 1611 2382 jam
1642 2314 1770 2368 olim
1803 2316 2042 2384 contige-

463 2411 589 2456 rant
620 2402 836 2473 repetit.
864 2402 1029 2458 Docet
1058 2404 1185 2459 item
1209 2405 1427 2473 qualem
1458 2405 1510 2459 in
1534 2407 1901 2463 conditionem
1927 2416 2054 2479 post

464 2492 680 2561 lapsum
710 2492 1230 2562 peccati'devenerit
1259 2513 1271 2547 :
1298 2511 1404 2564 qua
1428 2495 1494 2551 de
1517 2511 1685 2551 causa
1710 2507 1877 2552 totam
1907 2500 2051 2554 hanc

463 2583 870 2640 confessionem
916 2585 1049 2639 edit.
1094 2583 1149 2639 In
1189 2586 1304 2641 hazc
1351 2588 1556 2653 omnia,
1602 2590 1799 2658 inquit,
1855 2592 2047 2657 incidi,

464 2672 595 2743 quia
627 2672 863 2742 quodam
893 2679 1161 2744 tempore,
1195 2673 1301 2729 Cor
1332 2693 1505 2731 meum
1533 2679 1906 2733 conturbatum
1945 2690 2045 2746 est,

463 2773 513 2820 et
566 2762 843 2833 dereliquit
892 2781 973 2819 me
1019 2768 1185 2820 virtus
1236 2784 1387 2833 mea,
1444 2778 1495 2823 et
1548 2770 1724 2824 tamen
1772 2772 2045 2826 oculorum

2157 1948 2297 2002 κατὰ
2342 1947 2538 2019 βάθους
2576 1947 2677 2017 τῆς
2728 1947 2905 2018 ψυχῆς
2947 1947 3190 2020 συνέχειν
3248 1946 3315 1999 τὰ
3340 1945 3731 2016 ἁμαρτήματα.

2158 2042 2353 2109 Ὅλην
2401 2041 2515 2108 τὴν
2560 2040 2790 2109 ἡμέραν
2841 2037 3276 2107 σκυθρωπάζων
3327 2036 3731 2104 ἐπορευόμην,

2154 2131 2244 2186 ὅτι
2270 2134 2308 2200 ή
2337 2132 2507 2201 ψυχή
2537 2149 2655 2201 μου
2688 2129 3034 2197 ἐνεπλήσθη
3067 2125 3411 2199 ἐμπαιγμῶν
3430 2123 3737 2195 ἐμπαιζόν-

2152 2240 2291 2279 των.
2325 2225 2558 2294 Νοήσεις
2586 2223 2644 2275 δέ
2689 2222 2783 2275 καὶ
2816 2220 3009 2284 οὕτως,
3048 2219 3634 2291 προεπισημηνάμενος
3666 2215 3734 2290 ,ἐν

2151 2316 2217 2384 τῇ
2253 2316 2568 2385 προγραφῇ,
2600 2313 2673 2377 ὡς
2724 2312 2832 2383 ἄρα
2873 2312 2956 2381 εἴη
2991 2314 3078 2376 είς
3108 2309 3467 2379 ἀνάμνησιν,
3511 2307 3736 2371 εἰκότως

2152 2401 2631 2472 ἀναπεμπάζεται,
2695 2404 2789 2454 καὶ
2832 2401 2898 2453 τὰ
2928 2400 3095 2453 πάλαι
3142 2397 3291 2468 αῦτῴ
3350 2395 3734 2468 συμϐεϐηκότα

2152 2492 2616 2567 ἐπαναλαμϐάνει.
2676 2492 2924 2545 Διδάσκει
2961 2507 3021 2542 τε
3065 2492 3121 2542 ἐν
3168 2483 3249 2552 οἷς
3276 2489 3487 2556 γέγονε,
3530 2485 3607 2556 τῷ
3635 2485 3736 2554 τῆς

2152 2587 2424 2658 ἁμαρτίας
2450 2586 2645 2656 ὁλίσθῳ
2675 2578 3083 2657 περιπεσὼν,οὗ
3117 2582 3275 2654 χάριν
3309 2581 3403 2634 καὶ
3428 2580 3525 2650 τὴν
3555 2580 3735 2631 πᾶσαν

2152 2680 2384 2731 ποιεῖται
2406 2677 2812 2747 ἐξομολόγησιν.
2837 2678 2930 2740 Εἰς
2957 2675 3128 2728 ταῦτα
3151 2674 3257 2746 γὰρ
3274 2674 3449 2729 πάντα
3480 2670 3732 2743 ἐλήλυθα,

2152 2769 2337 2839 φησὶν,
2375 2770 2676 2843 ἐπειδήπερ
2724 2768 2900 2839 καιρῷ
2945 2786 3050 2821 τινι
3107 2768 3167 2822 Ἠ
3200 2765 3413 2835 καρδία
3446 2782 3565 2834 μου
3604 2765 3739 2817 ἐτα-

465 2872 700 2911 meorum
746 2866 795 2909 et
836 2857 1011 2926 ipsum
1053 2874 1157 2911 non
1196 2869 1311 2914 erat
1373 2877 1594 2917 mecum.
1658 2861 1792 2917 Nam
1838 2867 2048 2934 peccati

2156 2861 2360 2930 ράχθη,
2402 2862 2499 2915 καὶ
2544 2859 2927 2931 ἐγκατέλειπέ
2961 2877 3038 2929 με
3070 2861 3107 2927 ἡ
3144 2860 3321 2927 ἰσχύς
3357 2875 3499 2927 μου,
3535 2857 3629 2909 καί
3667 2854 3734 2909 τὸ

466 2958 711 3019 tempore
739 2948 823 3002 vis
862 2964 979 3003 mea
1012 2949 1349 3016 intelligendi
1394 2967 1498 3006 nou
1536 2968 1755 3023 parvam
1790 2971 2050 3026 perpessa

466 3049 557 3097 est
584 3038 988 3105 confusionem,
1022 3042 1281 3114 perplexa
1325 3051 1378 3097 et
1412 3045 1708 3100 obscurata
1752 3049 1820 3103 ab
1850 3065 1917 3104 eo
1955 3052 2051 3120 qui

467 3134 679 3209 peccati
720 3134 851 3189 mihi
905 3143 1097 3190 auctor
1147 3135 1342 3190 fuerat.
1403 3136 1557 3193 Tunc
1611 3141 1813 3213 quippe
1848 3144 2048 3199 dereli-

466 3225 589 3295 quit
617 3240 743 3280 eum
773 3226 949 3280 virtus
988 3226 1111 3296 ejus
1138 3247 1150 3282 :
1178 3244 1288 3283 non
1323 3229 1466 3283 ultra
1493 3231 1638 3285 enim
1674 3233 1858 3290 dicere
1894 3245 2048 3306 pote-

465 3324 573 3380 rat,
610 3315 804 3372 Omnia
837 3332 1049 3386 possunt
1084 3320 1137 3373 in
1176 3322 1345 3391 coqui
1378 3338 1459 3375 me
1488 3323 1843 3393 confortat”,
1873 3327 2051 3384 victus

466 3409 678 3465 scilicet
727 3425 758 3465 a
809 3419 961 3465 motu
1005 3412 1194 3477 animi,
1252 3428 1315 3467 ac
1360 3414 1572 3471 viribus
1619 3416 1938 3473 destitutus.
1985 3416 2054 3476 Et

463 3514 597 3554 vero
628 3499 775 3554 aliud
821 3501 1103 3571 quidpiam
1156 3501 1289 3555 mihi
1318 3518 1581 3573 pergrave
1630 3505 1873 3561 oblatum
1920 3517 2047 3567 est:

464 3608 593 3652 nam
625 3593 799 3648 lumen
840 3596 1113 3649 oculorum
1155 3612 1409 3659 meorum,
1439 3595 1514 3667 (id
1543 3605 1663 3651 erat
1700 3599 2054 3669 propheticus

465 3687 712 3759 spiritus,
732 3688 826 3757 qui
857 3688 1051 3742 anima:
1071 3687 1190 3756 ejus
1218 3688 1393 3742 visum
1426 3689 1781 3757 illustrabat),
1806 3702 1854 3745 et
1882 3692 2053 3759 ipsum

464 3794 573 3837 non
619 3787 733 3832 erat
778 3795 980 3833 mecum
1004 3795 1022 3832 :
1054 3794 1143 3833 me
1168 3779 1369 3849 quippe
1413 3780 1731 3850 reliquerat,
1779 3797 1842 3836 ac
1870 3800 2053 3838 reces-

467 3879 644 3939 serat;
677 3873 804 3942 quia
846 3874 901 3926 in
936 3873 1248 3927 malevolam
1283 3873 1519 3927 animam
1553 3891 1656 3928 non
1687 3876 1929 3930 introibit
1963 3895 2055 3931 sa-

464 3965 683 4032 pientia,
744 3981 836 4018 nec
871 3964 1129 4018 habitabit
1173 3966 1223 4018 in
1278 3981 1496 4034 corpore
1552 3966 1761 4021 subdito
1800 3971 2050 4036 peccatis.

468 4057 700 4126 Spiritus
746 4059 885 4114 enim
927 4068 1143 4111 sanctus
1183 4056 1479 4126 disciplina:
1523 4059 1737 4129 e/fugiet
1767 4059 1969 4124 dolum,
2004 4071 2055 4115 et

468 4152 671 4221 auferet
699 4168 751 4205 se
781 4168 811 4204 a
839 4151 1246 4221 cogitationibus
1274 4168 1391 4222 qua:
1413 4161 1537 4205 sunt
1562 4154 1675 4206 sine
1697 4154 2053 4209 intellectu”.

467 4245 584 4299 Imo
612 4244 776 4299 etiam
815 4245 909 4313 qui
942 4252 1103 4300 antea
1142 4244 1307 4298 amici
1335 4252 1390 4299 et
1434 4248 1671 4315 proximi
1718 4248 1837 4317 ejus
1870 4258 2050 4311 erant,

469 4336 565 4408 qui
593 4351 718 4389 cum
746 4335 865 4405 ipso
889 4336 1039 4389 omni
1066 4343 1315 4407 tempore
1348 4336 1640 4407 degebant,
1675 4354 1740 4393 eo
1770 4340 1962 4394 relicto
1990 4342 2055 4395 de

466 4428 621 4498 longe
663 4435 943 4494 steterunt,
995 4442 1117 4482 cum
1152 4429 1445 4497 nequirent
1491 4430 1634 4483 ultra
1685 4430 1788 4499 ipsi
1822 4430 2048 4498 adesse;

468 4521 564 4579 sed
606 4520 817 4591 procul,
856 4519 1002 4575 illam
1048 4520 1207 4575 amici
1262 4522 1345 4575 sui
1395 4522 1760 4577 calamitatem
1794 4523 2048 4593 deplora-
2082 4551 2125 4606 ο

464 4613 619 4668 baut.
647 4611 881 4678 Quinam
906 4610 1006 4675 illi,
1046 4611 1154 4665 nisi
1186 4613 1279 4682 qui
1317 4628 1491 4682 nuper
1517 4612 1585 4667 de
1620 4614 1779 4669 bonis
1812 4615 1933 4683 ejus
1958 4618 2049 4670 lae-

467 4705 749 4768 tabantur,
780 4702 1034 4760 videlicet
1067 4705 1245 4775 angeli
1270 4705 1397 4759 boni
1437 4720 1500 4759 ac
1531 4706 1767 4760 ministri
1812 4706 1927 4770 Dei,
1955 4710 2053 4779 qui.

468 4798 536 4853 de
575 4797 859 4852 hominum
913 4798 1089 4853 salute
1128 4813 1237 4851 una
1283 4797 1519 4868 gaudere
1572 4799 1790 4852 solent?
1838 4800 2051 4865 Quibus

468 4890 662 4961 procul
708 4905 796 4945 me
843 4890 1064 4960 positis,
1121 4890 1212 4943 alii
1257 4890 1481 4960 quidam
1512 4893 1721 4961 peccati
1772 4902 2049 4961 auctores,

468 4997 642 5060 prope
682 4989 893 5037 stantes
935 4984 1042 5037 vim
1083 4981 1357 5038 faciebant
1399 4991 1454 5037 et
1508 4985 1703 5042 animae
1752 4988 2052 5045 illudcbant

470 5090 622 5130 mete.
659 5073 725 5128 lii
755 5090 992 5145 namque
1020 5075 1151 5129 olim
1202 5076 1453 5131 sitientes
1487 5078 1808 5147 sanguinem
1845 5097 2051 5148 meum,

471 5175 634 5237 atque
680 5182 710 5222 a
753 5167 930 5237 longis
978 5176 1130 5224 retro
1158 5170 1497 5238 temporibus
1538 5182 1893 5243 peroptantes
1942 5178 2057 5232 rui-

468 5274 598 5319 nam
618 5258 805 5314 videre
834 5275 1035 5323 meam,
1066 5261 1225 5330 quasi
1250 5262 1713 5330 opportunitatem
1737 5267 1904 5326 nacti,
1928 5281 2054 5320 cum

470 5352 721 5407 viderent
761 5353 1018 5409 virtutem
1064 5367 1241 5408 meam
1295 5370 1383 5410 me
1434 5355 1820 5425 dereliquisse,
1865 5366 1919 5413 et
1970 5359 2055 5417 lu~

470 5456 596 5496 men
646 5443 931 5497 oculorum
979 5458 1227 5499 meorum
1270 5459 1301 5498 a
1350 5460 1437 5500 me
1476 5446 1791 5510 recessisse,
1838 5448 2048 5503 amicos

471 5548 691 5604 quoque
730 5542 785 5590 et
816 5536 1096 5605 proximos
1145 5538 1306 5606 longe
1352 5547 1614 5602 remotos,
1646 5539 1936 5593 confestim
1982 5541 2058 5593 ir-

475 5633 702 5682 ruentes
729 5628 841 5685 vim
875 5628 1149 5685 faciebant
1180 5631 1376 5685 anima:
1420 5646 1590 5697 mea);
1628 5645 1692 5687 ac
1723 5638 1911 5703 utpote
1950 5647 2060 5689 ma-

550 5808 596 5839 "
633 5805 868 5877 Philipp.
905 5825 978 5875 iv,
1017 5807 1101 5877 l3.
1177 5809 1222 5843 9‘
1263 5806 1389 5881 Sap.
1431 5827 1483 5879 ι,
1517 5811 1569 5878 ι,
1604 5810 1657 5866 5.

2151 2952 2276 3021 φῶς
2296 2954 2413 3007 τῶν
2429 2952 2755 3023 ὀφθαλμῶν
2767 2972 2909 3024 μου,
2936 2954 3029 3005 καί
3044 2952 3189 3006 αὐτὸ
3212 2953 3323 3005 οὐκ
3337 2948 3415 3021 ἦν
3423 2950 3549 3020 μετ’
3565 2947 3732 3018 ἐμοῦ.

2152 3047 2309 3100 Κατὰ
2347 3047 2456 3119 γὰρ
2487 3048 2576 3103 τὸν
2610 3048 2708 3118 τῆς
2746 3046 3018 3119 ἁμαρτίας
3071 3045 3260 3117 καιρὸν
3298 3046 3357 3098 οὐ
3390 3043 3592 3115 μικρὰν
3635 3043 3738 3094 ὑπ-

2152 3138 2366 3210 έμεινεν
2397 3137 2563 3192 αὐτοῦ
2590 3139 2832 3212 ταραχὴν
2854 3139 2914 3191 τὸ
2943 3137 3304 3208 διανοητικὸν,
3342 3134 3608 3209 συγχυθὲν
3642 3135 3738 3188 καὶ

2156 3232 2428 3291 σκοτωθέν
2455 3232 2561 3284 ὑπὸ
2582 3231 2675 3284 τοῦ
2706 3231 2803 3304 τὴν
2836 3230 3108 3301 ἁμαρτίαν
3140 3228 3507 3300 ἐνεργοῦντος,
3542 3227 3616 3290 ὡς
3644 3233 3738 3281 και

2154 3329 2233 3390 εἱς
2256 3325 2566 3399 ἀφροσύνην
2607 3326 2791 3377 πεσεῖν
2826 3325 2920 3379 καὶ
2960 3323 3217 3393 πράττειν
3235 3320 3545 3392 ἀφροσύνης
3580 3320 3734 3391 ἔργα.

2156 3418 2289 3472 Τότε
2318 3418 2374 3471 δέ
2400 3418 2495 3474 καὶ
2520 3415 2907 3485 ἐγκατέλειπεν
2941 3415 3101 3471 αὐτὸν
3127 3415 3159 3485 ὴ
3195 3414 3346 3484 ἰσχὺς
3383 3411 3579 3465 αὐτοῦ’
3611 3413 3739 3465 οὑκ-ν

2154 3509 2233 3562 ἑτι
2256 3508 2365 3580 γὰρ
2401 3503 2512 3572 οἷός
2536 3526 2595 3560 τε
2611 3504 2678 3579 ἦν
2708 3507 2886 3575 λέγειν
2905 3524 2918 3536 ⁸
2945 3505 3147 3561 Πάντα
3169 3506 3357 3573 ἰσχύω
3376 3505 3446 3558 ἐν
3461 3503 3539 3569 τῷ
3567 3504 3740 3557 ἐνδυ-

2152 3601 2442 3670 ναμοῦντί
2461 3617 2559 3670 με,
2593 3599 2836 3671 νικηθεὶς
2867 3598 2970 3653 ὑπὸ
2998 3597 3090 3651 τοῦ
3120 3596 3323 3660 πάθους
3363 3597 3454 3650 καί
3484 3596 3740 3665 ἐξατονή-

2155 3707 2273 3754 σας.
2297 3692 2405 3749 Καὶ
2437 3689 2563 3747 ἄλλο
2590 3690 2646 3743 δέ
2680 3707 2755 3751 τι,
2781 3688 2932 3757 φησί,
2961 3687 3195 3763 χαλεπὸν
3225 3687 3349 3758 περὶ
3381 3685 3478 3755 ἐμὲ
3510 3685 3701 3754 γέγονε
3722 3701 3736 3715 ⁸

2160 3783 2231 3837 Τὸ
2284 3783 2392 3854 γὰρ
2451 3781 2574 3853 φῶς
2604 3781 2721 3835 τῶν
2754 3779 3078 3850 ὀφθαλμῶν
3102 3797 3222 3849 μου
3273 3777 3450 3847 (τοῦτο
3484 3777 3542 3829 δὲ
3579 3773 3646 3847 ἦν
3680 3775 3742 3829 τὸ

2154 3876 2490 3949 προφητικὸν
2516 3876 2752 3947 πνεῦμα,
2779 3874 2842 3927 τὸ
2864 3872 3095 3943 φωτίζον
3116 3872 3278 3927 αὑτοῦ
3304 3872 3405 3941 τῆς
3435 3870 3610 3943 ψυχῆς
3643 3869 3741 3940 τὴν

2153 3972 2359 4041 ὅρασιν)
2396 3970 2492 4024 καὶ
2534 3969 2679 4024 αὐτὸ
2730 3970 2840 4022 οὐκ
2879 3964 2958 4039 ἦν
2975 3968 3101 4037 μετ’
3126 3965 3293 4034 ἐμοῦ,
3320 3964 3649 4033 καταλεῖψάν
3672 3978 3738 4032 με

2154 4066 2247 4120 καὶ
2273 4062 2665 4133 ἁναχωρῆσαν·
2694 4060 2814 4114 ἐπεὶ
2841 4062 2930 4127 είς
2957 4062 3332 4129 κακότεχνον
3371 4056 3584 4126 ψυχὴν
3629 4058 3740 4109 οὐκ

2153 4158 2562 4212 εἰσελεύσεται
2598 4157 2818 4225 σοφία·
2849 4152 2994 4208 οὐδὲ
3028 4151 3375 4218 κατοικήσει
3420 4152 3490 4204 ἐν
3513 4149 3741 4219 σώματι

2153 4248 2456 4318 κατάχρεῳ
2490 4248 2832 4317 ἁμαρτίαις*
2867 4245 3036 4315 ἅγιον
3065 4248 3172 4315 γὰρ
3197 4244 3440 4313 Πνεῦμα
3471 4242 3741 4307 παιδείας

2152 4343 2435 4412 φεύξεται
2467 4341 2672 4407 δόλον,
2716 4340 2814 4395 καὶ
2857 4337 3356 4404 άπαναστήσεται
3402 4338 3518 4392 ἀπὸ
3579 4340 3740 4405 λογι-

2153 4433 2325 4502 σμῶν
2357 4430 2689 4486 ἀσυνέτων.
2732 4429 2894 4489 Ἀλλὰ
2922 4430 3016 4483 καὶ
3043 4430 3091 4481 οἱ
3115 4429 3380 4501 πρότερον
3403 4427 3567 4480 αὑτοῦ
3598 4427 3740 4495 φίλοι

2154 4527 2247 4578 καί
2308 4523 2535 4595 πλησίον
2575 4522 2761 4585 αὐτοῦ,
2811 4524 2861 4576 οἰ
2906 4521 2997 4574 τὸν
3031 4520 3324 4591 σύμπαντα
3366 4519 3557 4591 χρόνον
3592 4516 3740 4587 αὐτῷ

2159 4618 2429 4681 συνόντες,
2461 4616 2717 4677 ἐάσαντες
2740 4614 2901 4668 αὐτὸν
2924 4613 3226 4682 μακρόθεν
3247 4613 3539 4678 ἔστησαν,
3564 4607 3738 4664 οὐκέτ’

2158 4710 2307 4781 αὐτῷ
2340 4711 2576 4763 συνεῖναι
2602 4706 2908 4776 δυνάμενοι,
2953 4705 3231 4780 πόρρωθεν
3260 4705 3317 4761 δὲ
3343 4703 3741 4772 ἀποκλᾳόμενοι

2158 4803 2233 4866 ὡς
2257 4802 2457 4855 οἰκείου
2485 4799 2638 4870 φίλου
2670 4798 2977 4869 συμφοράν.
3015 4797 3170 4861 Τίνες
3192 4797 3235 4850 δ’
3262 4792 3399 4867 ἦσαν
3437 4791 3582 4849 οὗτοι
3628 4794 3740 4848 ἀλλ’

2159 4895 2192 4966 ἢ
2241 4896 2290 4947 οἱ
2331 4894 2424 4947 ἐπὶ
2473 4897 2586 4957 τοῖς
2642 4891 2925 4964 προτέροις
2954 4890 3180 4959 ἀγαθοῖς
3221 4889 3387 4943 αὐτοῦ
3436 4888 3740 4959 χαίροντες,

2160 4987 2379 5055 ἄγγελοι
2418 4987 2619 5057 δηλαδὴ
2648 4984 2844 5054 ἀγαθοὶ
2876 4983 2971 5039 καὶ
3004 4984 3306 5055 λειτουργοὶ
3339 4981 3497 5047 Θεοῦ,
3534 4983 3599 5052 τῇ
3635 4980 3743 5033 τῶν

2162 5078 2465 5149 ἀνθρώπων
2518 5079 2834 5151 συγχαίρειν
2881 5077 3132 5139 εἰωθότες
3172 5075 3456 5147 σωτηρίᾳ;
3506 5068 3607 5127 *Ων
3638 5090 3744 5143 μα-

2163 5171 2301 5243 κράν
2332 5189 2432 5242 μου
2463 5172 2788 5242 γενομένων,
2817 5171 2965 5226 ἄλλοι
2993 5170 3137 5233 τινὲς
3162 5171 3261 5241 τὴν
3299 5166 3575 5243 ἁμαρτίαν
3601 5167 3747 5237 ἐνερ-

2163 5262 2408 5332 γοῦντες,
2437 5264 2662 5335 πλησίον
2692 5280 2792 5333 μου
2824 5263 3125 5333 γενόμενοι,
3163 5259 3502 5325 ἐξεϐιάζοντο
3534 5257 3744 5327 καὶτῆς

2162 5356 2300 5426 ἐμῆς
2327 5355 2504 5426 ψυχῆς
2553 5353 2902 5418 κατέπαιζον.
2945 5352 3116 5406 Πάλαι
3143 5351 3252 5422 γὰρ
3290 5342 3434 5403 οὗτοι
3487 5346 3746 5416 διψῶντες

2160 5447 2253 5502 τοῦ
2278 5448 2409 5519 ἐμοῦ
2432 5448 2677 5518 αἵματος,
2718 5447 2813 5499 καὶ
2846 5448 2909 5498 ἐκ
2955 5443 3180 5516 μακρῶν
3222 5442 3429 5514 χρόνων
3464 5438 3745 5508 εὐχόμενοι

2164 5538 2461 5593 θεάσασθαί
2497 5556 2596 5609 μου
2621 5537 2718 5608 τὴν
2750 5535 2975 5599 πτῶσιν,
2992 5535 3190 5589 ὡσανεί
3218 5531 3410 5603 καιροῦ
3434 5529 3743 5600 λαϐόμενοι,

2166 5632 2256 5691 ὅτε
2298 5628 2437 5689 εἰδον
2493 5629 2928 5688 καταλείπουσαν
2968 5645 3034 5700 με
3064 5628 3166 5701 τὴν
3198 5627 3372 5698 ἰσχὺν,
3408 5624 3504 5679 καὶ
3542 5622 3605 5676 τὸ
3633 5618 3747 5689 φῶς
